4058 6350
89 319 195 432 Ilii?
1361 369 1878 432 DEORATIONE.
2146 440 2150 444 ι
3047 376 3175 434 1198

602 485 841 539 ΚΕΦΑΛ.
881 487 1010 539 PM’.
1598 491 1642 544 Α

1598 491 1642 544 Α
2226 480 2442 536 CAPUT
2471 481 2617 537 CXL.

136 593 216 661 Μὴ
253 577 513 663 παραιτοῦ
557 595 675 656 τοὺς
718 596 963 661 κναφεϊς·
991 596 1037 647 εί
1067 594 1170 663 γὰρ
1202 595 1291 648 καὶ
1322 593 1571 646 τύπτουσι
1646 644 1650 648 ,
1734 588 1738 640 Ε

1646 644 1650 648 _
1734 585 1808 642 No
1841 601 2057 656 respuas
2088 587 2343 650 fullones;
2373 591 2563 642 etenim
2597 605 2638 642 sI
2661 593 3029 646 conculcantes
3061 595 3177 662 pul-

85 681 372 743 πατοῦντες,
404 684 491 734 καὶ
522 683 776 744 τείνοντες
811 683 1063 746 ξαίνουσι,
1093 681 1223 734 ἀλλά
1256 699 1316 748 γε
1341 680 1424 732 διά
1453 681 1572 732 τού·
1667 690 1687 730 ε

1667 684 1804 740 sent,
1841 685 1893 729 et
1921 677 2294 729 contendentes
2345 680 2661 743 earntinent;
2701 689 2925 732 attamen
2961 697 3052 749 per
3083 685 3180 735 ista

82 789 170 823 των
189 770 412 840 λαμπρά
437 775 470 840 ἡ
504 772 748 840 αἴσθησίς
774 788 864 823 σου
891 772 1112 837 γίνεται.
1669 779 1684 818 ε

948 788 1112 824 νεται.
1669 778 1857 818 sensus
1895 773 2014 817 tuus
2037 766 2335 832 splendidus
2359 767 2548 818 evadit.

591 903 828 955 ΚΕΦΑΛ.
870 904 1042 954 PMA'.

1029 940 1042 954 ,
2213 891 2432 946 CAPUT
2458 893 2627 947 cxu.

150 1012 256 1077 Ἐφ’
286 1014 404 1063 ὅσον
431 1013 526 1062 οὐκ
556 1013 803 1074 ἀπετάξω
831 1016 941 1073 τοῖς
977 1011 1217 1074 πάθεσιν,
1254 1012 1366 1064 ἀλλ’
1393 1014 1420 1064 ὀ
1451 1011 1572 1072 νοῦς
1737 1000 1752 1060 1

1737 999 1974 1064 Qttandiu
2021 1017 2122 1053 non
2161 1003 2544 1056 renuntiaveris
2587 1005 2939 1070 passionibus,
2976 1005 3064 1058 sed
3099 1015 3181 1058 tua

85 1117 161 1150 σου
192 1101 514 1152 ἐναντιοῦται
547 1104 610 1170 τῇ
637 1103 830 1170 ἀρετῇ.
861 1103 952 1152 καὶ
1074 1102 1323 1170 ἀληθείᾳ,
1361 1104 1457 1170 οὐχ
1486 1103 1573 1153 εὑ-
1672 1105 1687 1140 ί

1672 1104 1817 1142 mens
1856 1092 2031 1143 virtuti
2075 1093 2408 1154 adversetur,
2462 1102 2512 1146 et
2564 1094 2800 1156 veritati,
2859 1108 3182 1161 nequaquam

86 1189 248 1256 ρήσεις
274 1189 465 1249 εὑῶδες
493 1189 731 1256 θυμίαμα
763 1192 817 1240 ἐν
843 1190 914 1255 τῷ
943 1189 1121 1258 κόλπῳ
1154 1206 1267 1240 σου.
1672 1179 1686 1228 ί

1672 1179 1907 1232 invenies
1936 1179 2215 1233 beneolens
2246 1181 2296 1231 in
2335 1181 2451 1233 sinu
2488 1190 2575 1232 tuo
2611 1180 2987 1234 sufﬁmentum.

594 1316 832 1368 ΚΕΦΑΛ.
872 1317 1044 1370 PMB’.
2110 1310 2196 1378 50

2110 1310 2264 1378 509
2296 1309 2516 1363 CAPUT
2553 1309 2748 1363 CXLII.

137 1420 529 1488 Προσεύξασθαι
563 1422 768 1483 ποθεῖς;
803 1423 1068 1489 μεταστὰς
1107 1421 1212 1473 τῶν
1250 1422 1475 1484 ἐνθένδε,
1513 1421 1574 1475 τὺ
1737 1441 1739 1456 ε

1737 1421 1899 1489 (lupis
1947 1420 2128 1474 orare?
2159 1421 2520 1474 transferendo
2568 1433 2616 1473 te
2661 1422 2801 1482 hinc,
2835 1423 3189 1474 conversatio-

83 1510 378 1576 πολίτευμα,
429 1511 512 1577 ἔχε
555 1513 610 1560 ὲν
651 1511 890 1577 οὐρανοῖς
928 1510 1012 1561 διὰ
1057 1509 1287 1574 παντὸς,
1332 1511 1392 1562 ού
1435 1510 1575 1578 λόγῳ
1671 1524 1685 1561 l

1671 1523 1788 1562 nem
1814 1512 2010 1578 jugiter
2035 1511 2086 1563 in
2117 1512 2265 1565 caelis
2310 1511 2460 1573 habe,
2505 1524 2608 1562 non
2639 1510 2780 1561 nudo
2810 1511 2969 1563 verbo
2995 1511 3191 1578 simpli-

83 1595 243 1656 ἁπλῶς
298 1597 462 1665 ψιλῷ,
518 1598 646 1648 ἀλλὰ
705 1599 898 1667 πράξει
947 1597 1200 1668 ἁγγελικῇ
1252 1601 1343 1652 καὶ
1381 1598 1573 1666 γνώσει
1671 1615 1685 1650 ι

1484 1615 1573 1651 »σει
1671 1598 1820 1660 citer,
1849 1599 1939 1651 sed
1967 1607 2084 1650 actu
2125 1598 2375 1666 angelico,
2416 1608 2466 1650 et
2488 1599 2742 1652 diviniore
2771 1599 3086 1665 cognitione.

84 1686 229 1738 θειοτέ
239 1704 324 1756 pq.

591 1817 829 1868 ΚΕΦΑΛ.
869 1817 1044 1870 PMI".
1604 1798 1644 1850 Β

1604 1798 1644 1850 Β
2195 1815 2413 1869 CAPUT
2445 1814 2665 1868 CXLIII.

141 1922 194 1973 Εἰ
241 1923 394 1989 μόνον
434 1915 752 1993 δυσπραγῶν
798 1924 1146 1991 μνημονεύεις
1193 1923 1286 1974 τοῦ
1337 1924 1573 1992 Κριτοῦ,

1745 1922 1800 1975 Si
1833 1929 2034 1974 tantum
2082 1923 2316 1976 adversis
2357 1924 2408 1975 in
2457 1922 2613 1974 rebus
2653 1920 2944 1974 recorderis
2974 1920 3191 1984 Judicis,

83 2008 142 2068 ὡς
170 2009 404 2077 φοϐερὸς,
435 2012 527 2062 καὶ
553 2011 838 2070 ἀδέκαστος
877 2013 1098 2079 ζοπάρχει
1117 2048 1130 2069 ,
1161 2010 1366 2060 οὐδέπω
1401 2012 1576 2077 μεμά-
1675 2028 1685 2060 ι

1675 2025 1830 2076 quam
1863 2011 2129 2073 terribilis,
2171 2019 2223 2064 et
2248 2010 2400 2064 donis
2457 2010 2790 2074 incorruptus
2819 2011 3053 2071 exsistat,
3092 2025 3193 2063 non

85 2097 234 2163 Θηκας
264 2097 526 2150 δουλεύειν
569 2102 753 2167 Κυςζιηγ
794 2101 850 2150 ὲν
889 2099 1062 2167 δρόσῳ,
1098 2099 1188 2150 καὶ
1232 2097 1576 2164 ἀγαλλιᾶσθαι
1676 2113 1687 2149 ι

1676 2098 1844 2151 adhuc
1894 2100 2118 2153 didicisti
2153 2100 2350 2153 servire
2397 2098 2619 2151 Domino
2672 2100 2724 2152 in
2781 2100 2999 2162 timore,
3045 2100 3198 2166 eique

84 2185 210 2252 αὐτῷ
240 2191 295 2238 εν
321 2188 522 2256 τρόμῳ.
557 2188 665 2239 ἰσθ
719 2190 774 2250 ’τί
845 2237 854 2248 ,
895 2191 972 2238 οτι
1017 2188 1114 2238 κάν
1144 2188 1259 2246 ταῖς
1285 2203 1577 2251 πνευματι-
1675 2202 1686 2240 ι

1675 2189 1937 2241 exsultare
1967 2191 2020 2240 in
2054 2198 2280 2242 tremore
2299 2189 2364 2241 ".
2402 2187 2543 2240 Scito
2573 2188 2750 2255 igitur,
2783 2188 2922 2254 quod
2957 2189 3011 2239 in
3041 2189 3198 2254 spiri-

85 2277 189 2335 καῖς
216 2276 462 2337 ἀνέσεσι,
517 2278 608 2327 καὶ
633 2279 881 2344 είιιμιλίτις
925 2277 1118 2344 μᾶλλον
1160 2276 1270 2344 μετ’
1301 2275 1577 2335 εύλασείας
1675 2284 1687 2326 t

1675 2277 1900 2329 tualibus
1931 2278 2362 2340 recreationibus,
2393 2291 2452 2328 ac
2483 2277 2651 2342 epulis
2677 2276 2862 2342 majori
2895 2291 3010 2327 cum
3043 2277 3198 2328 devo-

85 2363 166 2414 καὶ
194 2364 364 2427 αἰδοῦς
382 2366 470 2426 ,δεῖ
498 2351 772 2435 λατρεύειν
799 2366 960 2433 αὐτῷ.
1679 2373 1687 2412 1

1679 2363 1818 2415 tione
1845 2373 1896 2415 et
1925 2365 2214 2416 reverentia
2239 2375 2442 2431 oportet
2477 2365 2644 2431 ipsum
2682 2364 2853 2416 colere
2881 2372 2933 2414 et
2961 2363 3198 2415 adorare.

589 2495 832 2546 ΚΕΦΑΔ.
876 2491 1045 2548 ΡΜΔ’.

2209 2491 2426 2547 CAPUT
2459 2492 2679 2546 CXLIV.

154 2601 498 2669 Ἐπιγνώμων
523 2601 658 2668 ἀνὴρ
681 2638 695 2663 ,
738 2605 766 2652 ὁ
810 2603 884 2669 μὴ
928 2603 1031 2670 πρὸ
1056 2604 1152 2669 τῆς
1181 2602 1388 2664 τελείας
1422 2619 1581 2670 μετα·
1743 2602 1756 2652 ξ

1743 2601 1967 2666 Sapiens
2005 2603 2083 2656 vir
2128 2615 2208 2655 est
2255 2612 2307 2655 et
2348 2604 2730 2664 consideratus,
2787 2601 2876 2667 qui
2920 2609 3039 2652 ante
3084 2616 3200 2667 per-

89 2690 215 2750 νοίας
240 2692 593 2757 ἀνασχόμενος
623 2691 718 2758 τῆς
743 2689 968 2741 ἑλλύπου
1015 2690 1199 2756 μνείας
1233 2685 1339 2741 τῶν
1369 2693 1578 2742 οἰκείων
1676 2689 1691 2740 Ι

1676 2689 1863 2741 fectant
1900 2691 2258 2762 ptenitentiant
2304 2706 2406 2742 non
2445 2691 2650 2744 desistit
2683 2707 2711 2741 a
2744 2692 2995 2742 memoria
3024 2691 3203 2743 dolore

89 2777 496 2845 ἁμαρτημάτων,
527 2777 737 2846 καὶτῆς
770 2778 826 2828 ὲν
865 2777 992 2843 πυρὶ
1026 2776 1221 2844 αίωνίῳ
1259 2777 1442 2846 δίκης,
1481 2779 1578 2846 τῆς
1676 2790 1691 2827 ε

1676 2775 1862 2830 aﬂecta
1925 2791 2140 2829 suorum
2197 2787 2566 2844 peccatorum,
2638 2788 2689 2831 et
2745 2762 3098 2832 damnationis
3151 2781 3200 2832 in

89 2868 269 2918 τούτων
306 2866 656 2936 εἰσπράξεως.
1676 2881 1691 2917 ε

1676 2874 1874 2919 aeterno
1906 2867 2026 2934 igne
2055 2881 2148 2933 pro
2180 2867 2387 2919 illorum
2428 2869 2832 2934 perpetratione.

596 2995 837 3046 ΚΕΦΑΛ.
875 2997 1052 3048 PME'.
2046 2975 2053 2985 “

2046 2975 2053 2985 “
2221 2993 2442 3049 CAPUT
2466 2994 2662 3049 οχον.

152 3101 207 3152 Ὅ
230 3104 285 3153 ἐν
308 3101 596 3170 ἁμαρτίαις
636 3088 944 3170 ὲνεχᾶμενος
967 3143 981 3168 ,
1030 3104 1123 3156 καὶ
1153 3109 1576 3176 παροργισμοῖς,
1606 3084 1646 3138 C
1747 3110 1754 3144 i

1606 3084 1646 3138 ε
1747 3100 1847 3164 Qui
1880 3104 2106 3169 peccatis
2150 3102 2412 3155 detinetur
2431 3114 2481 3155 et
2507 3103 2947 3158 concitationibus
2972 3105 3032 3158 ad
3052 3105 3202 3168 iram,

88 3191 165 3241 nl
189 3190 391 3258 τολμῶν
419 3191 639 3252 ἀναιδῶς
662 3191 988 3244 ὲκτείνεσθαι
1011 3192 1140 3261 πρὸς
1169 3194 1364 3260 γνῶσιν
1391 3196 1581 3248 θειοτέο
1678 3203 1690 3242 t

1678 3190 1941 3256 audetque
1981 3191 2305 3257 impudenter
2342 3193 2405 3242 ad
2462 3206 2637 3243 rerum
2683 3193 2996 3244 divinioI'um
3030 3195 3205 3261 cogni-

91 3295 180 3343 ρων
207 3279 552 3348 πραγμάτων,
583 3279 613 3347 ἢ
642 3279 732 3331 καὶ
754 3280 914 3332 ἀΰλου
945 3281 1387 3350 κατεπεμὸαίνων
1418 3299 1581 3352 προσ-
1681 3286 1693 3328 l

1681 3277 1876 3329 tionem
1910 3293 2024 3331 sese
2077 3280 2376 3338 extendere,
2404 3287 2496 3338 aut
2524 3280 2678 3330 etiam
2717 3278 2778 3330 ad
2815 3280 3202 3332 inInIaterialenI

89 3367 246 3434 ευχῆς,
282 3363 427 3427 οὗτος
455 3367 685 3435 δεχέσθω
724 3368 782 3420 τὸ
813 3367 1154 3419 ἀποστολικὺν
1184 3368 1469 3435 ἐπιτίμιον,
1504 3369 1578 3430 ὡς
1678 3379 1691 3415 ε

1678 3366 1960 3416 ascendere
2006 3367 2330 3426 orationem,
2397 3366 2650 3429 suscipiat
2718 3366 2804 3416 ille
2865 3360 3203 3431 apestolicam

89 3455 172 3505 οὐκ
198 3456 336 3506 ἔστιν
362 3456 633 3508 ἀκίνδυνον
664 3451 906 3522 noxque
925 3456 1133 3520 γυμνῇ,
1169 3454 1257 3504 καὶ
1286 3454 1577 3522 ἀκαλύπτῳ
1678 3467 1691 3502 ι

1678 3465 1976 3515 censuram,
2008 3453 2145 3519 quod
2179 3454 2425 3504 nimirum
2472 3467 2552 3505 res
2587 3469 2686 3505 I-on
2714 3454 2823 3506 sine
2851 3455 3079 3520 periculo
3108 3466 3203 3518 est,

90 3544 269 3613 κεφαλῇ
326 3543 727 3612 προσεύχεσθαι.
779 3561 796 3591 ι
844 3542 1068 3608 Ὀφείλει
1119 3542 1257 3611 γὰρ,
1309 3543 1486 3610 φησὶν,
1544 3546 1575 3612 ἡ
1678 3554 1690 3589 ¹

1678 3539 1838 3602 nudo,
1864 3556 1958 3592 nec
1989 3542 2172 3608 operto
2191 3542 2358 3609 capite
2379 3556 2529 3593 orare
2561 3559 2573 3594 :
2605 3560 2621 3590 ι
2648 3542 2805 3594 Debet
2829 3544 2987 3598 enim.
3019 3545 3204 3611 inquil,

89 3632 284 3699 τοιαύτη
339 3631 474 3684 κατὰ
519 3630 754 3698 κεφαλῆς
803 3630 1047 3694 ἐξουσίαν
1105 3630 1265 3698 ἔχειν,
1316 3631 1400 3684 διὰ
1457 3633 1579 3695 τοὺς
1681 3628 1691 3682 i

1681 3628 1782 3682 ista
1823 3639 2131 3696 potestatem
2171 3632 2359 3684 habere
2401 3647 2556 3700 super
2604 3642 2758 3699 caput
2809 3641 3018 3699 propter
3053 3651 3210 3699 angi--

91 3720 370 3784 ἐφεστῶτας
414 3719 728 3786 ἀγγέλους,›
766 3718 913 3780 αἰδὼ,
961 3719 1051 3771 καὶ
1098 3721 1581 3792 ταπεινοφροσύνην
1677 3718 1692 3772 1

1677 3718 1756 3774 los
1777 3718 1824 3750 “
1852 3729 2104 3782 astantes,
2145 3723 2388 3786 pudorem
2420 3731 2574 3786 atque
2609 3721 2950 3773 humilitatem
2980 3723 3199 3773 cirrnm-

92 3810 440 3875 προσήκουσαν
473 3806 914 3877 περιϐαλλομένη.
1677 3809 1693 3861 i

701 3806 914 3876 λομένη.
1677 3808 1859 3864 induta
1890 3821 1985 3860 con
1997 3809 2303 3859 venientem.

588 3955 828 4006 κΕφΑΑ.
868 3957 1058 4022 PItIq'.
2111 3951 2190 4019 5]

2111 3951 2265 4019 διο
2301 3949 2520 4004 CAPUT
2553 3951 2771 4006 CXLVI.

147 4062 338 4130 Ὠσπερ
377 4061 747 4132 ὀφθαλμιῶντα
801 4067 898 4119 οὐκ
947 4053 1198 4136 ὀνήσειὴ
1247 4069 1303 4120 ἒν
1344 4069 1580 4140 σταθηρᾷ
1743 4073 1749 4107 ⁴

1743 4061 2198 4128 Quemadmodum
2249 4062 2577 4130 lippientem.
2619 4064 2726 4116 sive
2763 4063 2929 4116 oculis
2965 4066 3203 4119 laborum

93 4151 411 4220 μεσημϐρίᾳ,
461 4152 551 4203 καὶ
599 4155 920 4224 σφοδροτάτῃ
963 4157 1271 4225 φρυκτωρία
1312 4159 1578 4224 ἀκατάλη-
1679 4157 1695 4201 ι

1679 4157 1782 4202 tem
1826 4150 2040 4202 minime
2067 4150 2271 4217 juvabit
2300 4160 2540 4218 aspectus
2572 4153 2714 4212 solis,
2752 4153 2839 4220 qui
2880 4154 3070 4219 percipi
3100 4170 3199 4206 non

90 4253 232 4297 πτος,
263 4240 352 4290 καὶ
397 4241 750 4307 ὲπιτεταμένη
796 4242 886 4292 τοῦ
919 4243 1062 4309 ἡλίου
1094 4243 1220 4305 θέα,
1257 4242 1426 4305 οὕτως
1465 4246 1579 4296 ούδὲ
1679 4253 1692 4304 |

1679 4245 1865 4304 potest,
1900 4247 1950 4289 et
1977 4238 2206 4290 intentus
2242 4248 2341 4301 est,
2385 4254 2503 4291 cmn
2550 4241 2602 4289 in
2644 4239 2839 4292 fervida
2874 4244 3110 4304 meridie,
3153 4253 3202 4294 et

88 4323 161 4373 τὴν
205 4325 418 4393 ἐμπαθῆ
443 4366 458 4388 ,
493 4328 581 4377 καὶ
612 4328 911 4395 ἀκάθαρτον
955 4329 1094 4393 νοῦν,
1140 4331 1171 4398 ἡ
1202 4329 1297 4398 τῆς
1329 4333 1386 4382 έν
1423 4333 1578 4382 πνεύ·
1612 4370 1650 4420 D
1682 4342 1690 4370 ¹

1612 4370 1650 4420 D
1682 4327 2135 4378 vehementissima
2175 4327 2550 4379 illuminationc
2589 4328 2900 4393 resplendet,
2924 4331 2994 4381 ita
3038 4346 3202 4398 neque

93 4426 200 4475 ματι
223 4452 236 4475 ,
270 4413 360 4463 καὶ
403 4413 626 4483 ἀληθείᾳ
669 4414 926 4483 φοϐερᾶς,
958 4417 1048 4466 καὶ
1077 4416 1378 4484 ὑπερφυοῦς
1413 4434 1577 4487 προσ·
1612 4413 1642 4420 ⁷
1678 4429 1695 4479 ῐ

1612 4413 1642 4420 ⁷
1678 4413 2013 4479 passionibus
2062 4414 2414 4479 inquinatam,
2471 4415 2832 4483 impuramqne
2881 4429 3103 4470 mentem
3144 4421 3203 4472 il-

90 4503 227 4568 ευχῆς
268 4501 606 4564 ἀνατύπωσις
655 4504 922 4564 παντελῶς
979 4506 1253 4573 ὀνήσειεν,
1308 4505 1442 4557 ἀλλὰ
1494 4506 1581 4556 καὶ
1676 4516 1692 4567 ε

1676 4501 2181 4570 guratiotrcmendm
2217 4516 2277 4552 ac
2305 4502 2609 4554 excellentis
2646 4505 2901 4557 orationis
2927 4507 2975 4557 in
3017 4508 3200 4572 spiritu

89 4586 368 4640 τούναντίον
421 4588 550 4658 πρὸς
596 4589 959 4661 ἀγανάκτησιν
1005 4592 1125 4645 καθ’
1159 4591 1344 4645 ἑαυτοῦ
1388 4594 1582 4662 ἐγείρει
1676 4601 1691 4638 ε

1676 4594 1728 4638 et
1774 4587 1993 4638 veritate
2037 4588 2297 4641 ullatenus
2341 4589 2570 4656 juvabit,
2632 4593 2720 4643 sed
2774 4601 2825 4644 et
2863 4608 2891 4644 e
2920 4603 3094 4646 contra
3147 4594 3197 4644 in

91 4673 139 4721 τὸ
171 4676 334 4730 Θεῖον.
521 4734 528 4740 _
1678 4675 1900 4743 seipsam
1940 4677 2111 4743 potius
2161 4677 2396 4729 divinum
2431 4681 2621 4732 excitat
2653 4697 2864 4735 numen.

594 4812 837 4863 ΚΕΦΑΛ.
878 4812 1050 4864 ΡΜΖ’.
2187 4816 2196 4860 ί

2187 4811 2405 4865 CAPUT
2455 4812 2690 4865 CXLVII.

146 4910 203 4963 El
229 4913 314 4964 τδν
347 4911 481 4979 μετὰ
510 4914 676 4982 δώρου
711 4891 1063 4986 προσελθδντα
1101 4918 1188 4968 ἐπὶ
1217 4916 1274 4968 τὸ
1303 4916 1572 4985 θυσιαστή-

1749 4917 1801 4971 Si
1836 4934 1952 4971 eum
2002 4920 2093 4986 qui
2144 4935 2260 4973 cum
2325 4921 2462 4973 dono
2500 4922 2752 4987 processit
2803 4919 2866 4971 ad
2900 4920 3060 4974 altare
3097 4918 3196 4974 n'on

95 5011 188 5063 ριον
209 4998 301 5049 ούκ
333 4996 562 5061 ἐδέξατο,
586 5001 613 5049 ὁ
640 5001 906 5070 ἀνενδεὴς,
934 5003 1024 5053 καὶ
1051 5001 1334 5060 ἀδέκαστος
1363 5001 1464 5059 ἓως
1488 4998 1579 5049 τοῦ
1677 5021 1697 5058 ε

1677 5009 1906 5075 suscepit
1953 5007 1997 5059 is
2043 5008 2131 5074 qui
2176 5009 2315 5060 nulla
2355 5021 2467 5075 eget
2501 5023 2574 5068 re,
2619 5008 2874 5075 donisque
2915 5020 2994 5062 est
3026 5011 3196 5063 incor-

92 5081 412 5151 διαλλαγῆναι
470 5084 545 5151 τῷ
601 5085 818 5149 πλησίον
877 5088 1188 5157 λυπουμένῳ
1240 5087 1369 5159 πρὸς
1403 5086 1580 5150 αὑτὸν,
1677 5112 1694 5148 ι

1677 5109 1880 5164 ruptus,
1922 5097 2091 5148 donec
2122 5099 2487 5150 reconcitiatus
2515 5096 2672 5148 fuerit
2707 5097 2851 5152 fratri
2882 5115 2978 5152 suo
3008 5102 3191 5152 adver-

95 5171 253 5225 σκόπει
287 5173 453 5240 πόσης
491 5171 726 5239 φυλακῆς
775 5174 866 5223 καὶ
909 5175 1224 5243 διακρίσεως
1265 5175 1414 5243 χρεία
1439 5212 1453 5235 ,
1497 5173 1581 5224 ἵνα
1684 5202 1697 5237 ε

1684 5201 1774 5237 sus
1834 5187 2001 5250 ipsum
2060 5184 2252 5235 dolenti
2285 5186 2364 5246 ⁹⁵,
2420 5187 2635 5250 (liSpiee,
2691 5199 2883 5254 quanta
2931 5201 3060 5251 opus
3131 5188 3198 5238 sit

93 5259 448 5330 εὐπρόσδεκτον
485 5263 657 5331 δῶμεν
698 5263 769 5331 τῷ
800 5263 912 5332 Θεῷ
941 5265 1187 5335 θυμίαμα
1231 5268 1283 5317 ὲν
1307 5264 1382 5333 τῷ
1411 5265 1580 5333 νοτ,τῷ
1683 5288 1695 5322 ε

1683 5272 2015 5324 observantia
2049 5282 2099 5324 et
2137 5274 2471 5337 discretione,
2507 5285 2561 5326 ut
2592 5277 2640 5326 in
2685 5273 3016 5327 Intellectuali
3047 5273 3199 5326 altari
3283 5262 3285 5265 ’

94 5347 446 5422 θυσιαστηρέῳ.
1683 5374 1696 5411 ε

1683 5357 2034 5411 sutt'nncntum
2078 5361 2181 5414 Deo
2206 5362 2336 5416 bene
2368 5346 2682 5431 acceptabile
2698 5361 2997 5421 oneramus.

150 5524 189 5555 "
245 5526 386 5582 Psal.
423 5543 480 5590 ιι,
516 5525 594 5578 Η.
668 5525 761 5576 "l
798 5525 916 5577 Cor.
948 5525 1118 5588 ΠΛΟ.
1177 5523 1220 5556 ’⁸
1249 5525 1438 5580 Matth.
1493 5542 1541 5586 ν,
1571 5528 1658 5590 25,
1698 5525 1783 5578 Si.
