4058 6350
1518 278 1571 288 γυψλ

178 374 284 436 120]

1145 382 1239 440 DE
1276 381 1639 443 MALIGNIS
1675 383 2322 450 COGITATIONIBUS.

3181 393 3313 456 19.02

168 488 607 565 τιτρωσκομένους
637 492 982 562 διαδέχονται.
1014 496 1126 549 Οὐκ
1154 497 1266 551 ἔστι
1292 497 1397 567 γὰρ
1420 498 1670 566 ἐμπεσεῖν

1779 499 1831 551 in
1854 515 2042 555 manus
2071 504 2290 571 spiritus
2319 504 2705 571 fornicationis,
2744 506 2833 576 qui
2865 519 2968 559 non
3002 505 3251 560 ceciderit
3286 524 3313 557 ιι

168 581 239 642 είς
268 581 449 647 χεῖρας
477 580 570 633 τοῦ
593 581 896 651 πνεύματος
921 586 1017 653 τῆς
1044 588 1314 659 πορνείας,
1356 590 1429 663 μὴ
1455 589 1559 642 ὑπὸ
1583 592 1682 658 τῆς

168 670 585 737 γαστριμαργίας
612 672 1017 727 καταπεσόντα·
1050 677 1141 728 καὶ
1168 678 1265 729 οὐκ
1293 677 1407 730 ἐστι
1450 678 1683 748 ταράξαι

169 758 349 827 θυμὸν,
383 760 457 828 μὴ
486 760 624 829 ὑπὲρ
679 759 976 830 βρωμάτων
1019 765 1053 834 ἢ
1097 766 1428 835 χρημάτων»
1460 768 1493 838 ἢ
1523 758 1682 839 δόξητέ

168 849 358 914 ἀλόγων
381 849 682 919 ἐπιθυμιῶν
710 854 1012 922 μαχόμενον
1029 869 1043 883 '
1090 857 1181 909 καὶ
1204 856 1303 910 οὒκ
1332 856 1442 910 ἔστι
1470 859 1561 911 τὸν
1586 859 1681 927 τῆς

166 940 325 1011 λύπης
368 940 594 1010 δαίμονα
636 942 935 1013 διαφυγεῖν,
981 945 1181 999 τούτων
1228 948 1445 1002 πάντων
1490 967 1683 1021 στερη-

166 1029 308 1082 θέντα
332 1069 348 1091 ,
382 1029 415 1099 ἢ
448 1030 525 1101 μὴ
566 1031 855 1103 δυνηθέντα
897 1037 1104 1104 τυχεῖνο
1156 1036 1276 1090 οὐδὲ
1321 1039 1682 1109 ἀποφεύξεται

163 1118 249 1187 τὴν
278 1119 651 1188 ὑπερηφανίαν
679 1139 763 1181 τις
782 1162 798 1189 ,
838 1123 898 1176 τδ
941 1124 1153 1195 πρῶτον
1179 1128 1420 1197 γέννημα
1446 1130 1538 1181 τοῦ
1567 1130 1680 1184 δια-

163 1207 302 1259 δόλου
325 1246 341 1272 ,
379 1208 453 1277 μὴ
483 1208 583 1279 τὴν
609 1211 718 1263 τῶν
747 1211 929 1266 κακῶν
980 1215 1191 1269 πάντων
1233 1218 1385 1285 ῥίζαν
1435 1220 1681 1290 ὲξορίσας

162 1295 526 1363 φιλαργυρίαν,
555 1296 713 1367 εἴπερ
736 1299 829 1350 καὶ
852 1300 1010 1353 πενία
1038 1301 1205 1371 ἄνδρα
1231 1308 1512 1371 ταπεινοῖ,
1542 1307 1679 1361 κατὰ

159 1383 240 1434 τὸν
276 1384 434 1450 σοφὸν
458 1384 822 1454 Σολομῶντα·
865 1390 961 1442 καὶ
1003 1389 1298 1463 συλλήϐδην
1343 1396 1547 1458 εἰπεῖν,
1580 1398 1677 1449 οὐκ

159 1473 290 1523 ἔστιν
320 1472 603 1543 ἄνθρωπον
645 1479 958 1544 περιπεσεῖν
1000 1478 1251 1549 δαίμονι,
1300 1483 1373 1552 μὴ
1417 1486 1676 1555 πρότερον

159 1560 239 1611 ὑπ’
274 1560 492 1614 ικείνων
534 1562 638 1614 τῶν
674 1567 1065 1633 πρωτοστατῶν
1114 1572 1557 1639 κατατρωθέντα,
1596 1575 1676 1627 διὸ

158 1650 239 1700 καὶ
265 1651 386 1712 τοὺς
410 1653 557 1721 τρεῖς
603 1651 824 1716 τούτους
863 1654 1151 1725 λογισμοὺς
1196 1660 1224 1709 6
1268 1659 1509 1722 διάϐολος
1556 1662 1672 1715 τότε

154 1740 223 1809 τῷ
268 1741 472 1810 Σωτῆρι
521 1745 853 1813 προσήγαγε.
900 1746 1117 1815 Πρῶτον
1169 1748 1266 1817 μὲν
1311 1752 1433 1812 τοὺς
1471 1750 1669 1817 λίθους,

1779 580 1967 646 spiritu
2014 584 2150 651 gul-re
2199 585 2468 653 devictus;
2510 604 2608 644 nec
2648 588 2899 657 possibile
2944 596 3043 651 est,
3079 596 3138 639 ιιι
3180 586 3313 639 iram

1776 681 2135 736 commoveat,
2166 674 2258 743 qui
2288 691 2393 730 non
2422 677 2697 732 contendit
2734 686 2802 731 et-
2816 678 3019 729 rixatur
3053 689 3150 744 pro
3190 674 3316 727 edu~

1775 756 1881 819 liis,
1908 768 1999 812 aut
2028 764 2289 829 pecuniis,
2338 774 2432 818 aut
2462 767 2643 835 gloriae
2679 765 3071 820 irrationalibus
3108 762 3315 831 cupidi-

1775 847 2003 913 tatibus;
2047 865 2146 905 nec
2190 853 2348 906 etiam
2396 854 2506 908 ﬁeri
2550 866 2741 925 potest,
2772 867 2828 910 ut
2852 856 3141 909 dmmonem
3181 851 3311 911 effn-

1775 937 1883 1006 giat
1906 938 2153 1004 tristitiae,
2187 942 2277 1010 qui
2299 943 2552 998 omnibus
2582 946 2729 1001 hisce
2759 947 2916 1000 fuerit
2938 947 3192 1014 privatus,
3215 957 3307 998 aut

1778 1022 1867 1075 illa
1903 1027 2116 1094 assequi
2147 1029 2470 1096 nequiverit;
2502 1044 2600 1085 nec
2628 1032 2749 1100 quis
2777 1033 2963 1087 evadet
2990 1034 3311 1100 superbiam,

1776 1124 1896 1177 qua-
1943 1112 2320 1178 primum‘fuit
2367 1131 2585 1185 germen
2629 1118 2847 1183 diaboli,
2894 1121 2995 1173 nisi
3052 1120 3311 1172 malorum

1775 1198 2013 1252 omnium
2050 1201 2277 1255 radicem
2307 1205 2759 1270 exterminaverit,
2791 1206 3089 1260 avaritiam.
3128 1205 3313 1275 Siqui-

1774 1287 1894 1340 dem
1951 1299 2003 1342 et
2032 1299 2314 1358 paupertas
2343 1292 2514 1347 virum
2570 1294 2842 1358 luuniliat,
2896 1295 3189 1348 secundum
3231 1308 3313 1347 sa-

1775 1377 2002 1443 pientem
2068 1378 2443 1445 Salomonem;
2514 1378 2675 1450 utque
2746 1382 3051 1435 summatim
3117 1381 3309 1443 dicam,

1776 1450 2083 1521 nullatenus
2116 1468 2272 1521 homo
2320 1478 2491 1538 potest
2533 1471 2585 1524 in
2610 1471 2804 1525 diaboli
2846 1472 3048 1541 prolabi
3086 1480 3314 1539 potesta-

1775 1565 1902 1618 tem,
1948 1558 2049 1611 nisi
2102 1560 2246 1625 prius
2274 1558 2341 1614 ab
2369 1560 2473 1615 illis
2524 1561 2938 1629 primipilaribus
2996 1560 3153 1614 fuerit
3187 1576 3313 1615 sau-

1773 1646 1974 1709 ciatus;
2004 1656 2057 1700 et
2105 1648 2223 1702 ideo
2273 1648 2366 1702 bas
2398 1658 2505 1703 tres
2540 1650 2884 1716 cogitationes
2918 1649 3161 1702 diabolus
3189 1657 3311 1701 tunc

1773 1736 2029 1791 Salvatori
2062 1738 2264 1791 induxit
2288 1739 2352 1795 θ’,
2385 1739 2619 1793 Primum
2653 1741 2862 1807 quidem
2907 1741 3223 1801 exhortans,
3256 1747 3312 1790 ut

154 1802 336 1900 ἄρτους
376 1802 623 1898 γενέσθαι
656 1802 1015 1903 παρακαλῶν,
1048 1802 1234 1890 ἔπειτα
1262 1839 1321 1891 δὲ
1348 1802 1669 1911 τὸνκόσμόύ

1774 1824 1977 1892 lapides
2004 1824 2241 1880 efllceret
2275 1827 2431 1897 513
2463 1802 3016 1908 panem-postmodum
3045 1830 3310 1895 spernimus

153 1919 263 1971 ὅλον
306 1920 763 1991 ἐπαγγελλόμενος
814 1926 861 1976 εί
907 1926 1085 1979 πεσὼν
1132 1934 1520 1999 προσκυνήσει·
1580 1934 1672 1984 καὶ

150 2006 317 2074 τρίτον
367 2010 415 2060 εί
458 2009 676 2062 ἀκούσοι
717 2011 1132 2082 δοξασθήσεσθαι
1184 2018 1373 2084 λέγων,
1407 2020 1573 2089 μηδὲν
1608 2024 1672 2073 ὲκ

150 2094 235 2146 τοῦ
283 2097 592 2164 τηλικούτου
623 2100 911 2169 πτώματος
942 2104 1243 2157 πεπονθότα
1265 2146 1279 2167 ,
1313 2101 1386 2173 ὧν
1412 2110 1438 2159 ὁ
1468 2110 1671 2178 Κύριος

150 2184 296 2251 ήμῶν
340 2186 599 2253 κρείττων
650 2193 855 2255 φανεὶς,
912 2193 991 2249 είς
1031 2195 1267 2248 τούπίσω
1316 2196 1392 2265 τῷ
1439 2198 1669 2268 διαϐόλῳ

150 2273 333 2336 χωρεῖν
372 2274 716 2340 προσέταττε,
749 2277 835 2328 διὰ
863 2279 1064 2331 τούτων
1087 2281 1179 2333 καὶ
1208 2283 1352 2351 ἡμᾶς
1382 2283 1664 2350 διδάσκων,

150 2360 215 2417 ὼς
247 2362 346 2411 οότ
375 2362 515 2412 ἔστιν
540 2363 856 2417 ἀπώσασθαι
878 2368 967 2420 τὸν
994 2369 1254 2438 διάϐολον,
1286 2374 1361 2442 μὴ
1384 2375 1489 2428 τῶν
1506 2376 1671 2446 τριῶν

152 2450 338 2502 τούτων
363 2458 869 2526 καταφρονήσαντας
893 2460 1184 2532 λογισμῶν.

722 2593 969 2647 ΚΕΦΑΛ.
1010 2595 1085 2651 B'.

214 2696 412 2758 Πάντες
435 2699 482 2748 ot
511 2697 874 2766 δαιμονιώδεις
897 2702 1157 2773 λογισμοὶ,
1190 2710 1431 2776 νοήματα
1464 2712 1543 2772 είς
1570 2714 1666 2780 τὴν

149 2779 310 2849 ψυχὴν
356 2782 620 2851 αἰσθητῶν
649 2788 981 2854 πραγμάτων
1002 2791 1357 2860 είσφέρουσιν,
1380 2798 1439 2849 ἐν
1474 2794 1552 2860 οἷς
1578 2779 1670 2852 τυ-

150 2872 399 2934 meum);
421 2874 448 2923 6
479 2874 600 2935 νοῦς
625 2875 720 2936 τὰς
740 2877 947 2946 μορφὰς
962 2880 1068 2932 τῶν
1095 2884 1426 2952 πραγμάτων
1453 2888 1669 2942 ἐκείνων

148 2956 200 3008 ὲν
223 2958 396 3027 ὲαιιτῷ
427 2962 727 3029 περιφέρει,
760 2967 849 3016 καὶ
890 2967 982 3018 ἀπ’
1013 2969 1173 3022 αὐτοῦ
1210 2970 1303 3022 τοῦ
1352 2974 1669 3042 πράγματος

150 3043 321 3099 λοιπὸν
378 3050 724 3116 ἐπιγινώσκει
763 3047 868 3106 ’τὸν
932 3059 1362 3125 προσεγγίσαντα
1413 3062 1665 3130 δαίμονα’

147 3126 263 3182 οἷον.
312 3134 360 3185 εί
409 3134 502 3185 τοῦ
536 3135 903 3205 ζημιώσαντος
937 3160 1025 3209 με,
1070 3147 1158 3197 καὶ
1203 3126 1562 3216 άτιμάσαντός
1596 3170 1664 3223 με

147 3217 198 3265 ἐν
230 3222 289 3285 τῇ
323 3220 525 3291 διανοίᾳ
561 3242 660 3290 μου
707 3228 767 3278 τὸ
807 3230 1092 3297 πρόσωπον
1125 3235 1348 3303 γένοιτο,
1389 3217 1664 3310 ἐλέγχεται

145 3306 169 3354 6
196 3309 287 3372 τῆς
327 3315 685 3378 μνησικακίας
715 3320 1039 3384 παραϐαλὼν
1068 3324 1340 3394 λογισμός.
1391 3330 1454 3383 Et
1489 3306 1662 3384 πάλιν

146 3398 454 3464 χρημάτων,
514 3402 545 3469 ἦ
605 3403 759 3474 δόξης
808 3409 1115 3479 ,ἀνάμνησις
1169 3416 1407 3481 γένοιτο,
1461 3421 1527 3495 ὲκ
1568 3422 1660 3473 τοῦ

145 3487 446 3552 πράγματος
464 3489 618 3557 δῆλον
641 3494 719 3546 ὄτι
735 3496 763 3546 6
786 3495 975 3549 θλίϐων
994 3503 1133 3565 ἡμᾶς
1166 3492 1622 3575 ἐπιγνωσθήσεται
1642 3528 1657 3542 ·

145 3576 226 3622 καὶ
258 3576 345 3626 ἐπὶ
374 3578 480 3627 τῶν
524 3579 692 3631 ἄλλων
718 3581 776 3634 δὲ
807 3583 1077 3651 λογισμῶν
1114 3591 1388 3655 ὡσαύτως,
1426 3597 1531 3647 άπὸ
1566 3599 1658 3650 τοῦ

144 3658 447 3744 πράγματος
493 3664 742 3732 εὸρήσεις
787 3669 876 3721 τὸν
923 3678 1263 3744 παρεστῶτα,
1294 3682 1384 3734 καὶ
1430 3684 1660 3740 ὑποϐάλ-

141 3742 283 3799 λοντα
332 3750 430 3812 τὰς
469 3755 763 3818 φαντασίας
815 3742 1059 3829 δαίμονα.
1116 3768 1188 3819 Οὐ
1243 3742 1418 3834 πάσας
1467 3774 1523 3826 δὲ
1566 3776 1659 3839 τὰς

142 3837 343 3904 μνήμας
371 3842 475 3894 τῶν
505 3846 756 3900 τοιούτων
786 3854 1123 3919 πραγμάτων
1147 3858 1207 3906 ὲκ
1237 3859 1496 3926 δαιμόνων
1518 3837 1658 3930 λέγω

142 3932 443 3996 συμϐαίνειν
463 3952 474 3964 ·
512 3937 695 4006 ἐπειδὴ
729 3942 931 4007 πέφυκε
965 3946 1057 3995 καὶ
1085 3947 1241 4008 αὐτὸς
1270 3950 1297 4000 6
1322 3950 1442 4013 νοῦς
1476 3955 1657 4006 κινού-

141 4031 282 4081 μενος
318 4022 422 4072 ὑπὸ
449 4023 540 4074 τοῦ
586 4028 866 4095 ἀνθρώπου
904 4031 1009 4083 τῶν
1051 4036 1342 4100 γεγονότων
1368 4040 1657 4113 ἀναφέρειν

138 4109 221 4166 τὰς
265 4111 576 4175 φαντασίας,
623 4115 735 4167 ἀλλ’
782 4117 901 4170 ὅσαι
945 4121 1053 4173 τῶν
1101 4125 1328 4191 μνημῶν
1384 4109 1573 4197 θυμὸν,
1621 4131 1654 4200 ἢ

137 4189 411 4262 ἐπιθυμίαν
440 4200 585 4266 παρὰ
614 4200 769 4266 φύσιν
799 4189 1245 4262 συνεπισπῶ-νται.
1296 4214 1392 4266 Διὰ
1419 4189 1524 4285 γάρ

136 4284 363 4351 ταραχὴν
406 4285 509 4338 τῶν
557 4287 649 4340 δύο
691 4292 969 4361 δυνάμεων
1010 4298 1246 4364 τούτων,
1277 4301 1305 4352 6
1345 4301 1468 4365 νοῦς
1500 4284 1653 4358 κατὰ

135 4369 352 4425 διάνοιαν
385 4377 641 4445 μοιχεύει,
674 4382 767 4432 καὶ
796 4386 1043 4452 μάχεται,
1074 4388 1164 4439 τοῦ
1194 4392 1650 4458 νομοθετήσαντος

134 4459 276 4511 αὑτὸν
325 4464 421 4531 τὴν
470 4468 767 4532 φαντασίαν
814 4470 1161 4535 ἀναδέξασθαι
1213 4478 1287 4545 μὴ
1333 4478 1644 4548 δυνάμενος.

134 4548 347 4622 Elitqu
384 4553 699 4625 λαμπρότης
738 4558 917 4629 ἐκείνη
961 4563 1098 4614 κατά
1145 4566 1397 4635 στέρησιν
1434 4571 1647 4623 πάντων

131 4636 225 4687 τῶν
252 4641 307 4694 ἐν
332 4646 442 4705 τοῖς
473 4644 754 4714 πράγμασι
801 4649 1082 4717 νοημάτων
1112 4654 1168 4703 ἐν
1210 4655 1284 4724 τῷ
1334 4658 1506 4728 καιρῷ
1551 4661 1647 4728 τῆς

132 4734 413 4800 προσευχῆς
441 4731 516 4801 τῷ
530 4735 833 4805 ήγεμονικῷ
853 4742 1265 4807 παραφαίνεται.
1287 4748 1397 4798 Οὐκ
1423 4748 1487 4800 ἂν
1510 4750 1643 4801 ἀπό-

132 4809 260 4905 θοιτο
285 4820 378 4880 τὰς
410 4824 673 4889 ἐμπαθεῖς
711 4828 922 4896 μνήμας
955 4831 982 4881 6
1007 4831 1301 4899 ἄνθρωπος,
1350 4836 1423 4905 μὴ
1461 4839 1642 4890 ἐπιου-

133 4898 266 4963 μίας,
311 4910 403 4959 καὶ
433 4910 599 4978 θυμοῦ
642 4913 952 4983 ἐπιμέλειαν
992 4898 1367 4988 ποιησάμενος,
1406 4898 1499 4993 τὴν
1544 4928 1640 4994 μὲν

131 4993 403 5056 νηστείαις,
433 4999 772 5065 ἀγρυπνίαις,
814 5005 906 5056 καὶ
942 5010 1287 5075 χαμευνείαις
1336 5014 1641 5065 καταναλώ-

132 5090 235 5168 σας,
261 5080 348 5132 τδν
393 5082 449 5133 δὲ
492 5090 905 5157 μακροθυμῖαις,
942 5104 1035 5153 και
1062 5099 1496 5168 ἀμνησικακίαιςν
1546 5106 1639 5155 καὶ

130 5161 491 5236 ἐλεημοσύναις
522 5173 929 5246 καθημερώοαςπ
960 5187 1024 5237 ἐκ
1048 5188 1151 5255 γὰρ
1175 5190 1279 5240 τῶν
1318 5191 1406 5241 δύο
1440 5195 1636 5247 τούτων

129 5256 295 5310 παθών
334 5263 531 5324 πάντες
587 5265 765 5331 σχεδὸν
807 5274 849 5327 οἵ
885 5274 1247 5341 διιμονιώδεις
1298 5283 1635 5337 συνίοςανται

130 5341 355 5417 λῡγτσμοὶ
390 5354 437 5405 οἱ
469 5354 557 5408 τὸν
586 5356 707 5409 νοῦν
748 5356 897 5413 sum?)
952 5382 1099 5429 οντες
1140 5372 1217 5433 είς
1264 5370 1494 5443 ὄλεθρον,
1546 5378 1634 5427 καὶ

129 5431 397 5495 ἀπώλειαν.

224 5597 254 5626 ⁸⁹
276 5596 458 5655 Matth.
502 5622 579 5675 Γπ,
603 5608 636 5661 5
666 5624 754 5677 seq

1772 1915 2024 1967 mundum
2042 1916 2367 1979 universum,
2389 1917 2433 1970 si
2454 1917 2647 1970 cadens
2670 1918 2908 1970 adoraret
2924 1935 2938 1981 ;
2955 1917 3110 1970 tertio
3127 1916 3306 1968 dicens

1771 2003 1942 2071 ipsum
1966 2004 2336 2058 celebrandum
2371 2005 2483 2059 fore
2513 2022 2575 2060 ac
2602 2007 3029 2074 gloriﬁcandum,
3064 2006 3108 2058 si
3141 2005 3306 2057 obau—

1770 2092 1954 2155 disset,
1986 2094 2111 2147 dum
2173 2110 2235 2147 ex
2264 2096 2353 2147 illo
2405 2096 2492 2148 tali
2540 2111 2669 2151 casu
2708 2098 2838 2149 nihil
2871 2096 3026 2149 fuerit
3060 2111 3249 2165 passus
3291 2113 3303 2147 :

1769 2180 1964 2247 quibus
2029 2179 2285 2234 Dominus
2345 2192 2526 2236 noster
2584 2185 2829 2252 superior
2895 2200 3192 2253 apparens,
3249 2193 3306 2236 ut

1770 2268 2121 2322 retrocederet
2175 2271 2383 2325 diabolo
2440 2274 2743 2335 mandavit,
2797 2289 3001 2342 nosque
3061 2290 3153 2343 per
3203 2274 3303 2327 ista

1769 2355 1999 2420 edocuit,
2028 2360 2167 2427 quod
2222 2361 2540 2428 impossibile
2566 2358 2665 2417 ‘est
2709 2364 2976 2418 diabolum
3018 2366 3298 2434 repellere,

1770 2446 1874 2500 nisi
1900 2457 2006 2502 tres
2027 2448 2153 2502 istas
2175 2450 2571 2519 despcxerimus
2596 2455 2967 2523 cogitationes.

2366 2581 2588 2636 CAPUT
2639 2582 2701 2636 ll.

1838 2687 2037 2742 Omnes
2069 2688 2412 2747 daemoniales
2444 2694 2793 2762 cogitationes
2832 2695 3068 2749 inierunt
3109 2698 3300 2752 aninne

1768 2788 1948 2827 rerum
1997 2778 2333 2831 sensibilium
2386 2782 2652 2843 notiones,
2696 2783 2891 2848 quibus
2932 2799 3079 2838 urens
3128 2785 3297 2839 infor-

1768 2870 1930 2927 mata,
1966 2862 2163 2918 formas
2204 2864 2412 2919 illarum
2457 2883 2631 2921 rerum
2678 2869 2729 2922 in
2761 2871 2933 2939 seipsa
2970 2874 3297 2936 circumfert,

1769 2950 1952 3019 sicque
1999 2951 2329 3018 daemonem,
2382 2956 2473 3023 qui
2512 2957 2979 3027 appropinquavit,
3010 2976 3039 3015 e
3084 2978 3141 3017 re
3185 2964 3297 3032 ipsa

1771 3038 2064 3105 dignoscit;
2099 3044 2326 3110 exempli
2367 3046 2556 3112 gratia,
2608 3047 2652 3099 si
2685 3050 2971 3104 accesserit
3011 3050 3294 3106 intellectui

1695 3132 1736 3189 C
1769 3142 1888 3181 meo
1929 3144 2176 3197 persona,
2224 3146 2341 3201 quae
2370 3152 2451 3187 me
2490 3138 2830 3200 dett‘inu-nto,
2866 3148 2957 3191 aut
3006 3141 3294 3207 ignominia

1765 3219 1959 3281 aﬂeeit,
2024 3222 2285 3291 arguitur,
2338 3226 2479 3292 quod
2523 3225 2859 3294 'injuriarum
2911 3232 3293 3284 recordationis

1763 3310 2204 3378 appropinquavit
2260 3315 2533 3382 cogitatio.
2581 3316 2636 3370 Si
2698 3320 2891 3371 iterum
2950 3324 3294 3389 pecuniarum

1760 3410 1855 3452 aut
1898 3402 2077 3476 gloria:
2117 3405 2413 3456 recordatio
2460 3404 2567 3468 ﬁat,
2608 3406 2945 3462 manifestum
2986 3427 3047 3464 ex
3094 3429 3151 3466 re
3189 3425 3289 3476 est,

1759 3490 1899 3556 quod
1932 3490 1997 3551 is,
2041 3488 2130 3557 qui
2169 3504 2266 3543 nos
2303 3492 2537 3556 tribulat,
2578 3496 2935 3562 dignoscetur.
2972 3501 3109 3564 Quin
3145 3514 3193 3555 et
3237 3506 3287 3556 in

1759 3578 1878 3631 aliis
1900 3580 2308 3648 cogitationibus
2328 3583 2573 3638 similiter
2600 3600 2630 3638 e
2660 3573 2976 3645 re'invenies
2999 3593 3287 3649 (Immunem

1758 3678 2041 3734 amantem,
2060 3679 2112 3723 et
2134 3669 2537 3740 imaginationes
2555 3689 2942 3745 suggerentem.
2966 3680 3077 3736 Non
3103 3698 3290 3737 omnes

1759 3766 1937 3811 autem
1989 3759 2387 3816 recordationes
2428 3763 2800 3832 hujuscemodi
2838 3784 3013 3823 rerum
3039 3788 3068 3825 a
3096 3775 3289 3827 «lanno-

1758 3845 1916 3897 nibus
1959 3848 2263 3914 contingere
2310 3849 2460 3912 dico;
2520 3853 2949 3920 quandoquidem
3018 3868 3071 3911 et
3140 3875 3288 3913 mens

1757 3932 1869 3998 ipsa
1912 3932 1977 3985 ab
2034 3933 2246 3988 homine
2288 3950 2589 4000 commora,
2627 3941 3027 4009 imaginationes
3087 3964 3283 4011 rerum,

1756 4038 1873 4091 qua:
1903 4025 2191 4089 evenerint,
2240 4029 2496 4095 proferre,
2539 4048 2631 4083 seu
2677 4035 2914 4089 emittere
2970 4043 3283 4105 consuevit;

1756 4112 1848 4165 sed
1878 4121 2137 4181 quotquot
2181 4119 2577 4173 recordationes
2622 4121 2777 4185 iram,
2813 4124 2889 4177 vel
2940 4127 3279 4194 cupiditatem

1756 4211 1946 4269 praeter
1983 4212 2228 4259 naturam
2278 4206 2549 4271 alliciunt,
2590 4211 2959 4283 (subiutelligc)
2990 4232 3081 4270 eas
3110 4220 3227 4269 (lico
3252 4236 3280 4270 ιι

1754 4291 2088 4345 daemonibus
2127 4297 2443 4361 procedere;
2499 4315 2617 4350 nam
2658 4304 2725 4353 ob
2755 4305 3107 4357 turbationcm
3148 4308 3279 4359 dua.

1681 4429 1725 4485 Β
1754 4393 1868 4430 rum
1904 4380 2127 4434 istarum
2155 4385 2507 4449 potentiarum
2537 4391 2757 4451 (scilicet
2790 4393 2898 4453 irze,
2932 4403 2982 4444 ct
3015 4395 3277 4461 cupidita-

1749 4465 1839 4535 tis)
1878 4481 2026 4522 mens
2052 4469 2477 4527 intellectualiter
2497 4477 2775 4541 adulterat,
2807 4490 2857 4533 et
2887 4492 3098 4548 pugnat,
3124 4484 3281 4554 514

1737 4540 1869 4607 ’συιη
1922 4555 2034 4617 Dei,
2081 4559 2171 4625 qui
2233 4561 2394 4629 legem
2455 4564 2551 4629 ipsi
2611 4566 2885 4635 imposuit.
2942 4570 3054 4624 Non
3112 4578 3280 4627 valeat

1746 4643 2182 4713 imaginationem
2226 4652 2530 4719 suscipere;
2557 4700 2561 4704 .
2590 4657 2851 4725 siquidem
2903 4662 3118 4717 claritas
3168 4667 3274 4725 illa,

1744 4736 1914 4802 posita
1941 4736 2235 4802 privatione
2260 4742 2497 4795 omnium
2522 4748 2795 4810 potionum
2823 4751 2887 4804 de
2913 4752 3089 4811 rebus,
3113 4756 3271 4804 animi

1744 4825 2065 4894 principatui
2088 4843 2386 4896 opportune
2409 4838 2667 4891 orationis
2694 4847 2927 4905 tempore
2955 4844 3101 4905 quasi
3137 4858 3270 4909 pre--

1746 4916 2002 4969 tercundo
2032 4929 2270 4986 apparet.
2308 4920 2477 4974 llomo
2506 4941 2607 4977 non
2638 4926 2864 4994 deponet
2896 4944 3124 4994 unquam
3164 4950 3269 4983 mc-

1747 5004 1945 5057 morias
1994 5008 2337 5073 passiOnihus
2386 5013 2633 5077 percitus,
2668 5016 2708 5065 si
2744 5016 3180 5082 concupiscentia:
3220 5030 3268 5070 et

1745 5090 2034 5147 ἰντιςιιηαιὶεε
2068 5109 2249 5147 curam
2299 5112 2401 5148 non
2445 5100 2693 5165 gesserit;
2726 5100 2870 5153 illam
2902 5104 3110 5170 quidem
3139 5108 3262 5173 jeju-

1743 5184 1845 5235 niis
1874 5194 1923 5235 rt
1949 5183 2161 5249 vigiliis,
2202 5194 2250 5234 et
2286 5187 2430 5237 humi
2468 5189 2711 5241 cubando
2754 5206 3099 5261 consumens,
3133 5199 3266 5252 hanc

1742 5288 1865 5327 vero
1910 5273 2326 5339 Ionganimitatis
2362 5277 2585 5341 actibus,
2626 5288 2675 5332 et
2717 5282 2998 5338 oblivionis
3040 5288 3265 5351 injuriae,

1740 5379 1799 5417 ac
1829 5363 2180 5432 eleemosynis
2210 5365 2629 5421 mansuefaciens
2667 5388 2679 5424 :
2710 5389 2772 5425 ex
2806 5374 2886 5424 his
2914 5374 3103 5439 quippe
3132 5378 3258 5430 duav~

1738 5455 1838 5508 bus
1880 5452 2221 5521 passionibus
2252 5470 2437 5510 omnes
2483 5458 2591 5511 fere
2634 5460 2969 5515 dwiiioniales
3018 5474 3263 5519 constant

1738 5542 2100 5608 cogitationes,
2132 5561 2248 5612 qum
2272 5559 2504 5602 mentem
2526 5552 2574 5602 in
2594 5548 2809 5600 exitium
2832 5566 2893 5604 ac
2916 5555 3257 5619 perditionem

1741 5634 2014 5687 indUeunt.
