4058 6350
851 273 986 354 1203

1434 400 1653 455 CAPUT
1689 401 1774 456 Ill.

914 509 1052 568 Eieri
1108 523 1283 565 autem
1332 528 1437 566 non
1493 522 1682 582 potest,
1732 523 1787 567 ut
1831 513 1950 581 quis
1991 515 2353 584 hujuscemodi

846 600 1180 666 passiouibus
1211 603 1450 669 superior
1477 603 1680 666 evadat,
1716 603 1816 654 nisi
1846 603 2056 656 omnino
2088 619 2255 668 escas,
2301 615 2354 659 et

847 688 1116 754 pecunias,
1142 699 1191 743 et
1217 680 1434 758 gloriam
1459 691 1728 758 despiciat,
1755 693 1922 746 adhuc
1952 693 2131 755 etiam,
2158 704 2208 747 et
2233 709 2355 762 pro-

845 777 1018 842 prium
1065 793 1279 846 corpus,
1325 788 1538 847 propter
1580 796 1688 843 eos,
1741 781 1830 848 qui
1877 791 2134 835 conantur
2180 784 2351 850 ipsum

846 873 986 923 velut
1022 873 1256 937 colaphis
1303 882 1574 938 percutere
1608 889 1620 923 :
1656 886 1930 925 necessum
1974 874 2132 941 igitur
2179 875 2349 941 plane,

845 962 1040 1015 imitari
1086 961 1438 1028 periclitantes
1478 961 1528 1014 in
1574 964 1726 1019 mari.
1758 963 1868 1028 qui,
1907 971 2119 1029 prapter
2156 963 2352 1016 violen-

846 1053 968 1103 tiam
1008 1061 1303 1114 ventorum,
1353 1050 1725 1118 undarumque‘
1760 1052 2162 1117 insurgentium,
2205 1065 2354 1103 vaso-

845 1153 962 1189 rum
1005 1139 1158 1190 etiam
1189 1147 1403 1190 utuntur
1431 1138 1707 1205 ejectione.
1741 1137 1927 1190 Verum
1968 1138 2052 1190 hic
2079 1139 2353 1206 diligenter

844 1225 1212 1279 attendendum
1237 1264 1252 1290 ,
1284 1241 1347 1279 ne
1376 1226 1513 1278 forte
1533 1267 1547 1288 ,
1582 1227 1705 1278 dum
1742 1239 1989 1279 vasorum
2021 1226 2216 1278 utimur
2244 1226 2352 1294 eje-

844 1314 1036 1376 ctione,
1094 1314 1144 1367 id
1185 1314 1459 1377 faciamus,
1502 1322 1557 1366 ut
1600 1315 1664 1365 ab
1713 1313 2026 1366 hominibus-
2057 1313 2348 1379 videamur,

843 1400 1269 1468 quandoquidem
1345 1411 1576 1454 nostram
1639 1403 1967 1466 reportamus
2033 1402 2346 1465 mercedem,

844 1489 1092 1557 aliudque
1121 1505 1216 1542 nos
1243 1498 1592 1557 consequetur
1620 1488 1974 1555 naufragium,
2003 1489 2172 1555 primo
2197 1489 2349 1555 longe

847 1577 1133 1640 molestius,
1153 1592 1271 1630 cum
1300 1591 1485 1643 nempe
1508 1576 1710 1630 daemon
1733 1591 1759 1628 e
1783 1585 1961 1627 contra
1990 1575 2141 1628 nobis
2161 1590 2346 1635 vanam

2289 301 2350 361 S.
2371 299 2527 362 NILI

3837 308 3938 369 1⁵204

3029 412 3272 468 ΚΕΦᾹΛ.
3311 413 3382 467 1".

2534 517 2807 570 Ἀδύνατον
2843 517 2896 570 δέ
2941 536 3056 571 τινα
3085 520 3190 571 τῶν
3226 520 3405 575 παθῶν
3448 521 3647 574 τούτων
3693 529 3938 590 περιγενέο

2454 602 2592 666 σθαι,
2627 604 2698 672 μὴ
2745 603 3013 666 παντελῶς
3045 603 3360 673 βρωμάτων,
3402 605 3493 666 καὶ
3528 608 3837 676 χρημάτων,
3867 617 3936 664 καὶ

2432 688 2602 756 ’δόξης
2631 689 2960 758 ὑπεριδόντα,
2989 691 3065 743 ἔτι
3089 691 3144 742 δὲ
3172 691 3264 743 καὶ
3309 691 3399 744 τοῦ
3432 695 3558 746 ίδίου
3598 696 3838 763 σώματος
3870 700 3935 750 διὰ

2448 777 2570 837 τοὺς
2602 777 2844 844 ῥαπίζειν
2890 778 3030 830 αὐτὸ
3059 780 3308 841 πολλάκις
3345 782 3770 850 ἐπιχειροῦντας·
3818 791 3933 838 πᾶσα

2449 865 2540 918 οὖν
2581 867 2784 936 ἀνάγκη
2820 869 3094 936 μιμεῖσθαι
3130 870 3252 931 τοὺς
3301 870 3717 934 κινδυνεύοντας,
3764 874 3822 925 ἐν
3864 876 3935 926 θα-

2449 953 2642 1024 λάττῃ,
2689 955 2778 1005 καὶ
2827 953 2932 1006 τῶν
2975 954 3176 1006 σκευῶν
3223 955 3444 1026 ἐκϐολὴν
3489 960 3832 1026 ποιουμένους
3867 962 3934 1013 διὰ

2448 1040 2543 1108 τὴν
2571 1039 2687 1108 βίαν
2711 1039 2816 1092 τῶν
2844 1041 3050 1109 ἀνέμων
3083 1043 3175 1095 καὶ
3201 1043 3304 1094 τῶν
3332 1043 3759 1113 ἐπανισταμένων
3783 1050 3932 1116 κυμά-

2448 1145 2571 1180 των.
2639 1129 2777 1180 ’Δλλ’
2831 1130 3054 1182 ἐνταῦθα
3094 1133 3412 1202 προσεκτέον
3461 1134 3713 1204 ἀκριϐῶς,
3773 1139 3934 1206 μήπως

2424 1218 2665 1286 -ὲκδολὴν
2692 1219 3012 1287 ποιούμενοι.
3035 1219 3138 1271 τῶν
3173 1220 3395 1285 σκευῶν,
3432 1223 3559 1289 πρὸς
3590 1224 3648 1274 τὸ
3694 1224 3935 1278 θεαθεῐναι

2446 1309 2555 1368 τοῖς
2583 1306 2883 1377 ἀνθρώποις
2915 1309 3219 1376 ποιήσωμεν
3243 1327 3254 1338 ·
3300 1311 3418 1362 ἐπεὶ
3448 1311 3715 1381 ἀπέχομεν
3745 1314 3832 1366 τὸν
3864 1332 3935 1382 pt-

2450 1392 2570 1444 σθὺν
2618 1394 2788 1462 ἡμῶν,
2836 1394 2928 1447 καὶ
2976 1393 3100 1445 ἄλλο
3145 1395 3236 1446 τοῦ
3283 1397 3541 1465 προτέρου
3593 1397 3933 1468 χαλεπώτερον

2445 1481 2734 1545 διαδέξεται
2766 1482 2907 1550 ἡμᾶς
2936 1480 3203 1554 ναυάγιον,
3233 1483 3325 1534 τοῦ
3366 1484 3462 1549 τῆς
3506 1485 3802 1548 κενοδοξίας
3830 1491 3935 1556 ἡμῖν

2445 1565 2886 1627 ἀντιπνεύσαντος
2914 1566 3177 1634 δαίμονος.
3218 1569 3306 1619 Διδ
3334 1571 3424 1620 καὶ⁵
3445 1572 3473 1621 ὁ
3496 1571 3690 1639 Κύριος
3714 1573 3860 1639 ἡμῶν
3890 1579 3934 1626 ὲν

845 1664 1060 1728 gloriam
1134 1663 1425 1715 insufﬂarit.
1501 1663 1699 1715 idcirco
1753 1661 2003 1716 Dominus
2061 1671 2241 1714 noster
2293 1661 2345 1712 in
2383 1693 2424 1751 Β

2329 1677 2345 1712 ι
2383 1693 2424 1751 Β
2451 1655 2581 1751 τοῖς.
2607 1654 2963 1751 Εὐαγγελίοις,
3010 1657 3098 1751 τὸν
3153 1657 3480 1751 κυϐερνήτην
3511 1660 3630 1751 νοῦν
3671 1661 3931 1751 παιδεύων,

846 1745 1140 1812 Evangeliis
1187 1748 1590 1799 moderatricem
1641 1748 1906 1799 instruens
1937 1753 2188 1807 mentem,
2228 1747 2346 1799 ait:

850 1851 868 1881 ι
908 1833 1190 1893 Attendite,
1223 1848 1287 1885 ne
1333 1832 1538 1886 faciatis
1577 1834 1961 1901 eleemosynam
1987 1840 2213 1886 vestram
2257 1848 2350 1887 eo-

845 1934 955 1970 ram
989 1919 1306 1981 hominibus,
1341 1931 1396 1971 ut
1426 1920 1492 1972 ab
1522 1920 1646 1987 ipsis
1673 1918 2086 1986 conSpiciamini,
2118 1920 2349 1988 alioquin

845 2007 1139 2061 mercedem
1167 2005 1319 2074 515
1353 2021 1455 2058 non
1497 2006 1753 2058 habebitis
1783 2022 1810 2057 a
1843 2005 1995 2056 Patre
2022 2013 2216 2068 vestro,
2260 2008 2351 2075 qui

841 2094 994 2160 estin
1015 2094 1162 2147 caelis
1189 2096 1259 2158 ¹;ι
1291 2105 1342 2147 et
1371 2110 1554 2147 rursus
1581 2112 1594 2147 :
1629 2112 1646 2144 ι
1682 2092 1900 2157 Quando
1925 2093 2087 2145 oratis
2118 2092 2348 2164 (inquit),

845 2199 945 2234 non
977 2183 1126 2235 eritis
1149 2183 1283 2234 sicut
1314 2183 1619 2249 hypocritze,
1646 2183 1735 2249 qui
1758 2190 1934 2234 amant
1963 2181 2014 2232 in
2046 2184 2347 2250 synagogis,

841 2280 890 2322 ιι
919 2272 968 2322 iu
1012 2271 1217 2336 anguiis
1246 2272 1535 2336 platearum
1565 2281 1763 2323 stantes
1789 2283 1959 2328 orare.
1991 2277 2048 2320 ut
2079 2270 2353 2325 videantur

843 2360 909 2411 ab
946 2358 1281 2421 hominibus;
1320 2373 1472 2411 amen
1509 2358 1628 2410 dico
1660 2358 1831 2419 vobis,
1863 2359 2000 2424 quod
2044 2370 2353 2425 receperunt

843 2447 1133 2499 mercedem
1165 2462 1313 2498 suam
1336 2448 1374 2500 ¹.
1404 2466 1423 2498 ι
1445 2446 1508 2499 Et
1529 2447 1718 2499 iterum
1754 2433 1912 2500 diciti
1937 2466 1955 2498 ι
1975 2447 2196 2512 Quando
2217 2446 2354 2514 jeju-

843 2532 998 2587 natis.
1024 2546 1088 2584 ne
1115 2531 1232 2585 sitis
1270 2533 1409 2585 sicut
1439 2532 1724 2599 hypocrita:
1752 2533 1956 2598 tristes;
1999 2534 2352 2587 exterminant

841 2621 979 2674 enim
1007 2620 1168 2674 facies
1192 2635 1316 2675 suas
1339 2659 1353 2684 ,
1392 2632 1447 2674 ut
1485 2621 1759 2675 videantur
1781 2620 2086 2678 hominibus
2102 2623 2354 2692 jejunan-

841 2718 954 2774 tes;
974 2725 1127 2762 amen
1140 2711 1258 2763 dico
1274 2711 1441 2773 vobis,
1462 2720 1773 2778 receperunt
1791 2713 2081 2766 mercedem
2095 2726 2244 2767 suam
2263 2711 2302 2766 ³.
2328 2729 2347 2762 ι

844 2803 1036 2859 Verum
1077 2805 1162 2857 hic
1203 2804 1573 2857 attendendum
1619 2803 1833 2857 medico
1868 2805 2188 2868 animarum,
2220 2817 2353 2872 quo-

843 2896 999 2948 modo
1036 2909 1126 2962 per
1150 2894 1532 2959 eleemosynam
1559 2899 1708 2943 curat
1736 2890 2082 2957 iracundiam,
2109 2905 2202 2959 per
2225 2905 2346 2943 ora-

843 2984 1038 3035 tionem
1068 2981 1242 3035 autem
1274 2987 1528 3047 expurgat
1555 2990 1801 3041 mentem,
1832 2974 1886 3032 et
1904 2979 2078 3032 denuo
2107 2994 2197 3047 per
2218 2978 2350 3046 jeju—

842 3071 987 3124 nium
1036 3069 1303 3122 tabcscere
1358 3066 1483 3119 facit
1523 3065 2025 3132 concupiscentiam,
2074 3080 2104 3118 e
2153 3066 2349 3133 quibus

842 3165 1048 3213 constat
1085 3169 1252 3209 novus
1277 3154 1456 3214 homo,
1487 3158 1767 3207 renovatus
1800 3151 1863 3202 ad
1901 3150 2346 3225 imaginem‘ejus,

844 3247 931 3314 qui
964 3245 1132 3311 ipsum
1165 3239 1382 3302 creavit,
1424 3238 1477 3291 in
1514 3251 1640 3306 quo,
1666 3237 1734 3290 ob
1767 3243 2006 3290 sanctam
2041 3237 2348 3305 passionum

843 3335 1177 3394 vacuitatem,
1227 3345 1329 3382 non
1376 3335 1458 3381 est
1487 3342 1620 3390 mas,
1665 3335 1716 3379 et
1764 3325 1979 3387 femina,
2026 3333 2093 3387 et,
2144 3333 2351 3392 pr0pter

847 3434 1001 3474 unam
1033 3403 1204 3477 tidem,
1234 3424 1287 3468 et
1315 3415 1641 3473 charitatem,
1673 3426 1775 3464 non
1806 3420 1885 3464 est
1912 3411 2140 3478 gentilis,
2180 3420 2230 3461 et
2259 3409 2352 3461 Ju-

844 3510 1010 3564 daaus.
1041 3503 1391 3563 circumcisio,
1409 3509 1462 3553 et
1485 3500 1816 3568 praaputium,
1833 3497 2114 3560 Barbarus,
2135 3496 2349 3564 Scytha,

845 3610 1034 3655 servus.
1052 3604 1104 3647 et
1137 3592 1290 3656 liber,
1325 3590 1416 3644 sed
1457 3589 1635 3643 omnia
1661 3586 1718 3641 in
1759 3586 2008 3642 omnibus
2042 3585 2283 3638 Christus
2306 3588 2350 3635 δ.

1421 3759 1643 3828 CAPUT
1691 3773 1779 3826 tv.

916 3885 1289 3954 luquirendum
1311 3898 1458 3947 vero,
1490 3883 1756 3951 quomodo
1784 3882 1835 3935 in
1871 3883 2350 3950 imaginationibus,

849 3988 965 4042 qua:
993 3985 1083 4038 per
1107 3985 1350 4023 somnum
1377 3971 1706 4035 contingunt,
1729 3968 1989 4019 dte-mones
2009 3968 2175 4019 nostri
2192 3967 2353 4019 animi

848 4059 1191 4130 principatum
1211 4058 1278 4110 im
1285 4056 1554 4124 primeudo
1567 4054 1863 4117 eﬂ‘orment;
1882 4054 2085 4107 videtur
2098 4054 2236 4107 enim
2255 4057 2354 4109 hoc

2459 1758 2477 1791 ι
2539 1741 2861 1810 Προσέχετε,
2911 1745 3090 1810 φησὶν,
3137 1743 3233 1812 τὴν
3279 1745 3637 1813 ἐλεημοσύνην
3687 1747 3833 1815 ημῶν
3875 1751 3932 1818 μὴ

2450 1831 2614 1880 ποιεῖν
2650 1828 2950 1897 ἔμπροσθεν
2977 1829 3081 1881 τῶν
3122 1829 3416 1899 ἀνθρώπων
3445 1833 3577 1900 πρὸς
3602 1834 3660 1884 τὸ
3693 1834 3935 1886 οεαθεῖνσι

2446 1911 2643 1980 αὐτοῖς,
2676 1918 2723 1968 εί
2743 1916 2796 1969 δὲ
2830 1918 2964 1986 μήγε
2988 1918 3170 1986 μισθὸν
3195 1919 3292 1970 οὑκ
3323 1919 3467 1987 ἔχετε
3506 1919 3652 1987 παρά
3667 1920 3754 1987 ’τῷ
3789 1924 3936 1989 Πατρὶ

2449 2004 2596 2072 ὑμῶν
2638 2005 2712 2072 τῷ
2747 2009 2803 2058 ὲν
2838 2009 2946 2067 τοῖς
2987 2007 3246 2075 οὐρανοῖς.
3298 2024 3317 2056 ›
3368 2005 3476 2058 Καὶ
3504 2008 3692 2059 πάλιν·
3743 2025 3761 2057 ι
3795 2009 3935 2060 Ὅταν

2448 2091 2830 2162 προσεύχησθε,
2859 2093 3039 2162 φησὶν,
3071 2095 3168 2146 οὐκ
3208 2094 3387 2144 ἔσεσθε
3424 2094 3604 2164 ὥσπερ
3642 2096 3688 2146 οἱ
3729 2095 3932 2166 ὑποκρι-

2445 2182 2554 2244 ταὶ,
2585 2181 2663 2233 δτι
2709 2180 2945 2248 φιλοῦσιν
2992 2184 3047 2234 ὲν
3091 2185 3206 2243 ταῖς
3245 2183 3592 2248 συναγωγαῖς,
3624 2182 3712 2233 καὶ
3742 2184 3796 2232 έν
3837 2184 3934 2242 ταῖς

2447 2270 2665 2336 γωνίαις
2699 2271 2805 2320 τῶν
2836 2264 3096 2320 πλατειῶν
3123 2270 3350 2330 ἑστῶτες
3381 2269 3784 2338 προσεύχεσθαι,
3812 2271 3934 2331 ὅπως

2449 2359 2652 2426 φανῶσι
2692 2360 2802 2418 τοῖς
2842 2355 3164 2425 ἀνθρώποις·
3201 2357 3341 2424 ἀμην
3374 2356 3512 2422 λέγω
3544 2357 3688 2424 ὑμῖν,
3727 2358 3805 2408 ὅτι
3847 2358 3934 2408 ἀπ-

2447 2449 2622 2515 έχουσι
2642 2446 2731 2498 τὸν
2761 2446 2942 2516 μισθὸν
2974 2446 3166 2499 αὐτῶν.
3190 2464 3209 2496 ι
3245 2448 3350 2498 Καὶ
3379 2447 3530 2499 πάλιν
3555 2447 3717 2513 λέγει·
3747 2465 3764 2496 ι
3796 2449 3941 2500 Ὅταν

2450 2535 2756 2605 νηστεύητε,
2805 2535 2880 2604 μὴ
2926 2535 3156 2602 γίνεσθε,
3198 2534 3380 2604 ὥσπερ
3421 2537 3468 2588 oi
3507 2535 3790 2603 ὑποκριταὶ
3832 2552 3935 2586 σκυ-

2449 2623 2668 2692 θρωποί·
2701 2622 3009 2689 ἀφανίζουσι
3054 2623 3159 2691 γάρ
3192 2623 3256 2676 τὰ
3285 2624 3542 2691 πρόσωπα
3581 2623 3777 2684 αὐτῶν,
3809 2624 3934 2682 ὅπως

2449 2708 2652 2774 φανῶσι
2697 2711 2807 2771 τοῖς
2870 2708 3165 2776 ἀνθρώποις
3223 2709 3584 2776 νηστεύοντες·
3630 2709 3771 2777 ἀμὴν
3814 2709 3934 2774 λέγω

2449 2794 2592 2862 ὑμῖν,
2629 2794 2911 2861 ἀπέχουσιν
2952 2795 3041 2846 τὸν
3076 2794 3260 2863 μισθδν
3300 2795 3513 2846 αύτῶν.-
3537 2812 3555 2843 ι
3605 2795 3756 2847 Ἀλλά
3793 2811 3936 2864 προσ-

2450 2885 2632 2938 εκτέον
2659 2886 2884 2939 ὲνταῦθα
2911 2884 2987 2954 τῷ
3021 2884 3184 2955 ἰατρῷ
3223 2885 3327 2936 τῶν
3349 2884 3547 2954 ψυχῶν,
3591 2884 3704 2946 πῶς
3732 2885 3815 2937 διὰ
3854 2884 3935 2953 μὲν

2445 2977 2541 3044 τῆς
2581 2975 2936 3044 δλεημοσύνης
2966 2973 3053 3026 τὸν
3091 2973 3254 3042 θυμὸν
3288 2972 3589 3042 θεραπεύει,
3613 2972 3717 3030 ,διὰ
3759 2973 3813 3025 δὲ
3855 2972 3934 3038 τῆς

2447 3063 2743 3131 προσευχῆς
2787 3045 2875 3115 τὸν
2902 3060 3022 3115 νοῦν
3068 3063 3365 3131 καθαρίζει,
3408 3065 3496 3113 καὶ
3535 3061 3691 3114 πάλιν
3739 3061 3822 3113 διὰ
3855 3063 3935 3126 τῆς

2447 3150 2690 3216 νηστείας
2717 3151 2813 3218 τὴν
2861 3149 3142 3218 ἐπιθυμίαν
3169 3149 3573 3217 καταμαραίνει,
3618 3149 3675 3213 ἐξ
3716 3143 3788 3200 ὧν
3829 3163 3934 3198 συν-

2449 3237 2657 3288 ίσταται
2689 3238 2718 3290 ὀ
2744 3235 2857 3299 νέος
2901 3236 3194 3306 ἄνθρωπος,
3221 3239 3249 3288 ὀ
3269 3238 3706 3305 ἀνακαινούμενος
3736 3235 3846 3288 κατ’
3872 3237 3936 3286 si.

2446 3326 2574 3378 κόνα
2611 3326 2699 3377 τοῦ
2742 3327 3014 3386 κτίσαντος
3037 3326 3214 3387 αὐτὸν,
3255 3327 3310 3376 ὲν
3351 3318 3396 3391 ᾧ
3439 3325 3536 3376 οὐκ
3573 3323 3685 3374 ἐστι
3726 3323 3809 3374 διὰ
3853 3320 3934 3389 τὴν

2448 3413 2603 3478 ἁγίαν
2630 3413 2888 3466 ἀπάθειαν
2925 3415 3103 3483 ἄρσεν,
3131 3414 3220 3466 καὶ
3258 3413 3409 3482 θῆλυ,
3447 3411 3563 3465 οὐδὲ
3593 3410 3679 3462 διὰ
3705 3410 3798 3480 τὴν
3827 3409 3935 3477 μίαν

2448 3502 2642 3562 πίστιν,
2663 3503 2754 3552 καὶ
2777 3503 3009 3567 ἀγάπην,
3037 3502 3250 3570 Ἕλλην,
3276 3502 3366 3554 καὶ
3395 3501 3652 3562 Ἰουδαῖος,
3671 3497 3932 3567 περιτομὴ.

2448 3589 2541 3640 καὶ
2599 3588 2939 3657 ἀκροδυστία,
2995 3589 3284 3657 Βάρὸαρος,
3333 3589 3555 3656 Σκύθης,
3606 3587 3806 3650 δοῦλος,
3858 3582 3936 3638 καὶ

2449 3676 2745 3746 ἐλεύθερος,
2771 3677 2901 3730 ἀλλά
2923 3678 2988 3729 τά
3021 3677 3192 3729 πάντα
3225 3679 3283 3728 ὲν
3322 3679 3455 3728 πᾶσι
3475 3676 3722 3745 Χριστός.

3064 3782 3304 3834 ΚΕΦΔΔ.
3343 3783 3414 3834 Δ⁹.

2519 3893 2778 3960 Ζητητέον
2799 3892 2854 3944 δὲ
2891 3891 3002 3952 πῶς
3029 3895 3084 3943 ὲν
3122 3895 3241 3953 ταῖς
3289 3893 3407 3946 καθ’
3437 3891 3596 3944 ὕπνον
3643 3888 3934 3957 φαντασίαις

2447 3978 2702 4031 τυποῦσιν
2732 3977 2881 4045 ἡμῶν
2911 3979 2970 4029 τὸ
2998 3979 3309 4046 ἡγεμονικὸν
3339 3980 3429 4031 καὶ
3461 3979 3868 4048 σχηματίζουσιν
3898 3976 3938 4025 οί

2449 4066 2693 4136 δαίμονες
2715 4078 2729 4094 ·
2761 4065 2819 4118 τὸ
2845 4065 2950 4132 γὰρ
2976 4064 3209 4116 τοιοῦτον
3239 4064 3379 4116 ἔοικε
3419 4064 3722 4133 συμϐαίνειν
3758 4063 3830 4131 τῷ
3856 4060 3934 4128 νῷι

850 4150 952 4202 tale
975 4149 1101 4216 quid
1119 4147 1276 4200 menti
1295 4145 1550 4206 accidere,
1570 4153 1660 4195 aut
1677 4158 1769 4210 per
1789 4142 1969 4196 oculos
1988 4143 2229 4207 intuenti,
2262 4151 2353 4197 aut
2385 4206 2426 4226 ﬁ

2333 4151 2353 4197 t
2385 4155 2487 4226 “ﬂ
2535 4155 2600 4208 δι’
2634 4153 2923 4223 ὀφθαλμῶν
2962 4153 3172 4222 ὁρῶντι,
3220 4153 3251 4222 ἢ
3299 4153 3366 4204 δι’
3408 4152 3572 4221 ἀκοῆς
3620 4151 3876 4211 ἀκούοντι,
3909 4145 3934 4214 ἢ

851 4251 938 4302 per
963 4250 1115 4286 aures
1136 4233 1390 4293 audienti,
1409 4240 1500 4283 aut
1522 4245 1706 4282 rursus
1726 4244 1816 4297 per
1830 4244 2038 4282 sensum
2066 4239 2205 4283 certa
2225 4246 2355 4300 qua-
2385 4206 2427 4259 θ

2334 4262 2355 4273 -
2385 4206 2427 4259 D
2454 4206 2609 4296 πάλιν
2728 4206 3021 4311 αἰσθήσεως
3053 4206 3293 4310 ποιάςίῆ
3324 4240 3428 4292 ἀπὸ
3458 4206 3569 4308 τῆς⁷
3601 4241 3812 4308 μνήμης
3839 4206 3936 4302 ἧτιέ

849 4325 967 4376 dam
986 4323 1235 4388 qualitate
1260 4321 1551 4385 praeditum,
1566 4329 1655 4373 aut
1671 4335 1735 4372 ex
1755 4320 2159 4386 memoria,qum
2179 4321 2358 4389 impri-

848 4413 941 4464 mit
967 4410 1123 4462 animi
1150 4411 1484 4478 principatui,
1507 4424 1609 4462 non
1633 4424 1725 4477 per
1741 4423 1948 4476 corpus,
1975 4417 2352 4478 verumtamen,

847 4512 964 4564 quae
984 4510 1075 4562 per
1091 4507 1283 4560 corpus
1300 4494 1500 4555 habuit,
1522 4495 1609 4545 illa
1629 4503 1941 4559 commovet;
1957 4493 2114 4562 igitur
2135 4496 2261 4548 mihi
2277 4497 2357 4550 vi-

850 4584 1037 4636 dentur
1064 4582 1349 4641 daemones,
1403 4580 1704 4633 memoriam
1747 4581 2025 4644 movendo,
2056 4583 2354 4650 imprimere

849 4671 1008 4730 animi
1025 4665 1361 4738 principatui;
1379 4670 1780 4721 instrumentum
1801 4668 1990 4733 quippe
2001 4682 2185 4722 sensus
2200 4670 2356 4743 διε

851 4775 881 4811 a
903 4772 1089 4812 somno
1113 4758 1375 4814 detinetur
1387 4756 1636 4808 otiosum.
1667 4753 1868 4806 Rursus
1890 4768 2033 4820 ergo,
2066 4768 2171 4821 quo
2203 4766 2354 4822 pacto

852 4847 1156 4915 memoriam
1187 4853 1570 4908 commoveant,
1603 4839 2090 4910 inquirendum.Au
2115 4841 2358 4900 fortassis

852 4949 943 5000 per
965 4934 1272 5000 passiones?
1310 4945 1361 4988 et
1389 4935 1487 4987 hoc
1518 4931 1851 4985 manifestum
1891 4930 2010 4984 inde
2031 4971 2048 4996 ,
2084 4931 2228 5000 quia,
2265 4934 2357 5001 qui

854 5025 967 5086 puri
986 5022 1450 5086 sunt,minimeque
1465 5021 1672 5076 obnoxii
1690 5018 2037 5087 passionibus,
2053 5020 2357 5088 neutiquam

856 5108 1055 5172 aliquid
1095 5107 1392 5175 bujuSmodi
1433 5110 1718 5173 patiuntur.
1759 5107 1849 5159 Est
1890 5117 2064 5160 autem
2092 5116 2145 5161 et
2184 5119 2357 5166 motus

856 5195 1070 5262 quidam
1112 5198 1376 5249 memoriae
1427 5196 1665 5261 simplex,
1715 5198 1803 5265 qui
1845 5211 1875 5247 a
1916 5198 2066 5251 nobis
2095 5198 2184 5263 fit,
2217 5207 2356 5255 auta

856 5285 1051 5338 sanctis
1098 5288 1436 5354 potestatibus
1459 5323 1473 5350 ,
1496 5312 1502 5318 -
1515 5300 1609 5353 per
1629 5301 1780 5352 quem
1813 5303 2196 5342 conversamur
2236 5303 2352 5341 cum

2452 4332 2607 4382 τυποῖ
2630 4329 2724 4398 μὲν
2749 4329 2808 4379 τδ
2827 4327 3162 4396 ἡγεμονικὸν,
3200 4327 3258 4379 ού
3287 4326 3370 4379 διά
3390 4327 3480 4378 τοῦ
3512 4327 3776 4394 σώματος,
3821 4321 3936 4388 πλὴν

2451 4417 2589 4487 ἅπερ
2631 4417 2717 4469 διὰ
2747 4417 2835 4470 τοῦ
2871 4417 3108 4482 σώματος
3149 4416 3289 4486 ἔσχε,
3339 4414 3505 4466 ταῦτα
3556 4415 3706 4464 κινεῖ.
3762 4413 3820 4463 Ut
3862 4404 3937 4458 οὖν

2449 4506 2691 4573 δαίμονες
2719 4504 2920 4555 ἐοίκασί
2952 4519 3037 4568 μοι
3062 4503 3157 4571 τὴν
3186 4505 3400 4569 μνήμην
3441 4500 3727 4560 κινοῦντες,
3765 4494 3935 4548 τυποῦν

2451 4593 2512 4646 τὸ
2539 4589 2851 4660 ἡγεμονικόν
2870 4605 2883 4619 ·
2914 4587 2972 4640 τὸ
2998 4588 3100 4660 γάρ
3127 4587 3478 4655 ὖργανονύπὺ
3504 4585 3596 4636 τοῦ
3631 4584 3794 4635 ὕπνου
3832 4596 3936 4634 κατ-

2455 4678 2630 4751 έχεται
2673 4675 3042 4745 ἀνενέργητον.
3098 4675 3217 4736 Πῶς
3257 4669 3348 4726 οὖν
3397 4673 3550 4726 πάλιν
3595 4673 3690 4742 τὴν
3744 4672 3933 4742 μνήμην

2455 4759 2657 4820 κινοῦσι,
2681 4760 2948 4830 ζητητέον.
2977 4761 3164 4832 ἦτάχα
3190 4761 3276 4813 διὰ
3302 4760 3406 4812 τῶν
3436 4759 3649 4827 παθῶν;
3681 4761 3776 4814 καὶ
3806 4758 3935 4811 τοῦτο

2455 4850 2604 4922 δῆλον
2651 4850 2712 4902 ὲκ
2750 4849 2841 4901 τοῦ
2889 4852 3078 4917 μηκέτι
3117 4849 3238 4918 τοὺς
3279 4847 3559 4918 καθαροὺς,
3603 4848 3694 4901 καὶ
3737 4847 3934 4904 ἀπαθεῖς

2457 4941 2672 5009 πάσχειν
2699 4955 2754 4999 τι
2776 4937 3024 4997 τοιοῦτον.
3055 4937 3203 4988 Ἐστι
3248 4936 3301 4989 δὲ
3331 4939 3421 4997 καὶ
3447 4937 3652 5008 κίνησίς
3694 4952 3779 4998 τις
3815 4931 3932 4997 ἁπλῆ

2436 5026 2540 5096 ὑφ’
2589 5027 2742 5097 ἡμῶν
2791 5026 3120 5096 memmi)
3154 5028 3253 5080 ὑπὸ
3289 5029 3452 5095 ἁγίων
3495 5026 3791 5093 δυνάμεων,
3835 5021 3932 5091 καθ’

2451 5113 2518 5190 ἦν
2541 5115 3234 5184 ἁγίοις-τι-συντυγχάνομεν
3270 5117 3327 5168 ὲν
3367 5119 3476 5177 τοῖς
3511 5114 3694 5174 ὕπνοις
3720 5113 3811 5166 καὶ
3832 5115 3930 5178 6p:-

2451 5201 2663 5269 λοῦμεν,
2708 5201 2800 5255 καὶ
2847 5203 3253 5273 συνεστιώμεθα.
3304 5203 3444 5271 Πλὴν
3492 5201 3828 5269 προσεκτέον,
3867 5201 3930 5249 ὅτι

2453 5288 2593 5360 ᾇπερ
2624 5290 2756 5360 μετά
2785 5290 2875 5344 τοῦ
2907 5291 3143 5361 σώματος
3187 5294 3220 5362 η
3249 5291 3390 5363 ψυχὴ
3429 5291 3716 5365 εἰσδέχεται
3744 5289 3929 5348 εἴδωλα»

931 5430 1160 5516 t'uauh.
1191 5457 1339 5518 ",1.
1414 5457 1667 5512 ’ibid.5.
1741 5445 1924 5515 ‘ibid.
1967 5463 2048 5517 ιδ.
2122 5463 2563 5528 δϐειει.ιυ,,28.
