4058 6350
103 269 215 329 Ιῖἲὲὖ

1036 271 1128 327 DE
1179 268 1534 327 MALIGNIS
1574 267 1705 325 COG
1721 267 2213 327 lTATlONIllUS.

3103 263 3230 322 ιῖοη

99 375 245 424 τλῦτπ
300 374 424 425 ἄνευ
467 373 553 426 τοῦ
603 374 904 443 σώματοςή
941 376 1123 444 μνήμη
1169 377 1306 426 κινεῖ
1334 375 1427 425 καὶ
1455 372 1605 424 τοῦτο

1727 373 1901 433 ιειιιοιίς
1937 374 1986 423 in
2016 375 2239 435 somnis,
2275 382 2322 425 ct
2357 363 2727 440 Colluquimut',
2762 381 2810 424 ct
2844 371 3225 424 t'0i:vescimur.

100 465 246 527 mea;
275 466 332 513 ἐκ
366 464 456 514 τοῦ
495 463 762 524 πολλάκις,
795 464 886 516 καὶ
914 465 970 514 ὲν
998 468 1103 525 τοῖς
1153 464 1333 524 firme;
1375 463 1597 529 πάσχειν

99 557 221 619 ἡμᾶς
266 552 417 603 τοῦτο
447 552 771 620 ἠρεμοῦντος
801 553 890 604 τοῦ
941 553 1200 621 σώματος.
1236 553 1438 618 Ὥσπερ
1487 553 1596 601 ἔστι

98 644 188 705 γὰρ
221 640 576 709 μνημονεῦσαι
608 640 813 702 ὓδατος,
846 642 936 692 καὶ
978 642 1108 707 μετὰ
1155 641 1327 708 δίψης,
1361 641 1448 691 καὶ
1478 641 1598 690 ἄνευ

97 732 235 798 δίψης
256 749 267 761 ·
297 730 462 789 οὕτως
491 730 600 781 ἔστι
633 731 990 798 μνημονεῦσαι
1015 731 1230 799 χρυσίου
1263 729 1395 796 μετὰ
1423 729 1602 779 πλεους

97 819 261 880 εξίας,
295 820 405 870 καὶ
460 817 588 870 ἄνευ
648 818 970 881 πλεονεξίας,
1013 819 1104 870 καὶ
1155 819 1244 868 ἐπὶ
1288 818 1392 869 τῶν
1436 818 1604 869 ἄλλων

99 904 415 972 πραγμάτων
445 904 722 965 ὡσαύτως.
770 905 842 955 Τὸ
891 904 945 956 δὲ
992 904 1197 957 τοιάσδε
1227 903 1257 971 ἢ
1286 903 1490 954 τοιάσδε
1521 904 1608 952 εὑ-

102 997 291 1059 ρίσκειν
343 994 647 1062 φαντασιῷν
674 994 928 1063 διαφορὰς
973 995 1060 1044 τὸν
1097 992 1238 1050 νοῦν.
1271 993 1366 1060 τῆς
1393 990 1608 1042 ἐκείνων

99 1083 434 1148 κακοτεχνίας
488 1083 600 1133 ἐστὶ
650 1083 946 1152 γνώρισμα.
1013 1083 1160 1150 ’Λμα
1211 1082 1262 1133 δὲ
1319 1082 1408 1132 καὶ
1460 1080 1612 1132 τοῦτο

102 1172 279 1232 ἰστέον,
302 1172 381 1222 ὅτι
411 1171 626 1234 καὶτοῖς
646 1171 838 1234 ἔξωθεν
860 1173 1139 1240 πράγμασι
1170 1173 1450 1238 κέχρηνται
1483 1171 1612 1238 πρδς

98 1261 184 1322 τὰς
217 1262 504 1328 φαντασίας
533 1261 580 1311 οἱ
607 1262 870 1328 δαίμονες,
900 1261 972 1323 ὠς
1007 1264 1094 1312 ἐπὶ
1126 1262 1228 1311 τῶν
1254 1261 1513 1311 πλεόντων
1540 1260 1615 1328 τῷ

101 1350 204 1416 imp
229 1348 331 1399 τῶν
361 1351 635 1415 κυμάτων.
671 1348 875 1414 Σφόδρα
902 1348 978 1415 τῷ
1010 1347 1192 1412 σκοπῷ
1222 1348 1323 1398 τῶν
1353 1348 1615 1414 δαιμόνων

99 1441 122 1488 ὀ
149 1437 309 1505 θυμὸς
335 1436 490 1505 ἡμῶν
521 1436 877 1506 συμὸάλλεται
912 1438 1060 1504 παρὰ
1090 1437 1246 1503 φύσιν
1285 1438 1615 1503 κινούμενος,

102 1524 186 1574 καὶ
227 1526 356 1592 πρὸς
389 1526 561 1576 πᾶσαν
604 1525 779 1576 αὐτῶν
816 1526 1219 1595 κακομηχανίαν
1249 1526 1449 1591 γίνεται
1485 1543 1620 1593 χρη-

102 1611 412 1679 σιμώτατος,
436 1613 553 1664 ὅθεν
580 1611 809 1682 νύκτωρ,
833 1614 923 1665 καὶ
949 1614 1062 1681 μεθ’
1092 1615 1302 1681 ἡμέραν
1330 1613 1620 1682 ταράσσειν

1697 458 2069 512 Verumtamen
2112 462 2507 525 attemlemlnm,
2542 462 2703 528 quod,
2731 475 2846 528 qua:
2873 474 2988 510 rum
3015 473 3230 523 t'ttt‘pnt‘i-

1697 547 1871 598 anima
1908 548 2130 614 suscipit
2164 549 2469 611 simulacra,
2499 565 2559 601 ea
2584 551 2780 618 absque
2806 561 3027 614 corpore
3061 557 3228 595 mmet

1701 636 1973 698 memoria;
2015 646 2067 687 et
2096 639 2192 690 hoc
2227 639 2460 691 dilucide
2507 649 2648 706 patet
2682 655 2742 691 ex
2771 654 2834 691 eo
2865 637 3004 703 quod
3043 638 3232 700 saepius

1701 728 1752 778 in
1783 727 1982 778 somnis
2019 728 2176 778 etiam
2220 745 2315 781 nos
2340 731 2479 782 istud
2530 731 2759 797 patimur
2785 771 2798 791 ,
2843 743 3061 794 corpore
3088 731 3226 794 quir-

1704 827 1901 872 scente.
1952 817 2409 880 Quemadmodum
2469 823 2611 873 enim
2663 819 2913 887 possibile
2961 827 3040 870 est
3093 832 3236 883 aqua-

1707 907 2032 970 meminisse,
2066 919 2116 960 et
2143 924 2261 960 cum
2291 910 2399 968 siti,
2424 917 2475 962 et
2497 911 2697 976 absque
2720 909 2828 972 siti,
2859 909 2935 960 sic
2958 922 3236 976 possuums

1711 996 1972 1049 recordari
2004 998 2116 1048 auri
2141 1012 2262 1050 cum
2294 999 2581 1065 cupiditate
2613 997 2838 1051 habendi
2871 997 3020 1058 illud,
3057 1008 3108 1047 et
3129 997 3239 1048 sine

1713 1085 2027 1150 cupiditate;
2081 1097 2239 1152 atque
2275 1072 2518 1139 similiter
2561 1085 2678 1137 aliis
2726 1085 2791 1136 de
2841 1086 3016 1137 rebus.
3051 1082 3238 1135 Verum

1712 1175 1850 1238 quod
1886 1192 2030 1229 mens
2084 1177 2215 1229 tales
2253 1185 2345 1226 aut
2379 1175 2506 1226 tales
2540 1174 2771 1227 inveniat
2811 1174 3240 1238 imaginatinuum

1713 1262 2053 1328 tlillirrentias,
2081 1267 2286 1318 illarum
2317 1267 2567 1319 imlicium
2590 1279 2667 1321 est
2690 1268 2951 1326 maleﬁcii,
2981 1281 3071 1316 seu
3093 1262 3240 1321 artis,

1716 1365 1832 1418 qua:
1853 1355 1916 1405 ad
1943 1364 2179 1408 nostram
2205 1356 2537 1408 convertitur
2570 1358 2877 1424 perniciem.
2911 1354 3077 1406 Simul
3102 1369 3271 1418 \‘et'n,_

1717 1451 1769 1496 et
1817 1446 1915 1494 hoc
1964 1444 2262 1504 sciendum,
2309 1446 2450 1511 quod
2498 1446 2763 1498 daunones
2804 1445 3045 1498 externis
3091 1449 3246 1493 etiam

1722 1535 1879 1587 rebus
1911 1541 2132 1582 utuntur
2169 1532 2231 1582 ad
2279 1532 2685 1597 imaginatioues
2717 1532 3047 1592 excitandus,
3091 1537 3166 1588 ut,
3201 1529 3247 1574 in

1722 1615 2111 1683 navigantibus,
2158 1616 2334 1666 sonitu
2377 1615 2653 1669 ﬂuctuum.
2692 1616 3044 1669 Vehementer
3077 1624 3248 1664 autent

102 1700 276 1753 τοῦτον
321 1703 492 1762 οὐδεὶς
537 1702 712 1754 αὐτῶν
743 1706 1100 1772 παραιτεῖται,
1136 1703 1245 1753 ἀλλ’
1273 1703 1398 1754 ὅταν
1440 1703 1618 1754 ἴδωσιν

1727 1707 2015 1760 daemonum
2044 1703 2302 1757 intentum
2324 1706 2474 1768 juvat
2499 1709 2574 1759 ira
2600 1718 2775 1760 nostra
2800 1716 2987 1774 przeter
3009 1715 3249 1756 naturam

101 1791 250 1841 αὑτὸν
294 1790 509 1842 δεθέντα
540 1791 819 1859 πραότητι,
855 1791 912 1843 τὸ
949 1791 1241 1859 τηνικαῦτα
1275 1793 1364 1842 ἐπὶ
1392 1791 1620 1852 δικαίαις

101 1881 419 1948 προφάσεσιν
465 1881 620 1941 εὐθὺς
670 1881 827 1932 αὑτὸν
873 1881 1219 1942 ἀπολύουσιν,
1257 1881 1340 1932 ἵνα
1377 1879 1620 1946 ὀξύτερος

99 1968 344 2034 γεγονὼς,
378 1969 623 2038 καὶπρὸς
659 1969 779 2028 τοὺς
814 1968 1091 2037 θηριώδεις
1125 1969 1408 2036 λογισμοὺς
1449 1968 1618 2019 αὐτῶν

101 2055 413 2124 χρησιμεύῃ,
445 2055 626 2124 διόπερ
655 2057 881 2123 ἀνάγκη,
916 2056 1047 2123 μήτε
1078 2056 1319 2116 δικαίοις,
1355 2056 1487 2123 μήτε
1537 2057 1618 2105 ἐπ’

99 2143 294 2203 ἀδίκοις
315 2144 625 2211 πράγμασιν
655 2146 780 2196 αὐτὸ
809 2144 1081 2208 ἐρεθίζειν,
1114 2147 1245 2212 μήτε
1279 2146 1441 2196 κακὸν
1475 2143 1618 2209 ξίρος

99 2232 282 2283 διδόναι
310 2236 417 2295 τοῖς
463 2233 859 2286 ὑποϐάλλουσιν.
903 2235 1075 2302 Ὅπερ
1119 2234 1370 2294 πολλάκις
1401 2233 1618 2294 πολλοὺς

101 2324 370 2384 ποιοῦντας
401 2325 712 2393 ἐπίσταμαι,
751 2326 841 2377 καὶ
871 2324 1027 2377 πλέον
1059 2326 1090 2392 ἢ
1123 2324 1244 2393 χρὴ,
1277 2326 1364 2374 ἐπὶ
1404 2325 1618 2392 μικραῖς

102 2413 491 2480 ἀναπτομένους
523 2414 868 2482 προφάσεσιν.

1723 1806 2008 1855 commota,
2060 1801 2111 1844 et
2144 1798 2208 1848 ad
2242 1813 2450 1849 clunem
2501 1797 2733 1864 ipsorum
2790 1799 2980 1848 malam
3036 1793 3254 1845 fraudu-

1722 1885 1938 1938 lentiam
1983 1889 2156 1940 evadit
2206 1887 2499 1955 aptissima,
2547 1888 2682 1939 unde
2729 1896 2910 1948 noctu,
2948 1893 3000 1937 et
3029 1883 3250 1936 interdiu

1723 1973 1888 2039 ipsam
1924 1977 2146 2029 turbare
2188 1979 2365 2029 nullus
2419 1992 2602 2029 eorum
2643 1985 2870 2037 recusat,
2907 1975 2998 2029 sed
3046 1974 3255 2040 quando

1726 2061 1949 2113 viderint
1983 2079 2098 2115 eam
2146 2065 2554 2116 mansuetudine
2598 2063 2870 2129 illigatam,
2917 2073 3042 2115 tunc
3085 2061 3256 2128 justus

1723 2150 1790 2202 ob
1823 2162 2107 2217 praltextus
2150 2154 2430 2207 confestim
2479 2155 2620 2205 illam
2661 2155 2961 2213 exsolvunt,
2991 2163 3047 2203 ιιι
3074 2151 3254 2202 cﬂ‘eeta

1723 2240 1890 2305 magis
1923 2251 2097 2302 acuta,
2131 2243 2194 2293 ad
2227 2243 2421 2294 ferinas
2452 2244 2615 2294 etiam
2645 2242 2878 2309 ipsorum
2909 2241 3256 2308 COgitatiom-s
3298 2284 3302 2288 .

1722 2331 2172 2393 accommodetur;
2199 2331 2352 2399 517
2390 2333 2509 2383 ideo
2537 2344 2813 2384 necessum
2840 2339 2941 2392 est,
2975 2345 3071 2381 nec
3098 2327 3258 2395 justis

1724 2429 1820 2467 nec
1851 2417 2063 2482 injustis
2093 2421 2157 2472 de
2199 2422 2357 2473 rebus
2387 2435 2502 2474 eam
2557 2421 2786 2482 irritare,
2835 2435 3002 2487 neque
3043 2419 3258 2471 noxium

101 2521 274 2557 ensem
308 2507 538 2572 przebere
571 2508 1009 2574 suggerentibus;
1075 2507 1213 2575 quod
1267 2520 1496 2574 persaepe
1536 2502 1731 2559 multos
1773 2507 1960 2564 fecisse
2003 2513 2143 2576 novi,
2186 2523 2237 2565 et
2269 2513 2388 2581 plus
2428 2527 2586 2580 quam
2647 2520 2932 2579 Oporterct,
2975 2525 3161 2576 parvos
3193 2508 3261 2558 ob

101 2603 397 2657 prmtextus,
430 2608 734 2646 succensos.

673 2709 912 2762 ΚΕΦΑΛ.
973 2710 1045 2764 E'.

178 2798 343 2866 ’Υπὲρ
359 2798 499 2858 τίνος
525 2799 780 2868 γὰρ,εξπὲ
812 2815 920 2867 μοι,
938 2800 1029 2850 καὶ
1050 2796 1401 2865 προσπίπτεις
1429 2794 1627 2862 ταχέως

2324 2709 2547 2765 CAPUT
2589 2709 2648 2762 Υ.

1785 2791 1989 2847 Etenim
2027 2795 2114 2849 die
2136 2797 2293 2850 etiam
2335 2797 2483 2858 mihi,
2525 2809 2692 2863 quare
2751 2795 2994 2846 celeriter
3029 2794 3257 2861 procidis

101 2891 174 2951 εἰς
205 2890 401 2956 μάχην,
433 2889 583 2956 εἴπερ
615 2888 930 2958 βρωμάτων,
961 2889 1050 2940 καὶ
1079 2887 1252 2955 δόξης,
1286 2887 1377 2937 καὶ
1414 2885 1626 2953 χρημά-

1728 2883 1778 2934 in
1812 2899 2006 2951 pugna,
2050 2887 2309 2954 siquidem
2350 2901 2524 2949 escas,
2559 2893 2610 2937 et
2640 2884 2885 2953 gloriam,
2924 2891 2975 2934 et
3015 2883 3262 2949 pecunias

103 3000 201 3034 των
232 2982 742 3050 καταπεφρόνηκαςς
774 2982 826 3031 τί
863 2981 918 3032 δὲ
957 2981 1172 3047 τρέφεις
1210 2978 1298 3028 τὸν
1338 2977 1491 3035 κύνα,
1525 2992 1628 3044 μη-

101 3070 182 3121 δὲν
212 3071 352 3136 ἔχειν
380 3067 831 3135 ἐπαγγελλόμενος
858 3084 871 3132 ;
906 3068 965 3119 Ei
995 3068 1050 3118 δὲ
1078 3061 1224 3126 οὗτος
1255 3065 1488 3125 ὑλακτεῖ,
1538 3063 1629 3115 καὶ

101 3163 206 3221 τοῖς
237 3159 535 3227 ἀνθρώποις
568 3160 871 3226 ἐπέρχεται,
897 3156 1154 3226 πρόδηλος
1185 3151 1233 3206 εἴ
1261 3155 1402 3206 ἔνδον
1431 3170 1627 3220 κεκτη-

107 3249 257 3314 μένος
285 3247 422 3308 τινὰ,
461 3249 548 3299 καὶ
589 3247 756 3298 ταῦτα
790 3245 1076 3312 φυλάσσειν
1107 3243 1436 3312 βουλόμενος.
1489 3242 1627 3294 Ἀλλ’

105 3337 207 3402 ἐγὼ
251 3337 340 3388 τὸν
377 3337 607 3389 τοιοῦτον
656 3337 867 3404 μακρὰν
905 3335 1146 3399 καθαρᾶς
1187 3332 1484 3401 προσευχῆς
1514 3332 1628 3383 πεί-

105 3425 262 3495 θομαι
305 3423 438 3478 εἶναι
470 3427 718 3494 λυμεῶνα
760 3427 845 3478 τὸν
877 3426 1043 3492 θυμὸν
1088 3425 1186 3491 τῆς
1226 3424 1478 3491 τοιαύτης
1510 3425 1626 3474 ὲπι-

109 3514 386 3580 στὰμενος.
439 3513 575 3580 Πρὸς
608 3513 661 3562 δὲ
695 3512 898 3570 τούτοις
946 3509 1222 3578 θαυμάζω,
1268 3512 1341 3572 ὠς
1391 3509 1481 3562 καὶ
1522 3509 1629 3562 τῶν

107 3604 270 3668 ἁγίων
302 3601 744 3670 ὲπιλελησμένων,
769 3601 853 3652 τοῦ
875 3601 968 3669 μὲν
986 3600 1144 3653 Δαϐὶδ
1173 3601 1414 3668 βοῶντος,
1443 3617 1460 3650 ι
1486 3597 1628 3651 Παῦ-

110 3709 191 3747 σαι
224 3691 329 3744 ἀπὸ
356 3691 544 3759 ὀργῆς,
576 3691 668 3742 καὶ
701 3689 1023 3755 ἐγκατάλιπε
1055 3690 1235 3758 θυμόν·
1273 3709 1290 3740 ι
1322 3689 1414 3741 τοῦ
1443 3689 1496 3740 δὲ
1514 3690 1630 3740 Ἑκ-

109 3780 427 3847 κλητιαστοῦ
479 3780 954 3846 παραγγέλλοντος,
1013 3797 1031 3828 ‹
1092 3779 1414 3844 Ἀπόστησον
1465 3777 1630 3842 θυμὸν

107 3869 210 3919 ἀπὸ
239 3869 458 3933 καρδίας
489 3883 598 3927 σου,
641 3867 730 3916 καὶ
759 3867 967 3931 πάραγε
997 3865 1252 3932 πονηρίαν
1284 3862 1386 3914 ἀπὸ
1436 3864 1630 3930 σαρκός

109 3972 230 4008 σου·
272 3976 290 4003 ι
325 3955 415 4004 τοῦ
453 3955 506 4004 δὲ
559 3953 871 4004 ’Λποστόλου
916 3953 1360 4021 προστάσσοντος,
1401 3969 1417 4000 ‹
1454 3951 1630 4019 Χωρὶς

106 4045 304 4112 ὀργῆς,
355 4044 446 4093 καὶ
490 4042 843 4111 διαλογισμῶν
889 4044 945 4093 ὲν
993 4041 1151 4094 παντὶ
1203 4043 1347 4109 τόπῳ
1392 4042 1632 4110 ἐπαίρειν

106 4135 250 4193 ὁσίας
283 4135 466 4200 χεῖρας
494 4132 623 4200 πρὸς
653 4132 899 4198 Κύριον.»
917 4132 979 4183 Τί
1007 4131 1062 4183 δὲ
1083 4132 1142 4182 οὐ
1169 4131 1504 4199 μανθάνομεν
1530 4131 1634 4182 ἀπὸ

106 4225 200 4292 τῆς
227 4223 335 4272 τῶν
359 4220 650 4288 ἀνθρώπων
676 4222 953 4288 μυστικῆς,
987 4221 1080 4272 καί
1105 4221 1330 4278 παλαιᾶς
1357 4220 1636 4287 συνηθείας

105 4313 397 4378 διωκούση;
429 4313 488 4362 ὲκ
515 4311 618 4363 τῶν
633 4312 790 4362 οἴκων
819 4312 938 4370 τοὺς
964 4310 1126 4370 κύνας
1156 4311 1209 4358 ὲν
1237 4308 1310 4377 τῷ
1340 4310 1510 4376 καιρῷ
1537 4309 1634 4376 τῆς

110 4403 427 4470 προσευχῆς,
459 4402 549 4451 καὶ
584 4399 739 4451 τοῦτο
787 4399 1175 4466 αἰνιττομένης,
1207 4399 1279 4460 ὡς
1307 4399 1365 4448 οὑ
1395 4398 1474 4448 δεῖ
1504 4414 1635 4464 συμ-

109 4492 345 4559 παρῆναι
391 4493 499 4552 τοῖς
555 4488 996 4556 προσευχομένοις
1043 4487 1239 4554 θυμόν;
1285 4487 1394 4538 Καὶ
1443 4485 1632 4538 πάλινο

113 4599 130 4630 ι
189 4579 367 4647 Θυμὸς
412 4577 708 4645 δρακόιτων
753 4578 780 4627 ὁ
821 4571 956 4637 οἶνος
1003 4575 1196 4629 αὐτῶν.
1237 4594 1254 4625 ι
1290 4576 1443 4627 υῖνου
1493 4574 1548 4626 δὲ
1588 4577 1635 4626 οἱ

109 4669 394 4736 Ναζιραῖοι
441 4669 740 4734 ἀπείχοντο.
785 4666 955 4735 Χολὴν
1004 4666 1057 4717 δὲ
1102 4669 1192 4719 καὶ
1218 4665 1383 4734 ὀσφὺν
1421 4667 1637 4735 ἄϐρωτα

107 4761 216 4815 τοῖς
264 4757 401 4816 θεοῖς
428 4773 508 4817 τις
553 4755 662 4806 τῶν
702 4755 892 4820 ἔξωθεν
931 4756 1102 4820 σοφῶν
1138 4756 1445 4824 ἀπεφήνατο
1478 4753 1635 4817 εἶναι,

108 4846 207 4894 οὐκ
238 4843 407 4903 εἰδὼς,
448 4842 615 4911 οἶμαι,
659 4846 685 4895 ὃ
714 4845 912 4911 ἔλεγεν,
944 4838 1017 4896 ὦν
1057 4845 1115 4895 τὸ
1149 4846 1245 4914 μὲν
1274 4847 1457 4914 ὀργῆς,
1485 4847 1544 4897 τὸ
1582 4845 1637 4896 δὲ

109 4932 304 4995 ἀλόγου
354 4931 640 4997 ἐπιθυμίας
691 4935 861 5000 ἔγωγε
916 4934 1176 5002 σύμΰολον
1221 4929 1356 4986 εἶναι
1415 4934 1632 5001 νομίζω.

112 5021 248 5086 Περὶ
276 5017 329 5070 δὲ
367 5017 458 5068 τοῦ
489 5020 562 5086 μὴ
591 5021 696 5071 δεῖν
727 5026 990 5092 μεριμνᾷν
1036 5024 1339 5090 ἐνδυμάτων
1371 5024 1570 5085 ἕνεκεν,
1603 5024 1633 5090 ἢ

113 5107 434 5177 βρωμάτων,
476 5109 720 5174 περιττὸν
761 5107 907 5176 οἶμαι
953 5112 1012 5163 τὸ
1062 5114 1307 5182 γράφειν,
1338 5111 1498 5164 αὐτοῦ
1546 5113 1638 5164 τοῦ

113 5199 360 5264 Σωτῆρος
385 5196 539 5266 ἡμῶν
567 5198 622 5248 ἐν
653 5199 760 5256 τοῖς
788 5198 1130 5266 Εὑαγγελίοις
1158 5201 1637 5269 ἀπαγορεύσαντος,

122 5305 144 5340 ι
177 5285 267 5354 Μὴ
300 5291 660 5355 μεριμνήσητε
689 5287 813 5354 γὰρ,
847 5289 991 5355 φησι,
1023 5293 1086 5358 τῇ
1115 5289 1255 5358 ψυχῇ
1287 5289 1433 5356 ὑμῶν
1462 5289 1511 5340 τί
1542 5291 1640 5355 φάο

114 5391 271 5445 τητε,
299 5377 332 5443 ἦ
362 5375 412 5427 τί
442 5375 594 5444 πίητε
629 5377 659 5444 ἦ
691 5376 739 5427 τί
767 5377 1150 5445 περιϐαλείσθε.
1194 5399 1210 5430 ι
1261 5378 1508 5430 Ἐθνικῶν
1539 5380 1641 5448 γὰρ

192 5536 213 5565 ⁵
245 5531 386 5585 Psal.
425 5548 609 5594 XSX‘I,
640 5536 689 5586 8.
765 5533 783 5560 "
829 5532 996 5587 Ecrlc.
1044 5549 1113 5594 xi,
1155 5531 1233 5581 il).

1309 5534 1323 5558 τ
1363 5532 1374 5581 Ι
1409 5533 1544 5585 Tim.
1584 5537 1714 5594 ",8.

1731 2974 2055 3039 despexisti?
2084 2977 2270 3043 ecquid
2301 2986 2477 3028 autem
2521 2977 2692 3028 nutris
2723 2989 2933 3036 canem,
2982 2989 3101 3025 eum
3136 2973 3260 3021 nihil

1733 3065 2004 3129 possidere
2052 3066 2388 3132 proﬁtearis?
2419 3066 2474 3118 Si
2519 3077 2644 3116 vero
2671 3062 2715 3116 is
2740 3063 2977 3121 allatret,
3011 3069 3060 3113 et
3095 3061 3143 3111 in
3169 3061 3263 3109 lm-

1733 3153 1902 3207 mines
1925 3153 2141 3217 insiliat,
2173 3153 2513 3206 manifestum
2545 3162 2646 3213 est,
2682 3150 2822 3220 quod
2851 3151 2994 3202 intus
3028 3148 3265 3215 possides

1733 3244 1930 3310 aliqua,
1953 3259 2120 3311 eaque
2165 3243 2296 3296 velis
2329 3244 2615 3296 custodire.
2647 3241 2756 3309 Ego
2782 3255 2906 3293 vero
2936 3241 3074 3291 lmue
3110 3238 3262 3289 talem

1733 3333 1916 3399 procul
1969 3348 1999 3384 a
2063 3348 2195 3399 pura
2235 3334 2473 3383 oratione
2525 3331 2709 3383 abesse
2750 3329 2879 3382 mihi
2939 3328 3261 3395 persuadeo,

1733 3435 1852 3474 cum
1895 3422 2058 3490 probe
2088 3421 2276 3483 sciam,
2304 3421 2443 3487 quod
2474 3418 2748 3473 iracundia
2781 3419 3042 3471 orationis
3081 3415 3264 3481 hujus—

1734 3511 1941 3564 cemodi
1978 3512 2043 3565 sit
2083 3512 2214 3563 lues.
2262 3510 2480 3578 insuper
2523 3509 2781 3571 admiror,
2835 3508 2976 3576 quod
3017 3517 3066 3560 et
3099 3506 3262 3558 sancti

1735 3600 1985 3653 oblivioni
2012 3600 2213 3656 fuerint
2243 3600 2497 3664 mandati,
2535 3609 2646 3654 tum
2682 3598 2868 3660 David,
2905 3597 2993 3664 qui
3040 3597 3262 3647 clamat:

1742 3690 1961 3743 «Desine
1980 3690 2046 3741 ab
2072 3690 2171 3749 ira,
2195 3699 2248 3740 et
2266 3688 2576 3754 derelinque
2594 3687 2823 3739 furorem
2846 3687 2918 3750 ⁸;ι
2956 3695 3062 3738 tum
3089 3683 3268 3734 Eccle—

1735 3775 1926 3827 siastes
1974 3770 2065 3839 qui
2108 3771 2362 3838 praecipit:
2401 3789 2418 3820 ς
2442 3770 2609 3822 Aufer
2654 3771 2788 3821 iram
2821 3785 2850 3820 a
2875 3769 3035 3820 corde
3072 3776 3182 3827 tuo,
3214 3777 3266 3817 et

1734 3877 1919 3915 amove
1958 3860 2212 3913 malitiam
2244 3875 2274 3912 a
2323 3875 2482 3915 carne
2515 3871 2604 3913 tua
2640 3859 2688 3923 ⁶;
2721 3878 2739 3910 ›
2800 3867 2912 3911 tttm
2963 3857 3264 3924 Apostolus,

1735 3954 1824 4022 qui
1876 3951 2109 4006 mandat:
2165 3970 2183 4004 ι
2217 3953 2430 4020 Absque
2481 3949 2878 4011 iracundia,.et
2929 3946 3264 4015 disceptatio-

1738 4046 1893 4121 nibus
1923 4046 1974 4098 iu
2005 4046 2147 4100 omni
2181 4046 2298 4099 loco
2325 4044 2578 4097 extollere
2614 4051 2827 4095 sanctas
2860 4056 3048 4093 manus
3071 4037 3138 4090 ad
3169 4037 3270 4088 Dn-

1739 4138 1940 4191 minum
1961 4138 1996 4190 ⁷.
2023 4157 2040 4187 ι
2073 4137 2272 4204 Ecquid
2302 4149 2429 4188 vero
2460 4149 2564 4186 non
2588 4133 2873 4185 ediscimus
2906 4132 2971 4182 ab
3001 4127 3266 4179 hominum

1740 4227 1981 4294 mystica,
2027 4233 2080 4276 et
2120 4233 2322 4276 vetusta
2366 4223 2744 4275 consuetudine
2791 4217 3078 4285 depellendi
3110 4231 3269 4268 canes

1737 4332 1801 4368 ex
1826 4317 2029 4368 :edibus
2051 4323 2286 4382 tempore
2308 4313 2596 4371 orationis;
2635 4324 2752 4376 qua:
2780 4307 3108 4360 consuetudo
3144 4306 3265 4357 illud

1738 4405 2066 4458 subobscure
2100 4403 2386 4463 indicabat,
2417 4399 2559 4467 quod
2601 4397 2852 4450 nimirum
2876 4409 2980 4447 non
3009 4402 3265 4461 oporteat.

1738 4497 1896 4550 simul
1932 4495 2117 4548 adesse
2146 4493 2426 4546 orantibus
2450 4487 2800 4543 iracundiam:
2830 4495 3110 4553 etrursus:
3152 4502 3167 4532 ι
3191 4483 3266 4535 Ira

1738 4587 2028 4640 draconum
2078 4583 2259 4634 vinum
2311 4581 2539 4634 eorum".
2586 4597 2604 4630 ι
2634 4575 2769 4630 Vino
2821 4585 2996 4651 autem
3035 4573 3264 4625 abstine-

1744 4674 1868 4726 bant
1889 4671 2121 4724 Nazarzei
2145 4687 2156 4723 :
2177 4671 2269 4724 sed
2291 4678 2341 4723 et
2365 4670 2580 4737 quidam
2604 4682 2664 4720 ex
2684 4663 2948 4734 profanis,
2976 4675 3066 4713 seu
3096 4659 3266 4712 ethni~

1740 4765 1817 4818 cis
1858 4763 2185 4831 sapientibus
2224 4761 2522 4823 allirmavit,
2570 4758 2660 4822 fel,
2688 4763 2846 4824 atque
2894 4755 2978 4806 ilia
3028 4749 3130 4801 diis
3163 4766 3266 4801 nm:

1739 4865 1857 4903 esse
1893 4848 2264 4910 comestibilia,
2306 4845 2547 4898 nesciens
2580 4843 2756 4910 518,
2804 4850 2931 4907 puto
2960 4839 3099 4908 quod
3128 4838 3266 4890 dicr—

1742 4935 1848 4998 bat;
1892 4948 2118 5000 quorum
2160 4931 2284 4982 illud
2329 4928 2541 4996 quidem
2599 4925 2904 4989 iracnudize,
2958 4925 3058 4979 ista
3096 4935 3266 4976 autem

1743 5020 1986 5072 belluiuze
2004 5016 2307 5081 cupiditatis
2329 5022 2480 5064 uetas
2503 5025 2620 5064 esse
2641 5011 2891 5064 arbitror.
2922 5011 3073 5076 Quod
3097 5019 3264 5061 anteiu

1743 5126 1846 5164 non
1895 5115 2136 5174 oporteat
2179 5105 2461 5157 sollicitum
2529 5116 2646 5156 esse
2688 5101 2752 5156 de
2794 5101 3144 5160 indumentis,
3178 5109 3266 5149 aut

1742 5198 1954 5260 eduliis,
1991 5209 2442 5263 supervacaneum
2476 5194 2665 5262 opinor
2700 5194 2967 5253 scribere;
2999 5204 3115 5242 cum
3157 5187 3268 5256 ipse

1746 5289 1984 5343 Salvator
2026 5297 2204 5338 uoster
2244 5286 2294 5336 iu
2337 5283 2634 5355 Evangeliis
2673 5281 3058 5350 prohibuisset;
3099 5278 3269 5346 inquit

1743 5380 1881 5433 enim
1918 5395 1928 5427 :
1972 5394 1988 5424 ι
2027 5376 2196 5427 Nolite
2241 5375 2451 5429 solliciti
2483 5390 2596 5429 esse
2641 5371 2832 5424 aniime
2886 5377 3092 5435 vestr-.13,
3144 5367 3266 5436 quid
3310 5368 3317 5375 '

1793 5533 1810 5561 ‘-
1847 5530 1998 5584 Deut.
2031 5544 2198 5594 xuii,
2229 5528 2313 5580 55.
