4058 6350
150 365 279 427 1209

1137 368 1232 427 DE
1259 365 1642 428 MALIGNIS’
1663 367 1703 426 C
1715 366 1807 426 OG
1817 367 2316 432 ITATIONIBUS.

3172 372 3303 438 1210

145 453 342 547 ἀρετῶν
373 477 656 546 σπέρματα
685 480 1021 549 κεκτημένοι.
1066 482 1209 552 Πλὴν
1240 483 1332 534 ἐάν
1352 500 1427 542 τις
1449 483 1667 553 χρονίσῃ
1695 485 1720 540 Α

1802 500 1977 554 smper
2019 487 2274 550 retinere;
2304 486 2442 540 sicut
2478 501 2506 539 e
2542 496 2750 550 contra,
2786 485 2942 554 520
2983 501 3102 538 cum
3138 488 3302 540 virtu-

147 567 251 619 τῶν
264 566 558 634 τεμνόντων
579 567 844 636 λογισμῶν
864 571 920 621 ἐν
934 572 999 640 τῇ
1022 570 1168 641 χώρᾳ
1186 573 1276 624 τοῦ
1294 573 1673 642 πειραζομένου

147 656 481 718 καθίσταται,
514 657 606 709 καὶ
655 659 775 710 κατ’
802 661 1000 712 ἐκεῖνον
1030 661 1208 714 λοιπὸν
1237 663 1324 714 τὸν
1369 663 1620 732 λογισμὸν
1647 667 1674 716 6

147 744 421 814 ἄνθρωπος
473 746 780 814 κινούμενος
845 750 1142 818 ἐνεργήσει.
1200 750 1316 801 Τῶν
1379 751 1676 818 ἀγγελικῶν

149 830 433 899 λογισμῶν,
461 837 552 885 καὶ
578 833 683 886 τῶν
703 834 1050 905 ἀνθρωπίνων
1074 837 1164 890 καὶ
1193 838 1298 890 τῶν
1322 842 1384 891 ὲκ
1411 841 1676 909 δαιμόνων

146 920 341 989 ταύτην
382 924 480 992 τὴν
524 923 780 992 διαφοράν
826 929 961 994 μετὰ
989 925 1184 996 πολλῆς
1225 927 1322 996 τῆς
1366 930 1679 998 παρατηρή-

151 1024 282 1070 σεως
308 1010 623 1080 ἐγνώκαμεν
652 1007 806 1076 εἶναι,
848 1014 929 1065 ὅτι
961 1013 1170 1083 πρῶτον
1199 1014 1296 1082 μὲν
1324 1017 1370 1066 οἱ
1406 1015 1681 1082 ἀγγελικοὶ

147 1098 246 1160 τὰς
290 1098 475 1166 φύσεις
523 1100 628 1152 τῶν
684 1104 1019 1171 πραγμάτιον
1071 1105 1544 1173 περιεργάζονται,
1590 1107 1682 1158 καὶ

149 1187 275 1247 τοὺς
319 1189 715 1256 πνευματικοὺς
764 1191 938 1242 αὐτῶν
978 1190 1332 1260 ὲξιχνιάζουσι
1374 1193 1678 1262 λογισμούς.

151 1270 291 1334 Οἷον,
346 1276 489 1338 τίνος
537 1277 695 1345 χάριν
742 1280 1024 1348 γεγένηται
1054 1282 1081 1331 6
1132 1282 1350 1349 χρυσὸς,
1382 1283 1472 1334 καὶ
1516 1283 1600 1335 διὰ
1629 1284 1682 1334 τί

153 1363 474 1432 ψαμμώδης,
519 1367 610 1418 καὶ
639 1369 784 1419 κάτω
816 1386 914 1420 που
943 1372 1054 1446 τοῖς
1085 1371 1287 1437 μορίοις
1332 1372 1429 1439 τῆς
1452 1373 1553 1439 γῆς
1594 1374 1683 1438 ἐγ-

157 1453 542 1522 κατεσπαρται,
580 1456 669 1508 καὶ
710 1458 842 1525 μετὰ
872 1458 1062 1510 πολλοῦ
1111 1460 1374 1526 καμάτου,
1408 1463 1495 1513 καὶ
1524 1462 1681 1512 πόνου

156 1539 491 1608 εὖρίσκεται;
522 1545 665 1606 ὅπως
712 1562 766 1596 τε
805 1547 1040 1615 εὑρεθεὶς
1085 1547 1231 1600 ὕδατι
1273 1548 1541 1612 πλύνεται,
1593 1550 1684 1600 καὶ

155 1630 286 1697 πυρὶ
310 1632 670 1698 παραδίδοται,
695 1635 786 1685 καὶ
809 1634 972 1697 οὕτως
996 1638 1074 1697 είς
1097 1638 1347 1704 τεχνιτῶν
1372 1637 1684 1706 ἐμϐάλλεται

152 1721 358 1784 χεῖρας,
393 1720 499 1771 τῶν
529 1724 817 1773 ποιούντων
846 1725 940 1792 τῆς
981 1725 1178 1794 σκηνῆς
1208 1726 1299 1794 τὴν
1328 1727 1561 1794 λυχνίαν,
1596 1729 1688 1780 καὶ

151 1800 214 1857 τὸ
245 1807 622 1879 θυμιατήριον,
655 1811 746 1863 καὶ
779 1812 873 1874 τὰς
926 1792 1168 1878 ουιωέαξ,
1213 1792 1305 1868 καὶ
1472 1817 1684 1884 φιάλας,
1719 1792 1758 1843 Β

153 1896 212 1946 ὲν
245 1896 333 1958 αἷς
359 1900 543 1952 οὐκέτι
573 1901 664 1952 νῦν
709 1903 848 1954 πίνει
897 1903 984 1955 διὰ
1009 1885 1106 1974 τὴν
1142 1905 1296 1972 χάριν
1325 1905 1414 1957 τοῦ
1445 1907 1688 1975 Σωτῆρος

153 1988 312 2053 ἡμῶν
339 1990 367 2039 6
396 1991 722 2052 Βαῦυλώνιος
753 1992 1019 2059 βασιλεύς,
1052 1993 1263 2046 Κλεόπα
1292 1995 1346 2043 δὲ
1378 1996 1527 2062 φέρει
1557 2014 1686 2064 καρι

154 2073 270 2125 δίαν
299 2075 586 2145 καιομένην
617 2078 715 2129 ὑπὸ
745 2079 942 2131 τούτων
976 2080 1298 2147 μυστηρίων.
1342 2082 1397 2132 Ὀ
1427 2082 1481 2132 δὲ
1510 2082 1692 2149 δαιμο-

158 2161 348 2230 νιώδης
376 2163 646 2231 λογισμὸς,
678 2166 843 2217 ταῦτα
876 2168 971 2235 μὲν
999 2167 1116 2219 οὔτε
1141 2165 1293 2229 οἶδεν,
1327 2169 1445 2221 οὔτε
1476 2173 1692 2221 ἐπίστα-

155 2267 282 2302 ται·
338 2253 501 2320 μόνην
549 2253 600 2304 δὲ
648 2255 745 2322 τὴν
798 2257 984 2324 κτῆσιν
1035 2256 1125 2306 τοῦ
1173 2257 1426 2325 αἰσθητοῦ
1475 2259 1691 2326 χρυσίου

159 2341 467 2403 ὑποϐάλλει,
519 2345 608 2394 καὶ
641 2344 736 2411 τὴν
765 2346 827 2395 ὲκ
869 2345 1053 2396 τούτου
1087 2349 1291 2417 τρυφήν
1327 2365 1383 2398 τε
1425 2351 1514 2400 καὶ
1543 2349 1694 2411 δόξαν

158 2428 420 2496 ἐσομένην
459 2430 741 2496 προλέγει·
774 2432 800 2482 6
829 2432 882 2483 δὲ
911 2432 1237 2502 ἀνθρώπινος
1269 2434 1535 2503 λογισμὸς,
1579 2438 1696 2489 οὐδὲ

155 2519 255 2588 τὴν
274 2521 458 2587 κτῆσιν
476 2522 855 2590 ὲπιζητεῖ,οῦτε
867 2525 1005 2585 τίνος
1023 2544 1084 2576 πε
1095 2543 1168 2592 ριε
1179 2526 1426 2594 ργάζεται
1441 2530 1499 2579 σύ
1509 2529 1696 2596 μὸολον

157 2608 188 2659 ὁ
213 2609 427 2676 χρυσὸς,
460 2609 590 2660 ἀλλὰ
619 2611 773 2678 μόνον
798 2613 874 2671 είς
895 2612 986 2679 τὴν
1010 2615 1242 2665 διάνοιαν
1267 2617 1356 2667 τοῦ
1382 2618 1574 2684 χρυσοῦ
1603 2621 1698 2686 τὴν

163 2699 380 2765 μορφὴν
432 2699 668 2768 είσιρέρει
698 2700 876 2768 ψιλὴν,
909 2701 1104 2762 πάθους
1139 2703 1438 2766 πλεονεξίας
1478 2723 1700 2774 κεχωρι-

162 2789 401 2854 σμένην⁹
458 2789 486 2838 6
529 2776 583 2840 δὲ
645 2791 800 2851 αὐτὸς
856 2791 1040 2856 λόγος.
1087 2795 1176 2842 καὶ
1240 2795 1476 2847 ἐπὶτῶν
1531 2797 1700 2848 ἄλλων

162 2878 500 2944 πραγμάτων
547 2857 1055 2947 ρηθήσεταῖκατὰ
1104 2883 1191 2933 τὸν
1242 2887 1440 2936 κακόνα
1519 2888 1702 2940 τοῦτον

165 2966 441 3033 μυστικῶς
481 2967 896 3035 γυμναζόμενος.

1775 582 1884 626 tum
1942 573 2308 640 possideamus
2379 575 2614 637 semina,
2672 575 2861 626 malam
2932 576 3301 643 cegitationcm

1775 663 1968 714 habere
2003 677 2107 714 non
2151 676 2436 729 possumus
2479 663 2820 714 intentatam:
2857 671 3219 714 verumtamen:
3260 665 3302 714 si

1776 767 1892 820 qua:
1921 752 2298 819 cogitationum
2340 753 2631 803 secantium
2657 750 2855 804 diutius
2889 752 3163 802 immorata
3194 751 3307 802 fue-

1779 844 1866 900 rit.
1912 841 2163 894 tentantis
2209 841 2410 892 obtinet
2441 850 2641 908 partes,
2685 849 2733 894 et
2784 851 2964 908 postea
3012 842 3302 894 secundum

1778 930 1919 983 illam
1974 928 2346 998 cogitationem
2399 929 2557 981 homo
2613 939 2917 983 commotus
2974 930 3302 996 operabitur.

1777 1016 1910 1071 Cum
1965 1018 2131 1069 multa
2170 1017 2541 1070 observatione
2577 1015 2945 1082 cognovimus,
2991 1017 3132 1083 quod
3172 1017 3309 1068 inter

1779 1106 2122 1174 cogitationes
2182 1104 2468 1173 angelicas,
2497 1112 2550 1156 et
2583 1103 2864 1164 humanas,
2911 1119 2972 1156 ac
3004 1119 3095 1156 eas
3127 1119 3245 1171 quae
3277 1119 3306 1155 a

1779 1195 2107 1250 dazmonibus
2157 1196 2493 1261 proveniunt,
2526 1195 2637 1247 hcce
2680 1197 2746 1247 sit
2786 1192 3105 1256 diﬂerenlia,
3151 1193 3309 1244 nimi-

1780 1301 1918 1347 rum,
1941 1285 2079 1351 quod
2111 1284 2340 1351 primum
2363 1284 2575 1350 quidem
2604 1282 2853 1350 angelicae
2886 1292 3104 1334 naturas
3132 1296 3310 1332 rerum

1781 1372 1992 1425 curiose
2041 1385 2103 1423 ac
2132 1370 2411 1439 diligenter
2440 1370 2734 1437 inquirunt,
2767 1384 3032 1436 sensuque
3060 1367 3313 1433 spiritua-

1782 1463 1871 1523 lia,
1902 1476 1993 1512 seu
2021 1460 2370 1526 cogitationes
2411 1457 2644 1524 ipsarum
2688 1455 3026 1520 investigarit.
3079 1453 3313 1519 Exetttpli

1782 1552 1976 1622 gratia,
2007 1564 2172 1616 quare
2226 1547 2424 1600 factum
2481 1546 2640 1597 fuerit
2682 1560 2893 1605 aurum,
2940 1558 3206 1610 quamque
3247 1543 3314 1593 ob

1784 1654 1996 1694 causam
2051 1650 2330 1689 arenosum
2377 1635 2482 1696 sit,
2541 1634 2699 1698 inque
2772 1630 3115 1683 inferioribus
3167 1640 3318 1682 terra:

1789 1732 2022 1794 partibus
2072 1728 2231 1781 fuerit
2278 1727 2714 1784 disseminatum,
2759 1737 2987 1787 cumque
3020 1737 3210 1787 magno
3245 1723 3319 1771 Ia-
3363 1710 3368 1715 ’

1791 1821 1915 1871 bore
1949 1831 2010 1869 ac
2043 1829 2204 1881 opere
2227 1811 2564 1864 inveniatur?
2586 1817 2657 1873 et,
2690 1823 2809 1860 cum
2842 1809 3109 1858 inventum
3141 1806 3318 1865 fuerit,

1790 1922 1896 1973 quo
1928 1914 2081 1972 pacto
2124 1918 2260 1970 aqua
2303 1900 2662 1968 perluitur,.et
2705 1898 2808 1965 igni
2853 1896 3097 1956 traditur,
3142 1896 3323 1960 sicque

1791 1996 1840 2048 in
1874 1994 2137 2044 artificum
2171 1991 2406 2057 injicitur
2443 2003 2650 2050 manus,
2694 1987 2781 2053 qui
2829 1987 3030 2038 faciunt
3073 1985 3322 2036 taberna-

1794 2085 1895 2137 culi
1920 2082 2321 2141 cam‘lelahrum,
2349 2087 2401 2130 et
2434 2077 2786 2138 thuribulum,
2813 2085 2863 2126 et
2883 2074 3184 2125 mortariola
3214 2072 3325 2123 sive

1792 2173 2086 2233 acetabula,
2119 2179 2171 2221 et
2205 2169 2480 2235 phialas”,
2514 2168 2564 2216 in
2596 2166 2790 2230 quibus
2818 2178 2909 2228 per
2939 2163 3162 2230 gratiam
3210 2160 3326 2212 Sal-

1793 2261 1989 2314 vatoris
2034 2257 2200 2312 nostri
2240 2272 2347 2308 non
2392 2254 2616 2321 amplius
2661 2266 2800 2304 nunc
2841 2250 2972 2301 bibit
3005 2248 3327 2315 Babylonius

1794 2366 1921 2413 rex;
1973 2347 2064 2399 sed
2116 2345 2180 2397 ab
2210 2344 2326 2396 istis
2364 2339 2712 2395 sacramentis
2752 2337 2948 2402 Cleopa
2995 2335 3094 2388 fert
3115 2349 3208 2387 eor
3240 2349 3327 2386 ar-

1796 2436 1997 2492 dens".
2033 2433 2225 2486 Verum
2260 2429 2582 2484 daemoniaca
2611 2426 2867 2495 cogitatio
2908 2439 3006 2476 nec
3030 2423 3178 2476 novit
3205 2421 3328 2484 ista,

1800 2543 1896 2581 nec
1943 2522 2194 2589 scit;sed
2240 2521 2405 2574 solam
2453 2518 2570 2570 auri
2622 2515 2891 2572 sensibilis
2936 2515 3328 2582 possessionem

1799 2615 2134 2684 impudenter
2169 2610 2422 2679 suggerit,
2465 2617 2517 2659 et
2546 2606 2784 2666 delicias,
2829 2617 2947 2670 qua:
2977 2603 3100 2654 inde
3142 2615 3333 2667 prove-

1801 2708 1971 2767 niunt,
2025 2713 2183 2770 atque
2224 2701 2456 2751 futuram
2506 2695 2731 2762 gloriam
2781 2692 3050 2760 przedicit;
3099 2691 3332 2742 humana

1802 2812 1928 2852 vero
1972 2794 2220 2860 cogitatio
2309 2805 2405 2843 nec
2455 2786 2847 2855 possessionem
2903 2783 3114 2850 quaerit,
3167 2794 3335 2846 neque

1804 2887 1961 2955 cujus
1990 2886 2063 2937 rei
2097 2896 2288 2936 aurum
2321 2880 2390 2932 sit
2422 2877 2741 2946 symbolum,
2767 2888 2863 2926 seu
2891 2872 3099 2939 signum
3129 2870 3337 2922 curiose

1806 2977 2078 3045 disquirit,
2109 2973 2200 3028 sed
2221 2967 2553 3024 solummodo
2579 2966 2630 3018 in
2658 2970 2888 3016 mentem
2916 2958 3204 3013 introducit
3224 2956 3338 3009 auri

163 3053 395 3107 formam
441 3066 734 3124 separatam
767 3059 832 3109 ah
873 3060 1107 3112 avaritia:
1149 3064 1431 3128 passione:
1481 3067 1659 3136 itaque
1709 3071 1847 3125 idem
1913 3078 2108 3128 sermo,
2135 3071 2190 3116 et
2245 3061 2312 3113 de
2370 3055 2574 3111 caeteris
2599 3053 2718 3106 aliis
2747 3050 3021 3112 dicendus,
3051 3045 3336 3100 secundum

164 3145 310 3197 hanc
337 3148 567 3212 regulam
602 3149 820 3216 mystice
851 3150 1190 3203 exercitatus.

757 3263 974 3314 ΚΕΦΛΛ
986 3303 997 3315 .
1039 3266 1116 3316 H'.

245 3369 398 3423 Ἐστι
431 3370 651 3440 δαίμων,
686 3374 878 3435 πλάνος
909 3376 1212 3443 λεγόμενος,
1248 3381 1337 3430 καὶ
1369 3380 1472 3433 ὑπὸ
1503 3382 1599 3450 τὴν
1637 3384 1710 3434 ’έω

169 3458 408 3525 μάλιστα
449 3464 558 3523 τοῖς
602 3463 844 3529 ἀδελφοῖς
878 3466 1218 3531 παρίσταται,
1268 3468 1412 3527 ὅστις
1461 3470 1710 3536 περιάγει

165 3547 268 3600 τοῦ
296 3551 644 3617 ἀναχωρητοῦ
673 3552 760 3601 τὸν
790 3553 909 3602 νοῦν
941 3554 1042 3603 ἀπο
1074 3554 1276 3616 πόλεως
1304 3558 1380 3617 εἰς
1419 3558 1587 3617 πόλιν,
1623 3560 1713 3610 καὶ

167 3637 283 3688 ἀπ’)
331 3639 503 3700 οἰκίας
537 3641 614 3698 είς
647 3640 840 3704 οἰκίαν,
895 3643 986 3692 καὶ
1019 3643 1122 3694 ἀπὸ
1165 3643 1352 3714 κώμης
1385 3647 1460 3708 εἰς
1502 3648 1711 3715 κώμην,

167 3723 336 3792 ψιλὰς
364 3726 521 3794 δῆθεν
556 3728 764 3797 πρῶτον
804 3731 901 3792 τὰς
932 3734 1210 3800 συντυχίας
1256 3737 1586 3802 ποιούμενον,
1625 3738 1716 3788 καὶ

170 3819 470 3887 γνωρίμοις
492 3817 599 3869 τισὶ
625 3818 969 3884 τυγχάνοντα,
995 3821 1084 3868 καὶ
1108 3819 1358 3869 λαλοῦντα
1391 3823 1713 3888 μακρότερα,

171 3910 276 3970 καὶ
303 3909 398 3976 τὴν
431 3908 632 3957 οίκείαν
667 3908 797 3975 πρὸς
825 3909 944 3965 τοὺς
995 3908 1345 3969 ἀπαντῶντας
1397 3910 1717 3960 κατάστασιν

171 3997 573 4064 διαφθείροντα,
605 3996 697 4044 καὶ
725 3995 934 4062 μακρὰν
961 3995 1254 4062 γινόμενον,
1282 3997 1397 4048 κατ’
1428 4000 1601 4065 ὀλίγον
1625 3999 1716 4066 τῆς

173 4069 433 4156 γνώσεως
461 4084 552 4135 τοῦ
578 4085 730 4148 Θεοῦ,
778 4086 869 4136 καὶ
898 4085 993 4153 τῆς
1028 4087 1244 4155 ἀρετῆς,
1293 4090 1383 4139 καὶ
1412 4088 1502 4140 τοῦ
1551 4091 1717 4154 ἐπαγ-

173 4177 452 4245 τέλματος
477 4173 639 4242 λήθην
668 4174 1026 4241 λαμϐάνοντα.
1055 4179 1143 4227 Δεῖ
1164 4174 1252 4228 οὖν
1277 4178 1364 4228 τὸν
1382 4159 1723 4244 ’ἀναχωροῦν-

180 4283 275 4328 τα,
308 4262 492 4316 τοῦτον
523 4266 726 4330 τηρεῖν,
759 4265 916 4313 πόθεν
942 4281 996 4314 τε
1025 4266 1268 4332 ἄρχεται,
1315 4266 1404 4316 καὶ
1430 4266 1526 4316 ποῦ
1559 4283 1723 4316 κατα-

179 4357 362 4439 λήῖεν
407 4354 464 4404 οὗ
500 4352 604 4418 γὰρ
638 4353 777 4416 είκῆε
811 4353 925 4403 οὑδὲ
957 4353 1028 4413 ὡς
1063 4353 1215 4420 ἔτυχε
1267 4355 1470 4421 μακρὸν
1522 4357 1722 4404 ἐκεῖνον
1769 4349 1778 4352 ”

180 4447 386 4502 κύκλον
432 4450 730 4517 ἐργάζεται,
783 4444 911 4495 ἀλλὰ
953 4446 1048 4512 τὴν
1097 4445 1417 4493 κατάστασιν
1462 4441 1550 4492 τοῦ
1600 4445 1722 4492 ἀνα-

2283 3257 2436 3325 521
2479 3249 2701 3308 CAPUT
2739 3247 2874 3300 Vlll.

1880 3372 2160 3441 Reperitur
2193 3367 2420 3424 daemon,
2453 3361 2544 3428 qui
2575 3358 2768 3410 dicitur
2795 3355 3064 3420 deceptor,
3117 3358 3170 3403 et
3211 3363 3344 3415 prac-

1811 3464 1990 3518 sertim
2023 3462 2122 3513 sub
2153 3470 2398 3512 auroram
2441 3451 2697 3505 fratribus
2731 3455 2886 3509 astat,
2916 3444 3007 3512 qui
3046 3441 3343 3496 secedentis

1813 3553 2149 3608 anachoreta:
2178 3554 2406 3600 mentem
2435 3537 2750 3605 circumagit
2780 3551 2810 3588 e
2838 3536 3049 3589 civitate
3079 3533 3131 3584 in
3161 3532 3346 3584 civita-

1814 3655 1943 3706 tem,
1977 3651 2031 3695 et
2066 3656 2095 3693 e
2127 3640 2286 3692 domo
2320 3637 2370 3688 in
2397 3634 2636 3693 domum,
2671 3638 2722 3682 et
2752 3642 2782 3680 e
2813 3626 2929 3679 vico
2964 3627 3018 3676 in
3063 3623 3260 3684 vicum,
3294 3625 3343 3672 in

1815 3730 2005 3799 primis
2038 3726 2283 3778 videlicet
2313 3718 2576 3786 simplicia
2626 3717 2905 3768 habentem
2953 3710 3250 3775 colloquia,
3296 3715 3346 3758 ct

1817 3834 1939 3870 cum
1973 3812 2290 3881 quibusdam
2323 3807 2550 3874 cognitis
2581 3810 3008 3860 conversantem,
3041 3809 3196 3864 atque
3226 3812 3346 3863 pro-

1819 3905 1982 3959 lixius
2012 3902 2420 3966 colloquentem,
2445 3891 2825 3961 propriumque
2857 3898 3051 3942 statum
3075 3888 3136 3938 ad
3162 3887 3347 3938 obvios

1818 4012 1924 4050 non
1951 3999 2271 4051 servantem,
2309 3996 2360 4040 et
2390 3982 2640 4052 paulatim
2684 3994 2803 4033 sese
2839 3979 3019 4046 procul
3061 3991 3089 4032 a
3124 3975 3214 4028 Dei
3257 3990 3348 4028 co-

1820 4086 2051 4155 gnitione
2081 4081 2436 4145 elongantem,
2471 4074 2826 4138 virtutemque
2859 4084 2920 4121 ac
2960 4066 3343 4135 professionem

1821 4175 2072 4229 oblivioni
2107 4171 2468 4223 mandantem.
2503 4166 2720 4232 Oportet
2762 4164 2974 4226 itaque,
3021 4158 3158 4225 quod
3203 4171 3351 4208 sece-

1820 4267 1960 4318 dcns'
1987 4262 2305 4314 anachoreta
2350 4265 2516 4308 caute,
2551 4254 2792 4305 observet
2827 4250 3118 4300 daemonem
3166 4247 3347 4306 istum,

1825 4350 1963 4402 unde
1998 4348 2235 4412 incipiat,
2267 4352 2318 4396 et
2355 4356 2460 4408 quo
2490 4340 2727 4399 desinat;
2760 4336 2953 4388 etenim
2991 4348 3092 4384 non
3133 4341 3348 4394 temere,

1824 4454 1995 4506 neque
2019 4451 2145 4490 casu
2177 4435 2390 4502 longum
2433 4432 2578 4482 illum
2627 4426 2884 4479 circulum
2933 4438 3153 4492 operose
3181 4422 3350 4486 ducit;

182 4515 796 4607 XwPUTOGV5t1¢OEEPEtV
845 4533 1176 4600 βουλόμενος,
1217 4531 1381 4582 ταῦτα
1433 4533 1590 4590 ποιεῖ,
1640 4532 1720 4580 ἵνα

1826 4543 2010 4581 verum
2044 4527 2144 4578 ista
2184 4522 2329 4584 facit,
2364 4536 2427 4574 eo
2455 4517 2595 4586 quod
2638 4516 2762 4568 velit
2790 4515 3124 4568 anachoretze
3156 4521 3352 4563 statum

185 4626 476 4685 ἑκκαυθεὶς
503 4628 563 4676 ὲκ
588 4624 785 4675 τούτων
804 4627 830 4674 6
854 4622 994 4687 νοῦς,
1021 4623 1110 4672 καὶ
1137 4624 1195 4672 ἐκ
1228 4621 1331 4671 τῶν
1365 4621 1566 4672 πολλῶν
1604 4637 1725 4670 συν-

186 4715 389 4784 τυχιῶν
427 4711 706 4780 μεθυσθεὶς
750 4710 941 4770 εὐθέως
984 4710 1059 4777 τῷ
1100 4711 1196 4778 τῆς
1241 4711 1510 4777 πορνείας,
1549 4710 1580 4778 ἦ
1631 4711 1725 4778 τῆς

189 4803 385 4873 ὀργῆς,
416 4801 449 4868 ἦ
497 4803 571 4869 τῷ
627 4802 722 4868 τῆς
754 4800 924 4868 λύπης
967 4800 1170 4867 δαίμονι
1222 4800 1506 4868 περιπέσῃ,
1540 4800 1725 4862 οἵτινες

199 4891 433 4944 μάλιστα
471 4889 812 4957 λυμαίνονται
861 4892 958 4957 τῆς
1002 4889 1376 4958 καταστάσεως
1422 4890 1580 4941 αὐτοῦ
1628 4890 1724 4957 τὴν

194 4979 570 5048 λαμπρότητα.
623 4978 761 5029 Ἀλλ’
790 4982 964 5046 ἡμεῖς,
997 4979 1150 5046 εἴπερ
1189 4978 1377 5047 ἔχομεν
1408 4979 1602 5030 σκοπὸν
1634 4977 1724 5029 τοῦ

198 5068 403 5138 γνῶναι
445 5066 626 5132 σαφῶς
654 5066 752 5133 τὴν
782 5069 966 5118 τούτου
1008 5069 1355 5135 πανουργίαν,
1411 5067 1481 5134 μὴ
1527 5066 1729 5132 ταχέως

202 5156 560 5228 φθεγξώμεθα
597 5155 726 5223 προς
758 5155 936 5214 αὑτὸν,
984 5158 1110 5223 μηδὲ
1138 5156 1462 5223 δεικνύωμεν
1493 5154 1558 5205 τὰ
1589 5156 1733 5219 γινό-

202 5265 368 5320 μενα,
418 5246 530 5307 πῶς
573 5244 709 5296 κατὰ
737 5244 830 5313 τὴν
862 5244 1091 5296 διάνοιαν
1134 5247 1230 5306 τὰς
1260 5245 1537 5312 συντυχίας
1569 5245 1730 5311 ἔργά-

200 5339 381 5404 ζεται,
426 5336 516 5387 καὶ
559 5335 675 5386 τίνα
717 5335 909 5402 τρόπον
953 5331 1066 5384 κατ’
1100 5333 1271 5398 ὀλίγον
1316 5333 1613 5384 συνελαύνει
1645 5333 1732 5385 τὸν

198 5424 331 5479 νοῦν
379 5427 508 5494 πρὸς
555 5425 643 5478 τὸν
692 5405 930 5488 θάνατον,
982 5423 1096 5473 ἐπεὶ
1128 5422 1374 5487 φεύξεται
1420 5422 1509 5487 ἀφ’
1557 5423 1729 5490 ἡμῶν·

872 5601 909 5630 ’³
944 5600 1106 5657 Exod.
1139 5615 1257 5660 xxv,
1283 5599 1388 5658 ‘29;
1441 5597 1454 5649 1
1492 5598 1656 5652 Much.
1693 5615 1725 5659 1,
1761 5599 1827 5650 “25
1855 5616 1867 5661 ;
1897 5595 2089 5649 JJ‘t'L‘Hl.
2125 5605 2217 5656 La,
2271 5593 2352 5656 18,
2416 5593 2495 5644 ll).

1828 4617 2151 4684 disperdere,
2177 4628 2239 4666 ac
2267 4624 2626 4678 corrumpere,
2652 4616 2707 4660 ut
2740 4620 2889 4659 mens
2911 4620 2973 4658 ex
3005 4603 3117 4655 istis
3145 4601 3354 4652 inﬂam—

1829 4716 1992 4766 mata,
2042 4713 2091 4756 et
2138 4717 2168 4756 e
2221 4702 2403 4755 multis
2441 4697 2722 4765 colloquiis
2752 4693 3043 4753 inebriata,
3075 4689 3350 4742 confestim

1831 4790 2033 4848 incidat
2067 4792 2118 4844 in
2149 4791 2440 4844 daemonem
2479 4783 2869 4843 fornicationis,
2923 4779 3000 4829 vel
3049 4774 3352 4834 iracundiae,

1829 4883 1909 4935 vel
1939 4880 2186 4943 tristitiae,
2213 4878 2304 4946 qui
2338 4877 2570 4928 maxime
2599 4874 2785 4924 vitiant
2832 4883 2892 4920 ac
2940 4865 3135 4916 laedunt
3182 4870 3355 4915 status

1787 4966 1794 4971 ’
1831 4973 1950 5040 ejus
1979 4971 2303 5024 claritatem.
2329 4965 2437 5018 Nos
2471 4977 2615 5026 vero,
2653 4963 2696 5013 si
2729 4957 3070 5012 intentionem
3103 4953 3356 5005 habemus

1831 5062 2125 5116 luculenter
2171 5053 2507 5124 dignoscendi
2568 5050 2724 5117 hujus
2778 5047 3103 5109 versutiam,
3151 5058 3215 5096 ne
3253 5043 3356 5094 cito

1831 5152 1956 5222 quid
1978 5149 2078 5217 ipsi
2103 5145 2457 5215 proferamus,
2483 5156 2610 5194 neve
2640 5137 3042 5207 patefaciamus,
3067 5147 3183 5201 quae
3205 5131 3353 5190 fiunt,

1835 5219 2098 5310 quomodo
2149 5235 2397 5288 nimirum
2452 5229 2826 5283 intcllectnalia
2874 5226 3156 5280 fabricetur
3194 5219 3358 5271 collo-

1835 5309 1977 5399 quia,
2046 5340 2256 5395 quoque
2317 5331 2468 5391 pacto
2535 5320 2782 5389 paulatim
2839 5323 3065 5374 mentem
3129 5309 3359 5375 compel-

1837 5423 1909 5473 lat
1953 5420 2015 5472 ad
2066 5427 2323 5478 mortem,
2374 5414 2493 5482 quia
2553 5414 2710 5482 fugiet
2752 5425 2809 5491 af
2836 5405 3026 5468 nobis,
3077 5417 3173 5455 nec
3216 5401 3356 5454 enim

3108 5574 3174 5614 uno

3110 5609 3130 5626 1.
3148 5610 3194 5626 ιιι.

2577 5589 2616 5618 ¹³
2679 5585 2955 5645 Luexxw,
2994 5581 3130 5638 Ιῧνῖ
