4058 6350
763 272 889 331 1211

2209 273 2270 331 S.
2294 273 2451 333 NIIJ
3775 265 3901 328 12-12

751 380 976 433 sustinet
1008 377 1192 439 videri,
1223 381 1346 431 dum
1379 378 1490 431 tunc
1523 376 1686 443 facit;
1733 392 1795 431 ae
1838 386 2103 446 postremo
2143 379 2275 432 nihil

2383 381 2596 451 δρᾶσθαι
2645 379 2750 449 γάρ
2797 377 2963 431 ταῦτα
3005 376 3251 446 πράττων
3292 375 3352 429 οὐ
3383 376 3765 444 καταδέχεταιυ
3808 380 3899 430 καὶ

754 470 982 521 sciemus
1012 482 1215 528 eorum,
1248 483 1366 535 quae
1403 469 1581 520 dicere
1629 467 1951 529 studuimus,
1981 483 2162 521 verum
2188 468 2282 523 ad-

2383 474 2526 525 οὐδὲν
2578 470 2758 524 λοιπὸν
2816 469 3065 538 εἰσόμεθα
3117 461 3191 520 ῶν
3254 467 3437 537 μαθεῖν
3479 468 3899 537 ἐσπουδάκαμεν.

754 561 855 612 huc
883 576 1038 611 unam
1074 561 1233 622 diem,
1287 562 1397 633 sive
1430 567 1483 611 et
1521 560 1676 611 aliam
1738 560 2092 614 concedamus
2134 559 2281 628 ipsi,

2392 560 2547 614 Ἀλλὰ
2576 560 2667 612 καὶ
2700 559 2862 627 ἄλλην
2896 558 3020 626 μίαν
3048 556 3281 626 ἡμέραν,
3316 556 3349 625 ἢ
3380 556 3473 609 καὶ
3498 556 3747 625 δευτέραν
3781 573 3905 624 σογ-⁵

756 656 808 698 υι
836 657 1006 699 actum
1056 648 1310 713 perlieiat,
1348 659 1484 712 quo,
1529 645 1805 712 diligenter
1836 645 2004 712 ipsius
2047 645 2279 713 ineptum

2383 650 2710 719 χωρήσωμεν
2732 646 2879 715 αὐτῷ
2903 646 3182 697 τελειῶσαι
3208 644 3266 695 τὸ
3298 644 3535 713 δράγμα,
3561 644 3647 696 ἴνα
3670 645 3901 712 άκριδῶς

756 736 1131 801 stupidumth
1164 734 1430 799 ingenium
1478 732 1878 800 dignoscemus.
1911 733 2139 800 posthaec
2168 747 2281 787 ser-

753 838 907 873 mone
940 824 1110 889 ipsum
1139 822 1413 886 arguendo
1444 823 1789 875 rert-nnusriu
1819 821 2017 891 fugam.

1240 922 1394 999 522
1434 932 1655 987 CAPUT
1695 933 1785 986 ix.

824 1040 923 1091 Sed
961 1040 1211 1107 quoniam
1247 1041 1535 1108 contingit,
1582 1041 1757 1108 quod,
1793 1042 2100 1095 tentalionis
2144 1050 2281 1096 tem-

753 1144 898 1193 pore,
934 1144 1103 1189 IIICIIS.
1151 1144 1271 1182 cum
1306 1131 1373 1184 sit
1400 1130 1661 1184 infuscata
1687 1168 1702 1191 ,
1750 1146 1812 1183 ac
1851 1132 2011 1184 veluti
2050 1133 2281 1185 excitato

2384 735 2639 804 μαθόντες
2684 732 2846 786 αὑτοῦ
2892 733 2953 783 τὸ
3006 732 3345 800 σκαιώρημα,
3388 731 3526 800 λόγῳ
3570 732 3701 799 μετὰ
3739 732 3905 785 ταῦτα

2380 824 2688 890 ὲλέγξαντες
2722 824 2881 875 αὐτὸν
2910 821 3345 889 φυγαδεύσωμεν.

2966 931 3211 983 ΚΕΦΑᾹ.
3251 930 3326 983 Θ’.

2463 1039 2599 1091 Ἀλλ’
2625 1037 2809 1105 ἐπειδὴ
2842 1036 2978 1089 κατὰ
3007 1035 3096 1088 τὸν
3122 1035 3309 1105 καιρὸν
3335 1033 3428 1088 τοῦ
3455 1036 3756 1105 πειρασμοῦ
3785 1052 3904 1104 συμ-

2382 1129 2573 1189 ϐαίνει,
2606 1128 2961 1196 τεθολωμένον
2988 1126 3116 1179 ὄντα
3141 1127 3230 1177 τὸν
3264 1125 3383 1177 νοῦν
3414 1126 3485 1193 μὴ
3518 1126 3755 1194 ἀκριϐῶς
3786 1127 3905 1177 ίδεῐν

753 1218 1028 1269 l'awuleulo
1058 1234 1214 1271 CtBllO
1243 1220 1537 1287 inquinata,
1573 1234 1677 1271 non
1710 1221 1960 1287 perspicit
2002 1221 2281 1288 diligenter

2383 1219 2443 1271 τά
2468 1219 2737 1285 γινόμενα,
2759 1217 2891 1285 μετὰ
2905 1215 3000 1284 τὴν
3031 1213 3369 1284 ἀναχώρησιν
3384 1215 3473 1265 τοῦ
3490 1214 3735 1282 δαίμονος
3759 1214 3905 1265 τοῦτο

752 1321 811 1355 ea
843 1321 958 1371 (μιςιε
987 1308 1154 1371 ‘Iiuut,
1206 1318 1324 1374 post
1367 1323 1634 1361 seCessum
1667 1308 1921 1361 daemonis
1969 1309 2108 1369 istud
2154 1310 2277 1361 fiat:

2377 1307 2620 1374 γινέσθω*
2639 1305 2909 1367 καθεσθεὶς
2926 1305 3041 1357 καθ’
3057 1304 3261 1365 ἑαυτὸν,
3281 1304 3638 1372 μνημόνευσον
3660 1302 3765 1353 τῶν
3782 1320 3906 1370 συμ-

754 1393 1036 1442 (εοηδὶιίυιιε
1069 1392 1204 1457 apud
1250 1394 1475 1458 teipsum
1518 1402 1783 1445 memento
1818 1410 2013 1458 rerum,
2042 1410 2158 1463 quae
2184 1396 2278 1449 tibi

2383 1396 2679 1463 δεδηκότων
2706 1412 2783 1447 σοι
2803 1394 3151 1464 πραγμάτων,
3172 1394 3396 1445 πόθεντε
3409 1392 3552 1462 ἧρξω
3570 1394 3659 1443 καὶ
3671 1391 3768 1442 ποῦ
3784 1392 3907 1444 ἑπο-

753 1488 1045 1532 cveneruut
1097 1482 1358 1533 undeuam
1406 1482 1651 1549 emperis,
1686 1491 1739 1535 et
1782 1499 1887 1550 quo
1935 1486 2275 1551 processeris,

752 1581 924 1631 quove
950 1568 1000 1618 in
1036 1568 1153 1620 loco
1197 1572 1611 1635 comprehensus
1641 1570 1805 1623 fueris
1833 1588 1859 1624 a
1892 1573 2079 1639 spiritu
2113 1573 2276 1625 forni-

2379 1485 2592 1554 ρεύθης,
2613 1486 2703 1535 καὶ
2721 1486 2774 1535 ὲν
2794 1483 2927 1551 ποίῳ
2945 1483 3089 1550 τόπῳ
3106 1481 3433 1549 συνελήφθης
3453 1481 3555 1533 ὑπὸ
3568 1480 3658 1533 τοῦ
3682 1478 3908 1549 πνεύμα-

2378 1593 2466 1636 τος
2501 1576 2594 1641 τῆς
2637 1560 2907 1641 πορνείας,
2953 1569 3112 1638 ῆτῆς
3155 1570 3342 1638 ὀργῆς,
3382 1569 3414 1637 ἢ
3448 1570 3545 1638 τῆς
3587 1570 3776 1640 λύπης,
3814 1572 3907 1623 καὶ

676 1705 682 1711 ,
752 1657 995 1715 catiouis,
1030 1657 1110 1709 vel
1154 1657 1459 1715 iracundia}.
1510 1660 1585 1710 vel
1631 1660 1873 1719 tristitiae,
1918 1672 1971 1712 et
2015 1664 2280 1727 quomodo

2385 1666 2495 1726 πῶς
2537 1665 2706 1716 πάντα
2754 1662 2936 1729 γέγονε
2974 1662 3039 1713 τά
3078 1662 3353 1731 γινόμενα,
3391 1662 3485 1714 καὶ
3519 1660 3701 1727 σαφῶς
3740 1662 3907 1713 ταῦτα

755 1744 891 1794 facta
927 1742 1127 1794 fuerint
1164 1746 1365 1805 omnia,
1396 1760 1514 1811 qua“:
1542 1762 1585 1797 at
1610 1754 1655 1797 ta
1700 1757 1841 1809 stmt,
1886 1763 1948 1800 ac
1991 1749 2285 1801 luculenter

756 1832 858 1884 ista
886 1833 1078 1895 edisee,
1124 1841 1176 1883 et
1204 1834 1390 1883 matula
1426 1836 1725 1899 meuoriaa,
1777 1845 1831 1887 ut
1876 1836 2046 1903 ipsum
2089 1840 2285 1890 ath-n—

756 1928 953 1971 tantem
982 1920 1159 1971 valeas
1194 1935 1442 1985 arguere,
1476 1922 1757 1989 locumque
1800 1924 1866 1976 ab
1899 1924 2015 1991 ipso
2053 1926 2285 1978 abscon-

757 2022 875 2060 sum
923 2006 1115 2069 iudica,
1167 2024 1294 2060 neve
1335 2009 1584 2076 deinceps
1632 2027 1751 2064 cum
1796 2014 2036 2065 secteris.
2075 2012 2130 2065 Si
2160 2030 2285 2068 vero

758 2096 1020 2147 interdum
1052 2098 1181 2149 velis
1205 2098 1254 2148 in
1287 2095 1515 2149 furorem
1546 2114 1755 2165 quoque
1781 2099 1950 2165 ipsum
1977 2116 2286 2167 provocare,

757 2197 878 2233 eum
910 2190 1170 2235 astantem
1198 2184 1375 2234 subito
1404 2198 1599 2249 argue,
1641 2185 1995 2252 primumque,
2032 2188 2081 2238 in
2129 2203 2285 2254 quem

760 2269 980 2335 prodiit,
1017 2269 1188 2321 locum
1218 2270 1517 2334 manifesta,
1545 2279 1598 2325 et
1624 2273 1940 2338 scentulum,
1965 2286 2016 2328 et
2045 2280 2285 2341 tertium;

760 2357 910 2410 valde
946 2373 1174 2424 namque
1221 2357 1321 2409 fert
1355 2374 1521 2427 aigre,
1562 2361 1779 2412 minime
1823 2363 2055 2416 tolerans
2092 2380 2287 2431 oppro-

759 2447 930 2500 brium
953 2465 967 2510 ;
996 2448 1383 2500 demonstratio
1410 2464 1552 2511 vero,
1585 2450 1726 2516 quod
1750 2452 2058 2518 tempestive
2080 2453 2143 2505 ad
2166 2468 2287 2506 eum

762 2534 925 2589 fueris
961 2536 1187 2598 locutus,
1221 2538 1342 2599 erit,
1387 2537 1507 2603 quia
1542 2537 1703 2604 fugiet
1729 2552 1757 2589 a
1794 2547 1843 2591 te
1870 2540 2156 2608 cogitatio:
2182 2556 2287 2597 non

760 2633 842 2677 est
869 2625 1061 2692 quippe
1092 2627 1366 2691 p083ibllt',
1393 2627 1533 2693 quod
1562 2628 1816 2695 deinceps
1841 2638 1999 2691 astet,
2026 2630 2151 2683 dum
2176 2648 2290 2684 ma-

770 2712 960 2764 nifeste
989 2713 1343 2780 redargttilur.
1394 2715 1530 2766 Huic
1562 2728 1687 2767 vero
1721 2716 1947 2769 dtemoui
1980 2720 2175 2772 erroris
2201 2734 2292 2772 su-

762 2810 943 2866 perato
974 2802 1225 2864 succedit,
1259 2816 1350 2854 seu
1393 2801 1734 2869 subsequitur
1774 2806 2120 2871 gravissimus
2149 2821 2292 2859 som-

763 2904 883 2950 nus,
908 2898 960 2941 et
985 2891 1321 2941 mortilicatio
1342 2900 1460 2943 cum
1490 2892 1657 2944 multo
1680 2892 2049 2960 palpebrarum
2071 2894 2286 2963 frigore,

2386 1750 2685 1817 κατάμαθε,
2719 1751 2805 1800 καὶ
2831 1748 3063 1816 παράδος
3092 1752 3155 1817 τῇ
3189 1751 3373 1818 μνήμῃ
3402 1750 3485 1799 ἵνα
3514 1748 3639 1816 ἔχῃς
3676 1749 3907 1816 ἐλέγχειν

2384 1842 2541 1890 αὐτὸν
2584 1838 2888 1905 προσιόντα,
2934 1839 3025 1889 καὶ
3070 1837 3158 1887 τὸν
3207 1838 3576 1905 κρυπτόμενον
3621 1836 3709 1888 ὑπ’
3744 1836 3907 1887 αὑτοῦ

2383 1928 2542 1978 τόπον
2588 1927 2917 1994 καταμήνυε,
2953 1926 3045 1977 καὶ
3074 1927 3172 1978 οὐκ
3216 1927 3589 1995 ἀκολουθήσεις
3624 1927 3766 1994 αὐτῷ
3798 1927 3910 1978 λοι-

2385 2020 2501 2071 πόν.
2573 2020 2632 2069 Εἰ
2679 2018 2733 2068 δὲ
2786 2017 2957 2084 βούλει
3005 2004 3265 2070 ποτεκαὶ
3300 2019 3377 2080 είς
3412 2020 3603 2087 μανίαν
3648 2020 3911 2087 προκαλέ-

2386 2108 2616 2166 σασθαι,
2661 2106 2870 2172 ἔλεγξον
2920 2106 3077 2157 αὑτὸν
3124 2106 3279 2167 εὐθὺς
3320 2108 3640 2170 ἐπιστάντα,
3689 2108 3777 2159 καὶ
3817 2108 3909 2159 τὸν

2386 2196 2596 2265 πρῶτον
2647 2194 2801 2246 τόπον
2853 2196 2929 2256 είς
2978 2194 3035 2245 ὃν
3066 2195 3275 2263 είσῆλθε
3318 2197 3650 2265 φανέρωσον,
3698 2198 3787 2249 καὶ
3818 2198 3909 2248 τὸν

2383 2282 2647 2352 δεύτερον.
2684 2284 2772 2334 καὶ
2823 2284 2912 2334 τὸν
2954 2284 3149 2351 τρίτον,
3198 2283 3335 2335 πάνυ
3367 2284 3471 2352 γάρ
3498 2284 3804 2351 χαλεπαίνει
3833 2284 3905 2351 μὴ

2387 2373 2562 2437 φέρων
2593 2373 2687 2437 τὴν
2722 2373 2975 2440 αἰσχύνην
2999 2386 3013 2401 ⁸
3063 2373 3331 2435 ἀπόδειξις
3380 2375 3436 2425 δὲ
3478 2374 3627 2427 ἔσται
3662 2375 3754 2427 τοῦ
3789 2393 3909 2427 και-

2389 2458 2517 2526 ρίως
2544 2475 2599 2509 σε
2631 2459 2953 2524 φθέγξασθαι
2984 2459 3115 2525 πρὸς
3151 2462 3327 2523 αὐτὸν,
3364 2462 3425 2513 τὸ
3469 2463 3791 2529 πεφευγέναι
3820 2464 3907 2514 τὸν

2385 2546 2636 2616 λογισμὸν
2667 2549 2770 2599 ἀπὸ
2802 2548 2893 2600 σοῦ
2916 2565 2930 2578 ·
2973 2549 3226 2602 ἀδύνατον
3258 2549 3367 2619 γάρ
3388 2550 3568 2602 λοιπὸν
3602 2550 3785 2618 στῆναι
3813 2550 3909 2603 αὖ·

2384 2631 2475 2682 τὸν
2504 2632 2744 2699 φανερῶς
2774 2631 3137 2703 ἐλεγχόμενον.
3181 2635 3377 2688 Τοῦτον
3412 2636 3469 2687 δὲ
3502 2636 3797 2703 ἡττηθέντα
3820 2638 3907 2689 τὸν

2385 2720 2481 2787 τῆς
2510 2718 2708 2785 πλάνης
2736 2720 2956 2787 δαίμονα
2978 2721 3273 2790 διαδέχεται
3298 2724 3458 2784 ὕπνος
3487 2723 3798 2791 βαρύτατος,
3819 2725 3906 2776 καὶ

2386 2810 2647 2879 νέκρωσις
2686 2812 2819 2877 μετά
2850 2812 3176 2879 ψυχρότητος
3221 2812 3416 2879 πολλῆς
3464 2812 3569 2863 τῶν
3614 2812 3904 2884 βλεφάρων,

2385 2898 2479 2951 καὶ
2506 2900 2704 2967 χασμοὶ
2734 2899 2962 2968 ἄπειροι,
2994 2899 3083 2950 καὶ
3125 2894 3260 2966 ὦμοι
3298 2898 3632 2969 βαρούμενοι.
3664 2902 3755 2951 καὶ
3784 2918 3907 2969 vap-

759 2989 824 3028 ac
856 2976 1091 3043 iutinitze
1124 2980 1467 3032 oscitationes
1495 3019 1509 3043 ,
1566 2981 1872 3049 gravatique
1927 2984 2130 3036 humeri
2161 3024 2176 3047 ,
2227 2998 2285 3037 ac

2389 2987 2623 3051 κῶντες,
2669 2987 2809 3056 άπερ
2854 2990 2918 3056 τῇ
2969 2977 3197 3052 συντόνῳ
3252 2991 3518 3058 προσευχῇ
3572 2988 3803 3042 διαλύσει
3848 2988 3907 3040 τὸ

762 3072 1058 3132 torpentes;
1096 3082 1212 3134 qua:
1248 3068 1454 3122 intcusa
1503 3070 1742 3125 oratione
1778 3071 2031 3127 dissolvet
2062 3070 2291 3141 Spiritus

762 3166 1003 3210 εειιοιυε.

1363 3265 1585 3321 CAPUT
1624 3268 1690 3322 X.

833 3372 1046 3435 Odium,
1073 3375 1216 3441 quod
1242 3375 1495 3429 adversus
1532 3378 1803 3433 dementes
1835 3381 2111 3444 habemus,
2134 3384 2290 3437 nobis

761 3462 827 3515 ad
856 3463 1078 3515 salutem
1109 3463 1329 3527 confert,
1364 3474 1415 3518 et
1451 3467 1516 3518 ad
1564 3469 1769 3521 virtutis
1812 3472 2167 3536 operationem
2209 3483 2292 3526 est

761 3550 912 3602 valde
958 3551 1360 3629 accommodem
1401 3562 1453 3605 et
1496 3542 1702 3620 aptum.
1758 3556 1859 3609 Sed
1903 3557 2003 3610 hoc
2042 3557 2092 3609 iu
2136 3560 2290 3612 nobis

763 3635 915 3701 ipsis,
944 3635 1088 3689 velut
1112 3632 1377 3704 quoddam
1412 3637 1606 3690 bonum
1633 3636 1787 3707 523
1821 3656 2034 3710 germen
2056 3645 2291 3697 enutrirc

764 3736 869 3774 non
911 3723 1169 3789 valemus,
1188 3710 1336 3779 -eum‘
1360 3726 1583 3801 spiritus
1610 3729 1936 3797 voluptatum
1973 3716 2210 3787 amantes
2238 3734 2289 3787 id

761 3820 1145 3879 corrumpant,
1197 3814 1367 3881 adque
1407 3806 1714 3880 arﬁicitiam,
1763 3827 1812 3872 et
1852 3822 2287 3875 consuetudinem

705 3933 711 3940 .
770 3913 956 3952 rursus
993 3894 1222 3955 animam
1256 3910 1507 3975 evocent;
1555 3920 1735 3959 verum
1790 3907 1926 3961 hanc
1967 3910 2288 3973 amicitiam,

763 3999 856 4037 seu
905 3988 1082 4052 potius
1141 4004 1474 4055 gangraenam
1531 4001 1717 4046 curatu
1750 3992 2010 4046 dillicilem
2058 3998 2291 4050 medicus

2391 3073 2607 3143 Πνεῦμα
2640 3073 2699 3126 τὸ
2732 3075 2901 3140 ἅγιον.

2984 3267 3226 3319 ΚΕΦᾹΛ.
3267 3269 3319 3321 1⁸.

2457 3374 2601 3427 Πάνυ
2632 3372 2690 3425 τὸ
2724 3376 2877 3442 μῖσος
2907 3375 2968 3427 τδ
2998 3374 3135 3427 κατά
3179 3374 3286 3427 τῶν
3317 3375 3584 3443 δαιμόνων
3622 3378 3751 3446 ἡμῖν
3778 3380 3905 3450 πρὶς

2389 3462 2655 3530 σωτηρίαν
2686 3462 3065 3529 συμϐάλλεται,
3102 3463 3194 3513 καὶ
3226 3461 3357 3528 πρὸς
3404 3462 3501 3530 τὴν
3540 3463 3789 3531 ἐργασίαν
3815 3464 3905 3529 τῆς

2389 3550 2586 3616 ἀρετῆς
2622 3551 2765 3601 ἐστιν
2809 3551 3122 3616 ἐπιτήδειον·
3176 3552 3309 3604 ἀλλᾶ
3350 3551 3504 3606 τοῦτο
3542 3553 3821 3623 ἐκτρέφειν
3852 3554 3906 3604 ὲν

2391 3642 2615 3699 ἑαυτοῖς,
2649 3638 2832 3706 ῶσπερ
2860 3655 2911 3688 τι
2956 3638 3195 3705 γέννημα
3244 3639 3443 3704 ἀγαθὸν
3490 3641 3587 3692 οὐκ
3635 3641 3903 3709 ίσχύομεν,

2387 3730 2495 3782 τῶν
2524 3727 2814 3797 φιληδόνων
2858 3725 3176 3793 πνευμάτων
3202 3726 3603 3795 διαφθειρόντων
3633 3728 3781 3789 αὐτὸ,
3820 3730 3904 3780 καὶ

2388 3820 2520 3889 πρὸς
2549 3816 2745 3884 φιλίαν,
2786 3814 2878 3867 καὶ
2910 3815 3193 3882 συνήθειαν
3223 3814 3381 3867 πάλιν
3423 3814 3519 3883 τὴν
3545 3814 3720 3883 ψυχὴν
3749 3818 3903 3867 ὲκκα·

2387 3907 2653 3973 λουμένων
2677 3920 2690 3932 ·
2742 3904 2874 3955 ἀλλὰ
2907 3902 3103 3973 ταύτην
3130 3904 3226 3973 τὴν
3258 3904 3455 3969 φιλίαν,
3504 3903 3698 3971 μᾶλλον
3727 3904 3783 3956 δὲ
3813 3904 3903 3973 τὴν

2389 3994 2634 4046 δυσίατον
2660 3992 2959 4060 γάγραιναν
2987 3993 3015 4042 ό
3050 3994 3225 4059 ἰατρὸς
3256 3994 3362 4044 τῶν
3384 3994 3565 4061 ψυχῶν
3593 3994 3659 4045 δι’
3684 3996 3903 4061 ἔγκατα-

764 4075 1066 4143 animarum
1100 4079 1252 4130 satiat
1278 4092 1369 4143 per
1397 4079 1818 4148 derelictionem;
1844 4083 2101 4150 permittit
2125 4086 2285 4150 enim,

2387 4080 2608 4145 λείψεως
2627 4077 2908 4146 θεραπεύει
2936 4094 2949 4105 ·
2986 4081 3249 4147 συγχωρεῖ
3270 4081 3377 4146 γάρ
3403 4097 3452 4131 τι
3474 4081 3698 4148 φοϐερὸν
3723 4081 3902 4133 παθεῖν

763 4180 862 4218 nos
895 4166 1092 4233 aliquid
1128 4167 1362 4221 terribile
1390 4170 1495 4237 pati
1541 4172 1607 4223 ab
1651 4172 1779 4239 ipsis
1823 4182 2013 4237 noctu,
2057 4188 2148 4227 seu
2198 4190 2285 4244 per

2388 4171 2529 4239 ἡμᾶς
2562 4168 2651 4221 ὑπ’
2681 4167 2854 4219 αὐτῶν
2880 4166 3089 4236 νύκτωρ
3132 4166 3165 4234 ἢ
3200 4167 3317 4236 μεθ’
3349 4170 3573 4237 ἡμέραν,
3623 4172 3717 4222 καὶ
3750 4171 3899 4223 πάλιν

762 4248 1184 4327 diemﬂuncque
1214 4258 1389 4311 denuo
1414 4261 1589 4312 anima
1616 4262 1681 4314 ad
1711 4261 1889 4315 odium
1914 4264 2285 4333 primigenium

2388 4260 2421 4327 ἢ
2450 4257 2593 4327 ψυχὴ
2625 4255 2758 4326 πρὸς
2790 4255 2848 4307 τδ
2873 4255 3173 4325 ἀρχέτυπον
3202 4259 3354 4323 μῖσος
3387 4258 3740 4329 ἑπανατρέχει
3766 4260 3895 4311 διδα-

767 4346 1026 4407 recurrit,
1079 4348 1263 4400 edocta
1301 4350 1475 4402 dicere
1527 4351 1591 4403 ad
1632 4350 1937 4415 Dominum,
1995 4356 2285 4409 secundum

2391 4346 2621 4414 σκομὲνη
2670 4345 2801 4413 πρὸς
2842 4344 2929 4396 τὸν
2963 4344 3158 4413 Κύριον
3186 4345 3379 4411 λέγειν,
3415 4346 3549 4398 κατὰ
3592 4348 3680 4400 τὸν
3727 4348 3895 4410 sum,

766 4432 929 4487 David
964 4451 976 4485 :
1017 4451 1035 4482 ι
1078 4433 1315 4489 Perfecto
1346 4438 1489 4505 ipsos
1521 4440 1739 4493 oderam
1771 4443 1915 4506 odio,
1957 4444 2009 4496 in
2044 4444 2285 4499 inimicos

2388 4435 2447 4485 τὸ
2464 4472 2479 4495 ,
2512 4452 2529 4484 ι
2552 4432 2757 4484 Τέλειον
2789 4433 2938 4498 μῖσος
2966 4433 3185 4499 ἐμίσουν
3211 4434 3422 4493 αὐτοὺς,
3448 4436 3525 4495 εἰς
3545 4434 3764 4503 ἐχθροὺς
3787 4436 3897 4501 ὲγέ-

767 4524 905 4576 faetl'
941 4534 1064 4576 sunt
1102 4524 1317 4577 mihi“.
1359 4546 1376 4576 ι
1426 4527 1472 4580 Is
1516 4530 1709 4598 quippe
1758 4532 1992 4597 perfecto
2044 4534 2285 4589 inimicos

2388 4520 2535 4570 νοντό
2584 4534 2693 4585 μοι.
2721 4536 2740 4566 ι
2791 4511 2954 4577 Οὗτος
3000 4516 3108 4584 γὰρ
3152 4517 3353 4570 τέλειον
3407 4523 3559 4586 μῖσος
3608 4523 3755 4587 μισεῖ
3787 4523 3899 4582 τοὺς

767 4614 889 4665 odio
924 4612 1097 4675 habet,
1132 4613 1221 4679 qui
1259 4628 1354 4666 nec
1386 4618 1684 4678 actuaiiter,
1717 4635 1817 4673 nec
1860 4604 2285 4676 intellectualiter

2388 4609 2629 4678 ἐχθροὺς,
2656 4607 2684 4655 ὀ
2714 4609 2846 4674 μήτε
2876 4607 2991 4656 κατ’
3018 4603 3313 4672 ἐνέργειαν,
3348 4609 3481 4676 μήτε
3516 4608 3652 4659 κατὰ
3676 4609 3897 4662 διάνοιαν

767 4707 978 4766 peccat;
1014 4701 1157 4768 quod
1195 4701 1407 4768 quidem
1450 4704 1655 4770 primae,
1695 4707 2043 4776 maximaeque
2088 4712 2285 4778 passio«

2391 4697 2711 4766 ἁμαρτάνων
2734 4710 2748 4725 ο
2794 4695 2928 4765 ὅπερ
2958 4694 3056 4789 τῆς
3103 4692 3341 4763 πρώτης,
3392 4698 3484 4748 καὶ
3525 4698 3621 4767 τῆς
3652 4700 3897 4767 μεγίστης

768 4800 892 4836 num
926 4785 1206 4840 vacuitatis
1241 4794 1325 4841 est
1355 4801 1746 4857 argumentum.

2389 4786 2531 4838 ἐστὶν
2563 4784 2822 4848 ἀπαθείας
2851 4784 3156 4853 τεκμήριον.

1371 4893 1594 4950 CAPUT
1631 4896 1721 4950 XI.

2956 4892 3203 4945 ΚΕΦΑΔ.
3242 4893 3342 4946 IA'.

839 4994 913 5048 De
938 4996 1175 5052 damone
1200 5009 1403 5066 autem.
1434 5004 1526 5072 qui
1556 5005 1731 5073 emeit,
1766 5018 1824 5064 ut
1847 5010 2029 5065 anima
2060 5010 2285 5079 stupide,

2458 5003 2587 5074 Περὶ
2623 5002 2676 5055 δὲ
2706 4998 2797 5054 τοῦ
2831 4999 3095 5068 δαίμονος,
3125 4998 3218 5052 τοῦ
3247 5001 3343 5070 τὴν
3372 5002 3546 5073 ψυχὴν
3571 5004 3893 5077 ἀναισθητεῖν

769 5082 1063 5150 stolideque
1113 5100 1231 5138 sese
1286 5099 1452 5155 gerat,
1496 5092 1621 5159 quid
1666 5105 1876 5164 oportet
1923 5098 2145 5153 dicere?
2194 5111 2285 5166 ego

2389 5094 2682 5154 ποιοῦντος,
2708 5089 2759 5142 τί
2778 5087 2857 5140 δεῖ
2887 5087 3096 5157 λέγεινς
3138 5088 3274 5154 Ἐγὼ
3299 5090 3404 5160 γὰρ
3430 5091 3637 5144 δέδοικα
3658 5095 3752 5146 καὶ
3770 5094 3893 5163 γρά.

742 5171 911 5245 (enim
967 5171 1126 5224 timeo
1181 5170 1246 5224 de
1311 5176 1425 5240 ipso
1488 5181 1612 5246 quid
1659 5183 1928 5251 scribere;
1977 5201 2084 5253 quo
2136 5193 2285 5253 pacto

2394 5198 2511 5247 φειν
2544 5178 2666 5245 περὶ
2690 5174 2870 5239 αὑτοῦ,
2906 5174 3020 5236 πῶς
3047 5176 3079 5243 ἡ
3107 5177 3250 5245 ψυχὴ
3286 5177 3387 5243 τῆς
3410 5179 3611 5242 οἰκείας
3636 5179 3891 5245 ἑξίσταιαι

772 5259 948 5313 anima
978 5259 1188 5327 proprio
1222 5261 1379 5324 labat,
1414 5272 1465 5314 et
1494 5268 1750 5322 alienatur
1783 5287 1813 5326 e
1845 5280 2005 5325 statu.
2032 5272 2285 5341 Tempore

2395 5267 2799 5326 καταστάσεως·
2845 5265 2991 5330 παρὰ
3024 5265 3129 5332 γάρ
3156 5265 3243 5315 τὸν
3279 5267 3462 5334 καιρὸν
3495 5267 3592 5335 τῆς
3620 5270 3891 5337 ἐπιδημίας

780 5365 1009 5417 namque
1035 5351 1288 5405 adventus
1320 5351 1439 5421 ejus
1473 5354 1708 5421 (scilicet
1734 5362 2023 5431 damonis)
2061 5372 2169 5415 tum
2199 5360 2285 5415 Dei

2393 5356 2571 5421 αὐτοῦ,
2608 5354 2695 5407 καὶ
2732 5352 2819 5405 τὸν
2862 5352 3019 5418 φόϐον
3062 5351 3152 5403 τοῦ
3181 5350 3330 5417 Θεοῦ,
3376 5354 3465 5405 καὶ
3496 5351 3591 5423 τὴν
3624 5356 3915 5430 εὐλάϐειαν,

850 5463 893 5493 ³⁸
918 5460 1061 5516 Psal.
1088 5472 1351 5527 cum",
1384 5464 1471 5519 22.
