4058 6350
167 261 314 326 15213

1128 261 1223 320 DE
1284 259 1640 319 MALIGNIS
1701 257 1835 317 COG
1846 259 2336 318 lTATlONlBUS.

3155 245 3283 308 1214

153 371 468 436 ἀποδύεται,
499 371 592 424 καὶ
634 371 730 440 τὴν
765 370 1048 441 ἁμαρτίαν,
1097 374 1192 441 ούχ
1239 373 1505 442 ἁμαρτίαν
1541 368 1675 424 εἶναι

1784 382 1940 434 metu,
1987 387 2046 424 ac
2095 372 2375 426 devotione
2407 369 2630 432 exuitur,
2678 377 2784 420 ltttn
2829 375 3097 446 peccatum
3142 371 3287 432 putat

153 462 444 528 λογίζεται,
497 462 590 514 καὶ
632 461 727 530 τὴν
775 463 1106 531 παρανομίαν
1153 461 1458 529 ούσνομίζει
1508 478 1678 530 παρα-

1775 475 1878 512 non
1909 473 2028 514 esse
2055 470 2350 527 peccatum,
2397 469 2506 512 tum
2543 457 2867 524 iniquitatem
2911 469 3014 506 non
3043 454 3287 520 opinatur

155 551 372 620 νομίαν,
407 549 674 612 κολάσεως
707 549 761 602 δὲ
791 552 879 603 καὶ
912 554 1136 616 κρίσεως
1166 551 1397 613 αἰωνίου,
1427 550 1499 612 ὠς
1529 548 1678 616 ψιλοῦ

1784 566 1889 603 esse
1923 551 2276 619 iniquitatem,
2307 558 2418 603 tum
2461 550 2781 620 partitionem
2814 555 3081 610 :eternam,
3111 560 3174 597 ac
3202 545 3291 611 ju-

160 641 403 706 ῥήματος
435 638 719 706 μέμνηται,
753 639 1015 706 καταγελᾷ
1039 639 1092 690 δὲ
1121 638 1283 698 ὅντως
1306 637 1521 705 σεισμοῦ
1556 654 1683 703 πυρ-

1784 642 1967 693 dicium
2019 649 2267 708 tanquam
2338 640 2576 712 simplex_
2612 637 2822 690 eﬂ‘atnm
2873 641 3284 697 commemorat,

159 728 354 792 φόρου,
397 726 488 776 καὶ
517 725 642 777 Θεὸν
682 726 775 793 μὲν
805 726 960 793 δῆθεν
1012 726 1272 792 ὁμολογεῖ,
1315 726 1365 776 τί
1415 725 1470 776 δὲ
1517 738 1682 792 προσ-

161 814 352 875 έταξεν
380 814 476 864 οὐκ
502 813 780 866 ἐπίσταται
802 831 814 843 ·
853 813 1071 876 τύπτεις
1097 815 1172 875 εἰς
1201 814 1264 865 τά
1295 814 1480 882 στήθη,
1512 829 1684 864 κινου-

165 901 335 966 μένης
380 900 548 969 αὑτῆς
595 904 729 970 πρὸς
777 901 871 970 τὴν
924 903 1216 970 ἁμαρτίαν,
1267 902 1357 952 καὶ
1406 901 1540 968 αὕτη
1589 901 1685 953 οὐκ

105 968 150 1048 3
164 968 652 1041 αἰσθάνεταιςἋπδ
677 968 898 1058 Γραφιῦν
928 968 1160 1059 διαλέγῃ.
1189 990 1280 1041 καὶ
1307 991 1398 1058 δλη
1427 973 1685 1057 πεπὼρω-

162 1092 282 1137 ται,
316 1078 401 1126 καὶ
427 1076 524 1127 οὐκ
563 1077 764 1128 ἀκούει·
807 1076 999 1138 ὄνειδος
1027 1079 1154 1142 αὐτῇ
1188 1078 1245 1128 τὸ
1279 1079 1423 1145 παρὰ
1461 1077 1563 1126 τῶν
1591 1077 1684 1128 ἁν-

166 1160 196 1211 θ
207 1161 399 1228 ρώπων
431 1164 775 1230 προσφέρεις,
805 1161 895 1213 καὶ
919 1163 977 1212 ού
1005 1162 1268 1229 λογίζεται
1296 1161 1391 1229 τὴν
1415 1178 1485 1212 πα
1497 1162 1558 1229 ρά
1583 1165 1689 1222 τοῖς

163 1249 470 1316 ἀνθρώποις
503 1251 778 1318 αἰσχύνην,
818 1253 909 1302 καὶ
942 1251 1072 1318 αῦτη
1099 1252 1230 1310 ὅλως
1260 1253 1318 1302 οὐ
1347 1253 1571 1317 συνίησι,
1606 1253 1683 1303 δί-

165 1356 275 1403 κην
317 1340 491 1406 χοίρου
527 1338 904 1407 καμμύσαντος
938 1339 1258 1406 ὀφθαλμοὺς,
1282 1342 1374 1391 καὶ
1414 1340 1499 1390 τὸν
1521 1356 1690 1407 φραγ-

171 1427 280 1490 μὸν
302 1427 704 1489 διακόπτοντοςι
738 1428 914 1479 τοῦτον
944 1429 995 1479 δὲ
1035 1426 1121 1478 τὸν
1157 1428 1375 1494 δαίμονα
1397 1428 1689 1490 κενοδοξίας

163 1513 506 1579 χρονίσαντες
540 1517 793 1581 ἐπάγουσι
841 1515 1101 1580 λογισμοὶ,
1146 1512 1203 1567 οῦ
1245 1519 1291 1565 εί
1334 1515 1405 1581 μὴ
1436 1516 1680 1566 ἐκολοδώο

165 1601 340 1666 θησαν
370 1603 422 1651 αι
447 1601 667 1668 ἡμέραι,
694 1603 791 1653 οὐκ
815 1603 873 1652 ἂν
901 1601 1069 1668 ἐσώθη
1100 1603 1242 1652 πᾶσα
1271 1603 1420 1667 σάρξ.
1455 1603 1557 1653 Καὶ
1586 1605 1687 1672 γάρ

162 1687 277 1738 τῶν
307 1688 535 1748 σπανίως
570 1689 1006 1756 παραόαλλόντων
1039 1692 1144 1747 τοῖς
1173 1689 1429 1754 ἀδελφοῖς,
1456 1690 1566 1740 ἐστὶ
1595 1691 1683 1741 καὶ

1778 739 1887 782 tum
1923 730 2123 782 deridet
2171 739 2346 782 motus
2395 728 2776 780 concussiones
2830 739 2952 776 vt-re
2998 722 3284 790 igniferas,

1780 829 1890 872 tum
1927 820 2085 872 Deum
2121 818 2362 872 videlicet
2389 817 2686 878 confitetur,
2722 824 2793 874 at,
2839 813 2962 880 quid
3009 812 3286 867 mandarit.

1781 909 2019 975 ignorat;
2076 908 2306 975 percutis
2356 905 2406 958 in
2457 917 2688 973 pectora,
2721 903 2931 970 quando
2971 916 3030 953 ea
3065 901 3292 968 (scilicet

1782 995 1990 1061 anima)
2027 1002 2263 1047 movetur
2297 993 2359 1046 ad
2394 1002 2666 1060 peccatum
2690 1030 2704 1051 ,
2737 998 2789 1041 et
2828 990 2940 1056 ipsa
2975 1003 3078 1040 non
3112 990 3286 1040 sentit.

1782 1081 1856 1134 Ex
1893 1080 2177 1147 Scripturis
2210 1094 2502 1156 sermonem
2533 1078 2723 1138 habes,
2756 1076 2947 1143 illaque
2986 1086 3090 1127 tota
3120 1091 3289 1126 esca:-

1783 1179 1898 1220 CaIa
1930 1177 2126 1227 manet,
2156 1183 2251 1220 nec
2276 1168 2454 1229 audit;
2485 1165 2700 1217 adducis
2733 1163 2828 1229 ipsi
2856 1164 2991 1229 qnotl
3025 1163 3088 1212 ιιι)
3123 1164 3291 1212 homi-

1785 1255 1938 1307 nihus
1991 1254 2146 1323 524
2191 1252 2418 1325 infertur
2466 1251 2712 1308 dedecus.
2764 1259 2814 1302 et
2867 1265 2967 1301 non
3027 1257 3291 1315 computat

1784 1344 2142 1409 Opprohrium,
2181 1341 2320 1408 quod
2352 1351 2434 1392 est
2461 1338 2593 1403 apud
2633 1335 2909 1398 homines;
2947 1337 3163 1402 ipsaque
3207 1351 3293 1401 pc-

1787 1430 1926 1482 nitns
1959 1444 2059 1481 non
2083 1428 2345 1494 intelligit,
2381 1426 2444 1478 ad
2476 1426 2641 1478 instar
2675 1425 2816 1490 porci
2850 1424 3140 1475 claudentis
3168 1438 3293 1474 ocn-

1788 1519 1902 1575 los.
1974 1530 2254 1582 sepemque
2299 1511 2643 1566 discindentis
2687 1527 2699 1560 :
2743 1509 3086 1575 COgitationes
3118 1517 3289 1559 autem

1786 1623 1932 1658 vame
1971 1606 2147 1672 glori-.c
2186 1603 2385 1657 diutius
2439 1601 2782 1651 immanentes
2840 1597 2977 1648 hunc
3035 1595 3292 1647 inducunt

1785 1698 2094 1755 ila-nionem,
2126 1692 2279 1758 cujus
2313 1691 2410 1741 nisi
2443 1686 2728 1739 abhreviati
2762 1682 2982 1736 fuissent
3014 1683 3149 1741 dies,
3185 1697 3288 1734 non

163 1775 200 1839 ἠ
239 1776 378 1826 αίτία
407 1776 664 1844 πρόδηλος
686 1795 698 1806 ·
742 1777 834 1827 ἐπὶ
869 1780 1162 1843 συμφοραῖς
1194 1777 1297 1844 γὰρ
1336 1779 1531 1844 ἑτέρων
1564 1777 1594 1846 ἢ
1629 1781 1683 1829 ἐν

1785 1782 1927 1834 salva
1963 1778 2095 1830 foret
2122 1777 2296 1830 omnis
2328 1790 2453 1826 caro
2478 1773 2537 1823 ".
2580 1772 2782 1824 Etenim
2819 1769 2955 1836 quod
2991 1783 3064 1820 eae
3094 1770 3292 1833 cogita-

163 1861 342 1921 νόσοις
368 1864 710 1931 πιεζομένων,
837 1866 891 1913 ὲν
926 1863 1184 1929 φυλακαῖς
1211 1865 1618 1929 δυστυχούντων,
1649 1865 1680 1933 ἢ

161 1951 450 2015 αἰφνιδίοις
507 1950 930 2017 περιπιπτόντων
985 1950 1263 2011 θανάτοις,
1334 1951 1682 2016 φυγαδεύεται

162 2031 336 2099 οὗτος,
366 2039 460 2102 τῆς
488 2037 657 2104 ψυχῆς
685 2038 820 2088 κατὰ
853 2037 1039 2105 μικρὸν
1082 2039 1564 2105 κατανυσσομένης,
1593 2037 1684 2089 καὶ

162 2127 248 2184 cl;
280 2125 608 2190 συμπάθειαν
634 2125 945 2192 ἐρχομένης,
975 2128 1066 2177 καὶ⁸
1091 2126 1425 2191 διαλυομένου
1454 2127 1543 2176 τοῦ
1575 2127 1684 2177 δαι-

169 2210 354 2278 μονίου
405 2210 756 2280 πωρὼματος,
806 2206 877 2261 ὧν
921 2212 1075 2278 ἡμεῖς
1123 2213 1425 2280 ἀποροῦμεν
1473 2213 1558 2263 διὰ
1588 2211 1684 2280 τὴν

163 2299 396 2366 ἔρημον,
460 2302 549 2354 καὶ
593 2301 687 2370 τὴν
727 2300 935 2351 σπάνιν
983 2299 1089 2353 τῶν
1154 2303 1279 2370 παρ’
1337 2304 1462 2370 ἡμῖν
1525 2300 1682 2352 ἀσθε-

171 2403 233 2437 νο
239 2405 266 2436 υ
272 2404 421 2441 ντων.

743 2681 985 2734 ΚΕΦΔΛ.
1023 2683 1118 2734 lB'.

245 2789 440 2841 Τοῦτον
470 2787 558 2840 τὸν
587 2788 811 2856 δαίμονα
844 2790 1071 2856 μάλιστα
1101 2791 1406 2856 φυγαδεύων
1434 2795 1460 2844 ό
1491 2794 1683 2861 Κύριος

168 2879 230 2928 ἐν
263 2880 367 2936 τοῖς
413 2875 748 2941 Εὑαγγελίοις
790 2875 1105 2939 προσέταξεν
1148 2878 1493 2940 ἀσθενοῦντας
1533 2883 1678 2950 ὁρᾷ-ι,

168 2967 262 3016 καὶ
287 2965 408 3024 τοὺς
439 2966 494 3014 ὲν
525 2962 727 3029 φυλακῇ
757 2962 1160 3014 ἐπισκέπτεσθαι
1182 2979 1195 2992 ·
1249 2981 1266 3014 ι
1303 2965 1547 3036 Ἀσθενὴς
1577 2969 1681 3038 γὰρ

169 3053 201 3114 ᾗ
213 3065 334 3116 μην,
364 3049 513 3116 φησι,
541 3049 629 3100 καὶ
661 3047 1020 3110 ἐπεσκέψασθέ
1052 3065 1137 3117 με,
1168 3052 1258 3102 καὶ
1281 3054 1335 3103 ὲν
1367 3055 1570 3124 φυλακῇ
1595 3061 1685 3107 καὶ

169 3136 354 3204 ἤλθετε
384 3137 514 3205 πρός
547 3153 628 3204 με.
669 3154 687 3184 ι
722 3136 860 3204 Πλὴν
891 3136 1042 3188 τοῦτο
1070 3139 1324 3202 ίστέον,εί
1342 3159 1419 3203 τις
1443 3143 1546 3196 τῶν
1562 3147 1684 3197 άνα-

169 3224 444 3293 χωρ-τιτῶν,
493 3224 793 3292 περιπεσὼν
824 3225 989 3292 τούτῳ
1018 3224 1090 3292 τῷ
1133 3226 1358 3294 δαίμονι,
1406 3229 1686 3300 λογισμοὺς

170 3313 269 3364 οὐκ
311 3313 463 3364 ἔλαϐε
510 3314 808 3381 πορνικοὺς,
849 3312 996 3380 ἢτὸν
1038 3308 1179 3363 οἶκον
1209 3315 1430 3380 ἀκηδίας
1468 3318 1528 3369 οὐ
1557 3336 1685 3370 κατ-

171 3400 371 3462 έλιπεν,
387 3394 536 3460 οὗτος
564 3399 923 3466 σωφροσύνην,
949 3400 1037 3449 καὶ
1054 3399 1323 3469 ὑπομονὴν
1339 3403 1430 3454 ἀπ’
1451 3404 1685 3472 οὐρανῶν

171 3486 380 3548 ἐδέξατο
425 3485 794 3549 κατελθούσας,
829 3486 919 3538 καί⁵
951 3485 1210 3558 μακάριός
1242 3490 1353 3540 ἔστι
1377 3490 1473 3560 τῆς
1508 3493 1686 3545 τοιαύ-

171 3591 266 3641 της
295 3572 632 3637 καταξιωθεὶς
661 3573 938 3634 ἀπαθείας.
975 3574 1123 3626 Ὅσοι
1150 3575 1206 3627 δὲ
1236 3576 1339 3627 τῶν
1372 3578 1687 3645 ἐπαγγελλο-

173 3665 348 3730 μένων
371 3662 690 3724 θεοσέϐειαν,
718 3662 810 3714 καὶ
833 3665 1104 3731 κοσμικοίς
1133 3663 1530 3724 συναυλίζεσθαι
1560 3683 1685 3733 προ-

172 3750 465 3819 αιροῦνται,
493 3749 925 3816 φυλαττέσθωσαν
947 3748 1128 3800 τούτου
1147 3750 1237 3800 τοῦ
1255 3750 1515 3819 δαίμονος.
1552 3754 1685 3820 Ἐγὼ

174 3840 279 3907 γὰρ
313 3837 434 3904 περὶ
461 3835 620 3886 αὑτοῦ
650 3835 804 3887 πλέον
833 3851 882 3885 τι
909 3834 1098 3901 λέγειν,
1121 3836 1154 3904 ἢ
1180 3838 1424 3906 γράφειν,
1452 3840 1542 3894 καὶ
1562 3843 1682 3904 τοὺς

175 3921 483 3992 ἀνθρώπους
514 3921 851 3990 αἰσχύνομαι.

748 4254 990 4308 ΚΕΦΔΛ.
1027 4255 1122 4309 ll".

244 4365 446 4425 Πάντες
469 4364 516 4416 οἱ
544 4362 787 4431 δαίμονες
818 4362 1088 4430 φιλήδονον
1130 4363 1426 4418 διδάσκουσι
1456 4369 1553 4437 τὴν
1577 4372 1678 4436 ψυ-

178 4456 296 4523 χήν·
342 4453 491 4521 μόνος
525 4452 579 4504 δὲ
607 4454 636 4502 ὁ
664 4453 759 4518 τῆς
789 4448 957 4518 λύπης
998 4447 1217 4518 δαίμων,
1243 4451 1393 4506 τοῦτο
1435 4438 1681 4522 πράττειν

179 4542 240 4592 οὐ
274 4541 636 4609 καταδέχεται,
681 4537 810 4591 ἀλλὰ
834 4540 924 4589 καὶ
947 4537 1052 4601 τῶν
1079 4539 1412 4592 εισελθόντων
1441 4545 1561 4602 τοὺς
1595 4543 1681 4594 λο-

179 4626 404 4692 γισμοὺς
427 4626 740 4695 διαφθείρει,
791 4626 964 4678 πᾶσαν
1006 4627 1191 4697 ἡδονὴν
1219 4629 1552 4696 περικόπτων
1593 4631 1684 4682 καὶ

180 4713 440 4780 ξηραίνων
466 4715 630 4780 αὐτὴν
660 4713 745 4765 διὰ
778 4713 870 4782 τῆς
895 4712 1082 4782 λύπης.
1113 4714 1278 4783 Εἴπερ
1310 4716 1491 4784 ἀνδρὸς
1521 4719 1687 4786 λυπη-

184 4795 277 4869 ροῦ
302 4796 599 4864 ξηραίνεται
634 4799 782 4857 ὀστᾶ.
818 4801 908 4850 καὶ
947 4802 1172 4871 μετρίως
1201 4803 1297 4868 μὲν
1329 4803 1570 4870 πολεμῶν
1600 4806 1685 4856 δό-

182 4900 336 4952 κιμον
375 4884 461 4934 τὸν
513 4885 855 4952 άναχωρητὴν
905 4888 1295 4956 ἀπεργάζεται·
1357 4891 1525 4941 πείθει
1585 4891 1687 4956 γάρ

180 4969 337 5025 αὐτὸν
408 4969 569 5038 μηδὲν
637 4971 740 5021 τῶν
825 4971 1021 5036 κόσμου
1095 4977 1277 5028 τούτου
1346 4976 1685 5046 προσίεσθαι,

181 5058 274 5112 καὶ
320 5059 493 5109 πᾶσαν
539 5055 722 5127 ἡδονὴν
784 5063 1170 5129 περιίστασθαι,
1217 5066 1389 5116 πλεῖον
1425 5065 1480 5115 δὲ
1525 5082 1687 5131 προσ·

182 5143 486 5215 καρτερῶν,
567 5147 724 5214 γεννᾷ
792 5147 1068 5214 λογισμοὺς
1145 5151 1426 5218 ὑπεξάγειν
1492 5154 1673 5204 ἑαυτὸν

181 5236 246 5303 τῇ
274 5231 412 5300 ψυχῇ
446 5232 913 5300 συμϐουλεύοντας,
946 5235 976 5303 ἢ
1008 5237 1218 5302 φεύγειν
1243 5240 1344 5291 τῶν
1370 5241 1543 5291 τύπων
1573 5260 1673 5310 μα-

1711 2939 1750 2990 C

1718 4259 1756 4306 1)

1786 1869 1952 1918 tiones
1986 1879 2104 1916 raro
2133 1861 2384 1916 accedant
2418 1861 2481 1912 ad
2521 1848 2719 1910 'l'ratres
2742 1896 2755 1919 ,
2803 1872 2961 1909 causa
3014 1857 3290 1907 manifesta

1782 1964 1880 2006 est.
1918 1951 2050 2002 Dum
2077 1964 2261 2017 nempe
2285 1948 2372 2000 alii
2421 1956 2511 1999 aut
2541 1945 2946 2005 calamitatibus,
2979 1955 3069 1996 aut
3097 1944 3291 1996 morbis

1783 2044 2162 2110 Opprimantnr,
2198 2047 2289 2091 aut
2323 2039 2514 2090 misere
2538 2029 2734 2103 degant
2764 2034 2852 2086 alii
2893 2034 2942 2085 in
2969 2034 3290 2095 carceribus,

1783 2141 1872 2182 aut
1927 2130 1978 2180 in
2035 2137 2230 2181 mortes
2288 2125 2519 2178 incidant
2565 2123 2894 2192 repentinas,
2943 2122 3041 2173 iste
3086 2121 3290 2173 dtemon

1781 2217 2058 2284 elTngatur,
2085 2231 2203 2269 cum
2232 2216 2408 2266 anima
2439 2212 2684 2281 paulatim
2714 2216 3116 2277 compungatur,
3147 2215 3199 2260 et
3229 2208 3291 2258 ad

1784 2306 2200 2373 compa-sionem
2243 2303 2454 2362 veniat,
2501 2301 2684 2368 sicque
2731 2299 3053 2360 exeaacatio,
3101 2311 3214 2364 quae
3265 2310 3294 2349 a
3334 2362 3335 2365 η

1782 2397 2020 2448 danuone
2077 2392 2246 2446 fuerat
2291 2400 2562 2459 compacta
2594 2428 2610 2453 ,
2662 2389 2982 2443 dissolvatur
3031 2405 3045 2439 :
3106 2386 3295 2451 quibus

1783 2484 2016 2550 (scilicet
2061 2480 2277 2548 mediis)
2315 2496 2410 2532 nos
2441 2477 2672 2531 destituti
2706 2491 2892 2530 sumus
2928 2483 3138 2542 propter
3164 2473 3296 2526 soli-

1784 2571 2041 2630 tudinem,
2078 2578 2129 2619 et
2165 2565 2528 2632 mgrotantium
2564 2563 2838 2629 penuriam
2877 2559 3016 2626 apud
3049 2573 3166 2610 nos.

2354 2687 2572 2744 CAPUT
2610 2688 2718 2740 Xll.

1851 2801 2155 2856 istiusmodi
2193 2800 2486 2854 daemonem
2521 2798 2747 2850 maxime
2780 2796 2831 2849 itt
2867 2795 3046 2863 fugam
3078 2808 3298 2847 conver-

1785 2903 1900 2945 tens
1934 2891 2186 2942 Dominus
2230 2890 2282 2940 in
2327 2886 2622 2953 Evangeliis
2671 2884 2936 2950 praecepit,
2973 2883 3182 2935 visitare
3215 2882 3298 2931 itt-

1787 2981 1987 3041 tirmos,
2020 2988 2072 3030 et
2102 2976 2331 3029 invisere
2366 2988 2489 3036 eos,
2520 2973 2610 3040 qui
2647 2978 2772 3024 sunt
2813 2971 2864 3022 in
2895 2983 3120 3022 carcere.
3159 2985 3176 3017 ι
3214 2968 3298 3019 ln-

1784 3072 1968 3124 lirmus
2018 3069 2157 3122 enim
2207 3067 2280 3120 lui
2341 3066 2617 3136 (inquit),
2669 3073 2722 3118 et
2772 3063 3025 3117 visitastis
3073 3075 3196 3124 me;
3247 3067 3301 3112 et

1785 3159 1836 3212 in
1869 3163 2081 3214 carcere
2115 3157 2212 3218 fui,
2247 3167 2298 3209 et
2326 3156 2544 3208 venistis
2575 3154 2637 3206 ad
2670 3167 2753 3222 me
2775 3152 2836 3204 ".
2863 3170 2880 3200 ›
2921 3149 3295 3204 Verumtamen

1783 3247 1884 3299 hoc
1930 3245 2199 3304 sciendum
2245 3243 2404 3307 quod,
2461 3241 2626 3308 siqnis
2665 3240 3120 3301 anachoretarum,
3177 3253 3294 3289 cum

1782 3333 1835 3386 in
1863 3333 2001 3384 hunc
2035 3333 2323 3385 daemonem
2361 3329 2640 3392 inciderit,
2688 3329 3031 3395 cogitationes
3070 3341 3168 3377 non
3202 3325 3299 3377 ha-

1781 3422 1897 3475 buit
1931 3421 2276 3481 merctricias,
2323 3427 2413 3470 aut
2461 3418 2706 3479 domum,
2757 3417 2866 3468 sive
2909 3415 3149 3469 cellulam
3193 3429 3294 3464 non

1783 3511 2061 3578 dereliquit
2093 3524 2200 3577 prae
2247 3508 2469 3569 desidia,
2519 3508 2618 3559 iste
2672 3506 3094 3572 temperantiam,
3143 3513 3298 3570 atque

1782 3599 2090 3666 patientiam
2119 3611 2146 3647 e
2175 3595 2322 3646 caelis
2357 3593 2734 3644 descendentes
2774 3599 2851 3641 est
2896 3597 3202 3648 assecutus,
3236 3602 3298 3638 ac

1781 3686 1965 3738 beatus
1994 3685 2215 3742 exsistit,
2259 3681 2348 3747 qui
2383 3679 2472 3729 tali
2503 3676 2763 3744 passionis
2793 3677 3053 3728 vacuitate
3097 3676 3291 3741 dignus

1781 3784 1862 3828 est
1919 3775 2146 3827 habitus.
2181 3771 2446 3836 Quotquot
2491 3778 2662 3821 autem
2709 3768 2943 3827 divinum
2987 3768 3298 3835 profitentur

1787 3865 2010 3924 cultum,
2046 3871 2096 3913 et
2130 3859 2431 3918 mundanis,
2463 3871 2551 3910 seu
2587 3858 2930 3910 saecularibus
2974 3857 3174 3925 eligunt
3206 3872 3299 3910 co-

1784 3953 2049 4012 habitare,
2074 3958 2297 4017 paveant
2326 3945 2478 4014 525
2509 3945 2574 3997 ab
2603 3945 2706 3999 isto
2730 3946 2967 3997 da-mone
2993 3962 3006 3997 :
3033 3960 3130 4010 ego
3154 3945 3294 3997 enim

1781 4039 1847 4091 de
1884 4040 1998 4103 ipso
2043 4037 2265 4102 amplius
2303 4037 2498 4101 aliquid
2539 4034 2711 4087 dicere
2752 4045 2842 4087 aut
2881 4035 3112 4086 scribere
3137 4033 3297 4088 etiam

1786 4127 1928 4191 ipsos
1955 4124 2193 4175 homines
2217 4121 2564 4173 verecundor.

2340 4263 2560 4320 CAPUT
2597 4265 2730 4318 XIII.

1850 4375 2046 4427 Omnes
2077 4373 2342 4426 dtemones
2369 4373 2587 4427 edocent
2615 4375 2866 4438 animam,
2913 4385 2969 4428 ιιι
2997 4391 3181 4430 amans
3221 4379 3290 4429 sit

1784 4462 2134 4526 voluptatum;
2170 4461 2315 4514 solus
2348 4470 2521 4513 autem
2547 4463 2749 4514 daemon
2778 4464 3008 4516 tristitia:
3039 4463 3089 4515 id
3122 4464 3292 4515 facere

1784 4558 2036 4609 recusat,
2093 4547 2181 4600 sed
2223 4549 2599 4602 introeuntium
2641 4549 2983 4617 cogitationes
3021 4551 3288 4616 dispertiit,

1785 4635 2102 4702 voluptatem
2143 4651 2350 4689 omnem
2381 4640 2569 4689 animae
2599 4639 2949 4700 imminut-ns,
2995 4651 3057 4688 ac
3101 4637 3290 4689 inl’rln-

1771 4712 1930 4791 'gens,
1966 4724 2239 4791 ipsamque
2266 4723 2560 4778 arefaciens
2589 4739 2682 4791 per
2711 4726 2962 4777 dolorem.
3016 4721 3286 4790 Siquidem

1785 4809 2014 4863 hominis
2059 4825 2164 4876 prae
2191 4810 2400 4862 tristitia
2431 4811 2653 4862 dolentis
2693 4811 3023 4862 exsiccantur
3059 4824 3178 4863 ossa
3210 4812 3285 4874 ";

1784 4908 1836 4949 et
1880 4898 2211 4950 mediocriter
2234 4898 2442 4964 quidem
2479 4897 2790 4963 belligerans
2817 4897 3092 4964 probatura
3134 4899 3289 4950 edit-it

1787 4984 2196 5043 anachoretam;
2245 4983 2522 5048 persuadet
2561 4982 2755 5049 quippe
2789 4982 2889 5050 ipsi
2929 4985 3285 5057 ab.omnihus

1790 5070 2006 5134 hujusce
2046 5069 2224 5121 mundi
2275 5070 2433 5122 rebus
2483 5070 2784 5134 abhorrere,
2833 5085 3144 5135 omnemque
3190 5086 3283 5121 vo-

1778 5158 2024 5223 luptatem
2073 5165 2306 5221 evitare;
2360 5156 2477 5222 plus
2524 5173 2649 5210 vero
2693 5171 3028 5225 perseverans
3067 5165 3283 5220 generat

1778 5245 2118 5312 cogitationes
2173 5242 2508 5298 consulentes
2561 5247 2745 5299 anima:
2791 5258 2907 5297 sese
2952 5245 3276 5307 subducere,

257 5404 294 5433 "
327 5398 504 5456 Matth.
536 5415 674 5461 χχιιι,
705 5401 769 5452 22
794 5418 806 5464 ;
831 5403 990 5456 Marc.
1023 5421 1130 5464 snt,
1164 5405 1247 5457 ΞΟ.
1325 5407 1364 5435 ισ
1399 5379 1587 5461 Matth.
1621 5425 1683 5461 xx

1784 5411 1850 5464 ili.
1929 5413 1968 5442 "
2003 5409 2155 5466 Prov.
2181 5428 2308 5474 xvn,
2344 5415 2428 5466 22.
2486 5427 2488 5429 ‘
