4058 6350
800 323 939 388 1215
1370 325 1382 338 ’
2225 329 2286 388 5.
2325 331 2342 389 Ῑ

2430 331 2484 390 ".I
3832 345 3950 409 1216

797 447 890 490 aut
921 443 1167 504 cogentes
1196 435 1378 503 procul
1432 451 1459 488 a
1510 435 1640 489 locis
1685 433 1942 504 aufugero
1971 453 1984 489 :
2016 436 2156 501 quod
2182 438 2328 506 cogi-

2430 440 2566 508 κράν
2594 441 2992 511 ἀναγκάζοντας
3016 463 3029 477 ·
3080 449 3216 520 ὅπερ
3247 451 3548 519 λελόγισταί
3576 469 3726 514 ποτε,
3758 454 3845 505 καὶ
3873 461 3947 508 πέ-

796 527 929 578 tavit
951 525 1246 592 quondam,
1274 533 1328 578 et
1359 539 1545 592 passus
1573 537 1656 578 est
1683 540 1895 593 quoque
1937 534 2156 580 sanctus
2198 525 2326 591 Job,

2434 527 2591 578 πονθε
2624 530 2716 583 καὶ
2739 532 2768 583 6
2796 520 2947 599 ἅγιος
2978 533 3097 588 Ἰὼϐ
3128 537 3230 590 ὑπὸ
3259 538 3447 592 τούτου
3479 540 3946 609 παρενοχλεὺμενος

794 616 920 670 dum
951 616 1019 668 ab
1053 614 1156 667 isto
1184 613 1424 667 daemone
1469 612 1890 680 perturbaretur,
1920 627 1983 667 ac
2013 627 2326 682 vexaretur;

2430 617 2521 670 τοῦ
2548 617 2829 688 δαίμονος⁶
2869 641 2888 675 ι
2913 623 3039 677 Εῐθε
3065 625 3173 695 γὰρ
3203 627 3484 698 δυναίμην,
3519 631 3702 699 φησὶν,
3732 631 3944 698 ἐμαυτὸν

722 770 724 773 ι
797 704 872 757 ait
901 703 1095 757 enim:
1139 720 1159 753 ι
1206 702 1418 757 Utinam
1476 717 1684 770 possem
1733 702 1992 771 meipsum
2041 704 2326 770 edomare,

2430 705 2810 799 χειρώσασθαι,
2853 711 2887 780 ἢ
2921 711 3128 799 δεηθείς
3173 731 3235 783 γε
3263 716 3470 786 ἑτέρου,
3509 721 3602 770 καὶ
3628 720 3834 789 ποιήσει
3863 739 3943 790 μοι

796 801 891 846 aut
925 791 1131 861 precari
1162 792 1413 853 alterum,
1444 800 1498 844 et
1527 791 1681 844 faciet
1713 791 1844 842 mihi
1875 790 1977 845 hoc
2008 790 2071 844 ¹⁸.
2108 809 2128 841 ι
2159 790 2330 860 Hujus

2430 794 2600 849 τοῦτο.
2635 814 2654 847 ι
2696 799 2896 852 Τούτου
2924 801 3016 854 τοῦ
3040 790 3292 872 δαίμονος
3320 805 3583 874 σύμϐολόν
3610 810 3752 859 ἔστιν
3781 811 3810 877 ἡ
3839 811 3944 879 ἐχι-

796 879 1053 932 dzemoois
1097 878 1263 946 figura
1309 887 1392 931 est
1434 879 1647 945 vipera,
1693 877 1861 932 bestia
1911 878 2000 931 illa
2031 878 2195 946 cujus
2237 893 2332 935 na-

797 977 957 1032 tura,
1009 968 1055 1021 si
1113 967 1368 1021 benevole
1432 977 1485 1020 et
1535 968 1836 1020 humaniter
1881 966 2054 1030 detur,
2104 967 2328 1020 aliarum

801 1056 1033 1109 ferarum
1083 1071 1284 1109 venena
1328 1054 1629 1114 labefactat.
1660 1072 1723 1109 ac
1746 1055 2037 1124 disperdit,
2082 1055 2334 1122 intempe-

803 1154 981 1197 ranter
1021 1158 1146 1198 vero
1191 1132 1468 1212 suscepta,
1524 1146 1693 1212 ipsum
1740 1145 1899 1198 etiam
1963 1143 2161 1197 animal
2211 1158 2334 1197 cor-

801 1237 1022 1300 rumpit.
1082 1233 1214 1287 Huic
1255 1235 1481 1286 daemoni
1530 1226 1748 1287 tradmit
1803 1233 1998 1286 Paulus
2030 1249 2153 1286 eum
2179 1272 2194 1294 ,
2237 1233 2330 1301 qui

804 1318 1042 1388 patrarat
1083 1322 1340 1390 flagitium
1366 1321 1628 1383 Corinthi,
1667 1324 1866 1376 idcirco
1897 1323 2072 1375 denuo
2097 1323 2332 1376 studiose

803 1409 993 1462 scribit
1026 1408 1341 1472 Corinthiis,
1383 1409 1567 1463 dicens
1601 1427 1614 1461 :
1648 1427 1666 1460 ι
1713 1408 2038 1462 Conflrmate
2078 1408 2130 1460 in
2171 1407 2329 1484 illum

802 1498 1116 1550 charitatem
1137 1537 1151 1558 ,
1201 1514 1264 1551 ne
1311 1498 1446 1551 forte
1478 1513 1543 1550 ex
1571 1497 1947 1551 abundantiori
1978 1497 2195 1550 tristitia
2238 1499 2332 1550 ab-

803 1587 1084 1639 sorbeatur
1124 1587 1224 1641 iste
1253 1587 1372 1640 talis
1397 1588 1459 1640 ¹⁹.
1503 1605 1521 1636 ι
1556 1584 1750 1640 Verum
1785 1586 1872 1640 hic
1909 1586 2131 1655 spiritus
2161 1587 2331 1640 homi-

805 1690 901 1729 nes
923 1675 1179 1728 aﬂlictaus
1202 1677 1348 1730 novit
1367 1676 1497 1742 ipsis
1521 1674 1830 1728 conciliator
1849 1675 2008 1728 etiam
2040 1675 2150 1728 fieri
2179 1675 2330 1727 bona!

804 1762 1154 1830 paenitentiae;
1185 1765 1322 1814 unde
1353 1772 1406 1814 et
1455 1770 1672 1814 sanctus
1701 1759 1932 1814 Joannes
1961 1759 2193 1826 Baptista
2215 1775 2328 1822 eos,
2362 1757 2402 1810 Β

805 1853 895 1918 qui
945 1852 1012 1904 ab
1070 1853 1172 1904 isto
1229 1851 1469 1904 d:emone
1517 1851 1924 1918 pungebantur,
1963 1860 2015 1902 et
2067 1849 2226 1920 526
2265 1851 2329 1902 ad

806 1939 970 1991 Deum
1002 1937 1398 2004 confugiebant,
1429 1940 1725 1992 admonens
1750 1937 1922 2006 inquit
1951 1955 1964 1991 :
2007 1956 2024 1987 ι
2054 1939 2330 1992 Genimina

806 2029 1128 2094 viperarum,
1162 2027 1283 2094 quis
1321 2027 1470 2080 vobis
1510 2027 1739 2080 ostendit
1769 2025 1949 2095 fugere
1984 2028 2052 2079 ab
2097 2028 2173 2080 ira
2211 2041 2334 2080 ven-

807 2121 966 2173 tura?
1009 2119 1186 2173 Facite
1237 2119 1400 2187 igitur
1441 2118 1667 2172 fructum
1709 2119 1925 2186 dignum
1973 2117 2328 2190 pmniteiitiaa;

805 2217 860 2261 et
911 2222 977 2261 ne
1024 2207 1218 2274 putetis
1263 2207 1439 2260 dicere
1486 2206 1626 2260 intra
1673 2207 2022 2276 vosmetipsos
2071 2205 2329 2258 :Patrem

810 2297 1067 2349 habemus
1105 2295 1412 2360 Abraham;
1459 2297 1580 2350 dico
1619 2298 1758 2351 enim
1787 2297 1960 2360 vobis,
1988 2297 2129 2366 quod
2159 2305 2334 2366 potest

812 2383 949 2436 liens
981 2399 1042 2434 ex
1073 2383 1336 2450 lapidibus
1377 2383 1493 2437 istis
1536 2386 1796 2438 suscitare
1841 2387 1974 2439 filios
2016 2385 2242 2439 Abrahae
2263 2388 2329 2441 ’°.

809 2469 1185 2524 Verumtamen
1210 2471 1532 2540 quicunque,
1556 2472 1821 2525 Abraham
1850 2473 2104 2536 imitatus,
2135 2490 2166 2527 e
2191 2483 2332 2528 terra

808 2561 974 2612 exivit
999 2575 1115 2622 sua,
1143 2569 1197 2612 et
1222 2575 1252 2613 e
1273 2563 1611 2629 cognatione,
1636 2563 1746 2629 ipse
1772 2563 1878 2616 isto
1905 2565 2062 2616 etiam
2092 2565 2334 2618 daemone

810 2646 998 2702 fortior
1029 2646 1213 2700 evasit.

1370 2758 1594 2814 CAPUT
1630 2759 1765 2812 XIV.

881 2863 936 2916 Si
974 2866 1096 2932 quis
1130 2865 1418 2920 iracundiae
1450 2867 1754 2922 dominatus
1783 2877 1884 2932 est,
1924 2869 2036 2937 ipse
2063 2867 2334 2923 daemones

810 2955 1005 3019 evicit;
1035 2954 1079 3009 si
1112 2970 1233 3010 vero
1266 2958 1387 3024 quis
1422 2958 1487 3010 ab
1516 2961 1612 3012 ista
1660 2958 1906 3026 passione
1953 2957 2113 3010 fuerit
2148 2957 2335 3024 subju-

2427 882 2544 948 δνα,
2571 884 2632 937 τὸ
2667 885 2871 956 θηρίον,
2905 885 2973 961 ἧς
3003 893 3037 961 η
3069 893 3228 960 φύσις
3253 895 3644 964 φιλανθρώπως
3691 897 3943 969 διδομένη,

2427 975 2552 1036 τοὺς
2576 975 2683 1028 τῶν
2709 977 2881 1033 ἀλλων
2906 980 3104 1052 θηρίων
3137 984 3247 1048 ίοὺς
3271 985 3586 1054 διαφθείρει,
3631 989 3862 1058 ἀκρατῶς
3896 993 3945 1044 δὲ

2428 1065 2801 1140 λαμϐανομένη
2831 1067 2924 1122 καὶ
2952 1071 3081 1125 αὐτὸ
3101 1073 3394 1145 διαφθείρει
3418 1075 3480 1128 τὸ
3500 1076 3654 1139 ζῶον.
3687 1079 3856 1148 Τούτῳ
3872 1082 3945 1150 τῷ

2381 1193 2386 1195 Α
2427 1156 2635 1224 δαίμονι
2667 1160 2976 1229 παρέδωκεν
3002 1165 3031 1215 6
3064 1163 3271 1227 Παῦλος
3315 1165 3405 1218 τὸν
3441 1167 3498 1218 ἐν
3523 1165 3764 1238 Κορίνθῳ
3787 1188 3943 1240 παρα-

2429 1247 2755 1315 νομήσαντα,
2784 1249 2864 1303 διὸ
2891 1252 2986 1304 καὶ
3014 1255 3212 1323 γράφει
3241 1255 3401 1308 πάλιν
3433 1258 3731 1320 σπουδαίως
3755 1275 3767 1288 ο
3811 1280 3828 1309 ι
3852 1263 3944 1314 Κυ-

2430 1336 2657 1402 ρὼσατε,
2696 1337 2866 1406 λέγων
2899 1343 3011 1404 τοῖς
3053 1341 3374 1412 Κορινθίοις,
3415 1347 3496 1407 εἰς
3523 1347 3684 1398 αὐτὸν
3719 1349 3941 1419 ἀγάπην,

2430 1421 2515 1473 ἵνα
2537 1425 2609 1490 μή
2638 1441 2764 1476 ποτε
2802 1427 2866 1495 τῇ
2897 1431 3254 1499 περισσοτέρᾳ
3273 1430 3414 1502 λύπῃ
3444 1434 3718 1503 καταποθῇ
3741 1437 3766 1486 6
3783 1438 3942 1490 τοιοῦ-

2427 1525 2534 1581 τος.
2570 1529 2588 1560 ι
2643 1511 2779 1563 Ἀλλ’
2822 1509 2926 1566 οἶδε
2963 1516 3116 1568 τοῦτο
3163 1518 3340 1570 θλίεον
3379 1521 3505 1580 τοὺς
3547 1522 3852 1590 ἀνθρώπους
3891 1527 3943 1578 τὸ

2428 1599 2641 1669 πνεῦμα
2705 1605 2798 1656 καὶ
2858 1607 3143 1673 μετανοίας
3208 1610 3386 1672 αὐτοῖς
3445 1611 3654 1680 ἀγαθῆς
3710 1617 3943 1683 πρόξενον

2428 1686 2668 1752 γίνεσθαι
2694 1705 2708 1719 ·
2762 1690 2882 1743 ὅθεν
2924 1694 3016 1745 καὶ
3044 1696 3072 1746 6
3105 1695 3254 1762 ἅγιος
3302 1698 3549 1769 Ἰωάννης
3579 1703 3606 1752 6
3637 1702 3941 1774 Βαπτιστὴς,

2430 1777 2554 1839 τοὺς
2603 1777 2704 1830 ὑπὸ
2751 1781 2936 1834 τούτου
2982 1788 3366 1854 κεντουμένους
3413 1789 3504 1840 τοῦ
3550 1790 3816 1858 δαίμονος,
3860 1797 3944 1848 καὶ

2431 1868 2865 1935 προσφεύγοντας
2887 1872 2963 1940 τῷ
2989 1873 3133 1944 Θεῷο
3166 1894 3184 1926 ι
3211 1878 3521 1947 Γεννήματα
3546 1881 3778 1949 ἐχιδνῶν,
3805 1886 3940 1951 φησι,

2429 1953 2508 2015 τίς
2541 1955 2666 2023 ύμῖν
2694 1957 2935 2022 ὑπέδειξε
2963 1965 3148 2029 φυγεῖν
3179 1965 3283 2017 ἀπὸ
3313 1969 3408 2035 τῆς
3443 1967 3741 2036 μελλούσης
3763 1972 3939 2039 ὁργῆςς

2431 2042 2686 2111 ποιήσατε
2717 2041 2808 2097 οὖν
2841 2049 3047 2115 καρπὸν
3075 2049 3220 2113 ἀξιον
3263 2055 3358 2122 τῆς
3409 2056 3716 2120 μετανοίας,
3746 2060 3848 2110 ’καὶ
3877 2061 3941 2128 μὴ
4030 2049 4031 2054 η

2428 2128 2610 2199 δόξητε
2633 2131 2805 2198 λέγειν
2826 2136 2881 2186 ὲν
2901 2137 3127 2204 ἑαυτοῖς,
3145 2141 3355 2208 Πατέρα
3382 2141 3576 2211 ἔχομεν
3595 2143 3683 2196 τὸν
3697 2147 3940 2216 Ἀδραάμ’

2429 2217 2572 2285 λέγω
2603 2221 2710 2290 γὰρ
2757 2222 2882 2290 ὑμῖν
2927 2225 3003 2277 δτι
3051 2227 3270 2280 δύναται
3315 2232 3343 2282 6
3384 2229 3516 2293 Θεὸς
3547 2235 3612 2284 ἐκ
3655 2234 3760 2286 τῶν
3799 2235 3942 2288 λίθων
4030 2255 4031 2258 ‘

2429 2307 2630 2362 τούτων
2679 2315 2885 2381 ἐγεῖραι
2914 2314 3076 2368 τέκνα
3101 2317 3177 2386 τῷ
3233 2316 3494 2388 Ἀϐραάμζ
3538 2339 3557 2372 ι
3609 2322 3752 2392 Πλὴν
3789 2327 3886 2387 πᾶς
3917 2327 3942 2378 6

2427 2398 2517 2480 τὸν
2549 2401 2792 2472 Ἀϐραὰμ
2823 2407 3212 2475 μιμησάμενος,
3253 2410 3343 2461 καὶ
3392 2410 3617 2472 ἐξελθὼν
3641 2414 3704 2464 ὲκ
3733 2414 3827 2481 τῆς
3858 2416 3940 2483 γῆς

2430 2489 2612 2552 αὐτοῦ,
2648 2493 2740 2544 καὶ
2764 2495 2828 2545 ὲκ
2852 2493 2953 2561 τῆς
2978 2485 3312 2564 συγγενείας,
3345 2499 3504 2563 αὐτὸς
3535 2501 3630 2554 καὶ¹
3655 2502 3832 2556 τούτου
3861 2502 3940 2556 τοῦ

2428 2575 2672 2645 δαίμονος
2701 2580 2914 2648 γέγονεν
2943 2584 3298 2655 ἰσχυρότερος.

3004 2777 3222 2830 ΚΕΦΑΛ
3234 2816 3248 2830 .
3288 2781 3382 2830 ῙΔ¹.

2499 2880 2566 2932 Εἴ
2582 2897 2664 2942 τις
2696 2879 2865 2950 θυμοῦ
2905 2885 3258 2954 κεκράτηκεν,
3301 2883 3447 2948 οὗτος
3473 2888 3733 2958 δαιμόνων
3765 2896 3941 2962 κεκρά-

2433 2983 2615 3037 τηκεν,
2663 2970 2708 3021 εί
2740 2971 2792 3020 δέ
2820 2988 2903 3034 τις
2929 2972 3100 3041 τούτῳ
3125 2973 3201 3043 τῷ
3234 2977 3390 3028 πάθει
3437 2978 3769 3044 δεδούλωται,
3809 2978 3942 3044 οὗτος
4030 2995 4031 3004 ³

812 3053 994 3110 gatus,
1036 3043 1080 3096 is
1126 3058 1158 3096 a
1188 3044 1294 3096 vita
1340 3046 1630 3099 monasdca
1660 3045 1876 3099 omnino
1909 3054 1992 3098 est
2021 3045 2243 3106 alienus,
2273 3059 2336 3098 ac

2437 3057 2716 3125 μοναδικοῦ
2747 3059 2857 3127 βίου
2897 3061 3011 3112 ἐστὶ
3054 3063 3326 3124 παντελῶς
3358 3066 3653 3134 ἀλλότριος,
3699 3043 3788 3121 καὶ
3815 3070 3942 3134 ξένος

815 3131 970 3182 veluti
1023 3132 1332 3198 peregrinus
1387 3133 1540 3201 longe
1589 3135 1750 3186 distat
1807 3149 1836 3186 a
1896 3134 1995 3186 viis
2047 3133 2338 3186 Salvatoris

815 3221 1004 3271 nostri.
1045 3219 1321 3286 Siquidem
1369 3223 1479 3288 ipse
1527 3220 1784 3274 Dominus
1817 3231 1998 3275 noster
2023 3222 2218 3274 dicitur
2247 3223 2341 3274 do-

812 3324 932 3362 ccre
992 3310 1146 3361 mites
1195 3310 1305 3360 vias
1365 3311 1595 3375 suas'”,
1646 3311 1844 3364 idcirco
1901 3313 2340 3366 anachoretarum

819 3411 968 3447 mens
1001 3395 1225 3449 diliirilis
1278 3406 1356 3448 est
1401 3406 1588 3464 captu,
1643 3413 1763 3450 cum
1817 3398 1869 3450 in
1915 3401 2340 3454 mansuetudinis

817 3483 1086 3548 confugiat
1123 3499 1390 3551 campum,
1423 3487 1544 3552 quia
1573 3488 1770 3538 nullam
1802 3486 1910 3540 fere
1940 3489 2182 3540 virtutem
2209 3491 2341 3542 adeo

818 3583 1060 3626 metuunt
1080 3575 1363 3636 daemones,
1391 3585 1447 3626 ut
1469 3577 1951 3629 mansuetudinem.
1982 3577 2127 3629 Hanc
2146 3579 2341 3630 ctenim

825 3663 1129 3726 possidebat
1191 3664 1263 3716 et'
1302 3664 1506 3731 Moyses
1564 3665 1698 3730 ille,
1735 3666 1877 3719 mitis
1936 3683 2095 3735 supra
2157 3683 2341 3722 omnes

819 3751 1061 3801 homines
1103 3763 1316 3802 meatus
1345 3752 1410 3803 ".
1457 3751 1596 3815 Quin
1638 3762 1691 3804 et
1731 3765 1948 3807 sanctus
1984 3755 2138 3805 David
2187 3755 2338 3807 istam

818 3838 1070 3889 tncmoria
1103 3837 1188 3888 Dei
1218 3839 1426 3906 dignam
1449 3855 1566 3892 ess-2:.
1592 3841 1933 3904 arclamavit,
1966 3843 2113 3896 aiens
2140 3860 2153 3895 :
2185 3862 2202 3893 ι
2236 3843 2340 3895 Me-

820 3935 1017 3990 tncnto,
1067 3927 1306 3993 Domine,
1358 3930 1552 3992 David,
1605 3942 1658 3984 et
1703 3934 1876 3987 omnis
1924 3935 2339 3987 mansuetudinis

822 4016 937 4083 ejus
960 4017 1024 4067 ³³.
1067 4037 1080 4064 ι
1125 4017 1224 4068 Sed
1260 4029 1312 4070 et
1345 4021 1453 4084 ipse.
1483 4020 1722 4073 Salvator
1767 4023 2064 4074 imitatores
2097 4037 2192 4073 nos
2226 4037 2343 4074 esse

815 4105 974 4170 jussit
1012 4119 1121 4155 suze
1153 4107 1596 4163 mansuetudinis.
1634 4108 1815 4160 dicens
1845 4127 1857 4160 :
1893 4126 1910 4157 ι
1954 4109 2145 4161 Discite
2171 4125 2199 4160 a
2237 4113 2346 4170 me,

817 4195 940 4262 quia
973 4195 1115 4246 mitis
1147 4211 1285 4254 sum,
1321 4204 1372 4247 et
1400 4195 1617 4249 humilis
1645 4198 1824 4259 corde,
1865 4206 1917 4249 et
1957 4197 2229 4250 invenietis
2257 4213 2341 4249 re-

2435 3146 2538 3196 τῶν
2569 3147 2701 3197 ὁδῶν
2724 3147 2816 3198 τοῦ
2847 3149 3090 3216 Σωτῆρος
3121 3152 3274 3219 ἡμῶν
3299 3168 3313 3183 ο
3349 3156 3504 3223 εἰπερ
3533 3156 3694 3218 αὐτὸς
3719 3161 3746 3210 6
3768 3159 3943 3228 Κύριος

2438 3233 2588 3302 ἡμῶν
2625 3235 2837 3299 λέγεται
2872 3234 3136 3289 διδάσκειν
3175 3241 3300 3302 τοὺς
3335 3245 3524 3310 πραεῖς
3555 3244 3652 3306 τὰς
3689 3246 3831 3307 ὀδοὺς
3864 3249 3943 3297 αὖ.

2435 3323 2528 3375 τοῦ
2549 3341 2561 3352 ·
2604 3324 2681 3376 διὸ
2714 3324 2805 3376 καὶ
2834 3324 3161 3394 δυσθήρατος
3188 3329 3390 3394 γίνεται
3419 3332 3523 3382 τῶν
3554 3335 3942 3404 ἀναχωρούντων

2437 3419 2464 3469 6
2492 3417 2634 3481 νοῦς,
2667 3419 2742 3479 είς
2771 3417 2829 3470 τὸ
2860 3419 2956 3486 τῆς
2997 3421 3293 3489 πραότητος
3341 3425 3554 3491 φεύγων
3584 3429 3780 3480 πεδίον·
3813 3430 3940 3482 οὐδε·
4030 3451 4031 3498 ξ

2440 3507 2566 3572 μίαν
2608 3506 2712 3576 γὰρ
2758 3508 2865 3560 τῶν
2909 3509 3115 3576 ἀρετῶν
3161 3511 3342 3579 σχεδὸν
3394 3513 3532 3566 οὕτω
3579 3516 3862 3570 δεδοίκασιν
3901 3519 3942 3570 oi

2438 3592 2701 3658 δαίμονες,
2737 3595 2810 3653 ὡς
2857 3597 3160 3664 πραΰτηταο
3211 3598 3413 3670 ταύτην
3449 3604 3557 3671 γὰρ
3601 3606 3692 3657 καὶ
3737 3607 3942 3673 Μωῦσῆς
4030 3659 4031 3662 η

2439 3681 2636 3740 ἐκεῖνος
2669 3683 2943 3750 ἐκέκτητο,
2985 3685 3156 3752 πραῢς
3191 3689 3341 3756 παρὰ
3369 3690 3572 3753 πάντας
3608 3695 3733 3754 τοὺς
3760 3694 3940 3763 ἀνθρὼο
4030 3675 4031 3714 Ῑ

2439 3785 2573 3830 πους
2602 3770 2836 3836 κληθείς.
2877 3772 2984 3823 Καὶ
3017 3775 3045 3824 ὁ
3085 3773 3235 3839 ἀγιος
3278 3775 3332 3826 δὲ
3375 3779 3536 3829 Δαὸὶδ
3584 3780 3737 3842 ἀξίαν
3769 3783 3940 3850 ταύτην

2437 3857 2532 3925 τῆς
2549 3859 2640 3909 τοῦ
2663 3859 2794 3910 Θεοῦ
2820 3862 3035 3928 μνήμης
3058 3863 3438 3931 ἀπεφθέγξατο
3453 3862 3590 3918 εἶναι
3613 3885 3626 3896 ·
3658 3888 3676 3919 ι
3696 3872 3938 3940 Μνήσθητι

2439 3948 2624 4014 Κύριε,
2659 3948 2846 4012 λέγων,
2876 3948 2967 4000 τοῦ
2996 3949 3176 4011 Δαϐὶδ,
3209 3953 3303 4004 καὶ
3345 3953 3519 4023 πάσης
3551 3958 3648 4023 τῆς
3677 3960 3939 4027 πραότητος

2439 4034 2619 4084 αὐτοῦ.
2675 4054 2690 4081 ι
2758 4037 2910 4088 Ἀλλά
2959 4039 3051 4088 καὶ
3078 4040 3238 4099 αὐτὸς
3269 4044 3296 4093 ὁ
3326 4044 3508 4112 Σωτὴρ
3542 4051 3774 4115 μιμητὰς
3819 4051 3939 4118 ἡμᾶς
4030 4091 4031 4114 ‘

2439 4120 2684 4171 ἐκέλευσε
2707 4123 2951 4185 γενέσθαι
2976 4125 3074 4192 τῆς
3104 4127 3305 4179 ἐκείνου
3337 4133 3635 4199 πραότητος
3659 4154 3672 4166 ο
3715 4156 3730 4184 ι
3757 4139 3937 4189 Μάθετε
4030 4123 4031 4166 λ

2440 4208 2530 4258 ἀπ’
2553 4210 2701 4276 ἐμοῦ,
2720 4209 2906 4275 λέγων,
2935 4212 3035 4274 ὃτι,
3053 4215 3221 4282 πρᾶός
3242 4215 3373 4286 είμι,
3397 4219 3489 4270 καὶ
3507 4224 3750 4283 ταπεινὸς
3764 4229 3822 4292 τῇ
3839 4240 3936 4292 καρ-
4030 4233 4031 4246 ‘

818 4284 993 4348 (ιυίι-ιιι
1041 4283 1321 4335 animabus
1365 4284 1552 4337 vestris
1582 4284 1644 4336 “.
1687 4304 1706 4335 ι
1764 4282 1914 4348 Quod
1966 4288 2010 4340 si
2053 4287 2171 4353 quis
2205 4286 2340 4340 escis

822 4370 1027 4396 ....;.ι,..η
1076 4383 1229 4396 Α.....,
1267 4375 1474 4396 ..-ηιμηη
1508 4375 1637 4396 ,ιλ-ε
1685 4376 1812 4396 --.._:.
1868 4375 1935 4396 ξ--.
1980 4392 2041 4396 --η
2075 4378 2187 4396 .:_,__
2218 4393 2332 4396 __-,,_

2439 4298 2542 4366 δίᾳ.
2589 4301 2679 4350 καὶ
2722 4301 2974 4368 εὑρήσετε
3027 4301 3325 4356 ἀνάπαυσιν
3355 4311 3477 4369 ταῖς,
3513 4310 3707 4378 ψυχαῖς
3735 4314 3885 4381 ὑμῶν.
3916 4331 3930 4360 ι

819 4370 1028 4436 quidem
1075 4383 1232 4437 atque
1265 4375 1477 4439 potibus
1506 4375 1838 4437 abstinuerit,
1868 4375 2192 4428 irai-umnam
2218 4393 2339 4430 vero

2441 4388 2499 4437 Εί
2529 4387 2585 4438 δέ
2625 4405 2703 4449 τις
2742 4389 3036 4458 βρωμάτων
3071 4392 3187 4459 μὲν,
3240 4395 3333 4448 καὶ
3374 4370 3650 4465 πομάτων,
3688 4370 3933 4470 ἀπέχοιτο,

822 4460 1064 4525 malignis
1115 4474 1360 4526 provocet
1417 4465 1857 4531 cogitationibus,
1901 4466 1985 4517 hie
2022 4467 2210 4518 similis
2263 4477 2342 4518 rst

2438 4474 2600 4542 θυμὸν
2631 4475 2685 4526 δὲ
2722 4476 2994 4544 λογισμοῖς
3039 4485 3285 4548 πονηροῖς
3332 4460 3584 4550 ἐρεθίζει,
3630 4460 3935 4547 οὗτοςΙέοικε

822 4550 940 4600 navi
979 4562 1069 4613 per
1114 4564 1258 4600 mare
1301 4554 1544 4616 vaganti,
1592 4569 1810 4622 quaeque
1850 4553 2140 4606 dsemOnem
2190 4558 2342 4608 habet

2435 4565 2832 4635 ποντοπορούσῃ
2865 4565 2969 4632 νηῒ,
3013 4569 3104 4619 καὶ
3134 4571 3329 4641 ἐχούσῃ
3362 4573 3583 4640 δαίμονα
3616 4576 3928 4643 κυϐερνήτην,

820 4637 975 4706 527
1006 4638 1446 4704 gUDCI‘IIUlOI‘t'III:
1478 4643 1590 4691 ideo
1611 4644 2002 4702 attendemlutn.
2027 4646 2196 4710 quoad
2231 4646 2339 4695 iit'l‘i

2437 4651 2514 4700 διδ
2542 4653 2881 4717 προσεκτέον,
2908 4655 3004 4720 ὅση
3032 4653 3274 4722 δύναμις,
3309 4661 3381 4724 τῷ
3414 4662 3662 4729 ἡμετέρῳ
3695 4665 3826 4722 κυνὶ,
3862 4665 3931 4714 καὶ

822 4737 1010 4794 potest-
1049 4728 1166 4778 caui
1201 4736 1404 4787 uestro,
1436 4727 1676 4793 idemque
1699 4731 1971 4782 docvndus
1997 4742 2095 4792 est,
2121 4743 2176 4782 nt
2201 4735 2340 4785 Solos

2435 4740 2703 4791 διδακτέον
2731 4743 2906 4802 αὑτὸν,
2928 4745 3047 4804 τοὺς
3078 4744 3267 4805 λύκους
3300 4748 3486 4811 μόνους
3509 4750 3838 4820 διαφθείρειν.
3859 4755 3931 4804 καὶ

821 4816 1084 4882 disperdat
1126 4817 1312 4884 lupos,
1353 4825 1400 4867 et
1449 4831 1572 4869 nom
1601 4820 1837 4870 comedat
1871 4835 2028 4876 oves,
2130 4838 2337 4873 omnem

2442 4829 2514 4894 μὴ
2558 4829 2624 4878 τά
2674 4830 2912 4896 πρόϐατα
2967 4832 3296 4891 κατεσθίειν,
3350 4838 3522 4897 πᾶσαν
3570 4839 3929 4911 ἐνδεικνύμενον

821 4919 946 4970 erga
973 4920 1156 4956 etnnes
1189 4906 1428 4958 homines
1462 4910 1718 4959 esnilnans
1755 4908 2212 4959 mansuetudinem
2241 4913 2302 4960 ⁸⁵.

2442 4919 2715 4985 πραότητα
2751 4919 2881 4987 πρὸς
2923 4919 3124 4980 πάντας
3152 4919 3483 4988 ἀνθρώπους.

3004 5029 3245 5080 ΚΕΦΛΛ.
3288 5031 3378 5083 "'3'.

2508 5137 2677 5194 Μόνος
2716 5135 2823 5184 τῶν
2852 5135 3116 5202 λογισμῶν
3153 5139 3178 5188 6
3204 5138 3297 5206 τῆς
3331 5142 3624 5203 κενι-δοῖίας
3659 5145 3768 5194 ἐστὶ
3795 5143 3923 5195 πολύ-

2494 5239 2576 5281 .ος,
2611 5221 2699 5271 καὶ
2727 5221 2849 5285 ὅλην
2878 5224 3053 5288 σχεδον
3085 5226 3490 5294 περιλαμϐάνων
3512 5228 3604 5295 τὴν
3626 5232 3922 5298 οἰκουμένην,

2444 5310 2529 5357 καὶ
2557 5310 2683 5359 πᾶσι
2709 5311 2812 5368 τοῖς
2844 5309 3082 5377 δαίμοσιν
3111 5314 3406 5380 ὑπανοίγων
3430 5314 3523 5375 τὰς
3553 5316 3735 5386 θύρας,
3774 5320 3923 5386 ὥσπερ

1391 5015 1611 5068 CAPUT
1649 5014 1764 5067 XV.

889 5120 932 5173 E
963 5122 1370 5188 cogitationibus
1404 5125 1512 5177 Sola
1544 5125 1627 5176 illa
1662 5142 1805 5174 vana:
1842 5123 2023 5190 gloria:
2065 5124 2336 5189 Inultiplici

823 5209 1058 5262 abundat
1093 5212 1330 5269 materie,
1363 5229 1478 5277 qua:
1510 5222 1615 5263 tum
1663 5216 1967 5263 IIIIin'rSlllil
2020 5213 2131 5265 fere
2175 5224 2341 5263 torra—
2441 5221 2492 5268 υ)

823 5313 940 5353 rum
963 5303 1140 5353 orbein
1165 5301 1576 5367 comprehendit,
1607 5313 1713 5354 tum
1743 5303 1989 5354 onmibus
2011 5304 2340 5355 θαιιηυιιιίιιιε

897 5472 1319 5554 ³⁸-Ιοιιῃξγιηι,
1395 5481 1436 5510 ¹⁹
1479 5477 1669 5554 "Cor.
1709 5499 1765 5554 ti,
1796 5485 1860 5554 7.7
1920 5487 1966 5516 ¹⁰
1998 5487 2184 5540 Matth.
2228 5503 2307 5543 tu.

2430 5493 2480 5549 ’ς
2547 5490 2673 5544 an.
2732 5507 2810 5553 Ill,
2880 5492 3008 5554 7,8.
3085 5490 3124 5520 “
3174 5489 3312 5544 Psal.
3361 5503 3508 5550 ulti.
3568 5490 3621 5543 9.
3690 5492 3736 5522 ²¹
3787 5491 3914 5545 Num.

809 5561 907 5609 ιιι,
936 5547 988 5600 3.
1063 5546 1109 5576 ²³
1138 5545 1276 5600 I’sal.
1312 5563 1490 5608 cum.
1533 5553 1572 5600 l.
1653 5555 1688 5578 τ·
1723 5551 1902 5603 Matth.
1937 5570 2008 5614 ιιι,
2035 5555 2121 5606 9.9.
2199 5557 2241 5586 "
2283 5553 2322 5606 tl

2430 5573 2495 5608 nt.
2533 5574 2588 5620 tt,
2624 5559 2707 5612 ii.
