4058 6350
115 367 214 425 ΞίΞΞἹ

1034 318 1130 422 ne
1187 360 1550 422 MALIGNIS
1623 357 2264 418 COGlTATlONIBUS.
2323 337 2331 346 ’

3093 348 3225 410 12218

106 492 167 534 τις
194 469 438 540 προδότης
468 439 696 541 πονηρὸς
726 471 929 541 ἀγαθῆς
959 473 1240 542 γενόμενος
1272 470 1495 531 πόλεως.
1523 469 1611 520 Διὸ
1638 519 1639 525 η

1722 465 2008 520 :lanculum
2040 467 2213 534 aperit
2239 473 2439 531 portas,
2492 475 2677 530 estque
2705 461 2844 515 velut
2872 461 3088 530 quidam
3119 475 3230 515 ma—

107 563 175 614 καὶ
200 561 324 612 πάνυ
352 563 595 613 ταπεινοῖ
626 561 716 612 τοῦ
746 561 1148 630 ἀναχωροῦντος
1176 560 1265 610 τὸν
1305 558 1445 619 νοῦν,
1478 556 1603 608 πολ-

107 651 187 701 λῶν
223 650 384 716 λόγων
410 651 570 702 αὑτὸν
608 651 699 702 καὶ
730 651 1069 720 πραγμάτων
1109 649 1346 718 πληρῶν,
1390 648 1482 699 καὶ
1508 646 1604 708 τὰς

103 740 366 808 προσευχὰς
393 741 556 792 αὑτοῦ
590 741 974 809 λυμαινόμενος
1021 741 1085 792 δι’
1113 735 1184 793 ὧν
1213 739 1384 791 πάντα
1416 738 1480 789 τὰ
1510 737 1604 805 τῆς

101 827 246 895 ψυχῆς
273 828 432 879 αὑτοῦ
469 830 750 896 τραύματα
781 829 1097 898 θεραπεύειν
1124 828 1428 889 σπουδάζει.
1471 827 1605 878 Τοῦ-

102 934 173 966 τον
195 917 275 967 τὸν
305 915 561 985 λογισμὸν
609 917 921 981 συναύξουσι
960 917 1162 979 πάντες
1210 916 1522 985 ἡττηθέντες
1559 915 1607 966 οἱ

101 1006 336 1073 δαίμονες,
369 1007 464 1058 καὶ
490 1007 646 1060 πάλιν
676 1009 742 1059 δι’
773 1007 932 1060 αὑτοῦ
962 1009 1157 1069 πάντες
1201 1008 1280 1068 εἰς
1307 1007 1403 1067 τὰς
1439 1005 1608 1072 ψυχὰς

101 1097 432 1166 λαμϐάνουσιν
484 1099 702 1166 εἴσοδον,
753 1099 1026 1161 ποιοῦντες
1065 1098 1235 1160 δντως
1282 1097 1347 1148 τὰ
1390 1084 1608 1164 ἔσχατα,

101 1190 285 1260 χείρονα
326 1191 434 1244 τῶν
478 1192 722 1262 πρώτων.
770 1193 860 1244 Ἐκ
900 1190 1086 1242 τούτου
1132 1189 1187 1242 δὲ
1224 1189 1480 1255 γεννᾶται
1519 1186 1610 1238 τοῦ

100 1280 352 1350 λογισμοῦ,
384 1282 480 1334 καὶ
512 1285 540 1334 ό
572 1283 667 1350 τῆς
700 1280 1067 1350 ὑπερηφανίας
1100 1281 1318 1342 ἐκεῖνος,
1346 1282 1374 1332 ό
1402 1278 1462 1329 τὸ
1489 1281 1614 1331 ἀπο-

103 1372 394 1441 σφράγισμα
442 1375 539 1442 τῆς
590 1373 915 1442 ὁμοιώσεως,
963 1374 1055 1425 καὶ
1106 1373 1195 1424 τὸν
1237 1371 1494 1437 στέφανον
1521 1368 1611 1421 τοῦ

103 1463 300 1524 κάλλους
326 1464 420 1515 ἀπ’
446 1453 685 1532 οὐρανῶν
715 1465 791 1527 είς
819 1464 920 1531 γῆν
950 1461 1294 1522 κατασείσας.
1332 1460 1468 1511 Ἀλλ’
1490 1460 1616 1511 ἀπο·

103 1550 313 1619 πήδησον
339 1552 548 1617 τούτου,
574 1555 664 1606 καὶ
700 1555 770 1622 μὴ
802 1553 1071 1622 χρονίσῃς,
1106 1552 1192 1604 ἵνα
1224 1552 1295 1619 μὴ
1337 1549 1616 1620 προδῶμεν

102 1640 256 1702 ἄλλοις
280 1641 379 1713 τὴν
407 1643 549 1711 ζωὴν
570 1643 746 1711 ήμῶν,
771 1643 973 1694 καὶτὸν
997 1641 1256 1711 ἡμέτερον
1279 1639 1390 1708 βίον
1410 1639 1619 1704 ἀνελεή-

107 1745 228 1822 μοσι.
246 1729 439 1782 Τοῦτον
466 1730 520 1783 δὲ
544 1731 633 1782 τὸν
659 1731 881 1798 δαίμονα
910 1729 1196 1798 φυγαδεύει
1223 1727 1440 1794 ὲκτενὴς
1461 1740 1618 1790 προσ·
1648 1769 1687 1822 Β

105 1817 238 1886 ευχὴ,
280 1818 462 1871 καὶτὸ
509 1819 670 1888 μηδὲν
718 1821 903 1871 ἑκόντα
946 1820 1137 1880 ποιεῖν,
1169 1817 1276 1868 τῶν
1307 1811 1618 1868 συντελούν-

103 1922 194 1956 των
213 1907 338 1974 πρὸς
360 1907 458 1974 τὴν
478 1909 744 1975 ἐπάρατον
769 1908 943 1972 δόξαν.
969 1908 1135 1959 Ὅταν
1153 1904 1338 1972 ὀλίγης
1357 1901 1616 1963 ἀπαθείας

103 1994 198 2045 τῶν
230 1995 641 2064 ἀναχωρούντων
679 1998 706 2047 ό
738 1996 858 2056 νοῦς
905 1995 1260 2060 ἐπιλάϐηται,
1309 1993 1427 2044 τότε
1472 2007 1621 2043 κενο-

102 2078 260 2142 δοξίας
305 2079 467 2132 ἵππον
499 2083 852 2151 κτησάμενος,
885 2081 1080 2142 εὐθέως
1107 2079 1315 2131 ἐλαύνει
1351 2077 1486 2130 κατὰ
1528 2077 1623 2139 τὰς

103 2169 284 2230 πόλεις,
311 2171 543 2240 ἄκρατον
571 2174 634 2223 ὲκ
658 2171 753 2238 τῆς
779 2171 932 2236 δόξης
960 2169 1358 2239 ἐμφορούμενος
1388 2166 1622 2228 ἔπαινον,

101 2252 158 2324 ᾦ,
188 2259 296 2310 κατ’
321 2261 642 2328 οἰκονομίαν,
685 2260 742 2312 τὸ
776 2259 987 2326 πνεῦμα
1027 2259 1125 2326 τῆς
1154 2257 1404 2326 πορνείας
1457 2257 1625 2308 ἀπαν-

101 2348 275 2416 τῆσαν,
311 2351 403 2400 καὶ
435 2351 512 2410 είς
540 2349 632 2400 ἕνα
675 2348 779 2400 τῶν
831 2347 1038 2414 συφεῶν
1070 2345 1390 2398 ἀποκλεῖσαν
1422 2343 1622 2400 τοῦτον.

106 2439 329 2491 παιδεύει
358 2438 516 2491 αὑτὸν
553 2439 742 2509 μηκέτι
777 2439 879 2507 πρὸ
904 2437 1002 2506 τῆς
1031 2437 1236 2498 τελείας
1265 2436 1445 2503 ὑγείας
1473 2451 1628 2487 κατα-

104 2530 371 2595 λιμπάνειν
412 2528 510 2597 τὴν
541 2529 744 2595 κλίνην,
780 2528 910 2595 μηδὲ
940 2527 1064 2587 τοὺς
1104 2527 1363 2586 ἀτάκτους
1399 2525 1504 2576 τῶν
1532 2524 1628 2594 ἀρ⁴

107 2618 309 2685 ρώστων
334 2617 632 2683 μιμεῖσθαι,
655 2616 864 2676 οἵτινες,
888 2613 963 2665 ἐτι
990 2613 1214 2678 λείψανα
1240 2615 1336 2680 τῆς
1356 2611 1628 2670 ἀσθενείας

107 2705 160 2756 ὲν
189 2705 389 2764 ἑαυτοῖς
418 2703 816 2769 περιφέροντες,
845 2700 978 2760 ὁδοῖς
1003 2699 1244 2760 ἑαυτοὺς,
1277 2697 1369 2749 καὶ
1389 2697 1630 2767 λουτροῖς

107 2791 337 2859 ἀκαίροις
386 2789 700 2852 ἐπιδιδόασι,
735 2789 824 2840 καὶ
869 2790 976 2847 τοῖς
1010 2787 1068 2850 ἐξ
1109 2784 1446 2854 ὑποστροφῆς
1476 2785 1630 2852 νοσή-

110 2899 230 2950 μασι
251 2881 647 2950 περιπίπτουσι.
676 2881 868 2948 Διόπερ
891 2879 1232 2948 καθεζόμενοι
1259 2878 1453 2947 μᾶλλον
1475 2893 1630 2947 προσ-

109 2973 302 3039 έχωμεν
348 2973 578 3032 ἑαυτοῖς,
626 2971 720 3032 ὡς,
769 2970 1158 3039 προκόπτοντες
1196 2969 1292 3035 μὲν
1342 2967 1399 3019 ὲν
1441 2966 1627 3036 ἀρετῇ,

1702 555 1785 609 lus
1814 557 2052 623 proditor
2085 556 2237 609 bona:
2267 553 2442 617 urbis;
2483 554 2597 606 ideo
2630 551 2960 605 anachoreta:
2983 591 2997 612 ,
3035 566 3128 604 seu
3177 551 3230 602 in

1703 660 1914 698 recessu
1971 645 2210 713 degentis
2248 644 2401 696 valde
2446 650 2674 696 mentem
2727 640 3002 702 humiliat,
3049 638 3231 690 multis

1703 746 1824 784 eum
1859 731 2070 798 replens
2117 731 2416 783 intellectus
2453 729 2794 796 conceptibus
2817 767 2830 790 ,
2881 738 3036 795 atque
3070 741 3233 793 nego-

1705 820 1827 883 tiis,
1866 819 2215 886 inficiensque
2260 820 2348 871 lue
2399 818 2568 884 ipsius
2620 817 2907 876 orationes,
2962 831 3053 883 per
3100 828 3232 880 quas

1705 910 1896 961 animae
1928 922 2038 961 sua:
2067 911 2290 962 vulnera
2318 895 2492 961 studet
2521 909 2634 975 ipse
2667 922 2874 961 curare.
2909 906 3103 959 Omnes
3130 905 3235 955 dae-

1707 1012 1912 1061 mones,
1943 1000 2030 1068 qui
2059 999 2248 1052 devicti
2281 1005 2407 1051 sunt
2427 1034 2440 1057 ,
2488 997 2628 1050 hanc
2675 994 3048 1064 cogitationem
3078 993 3236 1045 simul

1708 1098 1932 1159 augent;
1964 1099 2017 1142 et
2047 1103 2235 1142 rursus
2265 1086 2439 1141 cuncti
2463 1101 2555 1153 per
2578 1102 2692 1140 eam
2719 1086 2770 1138 in
2794 1085 3001 1138 animas
3028 1084 3226 1137 aditum
3304 1140 3308 1142 ,

1710 1186 2010 1242 assnmunt,
2045 1177 2324 1232 reddentes
2354 1190 2476 1229 vere
2506 1175 2794 1228 novissima
2833 1174 3013 1242 pejora
3045 1173 3237 1241 priori-

1711 1270 1810 1324 bus
1831 1271 1898 1322 ".
1935 1268 2012 1321 Ex
2062 1268 2161 1321 hac
2209 1275 2386 1320 autem
2420 1265 2738 1334 cogitatione
2789 1265 3018 1332 gignitur
3046 1273 3099 1316 et
3151 1263 3238 1315 illa

1711 1359 1974 1426 superbiae
1998 1398 2012 1420 ,
2064 1372 2184 1424 quae
2217 1355 2550 1424 signaculum
2581 1353 2942 1407 similitudinis
2963 1392 2976 1415 ,
3013 1367 3076 1406 ac
3119 1353 3238 1418 pul-

1713 1448 2031 1502 chritudinis
2063 1461 2318 1499 coronam
2358 1461 2388 1498 e
2418 1445 2567 1497 caelis
2597 1443 2648 1495 in
2681 1452 2874 1495 terram
2904 1442 3157 1505 ds‘cussit,
3181 1455 3243 1493 ac

1713 1536 1919 1604 prolabi
1962 1534 2128 1588 fecit:
2167 1548 2348 1586 verum
2387 1532 2454 1585 ab
2483 1524 2580 1584 ista
2628 1531 2793 1590 resili,
2845 1545 2944 1584 nec
2970 1531 3058 1584 ditt
3092 1545 3242 1582 com-

1716 1625 1960 1686 morcris,
1998 1638 2096 1677 nec
2123 1624 2246 1676 aliis
2291 1623 2453 1674 vitam
2493 1628 2766 1683 nostram,
2815 1627 3131 1686 nostrasque
3169 1615 3246 1670 fa-

1718 1715 1962 1777 cultates,
2020 1728 2083 1766 ac
2141 1713 2282 1767 bona
2335 1710 2853 1764 immisericordibus
2911 1709 3241 1775 prodamus:

1717 1805 1876 1858 istum
1903 1817 2029 1856 vero
2053 1803 2348 1856 daemonem
2371 1802 2583 1856 assidua
2613 1798 2761 1869 fugat
2790 1800 2978 1862 oratio,
3010 1797 3246 1864 nihilque

1717 1895 1944 1947 libenter
1973 1891 2166 1955 facere,
2201 1900 2294 1943 aut
2319 1891 2497 1945 dicere
2528 1890 2759 1952 illorum,
2789 1902 2905 1954 quae
2947 1886 3012 1940 ad
3055 1886 3246 1939 elatam
3337 1917 3346 1928 ο

1719 1985 1939 2053 gloriam
1975 1985 2305 2037 conducunt.
2337 1981 2560 2047 Quando
2586 1980 2908 2049 aliquantam
2937 1978 3246 2046 passionum

1719 2074 2038 2124 vacuitatem
2071 2084 2223 2123 mens
2250 2068 2695 2122 anachoretarum
2727 2076 2882 2120 nacta
2913 2066 3091 2128 fuerit,
3126 2075 3251 2118 tunc

1720 2153 1916 2230 equum
1948 2175 2096 2213 vana:
2117 2159 2300 2227 gloria:
2327 2157 2628 2226 possidens,
2659 2157 2810 2210 ocius
2837 2155 3042 2222 equitat
3070 2155 3133 2207 ad
3163 2168 3251 2206 ur-

1721 2253 1853 2316 bes,
1903 2253 2251 2318 intemperata
2288 2248 2447 2302 laude
2496 2263 2525 2299 e
2574 2246 2741 2315 gloria
2795 2246 3135 2314 ingurgitata,
3189 2258 3253 2296 ac

1723 2340 1942 2408 repleta,
1984 2339 2093 2401 cui,
2138 2338 2290 2406 juxta
2337 2337 2743 2405 providentiam,
2775 2336 2994 2403 spiritus
3024 2332 3253 2386 fornica-

1727 2431 1884 2483 tionis
1908 2429 2067 2498 528
2089 2441 2398 2489 occurrens,
2429 2435 2587 2494 atque
2614 2425 2665 2477 in
2690 2438 2793 2477 una
2817 2438 3094 2491 porcorum
3126 2421 3254 2475 hara

1727 2519 1896 2588 ipsam
1933 2518 2234 2577 recludens,
2275 2516 2460 2569 edocet
2504 2528 2621 2567 eam
2670 2513 2975 2578 neutiquam
3027 2510 3256 2563 derelin-

1726 2623 1890 2676 quere
1942 2609 2137 2659 lectum
2191 2616 2314 2657 ante
2371 2602 2658 2669 perfectam
2717 2601 3103 2660 valetudinem,
3157 2612 3255 2651 nec

1727 2697 2106 2748 immoderatos
2139 2694 2379 2744 inlirmos
2419 2689 2637 2750 imitari,
2685 2690 2797 2755 qui,
2826 2689 2950 2741 dum
2997 2687 3154 2740 etiam
3198 2687 3253 2738 in

1729 2783 1916 2850 seipsis
1947 2781 2198 2849 reliquias
2224 2778 2614 2835 circumferunt
2643 2777 2988 2839 inﬁrmitatis.
3018 2791 3134 2829 sese
3163 2776 3256 2828 de-

1728 2874 1859 2925 dunt
1915 2871 2307 2939 intempestivis
2352 2869 2651 2931 itineribus,
2681 2855 2756 2921 ~et
2812 2867 3047 2930 balneis,
3098 2865 3258 2932 inque

1731 2962 1945 3015 morbos
1978 2961 2221 3013 incidunt
2269 2959 2520 3014 recidive.
2566 2957 2921 3022 Quamobrem
2964 2953 3257 3008 secedendo

108 3062 396 3130 δυσκίνητοι
428 3061 561 3130 πρὸς
586 3060 776 3112 κακίαν
809 3059 1083 3126 γινόμεθα,
1116 3059 1550 3126 ἀνακαινούμενοι
1575 3056 1628 3107 δὲ

1731 3053 1904 3118 potius
1932 3050 2084 3103 nobis
2117 3049 2245 3116 ipsis
2277 3046 2635 3110 attendamus,
2660 3044 2802 3114 quod
2838 3044 3106 3104 nimirum,
3130 3043 3253 3095 dum

110 3152 162 3200 ὲν
207 3153 268 3219 τῇ
319 3148 539 3215 γνώσει,
601 3149 850 3201 ποικίλων
906 3149 1385 3215 προσλαμϐάνομεν
1433 3146 1630 3215 πλῆθος

110 3240 484 3309 θεωρημάτων,
525 3239 810 3308 ύψούμενοι
861 3238 914 3290 δὲ
962 3239 1119 3290 πάλιν
1166 3239 1302 3290 κατὰ
1337 3238 1432 3304 τὴν
1466 3252 1629 3304 προσ-

110 3325 258 3395 ευχὴν
287 3325 656 3396 φανερώτερον
685 3325 743 3378 τὸ
769 3324 862 3378 τοῦ
902 3326 1145 3393 Σωτῆρος
1183 3325 1336 3393 ἡμῶν
1370 3320 1632 3375 ἐποπτεύ-

113 3433 266 3486 σομεν
293 3415 427 3485 φῶς.

602 3580 606 3582 Π
673 3623 917 3678 ΚΕΦΑΛ.
957 3624 1069 3688 ιςνε

178 3739 355 3802 Πάσας
387 3738 481 3808 μὲν
505 3736 600 3799 τὰς
635 3732 961 3804 κακουργίας
989 3730 1095 3783 τῶν
1124 3729 1384 3798 δαιμόνων
1412 3727 1637 3797 γράφειν

115 3833 170 3884 οὐ
193 3817 444 3898 δύναμαι,
484 3830 578 3878 καὶ
610 3826 703 3885 τὰς
737 3819 1081 3888 κακοτεχνίας
1123 3817 1297 3869 αὐτῶν
1329 3815 1638 3882 καταλέγειν

63 3904 66 3908 Α
115 3920 448 3989 αἰσχύνομαι,
478 3910 725 3972 δεδοικὼς
754 3909 859 3961 τῶν
885 3905 1276 3974 ἐντευξομένων
1302 3907 1423 3968 τοὺς
1448 3905 1640 3959 ἁπλου-

117 4012 345 4078 στέρους,
409 4003 553 4072 Πλὴν
609 3999 664 4051 δὲ
713 3996 802 4050 τοῦ
855 3993 1155 4064 πνεύματος
1208 3994 1302 4063 τῆς
1358 3994 1636 4062 πορνείας,

115 4096 268 4148 ἄκουε
305 4087 653 4158 πανουργίαν.
683 4085 846 4137 Ὅταν
877 4099 959 4145 τις
987 4082 1079 4133 τοῦ
1113 4080 1501 4150 ἐπιθυμητικοῦ
1545 4080 1640 4149 μὲ-

119 4199 234 4252 ρους
280 4180 544 4249 κτήσηται
591 4174 875 4236 ἀπάθειαν,
921 4171 1010 4224 καί
1053 4173 1101 4223 οἱ
1151 4171 1361 4239 αἰσχροὶ
1400 4170 1640 4237 λογισμοὶ

116 4267 292 4320 λοιπὸν
336 4262 630 4332 ύπόψυχροι
675 4260 954 4327 γένωνται,
1004 4257 1063 4308 τὸ
1100 4256 1393 4325 τηνικαῦτα
1438 4257 1642 4321 εἰσάγει

1731 3141 2104 3208 progredimur
2134 3139 2348 3207 quidem
2385 3138 2437 3189 in
2466 3138 2684 3197 virtute,
2717 3149 2856 3203 aegre
2884 3147 3161 3186 movemur
3191 3129 3256 3183 ad

1731 3233 2009 3294 malitiam,
2041 3239 2096 3284 et
2131 3232 2256 3303 dunt
2291 3226 2680 3294 in'cognitionc
2714 3237 3056 3286 renovamur,
3086 3221 3258 3273 varia-

1731 3337 1849 3375 rum
1888 3321 2176 3388 accipimus
2217 3317 2605 3371 multitudinem
2635 3313 3088 3381 speculationum;
3134 3324 3256 3362 rur-

1731 3423 1948 3475 susque,
1979 3409 2103 3459 dum
2135 3406 2198 3458 ad
2227 3404 2521 3458 orationem
2553 3402 2840 3465 elevamur,
2870 3399 3044 3452 lumen
3075 3397 3259 3450 Salva-

1735 3498 1866 3550 toris
1895 3495 2064 3549 nostri
2088 3494 2286 3549 clarius
2318 3490 2684 3559 inspiciemus.

2294 3599 2518 3657 CAPUT
2557 3598 2695 3654 XVI.

1803 3716 1992 3771 Omnia
2031 3715 2244 3782 quidem
2274 3713 2573 3766 daemonum
2609 3707 2862 3762 malellcia
2895 3705 3126 3761 serihere
3155 3718 3261 3764 non

1737 3819 1980 3874 possum,
2025 3803 2370 3870 ipsorumque
2411 3798 2673 3864 malignas
2719 3804 2860 3849 artes
2897 3795 3057 3861 pudet
3102 3792 3261 3845 dinu-

1737 3907 1978 3956 merare,
2025 3891 2227 3942 veritus
2275 3902 2340 3940 ne
2385 3885 2716 3938 oll'endantur
2754 3882 3123 3950 simpliciores,
3171 3882 3259 3948 qui

1739 3981 1978 4052 legerint.
2032 3978 2130 4039 At,
2186 3983 2376 4044 praater
2409 3969 2774 4026 fornicationis
2825 3971 3090 4038 spiritum,
3140 3971 3282 4041 audi.

1740 4072 2023 4125 vafritiem.
2076 4065 2302 4132 Quando
2363 4061 2552 4131 aliquis
2598 4059 2906 4128 passionum
2959 4058 3262 4125 acquisierit

1739 4160 2059 4214 vacuitatem
2118 4156 2168 4208 in
2230 4165 2377 4221 parte
2434 4147 2851 4217 concupiscibili,
2914 4157 3265 4214 caeterumque

1740 4257 1920 4315 turpes
1948 4244 2294 4314 cogitatiOnes
2331 4237 2637 4308 subfrigidze
2669 4236 2968 4299 evaserint,
3019 4246 3143 4289 tunc
3183 4237 3265 4288 in-

117 4354 306 4424 ἄνδρας
350 4327 573 4414 «{th
619 4349 874 4415 γυναῖκας
907 4342 1191 4405 παίζοντας
1222 4341 1338 4409 μετ’
1383 4341 1639 4409 ἀλλήλων,

1742 4338 1973 4390 troducit
2023 4334 2188 4393 viros,
2241 4341 2400 4400 atque
2450 4329 2697 4382 mulieres
2745 4336 2931 4380 mutuo
2980 4327 3263 4394 ludentes,

119 4445 204 4497 καὶ
234 4440 471 4511 αἰσχρῶν
523 4435 881 4508 πραγμάτων,
926 4435 1019 4486 καὶ
1064 4433 1350 4501 σχημάτων
1393 4429 1481 4480 τὸν
1517 4432 1643 4483 ἀνα-

119 4533 363 4605 χωρητὴν
391 4528 672 4596 καθίστησι
700 4526 911 4594 θεατήν.
958 4522 1090 4575 Ἀλλ’
1117 4516 1268 4583 οὗτος
1289 4523 1316 4573 ό
1346 4520 1643 4587 πειρασμὸς

120 4622 212 4673 οὐκ
240 4621 355 4672 ἐστι
386 4618 493 4672 τῶν
523 4616 887 4687 χρονιζόντων·
922 4612 1194 4682 προσευχὴ
1241 4612 1344 4680 γὰρ
1375 4610 1638 4672 σύντονος,

121 4708 209 4762 καὶ
237 4708 412 4760 δίαιτα
450 4705 747 4773 στενωτάτη
793 4706 924 4770 μετά
960 4699 1278 4770 ἀγρυπνίας,
1319 4697 1410 4750 κα)⁵
1439 4713 1642 4766 γυμνα-

122 4794 238 4856 σίας
278 4794 642 4862 θεωρημάτων
684 4789 1054 4859 πνευματικῶν
1087 4789 1271 4857 ῶσπερ
1305 4788 1458 4854 νέφος
1484 4785 1640 4838 αὑτὸν

120 4883 340 4950 ἄνυδρον
387 4882 688 4934 ἐπελαύνει.
741 4882 893 4932 Ἐστι
929 4879 983 4930 δὲ
1027 4880 1112 4929 ὅτε
1157 4877 1247 4928 καὶ
1283 4875 1388 4927 τῶν
1433 4874 1645 4943 σαρκῶν

121 4971 435 5039 ἐφάπτεται,
490 4971 623 5037 πρὸς
678 4969 771 5038 τὴν
821 4969 1008 5036 ἄλογον
1064 4967 1303 5035 πύρωσιν
1349 4964 1513 5023 αὑτὰς
1552 4964 1644 5012 ὲκ-

124 5057 413 5128 μοχλεύων,
441 5058 534 5108 καὶ
562 5057 692 5108 ἄλλα
722 5057 775 5107 δέ
805 5074 921 5108 τινα
954 5056 1121 5126 μυρία
1150 5053 1588 5122 προσμηχανᾶται
1619 5050 1646 5100 ὁ

122 5151 470 5221 παμπόνηρος
496 5142 665 5208 οὗτος,
691 5147 828 5214 ἆπερ
852 5148 946 5198 ούκ
969 5149 1256 5213 ἀναγκαῖον
1277 5139 1640 5210 δημοσιεῦσαι,

121 5240 210 5292 καὶ
235 5239 418 5306 γραφῇ
450 5235 793 5304 παραδοῦναι.
823 5222 1185 5302 Συμεάλλεται
1211 5234 1263 5284 δὲ
1293 5231 1491 5297 σφόδρα
1514 5229 1646 5295 πρὸς

119 5329 241 5390 τοὺς
276 5325 561 5394 λογισμοὺς
592 5326 683 5376 καὶ
714 5323 856 5383 ζέσις
882 5320 1046 5389 θυμοῦ
1081 5321 1218 5373 κατὰ
1266 5319 1356 5370 τοῦ
1400 5318 1645 5385 δαίμονος

123 5416 417 5486 κινηθεῖσα,
465 5415 628 5480 ὅνπερ
661 5411 824 5479 θυμὸν
862 5411 1087 5477 μάλιστα
1130 5408 1357 5459 δέδοικεν
1401 5406 1491 5455 ἐπὶ
1537 5408 1645 5467 τοῖς

120 5505 392 5574 λογισμοῖς
420 5500 830 5569 ταρασσόμενον,
865 5499 953 5546 καὶ
980 5495 1365 5562 διαφθείροντα,
1396 5493 1552 5544 αὐτοῦ
1584 5493 1648 5544 τὰ

188 5642 235 5672 η
274 5637 453 5690 Matth.
480 5634 680 5700 itu/£5;
709 5631 834 5684 Luc.
880 5645 949 5692 xi,
974 5628 1056 5680 9.6.

1744 4428 2084 4495 turpiumque
2113 4437 2312 4484 rerum,
2345 4434 2409 4474 ac
2439 4429 2684 4486 gestuum
2717 4418 3090 4472 auacboretam
3141 4433 3258 4471 con-

1741 4514 1914 4570 stituit
1959 4519 2332 4578 spectatorem.
2392 4505 2495 4559 Sed
2536 4505 2909 4561 haec'tentatio
2948 4519 3050 4559 non
3093 4513 3264 4557 estex

1739 4606 1847 4666 his,
1878 4616 1996 4671 quae
2042 4601 2199 4677 longo
2229 4606 2467 4666 tempore
2513 4597 2740 4663 durent;
2787 4595 2990 4649 intensa
3040 4606 3266 4657 namque

1738 4691 1932 4754 oratio,
1969 4687 2413 4754 arctissimusque
2443 4685 2615 4739 victus
2640 4699 2759 4738 cum
2801 4682 2995 4749 vigilia,
3029 4687 3078 4730 et
3110 4679 3265 4744 spiri-

1747 4780 1967 4833 tualium
1998 4775 2501 4844 contemplationum
2547 4772 2832 4829 exercitio,
2879 4769 3041 4833 ipsam
3087 4765 3262 4831 procul

1747 4866 1972 4936 repellit,
2024 4865 2185 4917 veluti
2234 4863 2427 4917 nubem
2475 4874 2611 4928 aqua
2659 4861 2940 4911 carentem.
2996 4851 3263 4903 Interdum

1747 4970 1874 5009 vero
1915 4952 2139 5013 accidit,
2189 4962 2249 5004 ut
2307 4958 2362 5003 et
2422 4959 2610 5001 carnes
2663 4947 2859 5008 tangat,
2891 4940 2957 4994 ad
2986 4938 3266 4992 irrationa-

1749 5046 1848 5100 lem
1906 5044 2048 5109 ipsas
2106 5051 2429 5107 promovens
2491 5031 2992 5092 inﬂammationem;
3060 5027 3266 5106 aliaque

1749 5133 1910 5187 millia
1941 5130 2207 5197 excogitat
2231 5126 2350 5180 talis
2374 5124 2613 5185 tentatio,
2637 5121 2796 5190 529
2825 5119 2969 5173 omni
2993 5116 3265 5195 abundans

1751 5221 1982 5282 malitia,
2027 5232 2145 5284 qua:
2202 5216 2254 5267 in
2305 5214 2569 5283 publicum
2634 5210 2888 5281 proferre,
2951 5202 3265 5271 scriptisque

1751 5310 1957 5364 tradere
1992 5322 2095 5359 non
2130 5314 2209 5358 est
2232 5318 2533 5358 necessum.
2564 5301 2756 5356 Verum
2792 5296 2860 5355 ad
2899 5289 3264 5360 hujuscemodi

1751 5398 2095 5465 cogitationes
2140 5395 2426 5461 plurimum
2474 5393 2630 5445 etiam
2685 5384 2889 5439 confert
2929 5382 3104 5435 fervor
3157 5377 3265 5430 ira-

1751 5488 1952 5541 cundim
1976 5495 2156 5538 contra
2184 5485 2474 5539 daemonem
2501 5483 2818 5536 commotus,
2841 5485 2998 5542 quam
3022 5465 3266 5537 equidem
