4058 6350
812 393 951 459 1219
2252 385 2311 443 S.
2350 381 2506 442 NILI
3804 375 3919 437 1220

801 499 1136 555 iracundiam
1189 499 1416 552 maxime
1448 497 1614 559 timet,
1648 495 1773 549 dum
1823 494 1877 547 in
1915 492 2324 561 cogitationibus

2419 491 2657 559 νοήματα
2676 506 2692 521 ⁸
2739 487 2830 543 καὶ
2859 488 3015 541 τοῦτό
3036 490 3149 542 ἔστι
3170 488 3261 554 τὸ,
3317 505 3336 539 t
3370 485 3692 557 ὀργίζεσθε,
3736 502 3825 539 κα.
3854 490 3921 556 μὴ

804 586 1072 651 turbatur,
1110 586 1381 656 ipsiusque
1429 582 1683 651 disperdit
1713 580 1930 634 consilia
1957 596 1971 644 ;
2002 588 2055 631 et
2101 578 2202 631 hoc
2238 585 2320 630 est

2416 577 2768 646 ἁμαρτάνετε.
2810 594 2828 627 ι
2878 577 3153 645 Χρήσιμον
3193 575 3348 629 τοῦτο
3392 576 3676 645 φάρμακον
3724 574 3781 625 ὲν
3822 577 3921 635 τοῖς

803 675 934 729 illud
964 692 980 730 :
1018 692 1039 726 ι
1078 674 1391 737 lrascimini,
1418 680 1471 727 et
1499 672 1657 725 nolite
1684 683 1903 738 peccare
1922 667 1985 718 ¹¹¹.
2012 684 2031 717 ι
2071 664 2209 719 Utile
2234 678 2319 717 re-

2415 663 2666 726 τοιούτοις
2695 666 3009 732 πειρασμοῖς
3035 666 3100 733 τῇ
3125 662 3263 733 ψυχῇ
3294 662 3709 734 προσαγόμενον.
3741 662 3921 730 Μιμεῖ-

807 763 1042 817 medium
1102 772 1186 815 est
1243 761 1343 815 hoc
1405 761 1457 813 in
1524 756 1885 825 hujuscemodi
1946 753 2322 807 tentationibns

2414 767 2503 803 ται
2550 751 2606 804 δὲ
2650 751 2742 803 καὶ
2782 753 2811 803 δ
2856 752 2952 819 τῆς
2995 751 3156 821 ὀργῆς
3202 751 3383 805 τοῦτον
3422 750 3514 803 τὸν
3553 751 3800 819 δαίμονα,
3836 756 3921 803 και⁶

803 852 995 904 animae
1042 849 1379 917 applicatum.
1416 846 1516 899 Sed
1552 859 1603 898 et
1648 846 1739 897 ira;
1789 844 1991 896 daemon
2024 843 2179 893 istum
2215 838 2325 890 inr-

2418 840 2655 902 πλάττει,
2680 839 2772 891 καὶ
2791 840 2946 901 αὑτός
2967 856 3113 901 τινας
3131 839 3236 891 τῶν
3258 838 3665 907 γεγεννηκότων,
3691 838 3723 907 ἢ
3747 839 3919 907 φίλων,

806 939 1088 991 nicationis
1122 938 1412 990 damonem
1449 934 1700 987 imitatur.
1738 930 1940 984 Etenim
1972 930 2082 997 ipse
2112 942 2321 996 quoque

2417 928 2450 996 ἢ
2484 926 2775 993 συγγενῶν,
2828 928 2861 996 ἢ
2911 927 3119 979 οἰκείων
3162 926 3557 996 ὑϐριζομένους,
3612 928 3703 978 καὶ
3745 943 3923 978 τυπτο-

807 1028 953 1093 lingit
981 1026 1239 1092 quosdam
1287 1032 1582 1090 parentum,
1631 1031 1718 1073 aut
1762 1021 2072 1080 amicorum,
2109 1027 2199 1069 aut
2230 1032 2323 1069 co—

808 1124 1110 1181 gnatorum,
1141 1122 1233 1164 aut
1260 1112 1668 1165 domesticorum
1716 1106 2052 1179 contumeliis
2080 1104 2336 1166 allectos,

807 1207 863 1251 et
889 1214 1052 1251 cassos
1075 1198 1142 1251 ab
1168 1198 1397 1265 indignis
1443 1197 1765 1259 hominibus,
1807 1195 1987 1261 sicque
2016 1195 2148 1245 iram
2177 1208 2326 1245 com-

810 1294 986 1337 movet
1041 1284 1500 1347 snachurctarum,
1532 1284 1602 1335 ita
1656 1290 1732 1345 ut,
1773 1288 1863 1334 aut
1900 1279 2188 1349 proferant,
2232 1289 2321 1332 aut

812 1370 1004 1423 faciant
1047 1372 1172 1437 quid
1202 1371 1323 1423 mali
1350 1372 1602 1423 adversus
1628 1384 1738 1433 eos,
1779 1369 1867 1437 qui
1912 1369 2327 1421 intellectualiter

814 1468 1094 1526 apparent,
1136 1460 1329 1527 quibus
1359 1459 1626 1511 attendere
1660 1472 1764 1509 non
1793 1464 1873 1510 est
1910 1472 2206 1517 necessum,
2234 1455 2325 1510 sed

812 1548 1052 1601 celeriter
1108 1548 1350 1614 abripere
1388 1555 1612 1599 mentem
1669 1546 1737 1597 ab
1781 1545 2077 1597 istiusmodi
2109 1544 2327 1596 simula-

812 1634 939 1698 cris,
988 1647 1055 1685 ne
1106 1633 1396 1685 imtnorans
1424 1646 1485 1683 ea
1528 1632 1578 1682 in
1619 1631 1754 1692 istis,
1795 1641 2027 1697 tempore
2067 1630 2326 1683 orationis

810 1718 998 1779 evadat
1036 1716 1196 1769 veluti
1242 1717 1399 1770 torris
1444 1715 1673 1769 fumans.
1720 1714 1775 1767 In
1824 1716 1921 1768 has
1965 1727 2108 1769 certe
2161 1726 2329 1768 tenta-

2422 1014 2611 1083 μένους
2650 1016 2752 1066 ὑπὸ
2793 1013 3039 1078 ἀναξίων,
3078 1015 3169 1067 καὶ
3200 1014 3304 1068 τῶν
3349 1013 3759 1083 ἀναχωρούντων
3801 1015 3920 1065 ἀνα-

2418 1104 2553 1153 κινεῖ
2577 1100 2663 1152 τὸν
2682 1101 2865 1169 θυμὸν,
2884 1102 3020 1154 ὥστε
3044 1100 3364 1169 φθέγξασθαί
3380 1117 3431 1152 τι
3453 1100 3751 1168 πονηρὸν,ἣ
3781 1101 3919 1167 ποιῆο

2419 1206 2505 1241 σαι
2558 1191 2690 1257 πρὸς
2736 1191 2859 1251 τοὺς
2904 1190 3253 1257 φαινομένους
3298 1189 3434 1242 κατὰ
3460 1189 3713 1249 διάνοιαν,
3762 1183 3836 1249 οἷς
3866 1190 3920 1239 ού

2420 1277 2699 1345 προσέχειν
2723 1277 3030 1343 ἀναγκαῖον,
3082 1277 3174 1329 καὶ
3220 1277 3423 1344 ταχέως
3468 1276 3783 1345 ἐξαρπάζειν
3828 1277 3923 1327 ἀπὸ

2419 1368 2524 1418 τῶν
2549 1365 2799 1418 τοιούτων
2830 1366 3057 1418 εἰδώλων
3082 1365 3169 1420 τὸν
3197 1366 3339 1431 νοῦν,
3387 1366 3473 1419 ἵνα
3505 1365 3579 1435 μὴ
3605 1365 3842 1432 χρονίσας
3870 1366 3922 1417 ἐν

2420 1454 2618 1515 αὐτοῖς,
2670 1452 2887 1520 γένηται
2937 1452 3076 1504 κατὰ
3112 1450 3202 1503 τὸν
3255 1450 3438 1521 καιρὸν
3474 1450 3571 1517 τῆς
3617 1452 3920 1519 προσειχῆς,

2421 1541 2604 1607 ὥσπερ
2650 1540 2802 1601 δαλὸς
2852 1540 3253 1608 καπνιζόμενος.
3300 1539 3514 1601 Τούτοις
3556 1540 3613 1590 δὲ
3668 1542 3771 1600 τοῖς
3815 1556 3924 1591 πει-

2428 1632 2645 1698 ρασμοῖς
2682 1630 2730 1681 οἰ
2765 1627 3023 1696 θυμώδεις
3073 1628 3467 1696 περιπίπτουσι,
3508 1630 3600 1679 καὶ
3639 1627 3853 1695 μάλιστα
3879 1629 3922 1678 οἰ

2428 1720 2616 1787 ῥᾳδίως
2644 1718 2775 1786 πρὸς
2800 1718 2894 1778 τὰς
2924 1717 3086 1785 ὀργάς
3119 1716 3481 1785 ἐξαπτόμενοι,
3505 1716 3697 1777 οἵτινες
3727 1718 3924 1785 μακρὰν

812 1807 987 1859 tiones
1052 1805 1361 1858 dilabuntur
1416 1804 1693 1865 iracundi,
1755 1804 1914 1870 hique
1956 1804 2328 1871 potissimum,

2399 1806 2402 1847 ἱ
2430 1809 2531 1857 εἰσι
2567 1806 2805 1874 καθαρᾶς
2839 1804 3152 1873 προσευχῆς,
3191 1807 3285 1856 καὶ
3311 1804 3408 1873 τῆς
3435 1803 3681 1871 γνώσεως
3711 1803 3797 1854 τοῦ
3827 1804 3926 1855 Σω-

781 1895 900 1962 -qui
928 1892 1080 1950 facile
1116 1892 1180 1945 ad
1218 1892 1603 1960 indignationes
1632 1902 2010 1945 succensentur
2030 1929 2045 1952 ,
2076 1892 2167 1958 qui
2200 1893 2330 1944 tales

813 1982 994 2049 procul
1039 1981 1235 2033 absunt
1280 1994 1308 2031 a
1359 1994 1487 2046 pura
1535 1979 1813 2040 oratione,
1860 1987 1914 2031 et
1956 1992 1987 2030 a
2035 1979 2332 2047 cognitione

813 2069 1101 2121 Salvaluris
1141 2068 1308 2121 nostri
1343 2065 1467 2118 .Icsu
1504 2064 1720 2118 Christi.

1368 2170 1588 2225 CAPUT
1617 2170 1772 2225 XVII.

880 2282 1143 2349 Cogitata,
1176 2297 1267 2334 seu
1303 2282 1519 2334 consilia
1550 2282 1703 2349 hujus
1739 2282 1915 2335 saeculi
1952 2280 2236 2347 Dominus,
2275 2289 2333 2334 ut

810 2385 944 2423 oves
977 2372 1230 2437 quasdam
1257 2408 1272 2432 ,
1311 2371 1452 2422 bono
1492 2372 1688 2437 pastori
1718 2372 1931 2423 tradidit
1961 2371 2191 2435 homini;
2224 2380 2334 2427 etc-.-

818 2459 925 2511 nim
975 2460 1088 2528 (ait)
1131 2459 1382 2511 saeculum
1426 2459 1570 2511 dedit
1605 2460 1656 2509 in
1696 2459 1853 2510 corde
1901 2459 2066 2525 ipsius
2097 2472 2335 2528 :gconne—

819 2557 965 2601 ctetts
998 2547 1045 2599 ei
1070 2548 1415 2608 iracundiam,
1447 2557 1500 2600 et
1525 2547 1859 2613 cupiditatem
1887 2548 1951 2599 ad
1971 2546 2244 2609 auxilium,
2277 2555 2335 2599 ut

818 2652 909 2705 per
942 2638 1069 2688 iram
1102 2637 1312 2703 quidem
1345 2638 1585 2704 luporum
1620 2636 1821 2701 fugaret
1841 2634 2085 2695 consilia,
2119 2649 2211 2702 per
2238 2649 2333 2685 cu—

821 2724 1090 2792 pidttatcm
1126 2724 1281 2793 530
1307 2733 1482 2777 autem
1526 2726 1795 2776 adamarct
1822 2738 1966 2784 oves,
2007 2724 2105 2776 etsi
2131 2724 2197 2776 ab
2236 2723 2335 2775 int-

821 2813 1023 2873 bribus,
1052 2820 1208 2879 atque
1239 2815 1404 2865 ventis
1431 2813 1621 2880 saepius
1654 2812 2079 2879 fueritjactatus.
2122 2814 2333 2878 Insuper

821 2908 994 2952 autem
1032 2898 1175 2951 dedit
1208 2900 1306 2967 ipsi
1355 2910 1402 2952 et
1457 2914 1727 2967 pascuum,
1763 2909 1820 2952 ut
1864 2910 2097 2968 pasceret
2129 2914 2251 2951 oves
2284 2908 2335 2952 et

820 2988 993 3041 locum
1024 2989 1198 3041 herbae
1235 2989 1469 3051 virentis,
1503 2998 1557 3041 et
1588 3004 1777 3056 aquam
1804 2990 2026 3057 requiei,
2053 2997 2104 3042 ct
2138 2988 2333 3057 psalte-

2426 1900 2589 1964 τῆρος
2616 1894 2767 1963 ἡμῶν
2799 1892 2967 1961 Ἰησοῦ
3002 1891 3250 1961 Χριστοῦ.
3320 1910 3322 1913 '

2990 2170 3230 2224 ΚΕΦΔΛ.
3279 2169 3372 2223 ΙΖ’.

2497 2276 2576 2327 Τὰ
2610 2276 2845 2345 νοήματα
2874 2276 2965 2327 τοῦ
2986 2277 3173 2337 αἰῶνος
3212 2277 3391 2329 τούτου
3419 2279 3449 2329 ό
3482 2278 3679 2347 Κύριος
3702 2279 3928 2345 καθάπερ

2430 2364 2671 2431 πρόϐατά
2696 2379 2813 2414 τινα
2838 2363 2914 2430 τῷ
2941 2363 3124 2430 ἀγαοῷ
3158 2365 3369 2431 ποιμένι
3411 2364 3486 2432 τῷ
3521 2366 3778 2435 ἀνθρώπῳ
3807 2384 3930 2434 παρ-

2430 2450 2613 2501 έδωκεο
2652 2450 2743 2501 καὶ
2771 2448 2896 2515 γὰρ,
2921 2451 3097 2516 φησὶν,
3115 2450 3201 2501 τὸν
3230 2446 3395 2503 αίῶνα
3430 2452 3651 2505 δέδωκεν
3681 2456 3733 2504 ὲν
3755 2456 3930 2522 καρδία

2430 2536 2589 2588 αὐτοῦ
2615 2552 2628 2564 ⁸
2662 2536 2915 2599 συζεύξας
2947 2536 3089 2605 αύτῷ
3132 2538 3314 2606 θυμὸν,
3350 2541 3441 2591 καὶ
3482 2540 3766 2608 ἐπιθυμίαν
3812 2542 3931 2608 πρὸς

2431 2623 2692 2691 βοήθειαν,
2720 2625 2823 2690 ἵνα,
2857 2624 2942 2677 διὰ
2969 2626 3063 2692 μὲν
3096 2626 3185 2677 τοῦ
3217 2626 3403 2699 θυμοῦ,
3440 2630 3708 2698 φυγαδεύῃ
3739 2630 3801 2679 τὰ
3840 2629 3931 2679 τῶν

2430 2712 2608 2765 λύκων
2650 2714 2911 2781 νοήματα,
2951 2714 3038 2765 διά
3084 2714 3139 2765 δὲ
3167 2715 3261 2783 τῆς
3304 2714 3590 2784 ἐπιθυμίας
3636 2720 3827 2785 στέργῃ
3874 2719 3930 2792 τὰ

2432 2801 2690 2869 πρόϐατα,
2727 2802 2819 2853 καὶ
2857 2803 2959 2854 ὑπὸ
2985 2803 3091 2854 τῶν
3116 2803 3300 2866 ὑετῶν,
3342 2804 3435 2855 καὶ
3457 2790 3668 2873 ἀνέμων
3698 2790 3931 2865 πολλάκις
4018 2812 4021 2817 ’

2432 2887 2765 2957 βαλλόμενος.
2793 2888 3067 2940 Δέδωκεδὲ
3091 2888 3236 2957 αύτῷ
3256 2890 3388 2959 πρὸς
3417 2889 3621 2951 τούτοις
3648 2891 3738 2943 καὶ
3765 2891 3927 2959 νομὸν.

2431 2978 2572 3039 ὅπως
2619 2980 2875 3047 ποιμαίνῃ
2920 2978 2986 3030 τὰ
3023 2978 3279 3047 πρόϐατα,
3332 2982 3424 3033 καὶ
3462 2981 3623 3033 τόπον
3650 2982 3821 3051 χλόης,
3853 2984 3929 3033 χαί

821 3078 982 3139 rium,
1027 3086 1079 3129 et
1118 3077 1397 3141 citharam,
1450 3088 1502 3130 et
1537 3079 1756 3144 virgam,
1782 3088 1834 3130 et
1861 3079 2128 3140 baculum,
2185 3088 2240 3129 ut
2270 3091 2331 3128 ex

2399 3066 2571 3135 ,ὕδωρ
2628 3068 2993 3129 ἀναπαύσεως,
3048 3067 3139 3119 καὶ
3191 3068 3499 3139 ψαλτήριον,
3558 3071 3653 3123 καὶ
3700 3071 3928 3139 κιθάραν,

823 3167 925 3221 hoc
949 3181 1102 3235 grege
1143 3168 1450 3231 nutriretur,
1479 3176 1636 3233 atque
1671 3169 1969 3233 testiretuc,
2004 3177 2334 3219 montanam-

821 3272 923 3323 que
965 3256 1507 3325 herbam~colligeret.
1554 3259 1680 3320 Quis
1725 3257 1863 3309 enim
1918 3257 2337 3325 (inquit)'pascit

823 3360 1054 3413 gregem,
1082 3355 1135 3398 et
1164 3361 1266 3398 non
1297 3346 1524 3399 comedit
1567 3361 1596 3399 e
1641 3347 1813 3413 gregis
1858 3348 1988 3399 lacte
2035 3347 2115 3399 '5?
2168 3350 2337 3415 Opor-

825 3443 897 3484 tet
926 3435 1124 3500 igitur,
1170 3434 1534 3486 anachoretaui
1584 3443 1737 3485 noctu
1764 3473 1778 3495 ,
1823 3434 2016 3501 diuque
2072 3435 2337 3487 custodire

826 3535 1030 3587 gregem
1065 3521 1244 3580 istum,
1268 3534 1334 3571 ne
1358 3519 1639 3585 cogitatum
1663 3520 1867 3582 aliquod
1899 3521 1987 3570 ﬂat
2013 3522 2338 3587 hellumprae—

826 3611 928 3670 da,
950 3623 1077 3661 nere
1107 3609 1158 3660 in
1198 3609 1428 3660 latrones
1457 3608 1687 3668 incidat;
1716 3607 1759 3658 si
1791 3622 1914 3658 vero
1936 3609 2130 3673 aliquid
2164 3608 2341 3672 hujus-

827 3695 968 3747 tnodi
995 3693 1319 3761 contingeret
1361 3694 1414 3744 in
1459 3691 1591 3745 valle
1615 3706 1908 3753 μοιμοι-οδε,
1933 3692 2208 3743 confestim
2240 3689 2337 3743 eti-

825 3801 947 3853 pcre
976 3800 1037 3837 ex
1070 3800 1162 3837 ore
1185 3784 1367 3847 leonis,
1420 3792 1511 3835 aut
1558 3783 1665 3835 ursi
1697 3783 1761 3835 ’⁸.
1812 3781 1897 3835 Fit
1940 3793 2113 3834 autem
2156 3781 2339 3834 bellua:

826 3874 999 3939 prazda
1028 3870 1333 3938 cogitatum,
1365 3870 1504 3937 quod
1538 3870 1602 3921 de
1634 3870 1794 3921 fratre
1820 3869 2061 3933 habetur,
2106 3868 2173 3931 si,
2196 3868 2337 3936 quod

827 3960 877 4012 in
912 3972 1085 4012 ucstra
1131 3968 1305 4012 mente
1338 3971 1575 4012 versatur
1607 3959 1908 4022 consilium,
1947 3973 2067 4012 cum
2110 3959 2232 4011 odio
2254 3973 2339 4027 pa-

826 4060 1041 4113 scatur;
1070 4049 1228 4115 ﬁtque
1252 4048 1377 4100 fera.-
1406 4048 1574 4115 prada
1603 4049 1887 4113 cegitatum
1924 4050 1988 4101 de
2017 4048 2257 4111 muliere,
2290 4049 2336 4105 si

824 4152 944 4191 cum
998 4138 1138 4206 turpi
1184 4136 1610 4204 concupiscentia
1652 4145 1888 4189 versetur
1933 4138 2069 4203 apud
2103 4152 2225 4199 nos;
2256 4136 2339 4207 sic

823 4228 982 4278 etiam
1017 4241 1073 4279 se
1111 4227 1267 4279 habet
1314 4227 1600 4293 cogitatum
1636 4224 1700 4276 de
1732 4235 1977 4292 argento,
2021 4235 2075 4277 et
2104 4240 2256 4287 auro,
2292 4225 2337 4279 si

826 4328 946 4365 cum
998 4315 1243 4367 aviditate
1297 4315 1413 4380 plus
1456 4300 1692 4365 habendi
1740 4313 2027 4367 stabuletur
2064 4315 2115 4366 in
2164 4314 2332 4367 nobis.

828 4400 965 4463 Quin
998 4412 1049 4453 et
1077 4401 1440 4467 cogitationes,
1483 4415 1599 4467 qum
1626 4402 1690 4452 de
1718 4402 1915 4454 sanctis
1948 4402 2101 4455 donis
2139 4402 2334 4455 haben—

828 4500 931 4549 tur,
965 4487 1098 4540 idem
1137 4488 1499 4553 perpetiuntur
1538 4488 1929 4551 detrimentum,
1959 4490 2003 4540 si
2048 4504 2169 4542 cum
2204 4506 2337 4544 vana

825 4577 988 4644 gloria
1032 4583 1315 4643 pascantur
1346 4575 1398 4626 in
1438 4575 1702 4627 intellectu
1730 4592 1742 4628 :
1766 4590 1827 4628 ac
1853 4577 2086 4629 similiter
2126 4579 2179 4630 in
2218 4580 2336 4631 aliis

823 4664 1068 4739 cogitatis
1104 4663 1392 4730 continget,
1428 4649 1545 4729 qua
1578 4676 1610 4714 a
1652 4661 1981 4729 passionibus
2007 4663 2186 4717 furtim
2212 4680 2335 4733 spo-

820 4752 1017 4806 liantur
1064 4766 1129 4805 ac
1152 4750 1550 4805 delraudantnr.

1366 4855 1590 4911 CAPUT
1628 4854 1822 4910 Χνιιι..

891 4966 1085 5023 Verum
1106 4983 1210 5022 non
1235 4969 1405 5024 solum
1430 4967 1653 5022 interdiu
1679 4966 1790 5020 haec
1810 4973 2013 5035 oportet
2032 4966 2330 5033 observare,

821 5059 915 5115 sed
952 5057 1109 5111 etiam
1157 5069 1310 5112 noctu
1344 5059 1608 5127 vigilando
1656 5072 1717 5111 ea
1763 5071 1986 5121 cavere,
2034 5072 2097 5111 ac
2147 5058 2329 5112 vitare.

819 5144 1092 5212 Contingit
1119 5144 1283 5206 enim,
1321 5147 1460 5211 quod
1494 5146 1618 5198 dum
1658 5148 1781 5214 quis
1807 5146 2049 5213 turpiter,
2089 5159 2151 5198 ac
2188 5146 2335 5197 mali-

821 5228 925 5304 gne
962 5232 1368 5300 contempletur,
1419 5237 1599 5300 perdat
1648 5236 1787 5302 quod
1824 5236 2089 5303 proprium
2135 5243 2252 5287 est:
2281 5244 2335 5287 et

819 5324 921 5377 hoc
952 5324 1177 5389 exsistit,
1215 5325 1355 5392 quod
1380 5337 1409 5375 a
1445 5335 1629 5379 sancto
1676 5324 1841 5380 Jacob
1884 5328 2076 5381 dicitur
2110 5345 2120 5380 :
2159 5345 2175 5377 ε
2217 5327 2330 5381 Non

817 5412 913 5467 tuli
950 5414 1045 5467 tibi
1088 5416 1340 5483 pecudem
1403 5421 1609 5481 captam
1681 5429 1709 5465 a
1751 5415 1897 5482 fera;
1947 5433 1975 5469 a
2024 5418 2329 5486 memetipso

884 5584 931 5615 "'
962 5585 1105 5661 Psal,
1132 5603 1204 5651 tv,
1239 5590 1293 5642 5.
1366 5588 1410 5622 ’⁸
1442 5586 1458 5640 l
1495 5588 1617 5643 Cor.
1655 5603 1733 5653 ιχ,
1763 5588 1814 5641 7.
1872 5593 1933 5622 ’¹⁹
1961 5590 1976 5642 l
2002 5592 2131 5664 Reg.
2165 5610 2292 5657 xt'tt,
2323 5595 2409 5648 37.

2432 3154 2522 3205 καὶ
2548 3153 2754 3221 ῥάϐδον,
2782 3154 2872 3205 καὶ
2898 3155 3205 3223 βακτηρίαν,
3254 3156 3338 3208 ἴνα
3375 3161 3439 3210 ἐκ
3471 3161 3666 3225 ταύτης
3704 3160 3794 3227 τῆς
3830 3159 3929 3210 ποία

2436 3258 2589 3309 μνης,
2629 3242 2719 3292 καὶ
2744 3244 2944 3310 τραφῇ,
2972 3243 3062 3293 καὶ
3094 3242 3389 3310 ἐνδύσηται,
3418 3247 3510 3296 καὶ
3530 3247 3717 3315 χόρτον
3744 3248 3928 3315 ὀρεινὸν

2435 3328 2722 3398 συναγάγῃ.
2764 3347 2781 3378 ι
2806 3329 2898 3390 Τίς
2928 3331 3054 3398 γὰρ,
3084 3332 3235 3398 φησί,
3272 3333 3543 3400 ποιμαίνει
3574 3336 3815 3402 ποίμνην,
3849 3338 3927 3387 καὶ

2433 3418 2494 3467 ὲκ
2521 3417 2609 3467 τοῦ
2660 3417 2916 3483 γάλακτος
2954 3420 3047 3485 τῆς
3074 3420 3301 3487 ποίμνης
3328 3422 3423 3472 οὐκ
3465 3422 3701 3486 ἐσθίεις»
3740 3427 3825 3476 Δεῖ
3850 3421 3925 3476 οὖν

2432 3506 2520 3556 τὴν
2551 3494 2921 3573 ἀναχωροῦντα
2937 3508 3217 3573 φυλάττειν
3233 3509 3460 3578 νύκτωρ,
3486 3510 3577 3562 καὶ
3602 3512 3715 3579 μεθ’
3742 3513 3925 3582 ἡμέραν

2435 3593 2586 3643 τοῦτο
2612 3595 2669 3644 τὸ
2698 3594 2954 3659 ποίμνιον,
2986 3590 3109 3664 μήτι
3137 3597 3242 3649 τῶν
3274 3599 3552 3667 νοημάτων
3588 3599 3804 3669 γένηται
3843 3602 3924 3666 θη-

2439 3679 2709 3746 ριάλωτον,
2751 3680 2782 3748 ἢ
2828 3680 3042 3750 λῃσταῖς
3074 3684 3353 3754 περιπέσῃ,
3394 3688 3442 3736 εἰ
3462 3686 3519 3736 δὲ
3548 3687 3652 3753 ἄρα
3674 3706 3724 3739 τι
3746 3689 3926 3740 τοιοῦτο

2438 3766 2667 3835 συμϐαίη
2701 3768 2835 3819 κατὰ
2860 3768 2952 3837 τὴν
2988 3770 3177 3835 νάπην,
3208 3769 3399 3831 εὐθέως
3441 3769 3755 3839 ἐξαρπάζειν
3777 3776 3833 3824 ὲκ
3851 3775 3923 3825 τοῦ

2438 3855 2689 3921 στόματος
2717 3855 2807 3906 τοῦ
2834 3855 3036 3918 λέοντος
3064 3857 3095 3925 ἢ
3153 3857 3248 3926 τῆς
3290 3856 3508 3926 ἀρκτοι).
3564 3858 3768 3911 Γίνεται
3809 3861 3857 3912 δὲ
3879 3862 3923 3911 τὸ

2433 3943 2604 4010 νόημα
2656 3942 2715 3993 τὸ
2768 3945 2893 4013 περὶ
2924 3943 3013 3995 τοῦ
3052 3944 3275 4011 ἀδελφοῦ
3335 3944 3680 4015 θηριάλωτον,
3736 3951 3781 4001 εἰ
3810 3951 3923 4015 μετὰ

2438 4031 2623 4097 μίσους
2671 4030 2821 4099 νέμοι
2841 4033 2898 4082 τὸ
2934 4035 2990 4083 ὲν
3014 4035 3158 4101 ἡμῖν,
3196 4034 3370 4087 καὶτὸ
3402 4037 3524 4105 περὶ
3559 4038 3657 4105 τῆς
3680 4039 3921 4105 γυναικὸς,

2434 4120 2480 4169 εἰ
2521 4119 2634 4187 μετ’
2661 4121 2882 4187 αἰσχρᾶς
2910 4122 3198 4187 ἐπιθυμίας
3224 4123 3496 4192 στρέφοιτο
3520 4128 3650 4193 παρ’
3682 4130 3821 4195 ἡμῖν,
3850 4127 3925 4178 καὶ

2434 4207 2493 4257 τὸ
2521 4204 2610 4257 τοῦ
2639 4209 2914 4277 ἀργυρίου,
2944 4210 3034 4261 καὶ
3059 4208 3149 4262 τοῦ
3179 4211 3415 4281 χρυσίου,
3436 4216 3482 4265 εἰ
3502 4217 3635 4282 μετὰ
3654 4216 3923 4279 πλεονεξίας

2435 4293 2711 4359 αὑλίζοιτο.
2759 4297 2863 4349 Καὶ
2892 4300 2961 4349 τά
2993 4301 3229 4368 νοήματα
3261 4301 3363 4352 τῶν
3396 4303 3561 4368 ἁγίων
3588 4307 3921 4374 χαρισμάτων,

2367 4369 2407 4421 D
2436 4383 2482 4456 εἰ
2542 4384 2674 4451 μετὰ
2734 4377 3031 4448 κενοδοξίας
3073 4387 3211 4439 κατὰ
3258 4388 3488 4441 διάνοιαν
3537 4369 3808 4457 βόσκοιτοθ
3850 4394 3922 4441 καὶ

2431 4471 2519 4521 ἐπὶ
2551 4471 2656 4521 τῶν
2696 4472 2878 4524 ἀλλων
2904 4473 2961 4525 δὲ
2988 4476 3263 4543 νοημάτων
3300 4477 3551 4543 ὡσαύτως
3602 4481 3919 4549 συμϐήσεται,

2431 4557 2801 4625 κλεπτομένων
2833 4563 2943 4621 τοϊς
2972 4562 3213 4616 πάθεσιν.

2940 4880 2941 4883 “
2997 4875 3235 4927 ΚΕΦᾹΛ.
3261 4870 3397 4931 1112⁸

2498 4981 2568 5033 Οὐ
2595 4982 2747 5050 μόνον
2776 4981 2829 5034 δὲ
2875 4984 2931 5034 ἐν
2972 4988 3032 5052 τῇ
3072 4986 3259 5059 ,ἡμέρᾳ
3285 4985 3365 5041 δεῖ
3387 4966 3553 5044 ταῦτα
3588 4996 3786 5061 τηρεῖν,
3810 4994 3915 5046 ἀλλὰ

2429 5067 2519 5117 καὶ
2546 5067 2753 5136 νύκτωρ
2784 5070 3179 5134 ἁγρυπνοῦντας
3197 5074 3493 5141 φυλάττειν.
3526 5078 3808 5145 Συμϐαίνει
3832 5079 3915 5144 γὰρ

2433 5155 2524 5206 καὶ
2565 5157 2953 5223 φανταζόμενον
2972 5160 3223 5229 αἰσχρῶς,
3262 5163 3355 5215 καὶ
3398 5160 3659 5234 πνήρῶς,
3694 5167 3913 5219 ἀπολέσαι

2432 5241 2490 5293 τὸ
2513 5244 2637 5294 ἴδιον
2670 5259 2682 5273 ο
2714 5244 2805 5294 καί
2833 5244 2983 5298 τοῦτό
3008 5248 3121 5300 ἐστι
3148 5250 3206 5302 τὸ
3234 5251 3336 5302 ὑπὸ
3360 5250 3450 5303 τοῦ
3478 5253 3629 5319 ἁγίου
3662 5254 3914 5322 λεγόμενον

2443 5327 2650 5383 Ἰακώϐ·
2690 5333 2827 5385 ιούκ
2856 5336 3074 5405 ὲνήνοχά
3104 5355 3182 5390 σοι
3210 5339 3468 5408 πρόϐατον
3484 5342 3819 5411 θηριάλωτον,
3839 5340 3910 5392 ἀπ’

2431 5419 2660 5489 ἐμαυτοῦ
2704 5424 3009 5502 ἀπετίννυον
3048 5428 3326 5496 κλέμματα
3361 5429 3597 5499 ἡμέρας,
3652 5433 3742 5484 καὶ
3775 5430 3909 5497 κλίμ-
