4058 6350
166 305 296 369 ΗΞῙ

1160 306 1256 367 DE
1308 304 1671 365 MALIGNIS
1710 302 2358 368 COGITATIONIBUS.

3191 297 3329 362 199.2

160 429 307 480 ματα
348 411 561 473 νυκτὸς,
621 411 714 465 καὶ
765 412 1026 483 ἐγενόμην
1047 412 1428 482 συγκαιόμενος
1467 412 1541 479 τῷ
1570 409 1691 463 καύι

1804 407 2004 461 reddidi
2053 409 2311 478 quidquid
2343 408 2489 463 furto
2533 410 2754 479 peribat,
2800 424 2889 463 seu
2926 408 3062 463 furta
3095 409 3245 472 diei,,
3283 420 3338 463 et

158 518 291 554 σωνι
333 499 430 567 τῆς
473 500 703 570 ἡμέρας,
756 504 850 554 καὶ
882 503 959 572 τῷ
987 503 1201 572 παγετῴ
1230 503 1325 571 τῆς
1354 494 1564 563 νυκτὸς,
1605 500 1698 551 καὶ

152 590 416 657 ἀφίστατο
445 589 474 639 ό
514 588 676 651 ὕπνος
725 590 831 641 ἀπὸ
863 590 969 643 τῶν
995 590 1281 660 ὀφθαλμῶν
1313 606 1450 659 μου;
1479 608 1498 641 ι
1550 590 1611 642 Et
1640 588 1698 642 δέ

150 692 242 737 τις
283 677 345 727 ἑκ
385 674 477 727 τοῦ
519 676 760 740 καμάτου
803 679 893 729 καὶ
930 678 1121 745 ἀκηδία
1160 678 1287 746 ἡμῖν
1315 676 1695 746 προσγένηται,

155 764 352 833 μικρὸν
389 765 783 832 ἀναδραμόντες
832 768 1047 836 ἐπα-τὴν
1090 766 1185 828 τῆς
1211 765 1457 832 γνώσεως
1499 766 1698 834 πέτραν

151 854 228 923 τῷ
264 854 540 922 ψαλτηρίῳ
572 854 1075 923 προσομιλήσωμεν,
1117 855 1443 923 πλήσσοντες
1478 856 1562 908 διὰ
1589 856 1696 907 τῶν

150 944 360 1012 ἀρετῶν
416 942 515 1011 τῆς
563 936 809 1010 γνώσεως
855 945 949 1005 τὰς
995 945 1204 1013 χορδάς,
1255 943 1601 1011 βοσκήσωμεν
1642 943 1695 994 δὲ

149 1034 315 1084 πάλιν
349 1033 449 1085 ὑπὸ
487 1033 546 1083 τὸ
582 1034 785 1085 Σιναῖον
828 1032 949 1101 ὅρος
992 1033 1057 1084 τά
1096 1031 1359 1101 πρόϐατα,
1408 1032 1490 1083 ἵνα
1516 1033 1543 1081 ὁ
1568 1031 1697 1093 Θεὸς

150 1124 262 1174 τῶν
286 1124 532 1192 πατέρων
562 1124 735 1193 ἡμῶν,
764 1126 857 1176 καὶ
886 1126 1028 1193 ἡμᾶς
1062 1126 1123 1175 ὲκ
1144 1125 1239 1192 τῆς
1279 1124 1437 1189 βάτου
1470 1123 1693 1191 καλέσῃ,

152 1211 250 1263 καὶ
289 1213 410 1273 τοὺς
439 1211 629 1278 λόγους
651 1212 758 1263 τῶν
787 1211 1041 1279 σημείων,
1067 1213 1161 1263 καὶ
1195 1212 1300 1263 τῶν
1330 1212 1565 1279 τεράτων
1603 1214 1695 1264 καὶ

151 1302 284 1367 ἡμῖν
344 1300 649 1368 χαρίσηται.
726 1300 890 1351 Φύσιν
936 1300 1035 1367 μὲν
1087 1301 1303 1369 λογικὴν
1362 1301 1463 1352 ὑπὸ
1503 1301 1697 1361 ,κακίας

151 1372 787 1456 θανατωθείσαν’ὲγείρει
824 1388 1051 1458 Χριστὸς
1078 1390 1164 1441 διὰ
1188 1389 1282 1456 τῆς
1312 1389 1536 1457 θεωρίας
1567 1389 1695 1439 πάν-

149 1491 259 1525 των
277 1474 384 1525 τῶν
413 1474 619 1526 αίώνων
648 1490 661 1503 ·
693 1477 720 1527 ὁ
752 1474 807 1527 δὲ
837 1474 1025 1527 τούτου
1060 1474 1237 1544 πατὴρ
1266 1475 1361 1544 τὴν
1398 1475 1695 1529 ἀποθανοῦ-

151 1580 252 1615 σαν
274 1564 471 1633 ταύτης
494 1564 688 1633 ψυχὴν,
718 1563 806 1615 τὸν
832 1564 1056 1617 θάνατον
1088 1563 1181 1615 τοῦ
1216 1562 1476 1631 Χριστοῦ,
1500 1562 1697 1631 ἐγείρει

147 1650 237 1704 διὰ
265 1653 513 1718 γνώσεως
536 1650 632 1721 τῆς
665 1653 875 1705 ἑαυτοῦ.
913 1655 1019 1706 Καὶ
1043 1652 1197 1713 τοῦτό
1238 1654 1350 1705 ἐστι
1379 1653 1434 1704 τὸ
1467 1652 1568 1704 ὑπὸ
1605 1652 1695 1703 τοῦ

1802 496 1944 549 furta
1983 497 2135 566 531
2166 498 2357 563 noctis,
2392 507 2446 553 et
2485 498 2742 554 exurebar
2787 509 2915 552 aestu
2952 498 3075 561 dici,
3130 509 3181 551 et
3216 500 3335 568 gelu

1802 586 1995 646 noctis.
2016 585 2411 654 secedebatque
2435 601 2656 643 somnus
2676 589 2743 641 ab
2769 587 2936 641 oculis
2966 589 3095 641 meis
3125 588 3168 619 ’θ
3197 626 3211 640 .
3232 606 3254 635 ι
3278 588 3334 642 Si

1800 683 1974 727 autem
2024 674 2202 743 aliqua
2246 690 2310 728 ex
2362 676 2540 729 labore
2583 674 2793 746 pigritia
2841 676 2990 729 nobis
3030 679 3333 740 accesserit,

1803 763 2074 830 pattiulttm
2113 772 2458 819 recurrentes
2486 766 2551 819 ad
2586 766 2902 833 cognitionis
2932 775 3151 832 petram,
3179 766 3331 819 Psal-

1802 853 1936 904 terio
1988 869 2081 906 nos
2140 854 2557 917 admoveamus,
2614 870 2705 922 per
2753 859 2974 908 virtutes
3019 855 3334 920 cognitionis

1800 941 2028 995 chordas
2056 942 2354 1009 pulsantes,
2388 957 2681 1012 rursusque
2704 945 2806 998 sub
2834 943 3010 997 Sinaeo
3040 956 3217 997 monte
3244 961 3335 1013 pe—

1800 1033 1961 1085 cudes
1987 1033 2353 1100 depascamus,
2389 1041 2447 1087 ut
2469 1032 2633 1087 Deum
2674 1046 2882 1101 patrum
2910 1045 3209 1089 nostrorum
3242 1050 3336 1087 nos

1799 1121 1957 1172 etiam
1989 1131 2169 1174 evocet
2198 1136 2227 1174 e
2254 1122 2405 1185 rubo,
2446 1131 2605 1190 atque
2627 1122 2858 1176 rationes
2897 1137 2988 1176 seu
3023 1138 3214 1177 causas
3253 1124 3327 1175 si-

1800 1223 2021 1275 gnorum
2047 1225 2107 1262 ac
2136 1209 2668 1279 prodigiorumnobis
2699 1213 2855 1263 donet
2874 1213 3219 1280 aclargiatur.
3245 1212 3339 1265 Na-

1803 1305 1971 1348 turam
2020 1299 2234 1365 quidcm
2275 1300 2583 1353 rationalem
2624 1317 2654 1353 e
2704 1302 2833 1353 vitio
2883 1311 3050 1355 morte
3095 1302 3335 1354 aﬂeetam

1801 1386 2024 1437 suscitat
2044 1386 2291 1440 Christus
2320 1403 2411 1455 per
2438 1389 2939 1457 contemplationem
2971 1389 3211 1443 omnium
3235 1406 3333 1443 sae-

1802 1472 2082 1538 culorum;
2113 1474 2274 1540 hujus
2304 1485 2481 1529 autem
2510 1474 2662 1530 Pater
2684 1485 2947 1529 mortuam
2975 1477 3211 1545 ejusdem
3241 1493 3337 1531 na-

1802 1567 1937 1613 tura:
1961 1562 2235 1616 rationalis
2262 1564 2515 1626 animam,
2553 1579 2669 1634 qua:
2697 1578 2843 1618 mors
2886 1575 2966 1617 est
2993 1564 3209 1628 Christi,
3246 1580 3337 1632 per

1801 1649 2068 1715 suiipsius
2104 1651 2299 1706 excitat
2325 1653 2679 1721 cognitionem
2710 1672 2721 1705 :
2747 1653 2953 1721 hocque
2982 1662 3081 1715 est,
3121 1655 3263 1720 quod
3304 1669 3334 1705 a

150 1739 362 1791 Παύλου
408 1741 716 1808 λεγόμενον,
747 1741 827 1806 τὸ,
881 1761 897 1792 ι
918 1742 979 1794 Εἰ
1006 1740 1434 1808 συναπεθάνομεν
1460 1739 1535 1807 τῷ
1563 1741 1691 1808 Χρι-

1804 1730 1970 1789 Paulo
1993 1735 2223 1791 dicitur:
2255 1755 2272 1785 ι
2302 1736 2355 1790 Si
2380 1741 2757 1793 commorimur
2785 1738 3017 1803 Christo,
3045 1738 3332 1800 credimus,

154 1829 281 1898 στῷ,
315 1830 658 1898 πιστεύομεν.
687 1831 766 1882 ὅτι
798 1831 889 1882 καὶ
908 1830 1207 1898 συζήσομεν
1232 1828 1396 1895 αὐτῷ.
1420 1845 1439 1877 ι
1472 1828 1636 1878 Ὅταν
1668 1830 1694 1878 ό

150 1916 272 1979 νοῦς
322 1919 411 1969 τὸν
461 1919 683 1971 παλαιὸν
729 1919 1004 1985 ἄνθρωπον
1060 1916 1457 1985 ἀποδυσάμενος
1496 1914 1584 1966 τὸν
1636 1916 1697 1965 ὲκ

150 2008 362 2075 χάριτος
392 2007 692 2075 ἐνδύσηται,
740 2008 857 2059 τότε
902 2006 994 2059 καὶ
1042 2005 1136 2075 τὴν
1166 2004 1327 2058 αὐτοῦ
1372 2005 1701 2057 κατάστασιν

148 2095 332 2160 ὄθεται
363 2096 497 2147 κατὰ
514 2096 697 2164 καιρὸν
720 2098 815 2164 τῆς
834 2096 1151 2164 προσευχῆς,
1179 2095 1456 2164 σαπφείρῳ
1485 2093 1516 2161 ἢ
1538 2095 1700 2162 ούρα-

150 2183 241 2249 νίῳ
295 2181 543 2249 χρώματι
594 2183 936 2252 παρεμφερῆ,
1013 2182 1200 2251 ἥντινα
1242 2181 1335 2233 καὶ
1372 2180 1532 2232 τόπον
1568 2177 1698 2230 Θεοῦ

152 2270 335 2338 Γραφὴ
374 2270 623 2339 ὀνομάζει
647 2272 749 2323 ὑπὸ
784 2272 890 2323 τῶν
919 2262 1291 2341 πρεσϐυτέρων
1315 2267 1543 2337 ὀφθέντα
1596 2267 1700 2321 ὑπὸ

151 2356 242 2409 τοῦ
281 2359 443 2427 ὅρους
472 2360 620 2413 Σινᾶ.

744 2465 989 2518 ΚΕΦΛΛ.
1021 2466 1120 2518 ΙΘ’.

213 2577 385 2629 Ὅταν
428 2575 534 2628 τῶν
561 2575 766 2644 ἐχθρῶν
794 2575 973 2644 τρώσῃ
1014 2574 1071 2626 σέ
1110 2590 1191 2636 τις
1224 2574 1569 2643 παραϐαλὼν,
1599 2577 1693 2627 καὶ

152 2666 322 2733 βούλει
336 2667 435 2732 τὴν
467 2664 906 2733 ρομφαίανᾳύτοῦ
934 2663 1177 2732 στρέψαι,
1211 2662 1425 2715 κατὰτὸ
1447 2679 1690 2733 γεγραμ-

155 2757 328 2824 μένον.
355 2755 445 2805 ἐπὶ
467 2754 562 2822 τὴν
601 2753 823 2822 καρδίαν
847 2750 1007 2805 αὐτοῦ
1037 2753 1256 2819 ποίησον
1272 2750 1461 2814 οὕτως,
1498 2752 1571 2812 ὡς
1605 2752 1689 2804 λέ-

151 2861 335 2914 γομεν.
386 2843 532 2894 Δίελε
574 2841 713 2894 κατὰ
747 2829 937 2894 σαυτὸν
978 2840 1067 2893 τὸν
1108 2840 1197 2892 ὑπ’
1227 2840 1386 2892 αὑτοῦ
1428 2840 1687 2910 βληθέντα

150 2931 423 2999 λογισμὸν,
456 2930 600 2991 ὅστις
626 2928 751 2979 ποτέ
776 2929 908 2990 ἐστι,
940 2928 1029 2979 καὶ
1055 2929 1116 2979 ὲκ
1147 2926 1324 2978 πόσων
1356 2926 1686 2996 πραγμάτων

1805 1822 1947 1890 quod
1981 1833 2034 1877 et
2082 1823 2182 1892 ipsi
2233 1827 2738 1881 convivilicabimur.
2763 1828 2804 1859 ³¹
2848 1846 2865 1878 ι
2899 1828 3118 1892 Quando
3147 1844 3330 1891 mens,

1804 1926 1923 1964 cum
1954 1920 2181 1966 veterem
2226 1916 2432 1968 exuerit
2476 1917 2764 1978 hominem,
2807 1916 3031 1971 induerit
3058 1932 3200 1980 eum,
3245 1920 3333 1986 qui

1799 2015 1863 2052 ex
1891 2003 2053 2068 gratia
2077 2012 2175 2067 est,
2215 2013 2339 2057 tunc
2372 2013 2425 2057 et
2459 2014 2654 2059 statum
2686 2020 2841 2059 suum
2869 2008 3065 2061 videbit
3100 2016 3334 2075 tempore

1801 2089 2058 2143 orationis
2080 2090 2349 2159 sapphiro,
2373 2101 2464 2146 aut
2493 2093 2695 2148 ccelesti
2716 2094 2881 2148 colori
2906 2095 3152 2159 similem,
3175 2110 3332 2163 quem

1795 2184 1851 2230 et
1888 2176 2059 2232 locum
2092 2176 2182 2231 Del
2228 2178 2505 2250 Scriptura
2538 2183 2800 2247 nominat,
2857 2183 3027 2237 visum
3051 2200 3079 2237 a
3106 2183 3333 2239 seniori-

1796 2265 1897 2321 bus
1928 2266 2028 2321 sub
2056 2277 2237 2322 monte
2266 2269 2413 2324 Sina.

2358 2462 2579 2520 CAPUT
2614 2463 2727 2517 XIX

1858 2572 2080 2635 Quando
2105 2572 2371 2639 quispiam
2396 2573 2624 2624 hostium
2660 2574 3108 2641 appropinquans,
3142 2582 3191 2626 te
3216 2574 3330 2627 vul-

1793 2674 1919 2711 nera
1929 2660 2019 2723 vit,
2045 2660 2282 2727 velisque
2298 2659 2525 2727 gladium
2544 2660 2659 2728 ejus
2678 2670 2978 2714 convertere
2998 2663 3327 2728 (secundum,

1788 2749 1930 2817 quod
1962 2749 2215 2815 scriptum
2256 2758 2338 2801 est
2371 2748 2439 2817 “j
2478 2750 2530 2801 in
2570 2764 2663 2803 cor
2688 2751 2824 2819 ejus,
2876 2752 2942 2803 ita
2979 2751 3132 2815 faxis,
3161 2762 3218 2806 ut
3245 2753 3328 2806 di-

1782 2838 1974 2891 cimus:
2021 2835 2203 2890 Divide
2241 2837 2379 2905 apud
2427 2838 2652 2906 teipsum
2700 2841 3073 2908 cogitationem
3122 2842 3188 2894 ab
3236 2842 3328 2894 illo

1789 2926 2111 2988 immissam,
2136 2925 2388 2980 nimirum
2414 2928 2588 2995 qualis
2614 2943 2847 2997 unquam
2871 2945 2931 2983 ea
2965 2933 3050 2993 sit,
3091 2940 3326 2999 quotque

152 3021 463 3087 συνέστηκε,
516 3018 609 3070 καὶ
631 3020 777 3069 ποῖον
808 3016 961 3068 τοῦτό
982 3017 1096 3067 ἐστι
1147 3014 1374 3084 μάλιστα
1427 3015 1485 3067 τὸ
1511 3015 1686 3068 θλίδον

1791 3030 1817 3070 e
1839 3016 1996 3070 rebus
2054 3024 2296 3080 constet,
2340 3024 2392 3070 et
2424 3018 2653 3073 maxime
2694 3019 2848 3087 quale
2879 3020 2948 3075 sit
2990 3020 3125 3072 istud
3148 3062 3160 3083 ,
3187 3020 3324 3087 quod

150 3112 234 3163 τὸν
281 3109 427 3161 νοῦν.
496 3108 560 3157 '0
604 3106 658 3158 δὲ
689 3106 848 3173 λέγω,
881 3104 1113 3157 τοιοῦτόν
1140 3106 1301 3156 ἐστιν’
1345 3105 1521 3157 Ἔστω
1552 3121 1690 3172 πεμ-

1791 3116 2018 3159 mentem
2047 3105 2284 3160 aﬂlictat.
2317 3105 2468 3171 Quod
2500 3114 2675 3165 autem
2707 3109 2849 3169 dico.
2885 3108 3041 3178 532
3076 3110 3325 3176 hujusce-

150 3200 297 3265 φθεὶς
322 3200 351 3249 ὁ
387 3198 483 3265 τῆς
511 3195 868 3265 φιλαργυρίας
898 3193 987 3245 ὑπ’
1008 3193 1169 3247 αὑτοῦ
1192 3192 1463 3261 λογισμὸς,
1507 3192 1691 3247 τοῦτον

1791 3194 1932 3249 modi
1980 3204 2100 3249 est:
2132 3196 2203 3249 sit
2244 3197 2481 3259 immissa
2503 3197 2569 3250 ab
2606 3197 2721 3265 ipso
2760 3198 3010 3264 cogitatio
3049 3200 3283 3251 avaritia:
3307 3236 3323 3260 ,

149 3290 284 3342 δίελε
320 3288 399 3350 εἷς
428 3305 488 3339 τε
519 3287 610 3339 τὸν
637 3284 1023 3350 ὑποδεξάμενον
1052 3282 1208 3332 αὐτὸν
1240 3279 1383 3345 νοῦν,
1414 3280 1505 3331 καὶ
1530 3283 1608 3341 είς
1633 3282 1690 3332 τὸ

150 3380 325 3446 νόημα
338 3377 432 3428 τοῦ
458 3374 699 3444 χρυσίου,
736 3372 830 3423 καὶ
855 3371 931 3430 εἰς
960 3368 1116 3421 αὐτὸν
1137 3366 1224 3418 τὸν
1255 3366 1469 3434 χρυσὸν,
1496 3368 1586 3418 καὶ
1610 3371 1689 3429 εἰς

150 3471 208 3520 τὸ
234 3468 563 3535 φιλάργυρον
603 3462 770 3521 πάθος
804 3476 816 3489 ·
866 3459 955 3510 καὶ
1004 3455 1184 3521 λοιπὸν
1213 3455 1387 3521 ἐρώτα
1410 3456 1462 3507 τί
1490 3455 1689 3508 τούτων

151 3558 293 3610 ἐστὶν
338 3551 611 3623 ἁμαρτία,
666 3550 888 3615 πότερον
917 3549 943 3598 ὁ
986 3547 1139 3609 νοῦς;
1189 3545 1283 3597 καὶ
1329 3544 1476 3609 πῶς;
1546 3543 1689 3599 ἔστιν

150 3647 307 3700 εἰκὼν
335 3644 487 3698 Θεοῦ.
540 3639 696 3692 Ἀλλά
720 3639 780 3690 τὸ
811 3636 983 3705 νόημα
1004 3634 1095 3687 τοῦ
1128 3633 1361 3703 χρυσοῦς
1403 3636 1496 3687 καὶ
1537 3633 1689 3687 τοῦτο

150 3739 229 3799 τίς
288 3738 353 3791 ἂν
403 3735 543 3787 είποι
571 3730 692 3786 νοῦν
720 3729 857 3797 ἔχων
905 3726 1030 3777 ποτέ
1055 3742 1069 3789 ;
1123 3724 1235 3776 ἀλλ’
1258 3724 1415 3783 αὐτὸς
1439 3725 1468 3774 ὁ
1492 3724 1689 3791 χρυσός

152 3831 296 3880 ἐστιν
333 3821 600 3892 ἁμαρτία;
656 3816 749 3871 καὶ
775 3816 914 3873 τίνος
942 3814 1096 3880 χάριν
1124 3810 1403 3876 γεγένηται
1434 3825 1448 3872 ;
1498 3809 1685 3861 ἕπεται

150 3919 359 3975 τοίνυν,
406 3911 539 3976 ὅπερ
582 3906 679 3957 οὐκ
717 3903 829 3955 ἔστι
870 3900 968 3968 μὲν
1025 3898 1249 3966 πρᾶγμα
1296 3896 1535 3965 ὑφεστὼς
1567 3898 1684 3949 κατ’

150 4004 351 4061 οὐσίαν,
400 3996 518 4048 οὐδὲ
574 3994 748 4063 νόημα
794 3992 1131 4059 πράγματος,
1181 3988 1299 4040 οὐδὲ
1350 3988 1472 4050 νοῦς
1525 3989 1683 4040 πάλιν

151 4089 470 4155 ἀσώματος,
530 4080 641 4133 ἀλλ’
690 4080 848 4150 ἡδονή
899 4094 981 4143 τις
1025 4076 1429 4144 μισάνθρωπος,
1482 4077 1544 4127 ὲκ
1590 4075 1681 4127 τοῦ

151 4170 484 4234 αὑτεξουσίου
512 4167 820 4235 τικτομένη,
869 4165 962 4214 καὶ
1005 4162 1184 4221 κακῶς
1225 4160 1539 4229 κεχρῆσθαι,
1573 4163 1681 4221 τοῖς

150 4261 241 4313 τοῦ
276 4258 405 4310 Θεοῦ
454 4256 709 4325 κτίσμασι
746 4253 836 4304 τὸν
874 4252 994 4305 νοῦν
1035 4247 1409 4316 ἀναγκάζουσα
1428 4286 1451 4329 ,.
1470 4249 1534 4317 ἣν
1590 4249 1680 4301 καὶ

1786 3286 1943 3337 istam
1984 3284 2160 3337 divide
2187 3292 2299 3338 tum
2344 3286 2397 3339 in
2427 3295 2679 3349 mentem,
2708 3301 2826 3356 quze
2871 3288 3040 3357 ipsam
3069 3288 3321 3355 suscepit,

1786 3380 1898 3425 tum
1927 3372 1981 3424 in
2032 3372 2148 3426 auri
2190 3374 2480 3440 notionem,
2525 3384 2633 3428 tum
2662 3375 2713 3428 in
2754 3376 2924 3442 ipsum
2971 3392 3181 3441 aurum,
3211 3388 3319 3430 tum

1785 3460 1943 3514 etiam
1971 3462 2023 3513 in
2044 3461 2345 3530 passionem
2363 3476 2610 3529 avaram;
2639 3478 2702 3517 ac
2733 3463 2854 3518 dein
2881 3464 3143 3535 interroga
3166 3468 3322 3534 quid-

1786 3565 1908 3603 nam
1952 3550 2144 3603 horum
2200 3552 2269 3605 sit
2299 3562 2573 3619 peccatum
2607 3570 2621 3606 :
2651 3562 2825 3606 utrum
2876 3535 3073 3608 men's?
3109 3564 3155 3607 et
3187 3572 3322 3622 quu-

1785 3639 1975 3692 modo?
2002 3648 2099 3692 est
2132 3639 2308 3706 imago
2335 3638 2461 3701 Dei;
2498 3640 2588 3693 sed
2614 3633 2901 3693 natio‘auri
2921 3642 2944 3692 ?
2964 3654 3017 3696 et
3042 3644 3177 3694 istud
3202 3644 3321 3711 quis

1785 3741 2019 3794 unquam
2048 3720 2257 3779 diceret
2282 3735 2515 3779 mentem
2544 3726 2782 3778 habens?
2801 3720 2983 3780 verum
3019 3730 3193 3797 ipsum
3219 3747 3317 3782 an-

1778 3828 1900 3868 rum
1932 3823 2011 3867 est
2035 3813 2349 3881 peccatum?
2377 3820 2429 3866 et
2458 3813 2610 3880 cujus
2631 3815 2796 3880 gratia
2822 3800 3017 3868 factum
3049 3816 3192 3868 fuit?
3221 3819 3320 3871 Se-

1783 3904 1963 3973 quitur
1990 3903 2187 3969 itaque,
2223 3900 2422 3969 peccati
2453 3916 2666 3955 causam
2694 3916 2812 3956 esse
2838 3913 3083 3971 quartum
3108 3906 3318 3974 (nempe

1782 3994 2080 4064 passionem
2110 3994 2343 4057 avaram)
2369 4006 2487 4059 quae
2519 3991 2729 4058 quidem
2764 4006 2869 4044 non
2901 4000 2981 4048 est
3022 4007 3105 4045 res
3139 3993 3317 4048 subsi-
3384 4000 3387 4003 ‘

1780 4089 1926 4137 stens
1966 4096 2057 4149 per
2090 4084 2396 4143 essentiam,
2446 4095 2621 4149 neque
2660 4081 2733 4133 rei
2776 4081 2943 4145 notio,
2999 4096 3097 4134 nec
3130 4098 3316 4137 rursus

1779 4183 1929 4221 mens
1959 4167 2290 4233 incorporea,
2326 4165 2415 4217 sed
2446 4166 2688 4233 voluptas
2730 4168 2968 4235 quaedam
2996 4167 3197 4221 homini
3228 4170 3311 4221 in-

1780 4257 1948 4318 fensa,
1972 4270 2001 4307 e
2030 4254 2196 4306 libero
2220 4252 2441 4306 arbitrio
2468 4254 2756 4321 progenita,
2798 4262 3131 4323 mentemque
3166 4271 3315 4309 com-

152 4350 484 4418 περιτέμνειν
542 4318 702 4397 ὁντοῦ
760 4341 889 4393 Θεοῦ
930 4339 1085 4408 νόμος
1135 4322 1501 4397 πεπίστευται.
1572 4338 1679 4390 Καὶ

1791 4346 2001 4413 pellens,
2040 4350 2097 4395 ut
2127 4341 2261 4393 male
2291 4341 2552 4396 creaturis
2582 4340 2675 4395 Dei
2722 4350 2919 4406 utatur,
2947 4356 3106 4410 quam
3156 4345 3313 4397 etiam

152 4438 314 4490 ταῦτά
367 4453 457 4488 σου
509 4431 938 4503 διερευνωμένου,
978 4428 1304 4497 φθαρήσεται
1338 4426 1433 4495 μὲν
1465 4427 1491 4477 ό
1534 4425 1679 4492 λογι-

158 4529 283 4595 σμὸς
306 4530 380 4588 είς
406 4527 504 4594 τὴν
529 4523 661 4576 ίδίαν
684 4521 1039 4587 ἀναλυόμενος
1077 4518 1325 4585 θεωρίαν,
1351 4516 1599 4585 φεύξεται
1622 4517 1678 4569 δὲ

157 4616 256 4667 ἀπὸ
286 4616 371 4667 σοῦ
424 4616 482 4667 τὸ
511 4612 801 4681 δαιμόνιον,
847 4609 945 4676 τῆς
974 4608 1205 4668 διανοίας
1229 4623 1318 4658 σου
1347 4606 1448 4658 ὑπὸ
1479 4606 1677 4676 ταύτης

157 4706 247 4771 τῆς
277 4703 517 4770 γνώσεως
537 4706 615 4763 είς
644 4701 776 4767 ὒψος
800 4698 1075 4769 ἀρθείσης.
1618 4699 1625 4707 ’

735 4911 981 4965 ΚΕΦΑΛ.
1011 4909 1094 4963 κ’.

226 5027 280 5079 Εἰ
321 5024 373 5077 δὲ
422 5023 594 5092 βούλει
615 5023 910 5091 χρήσασθαι
963 5025 1059 5089 μὲν
1093 5026 1156 5092 τῇ
1186 5022 1388 5074 ἐκείνου
1413 5020 1668 5089 ῥομφαίᾳ,

163 5114 416 5174 ἑπιποθείς
471 5113 529 5164 δὲ
574 5110 782 5180 πρῶτον
809 5110 895 5162 διὰ
927 5111 1023 5178 τῆς
1053 5115 1147 5181 σῆς
1175 5111 1453 5179 σφενδόνης
1489 5105 1671 5158 τοῦτον

163 5201 517 5275 χειρώσασθαι.
548 5198 806 5251 Ἐκϐαλλε
826 5200 917 5251 καὶ
957 5199 1018 5249 σὺ
1044 5200 1182 5251 λίθον
1211 5200 1273 5251 ἐκ
1299 5196 1389 5249 τοῦ
1433 5210 1674 5261 ποιμενι-

166 5293 250 5348 κοῦ
272 5309 358 5345 σου
394 5289 607 5351 κωδίου,
639 5290 731 5341 καὶ
758 5288 943 5341 τούτου
974 5287 1121 5355 ζήτει
1150 5287 1245 5355 τὴν
1277 5285 1519 5353 θεωρίαν.
1553 5281 1673 5342 Πῶς

165 5381 361 5452 ἄγγελοι
422 5378 538 5447 μὲν,
588 5377 678 5429 καὶ
723 5377 968 5445 δαίμονες
997 5375 1073 5444 τῷ
1122 5373 1364 5441 ἡμετέρῳ
1395 5370 1669 5439 παραϐάλ-

233 5574 272 5607 3°
300 5571 427 5626 Gen.
456 5587 600 5631 χχχι,
632 5572 715 5625 59.
794 5569 833 5599 ³³
867 5566 911 5619 ιι
940 5567 1077 5633 Tim.
1108 5567 1189 5626 u,i
1211 5565 1254 5615 l.

1782 4433 2163 4486 circumcidere
2198 4432 2393 4485 credita
2422 4440 2501 4485 est
2527 4432 2700 4485 divina
2739 4432 2843 4485 lex.
2882 4431 2954 4487 Te
2995 4433 3174 4501 itaque
3202 4434 3313 4485 haec

1779 4530 2177 4593 perScrutante,
2223 4522 2476 4588 cogitatio
2527 4522 2738 4590 quidem
2780 4530 3058 4577 evanescet
3104 4522 3157 4573 in
3192 4534 3310 4587 pro-

1779 4613 1948 4681 priam
1975 4611 2208 4666 resoluta
2241 4611 2761 4679 contemplationem,
2782 4612 3049 4680 fugietque
3070 4624 3097 4660 a
3120 4617 3174 4660 te
3203 4608 3308 4661 dee-

1775 4705 2034 4769 monium,
2079 4702 2204 4757 dum
2252 4702 2547 4757 intellectus
2590 4710 2711 4756 tuus
2751 4702 2819 4755 ab
2864 4702 2963 4754 ista
3010 4697 3307 4767 cognitione

1773 4795 1935 4849 fuerit
1958 4794 2214 4849 elevatus.

2361 4898 2584 4955 CAPUT
2629 4897 2743 4951 XX.

1850 5013 1904 5065 Si
1937 5021 2109 5064 autem
2133 5008 2261 5062 velis
2289 5009 2363 5060 uti
2395 5007 2605 5074 quidem
2639 5005 2779 5060 illius
2809 5008 3004 5077 gladio,
3026 5008 3300 5064 desideras

1777 5114 1905 5154 vero
1934 5100 1983 5150 in
2010 5096 2194 5165 primis
2241 5112 2331 5161 per
2366 5095 2581 5148 fundam
2626 5105 2767 5150 tuam
2803 5097 2976 5166 ipsum
3017 5097 3294 5163 subigere:

1778 5190 1908 5258 ejice
1941 5197 1992 5239 tu
2019 5199 2229 5253 quoque
2262 5185 2484 5252 lapidem
2503 5201 2533 5239 e
2554 5177 2804 5254 pastuiali
2828 5199 2912 5239 tua
2936 5199 3079 5253 pera,
3115 5185 3299 5253 hujus-

1778 5292 1881 5346 que
1905 5276 2121 5343 exquire
2152 5274 2685 5343 contemplationem;
2716 5275 2985 5333 nimirum,
3026 5272 3295 5340 quomodo

1771 5365 1944 5433 angeli
1993 5362 2202 5432 quidem
2235 5404 2249 5428 ,
2304 5371 2463 5433 atque
2504 5365 2767 5419 dmmones
2815 5370 2996 5415 nostro
3040 5357 3296 5413 accedant

1350 5564 1391 5594 ³³
1413 5561 1548 5615 l’sal.
1582 5573 1758 5618 xxwt,
1792 5555 1878 5607 Η.
