4058 6350
655 250 788 334 1223

2099 261 2160 320 S.
2208 251 2253 319 ’Ν
2269 259 2372 318 ILI

3705 257 3840 323 lﬂi

657 376 877 446 mundo,
909 390 965 434 at
987 395 1085 435 nos
1112 381 1349 450 ipsorum
1380 391 1486 432 non
1509 375 1823 431 accedamus
1846 373 2076 436 mundis,
2100 387 2194 426 nec

2297 372 2443 422 λουσι
2471 369 2676 438 κόσμῳ,
2708 371 2864 439 ἡμεῖς
2891 369 2946 423 δὲ
2969 371 3076 431 τοῖς
3105 365 3277 422 αὐτῶν
3305 367 3522 437 κόσμοις
3553 369 3616 420 οὗ
3655 387 3839 441 παρα-

655 471 794 524 enim
825 485 1109 539 possumus
1137 470 1355 539 angelos
1410 467 1581 536 magis
1619 465 1904 534 adiungere
1927 462 2054 525 Deo,
2094 477 2193 517 nec

653 560 925 615 daemones
955 558 1164 613 efﬁcere
1199 560 1368 629 magis
1419 559 1657 622 impuros
1691 555 1743 607 in
1769 553 2006 607 animum
2040 551 2194 606 indu—

654 648 828 702 cimus
855 664 870 703 :
896 663 1110 718 quoque
1135 658 1288 718 pacto
1314 645 1552 707 Lucifer,
1587 643 1676 711 qui
1720 656 1878 695 mane
1900 641 2192 707 oriebatur,

653 737 706 791 in
744 746 942 793 terram
993 754 1226 809 prazceps
1253 735 1406 806 533
1458 734 1695 810 dejectus
1733 732 1802 786 sit
1836 733 1907 798 ³⁸,
1955 740 2008 785 et
2047 746 2195 786 mare

657 829 876 896 quidem
904 830 1177 884 existimat
1207 827 1280 880 uti
1306 839 1398 879 vas
1431 823 1863 891 unguentarium,
1909 821 2190 875 Tartarum

651 927 830 974 autem
858 919 1036 990 abyssi
1066 916 1283 986 perinde
1307 921 1468 982 atque
1501 913 1790 981 captivum,
1821 913 1912 967 sed
1941 921 1994 965 et
2023 913 2190 980 ipsam

650 1009 906 1080 abyssum
951 1009 1113 1062 veluti
1146 1013 1492 1059 aeramentum
1529 1001 1824 1065 fervefacit,
1866 1017 2052 1056 omnes
2094 1018 2191 1056 sua

649 1100 973 1168 perturbans
1003 1095 1225 1156 malitia,
1268 1093 1624 1168 omnibusque
1675 1091 1857 1145 volens
1907 1093 2188 1160 imperare.

653 1166 851 1241 llarum
889 1185 1084 1253 quippe
1113 1197 1312 1242 rerum
1366 1166 1743 1248 contemplatio
1803 1179 1951 1232 valde
1985 1180 2191 1233 sauciat

647 1277 964 1338 daemonem,
989 1259 1308 1342 omnemque
1326 1271 1442 1340 ejus
1468 1269 1617 1340 fugat
1635 1269 2185 1332 castrametationem;

648 1365 742 1420 sed
768 1366 881 1419 haec
907 1364 1122 1434 quidem
1151 1362 1467 1430 contingunt
1498 1361 1628 1416 solis
1661 1360 1838 1429 quiete
1870 1357 2189 1427 placideque

649 1455 911 1522 purgatis,
965 1462 1017 1505 et
1070 1451 1456 1522 aliquantulum
1503 1448 1913 1516 dispicientibus
1954 1447 2188 1499 rationes

646 1554 854 1599 eorum,
886 1551 1007 1605 qua:
1035 1535 1173 1588 facta
1204 1533 1666 1607 sunt.,.Atimpuri
1699 1533 1941 1585 nesciunt
1963 1532 2184 1586 istarum

645 1640 827 1679 rerum
858 1624 1265 1692 dispectionem,
1300 1637 1398 1676 nec
1442 1622 1683 1683 audiunt,
1737 1623 1805 1676 ab
1835 1622 1956 1676 aliis
1989 1622 2184 1687 edocti,

644 1714 690 1768 si
723 1713 798 1766 illi
846 1689 1198 1777 demulceam,
1245 1723 1298 1767 ct
1327 1713 1638 1777 iucautent;
1679 1726 1800 1766 cum
1837 1709 1960 1764 belli
1993 1710 2190 1763 multus
2222 1689 2262 1743 Β

644 1794 910 1858 excitatus
961 1803 1177 1872 pulvis,
1227 1801 1490 1856 multusve
1537 1801 1794 1855 tumultus
1853 1799 1924 1852 sit
1974 1807 2190 1867 prepter

644 1895 922 1965 passiones
946 1893 1231 1949 conﬂatus.
1286 1890 1506 1960 Oportet
1529 1890 1670 1944 enim
1695 1889 1936 1953 omnino,
1987 1894 2189 1942 castra-

645 1985 986 2039 metationem
1056 1982 1478 2051 alienigenarum
1546 1978 1817 2048 paululum
1891 1978 2187 2046 quiescere,

644 2085 702 2129 ut
764 2073 1187 2129 solusGoliath
1253 2071 1444 2126 obvius
1502 2079 1590 2124 eat
1663 2077 1848 2123 nostro
1898 2067 2062 2122 David
2122 2065 2185 2120 ³⁸.

646 2166 902 2219 Similiter
925 2165 976 2219 in
1017 2163 1265 2217 omnibus
1310 2161 1536 2229 impuris
1575 2157 1987 2228 cegitationibus
2027 2157 2191 2210 haece

645 2256 926 2318 divisione,
961 2257 1168 2325 istaque
1190 2253 1310 2308 belli
1339 2251 1513 2322 specie
1540 2259 1773 2304 utamur.

1225 2363 1453 2420 CAPUT
1484 2362 1624 2417 XXI.

715 2478 779 2530 Et
803 2478 1016 2545 quidem
1041 2477 1206 2544 aliqui
1230 2478 1556 2544 impurorum
1586 2474 1889 2528 dzcmonum
1922 2472 2189 2533 hominem

647 2575 978 2638 pertentant,
1026 2574 1083 2617 ut
1113 2565 1419 2625 hominem;
1453 2563 1614 2628 aliqui
1647 2565 1774 2614 ve'ro
1814 2561 2105 2618 hominem,
2133 2567 2190 2611 ut

646 2655 844 2710 animal
865 2652 1173 2708 irrationale
1197 2650 1508 2720 perturbant
1534 2666 1547 2713 ;
1575 2656 1627 2701 et
1663 2647 1819 2716 primi
1848 2646 2063 2715 quidem
2096 2659 2188 2698 ac-

647 2745 1043 2807 cedentes,laut
1067 2754 1212 2792 vanae
1243 2737 1446 2806 gloriae,
1469 2743 1562 2788 aut
1606 2733 1889 2803 superbire,
1921 2741 2012 2785 aut
2054 2731 2191 2785 invi-

645 2833 767 2896 diae,
803 2839 896 2884 aut
919 2828 1304 2886 criminationis
1331 2825 1483 2881 nobis
1523 2823 1766 2892 injiciunt
1792 2822 2040 2890 cogitata,
2072 2835 2191 2889 qua:

646 2921 854 2976 nullum
879 2918 1330 2974 irrationabilium
1354 2923 1614 2986 tangunt;
1645 2913 1864 2968 secundi
1891 2923 2066 2966 autem
2096 2927 2191 2979 ap-

2295 457 2576 526 6άλλομεν·
2613 454 2735 507 οὔτε
2772 456 2878 527 γάρ
2909 455 3164 525 ἀγγέλους
3189 453 3305 523 Θεῷ
3344 454 3632 508 συνάπτειν
3682 458 3841 511 πλέον

2291 545 2582 616 δυνάμεθα,
2640 545 2763 597 οὔτε
2789 547 3042 612 δαίμονας
3074 543 3408 613 ἀκαθάρτους
3438 545 3635 614 μᾶλλον
3664 552 3842 602 ποιεῖν

2291 633 2715 705 προαιρούμεθα.
2743 635 2850 687 Καὶ
2872 635 2982 696 πῶς
3004 637 3030 687 ό
3066 633 3364 703 Ἐωσφόρος
3393 637 3420 686 ὁ
3439 633 3580 702 πρωῒ
3611 636 3840 687 ἀνατέλ-

2291 723 2395 777 λων
2457 726 2536 787 είς
2585 724 2683 792 τὴν
2735 724 2835 792 γῆν
2888 725 3209 794 κατερρίφη,
3251 724 3342 777 καὶ
3389 724 3583 791 ἥγηται
3611 726 3713 793 μὲν
3743 729 3841 794 τὴν

2292 815 2561 869 θάλασσαν
2581 814 2653 876 ὡς
2675 814 3036 883 ὲξάλειπτρον,
3061 816 3150 867 τὸν
3178 815 3232 867 δὲ
3257 815 3532 885 Τάρταρον
3547 815 3644 882 τῆς
3669 815 3840 867 ἀϐύσ-

2292 921 2384 956 σου
2441 903 2627 971 ὥσπερ
2683 902 3039 970 αἰχμάλωτον,
3118 904 3305 967 άναζεῖ
3366 905 3421 957 δὲ
3460 903 3570 975 τὴνί
3598 905 3840 958 ἄϐυσσον

2289 993 2473 1059 ῶσπερ
2517 990 2756 1060 χαλκίον,
2807 993 3009 1054 πάντας
3037 995 3386 1064 ἐκταράσσων
3406 994 3494 1046 διά
3520 995 3616 1062 τῆς
3640 995 3841 1056 κακίας

2289 1079 2472 1142 αὑτοῦ,
2501 1080 2594 1132 καὶ
2624 1079 2838 1132 πάντων
2873 1081 3058 1149 ἄρχειν
3084 1084 3398 1152 βουλόμενος
3425 1102 3438 1149 ;
3488 1084 3704 1136 Τούτων
3733 1087 3840 1153 γάρ

2287 1169 2393 1220 τῶν
2434 1169 2766 1238 πραγμάτων
2796 1171 2828 1238 ἡ
2874 1170 3074 1237 θεωρία
3108 1174 3244 1224 πάνυ
3282 1176 3569 1243 τιτρώσκει
3601 1175 3694 1226 τὸν
3725 1175 3840 1226 δαί-

2291 1276 2444 1326 μονι,
2500 1259 2592 1310 καὶ
2635 1260 2812 1310 πᾶσαν
2846 1247 3006 1311 αὑτοῦ
3030 1262 3128 1328 τὴν
3151 1263 3500 1333 παρεμϐολὴν
3526 1263 3838 1334 φυγαδεύει.

2300 1348 2456 1398 ’Λλᾷέι
2493 1347 2662 1398 ταῦτα
2714 1351 2809 1416 μὲν
2858 1347 2962 1399 τῶν
2984 1347 3164 1418 ἡρέμα
3197 1349 3618 1420 κεκαθαρμένων
3661 1351 3839 1420 μό·.ων

2287 1452 2370 1500 συί
2421 1436 2607 1501 ἰαίνει,
2656 1437 2748 1487 καὶ
2816 1435 3135 1504 βλεπόντων.
3209 1440 3387 1501 ποσῶς
3456 1442 3578 1501 τοὺς
3645 1439 3840 1506 λόγους

2286 1526 2391 1576 τῶν
2418 1527 2730 1593 γεγονότων.
2783 1529 2841 1580 Ol
2887 1528 2944 1580 δὲ
2967 1529 3262 1598 ἀκάθαρτοι
3307 1533 3406 1598 τὴν
3459 1531 3689 1598 θεωρίαν
3717 1531 3842 1583 τού-

2288 1633 2394 1667 των
2417 1617 2515 1669 ούκ
2554 1616 2749 1678 ἴσασιν,
2782 1618 2900 1670 οὐδὲ
2930 1619 2978 1670 εί
3017 1618 3274 1685 μαθόντες
3319 1621 3446 1690 παρ’
3473 1622 3675 1692 ἑτέρων
3711 1639 3842 1674 κατ-

2290 1708 2535 1777 επᾴδοιεν
2559 1707 2993 1775 άκουσθήσονται,
3020 1708 3210 1760 πολλοῦ
3239 1711 3536 1779 κονιορτοῦ,
3561 1713 3658 1763 καὶ
3689 1711 3844 1781 θορύ-

2290 1796 2385 1848 6ου
2437 1796 2525 1848 διὰ
2564 1795 2631 1847 τὰ
2683 1795 2826 1863 πάθη
2884 1796 3267 1865 συνισταμένου
3295 1799 3433 1850 κατὰ
3454 1799 3544 1850 τὸν
3578 1799 3852 1866 πόλεμον.-

2289 1885 2379 1934 Δεῖ
2419 1882 2526 1949 γάρ
2576 1882 2786 1943 πάντως
2830 1883 2928 1950 τὴν
2979 1884 3321 1953 παρεμϐολὴν
3373 1887 3479 1937 τῶν
3529 1879 3848 1954 ἀλλοφύλων

2292 1971 2485 2041 μικρὸν
2518 1973 2812 2042 ἠρεμῆσαι,
2864 1973 2948 2024 ἵνα
2979 1974 3140 2049 ,μόνον
3165 1977 3193 2026 ὁ
3228 1975 3416 2028 Γολιάθ
3449 1978 3737 2048 ἀπαντήσῃ
3766 1979 3842 2047 τῷ

2288 2060 2538 2128 ἡμετέρῳ
2578 2058 2755 2113 Δαϐίδ.
2798 2059 3072 2123 Ὡσαύτως
3107 2061 3162 2112 δὲ
3201 2062 3293 2113 καὶ
3323 2064 3386 2131 τῇ
3416 2062 3696 2131 διαιρέσει,
3750 2067 3844 2119 καὶ

2287 2148 2362 2218 τῷ
2414 2149 2544 2202 εἴδει
2599 2149 2770 2220 τούτῳ
2823 2150 2917 2200 τοῦ
2976 2149 3209 2218 πολέμου
3262 2150 3590 2220 χρησώμεθα
3624 2155 3718 2205 καὶ
3747 2156 3842 2208 ἐπὶ

2290 2237 2504 2290 πάντων
2530 2235 2848 2305 ἀκαθάρτων
2867 2235 3157 2310 λογισμῶν.

2849 2342 3093 2397 ΚΕΦΑΛ.
3128 2343 3255 2398 KA'.

2359 2451 2476 2503 Τῶν
2497 2450 2811 2520 ἀκαθάρτων
2829 2453 3114 2517 δαιμόνων,
3128 2455 3174 2503 oi
3206 2453 3304 2520 μὲν
3320 2457 3407 2505 τὸν
3427 2454 3520 2506 ἄνθ
3531 2471 3740 2523 ρωπον,
3766 2456 3842 2517 ὡς

2291 2535 2572 2603 ἄνθρωπον
2598 2536 3024 2603 ὲκπειράζουσιν,
3043 2537 3091 2586 οἱ
3106 2535 3157 2585 δὲ
3179 2536 3268 2586 τὸν
3293 2537 3588 2604 ἄνθρωπον,
3609 2539 3683 2600 ὡς
3705 2539 3844 2600 ζῶον

2290 2624 2475 2690 ἄλογον
2487 2607 2984 2691 ἐκταράσσουσι,καὶ
2999 2626 3045 2676 οί
3062 2624 3158 2692 μὲν
3171 2625 3370 2692 πρῶτοι
3386 2627 3843 2694 παραϐάλλοντες,

2289 2713 2641 2780 κενοδοξίας,ἣ
2661 2713 3084 2782 ὑπερηφανίας,ἢ
3108 2712 3354 2782 φθόνου,ἢ
3370 2698 3694 2783 κατηγορίας
3712 2718 3844 2784 ἡμῖν

2290 2801 2612 2870 ἐμϐάλλουσι
2633 2801 2896 2869 νοήματα,
2929 2801 3070 2870 άπερ
3098 2800 3555 2871 ούδενὸςῃάπτεται
3579 2802 3689 2853 τῶν
3723 2803 3846 2858 ἀλόο

2291 2909 2400 2959 γων
2422 2906 2435 2919 '
2470 2893 2518 2944 οί
2562 2892 2616 2942 δὲ
2645 2890 2905 2960 δεύτεροι,
2957 2890 3420 2959 προσεγγίζοντες,
3448 2890 3634 2958 θυμὸν,
3666 2891 3698 2959 ἢ
3723 2894 3845 2943 ὲπι-

645 3008 1012 3079 proximantes
1031 3013 1247 3060 movent
1265 3006 1420 3081 iram,
1445 3011 1537 3056 aut
1555 2999 2042 3068 concupiscentiam
2066 3013 2192 3066 prae-

2294 2982 2492 3049 θυμίαν
2544 2979 2692 3049 παρὰ
2739 2981 2899 3048 φύσιν
2929 2978 3154 3032 κινοῦσι.
3224 2978 3405 3031 Ταῦτα
3451 2979 3560 3047 γὰρ
3599 2982 3667 3030 τὰ
3697 2980 3841 3049 πάθη

647 3105 730 3149 ter
758 3104 1028 3148 naturam.
1075 3091 1168 3146 Hae
1212 3081 1408 3159 quippe
1444 3088 1716 3157 passiones
1750 3101 2060 3164 communes
2096 3100 2193 3138 no-

649 3188 730 3249 nis
759 3197 811 3242 et
843 3185 1242 3240 irrationalibus
1271 3182 1633 3235 animantibus
1660 3181 1946 3241 exsistunt,
1973 3178 2072 3231 sub
2106 3193 2193 3229 ra-

646 3277 832 3332 tionali
860 3286 1052 3329 natura
1082 3273 1336 3333 latentes,
1362 3268 1535 3338 534,
1564 3267 1684 3320 ideo
1710 3266 1938 3334 Spiritus
1976 3273 2192 3318 sanctus

647 3369 714 3422 ad
750 3365 1050 3420 incidentes
1080 3361 1298 3430 quidem
1345 3360 1399 3410 in
1430 3358 1695 3409 humanas
1736 3354 2081 3422 cogitationes
2107 3351 2190 3405 di-

649 3459 760 3513 cit:
790 3475 809 3508 ι
850 3454 958 3523 Ego
996 3453 1102 3507 dixi
1132 3469 1145 3505 :
1179 3450 1257 3502 Dii
1292 3447 1445 3512 estis,
1481 3457 1534 3500 et
1565 3445 1658 3498 lilii
1679 3442 1940 3497 Altissimi
1971 3456 2187 3507 omnes;

647 3562 747 3602 vos
777 3553 957 3600 autem
991 3543 1129 3596 sicut
1177 3539 1424 3593 homines
1452 3534 1773 3594 moriemini,
1801 3544 1851 3587 et
1882 3532 2022 3586 sicut
2054 3546 2192 3586 unus

649 3639 717 3695 de
742 3631 1075 3704 principibus
1105 3629 1305 3683 cadetis
1332 3627 1396 3678 ³³.
1440 3643 1458 3676 ι
1506 3624 1583 3677 Ad
1613 3638 1706 3678 eos
1748 3630 1946 3685 autem,
1990 3621 2079 3689 qui
2119 3621 2193 3672 ir-

650 3720 987 3776 rationaliter
1013 3724 1312 3775 moventur,
1347 3712 1473 3779 quid
1514 3711 1631 3763 ait?
1670 3729 1687 3760 ι
1715 3709 1886 3762 Nolite
1912 3712 2020 3762 ﬁeri
2056 3710 2195 3762 sicut

652 3824 826 3880 equus
869 3815 923 3859 et
943 3805 1142 3867 mulus,
1171 3802 1366 3870 quibus
1394 3814 1500 3852 non
1538 3806 1617 3853 est
1657 3798 1974 3850 intellectus.
2008 3797 2064 3850 In
2093 3813 2193 3862 ca—

649 3916 775 3965 mo,
814 3889 870 3952 et
904 3895 1059 3949 freno
1088 3891 1332 3945 maxillas
1371 3902 1559 3942 eorum
1600 3886 1922 3955 constringe,
1964 3886 2052 3953 qui
2087 3901 2192 3938 uon

649 3986 1024 4058 approximant
1043 3982 1110 4036 ad
1135 3989 1184 4034 te
1208 3980 1272 4032 “.
1299 3997 1316 4029 ι
1342 3979 1532 4031 Anima
1561 3990 1706 4036 vero,
1731 3989 1849 4042 quae
1876 3974 2190 4042 peccaverit,

651 4080 769 4146 ipsa
803 4074 1082 4128 morietur.
1124 4065 1462 4122 Manifestum
1487 4071 1588 4126 est,
1620 4062 1764 4131 quod
1793 4059 2036 4115 homines
2058 4061 2194 4115 sicut

650 4168 900 4224 homines
941 4162 1248 4224 morientes,
1287 4158 1353 4211 ab
1387 4154 1692 4210 hominibus
1740 4151 2098 4221 sepelicntur,
2141 4161 2194 4205 at

651 4256 765 4328 qui,
805 4263 865 4308 ut
889 4249 1226 4306 irrationales
1261 4255 1436 4299 morte
1465 4239 1935 4302 aliieiuntur,'sive
1965 4238 2188 4301 cadunt,

654 4363 686 4402 a
715 4342 1016 4400 vulturibus
1034 4348 1088 4394 et
1111 4336 1286 4392 corvis
1314 4332 1730 4395 devorabuntur,
1761 4344 1791 4384 ο
1819 4343 2049 4398 quorum
2078 4328 2194 4397 pul-

654 4435 740 4500 lis,
773 4433 825 4486 bi
848 4431 1062 4500 quidem
1091 4427 1342 4481 invocant
1381 4421 1690 4483 Dominum,
1718 4417 1809 4470 alii
1838 4429 1964 4500 vero
1991 4414 2198 4468 fmdan-

850 4475 1370 4589 ἒξὶιξῖιῖιιῖιῖιὲέ.”ρυί
1390 4475 1567 4564 habet
1601 4475 1759 4563 aures
1801 4475 2069 4566 audiendi,
2100 4518 2196 4556 au-
2259 4541 2264 4546 .

654 4614 789 4668 diat.
1071 4614 1075 4616 ⁷
1508 4678 1514 4685 η
1675 4658 1677 4660 .

1209 4715 1438 4772 CAPUT
1476 4711 1636 4767 XXII.

723 4833 948 4904 Quando
971 4832 1196 4901 impurae
1229 4829 1472 4897 quaedam
1517 4823 1866 4894 cogitationes
1895 4821 2046 4876 ocius
2082 4821 2200 4874 fue-

657 4928 768 4985 rint
797 4925 1060 4993 eﬂ'ugatze,
1102 4919 1436 4987 inquiramus
1479 4929 1720 4978 causam,
1759 4913 1900 4965 unde
1940 4910 1991 4963 id
2035 4909 2202 4964 conti-

659 5017 798 5089 gerit
824 5033 839 5069 :
863 5022 1042 5069 utrum
1077 5017 1295 5079 propter
1321 5005 1397 5059 rei
1425 5002 1727 5072 penuriam,
1766 5015 1832 5056 eo
1860 4999 2000 5068 quod
2034 5006 2201 5052 mate-

659 5109 771 5164 ries
797 5119 936 5174 aegre
962 5103 1031 5158 sit
1053 5097 1334 5171 parabilis;
1375 5102 1467 5147 aut
1515 5100 1735 5160 propter
1773 5105 1911 5155 eam,
1963 5104 2078 5156 qua:
2103 5101 2198 5140 no-

659 5199 747 5253 bis
766 5197 923 5258 inest,
956 5175 1264 5261 passionem
1290 5187 1634 5245 vacuitatem,
1673 5195 1776 5234 non
1808 5179 2197 5248 praevaluerunt

664 5286 922 5340 adversus
951 5295 1052 5334 nos
1075 5279 1318 5333 inimici?
1347 5272 1587 5341 Exempli
1625 5285 1788 5325 causa
1809 5287 1822 5322 :
1846 5268 1902 5322 Si
1928 5269 2048 5336 quis
2076 5280 2196 5319 ana-

665 5378 1024 5443 choretarum,
1074 5367 1327 5438 suggestu
1355 5363 1630 5425 daemonis,
1674 5359 1984 5415 recordatus
2012 5357 2191 5419 fuerit,

2293 3071 2444 3123 κοινά
2479 3070 2650 3138 ἡμῶν,
2677 3071 2766 3121 καὶ
2792 3069 2894 3120 τῶν
2918 3067 3304 3135 ἀλόγωνλζώων
3330 3069 3704 3136 τυγχάνουσιν,
3737 3070 3841 3120 ὑπὸ

2291 3162 2386 3228 τῆς
2436 3159 2651 3227 λογικῆς
2706 3159 3080 3226 καλυπτόμενα
3138 3157 3364 3224 φύσεως.
3417 3157 3507 3208 Διὸ
3550 3159 3700 3223 λέγει
3752 3158 3844 3209 καὶ

2290 3247 2351 3299 τὸ
2379 3249 2595 3317 Πνεῦμα
2616 3247 2675 3300 τὸ
2697 3250 2869 3314 ἅγιον,
2901 3249 3033 3316 πρὸς
3063 3248 3156 3316 μὲν
3183 3249 3294 3308 τοῖς
3306 3247 3656 3317 ἀνθρωπίνοις
3692 3264 3845 3316 περι-

2292 3335 2583 3396 πίπτοντας
2610 3336 2900 3402 λογισμοῖς,
2937 3355 2953 3385 ι
2978 3333 3114 3402 Ἐγὼ
3142 3331 3288 3387 εἶπα·
3313 3335 3433 3387 Θεοί
3461 3337 3601 3399 ὲστε,
3623 3337 3716 3385 καὶ
3743 3334 3844 3385 uio".

2302 3419 2553 3489 Ὑψίστου
2570 3422 2760 3483 πάντες
2780 3436 2795 3450 ⁸
2821 3423 2971 3490 ὑμεῖς
2985 3424 3039 3474 δὲ
3055 3424 3128 3484 ὡς
3152 3424 3420 3491 ἄνθρωποι
3448 3425 3839 3492 ἀποθνήσκετε,

2292 3513 2384 3564 καὶ
2433 3511 2506 3572 ὡς
2552 3505 2629 3572 εἷς
2679 3510 2785 3562 τῶν
2826 3510 3094 3579 ἀρχόντων
3119 3510 3404 3562 πίπτετε.»
3448 3512 3589 3578 Πρὸς
3628 3513 3683 3562 δὲ
3721 3513 3844 3572 τοὺς

2291 3601 2630 3669 κινουμένους
2656 3599 2946 3667 άλόγως,τί
2980 3613 3141 3666 φησι;
3170 3615 3190 3648 ι
3215 3599 3304 3667 Μὴ
3329 3598 3537 3664 γίνεσθε
3553 3597 3628 3659 ὡς
3658 3598 3840 3660 ἵππος,

2293 3693 2384 3744 καὶ
2415 3691 2652 3760 ἡμίονος,
2695 3686 2775 3751 οἷς
2809 3691 2907 3741 οὐκ
2945 3688 3059 3740 ἐστι
3087 3687 3292 3750 σύνεσις
3313 3729 3326 3751 ,
3355 3689 3409 3740 ὲν
3436 3687 3598 3757 κημῷ
3626 3691 3718 3740 καὶ
3743 3706 3842 3756 χα-

2292 3779 2416 3844 λινῷ
2448 3781 2541 3838 τὰς
2575 3779 2821 3844 σιαγόνας
2849 3779 3021 3831 αὐτῶν
3061 3777 3237 3844 ἄγεσι,
3264 3777 3371 3829 τῶν
3413 3779 3487 3846 μὴ
3519 3778 3841 3844 ἐγγιζόντων

2291 3868 2424 3935 πρὸς
2459 3868 2534 3920 σέ.
2564 3885 2581 3916 ι
2655 3868 2714 3918 Ἦ
2761 3865 2997 3935 δὲκψυχὴ
3025 3869 3057 3934 ὴ
3102 3867 3495 3936 ἁμαρτάνουσα,
3532 3867 3669 3935 αὕτη
3708 3868 3842 3918 ἁπο-

2293 3954 2550 4007 θανεῖται.
2611 3954 2895 4024 Πρόδηλον,
2917 3955 2996 4005 ὅτι
3019 3955 3066 4004 οἱ
3097 3953 3193 4018 μὲν
3218 3953 3484 4021 ἄνθρωποι
3523 3954 3596 4015 ὡς
3636 3954 3844 4022 ἀνθρω-

2293 4062 2380 4096 ποι
2423 4044 2878 4112 ἀποθνήσκοντες,
2931 4043 3031 4094 ὑπὸ
3075 4043 3371 4113 ἀνθρώπων
3407 4044 3757 4110 ταφήσονται,
3793 4043 3839 4092 oi

2291 4132 2348 4185 δὲ
2383 4133 2456 4194 ὡς
2511 4131 2689 4197 ἀλογοι
2744 4130 3157 4200 θανατούμενοι,
3211 4130 3326 4200 ἦτοι
3367 4130 3681 4191 πίπτοντες,
3720 4128 3841 4202 ’ὑπὸ

2293 4223 2498 4289 γυπῶν,
2549 4221 2580 4288 ἢ
2624 4221 2866 4289 κοράκων
2914 4219 3295 4288 βρωθήσονται,
3336 4211 3411 4270 ὧν
3443 4219 3491 4270 οἱ
3539 4221 3838 4279 νεοσσοὶ,οί

2222 4289 2272 4348 D
2300 4311 2396 4380 μὲν
2450 4309 2820 4362 ἐπικαλοῦνται
2855 4309 2944 4360 τὸν
3001 4307 3223 4377 Κύριον,
3279 4309 3327 4360 oi
3368 4307 3424 4358 δὲ
3491 4306 3750 4377 φύρονται
3785 4308 3840 4358 ὲν

2296 4401 2538 4470 αἵμασιν.
2593 4404 2648 4451 ὐ
2670 4400 2801 4468 ἔχων
2828 4393 2938 4452 ὦτα
2962 4399 3196 4462 ἀκούειν,
3226 4397 3480 4452 ἀκουέτω.

2881 4702 3124 4754 ΚΕΦΑΛ.
3155 4701 3278 4752 KB'.

2375 4813 2538 4863 Ὅταν
2604 4810 2741 4870 τινὲς
2788 4810 2892 4861 τῶν
2941 4809 3258 4878 ἀκαθάρτων
3319 4803 3588 4874 λογισμῶν
3635 4805 3841 4874 ταχέως

2304 4900 2730 4969 φυγαδευθῶσιν,
2796 4900 3110 4968 ζητήσωμεν
3143 4899 3238 4964 τὴν
3275 4896 3450 4948 αἰτίαν
3492 4893 3655 4945 πόθεν
3689 4894 3842 4945 τοῦτο

2305 4989 2610 5058 συμϐέϐηκε
2636 5006 2649 5019 ·
2688 4991 2907 5058 πότερον
2941 4989 3023 5039 διὰ
3056 4986 3149 5055 τὴν
3176 4987 3364 5037 σπάνιν
3381 4983 3473 5035 τοῦ
3504 4984 3839 5051 πράγματος,

2303 5079 2394 5130 τοῦ
2416 5079 2759 5147 δυσπόριστον
2788 5074 3038 5146 εἶναιτὴν
3063 5075 3211 5144 ὓλην,
3239 5075 3270 5143 ἢ
3301 5073 3387 5125 διὰ
3418 5072 3512 5142 τὴν
3541 5071 3841 5140 προσοῦσαν

2306 5171 2435 5236 ἡμῖν
2488 5171 2745 5222 ἀπάθειαν
2783 5169 2879 5217 οὐκ
2915 5167 3134 5235 ίσχυσαν
3171 5166 3290 5217 καθ’
3356 5163 3508 5233 ἡμῶν
3543 5165 3589 5213 oi
3634 5162 3838 5230 ὲχθροί;

2301 5258 2445 5327 Οἷον,
2486 5263 2536 5313 εἴ
2563 5279 2643 5322 τις
2661 5259 2765 5312 τῶν
2803 5257 3213 5326 ἀναχωρούντων
3239 5253 3559 5323 ἐνθυμηθείη
3600 5252 3703 5303 ὑπὸ
3735 5251 3841 5303 δαί-

2303 5370 2477 5423 μονος,
2507 5353 2601 5422 τῆς
2623 5349 2838 5420 πρώτης
2880 5349 3078 5409 πόλεως
3118 5345 3480 5415 πνευματικὴν
3521 5342 3839 5411 κυϐέρνησιν

739 5549 786 5583 ³³
817 5547 919 5602 lsa.
944 5559 1053 5612 xw,
1086 5541 1171 5597 l2.
1248 5540 1293 5572 “
1324 5538 1345 5592 ι
1395 5538 1524 5607 Reg.
1559 5551 1690 5600 tv”,
1728 5532 1816 5588 48.
1895 5531 1938 5564 ³³
1966 5529 2108 5584 Psal.
2143 5544 2194 5579 ιι

2291 5542 2320 5589 ι,
2346 5524 2477 5591 6,7.
2555 5525 2596 5555 ³⁸
2636 5521 2774 5576 Psal.
2814 5523 3038 5586 “31,9.
