4058 6350
735 335 866 400 1259

2178 336 2234 390 S.
2267 333 2421 391 NlLl

3744 339 3762 399 i
3775 343 3881 401 260

801 447 918 500 104.
959 443 1389 513 Quandoquidem
1448 445 1589 498 domi
1651 454 1878 508 nostrae,
1945 444 2254 509 Ecclesiam,

2429 445 2485 496 Εἰ
2521 443 2839 512 Ἐκκλησίαν
2886 449 3001 497 κατ’
3049 442 3190 499 οἷκον
3247 449 3467 512 ἕκαστος
3514 452 3612 519 τὴν
3647 451 3881 503 διανοιαν

728 546 953 589 mentem
996 535 1219 603 quisque
1254 549 1428 597 suam,
1485 533 1776 586 habemus:
1811 547 2058 600 peragere
2089 532 2245 585 etiam

728 628 976 681 debemus
1007 627 1059 678 in
1093 625 1204 693 ipsa
1235 623 1480 678 Ecclesia:
1511 624 1789 677 sacriiicia.

798 714 916 767 105.
957 714 1010 768 Si
1040 714 1306 782 peragitur
1347 713 1678 782 congregatio
1713 713 1762 763 in
1811 710 2066 773 Ecclesia,
2091 717 2142 763 et
2189 721 2245 762 tu

727 803 939 856 adesto:
972 803 1016 855 si
1054 815 1178 854 vero
1221 815 1325 853 non
1382 802 1680 868 peragitur,
1731 811 1785 853 tu
1851 801 2081 868 psallens
2121 814 2247 866 apo-

727 892 970 962 stolicn‘m
1002 889 1355 958 Evangelium.
1391 890 1551 940 abito.
2226 893 2229 896 '

799 978 914 1030 106.
940 975 1157 1030 Virtutis
1178 977 1393 1043 gloriam
1413 985 1713 1030 sanctorum
1732 976 1984 1043 aspicito:
2011 977 2243 1043 ipsorum

725 1067 872 1124 enim
901 1064 1062 1133 gloria
1099 1066 1412 1118 immortalis
1444 1074 1542 1128 est,
1574 1065 1731 1116 ctiain
1767 1071 1884 1130 post
1914 1064 2138 1117 obitum.

793 1238 911 1291 101.
953 1239 1101 1291 Tune
1146 1239 1396 1292 malitiam
1436 1240 1661 1292 maxime
1690 1239 1883 1303 oderis,
1914 1239 2126 1306 quando
2157 1253 2246 1291 co-

726 1327 916 1394 gitabis
953 1327 1088 1393 quod
1139 1327 1435 1378 daemonum
1479 1326 1546 1379 sit
1591 1326 1865 1394 iulgurans
1915 1340 2098 1379 contra
2150 1341 2245 1379 nos

724 1414 947 1482 gladius.

795 1500 910 1554 108.
952 1499 1004 1552 Si
1035 1508 1335 1567 peccantem
1369 1498 1638 1562 admones,
1675 1499 1836 1554 misce
1858 1501 2245 1566 compassinnis

719 1589 878 1641 verba
916 1604 930 1639 :
975 1596 1026 1639 et
1067 1601 1222 1640 aures
1273 1583 1624 1648 emollientur,
1671 1600 1763 1638 cor
1808 1601 1930 1641 vero
1973 1587 2245 1641 illumina-

716 1678 884 1729 hitur.

789 1766 905 1818 100.
943 1764 1074 1817 Cum
1131 1764 1267 1816 inter
1312 1773 1526 1816 sanctos
1573 1762 1824 1830 loqueris,
1869 1778 1988 1832 quae
2022 1764 2242 1832 spiritus
2276 1752 2317 1808 Β

719 1863 844 1907 simt
886 1855 1100 1920 loquere
1127 1870 1140 1904 :
1170 1852 1214 1905 si
1241 1865 1365 1904 vero
1410 1851 1604 1904 talibus
1655 1867 1758 1904 non
1793 1851 2050 1919 loquaris,
2089 1851 2154 1904 de
2178 1852 2242 1905 iis

722 1957 786 1995 ne
807 1941 1116 2009 quidquam.

789 2031 907 2083 110.
947 2031 1163 2096 Semper
1196 2029 1362 2082 bonas
1393 2028 1628 2082 actiones
1661 2044 1810 2097 urge.
1849 2028 2128 2096 nequando
2158 2043 2238 2082 re-

723 2119 859 2172 lictis
887 2118 990 2170 illis
1014 2115 1406 2183 semiperfectus
1435 2116 1613 2169 abeas.

790 2209 905 2260 111.
949 2206 1036 2259 Sic
1073 2219 1227 2258 curre
1262 2212 1321 2256 ut
1363 2205 1662 2272 assequeris
1706 2218 1962 2272 scopum:
1993 2203 2095 2257 hoc
2139 2212 2240 2268 est,

721 2296 1098 2349 indesinenter.
1152 2294 1370 2360 Oportet
1416 2294 1556 2346 enim
1589 2288 2019 2360 juxla‘virtutem
2047 2293 2240 2355 vivere,

719 2383 891 2436 donec
919 2384 1036 2433 vitae
1068 2379 1294 2432 stadium
1322 2393 1718 2446 exsuperemus.
2210 2437 2212 2443 ι

789 2470 907 2523 112.
948 2468 1022 2521 Ne
1068 2467 1141 2520 sis
1198 2468 1250 2520 in
1311 2465 1488 2518 studio
1531 2465 1896 2517 mandatorum
1938 2462 2246 2530 Dei_negli-

721 2572 889 2628 gens:
924 2557 1115 2609 talibus
1162 2554 1301 2608 enim
1351 2553 1496 2606 labor
1543 2552 1749 2616 inanis,
1804 2551 2037 2603 laborem
2085 2563 2246 2616 super

723 2648 950 2700 laborem
983 2646 1202 2713 aggerit.

793 2736 913 2787 H3.
965 2734 1276 2786 Patientiam
1331 2730 1487 2783 etiam
1538 2736 1819 2795 antequam
1879 2737 2094 2778 necesse
2143 2731 2242 2787 est,

723 2837 930 2886 exerce,
982 2829 1040 2871 ut
1091 2819 1255 2884 ipsius
1309 2825 1629 2870 armaturam
1693 2824 1930 2883 paratam
1985 2812 2244 2874 invenias,

725 2911 882 2964 etiam
905 2910 955 2961 in
994 2907 1324 2960 neeeSsitate.
1892 2964 1893 2967 η

799 2998 914 3050 111.
958 2994 1212 3062 lmprobis
1246 2991 1432 3044 resiste
1456 2987 1884 3057 cogitationibus,
1915 2993 1966 3040 et
1988 2983 2248 3053 responde

730 3089 862 3157 ipsis
889 3102 1006 3155 qua:
1036 3087 1087 3137 in
1120 3085 1231 3151 lege
1259 3082 1509 3135 dicuntur

795 3177 912 3232 115.
953 3174 1226 3244 Diligentia
1260 3171 1419 3224 multa
1442 3169 1624 3224 oculos
1653 3183 1680 3220 a
1702 3167 1808 3221 vita
1837 3167 1936 3221 hac
1966 3165 2246 3220 abstrahe:

731 3267 905 3318 fumus
941 3263 1079 3315 enim
1119 3260 1451 3336 perniciosus
1476 3273 1539 3312 ex
1571 3258 1684 3326 ipsa
1727 3255 1960 3319 veniens,
1986 3254 2248 3308 turbidam

729 3355 898 3407 reddit
923 3353 1179 3417 animam.
1770 3384 1776 3392 .

804 3441 917 3492 116.
955 3439 1013 3493 Si
1052 3437 1434 3492 consuetudine
1482 3434 1657 3500 aliqua
1702 3433 1838 3485 mala
1867 3431 2111 3485 detentus
2139 3430 2252 3483 fue-

733 3530 826 3592 ris,
871 3513 1130 3594 paulatim‘
1170 3537 1284 3574 eam
1342 3520 1584 3572 rescinde
1613 3535 1626 3569 :
1658 3524 1711 3571 et
1743 3518 1860 3570 sine
1901 3517 2012 3568 ullo
2041 3517 2253 3583 negotio

731 3619 799 3670 ab
823 3615 996 3668 anima
1021 3611 1226 3678 spinam
1253 3604 1573 3661 eradicabis.

803 3705 917 3758 117.
961 3701 1121 3754 Deum
1155 3710 1343 3766 purum
1369 3693 1737 3754 cxsislentem,
1766 3703 1897 3758 pure
1927 3701 2140 3757 quoque
2177 3685 2255 3738 di-

731 3794 872 3860 lige:
906 3798 960 3843 et
989 3801 1092 3856 pra:
1129 3798 1214 3848 co,
1244 3783 1297 3836 in
1347 3780 1595 3834 omnibus
1647 3777 1825 3831 omnia
1855 3775 2088 3830 secundo
2141 3774 2254 3826 loco

732 3876 964 3932 habenda
1001 3889 1117 3927 esse
1149 3863 1470 3925 existimato.

804 3968 918 4019 118.
958 3963 1012 4017 Si
1034 3962 1115 4016 vis
1155 3975 1274 4015 esse
1309 3957 1559 4026 templum
1593 3946 1705 4020 Dei,
1754 3952 2072 4007 sacrificium
2121 3948 2255 4002 assi-

693 4067 695 4070 ‘
733 4056 944 4112 duitatis
975 4050 1262 4121 (assiduam
1303 4046 1504 4100 scilicet
1549 4042 1865 4111 orationem)
1921 4039 2132 4094 assidue
2155 4038 2253 4107 ipsi

730 4146 940 4198 elici-as.

801 4231 919 4283 119.
961 4228 1286 4296 Negligenter
1318 4231 1372 4276 et
1401 4235 1560 4291 prave
1585 4220 1852 4273 viventem
1900 4231 1967 4271 ne
2014 4228 2258 4269 accersas

2350 533 2538 601 ἔχομεν
2553 573 2565 596 ,
2592 535 2684 584 καὶ
2705 534 2872 587 τελεῖν
2894 536 2949 587 ὲν
2967 537 3099 604 αὑτῇ
3120 538 3237 599 τοὺς
3270 539 3496 606 θεσμοὺς
3519 542 3614 608 τῆς
3652 541 3882 608 Ἐκκλη-

2354 622 2468 681 σίας
2498 622 2794 690 ὀφείλομεν.

2420 710 2480 760 Εἰ
2513 710 2739 760 τελεῖται
2777 711 2992 775 σύναξις
3029 712 3085 763 ὲν
3141 714 3445 782 Ἐκκλησίᾳ,
3480 717 3754 784 παράδαλε
3788 733 3800 747 ·
3832 718 3878 766 εἱ

2349 794 2404 846 δὲ
2431 796 2503 866 μὴ
2528 796 2774 862 τελεῖται,
2801 800 2862 850 σὺ
2895 798 3108 865 ψάλλων
3149 803 3496 855 ἁποστολικδν
3530 804 3878 872 Εὐαγγέλιον,

2350 886 2566 939 ἄπελθε.

2421 975 2526 1041 Τὴν
2553 975 2657 1026 τῶν
2685 976 2890 1043 ἀρετῶν
2911 977 3064 1040 δόξαν
3098 976 3308 1029 lxxii»)
3353 979 3520 1044 ἁγίων
3546 981 3843 1032 κατόπτευε
3866 997 3876 1007 ⁸

2350 1061 2597 1114 ἀθάνατοι
2653 1063 2757 1131 γὰρ
2807 1064 2982 1116 αὐτῶν
3033 1067 3087 1115 αί
3135 1065 3301 1134 δόξαι,
3350 1068 3440 1117 καὶ
3470 1069 3604 1134 μετὰ
3651 1068 3880 1120 θάνατον

2351 1149 2598 1215 γίνονται.

2419 1239 2526 1304 Τὴν
2560 1239 2750 1290 κακίαν
2774 1239 2886 1290 τότε
2915 1240 3186 1307 μισήσεις,
3215 1241 3340 1291 ὅταν
3372 1239 3580 1307 λογίσῃ,
3607 1241 3877 1308 δαιμόνων

2349 1326 2431 1376 ὅτι
2461 1327 2574 1377 ἔστι
2605 1328 2725 1378 καθ’
2755 1327 2907 1396 ἡμῶν
2940 1327 3289 1397 στιλϐουμένη
3313 1329 3569 1397 μάχαιρα.

2418 1495 2476 1546 El
2509 1495 2773 1556 νουθετεῖς
2800 1497 2889 1549 τὸν
2947 1497 3268 1570 πταίσαντα,
3315 1498 3520 1567 κρᾶσον
3572 1499 3878 1567 συμπαθείᾳ.

2347 1584 2416 1632 τὰ
2437 1584 2651 1651 ῥήματα
2671 1600 2683 1614 ·
2711 1587 2803 1636 καὶ
2835 1585 2899 1636 τά
2932 1587 3027 1654 μὲν
3048 1580 3158 1638 ῶτα
3193 1587 3572 1656 μαλάσσονται,
3595 1590 3635 1654 ἠ
3673 1589 3728 1640 δὲ
3748 1605 3879 1656 καρ-

2355 1670 2440 1720 δία
2477 1671 2784 1737 φωτίζεται.

2409 1760 2580 1812 ,Ὅταν
2609 1761 2665 1812 ἐν
2692 1761 2860 1826 ἁγίοις
2893 1759 3088 1822 λαλεῖς.
3124 1748 3299 1830 ἐρώτα
3326 1762 3393 1813 τὶ
3423 1761 3514 1813 τοῦ
3543 1762 3872 1830 πνεύματος·

2343 1846 2466 1899 ὅταν
2496 1846 2550 1898 δὲ
2579 1848 2652 1914 μὴ
2691 1847 2949 1910 τοιούτοις
2974 1849 3166 1910 λαλεῖς,
3196 1850 3253 1900 οὐ
3282 1849 3448 1901 ταῦτα
3472 1849 3638 1902 λάλει.

2412 2020 2520 2081 Τάς
2546 2021 2769 2090 πράξεις
2789 2022 2874 2074 ἀεὶ
2906 2021 3002 2084 τάς
3047 2023 3253 2090 ἀγαθὰς
3293 2021 3601 2086 ἐπίσπευδε,
3634 2023 3709 2092 μή
3750 2039 3876 2074 ποτε
3955 2040 3959 2043 ·

2342 2109 2646 2162 καταλιπὼν
2670 2111 2854 2177 αὑτὰς,
2877 2111 3132 2181 ἡμιτελὴς
3156 2111 3445 2182 ἀπελεύσῃ.

2409 2195 2560 2249 Οὕτω
2584 2198 2762 2266 τρέχε,
2792 2199 2878 2251 ῐνα
2902 2198 3227 2267 καταλάϐῃς,
3255 2197 3526 2251 τουτέστιν
3556 2199 3866 2262 ἀπαύστως.

2341 2286 2431 2334 Δεῖ
2486 2286 2591 2351 γὰρ
2624 2284 2720 2353 τὴν
2757 2286 2953 2353 ἀρετὴν
2983 2287 3213 2355 τρέχειν,
3254 2287 3443 2355 μέχρις
3477 2287 3542 2339 ἂν
3571 2287 3869 2358 ἐξέλθωμεν

2341 2371 2434 2422 τοῦ
2470 2373 2582 2439 βίου
2604 2373 2661 2422 τὸ
2689 2373 2915 2424 στάδιον.

2412 2462 2503 2538 Mi}
2551 2461 2698 2527 γίνου
2731 2462 2856 2531 περὶ
2896 2462 2992 2529 τὴν
3044 2461 3302 2529 ἐργασίαν
3336 2461 3441 2515 τῶν
3482 2463 3707 2516 ἐντολῶν
3734 2464 3877 2532 ὀλίγ-

2342 2565 2502 2619 ωροςο
2526 2552 2635 2610 τοῖς
2665 2551 2770 2619 γὰρ
2800 2549 3053 2613 τοιούτοις
3077 2552 3104 2602 ὁ
3133 2551 3296 2613 κόπος
3317 2551 3567 2622 ἀκερδὴς,
3598 2553 3690 2604 ἐπὶ
3713 2553 3876 2606 κόπον

2344 2640 2707 2709 προστίθεται.
3080 2681 3083 2684 .

2411 2729 2520 2797 Τὴν
2553 2728 2822 2795 ὑπομονὴν
2857 2729 2950 2779 καὶ
2984 2728 3084 2795 πρὸ
3109 2728 3206 2797 τῆς
3232 2730 3470 2800 ἀνάγκης
3518 2729 3696 2795 ἄσκει,
3730 2731 3876 2794 ὅπως

2343 2819 2506 2887 αὐτῆς
2559 2816 2721 2887 εὕρῃς
2771 2818 2862 2869 καὶ
2915 2818 2990 2870 ἐν.
3035 2821 3099 2887 τῇ
3161 2819 3372 2891 ἀνάγκῃ
3426 2821 3520 2890 τὴν
3577 2821 3875 2875 πανοπλίαν

2343 2909 2577 2976 ἕτοιμον.

2417 2993 2604 3058 Μάγου
2657 2994 2766 3052 τοῖς
2810 2994 3060 3060 πονηροῖς
3111 2991 3403 3061 λογισμοῖς,
3435 2991 3545 3056 καὶ
3575 2992 3697 3060 λέγε
3744 2993 3876 3061 πρὸς

2349 3082 2545 3146 αὐτοὺς
2573 3083 2669 3130 ὅσα
2696 3079 2771 3147 τῷ
2801 3079 2945 3147 νόμῳ
2973 3079 3226 3133 λαλεῖτατ.

2419 3169 2623 3236 Σπουδῇ
2657 3166 2822 3235 πολλῇ
2854 3169 2942 3218 τὸν
2967 3167 3234 3233 ὀφθαλμὸν
3260 3169 3322 3220 ἐκ
3343 3170 3434 3221 τοῦ
3465 3169 3577 3238 βίου
3610 3170 3876 3239 μετάστη-

2351 3276 2439 3310 σον
2459 3272 2471 3286 ’
2497 3256 2696 3318 καπνὸς
2722 3256 2826 3323 γὰρ
2858 3253 2916 3317 ἐξ
2940 3254 3100 3306 αὐτοῦ
3137 3240 3379 3326 πονηρὸς,
3413 3258 3564 3327 θολὴν
3587 3259 3683 3328 τὴν
3707 3259 3875 3328 ψυχὴν

2349 3347 2659 3400 ἀναδίδοται.
2830 3358 2842 3368 ’

2419 3437 2478 3487 Ei
2517 3434 2690 3504 φαύλῃ
2721 3432 2825 3484 τινὶ
2858 3431 3108 3500 συνηθείᾳ
3130 3432 3480 3500 κεκράτησαι,
3517 3420 3651 3500 μετά
3684 3433 3873 3500 μικρὸν

2349 3523 2614 3588 ἀπότεμνε
2645 3535 2658 3549 ’
2710 3521 2799 3571 καὶ
2852 3521 3017 3571 κόπου
3072 3520 3260 3572 πολ).οῦ
3315 3519 3500 3588 χωρὶς,
3552 3521 3648 3588 τῆς
3705 3520 3876 3587 ψυχῆς

2352 3606 2489 3658 ἀποϐ
2499 3605 2642 3666 αλεῖς
2671 3605 2767 3673 τὴν
2807 3605 3060 3669 ἄκανθαν.

2420 3693 2666 3763 Καθαρὺν
2697 3693 2821 3745 ὄντα
2854 3691 2943 3742 τὸν
2967 3691 3113 3754 Θεὸν,
3146 3685 3392 3760 καθαρῶς
3421 3693 3604 3758 ἀγάπα
3624 3708 3638 3721 ⁶
3671 3696 3759 3746 καὶ
3786 3693 3874 3744 τοῦ

2350 3784 2438 3835 ἐπὶ
2466 3784 2696 3847 πάντων,
2727 3781 2898 3833 πάντα
2924 3781 3145 3848 δεύτερα
3173 3781 3379 3849 νόμιζε.

2348 4013 2356 4020 ,
2409 3955 2482 4040 ⁸Εί
2515 3954 2682 4016 θέλεις
2724 3950 2860 4005 εἶναι
2910 3953 3032 4015 ναὸς
3073 3951 3226 4018 Θεοῦ,
3281 3953 3465 4006 θυσίαν
3515 3954 3875 4023 ἐνδελεχισμοῦ

2351 4043 2448 4112 τὴν
2481 4043 2780 4112 προσευχὴν
2809 4041 2951 4110 αὐτῷ
2983 4041 3077 4118 τῂν
3106 4041 3325 4126 διηνεκῆ
3349 4043 3643 4111 πρόσφερε.

2424 4211 2525 4265 Τὸν
2551 4211 2762 4281 ἀμελῶς
2784 4209 3016 4280 βιοῦντα,
3051 4210 3122 4278 μὴ
3148 4212 3522 4280 προσλάμϐανε
3552 4213 3872 4282 σύμϐουλον

733 4317 1120 4376 consultorem;
1185 4310 1337 4363 malis
1390 4309 1530 4362 enim
1585 4307 1851 4375 gaudens,
1903 4305 2041 4358 bona
2097 4301 2255 4358 simul

2356 4301 2384 4352 ὁ
2414 4301 2518 4368 γὰρ
2555 4304 2664 4361 τοῖς
2715 4303 2900 4379 κακοῖς
2952 4299 3167 4368 χαίρων,
3203 4300 3378 4367 ἀγαθά
3426 4303 3514 4354 καὶ
3575 4306 3752 4370 μισεῖν
3791 4305 3874 4354 καὶ

733 4401 930 4461 odisse,
967 4407 1018 4450 ct
1048 4395 1323 4449 consulere
1343 4393 1522 4446 eadem
1553 4406 1656 4444 non
1685 4390 1878 4458 petest.

806 4486 925 4541 120.
963 4486 1040 4536 Ab
1082 4483 1225 4534 omni
1275 4480 1609 4545 corruptione
1665 4478 1890 4541 abstine,
1939 4487 1992 4532 et
2025 4479 2261 4548 mysticze

2360 4387 2738 4454 συμϐουλεύειν
2759 4387 2854 4438 ούκ
2887 4386 3148 4452 ἀνέχεται.

2426 4479 2607 4546 Πάσης
2639 4479 2836 4546 ἀπέχου
2869 4477 3086 4542 φθορᾶς,
3122 4477 3211 4528 καὶ
3250 4477 3342 4529 τοῦ
3390 4477 3647 4546 μυστικοῦ
3668 4478 3871 4530 δείπνου

735 4587 918 4631 cmnar-
937 4573 1077 4625 omni
1129 4568 1215 4621 die
1265 4566 1531 4635 particeps
1584 4564 1720 4620 tias:
1756 4565 1833 4619 sic
1874 4566 2016 4619 enim
2060 4566 2258 4620 Christi

2359 4568 2534 4618 πᾶσαν
2561 4566 2765 4635 ἡμέραν
2799 4566 3009 4632 μέτεχε.
3050 4563 3200 4614 Οὕτω
3225 4564 3330 4634 γὰρ
3367 4565 3598 4634 Χριστοῦ
3629 4567 3700 4632 τὸ,
3727 4566 3872 4634 σῶμα

735 4677 930 4730 corpus
954 4667 1189 4712 nostrum
1225 4645 1334 4708 ﬁeri
1367 4651 1571 4718 incipit.

805 4752 924 4804 121.
964 4747 1018 4800 In
1065 4743 1311 4800 omnibus
1364 4738 1578 4808 quando
1624 4753 1654 4791 a
1713 4737 1818 4792 Deo
1850 4739 2158 4806 corriperis,
2199 4756 2264 4794 ne

737 4851 1028 4899 murmura,
1055 4831 1280 4900 castigat
1308 4829 1446 4882 enim
1474 4835 1530 4879 ut
1559 4837 1735 4898 pater;
1764 4825 1987 4893 ideoque
2023 4834 2080 4878 ut
2110 4827 2263 4880 bene-

739 4927 908 4982 factor
938 4923 1128 4991 dignus
1181 4929 1262 4973 est
1301 4926 1356 4970 nt
1381 4914 1668 4986 gratiarum
1717 4915 1923 4969 actione
1951 4915 2260 4970 celebretur.

807 5013 927 5068 133.
966 5009 1024 5063 Si
1061 5008 1347 5078 ignominia
1394 5005 1612 5060 aii‘eetus
1655 5004 1838 5070 fueris,
1870 5003 2072 5075 gaude:
2099 5005 2266 5073 siqui-

2357 4653 2416 4704 τὸ
2448 4652 2706 4721 ἡμέτερον
2735 4652 2957 4718 γίνεται.
3439 4706 3447 4712 _

2442 4741 2525 4791 ‘Ev
2551 4736 2628 4801 οἷς
2685 4741 2904 4811 παιδεύῃ
2957 4743 3103 4811 παρά
3133 4740 3281 4804 Θεοῦ,
3325 4742 3399 4811 μὴ
3445 4743 3672 4810 γόγγυζε
3698 4728 3738 4774 ’⁸
3763 4764 3876 4799 παις

2360 4827 2501 4880 δεύει
2555 4829 2649 4896 μὲν
2691 4830 2797 4897 γὰρ
2842 4831 2913 4891 ὠς
2963 4831 3138 4897 πατήρ
3168 4845 3180 4859 ·
3241 4830 3666 4899 εὐχαριστεῖσθαι
3712 4833 3766 4886 δὲ
3808 4833 3874 4895 ὡς

2361 4918 2646 4986 εὐεργέτης
2677 4917 2820 4968 ἐστὶν
2851 4917 3015 4979 ἄξιος.

2432 5007 2596 5058 Ὅταν
2643 5005 2962 5073 ἀτιμασθῇς,
3011 5009 3196 5075 χαῖρε·
3244 5011 3289 5060 εί
3335 5008 3430 5076 μὲν
3466 5009 3569 5077 γὰρ
3607 5008 3871 5071 ἀδίκως,6

649 5145 654 5148 -
740 5107 858 5162 dem
881 5100 1020 5156 enim
1043 5099 1256 5166 injuste,
1284 5111 1486 5150 merces
1520 5103 1609 5149 tua
1637 5095 1853 5164 copiosa
1882 5095 2022 5149 erit:
2066 5093 2110 5148 si
2141 5110 2258 5148 vero

2366 5095 2549 5164 μισθὸς
2582 5086 2772 5153 πολύς·
2808 5094 2854 5142 εί
2883 5092 2935 5144 δὲ
2960 5092 3194 5161 δικαίως,
3227 5096 3319 5148 ὲάν
3367 5099 3646 5166 σωφρονῇς
3671 5097 3876 5164 Ξκουφί-

739 5195 902 5265 iuste,
931 5197 985 5243 et
1008 5186 1051 5249 si
1083 5183 1402 5251 resipueris‘,
1437 5184 1545 5252 jam
1585 5183 1840 5237 liberatus
1881 5190 1937 5236 es
1969 5196 2000 5234 a
2037 5180 2264 5250 ﬂagello.

812 5280 934 5333 123.
968 5275 1173 5330 Umbra:
1197 5278 1248 5324 et
1271 5277 1420 5331 rotas,
1449 5279 1502 5322 et
1539 5270 1706 5324 tristia
1732 5279 1785 5325 et
1811 5271 1926 5324 lata
1955 5270 2118 5340 hujus
2149 5270 2267 5323 vita:

745 5379 992 5435 compara
1018 5382 1032 5416 :
1059 5376 1180 5415 nam
1211 5355 1652 5428 quemadmodum
1674 5360 1860 5412 umbra
1887 5373 1992 5414 non
2019 5367 2265 5424 manent,

747 5465 800 5510 ει
826 5466 882 5508 ιιι
906 5463 1022 5508 rota
1051 5459 1344 5506 vertuntur.

816 5541 934 5592 124.
974 5537 1191 5606 Semper
1223 5534 1475 5604 proﬁcere
1504 5533 1556 5587 in
1601 5532 1708 5587 Deo
1733 5547 1958 5592 conare:
1997 5537 2263 5593 modicum

2365 5183 2490 5251 σθης
2519 5183 2616 5251 τῆς
2651 5180 2923 5249 μάστιγος.

2433 5273 2563 5340 Σκιᾷ
2596 5270 2687 5322 καὶ
2711 5269 2882 5337 τροχῷ
2909 5269 3227 5340 τάλυπηρά
3268 5271 3360 5324 τοῦ
3396 5272 3508 5341 βίου
3535 5273 3628 5324 καὶ
3672 5273 3876 5339 τὰφαι-

2363 5359 2459 5429 δρά
2493 5357 2799 5428 παράϐαλλε
2829 5371 2842 5385 ο
2868 5357 2937 5419 ὠς
2970 5359 3076 5428 γὰρ
3101 5359 3224 5412 σκιά
3253 5360 3311 5412 οὗ
3345 5359 3512 5428 μένει,
3543 5358 3633 5426 καὶ
3667 5359 3740 5420 ὡς
3767 5371 3874 5430 τρο·

2366 5448 2456 5518 χδς
2493 5448 2753 5501 κυλίεται.

2447 5538 2555 5590 Ἀεὶ
2588 5538 2910 5605 προκόπτειν
2943 5535 3078 5602 κατὰ
3107 5536 3236 5590 Θεὸν
3263 5532 3547 5595 σπούδαζε.
3585 5524 3647 5585 Ὅ
3671 5530 3774 5598 γὰρ
3792 5545 3871 5596 μι-
