4058 6350
88 294 224 358 1265

1566 316 1835 376 SERMO.

3141 320 3278 382 1266

82 419 187 454 των
237 405 464 474 κτῆσιν,
517 409 817 479 προκόψασι
855 412 931 476 δὲ,
977 414 1067 466 καὶ
1095 412 1190 484 τὴν
1224 407 1422 469 τούτων
1464 416 1647 472 λοιπὸν

1749 422 1905 486 riam,
1953 421 2151 477 talibus
2188 424 2450 479 cmulceat
2491 426 2662 480 verbis
2691 426 2832 482 elTati
2881 427 3272 498 ditlicultatem;

84 490 180 543 οὐκ
218 493 634 565 ἐπιδεχομένοις
665 499 884 572 βλάϐην,
929 504 1205 575 ἐπιτρέπει
1235 506 1440 571 τούτοις
1482 509 1648 571 ἀδεῶς

86 579 249 648 αὖθις
281 589 606 658 κεχρῆσθαι,
644 593 744 647 οὐκ
769 595 848 648 ἔτι
877 597 1014 651 κατὰ
1043 599 1164 660 τοὺς
1197 599 1418 662 πολλοὺς
1443 600 1520 671 τῷ
1548 605 1647 671 ἀρ-

87 675 272 745 γυρίῳ
314 682 796 752 προσπάσχοντας,
840 686 955 740 οὐδὲ
1014 690 1341 758 νικωμένους
1392 691 1650 759 φιλαργυο

89 763 214 832 ρῑας
244 767 466 839 ἀπάτῃ,
513 773 674 841 φησὶν
721 774 850 828 καί·
905 793 925 827 ι
963 761 1131 830 Ὅταν
1173 773 1462 832 ἀπέστειλά
1513 780 1650 848 ὑμᾶς

90 853 270 920 χωρὶς
302 855 588 924 βαλαντίου
627 863 719 914 καὶ
749 863 946 933 πήρας,
1001 867 1074 935 μή
1108 884 1248 930 τινος
1283 868 1648 938 ὕστερήσατες

89 938 185 988 νῦν
215 939 288 994 δὲ.
317 943 458 1010 λέγω
484 946 630 1016 ὑμῖν*
672 949 730 1002 '0
773 950 910 1019 ἔχων
939 950 1236 1018 βαλάντιον,
1282 953 1510 1019 λαϐέτω,
1559 954 1652 1006 καὶ

91 1029 292 1096 πήραν
344 1034 561 1103 ὁμοίως.
601 1055 619 1087 ι
663 1039 806 1093 Ἔδει
839 1039 947 1110 γάρ
973 1041 1163 1103 αὐτοὺς
1199 1044 1255 1113 εν
1302 1044 1438 1113 ἀρχῇ
1490 1045 1652 1112 μηδὲν

91 1117 570 1189 ἐπιφερομένους,
617 1129 808 1197 πεῖραν
852 1128 1034 1181 λαϐεῖν
1062 1131 1158 1199 τῆς
1198 1131 1290 1183 τοῦ
1337 1133 1651 1185 διδασκάλου

92 1207 409 1277 δυνάμεως,
459 1215 836 1286 σχεδιαζούσης
874 1219 1052 1280 αὐτοῖς
1092 1219 1430 1289 καθεκάστην
1459 1223 1653 1291 ἀμερί-

95 1313 253 1364 μνως
289 1299 390 1368 τὴν
421 1303 609 1370 χρείαν
645 1304 736 1356 τοῦ
785 1306 1045 1374 σώματος.
1099 1311 1170 1363 Οὐ
1206 1311 1361 1378 μόνον
1389 1312 1442 1363 δὲ
1476 1313 1650 1376 τοῦτο,

92 1386 234 1440 ἀλλὰ
291 1391 382 1442 καὶ
431 1392 490 1443 τὸ
522 1394 626 1462 πρὸ
675 1396 867 1464 μικροῦ
912 1400 1212 1468 εἰρημένον,
1260 1401 1342 1452 ἵνα
1380 1403 1652 1471 ἐγγυμνα-

95 1476 331 1539 σῦέντες
361 1483 426 1547 τῇ
458 1481 822 1553 ἀκτημοσύνῃ,
851 1485 960 1549 ἕξιν
995 1486 1189 1555 ταύτης
1229 1487 1430 1540 λάϐωσι
1458 1490 1652 1559 δυσμε-

93 1564 416 1637 τακίνητον,
445 1570 504 1621 τὸ
523 1571 866 1640 ἀπροσπαθὲς
890 1576 1096 1637 ἑαυτοῖς
1123 1579 1238 1628 κατ’
1262 1578 1434 1645 ὀλίγον
1463 1596 1654 1649 κατορ-

94 1653 402 1721 Θώσαντες,
430 1658 516 1711 διά
539 1659 635 1730 τὴν
663 1660 888 1725 πολλοὺς
914 1665 1247 1718 ἀπολέσασαν
1271 1667 1648 1737 φιλαργυρίαν.

93 1742 250 1813 Αὕτη
304 1746 430 1817 γὰρ,
477 1723 709 1804 καὶ-τὸν
759 1723 958 1805 Ἰούδαν
1005 1755 1083 1815 εἰς
1126 1755 1184 1806 τὸ
1230 1723 1327 1825 της
1371 1723 1651 1826 προδοσίας
1683 1723 1724 1778 Β

95 1831 377 1886 κατέϐαλε
426 1835 728 1906 βάραθρον,
771 1839 1080 1892 ὲνεθίσαντα
1131 1846 1238 1904 τοῖς
1275 1845 1546 1912 χρήμασιν
1588 1851 1652 1899 ἐκ

93 1918 187 1970 τοῦ
227 1924 586 1978 πεπιστεῦθαι
610 1926 672 1979 τὸ
699 1927 798 1996 τῆς
826 1928 1090 1992 διακονίας
1116 1932 1221 1983 τῶν
1249 1935 1450 1986 πιστῶν
1476 1936 1649 2002 γλωσ-

95 2007 231 2059 σόκο
237 2026 363 2078 μον.

1747 513 1890 580 quod
1935 513 2137 567 scilicet
2182 516 2437 582 apostolis
2485 517 2856 586 incipientibus
2900 520 3112 588 quidem
3167 526 3277 590 pie-

1748 600 1870 653 tatis
1922 601 2206 670 cultusque
2244 603 2410 657 divini
2440 604 2672 658 studium
2718 604 2972 660 Dominus
3000 618 3276 674 pauperta-
3324 653 3326 656 ,

1747 695 1853 742 tem
1887 687 2180 752 mandavit,
2225 689 2408 744 volens
2459 701 2518 744 ut
2545 691 2644 746 soli
2685 703 2933 748 vacarent
2975 694 3272 748 divinarum

1746 774 2151 844 disciplinarum
2199 776 2549 842 meditationi,
2603 778 2883 848 sciensque
2917 779 3272 849 imperfectiu-

1745 865 1896 921 ribus
1925 865 2277 934 periculosam
2314 881 2432 922 esse
2471 869 2815 936 pecuniarum
2859 871 3272 938 possessionem;

1747 966 1805 1010 at
1837 956 1945 1025 jam
1976 971 2312 1026 progressum
2350 957 2687 1024 facientibus,
2727 974 3031 1028 noxamque
3059 975 3122 1013 ex
3171 961 3275 1014 illis

1749 1045 1814 1099 de
1845 1055 2037 1100 αιτιοι-ο
2070 1047 2266 1100 nullam
2302 1046 2723 1113 admittentibus,
2755 1051 3032 1118 permittit,
3065 1061 3120 1102 ut
3149 1051 3275 1119 ipsis

1751 1138 1968 1190 licenter
2023 1136 2343 1204 impuneque
2395 1136 2585 1190 iterum
2649 1146 2885 1203 utantur,
2935 1148 3118 1207 utpote
3187 1140 3276 1206 qui

1752 1239 1859 1276 non
1891 1224 2116 1293 amplius
2145 1223 2226 1291 (ut
2254 1224 2402 1278 multi
2430 1226 2683 1294 assolent)
2711 1235 2928 1295 argento
2953 1229 3280 1281 adhaeresce-

1750 1313 1878 1365 bant
1926 1327 2045 1365 cum
2089 1312 2355 1380 passione,
2395 1327 2565 1380 neque
2592 1313 2660 1367 ab
2702 1313 2938 1369 avaritiae
2969 1314 3281 1383 deceptione

1696 1461 1700 1465 ,
1751 1400 2133 1464 vincebantur;
2162 1409 2213 1452 et
2250 1400 2356 1452 ait:
2413 1418 2430 1450 ι
2459 1399 2682 1464 Quando
2730 1401 2851 1454 misi
2883 1417 2974 1455 vos
3007 1401 3122 1455 sine
3163 1418 3280 1456 sar-.—

1750 1486 1871 1540 culo
1923 1495 1976 1539 et
2005 1502 2150 1554 pera,
2187 1488 2426 1556 nunquid
2470 1488 2666 1555 aliquid
2708 1488 2874 1542 defuit
2923 1491 3106 1543 vobis?
3139 1505 3280 1542 nune

1751 1582 1926 1626 autem
1964 1573 2084 1626 dico
2124 1574 2295 1636 vobis,
2328 1574 2418 1642 qui
2465 1574 2623 1627 habet
2668 1576 2937 1627 sacculum
2977 1577 3201 1643 accipiat
3233 1585 3285 1628 et

1754 1679 1932 1732 peram
1962 1664 2290 1719 similiter”.
2312 1682 2329 1714 ι
2348 1663 2841 1734 Gportebatquippe
2860 1665 3000 1731 ipsos
3027 1666 3174 1718 initio
3202 1668 3281 1718 nis

1759 1753 1831 1804 hil
1888 1752 2345 1816 circumferendo,
2390 1753 2767 1821 experientiam
2815 1753 2990 1807 facere
3049 1753 3278 1821 Magistri

1754 1842 2035 1910 potentiae,
2079 1857 2198 1909 quae
2240 1842 2367 1910 ipsis
2410 1858 2741 1912 quaecunque
2776 1853 2926 1896 erant
2955 1843 3188 1911 quotidie
3220 1845 3283 1894 ad

1753 1935 1994 2002 corporis
2022 1933 2362 2001 indigentiam
2391 1934 2688 1987 necessaria
2707 1974 2723 1999 ,
2755 1933 3188 1986 subministrabat
3220 1948 3281 1984 ex

1753 2033 2008 2091 tempore.
2040 2020 2233 2076 Verum
2259 2036 2362 2074 non
2390 2021 2562 2075 solum
2598 2022 2717 2086 hoc,
2751 2022 2842 2074 sed
2873 2030 2924 2074 et
2960 2023 3099 2090 quod
3134 2021 3287 2088 paulo

95 2104 227 2149 ante
271 2097 474 2155 dictum
509 2101 628 2166 fuit,
661 2112 718 2158 ut
759 2105 1008 2159 nimirum
1039 2111 1362 2176 paupertatis
1397 2114 1647 2168 exercitio
1681 2114 1912 2186 probati,
1940 2112 2100 2180 hujus
2151 2110 2390 2164 habitum
2429 2120 2817 2179 compararent,
2847 2112 2937 2177 qui
3000 2113 3282 2166 ditlicultcr

96 2189 306 2242 mutari
363 2202 563 2259 posset,
617 2193 964 2265 sibimetipsis
1011 2197 1256 2266 paulatim
1307 2201 1642 2269 perlicientes
1683 2205 1993 2276 passionum
2023 2202 2336 2268 carentiarn,
2371 2211 2586 2271 propter
2641 2203 2943 2261 avaritiam,
2986 2219 3103 2270 qua:
3177 2208 3287 2272 put-

97 2277 282 2330 rimos
362 2280 622 2348 perdidit;
686 2282 799 2351 ipsa
825 2299 1052 2353 namque
1089 2296 1142 2340 et
1172 2285 1362 2342 Judam
1410 2291 1464 2344 in
1511 2291 1714 2348 foveam
1753 2293 2066 2364 proditionis
2100 2292 2206 2361 egit
2251 2291 2595 2361 przncipitcm,
2631 2293 2870 2362 pecuniis
2894 2295 3276 2355 assuefactutn,

97 2380 161 2418 ex
189 2381 262 2421 eo
290 2368 434 2437 quod
462 2369 561 2436 ipsi
587 2372 916 2440 marsupium
942 2374 1224 2428 ministerii
1254 2376 1486 2432 ﬁdelium
1516 2380 1703 2437 luisset
1727 2380 2114 2438 concreditum.

703 2505 946 2558 ΚΕΦΑΛ.
975 2506 1048 2560 B'.

170 2636 292 2688 Οὐκ
311 2631 426 2688 οἰδα
453 2635 509 2688 δὲ
530 2636 734 2699 λοιπὸν,
765 2638 892 2708 περὶ
917 2638 1032 2702 τοῦ,
1064 2659 1083 2692 r
1121 2641 1179 2694 ὐ
1212 2642 1347 2713 ἔχων
1374 2645 1644 2717 μάχαιραν

99 2724 476 2782 λαϐέτωκκατ
488 2727 516 2778 ὁ
545 2726 618 2795 μὴ
644 2725 780 2795 ἔχων
812 2728 1116 2798 πωλησάτω
1157 2732 1218 2785 τὸ
1285 2734 1493 2803 ἱμάτιον
1548 2735 1644 2788 αύ-

101 2812 223 2876 τοῦ,
267 2813 358 2865 καὶ
377 2815 695 2884 ἀγορασάτω
724 2817 1014 2888 μάχαιραν,
1063 2838 1081 2870 ι
1114 2821 1225 2883 πῶς
1252 2824 1643 2894 ἀπολογήσεται

2349 2510 2571 2566 CAPUT
2633 2508 2698 2566 ll.

1817 2612 2075 2698 Caeterum
2156 2639 2298 2691 circa
2362 2644 2501 2700 hoc,
2541 2655 2559 2687 ι
2630 2636 2732 2700 Qui
2804 2634 2961 2689 habet
3011 2637 3305 2705 gladium._

1749 2739 2007 2795 assumat,
2064 2736 2119 2783 et
2175 2727 2266 2796 qui
2342 2742 2444 2779 non
2510 2725 2688 2790 habet,
2749 2724 2944 2780 vendat
2997 2727 3286 2780 vestimen-

1749 2829 1862 2874 tum
1903 2832 2097 2882 suum,
2129 2825 2182 2871 et
2233 2823 2375 2870 emat
2415 2816 2644 2886 gladium
2671 2855 2687 2881 ,
2720 2833 2738 2867 ι
2762 2816 2944 2871 nescio
2999 2833 3281 2885 quamnam

101 2901 130 2952 δ
155 2902 259 2971 τῆς
312 2904 550 2973 ἱστορίας
577 2908 982 2977 ,προϊστάμενος
1023 2911 1324 2979 εἰρηνικοὺς
1367 2909 1503 2965 εἶναι
1552 2915 1641 2966 τοῦ

1747 2907 2067 2961 del'ensivam
2147 2905 2545 2974 responsionem
2634 2904 2817 2971 dabit,
2887 2905 2977 2976 qui
3054 2907 3304 2971 littctann

110 2990 340 3060 Κυρίου,
400 2993 495 3044 καὶ
539 2995 798 3057 ἐπιεικεῖς
844 2998 1113 3064 πανταχοῦ
1163 2998 1481 3068 βουλομένου
1515 3004 1639 3062 τοὺς

108 3080 384 3150 μαθητάς.
409 3081 540 3148 Φέρε
571 3081 633 3151 δὴ
656 3079 747 3134 οὖν
769 3083 982 3152 ῖδωμεν,
1017 3086 1130 3147 πῶς
1169 3086 1228 3139 τὸ
1264 3088 1392 3141 αὐτὸ
1417 3091 1646 3160 πρόστα-

105 3182 245 3234 γμα,
282 3166 604 3233 σωματικῶς
639 3169 755 3236 μὲν,
785 3169 1037 3240 καὶπρὸς
1077 3172 1219 3238 λέξιν
1273 3175 1420 3227 εστὶν
1449 3176 1643 3230 ἀδύνα-

103 3270 216 3319 τον,
247 3255 626 3324 πνευματικῶς
674 3257 729 3310 δὲ
775 3260 870 3313 καὶ
915 3261 1158 3325 δυνατὸν,
1213 3264 1305 3316 καὶ
1353 3265 1641 3333 ὠφέλιμον.

93 3347 316 3429 "Byrria;
346 3345 434 3398 τοῦ
462 3348 662 3410 πάθους
691 3349 974 3418 γενόμενος
999 3351 1027 3402 ὁ
1057 3351 1275 3419 Κύριος,
1309 3355 1400 3405 καὶ
1441 3354 1645 3422 μέλλων

106 3437 182 3503 τῷ
226 3435 884 3507 σταυρῷ-προσέρχεσθαι,
930 3440 1182 3509 ἐπιϐουλῇ
1223 3442 1318 3508 μὲν
1357 3442 1462 3493 τῶν
1514 3444 1643 3494 Ἰου-

107 3525 292 3585 δαίων,
319 3523 508 3594 γνώμῃ
529 3524 583 3577 δὲ
602 3527 772 3595 οἰκείᾳ
788 3526 872 3579 διά
898 3527 993 3596 τὴν
1024 3529 1285 3597 σωτήριον
1315 3531 1642 3600 οἰκονομίαν,

107 3614 276 3666 ταῦτά
340 3629 522 3682 φησιν,
570 3613 998 3684 παρασκευάζων
1075 3608 1208 3687 πρὸς
1285 3619 1460 3689 μάχην
1516 3622 1642 3684 τοὺς

111 3701 382 3771 μαθητάς,
437 3701 543 3753 τῶν
600 3703 1214 3775 άντιπαρατασσομένων
1259 3711 1326 3776 τῇ
1382 3708 1642 3776 ἀληθείᾳ,

111 3794 291 3860 μάχην
356 3792 455 3844 οὐκ
508 3792 822 3862 ὲρέσχελον.
874 3793 1105 3845 διάθεσιν
1176 3794 1645 3862 στρατηγουμένην

108 3880 284 3949 Θυμῴ,
329 3880 442 3931 ἀλλ’
499 3881 708 3945 ἀγῶνος
778 3880 1008 3949 ἅμιλλαν
1077 3879 1282 3944 ὲνοὲου,
1341 3883 1433 3933 καὶ
1489 3879 1646 3949 ζῆλον

111 3970 414 4029 θεοσεϐείας
439 3969 660 4036 ἔχουσαν
687 3969 1093 4039 πεπυρωμένον·
1118 3968 1259 4040 ἑώρα
1283 3970 1389 4042 γάρ
1412 3971 1508 4041 ἤδη
1525 3973 1646 4036 τοὺς

109 4059 346 4120 ἀναιδεῖς
365 4058 528 4121 κύνας
561 4058 842 4122 Ἰουδαίους
861 4060 1181 4123 λυσσῶντας
1214 4061 1350 4114 κατὰ
1381 4061 1478 4130 τῆς
1503 4061 1647 4124 Θείας

108 4147 469 4209 διδασκαλίας,
499 4148 590 4200 καὶ
614 4148 899 4200 καταλύειν
939 4147 1261 4211 σπεύδοντας
1293 4149 1353 4200 τὸ
1384 4151 1644 4217 σωτήριον

1748 3001 1951 3047 tutatur
2012 2990 2356 3054 historicam;
2421 3005 2541 3042 cum
2601 2989 2853 3044 Dominus
2897 2991 3056 3055 velit,
3102 2979 3334 3059 pacili-x'

1745 3097 1836 3136 cos
1885 3090 1936 3134 et
1987 3080 2243 3149 benignos
2284 3095 2402 3133 esse
2439 3079 2597 3148 578
2637 3080 2925 3149 discipulos
2961 3079 3279 3148 ubicunque.

1748 3171 1858 3240 Age
1881 3169 2040 3240 igitur
2069 3170 2359 3232 rideamus,
2382 3171 2521 3237 quod
2548 3177 2866 3237 prteceptum
2899 3169 3000 3222 hoc
3034 3185 3283 3236 corpora-

1746 3263 1886 3326 liter,
1911 3271 1961 3315 et
1989 3262 2054 3314 ad
2085 3260 2302 3314 verbum
2337 3261 2406 3312 sit
2439 3259 2787 3326 impossibile,
2818 3259 3165 3326 spiritualiter
3187 3276 3248 3311 an
3268 3289 3282 3298 ο

1744 3363 1870 3414 tem,
1891 3360 1942 3403 et
1967 3350 2238 3417 possibile,
2260 3358 2312 3401 et
2334 3348 2485 3401 utile.
2513 3347 2769 3400 Dominus
2795 3362 2913 3401 cum
2937 3364 3045 3400 suae
3068 3350 3282 3416 prOpin-

1745 3453 1881 3506 quus
1899 3446 2041 3490 esset
2060 3435 2318 3504 passioui,
2344 3444 2396 3487 et
2417 3435 2480 3486 ad
2503 3449 2713 3487 crucem
2743 3450 3058 3488 accessurus
3080 3434 3283 3510 Judzen-

1748 3545 1863 3583 rum
1889 3527 2101 3596 quidem
2139 3527 2367 3589 insidiis,
2394 3534 2450 3580 at
2480 3542 2543 3580 ex
2584 3526 2784 3596 preprii
2826 3526 2988 3579 animi
3022 3527 3281 3609 sententia

1748 3626 1962 3685 propter
2008 3616 2226 3668 humani
2274 3616 2480 3683 generis
2523 3616 2756 3669 salutare
2799 3615 3143 3684 mysterium,
3174 3616 3283 3666 bace

1747 3705 1898 3768 dicit,
1947 3719 2248 3772 przrparans
2288 3704 2353 3755 ad
2399 3705 2637 3770 praelium
2698 3705 2986 3771 discipulos
3036 3706 3282 3754 adversus

1745 3807 1837 3846 eos
1897 3791 1986 3859 qui
2036 3799 2216 3843 contra
2281 3791 2552 3843 veritatem
2611 3791 2867 3845 instructa
2923 3794 3281 3845 consistebant

1747 3881 1897 3945 acie;
1943 3879 2180 3949 praelium
2234 3878 2494 3949 (inquam)
2551 3895 2653 3934 non
2709 3881 2968 3946 rixosum,
3012 3882 3151 3951 quod
3206 3895 3284 3937 est

1747 3969 1966 4024 allectus
1998 3970 2065 4023 ab
2097 3969 2174 4022 ira
2200 4009 2215 4034 ,
2246 3978 2496 4038 tanquam
2533 3969 2698 4035 duce,
2732 3969 2965 4024 directus
2985 4009 2999 4035 ,
3035 3971 3122 4025 sed
3152 3987 3284 4038 prue-

1751 4058 1882 4110 lium
1911 4056 2112 4112 habens
2143 4057 2498 4111 contentionis
2524 4057 2716 4112 divina:
2751 4059 2983 4112 studium
3014 4059 3280 4126 quoddam

1752 4149 2068 4215 rirtuosum,
2115 4148 2392 4214 zelumque
2433 4149 2607 4201 cultus
2662 4148 2823 4202 divini
2867 4150 3042 4201 studio
3080 4147 3282 4198 inﬂam—

110 4239 389 4307 κήρυγμα,
416 4237 494 4290 διὸ
523 4239 655 4306 πρὸς
676 4239 766 4291 τὸν
792 4239 907 4291 κατ’
946 4239 1168 4291 ἐκείνων
1190 4239 1382 4300 αὐτοὺς
1426 4239 1645 4307 διαίρων

1750 4250 1950 4290 matuut
1981 4254 1997 4293 :
2039 4238 2248 4292 videbat
2275 4237 2470 4304 quippe
2509 4230 2857 4304 impudentes
2883 4253 3040 4291 canes
3070 4235 3232 4288 Judaei
3258 4252 3281 4287 s

113 4329 316 4396 ἀγῶνα,
347 4329 560 4395 ἀφεῖναι
584 4330 678 4397 μὲν
699 4323 902 4381 κελεύει
923 4328 1018 4396 τὴν
1038 4328 1301 4398 προτέραν
1330 4328 1643 4391 ἐπιείκειαν,

111 4405 304 4484 χωρεῖν
339 4414 393 4467 δὲ
429 4418 563 4484 πρὸς
593 4417 809 4483 ἔλεγχον
857 4417 961 4468 τῶν
1007 4414 1326 4484 ἀνατρέπειν
1378 4416 1645 4484 πειρωμέ-

111 4522 213 4554 νων
243 4504 339 4573 τὴν
368 4505 622 4572 ἀλήθειαν
654 4506 1015 4574 μαχιμωτέρῳ
1049 4504 1207 4573 λόγῳ.
1229 4506 1395 4572 Χρεία
1418 4507 1513 4573 μὲν
1539 4506 1644 4575 γὰρ

113 4591 185 4659 τῷ
220 4593 524 4662 Χριστιανῴ
561 4593 662 4660 πρό
686 4609 744 4659 γε
770 4594 1043 4654 ἁπάντων,
1089 4593 1381 4659 ἀναγκαίου
1419 4593 1646 4662 ἐνδύμα-

111 4696 217 4743 τος,
274 4683 371 4750 τῆς
429 4683 807 4752 προσηκούσης
854 4681 929 4751 τῷ
977 4681 1197 4749 ὀνόματι
1242 4683 1639 4746 καταττάσεως.

114 4768 323 4833 Kasta!
345 4769 450 4837 γάρ
473 4769 762 4836 ἐνδύματος
778 4771 872 4822 οὐκ
896 4769 1108 4821 ἔλαττον
1129 4769 1298 4837 σεμνὴ
1323 4770 1640 4839 καταστολὴ,

111 4855 202 4906 καὶ
229 4851 353 4924 ἦθος
381 4858 611 4920 ἐπιεικὲς
632 4859 717 4911 τὸν
749 4859 1084 4928 Χριστιανὸν,
1105 4858 1258 4927 χρεία
1279 4858 1335 4909 δὲ
1364 4859 1457 4911 καὶ
1477 4859 1644 4926 λόγων

118 4945 454 5012 ἀμυνπιρίων
503 4947 558 4998 ἐν
597 4949 769 5016 καιρῷ
816 4948 910 5014 τῆς
957 4948 1086 5016 πρὸς
1133 4947 1255 5010 τοὺς
1307 4949 1640 5017 ἐναντιουμέ-

113 5050 235 5094 νους
267 5034 461 5102 μάχης,
504 5034 588 5085 Ἐν
621 5036 716 5102 μὲν
743 5033 832 5087 οὖν
867 5037 940 5106 τῷ
994 5037 1185 5107 καιρῷ,
1219 5038 1375 5106 φησὶν
1400 5077 1414 5101 ,
1458 5031 1501 5103 ᾧ
1544 5038 1643 5089 άπ-

115 5122 322 5178 έστειλα
351 5123 492 5189 ὑμᾶς
522 5124 576 5174 ἐν
609 5123 682 5190 τῷ
732 5126 939 5194 Ἰσραὴλ
985 5127 1326 5188 διδασκάλους
1352 5126 1527 5189 καλῶς
1563 5127 1640 5178 εί-

118 5216 336 5282 ρηνικὴν
408 5213 776 5266 ὲπεδείκνυσθε
827 5215 1168 5279 κατάστασιν,
1225 5217 1357 5284 πρὸς
1403 5214 1643 5286 ὑπακοὴν

117 5304 236 5365 τοὺς
257 5301 493 5364 ἀπειθεῖς
536 5303 619 5357 διά
656 5306 750 5373 τῆς
777 5303 1022 5372 τοιαύτης
1066 5305 1309 5364 ἕλκοντες
1350 5304 1638 5370 πολιτείας,

117 5394 207 5446 καὶ
239 5393 569 5463 ὑπαγόμενοι
597 5396 728 5463 πρὸς
769 5392 825 5446 τὸ
858 5391 1099 5453 εὐπειθὲς
1133 5393 1321 5452 αὐτοὺς
1349 5394 1414 5460 τῇ
1448 5386 1638 5463 ἡμερό-

219 5548 261 5578 ⁸¹¹
295 5555 420 5610 Luc.
451 5571 580 5619 uti,
619 5554 704 5608 55.
833 5549 876 5580 ⁸⁸
897 5553 1081 5608 Matth.
1117 5569 1167 5608 κ.
1227 5556 1277 5610 (τ.

1747 4326 1856 4394 jam
1884 4335 2031 4381 actos
2077 4329 2220 4380 rabie
2255 4328 2508 4382 adversus
2552 4328 2780 4381 divinam
2824 4326 3120 4380 doctrinam
3148 4342 3281 4394 pree~

1750 4414 2066 4482 coniumque
2115 4416 2348 4470 salutare
2389 4426 2623 4469 evertere
2668 4415 3014 4481 festinantes;
3061 4416 3176 4468 ideo
3215 4418 3283 4475 ad

1750 4500 1877 4553 illud
1905 4514 2086 4555 actura
2126 4518 2217 4556 eos
2252 4485 2524 4557 certamen
2569 4519 2694 4559 suos
2740 4505 2968 4574 erigens,
3015 4506 3289 4558 dimillem

1748 4593 1959 4659 quidem
1985 4593 2137 4660 jubet
2181 4596 2406 4662 primam
2448 4595 2931 4656 mansuetudinem,
2980 4607 3032 4647 et
3071 4595 3302 4659 prmlire.

1748 4680 1815 4734 ad
1859 4682 2158 4751 arguendos
2199 4697 2311 4746 eos,
2347 4683 2439 4753 qui
2485 4685 2794 4752 pugnacinri
2836 4698 3081 4737 sermone
3118 4698 3274 4733 cena.

1747 4768 1941 4822 bantur
1959 4769 2229 4826 destruere
2255 4770 2548 4823 veritatem.
2569 4770 2772 4823 Etenim
2800 4777 2918 4821 ante
2942 4769 3116 4819 ontnia
3141 4783 3274 4836 Opus

1748 4865 1829 4910 est
1857 4856 2157 4912 Christiano
2194 4857 2504 4911 indumento
2537 4857 2870 4916 necessario,
2900 4853 3041 4920 quod
3069 4856 3271 4912 nomini

1747 4947 2070 5000 conditionis
2110 4947 2436 5009 conveniat;_
2473 4953 2629 4998 ornat
2657 4946 2848 5012 quippe
2887 4944 3287 5010 Christianum,

1750 5051 1857 5094 non
1920 5036 2093 5087 minus
2127 5035 2338 5095 vestitu,
2382 5033 2603 5085 honesta
2654 5033 2704 5085 itt
2758 5034 2936 5087 habitu
2993 5036 3281 5096 modestia,

1749 5138 2028 5190 moresque
2079 5121 2316 5173 benevoli
2369 5135 2431 5172 ac
2486 5121 2746 5174 mansueti
2798 5140 2812 5175 :
2859 5123 2949 5180 sed
3003 5133 3052 5175 et
3107 5123 3281 5186 prtelii,

1747 5222 1981 5279 tempore
2027 5217 2210 5261 centra
2257 5209 2528 5276 oppositos
2572 5211 2975 5279 propttlsatoriis
3008 5212 3270 5262 sermoni»

1745 5301 1843 5353 bus
1869 5314 2000 5366 opus
2035 5306 2133 5351 est.
2170 5296 2373 5349 Etenim
2418 5305 2649 5366 tempore
2683 5300 2872 5366 (inquit
2907 5296 2971 5365 ⁵⁸)
3003 5313 3108 5365 quo
3148 5295 3264 5350 misi

1745 5403 1838 5443 vos
1866 5386 1916 5440 iu
1949 5385 2104 5440 Israel
2133 5386 2410 5451 doctores,
2445 5387 2577 5442 bene
2626 5386 2914 5454 paciticum.
2935 5385 3267 5444 demonstra-
