4058 6350
167 387 312 448 1269

1613 372 1878 434 SERMO.

3192 358 3336 420 1270‘

166 489 405 555 ἱμάτιον,
446 488 538 539 καὶ
575 486 781 554 φθάσας
829 485 919 536 ἐπὶ
961 483 1056 551 τὴν
1103 483 1431 551 τελειότητα,
1485 482 1574 533 καὶ
1613 479 1703 529 ἐπὶ

1819 473 1965 526 testis
1993 471 2133 541 (inde
2164 467 2324 538 patet)
2348 469 2489 536 quod
2521 467 2584 532 is,
2615 465 2704 534 qui
2740 466 3012 534 pertigerit
3059 465 3123 518 ad
3153 464 3322 531 perfe-

161 577 261 628 τοῦ
291 576 534 643 δώματος
565 577 660 643 τῆς
702 573 927 640 θεωρίας
962 570 1192 624 ἀνελθὼν
1226 570 1564 638 ἐπιστρέφειν
1611 584 1702 620 κε-

1819 559 2051 620 :tionem,
2079 566 2130 608 et
2151 570 2318 623 usque
2345 555 2408 607 ad
2433 553 2894 621 contemplationis
2915 560 3106 606 tectum
3137 565 3327 605 ascen-

161 664 425 716 κώλυται.
455 664 642 729 Σαφῶς
668 663 771 729 γὰρ
798 662 1030 714 διδάσκει
1059 659 1226 726 λέγων
1257 659 1285 709 ὁ
1311 658 1532 726 Κύριος,
1581 673 1600 706 t
1636 653 1699 707 Ὀ

167 839 356 892 αὑτοῦ.
397 857 414 888 ι

766 946 986 998 ΚΕΦΑΛ
1001 983 1014 997 .
1045 943 1116 997 Δ’.

249 1061 400 1111 Ἐστι
433 1059 488 1110 δὲ
527 1057 616 1110 καὶ
653 1059 876 1126 οἰήσεως
912 1055 1154 1123 δώματα,
1203 1055 1285 1121 ἐφ’
1315 1045 1388 1107 ὧν
1421 1054 1544 1115 τοὺς
1576 1054 1708 1106 ἀνα-

172 1150 374 1208 ϐἑντας
395 1147 662 1216 μέμφεται
683 1145 847 1196 εἰπὼν
870 1148 896 1197 ὁ
918 1144 1242 1214 προφητικὸς
1262 1142 1435 1209 λόγος,
1456 1142 1672 1209 φάσκων
1690 1155 1706 1171 ⁶

175 1252 197 1285 ι
271 1234 334 1286 Τί
391 1233 633 1301 ἐγένετο,
687 1233 766 1284 ὅτι
836 1233 1029 1292 πάντες
1073 1229 1302 1299 ἀνέϐητε
1356 1232 1433 1291 εις
1485 1227 1708 1299 δώματα

179 1325 422 1390 parum;
457 1341 474 1373 ι
523 1323 594 1374 Οὐ
640 1322 746 1390 γάρ
775 1321 971 1388 ἀρετῆς
996 1316 1060 1388 ἦν
1095 1319 1222 1385 ὕψος
1253 1320 1309 1370 τὸ
1339 1318 1492 1387 δῶμα
1535 1317 1712 1379 καλῶς

176 1411 667 1478 τεθεμελιωμένης,
711 1408 843 1461 ἀλλὰ
888 1407 1070 1459 καινοῦ
1122 1408 1434 1475 φυσήματος
1492 1406 1709 1474 οἴδημα,

178 1500 459 1568 σφαλερὰν
510 1499 604 1566 τὴν
659 1499 750 1549 ἐπὶ
802 1497 892 1548 τοῦ
946 1495 1180 1547 τοιούτου
1235 1494 1508 1555 ποιοῦντος
1551 1492 1714 1561 ὕψους

174 1587 456 1654 διαγωγήν
475 1603 487 1616 ·
515 1587 572 1638 τὸ
599 1586 653 1637 δὲ
675 1585 770 1653 τῆς
790 1583 1040 1652 ἀληθείας
1057 1582 1209 1651 δῶμα
1226 1581 1451 1650 βέϐηκεν
1469 1579 1712 1647 ἐδραίως,

177 1675 384 1742 παγίαν
413 1677 532 1743 ἔχον
562 1675 656 1742 τὴν
706 1675 840 1741 μετὰ
877 1672 1093 1740 μετρίου
1128 1672 1471 1740 φρονήματος
1514 1668 1714 1720 οἰκοδο·

1799 645 1957 707 derit,
1982 652 2191 696 vetatur
2224 642 2574 696 retrocedere.
2602 641 2915 695 Luculentcr
2946 641 3210 696 enimhoe
3231 639 3326 693 do-

167 753 266 804 ἐπὶ
309 752 402 802 τοῦ
445 753 687 820 δώματος
727 752 800 820 μὴ
833 750 1198 802 καταϐαινέτω
1230 745 1358 818 ἆραι
1407 745 1465 800 τὸ
1494 746 1703 814 ῑμάτιον
1748 785 1752 788 .
1799 740 1882 787 cet
1904 730 2176 820 Dominus:
2213 729 2364 782 aiens
2421 746 2435 781 ε

1802 818 2022 874 scendat
2050 818 2233 871 tollere
2261 826 2461 872 vestem
2486 834 2636 872 suam
2669 819 2733 871 θ’.
2761 837 2779 869 ι

2492 746 2510 780 ι
2570 728 2776 794 Quicst
2813 728 2865 782 in
2906 736 3061 791 tecto,
3085 741 3188 780 non
3230 726 3326 779 de-

2346 924 2582 993 ,caru'r
2638 924 2726 979 ιν.

1874 1035 2072 1092 Verum
2096 1049 2223 1093 sunt
2243 1037 2402 1092 etiam
2429 1042 2564 1091 tecta
2594 1035 2896 1103 arrogantis
2923 1034 3330 1089 existimationis

1807 1127 1910 1190 sui,
1940 1141 2097 1194 super
2125 1141 2242 1195 quae
2284 1123 2626 1179 ascendentes
2655 1132 2872 1177 accusat
2903 1123 3055 1193 581
3107 1125 3330 1193 prophe-

1808 1219 1945 1272 ticus
1972 1232 2172 1280 sermo,
2197 1216 2382 1270 dicens
2414 1233 2427 1269 :
2468 1234 2486 1266 ι
2525 1215 2659 1279 Quid
2689 1216 2883 1268 factum
2907 1213 3026 1276 fuit,
3060 1213 3200 1280 quod
3227 1227 3334 1266 om-

1811 1323 1903 1362 nes
1942 1306 2257 1361 ascendistis
2295 1305 2349 1358 iu
2383 1314 2518 1360 tecta
2556 1320 2687 1358 vana
2713 1305 2794 1357 ⁸³2
2831 1323 2846 1355 ι
2891 1302 2997 1357 Nec
3021 1305 3160 1356 enim
3208 1302 3331 1354 illud

1809 1404 2007 1449 tectum
2047 1403 2161 1448 erat
2185 1394 2406 1448 altitudo
2433 1393 2564 1446 bene
2601 1392 2832 1446 fundatae
2872 1392 3103 1453 virtutis,
3134 1390 3222 1443 sed
3251 1397 3333 1440 tu-

1811 1497 1928 1535 mor
1954 1483 2172 1550 quidam
2200 1496 2351 1536 vana}
2388 1468 2674 1536 inflationis
2697 1520 2710 1544 ,
2742 1496 2834 1535 seu
2874 1479 3037 1532 animi
3068 1478 3330 1538 elationis,

1811 1568 2094 1624 efficientis
2117 1571 2237 1623 vita:
2269 1569 2571 1622 institutum
2600 1585 2756 1637 super
2781 1569 2868 1620 tali
2899 1568 3171 1620 altitudine
3200 1565 3336 1632 peri-

1812 1655 2075 1719 culosum,
2106 1664 2160 1707 et
2196 1654 2442 1730 lapsans;
2483 1662 2536 1707 at
2561 1653 2796 1707 veritatis
2831 1660 3145 1712 tt'ctum,est
3171 1651 3336 1703 firmi-

180 1762 449 1836 μηθείσαν
480 1762 692 1830 ἀρετὴν,
725 1760 814 1826 ἀρ’
844 1756 907 1828 ἦς
934 1762 1114 1810 πεσεῖν
1142 1761 1237 1810 οὐκ
1264 1759 1405 1830 ἔστιν
1425 1773 1438 1787 ·
1475 1757 1712 1837 στεφάνη

1819 1753 1894 1797 ter
1920 1742 2220 1806 fundatum,
2253 1756 2315 1796 ac
2362 1742 2545 1803 tixum,
2577 1741 2775 1797 habens
2805 1740 3048 1792 virtutem
3095 1738 3333 1792 stabilem

179 1851 290 1919 γὰρ
321 1849 459 1917 αὕτη
493 1849 731 1916 ἀσφαλὴς
766 1847 856 1899 τοῦ
905 1845 1146 1916 δώματος
1207 1848 1338 1908 ἐστι,
1377 1846 1575 1915 γυμνὸν
1620 1845 1713 1898 καὶ

178 1939 392 1990 ἄκακον
440 1938 550 1989 ἀνω
605 1937 694 1987 τὸν
745 1936 1028 1988 ἀνελθόντα
1071 1937 1144 1996 ὡς
1195 1939 1250 1987 ὲν
1299 1937 1375 2003 τῷ
1409 1935 1713 2002 παραδείσῳ

179 2024 552 2090 φυλάσσουσα.
584 2025 644 2089 Et
678 2023 734 2074 δὲ
764 2025 853 2074 καὶ
885 2024 957 2092 μὴ
992 2022 1311 2074 ἀποδύσαιτο
1342 2039 1422 2084 τις
1461 2022 1520 2073 τὸ
1550 2022 1714 2074 τοιοῦ-

178 2129 273 2164 τον
303 2112 534 2179 ἱμάτιον,
564 2112 905 2178 λωφήσαντος
934 2112 1026 2163 τοῦ
1056 2111 1185 2179 πρὸς
1207 2111 1272 2162 τὰ
1295 2111 1438 2179 πάθη
1461 2109 1711 2178 πολέμου,

183 2201 280 2251 καὶ
305 2200 396 2251 τὸν
423 2203 476 2251 ὲν
505 2203 620 2261 ταῖς
645 2201 854 2267 ἠθικαῖς
888 2202 1104 2266 ἀρεταῖς
1135 2200 1288 2250 πόνον
1328 2199 1400 2268 μὴ
1456 2198 1714 2266 μεταθείη

182 2289 276 2338 ἐπὶ
308 2287 367 2338 τὺ
396 2288 691 2355 κτήσασθαι
719 2286 814 2355 τὴν
832 2287 921 2338 τοῦ
953 2287 1105 2352 λόγου
1148 2286 1393 2355 δύναμιν,
1430 2287 1560 2357 μηδὲ
1591 2285 1713 2354 βού-

181 2377 346 2445 ληται
373 2378 554 2430 λοιπὸν
586 2379 807 2445 ἀκαίρου
846 2378 1002 2428 πόνου
1029 2377 1276 2429 ἀπολύειν
1306 2377 1364 2428 τὸ
1396 2378 1551 2444 σῶμα
1579 2377 1716 2445 μετὰ

182 2467 245 2518 τὸ
267 2467 556 2535 παρελθεῖν
584 2468 671 2519 τὸν
694 2469 770 2528 εἰς
809 2468 960 2519 τοῦτο
1013 2467 1099 2518 διὰ
1144 2467 1249 2518 τῶν
1277 2466 1474 2532 ἡδονῶν
1506 2467 1718 2536 ἐξυϐρί-

185 2553 368 2614 ζοντα,
397 2552 771 2620 ἐπιπλήττεται
806 2553 878 2614 ὡς
915 2554 974 2604 οὐ
1003 2553 1247 2614 δεόντως,
1284 2554 1382 2613 ἔτι,
1411 2556 1508 2622 τήν
1549 2571 1606 2606 τε
1627 2553 1716 2606 τοῦ

191 2641 408 2707 ἱματίου
454 2645 670 2710 πρᾶσιν,
714 2641 803 2691 καὶ
833 2640 926 2707 τὴν
977 2642 1071 2708 τῆς
1106 2641 1372 2707 μαχαίρας
1425 2641 1717 2709 ἀγορασίαν
1752 2709 1755 2711 _

186 2732 642 2800 ἀναϐαλλόμενος,
664 2731 740 2791 ὼς
779 2732 920 2782 ἔστιν
951 2733 1175 2784 ἀκοῦσαι
1207 2731 1298 2781 τοῦ
1324 2729 1715 2799 Παροιμιαστοῦ

187 2819 469 2886 λέγοντος·
503 2840 522 2871 ι
568 2821 810 2887 ὲὰφελοῦ
848 2822 904 2872 τὸ
955 2821 1161 2889 ἱμάτιον
1207 2819 1421 2872 σαυτοῦ·
1479 2819 1718 2888 παρῆλθε

189 2909 301 2976 γὰρ
329 2909 604 2977 ὑϐριστής.
642 2929 658 2961 ν
699 2910 809 2962 Οὐκ
842 2910 1024 2962 ἐλατον
1054 2909 1160 2978 γὰρ
1182 2911 1276 2978 τῆς
1303 2910 1360 2960 ὲν
1383 2911 1447 2978 τῇ
1486 2925 1717 2976 πρακτιη

191 2999 262 3064 κῇ
310 2997 783 3066 σκληραγωγίαςή
831 2999 951 3065 περὶ
1006 2997 1103 3065 τὴν
1145 2998 1372 3064 ἄσκησιν
1422 2996 1525 3047 τῶν
1563 2995 1721 3048 θείων

191 3084 387 3148 λογίων
424 3085 621 3153 σπουδὴ
666 3086 957 3135 καταπονεῖ
996 3083 1056 3134 τὸ
1095 3083 1271 3150 σῶμα,
1305 3083 1529 3150 παρέχει
1567 3082 1622 3134 δέ
1669 3099 1721 3133 τι

193 3173 288 3224 καὶ⁵
322 3172 478 3222 πλέον
509 3171 584 3240 τῷ
608 3172 850 3223 πονοῦντι
884 3171 1025 3239 πρὸς¹
1055 3170 1419 3240 καθαρότητα,
1475 3171 1547 3240 μὴ
1578 3171 1728 3239 ἐχού-

194 3275 299 3326 σης
332 3261 520 3328 καιρὸν
557 3265 651 3330 τῆς
678 3260 911 3323 διανοίας
942 3260 1380 3330 ἐπιστρέφεσθαι,
1413 3261 1506 3312 καὶ
1539 3259 1727 3329 σχολά-

195 3348 314 3409 ζειν
339 3352 450 3410 τοῖς
473 3350 814 3419 παρενοχλεῖν
843 3349 1081 3424 ἐθέλουσι
1112 3348 1326 3410 πάθεσι,
1364 3348 1450 3402 διὰ
1475 3349 1568 3417 τὴν
1603 3349 1728 3416 περὶ

192 3438 265 3487 τὰ
291 3439 572 3507 κρείττονα
593 3439 686 3491 τοῦ
716 3439 973 3508 λογισμοῦ
1003 3438 1340 3506 προσεδρίαν.
1400 3437 1457 3489 '0
1490 3439 1585 3505 μὲν
1622 3438 1728 3506 γὰρ

194 3525 300 3590 τῆς
326 3527 737 3595 σκληραγωγίας
756 3529 934 3589 πόνος,
951 3527 1328 3597 κεκοπωμένου
1347 3525 1439 3578 τοῦ
1460 3525 1724 3594 σώματος,

197 3613 392 3680 καιρὸν
425 3615 632 3668 δίδωσιν
655 3615 779 3678 ἴσως
807 3618 917 3679 τοῖς
957 3617 1170 3678 πάθεσι,
1204 3604 1417 3688 κινῆσαι
1453 3619 1586 3688 προς
1630 3619 1728 3680 τὰς

202 3701 341 3762 ἰδίας
375 3701 504 3765 ῦλας
535 3704 893 3772 σχολάζουσαν
930 3705 1023 3776 τὴν
1062 3707 1352 3774 ἐνθύμησιν
1379 3723 1390 3736 ο
1421 3709 1451 3774 ἡ
1499 3708 1555 3758 δὲ
1593 3709 1727 3759 θεωο

201 3789 297 3856 ρία
317 3788 433 3840 ὅλον
457 3789 588 3858 πρὸς
614 3791 808 3861 ἑαυτὴν
836 3793 1132 3860 κατέχουσα
1167 3797 1253 3845 τὸν
1286 3793 1408 3845 νοῦν
1458 3794 1730 3860 περισπῶν

203 3889 390 3939 μενον,
441 3875 500 3925 οὐ
550 3878 883 3944 παραχωρεῖ,
937 3878 992 3926 οὑ
1037 3876 1174 3941 λέγω
1219 3876 1402 3938 πάθει,
1471 3876 1583 3926 ἀλλ’
1611 3876 1726 3927 οὐδὲ

200 3959 521 4028 ἀνθρωπίνῳ
550 3960 789 4029 λογισμῷ
821 3963 951 4031 πρὸς
983 3964 1279 4028 ἀναγκαίαν
1321 3965 1449 4025 ἴσως
1481 3963 1728 4017 καλοῦντι

201 4047 411 4115 χρείαν.
451 4049 590 4118 Νικᾷ
617 4050 721 4116 γὰρ
778 4051 838 4102 οὐ
875 4048 1031 4119 μόνον
1069 4051 1258 4120 ἡδονὴν
1313 4053 1554 4122 ἐμπαθῆ,
1593 4052 1728 4104 ἀλλὰ

203 4138 304 4188 καὶ
333 4138 564 4206 φυσικὴν
592 4138 832 4207 ἀνάγκην
862 4141 894 4209 ἡ
924 4141 1020 4209 τῆς
1060 4141 1287 4210 θεωρίας
1318 4142 1495 4209 ἡδονὴ,
1524 4143 1579 4191 τὸ
1607 4157 1728 4208 τερ-

204 4225 339 4276 πνὸν
357 4225 432 4293 τῷ
459 4226 710 4295 ὠφελίμῳ
743 4228 1171 4295 συγκεκραμένον
1201 4229 1411 4296 ἔχουσα.
1441 4229 1608 4279 Τοῦτο
1635 4230 1726 4279 καὶ

1811 1846 1930 1886 cum
1960 1831 2230 1884 moderata
2257 1829 2421 1884 animi
2444 1830 2668 1882 elatione
2682 1827 3009 1888 aedificatam,
3037 1841 3063 1878 a
3090 1840 3192 1893 qua
3215 1839 3336 1892 pro-

1811 1918 1916 1971 labi
1949 1917 2068 1986 quis
2101 1932 2207 1985 non
2233 1923 2440 1986 potest;
2485 1918 2596 1970 haec
2626 1916 2821 1992 quippe
2850 1929 3094 1969 securum
3117 1924 3197 1968 est
3219 1914 3338 1966 tecti

1813 2021 2066 2060 cacumen
2105 2021 2428 2061 conservans
2469 2009 2671 2060 nudum
2706 2015 2758 2060 et
2796 2007 3130 2059 innocentem
3195 2004 3342 2066 velut

1816 2094 1866 2146 in
1897 2093 2146 2162 paradiso
2168 2110 2310 2156 eum,
2359 2095 2450 2162 qui
2493 2109 2703 2148 sursum
2734 2093 3048 2146 ascenderit.
3080 2091 3229 2156 Quod
3286 2093 3332 2144 si

1813 2184 1953 2250 quis,
1989 2183 2431 2251 interquiescente
2453 2183 2590 2237 bello
2616 2183 2875 2236 adversus
2903 2182 3203 2250 passiones,
3242 2182 3343 2232 hu-

1815 2271 2108 2339 juscemodi
2138 2280 2333 2326 vestem
2381 2286 2487 2325 non
2514 2256 2753 2333 exuerit,
2788 2271 3130 2335 laboremque
3155 2268 3206 2321 in
3233 2284 3345 2319 mo-

1815 2360 2012 2413 ralibus
2035 2359 2318 2413 virtutibus
2349 2373 2454 2411 non
2487 2358 2818 2413 transtulerit
2844 2357 2910 2410 ad
2937 2355 3342 2424 comparandam

1818 2448 1921 2499 vim
1943 2448 2207 2500 sermonis
2225 2487 2238 2511 ,
2267 2461 2368 2500 nec
2389 2446 2455 2499 de
2482 2454 2674 2500 caetero
2697 2445 2762 2498 ab
2786 2445 3153 2512 intempestivo
3173 2444 3348 2495 labore.

1817 2535 2041 2589 voluerit
2087 2549 2282 2603 corpus
2309 2536 2566 2594 liberare,
2612 2543 2886 2602 postquam
2940 2532 3250 2601 praeterierit
3299 2534 3344 2583 is

1817 2625 1905 2690 qui
1943 2624 2201 2677 adversus
2249 2624 2378 2676 illud
2427 2639 2518 2690 per
2561 2623 2851 2688 voluptates
2894 2619 3204 2672 insolentius
3233 2635 3347 2670 St‘se

1817 2712 2040 2790 extulit;
2088 2712 2174 2765 ille
2217 2712 2356 2774 talis,
2406 2711 2641 2780 inquam,
2687 2712 3010 2777 increpatur,
3071 2722 3134 2761 eo
3185 2708 3344 2775 quod,

1820 2809 1929 2853 tum
1966 2801 2127 2854 vestis
2171 2801 2471 2854 venditione
2507 2841 2521 2864 ,
2555 2810 2664 2853 tum
2704 2799 2864 2868 gladii
2915 2799 3184 2865 emptione
3219 2811 3350 2848 non-

1819 2889 1943 2941 dum
1970 2888 2214 2942 decenter
2245 2891 2314 2942 sit
2349 2890 2602 2953 indutus;
2647 2891 2720 2943 uti
2756 2889 2876 2943 licet
2905 2887 3087 2940 audire
3129 2887 3349 2938 Prover-

1823 2978 2028 3029 biorum
2080 2979 2388 3044 scriptorem
2437 2977 2701 3030 dicentem
2750 2993 2764 3029 :
2815 2995 2832 3026 ι
2879 2975 3023 3028 Tolle
3067 2975 3351 3026 vestimen-

1822 3075 1934 3120 tum
1979 3075 2145 3123 tuum,
2191 3064 2401 3116 transiit
2426 3065 2588 3125 enim,
2619 3065 2709 3131 qui
2757 3063 2914 3115 infert
2945 3060 3190 3128 injuriam
3215 3061 3276 3111 “.
3324 3077 3342 3108 ι

1823 3151 2264 3220 Quandoquidem
2320 3152 2578 3216 studium,
2613 3151 2754 3220 quod
2797 3151 2854 3203 fit
2886 3150 2937 3203 in
2981 3151 3230 3203 exercitio
3255 3148 3335 3199 di-

1825 3246 2068 3298 vinorum
2102 3256 2438 3303 sermonum,
2472 3256 2575 3292 non
2608 3241 2800 3292 minori
2847 3239 3026 3291 labore
3054 3236 3262 3289 conﬁcit
3289 3249 3353 3287 ac

1823 3333 2075 3400 defatigat
2103 3345 2313 3397 corpus,
2347 3343 2506 3396 quam
2532 3328 2827 3380 studiosum
2874 3326 3170 3378 institutum
3210 3322 3370 3389 quod.

1825 3421 1876 3473 in
1914 3421 2081 3473 activa
2116 3418 2217 3470 vita
2241 3417 2569 3469 austeritatis
2597 3417 2838 3469 habetur.
2871 3413 3009 3479 Quin
3032 3414 3188 3466 etiam
3221 3426 3354 3480 praa-
3441 3476 3447 3483 ῳ

1825 3508 1911 3561 bet
1925 3505 2141 3574 .aliquid
2183 3503 2297 3570 plus
2327 3503 2586 3556 laboranti
2617 3503 2680 3555 ad
2719 3503 2838 3555 vitze
2874 3502 3154 3568 puritatem
3184 3517 3198 3564 ;
3231 3514 3352 3551 cum

1807 3585 2124 3650 intellectus
2162 3609 2268 3645 non
2320 3593 2508 3644 habeat
2535 3601 2743 3658 tempus
2781 3591 2964 3659 pedem
3010 3588 3268 3641 referendi
3293 3603 3354 3640 ac

1829 3685 2047 3738 vacaudi
2077 3683 2410 3750 passiouibus
2452 3682 2751 3733 volentibus
2782 3681 3106 3744 perturbare,
3142 3688 3354 3745 propter

1828 3769 2273 3836 persevcrantiam
2312 3772 2364 3816 et
2421 3765 2784 3816 assiduitatem
2832 3763 3170 3829 cogitationis
3213 3765 3353 3816 circa

1827 3858 2042 3909 meliora
2070 3873 2082 3919 ;
2117 3872 2238 3908 nam
2287 3853 2436 3906 labor
2459 3863 2684 3906 austerae
2708 3853 2824 3905 vitae
2848 3891 2862 3913 ,
2910 3851 3066 3920 582
3089 3853 3212 3904 dum
3234 3867 3354 3904 cor-

1829 3964 1925 4017 pus
1966 3949 2237 4016 afiligitur,
2280 3957 2487 4014 tempus
2533 3947 2708 3999 forsan
2755 3946 2843 3999 dat
2894 3937 3251 4014 passionibus,
3296 3957 3355 3999 ut

1830 4045 2073 4091 moveant
2106 4036 2169 4091 ad
2195 4037 2436 4106 proprias
2467 4036 2761 4089 mundanas
2788 4037 2973 4089 sordes
3015 4036 3353 4097 intellectum,

1828 4127 2200 4193 contemplatio
2285 4134 2457 4177 autem
2523 4124 2587 4176 ad
2634 4125 2863 4191 seipsam
2906 4124 3143 4176 detinens
3193 4131 3355 4174 totam

1829 4223 2078 4276 mentem,
2121 4227 2452 4278 nequaquam
2496 4212 2758 4276 permittit
2787 4220 2839 4262 ut
2872 4211 3222 4270 distrahatur,
3248 4227 3352 4262 non

203 4318 234 4367 ὁ
290 4314 489 4389 Παῦλος
545 4316 697 4376 εἰδώς
740 4330 919 4384 φησιν’
949 4334 966 4364 ί
1023 4315 1085 4366 Ἦ
1132 4316 1414 4383 σωματικὴ
1461 4318 1721 4384 γυμνασία

1834 4302 1949 4352 ιιίοο
1979 4315 2008 4352 a
2054 4299 2322 4365 passione,
2369 4298 2459 4351 sed
2507 4313 2603 4349 nec
2647 4298 2713 4349 ab
2745 4297 2974 4349 humana
3017 4296 3353 4365 cogitatione,

160 4417 164 4419 ‘
209 4401 345 4469 πρὸς
377 4402 550 4468 ὀλίγον
586 4404 728 4454 ἐστὶν
751 4403 1035 4470 ὠφέλιμος,
1053 4405 1085 4469 ὴ
1114 4403 1169 4453 δὲ
1195 4403 1436 4454 εὐσέϐεια
1462 4406 1536 4465 εἰς
1563 4405 1733 4455 πάντα

207 4490 480 4560 ὠφέλιμός
501 4493 635 4553 ἐστι,
669 4491 884 4559 κάκείνῃ
914 4491 973 4541 τὸ
1007 4492 1062 4542 ὲν
1099 4490 1270 4560 καιρῷ
1300 4492 1563 4560 χρήσιμον
1595 4510 1732 4561 μαρ-

207 4579 407 4648 τυρῶν,
440 4579 720 4647 καὶταύτῃ
746 4579 913 4640 διδοὺς
949 4578 1008 4630 τὸ
1045 4579 1283 4646 διηνεκὲς
1328 4581 1423 4646 τῆς
1474 4581 1734 4647 ὠφελείας

209 4669 307 4717 καὶ
340 4668 580 4736 μόνιμον,
617 4669 735 4720 ἐπεὶ
760 4670 849 4721 καὶ
877 4670 931 4718 ἐν
960 4668 1032 4736 τῷ
1057 4669 1296 4736 μέλλοντι
1334 4670 1604 4723 πέπαυται
1637 4672 1729 4722 καὶ

208 4753 441 4818 ἄσκησις
475 4757 775 4822 σωματικὴ,
820 4749 1013 4823 γνῶσις
1069 4756 1124 4807 δὲ
1181 4757 1487 4827 προσθήκην
1522 4760 1730 4829 δέχεται

207 4840 558 4906 τελειότητος,
590 4845 694 4895 ἀπὸ
716 4846 808 4897 τοῦ
838 4847 1169 4913 διεσόπτρου,
1227 4847 1317 4897 καὶ
1362 4849 1418 4898 ἐν
1450 4849 1731 4916 αίνίγματι

215 4924 587 4990 προκύπτουσα
614 4929 704 4979 επὶ
731 4931 789 4979 τὸ
819 4933 1101 5000 πρόσωπον
1131 4916 1259 5003 δ’ρᾷν
1287 4933 1418 5002 πρὸς
1449 4934 1730 5001 πρόσωπον

213 5011 283 5060 τά
308 5010 644 5077 ἐλπιζόμενα.
1677 5021 1684 5030 “

1836 4401 2090 4444 evocante
2123 4389 2302 4444 forsan
2345 4391 2410 4442 ad
2450 4391 2806 4443 necessariam
2855 4390 3219 4458 indigentiam.
3249 4388 3357 4442 Vo-

1838 4482 2012 4548 luptas
2043 4494 2272 4548 namque
2313 4479 2770 4546 contemplationis
2813 4478 2982 4545 pellax
3025 4480 3148 4545 quid
3194 4481 3357 4546 placi-

1836 4574 2068 4636 dumque
2099 4583 2216 4621 cum
2259 4568 2370 4620 utili
2401 4575 2806 4634 altempcratum
2855 4569 3055 4622 habens
3079 4607 3094 4632 ,
3123 4578 3355 4634 superat,

1838 4674 1939 4710 non
1965 4657 2133 4708 solum
2160 4655 2477 4723 voluptatem
2511 4657 2758 4723 passione
2787 4658 3060 4720 imbutam,
3085 4656 3173 4707 sed
3198 4656 3354 4707 etiam

1839 4744 2129 4798 naturalem
2168 4743 2553 4796 neeessitatem.
2604 4744 2743 4798 Istud
2771 4761 2889 4797 eum
2925 4753 2977 4796 et
3003 4742 3200 4794 Paulus
3228 4743 3358 4793 bene

1838 4844 2038 4897 nosset,
2086 4835 2160 4884 ait
2193 4847 2204 4882 :
2243 4850 2260 4882 ‹
2295 4830 2576 4897 Corporalc
2609 4834 2913 4885 exercitium
2958 4830 3023 4882 ad
3063 4844 3248 4897 parum
3277 4839 3358 4881 cst

1838 4924 1982 4984 utile,
2019 4921 2108 4975 sed
2151 4921 2316 4987 pietas
2369 4919 2432 4970 ad
2491 4920 2666 4972 omnia
2698 4920 2839 4970 utilis
2882 4926 2964 4972 cst
3011 4918 3094 4984 ⁶⁸;
3135 4937 3153 4969 ι
3184 4927 3234 4971 et
3281 4918 3356 4969 illi
3425 4963 3432 4970 ,

1836 5018 2044 5087 quidem
2081 5018 2301 5061 testatus
2334 5009 2606 5058 utilitatem
2632 5009 2681 5058 in
2730 5017 2984 5074 tempore,
3010 5018 3062 5062 et
3093 5010 3213 5062 huic
3241 5023 3356 5074 per-

218 5108 438 5164 petuum
465 5099 760 5153 concedens
809 5118 872 5154 ac
937 5109 1149 5171 stabile,
1191 5118 1242 5162 et
1312 5109 1623 5162 duraturum
1656 5111 1721 5177 ju'

1819 5085 2060 5163 rentum;
2106 5093 2533 5163 quandoquidem
2569 5085 2704 5144 etin
2772 5091 2952 5146 futuro
2999 5096 3190 5148 saeculo
3232 5108 3353 5145 cor—

217 5184 399 5261 purale
475 5195 688 5261 quidem
772 5199 1082 5251 exercitium
1133 5211 1305 5255 cessat
1347 5219 1361 5265 ;
1406 5203 1634 5269 cognitio
1682 5218 1721 5252 re

1843 5192 2029 5261 recipit
2066 5184 2404 5254 perfectionis
2445 5184 2858 5239 additamentum
2889 5225 2903 5248 ,
2949 5184 3286 5254 progrediens
3325 5202 3353 5241 a

217 5282 422 5335 visione
441 5297 534 5350 per
556 5285 826 5352 speculum
855 5295 903 5339 et
933 5288 982 5340 in
1017 5289 1311 5359 aenigmate.
1344 5293 1408 5345 ad
1449 5291 1725 5346 videndum
1767 5291 1902 5346 facie
1931 5283 1994 5337 ad
2022 5277 2207 5331 faciem
2238 5289 2354 5342 qum
2377 5283 2676 5342 sperantur.

794 5399 846 5450 Κ
855 5398 1042 5450 ΕΦΑΛ.
1081 5396 1154 5451 E'.

300 5484 610 5537 Ἀποδυτὲον
634 5483 722 5538 οῦν
759 5487 831 5548 ὡς
870 5487 1077 5556 ῑμάτιον
1131 5487 1228 5557 τὴν
1270 5490 1578 5557 σωματικὴν
1634 5507 1729 5557 γυ-

299 5596 340 5628 ⁶²
370 5595 548 5649 Matth.
585 5611 725 5656 xxxv,
763 5594 838 5648 l7.
917 5596 958 5627 "
992 5595 1088 5650 lsa.
1124 5612 1249 5658 xxu,
1291 5595 1336 5646 l.

1413 5596 1451 5626 °'*
1479 5596 1629 5651 Prov.
1667 5613 1748 5660 xx,
1791 5600 1878 5664 l6;
1906 5610 2069 5657 ιιγιιι
2109 5591 2186 5644 ’3-

2438 5381 2660 5438 CAPUT
2697 5383 2759 5436 V.

1905 5478 2155 5535 Eruenda
2178 5478 2356 5547 igitur,
2379 5485 2624 5545 tanquam
2644 5474 2824 5536 vestis,
2844 5475 3130 5543 corporalis
3150 5475 3350 5531 exercis

2261 5591 2303 5621 ⁸³
2342 5590 2356 5641 Ι
2387 5589 2520 5641 Tim.
2555 5601 2624 5649 tv,
2656 5587 2707 5638 8.
