4058 6350
712 330 838 391 1271

2169 336 2228 392 S.
2263 336 2425 391 λιιι

3748 347 3869 409 1272

693 447 843 508 latio,
866 446 1087 511 ejusque
1109 444 1339 511 labores,
1363 455 1420 498 ut
1441 445 1667 515 pretium
1695 447 1769 501 rei
1784 448 2071 502 divendita:
2093 461 2241 503 com-

2350 447 2588 519 μνασίαν,
2639 450 2730 505 καὶ
2767 453 2887 515 τοῦς
2930 453 3142 523 ἐκείνης
3199 457 3409 522 πόνους,
3446 456 3519 520 ὡς
3568 458 3738 527 τιμῆς
3781 463 3865 514 τοῦ

693 527 957 598 parandus
971 535 1269 601 estpictatis
1284 536 1511 604 gladius,
1531 537 1621 605 qui
1660 537 1802 591 utilis
1822 537 1998 591 critad
2020 536 2235 591 faculta-

691 632 801 675 tttnt
825 624 1194 688 bonommque
1216 626 1511 677 custodiam
1533 634 1584 677 et
1605 625 1971 691 securitatem;
2009 626 2093 679 hic
2122 625 2234 695 gla-

691 709 811 761 dius
833 708 891 762 tit
910 711 1069 762 etiam
1096 710 1356 778 gloriatio,
1374 711 1635 780 gloriatio,
1656 713 1895 780 inquam,
1919 727 2025 766 non
2050 728 2236 779 super-

692 795 890 849 bientis
918 794 1037 849 stolt
1059 796 1224 851 litatis
1262 797 1493 851 exitialis
1525 797 1713 862 fastus,
1744 800 1835 855 sed
1859 799 2065 855 aﬂeetio
2090 814 2235 868 quas-

695 881 819 929 dam
850 879 1048 948 gratias
1084 895 1378 949 agnoscens
1406 884 1588 937 auxilii
1632 885 1721 938 Dei
1750 902 1763 949 ;
1802 884 1877 938 uti
1904 886 2104 939 dictum
2136 884 2236 938 fuit

693 967 759 1021 ad
797 968 1077 1039 quemdam
1118 994 1129 1020 μ
1177 987 1194 1020 ι
1231 968 1587 1041 Propugnaltit
1633 973 2006 1039 adjutortuus,
2051 982 2102 1027 et
2123 975 2235 1043 giae

692 1054 815 1111 dius
864 1056 1107 1124 gloriatio
1149 1066 1257 1122 tua,
1305 1060 1588 1129 fallentque
1632 1072 1680 1114 te
1706 1062 1917 1136 inimici
1960 1063 2058 1126 tui,
2095 1070 2148 1115 et
2176 1070 2232 1115 tu

692 1159 854 1211 super
909 1143 1040 1197 colla
1098 1160 1279 1200 eorum
1337 1150 1591 1203 aseendes
1628 1149 1689 1202 ⁸⁸.
1738 1167 1755 1200 ι
1803 1149 1892 1203 Sic
1929 1149 2236 1203 divenditur

692 1234 1085 1297 \estlmentnm,
1130 1236 1312 1304 sisque
1358 1239 1555 1292 emitur
1600 1239 1837 1308 gladius,
1892 1240 2034 1307 quod
2068 1240 2231 1292 vesti-

692 1328 929 1371 mentum
980 1329 1091 1372 tum
1144 1325 1336 1390 praebet
1387 1325 1504 1393 ejus
1550 1329 1623 1379 rei
1661 1328 2074 1394 possessionem,
2118 1342 2235 1395 qua:

694 1406 851 1476 583
890 1409 1035 1475 prius
1067 1426 1172 1463 non
1217 1413 1529 1476 habebatur,
1570 1422 1679 1467 tum
1717 1430 1802 1469 res
1841 1416 1957 1483 ipsa
1988 1416 2237 1484 perdurat

695 1514 789 1563 per
816 1499 1071 1564 habitum,
1102 1502 1221 1555 licet
1250 1502 1465 1571 provide
1495 1514 1642 1557 vacet
1665 1504 1984 1573 operationi.
2016 1505 2235 1558 Habitus

696 1582 910 1650 quippe,
948 1583 1069 1637 licet
1100 1596 1221 1654 agat
1255 1589 1420 1641 otium
1464 1589 1531 1641 ab
1575 1592 1884 1658 operatione
1920 1592 2099 1660 aliquo
2123 1602 2236 1646 ten-

694 1671 878 1735 dente,
923 1680 1187 1737 attamen,
1223 1690 1342 1728 cun.
1399 1676 1541 1731 vires
1584 1678 1770 1731 haheat
1820 1679 2232 1743 corroboratas,

2339 535 2709 604 πεπραμένον,
2738 537 2833 605 τὴν
2863 539 2959 607 τῆς
2987 541 3264 605 εὐσεϐείας
3297 544 3519 612 κτητέον
3566 546 3863 614 μάχαιραν,

2339 630 2611 699 χρησίμην
2645 631 2905 699 ἐσομένην
2935 632 3068 700 πρὸς
3118 633 3360 702 φυλακην
3393 633 3498 684 τῶν
3526 634 3877 702 ὑπαρχόντων

2340 720 2430 769 καὶ
2475 718 2789 784 ἀσφάλειαν.
2839 718 2981 787 Αὕτη
3024 721 3117 771 καὶ
3151 720 3412 788 καύχημα
3444 721 3653 786 γίνεται
3701 724 3733 790 ἠ
3772 720 3872 790 μά-

2337 824 2519 874 χαιρα,
2546 805 2801 874 καύχημα
2822 805 2919 857 οὐκ
2959 799 3283 874 ἀλαζονικῆς
3331 808 3584 869 ἀπονοίας
3629 807 3872 877 ὀλέθριον

2340 892 2622 960 φρύαγμα,
2660 892 2908 960 βοηθείας
2954 892 3010 946 δὲ
3066 893 3199 945 Θεοῦ
3254 894 3567 963 εὐχάριάτος
3609 894 3869 955 διάθεσις,

2339 979 2411 1039 ὼς
2440 981 2646 1047 εἴρηται
2679 979 2812 1048 πρός
2846 996 2985 1032 τινα·
3016 998 3035 1031 ι
3082 979 3437 1049 ’Υπερασπιεῖ
3464 983 3491 1033 ὁ
3513 981 3704 1050 βοηθός
3754 998 3869 1043 σου,

2339 1066 2488 1137 καὶὴ
2523 1068 2757 1136 μάχαιρα
2781 1067 3038 1138 καύχημά
3078 1085 3193 1133 σου,
3247 1070 3341 1122 καὶ
3386 1068 3675 1137 ψεύσονταί
3704 1086 3765 1121 σε
3826 1070 3872 1121 oi

2340 1154 2519 1225 ἐχθροί
2547 1171 2659 1215 σου,
2691 1156 2784 1207 καὶ
2814 1156 2877 1208 σὺ
2920 1156 3011 1208 ἐπὶ
3040 1157 3162 1219 τοὺς
3198 1158 3495 1226 τραχήλους
3530 1158 3706 1210 αὐτῶν
3752 1160 3873 1209 ἐπι-

2341 1244 2499 1313 ϐήσῃ.
2530 1263 2548 1294 ι
2580 1243 2762 1307 Οῦτως
2792 1245 3043 1298 πωλεῖται
3073 1246 3131 1299 τὸ
3168 1247 3393 1313 ἱμάτιον,
3430 1248 3520 1299 καὶ
3550 1248 3719 1308 οὕτως
3744 1249 3874 1311 ἀγο-

2342 1331 2557 1400 ράζεται
2585 1335 2617 1401 ἡ
2646 1334 2886 1403 μάχαιρα
2929 1332 3021 1386 καὶ
3056 1335 3242 1386 τούτου
3286 1336 3382 1404 τὴν
3416 1336 3601 1402 κτῆσιν
3635 1334 3875 1404 παρέχον

2338 1422 2435 1489 οὐχ
2455 1421 2797 1490 ὑπάρχουσαν
2818 1423 3095 1491 πρότερον,
3122 1423 3212 1474 καὶ
3236 1424 3362 1475 αὐτὸ
3396 1424 3704 1493 παραμένον
3751 1422 3875 1474 καθ’

2338 1509 2483 1571 ἕξιν,
2507 1508 2606 1560 κᾶν
2650 1508 2999 1575 οἰκονομικῶς
3032 1507 3259 1577 σχολάζῃ
3293 1510 3359 1578 τῇ
3399 1508 3665 1577 ἐνεργείᾳ.
3716 1505 3873 1568 Ἔξις

2339 1597 2445 1663 γὰρ
2475 1595 2577 1648 κᾶν
2622 1596 2819 1665 ἀργίαν
2863 1595 2985 1662 ἄγοι
3033 1597 3132 1663 τῆς
3164 1595 3555 1664 ἐπιϐαλλούσης
3591 1592 3874 1663 ἐργασίας.

2340 1684 2591 1751 ἀλλοῦνγε
2615 1684 2711 1753 τὴν
2742 1684 2962 1754 δύναμιν
2980 1684 3173 1754 ἔχουσα
3197 1685 3538 1754 ἐρρωμένην,
3572 1685 3658 1736 ὅτε
3689 1681 3878 1751 βούλε-

693 1759 909 1827 quando
945 1762 1057 1813 vult
1091 1764 1321 1830 operari,
1344 1783 1370 1814 ιι
1396 1774 1583 1818 natura
1625 1775 1985 1833 comparatam
2012 1766 2238 1820 obtinuit

2350 1790 2420 1825 ται
2462 1774 2697 1841 ἐνεργεῖν
2723 1773 3107 1841 ἀνεμπόδιστος
3135 1775 3376 1840 πέφυκεν
3399 1813 3413 1835 ,
3452 1773 3695 1840 τεχνίτου
3716 1771 3879 1839 δίκην

694 1848 1055 1913 impedimenti
1084 1851 1392 1914 carentiam,
1426 1853 1644 1907 artificis
1680 1854 1863 1919 instar,
1899 1854 1951 1906 in
2001 1856 2235 1909 materiis

695 1937 1025 1993 ostendentis
1059 1940 1293 1996 scientias
1324 1958 1432 1996 sua:
1461 1943 1812 2005 industriam,
1837 1944 1994 2014 cujus
2016 1946 2236 2000 scientia

695 2030 976 2097 quiescens
998 2032 1215 2086 minime
1255 2033 1515 2095 aboletur,
1548 2034 1591 2087 si
1629 2034 1741 2101 ipse
1788 2044 2006 2101 promer
2053 2048 2235 2086 earum

696 2118 970 2185 penuriam
1017 2118 1233 2172 otletur.
1280 2118 1483 2172 Etenim
1535 2120 1642 2183 illa,
1672 2136 1790 2187 quae
1839 2120 1942 2173 tale
1974 2121 2123 2172 exuit
2154 2134 2239 2171 ve-

697 2208 1032 2273 stimentum,
1075 2209 1366 2278 eodemque
1418 2209 1596 2263 denuo
1642 2210 1849 2279 cogitur
1906 2211 1979 2262 uti
2029 2218 2241 2277 propter

695 2296 1227 2350 cotnleseendentiam
1260 2297 1323 2349 ad
1356 2297 1794 2365 lmperteetlores,
1821 2298 2092 2365 quomodo
2115 2297 2190 2350 ait
2222 2310 2237 2347 :

701 2406 720 2433 ι
748 2385 1047 2453 Exspoliavl
1072 2400 1156 2440 me
1179 2386 1353 2440 tunica
1377 2401 1515 2449 mea,
1538 2386 1807 2454 quomodo
1834 2387 2023 2441 induar
2051 2402 2113 2440 ea
2132 2387 2199 2439 '7?
2218 2406 2234 2437 ι

694 2473 811 2527 Nisi
837 2475 956 2530 talis
983 2476 1166 2540 vestis,
1188 2475 1346 2529 etlam
1372 2475 1611 2543 deposita
1654 2484 2003 2543 permaneret,
2043 2491 2241 2530 vacans

696 2565 1012 2633 operationi,
1071 2580 1135 2621 ac
1187 2580 1278 2634 per
1311 2564 1523 2618 habitus
1560 2564 1850 2633 potentiam
1911 2565 2255 2637 subsistens,

698 2652 885 2721 Itaque
913 2651 1003 2720 qui
1031 2662 1229 2707 vestem
1261 2651 1517 2717 divendit,
1563 2651 1785 2707 omnino
1817 2651 2052 2722 gladiqu
2089 2652 2239 2714 emit,

701 2751 813 2793 tum
847 2742 986 2793 illam
1024 2742 1245 2794 minime
1270 2741 1522 2794 amittens
1546 2780 1560 2802 ,
1592 2749 1703 2793 tum
1735 2742 1893 2794 istum
1938 2740 2239 2808 acquirens.

705 2828 901 2902 Verum
953 2830 1166 2898 qualem
1223 2829 1454 2897 gladium
1492 2828 1663 2883 emit?
1704 2830 1781 2883 An
1828 2829 1996 2891 illum,
2030 2829 2097 2882 de
2137 2844 2242 2897 quo

702 2920 946 2975 Christus
970 2920 1043 2973 ait
1081 2936 1094 2972 :
1128 2938 1146 2970 ι
1180 2918 1292 2973 Non
1324 2919 1439 2972 veni
1490 2920 1698 2973 mittere
1745 2918 1947 2984 paceit,
1989 2919 2079 2971 sed
2114 2920 2241 2987 gla-

2340 1865 2397 1915 ἐν
2444 1866 2563 1924 ταῖς
2610 1862 2763 1925 ὕλαις
2802 1862 3237 1931 ἐπιδεικνυμένου
3282 1861 3378 1931 τὴν
3421 1861 3521 1929 τῆς
3565 1859 3879 1928 ἐπιστήμης

2338 1952 2634 2022 ἀκρίϐειαν,
2660 1952 2859 2021 ἀπορίᾳ
2897 1952 2952 2004 δὲ
2991 1950 3191 2003 τούτων
3220 1949 3533 2021 ἀργοῦντος,
3560 1946 3871 2018 ἡσυχαζού-

2341 2054 2460 2105 σης,
2488 2039 2585 2090 οὐκ
2604 2037 2997 2105 ἀφανιζομένης
3021 2036 3120 2104 τῆς
3164 2037 3485 2105 ἐπιστήμης.
3537 2035 3660 2097 Πῶς
3700 2034 3812 2103 γὰρ
3840 2034 3881 2102 ἡ

2336 2124 2399 2177 τὸ
2434 2125 2666 2177 τοιοῦτον
2692 2124 3071 2193 ἀποδυσαμένη
3108 2124 3339 2193 ἱμάτιον,
3386 2124 3477 2175 καὶ
3519 2124 3678 2176 πάλιν
3720 2122 3877 2190 αὑτῷ

2340 2213 2637 2283 κεχρῆσθαι
2670 2212 2758 2266 διὰ
2793 2212 2890 2282 τὴν
2928 2213 3063 2281 πρὸς
3084 2212 3210 2275 τοὺς
3235 2212 3616 2281 ἀτελεστέρους
3663 2227 3877 2273 συγκα-

2339 2302 2566 2355 τάϐασιν
2594 2300 3028 2370 ἀγτγκαζομένη,
3066 2301 3260 2370 φησιν’
3298 2320 3317 2352 ι
3372 2300 3735 2369 Ἐξεδυσάμην
3776 2298 3880 2350 τὸν

2339 2380 2537 2457 χιτῶνά
2561 2404 2681 2456 μου,
2718 2387 2831 2447 πῶς
2852 2386 3148 2454 ἐνδῦσωμαι
3169 2386 3354 2437 αὐτόν·
3389 2402 3407 2437 ι
3449 2387 3497 2436 εί
3524 2386 3595 2453 μὴ
3627 2385 3717 2436 καὶ
3742 2400 3886 2449 παρτ

2342 2477 2498 2541 έμενε
2525 2474 2585 2525 τὸ
2611 2474 2843 2526 τοιοῦτον
2868 2474 3097 2543 ίμάτιον,
3122 2472 3374 2543 σχολάζον
3404 2477 3468 2544 τῇ
3498 2474 3745 2543 ἐνεργείᾳ
3787 2473 3885 2525 καὶ

2341 2565 2579 2633 ὑπάρχον
2620 2563 2841 2632 δυνάμει
2902 2563 3000 2633 τῆς
3046 2562 3237 2629 ἐξεωςς
3288 2565 3345 2617 '0
3377 2558 3466 2617 οὖν
3507 2563 3761 2631 πωλήσας
3812 2562 3879 2614 τὸ

2343 2653 2553 2722 ίμάτιον
2579 2652 2791 2704 ὠνεῖται
2827 2649 3040 2713 πάντως
3077 2651 3175 2721 τὴν
3219 2650 3509 2721 μάχαιραν.
3554 2652 3775 2702 κακεῖνο
3804 2649 3885 2718 μὴ

2341 2742 2661 2810 ἐκποιήσας,
2710 2741 2805 2792 καὶ
2852 2739 3007 2793 τοῦτο
3073 2738 3431 2810 κτησάμενος.
3479 2739 3767 2807 Μάχαιραν
3818 2738 3882 2789 δὲ

2339 2832 2591 2900 ἠγόρασε,
2614 2829 2801 2891 ποίαν,
2849 2828 2882 2897 ἢ
2928 2828 3054 2896 περὶ
3080 2823 3146 2898 ἧς
3182 2827 3210 2878 ό
3238 2825 3468 2896 Χριστός
3494 2840 3676 2893 φησιν’
3714 2842 3731 2873 ι
3767 2823 3887 2875 Οὐκ

2340 2917 2499 2989 ἦλθον
2530 2919 2705 2987 βαλεῖν
2734 2919 2976 2987 εἰρήνην,
3031 2916 3160 2967 ἀλλά
3194 2915 3501 2985 μάχαιρανς
3542 2931 3558 2964 t
3607 2913 3888 2982 μάχαιραν

703 3009 849 3062 dium
880 3009 961 3060 “2'
1006 3028 1024 3059 ι
1074 3008 1544 3077 gladium'vocans
1588 3007 1984 3077 praedicationis
2038 3024 2243 3063 sermo-

2350 3010 2521 3062 καλῶν
2558 3009 2647 3059 τὸν
2691 3006 2780 3059 τοῦ
2805 3006 3151 3076 κηρύγματος
3170 3004 3323 3072 λόγον
3345 3019 3359 3033 ο
3378 3002 3451 3065 ὡς
3466 3001 3572 3071 γὰρ
3588 3004 3621 3070 ὴ
3644 3002 3890 3104 μάχαιρα

704 3116 849 3156 nem.
884 3098 953 3155 Ut
984 3100 1357 3169 enim'gladius
1388 3099 1577 3153 dividit
1604 3114 1662 3152 ea
1692 3114 1810 3167 qua:
1840 3112 2026 3153 mutuo
2052 3108 2177 3153 sunt
2215 3114 2243 3151 a

2350 3097 2542 3166 διαιρεῖ
2570 3094 2637 3146 τὰ
2668 3093 3079 3162 συμπεφυκότα,
3113 3092 3205 3145 καὶ
3233 3091 3292 3143 τδ
3314 3088 3532 3159 συνεχὲς
3573 3088 3727 3157 σῶμα
3766 3087 3890 3139 δια-

706 3199 897 3245 natura
938 3203 1198 3253 connexa,
1227 3198 1278 3242 et
1321 3202 1516 3256 corpus
1566 3188 1881 3241 continuum
1937 3188 2166 3241 dissecat
2195 3187 2244 3238 in

706 3290 918 3351 partes;
962 3281 1033 3336 ita
1073 3295 1251 3334 sermo
1290 3277 1686 3349 prmdicationis
1721 3278 1774 3331 in
1814 3291 2247 3344 unamquamque

710 3372 923 3426 domum
965 3372 1219 3426 accedens
1252 3412 1265 3435 ,
1323 3379 1447 3423 tunc
1481 3384 1592 3434 eos,
1638 3368 1725 3437 qui
1761 3368 1895 3423 male
1937 3376 2087 3421 erant
2114 3367 2246 3421 uniti

712 3478 805 3532 per
834 3462 1215 3524 inﬁdelitatem,
1242 3461 1306 3533 ab
1338 3459 1562 3513 invicem
1596 3457 1870 3521 discindit,
1902 3457 2069 3510 tilium
2103 3472 2129 3509 a
2156 3472 2250 3523 pa—

711 3563 814 3608 t'c.
841 3551 999 3603 tiliam
1030 3565 1061 3602 a
1090 3559 1277 3611 matre,
1310 3559 1361 3600 et
1385 3561 1634 3615 sponsam
1678 3559 1707 3596 a
1760 3559 1917 3597 socru
1955 3543 2252 3595 dirimendo

715 3662 779 3698 ac
839 3642 1225 3705 dissociando,
1292 3641 1568 3709 ipsamque
1636 3646 1879 3690 naturam
1937 3634 2252 3688 dissecando

716 3734 1114 3791 demonstrabat
1143 3733 1299 3788 tinem
1330 3729 1721 3801 praedicationis
1754 3725 2043 3781 Dominicce
2068 3764 2081 3789 ,
2111 3723 2252 3794 quod

716 3823 869 3880 valde
894 3821 1091 3874 Utiliter
1150 3829 1202 3873 et
1230 3819 1293 3872 ad
1322 3819 1597 3872 hominum
1630 3813 1969 3869 commodum
1994 3814 2251 3883 jusserat,

720 3923 778 3967 ut
800 3911 1021 3982 apostoli
1053 3909 1284 3979 gladium
1318 3907 1635 3977 acciperent.

1310 4018 1529 4074 CAPUT
1590 4018 1671 4071 \l.

793 4134 982 4189 Statim
1013 4132 1173 4201 igitur
1211 4128 1399 4182 Petrus
1434 4127 1722 4195 respondit.
1772 4128 1904 4179 duos
1953 4128 2133 4179 dicens
2165 4126 2256 4177 hn-

724 4226 850 4279 ltere
884 4223 1104 4290 gladios,
1132 4236 1265 4288 quos
1297 4229 1346 4273 et
1374 4219 1690 4273 sullicientes
1725 4233 1842 4271 esse
1865 4217 1925 4268 ad
1959 4214 2119 4283 584.
2147 4230 2260 4267 cer-

2345 3185 2529 3253 τέμνει
2556 3185 2634 3247 είς
2670 3182 2831 3251 μέρη,
2865 3180 3032 3242 οὕτως
3069 3182 3097 3233 ὁ
3127 3179 3219 3233 τοῦ
3257 3179 3605 3249 κηρύγματος
3631 3176 3786 3243 λόγος
3807 3178 3891 3236 εἰς

2348 3264 2581 3343 ἑκάστην
2609 3272 2861 3341 χωρήσας
2888 3269 3085 3333 οἰκίαν,
3133 3269 3252 3320 τότε
3300 3270 3422 3330 τοὺς
3470 3265 3657 3322 κακῶς
3698 3268 3757 3317 ἐν
3814 3266 3884 3333 τῇ

2348 3350 2571 3431 ἀπιστία
2602 3362 2905 3432 ἡνωμένους
2933 3360 3023 3412 ἀπ’
3056 3357 3296 3426 ἀλλήλων
3322 3358 3589 3424 διέτεμεν,
3623 3354 3732 3407 υίδν
3778 3354 3889 3406 ἀπὸ

2350 3439 2901 3523 πατρὸς,’θυγατέρα
2935 3448 3041 3501 ἀπὸ
3087 3447 3314 3517 μητρὸς,
3377 3445 3469 3498 καὶ
3518 3443 3735 3514 νύμφην
3778 3442 3891 3495 ἀπδ

2351 3544 2609 3611 πενθερᾶς
2634 3540 2977 3608 ἀποδιαῑρῶν,
3014 3537 3181 3608 αὐτὴν
3202 3534 3551 3603 κατατέμνων
3576 3532 3673 3602 τὴν
3724 3530 3892 3599 φύσιν

2350 3630 2583 3682 ἐδείκνυε
2609 3629 2668 3679 τὸ
2700 3629 2869 3697 πέρας
2893 3628 2991 3694 τῆς
3010 3626 3101 3677 τοῦ
3132 3626 3337 3697 Κυρίου
3368 3621 3765 3694 παραγγελίας,
3806 3621 3891 3671 ὅτι

2354 3720 2550 3787 σφόδρα
2580 3718 2878 3787 χρησίμως,
2896 3718 2986 3768 καὶ
3002 3714 3092 3767 ἐπὶ
3113 3715 3433 3783 συμφέροντι
3458 3711 3565 3763 τῶν
3591 3710 3893 3779 ἀνθρώπων

2356 3811 2622 3883 μάχαιραν
2644 3806 2821 3859 λαϐεῖν
2850 3805 2974 3868 τοὺς
3000 3802 3323 3864 ἀποστόλους
3375 3799 3680 3852 ἐκέλευσεν.

2938 3998 3183 4051 ΚΕΦΛΛ.
3224 3998 3311 4062 ς’.

2429 4112 2635 4173 Εὐθέως
2684 4107 2775 4161 οὖν
2795 4111 2820 4159 ὁ
2846 4109 3043 4177 Πέτρος
3073 4105 3416 4175 ἀποκρίνεται
3444 4103 3535 4155 δύο
3554 4102 3726 4169 λέγων
3752 4098 3899 4167 ἔχειν

2362 4202 2645 4271 μαχαίρας.
2674 4199 2740 4261 ἃς
2770 4199 2860 4252 καὶ
2891 4196 3077 4258 ἱκανὰς
3108 4195 3239 4265 πρὸς
3262 4194 3350 4246 τὸν
3384 4190 3729 4262 προκείμενον
3762 4188 3899 4254 ἐθρη-

729 4276 926 4374 ωιηριῑ,
954 4308 1092 4377 quod
1144 4308 1393 4368 instabat,
1423 4305 1554 4356 dixit
1592 4303 1849 4355 Dominus
1881 4301 1944 4353 ‘9.
1994 4301 2097 4367 ipsi
2133 4315 2246 4351 νοτ(

2360 4310 2450 4343 σῖν
2474 4291 2651 4357 ἀγῶνα
2680 4291 2705 4340 ό
2736 4288 2935 4356 Κύριος
2961 4279 3115 4353 εἶναι.
3151 4276 3319 4335 Δῦται
3366 4280 3421 4333 δέ
3446 4283 3601 4339 εἰσιν,
3735 4291 3901 4344 φησιν

730 4358 926 4374 --η-η--ν
971 4358 1092 4377 ,πη
1146 4358 1153 4359 κ
1214 4358 1219 4359 κ
1381 4358 1392 4368 .
2018 4358 2030 4367 ,

730 4410 874 4463 sunt,
908 4410 962 4451 ut
985 4399 1058 4451 ait
1103 4395 1409 4465 Apostolus,
1445 4393 1693 4443 nimirum
1737 4390 2043 4458 redargutio
2090 4403 2246 4455 Oppe-

2362 4386 2388 4433 ὁ
2439 4379 2775 4439 ’Λπὸστολος,
2824 4378 3038 4444 ἐλεγχος
3076 4374 3181 4427 τῶν
3238 4370 3751 4436 ἀντιδιατιθεμένων,
3810 4364 3903 4416 καὶ

730 4494 1030 4553 sitorum,et
1050 4488 1348 4543 exhortatio
1387 4484 1653 4546 lidelium;
1693 4482 1768 4533 sic
1800 4480 1941 4533 enim
1978 4477 2099 4529 Tito
2129 4478 2260 4530 scri-

730 4579 883 4639 bens,
926 4578 1021 4628 hos
1066 4575 1118 4626 itt
1165 4588 1353 4625 manus
1400 4570 1555 4623 tradit
1604 4566 1931 4626 doctoribus,
1983 4565 2107 4615 dum
2149 4564 2252 4617 ait:

739 4688 758 4720 ι
790 4668 850 4722 Ut
883 4676 1066 4736 potens
1096 4665 1160 4717 sit
1187 4673 1237 4714 et
1264 4665 1312 4713 in
1338 4662 1574 4713 dot-trina
1598 4658 1890 4718 exhortari,
1919 4665 1970 4707 et
2002 4652 2265 4706 contradi,‘

665 4747 673 4754 ’
738 4766 917 4811 evntes
945 4767 1166 4824 arguere
1190 4752 1267 4813 τ⁰;
1305 4769 1319 4799 ›
1355 4762 1651 4802 sermonem
1700 4747 1749 4797 in
1777 4746 1979 4810 species
2017 4742 2153 4794 duas
2185 4741 2263 4791 di-

739 4844 1040 4910 stinguens;
1081 4840 1179 4892 alia
1220 4845 1300 4891 est
1344 4836 1484 4887 enim
1510 4833 1713 4899 species
1762 4829 2018 4881 doctrinm
2054 4842 2174 4893 erga
2208 4826 2268 4878 ti-

740 4935 905 4993 deles.
946 4943 995 4985 et
1032 4932 1131 4981 alia
1162 4938 1344 4979 contra
1377 4922 1614 4975 veritatis
1649 4920 1935 4979 inimicos;
1976 4916 2087 4967 inec
2127 4916 2268 4967 enim

742 5032 822 5078 est
858 5022 1154 5086 redargutio
1195 5015 1463 5077 falsitatis,
1495 5014 1579 5064 illa
1616 5026 1737 5063 vero
1770 5005 2104 5062 conﬁrmatio
2125 5004 2271 5068 veri-

744 5114 886 5166 tatis.
911 5110 1060 5175 Quod
1095 5118 1267 5161 autem
1306 5119 1602 5160 sermonem
1641 5110 1792 5154 vocet
1828 5099 2067 5168 gladium
2090 5136 2103 5162 ,
2163 5110 2274 5146 ma-

748 5202 993 5257 nifestum
1014 5208 1095 5251 est
1131 5198 1409 5257 omnibus,
1438 5210 1557 5245 cum
1590 5208 1647 5245 ea
1680 5191 1840 5243 dictio
1887 5188 2006 5241 trita
2036 5184 2274 5246 exsistat,

748 5306 813 5343 eo
841 5293 976 5357 quod
1028 5290 1095 5340 sit
1136 5286 1199 5338 ad
1245 5299 1455 5335 manum
1486 5284 1605 5342 sita,
1655 5295 1774 5347 qua:
1815 5278 1980 5331 dicit:
2030 5295 2047 5326 ι
2083 5274 2277 5326 Vivens

751 5384 940 5448 quippe
971 5394 1141 5429 διτηηο
1180 5374 1288 5435 Dei,
1320 5380 1370 5423 et
1399 5370 1602 5427 ellicax,
1632 5378 1681 5419 et
1714 5364 2093 5433 penetrabilior
2117 5374 2277 5427 super

754 5484 961 5525 omnem
1008 5467 1234 5534 gladium
1286 5461 1568 5527 ancipitem
1610 5458 1673 5504 7‘.
1714 5475 1729 5504 ι
1783 5455 1876 5509 llic
1931 5448 2271 5520 namque-bi~

2366 4468 2702 4537 παράκλησις
2717 4466 2822 4520 τῶν
2843 4467 3057 4519 πιστῶν·
3074 4465 3241 4525 οὕτως
3261 4463 3368 4532 γὰρ
3386 4460 3461 4531 τῷ
3486 4460 3628 4527 Τίτῳ
3646 4456 3894 4525 γράφων,

2368 4558 2563 4615 ταύτας
2598 4544 2881 4623 ἐγχειρίζει
2915 4555 3021 4613 τοῖς
3050 4552 3403 4611 διδασκάλοις.
3460 4548 3662 4613 λέγων·
3710 4560 3727 4592 ι
3788 4542 3904 4593 Ἶνα

2369 4642 2588 4701 δυνατὸς
2682 4642 2772 4691 xa‘t
2791 4639 3125 4709 παρακαλεῖν
3150 4640 3206 4689 ἐν
3223 4640 3287 4706 τῇ
3310 4631 3617 4698 διδασκαλία
3632 4631 3695 4697 τῇ
3723 4628 3903 4693 ὑγιαι-

2366 4731 2548 4799 νούσῃ.
2585 4728 2677 4780 καὶ
2713 4729 2835 4788 τοὺς
2875 4726 3245 4793 ἀντιλέγοντας
3294 4723 3548 4788 ἐλέγχειν,
3588 4735 3607 4765 ι
3637 4716 3906 4784 τὸνλόγον

2368 4822 2446 4881 εἰς
2469 4819 2579 4886 εἴδη
2604 4816 2696 4870 δύο
2718 4815 2954 4885 διαιρῶν·
2979 4814 3102 4868 ἄλλο
3125 4813 3232 4879 γὰρ
3252 4805 3386 4869 εἶδος
3414 4807 3472 4859 τὸ
3495 4806 3591 4875 τῆς
3620 4806 3749 4875 πρὸς
3783 4805 3907 4864 τοῦς

2372 4910 2588 4970 πιστοὺς
2613 4906 2971 4967 διδασκαλίας,
3000 4904 3093 4955 καὶ
3114 4900 3238 4954 ἄλλο
3266 4898 3399 4968 πρὸς
3419 4898 3543 4960 τοὺς
3568 4897 3797 4966 ἐχθροὺς
3814 4895 3906 4963 τῆς

2372 4997 2640 5067 ἀληθείας.
2678 4994 2751 5046 Τὸ
2808 4993 2903 5060 μὲν
2938 4990 3045 5057 γάρ
3098 4988 3243 5039 ἐστιν
3293 4985 3509 5054 ἐλεγχος
3552 4981 3805 5052 ψεύδους,
3853 4979 3910 5032 τὸ

2376 5088 2432 5139 δὲ
2458 5088 2555 5153 τῆς
2605 5082 2857 5152 ἀληθείας
2912 5077 3215 5147 βεϐαίωσις.
3243 5076 3364 5130 Ὅτι
3409 5075 3463 5127 δὲ
3512 5073 3783 5141 μάχαιραν
3826 5070 3909 5122 τὸν

2379 5175 2533 5241 λόγον
2572 5172 2742 5234 καλεῖ,
2774 5170 2906 5221 πᾶσι
2956 5166 3130 5234 δῆλον,
3177 5164 3538 5235 τετριμμένης
3569 5159 3655 5214 διὰ
3681 5158 3742 5211 τὸ
3782 5159 3909 5227 πρός

2382 5281 2560 5332 χειρον
2598 5261 2695 5327 τῆς
2728 5258 3001 5327 Γραφικῆς
3049 5256 3242 5319 λέξεως
3276 5256 3374 5322 τῆς
3412 5249 3692 5318 λεγούσης·
3738 5266 3758 5298 ι
3803 5249 3911 5303 Ζῶν

2383 5356 2489 5423 γὰρ
2513 5357 2540 5407 ὁ
2565 5354 2714 5419 λόγος
2743 5348 2834 5401 τοῦ
2869 5346 3022 5411 Θεοῦ,
3070 5346 3164 5399 καὶ
3194 5342 3435 5413 ἐνεργὴς,
3489 5337 3580 5391 καὶ
3609 5337 3911 5423 τομώτερος

2388 5421 2524 5514 ὖπέρ
2553 5446 2729 5497 πᾶσαν
2765 5439 3034 5509 μάχαιραν
3065 5434 3332 5501 δίστομον.
3377 5447 3395 5481 ι
3434 5426 3697 5481 Ἐνταῦθα
3724 5426 3832 5493 γὰρ
3860 5421 3913 5474 τὸ

901 5643 1047 5699 Deut,
1084 5654 1265 5695 xum.
1296 5638 1369 5688 29
1460 5638 1495 5665 ⁸⁷
1525 5636 1657 5683 (lant
1716 5646 1761 5695 ν,
1790 5631 1835 5681 3.
1915 5630 1956 5659 “
1991 5624 2173 5680 Hattlt.
2206 5638 2236 5677 Χ

2350 5640 2375 5675 ι.
2456 5618 2497 5648 ⁸⁸⁸
2533 5617 2658 5672 Luc.
2705 5632 2832 5674 nu,
2862 5613 2945 5667 58.
3020 5610 3063 5641 "
3098 5607 3198 5662 Tit.
3250 5622 3284 5671 t,
3312 5604 3363 5657 9.
3436 5605 3475 5636 “
3507 5602 3667 5656 Hebr.
3699 5615 3778 5657 π.
3809 5596 3889 5651 19.
