4058 6350
818 300 952 363 1275

2252 306 2312 365 S.
2363 302 2540 372 NILII

3816 301 3941 364 1276

810 422 924 465 tum
954 426 1073 463 cum
1107 412 1491 480 pet-mutatione
1524 412 1776 477 reddent;
1814 421 1867 467 et
1906 413 1971 467 de
2016 412 2165 476 aliis,
2194 408 2333 480 quod

2440 415 2505 467 τά
2536 414 2719 483 ίμάτια
2766 414 2941 467 αὐτῶν
2981 413 3322 483 δεσμεύοντες
3357 413 3600 482 σχοιίνοις
3635 414 3941 481 παραπετά-

812 503 985 547 vestcs
1006 510 1131 547 snas
1155 496 1440 549 vincientes
1467 495 1699 558 fortibus,
1720 495 1983 549 faciebant
2009 496 2121 549 vela
2150 497 2334 549 adum-

753 642 758 647 ,
813 581 1050 643 hrantia,
1095 584 1373 650 pendentia
1420 585 1487 637 ab
1514 584 1687 637 altari.
1734 584 1919 654 Nonne
1953 585 2115 653 igitur
2148 584 2333 638 stolam

817 672 1142 723 commistam
1172 671 1367 724 habent
1388 672 1527 734 dolo,
1558 672 1648 740 qui
1686 674 1737 725 in
1770 673 2081 736 haeresibus,
2109 673 2172 725 ad
2207 674 2333 727 insi.

819 758 1067 809 diendum
1104 759 1516 825 simplicioribus
1566 761 1842 813 moralinm
1878 761 2131 813 virtutum
2169 760 2333 813 vesti-

816 850 1009 901 mentis
1076 863 1191 903 sese
1238 851 1723 913 circumamiciunt,
1767 861 1818 905 et
1853 852 2120 918 opinionis
2161 852 2335 918 potius

811 940 1083 1006 speculatu
1133 955 1288 1008 quam
1315 942 1547 1006 veritate,
1584 952 1640 996 ut
1665 943 1855 1005 aliena,
1887 943 1986 995 ista
2018 942 2069 994 in
2101 942 2331 995 medium

812 1026 1086 1092 proferunt
1108 1067 1122 1089 ,
1152 1034 1204 1079 et
1230 1028 1454 1095 speciem
1487 1040 1813 1085 mansuetam
1843 1046 1907 1083 ac
1934 1028 2216 1098 benignam
2254 1028 2335 1084 ef-

812 1114 1074 1177 formant,
1119 1129 1213 1182 per
1248 1131 1365 1182 qua:
1396 1116 1659 1186 decipiant.
1706 1133 1839 1187 quos
1881 1117 1944 1171 ad
1986 1116 2329 1185 perditionem

811 1202 957 1251 velut
988 1201 1143 1254 hamo
1172 1201 1449 1256 ineseaut?

1352 1310 1571 1364 CAPUT
1620 1288 1749 1363 vnn

876 1410 964 1463 lsti
999 1427 1123 1467 vero
1162 1416 1213 1468 in
1250 1415 1428 1469 futuro
1463 1418 1658 1470 saeculo
1681 1427 1851 1471 vestes
1883 1419 2015 1473 istas
2051 1435 2171 1473 cum
2211 1436 2330 1489 per-

808 1501 1100 1554 mutatione
1145 1506 1411 1571 reddent;
1446 1520 1541 1559 nec
1585 1507 1731 1558 enim‘
1768 1508 2006 1561 laborum
2043 1512 2329 1577 repromis-

808 1588 986 1641 siones
1042 1588 1294 1657 recipient
1320 1632 1333 1653 ,
1387 1595 1477 1645 sed
1518 1594 1868 1661 supplicium,
1912 1604 1966 1649 et
2001 1591 2327 1663 punitionem

2432 520 2608 570 σματα
2637 503 2845 555 ἐποίουν
2866 503 3091 572 ἐχόμενα
3117 502 3210 554 τοῦ
3239 501 3634 571 θυσιαστηρίου.
3681 502 3770 568 Μή
3818 517 3939 552 ποτε

2428 588 2519 643 οῦν
2547 592 2733 661 στολὴν
2762 592 3187 662 ἐπισυνηγμένην
3210 591 3342 659 δόλῳ
3373 591 3603 660 ἔχουσιν,
3640 592 3687 642 oi
3732 592 3789 641 ἐν
3828 593 3939 650 ταῖς

2430 681 2698 749 αἱρέσεσιν
2748 682 2831 753 ἐπ’
2882 681 3066 751 ἐνέδρᾳ
3106 680 3212 732 τῶν
3261 679 3670 749 ἁπλουστέρων,
3724 678 3790 728 τὰ
3836 677 3939 727 τῶν

2429 768 2629 834 ἠθικῶν
2656 768 2859 836 ἀρετῶν
2908 769 3269 837 ἀμπεχόμενοι
3314 767 3520 836 ίμάτια,
3564 766 3941 837 δοκησισκοπίᾳ

2433 857 2625 924 μᾶλλον
2650 856 2681 925 ἢ
2710 856 2929 926 ἀληθείᾳ
2949 856 3020 917 ὡς
3039 856 3282 923 ἀλλότρια
3306 855 3473 906 ταῦτα
3494 854 3926 922 παρατιθέμενοι.

2429 944 2521 996 καὶ
2548 944 2725 1012 σχῆμα
2751 945 2919 1012 πρᾶον
2948 943 3041 996 καὶ
3069 943 3303 1005 ἐπιεικὲς
3343 941 3852 1010 ὲπιμορφαζόμενοι.
3877 940 3938 989 δι’

2428 1024 2502 1084 ὧν
2525 1029 2826 1094 δελεάζουσι
2872 1032 2997 1093 τοὺς
3051 1032 3140 1082 ἐπὶ
3166 1030 3263 1100 τὴν
3293 1029 3562 1082 ἀπώλειαν
3605 1030 3941 1097 ἀγκιστρενο-

2430 1121 2623 1189 μένους
2640 1135 2654 1183 ;

3016 1298 3257 1351 ΚΕΦΑΛ.
3280 1296 3364 1351 ε’.

2493 1400 2648 1461 Οὗτοι
2675 1407 2730 1460 δὲ
2759 1398 2916 1476 μετα
2937 1389 3271 1472 καταλλαγῆς
3308 1405 3365 1455 tv
3391 1400 3467 1472 τῷ
3504 1399 3744 1469 μέλλοντι
3769 1397 3937 1459 αἰῶνι,

2426 1495 2494 1548 τὰ
2509 1494 2742 1567 ,τοιαῦτα
2788 1493 3128 1547 ἀποτίσουσιν
3183 1489 3388 1559 ιμάτια·
3445 1490 3505 1541 οὐ
3561 1487 3667 1554 γὰρ
3713 1485 3941 1553 ἀμοιϐὰς

2429 1582 2602 1634 πόνων
2658 1580 3033 1648 ἀπολήψονται,
3087 1578 3219 1632 ἀλλά
3277 1576 3542 1653 τιμωρίαν
3597 1574 3689 1626 καὶ
3728 1572 3939 1624 κόλασιν
4009 1611 4011 1613 .

807 1673 1131 1741 deceptionis
1155 1655 1398 1745 pendent
1429 1715 1443 1740 ,
1490 1655 1599 1732 Deo
1621 1655 1899 1745 iudicante
1937 1655 2191 1735 ultionem
2238 1685 2334 1736 ad-

2432 1667 2529 1735 τῆς
2554 1667 2762 1734 ἀπάτης
2806 1665 3121 1727 ἑκτίσουσιν,
3178 1660 3506 1722 ἐκδικοῦντος
3546 1659 3816 1726 ἐκδίκησιν
3852 1655 3938 1706 τοῦ

806 1773 991 1811 versus
1026 1776 1149 1824 eos,
1189 1764 1279 1830 qui
1316 1764 1514 1816 alienas
1557 1763 1782 1817 induunt
1826 1772 2034 1828 vestes,
2077 1768 2151 1819 uti
2197 1767 2325 1821 dicit

809 1847 946 1912 apud
994 1847 1138 1900 illum
1193 1851 1538 1921 prophetam;
1588 1851 1781 1905 ctenim
1830 1854 2177 1923 quodcunque
2224 1870 2329 1908 non

811 1945 1022 2000 propter
1054 1936 1223 2003 ipSunt
1250 1938 1441 1991 bonum
1462 1980 1477 2004 ,
1522 1938 1610 1992 sed
1652 1943 1819 2007 gratia
1857 1942 2081 2009 alicujus
2110 1932 2330 1996 alterius

809 2024 883 2075 rei
921 2026 997 2086 lit,
1029 2040 1130 2077 non
1160 2026 1328 2078 solum
1357 2027 1555 2093 absque
1591 2028 1834 2081 mercede
1864 2029 2005 2088 erit,
2030 2043 2209 2081 verum
2248 2040 2332 2083 est

808 2112 1093 2163 obnoxium
1133 2112 1405 2165 reddenda:
1447 2113 1636 2166 rationi
1668 2150 1682 2173 ,
1734 2113 1962 2166 maxime
2005 2115 2216 2179 quando
2272 2114 2332 2167 ﬁt

809 2192 875 2246 ad
913 2195 1130 2248 insidias
1162 2196 1474 2259 videntium,
1505 2212 1624 2250 eum
1645 2197 1715 2250 sit
1740 2197 1978 2266 deecptio
1995 2200 2332 2265 simpliciori-

808 2285 930 2339 bus.
981 2285 1112 2339 Nam
1164 2302 1300 2340 vana
1345 2289 1511 2357 gloria
1555 2290 1790 2343 laborem
1828 2291 2039 2345 virtutis
2092 2293 2330 2345 inrtilem

810 2374 1001 2437 ellieit,
1048 2387 1099 2427 et
1154 2374 1472 2442 eﬂatigatnm
1515 2379 1723 2431 :eternis
1766 2379 1937 2446 privat
1974 2383 2329 2442 mercedibus;

819 2462 930 2527 ipsa
963 2478 1272 2532 magnorum
1314 2464 1472 2533 587
1512 2465 1755 2518 laborum
1788 2482 1993 2520 merces
2030 2468 2149 2521 vilis
2177 2470 2329 2536 pretii

809 2549 980 2610 facta.
1024 2566 1085 2603 ac
1109 2554 1413 2617 temporalis
1449 2560 1531 2606 est
1563 2553 1948 2608 laboriosorum
1979 2559 2328 2610 certaminum

810 2638 1111 2701 celebritas,
1144 2640 1419 2707 bonosque
1456 2641 1709 2695 velociter
1737 2645 2018 2708 transiens,
2048 2655 2330 2715 antequam

811 2725 1094 2778 eﬂloruerit
1117 2728 1348 2781 marcida
1377 2767 1392 2789 ,
1426 2740 1475 2781 et
1510 2730 1818 2797 priusquam
1849 2733 2224 2787 convenienter
2256 2738 2333 2789 vi-

815 2814 985 2875 guerit
1018 2813 1153 2878 pube
1184 2829 1570 2870 consenescens
1591 2827 1767 2871 exuta.
1805 2818 2015 2873 Pietatis
2036 2831 2217 2873 autem
2250 2837 2333 2875 re-

819 2902 1019 2967 ligiosae
1044 2900 1210 2954 forma
1244 2917 1365 2956 cum
1396 2904 1700 2972 deceptione
1727 2907 2008 2961 artiﬁciose
2050 2908 2328 2972 ﬁcta,'non

2434 1754 2568 1807 Θεοῦ
2597 1755 2687 1806 ἐπὶ
2712 1754 2834 1815 τοὺς
2861 1752 3232 1821 ἐνδεδυμένους
3257 1750 3522 1817 ὶνδύματα
3564 1744 3834 1814 ἀλλότρια,
3871 1744 3940 1803 ὡς

2443 1847 2500 1896 ἐν
2529 1843 2603 1913 τῷ
2632 1845 2873 1912 προφήτῃ
2906 1841 3093 1910 ςησίν·
3129 1841 3233 1892 πᾶν
3258 1837 3365 1907 γὰρ
3387 1838 3415 1890 δ
3451 1838 3524 1906 μὴ
3563 1835 3720 1888 αύτοῦ
3766 1835 3939 1886 ἕνεκεν

2432 1932 2524 1985 τοῦ
2558 1931 2739 1993 καλοῦ,
2758 1930 2913 2000 lineo
2939 1927 2997 1980 δέ
3039 1943 3178 1988 τινος
3220 1925 3421 1993 γίνεται
3467 1924 3643 1991 χάριν,
3676 1922 3735 1972 ού
3790 1920 3939 1989 μόνον
3966 2002 3969 2003 ν

2433 2020 2674 2089 ἄμισθον,
2696 2018 2934 2071 ἀλλὰκαὶ
2958 2015 3244 2069 ὑπεύθυνον
3263 2015 3489 2082 μάλιστα
3510 2014 3635 2064 ὅταν
3657 2006 3739 2061 ἐπ’
3759 2009 3940 2076 ἐνέδρᾳ

2433 2098 2720 2177 πράττεται
2734 2105 2841 2156 τῶν
2854 2104 3114 2174 ὁρώντων,
3140 2101 3322 2171 δέλεαρ
3340 2099 3604 2159 ἀπωλείας
3619 2098 3726 2158 τοῖς
3747 2096 3938 2148 ἀπλουο

2435 2197 2637 2264 στέροις
2654 2192 2949 2260 γινόμενον.
2975 2187 3257 2255 Κενοδοξία
3278 2190 3373 2256 μὲν
3395 2188 3501 2256 γάρ
3530 2185 3782 2252 ἀνόνητον
3806 2186 3939 2253 ποιεί

2390 2319 2397 2329 ι
2431 2284 2521 2336 τὸν
2553 2284 2707 2335 πόνον
2759 2279 2859 2348 τῆς
2887 2281 3136 2347 μάρετῆς,
3194 2278 3288 2330 καὶ
3331 2277 3439 2328 τῶν
3480 2274 3708 2327 αἰωνίων
3743 2270 3939 2341 μισθῶν

2433 2372 2719 2438 ἀποστερεῖ
2740 2369 2827 2421 τὸν
2858 2369 3146 2434 κάμνοντα,
3190 2364 3325 2434 αῦτη
3364 2363 3610 2432 μεγάλων
3651 2360 3826 2412 πόνων
3859 2358 3939 2408 εὖ·

2432 2476 2563 2521 ωνος
2607 2457 2857 2527 γινομένη
2879 2454 3111 2523 ”μισθδς,
3166 2453 3260 2505 καὶ
3304 2451 3631 2520 πρόσκαιρος
3676 2445 3939 2500 ἐπιπόνων

2432 2548 2603 2603 ἄθλων
2626 2545 2882 2616 εὐφημία,
2913 2545 3004 2597 καὶ
3028 2542 3159 2611 τιμὴ
3203 2540 3503 2609 ὠκύμορος,
3552 2537 3680 2607 πρὶν
3718 2534 3938 2602 ἀνθῆσαι

2435 2635 2815 2706 μαραινομένη,
2838 2633 2930 2687 καὶ
2946 2629 3239 2701 παρηδῶσα
3264 2629 3393 2693 πρὶν
3420 2626 3664 2694 ἀκμᾱσαι
3690 2621 3929 2681 δεόντως.

2433 2726 2715 2781 Εὑσεδείας
2761 2723 2816 2774 δὲ
2867 2722 3136 2790 μόρφωσις
3186 2719 3277 2771 ἐπὶ
3330 2717 3511 2786 ἀπάτῃ
3558 2711 3932 2781 τεχναζομένη.

2432 2815 2528 2866 οῦκ
2552 2815 2747 2865 εἰκαῖον
2765 2812 2871 2879 ἔχει
2892 2811 3047 2877 μόνον
3069 2810 3153 2860 τὸν
3174 2808 3432 2875 κάματον,
3457 2804 3589 2856 ἀλλά
3612 2800 3703 2853 καὶ
3741 2798 3939 2851 ἐπικίν-

2432 2903 2600 2962 δυνον,
2644 2901 2701 2951 οὐ
2749 2900 2941 2969 ζημίαν
2981 2894 3439 2964 μισθῶν.κόλασιν
3468 2893 3525 2943 δὲ
3586 2889 3801 2959 μακράν
3846 2903 3937 2939 κα-

812 2986 981 3038 solum
1014 2987 1168 3040 habet
1204 2986 1436 3041 laborem
1486 2989 1684 3043 l'ntilem
1711 3030 1725 3053 ,
1766 3008 1943 3045 vernn
1981 2995 2139 3046 etiam
2178 2996 2322 3062 peri-

2423 2989 2830 3057 ταδικαζομὲνη,
2857 2987 2948 3038 καὶ
2972 2985 3090 3038 λίαν
3122 2980 3405 3036 ἐπώδυνον.
3435 2982 3613 3039 Οὕτως
3651 2974 3938 3046 μοχθήσασί

812 3074 1051 3126 culesnm
1073 3113 1088 3136 ,
1116 3076 1237 3127 dum
1268 3091 1374 3129 non
1402 3078 1464 3128 ad
1501 3079 1803 3130 mercedum
1844 3080 2013 3131 solum
2051 3081 2336 3134 detrimen-

2431 3096 2553 3136 τισι.
2584 3077 2674 3129 καὶ
2710 3074 2942 3128 τοιοῦτον
2990 3067 3392 3140 ἀναδεξαμένοις
3424 3070 3599 3129 πόνον,
3634 3069 3663 3118 ὁ
3700 3066 3941 3117 ’Λπὸστο-

814 3166 923 3210 tum
946 3198 959 3218 ,
1005 3162 1095 3213 sed
1117 3162 1273 3213 etiam
1310 3162 1372 3213 ad
1404 3163 1726 3230 punitiouem
1762 3166 2021 3231 prolixam
2044 3207 2058 3231 ,
2097 3182 2159 3221 ac
2187 3168 2336 3221 valde

2431 3166 2516 3224 λος
2536 3163 2703 3229 ἔλεγε⁸
2727 3180 2760 3212 -ι
2793 3159 3034 3211 Τοσαῦτα
3059 3158 3279 3211 ἐπάθετε
3305 3158 3444 3224 εικῆ,
3477 3156 3587 3221 εἴγε
3625 3153 3717 3205 καὶ
3737 3152 3882 3217 εικῆ·
3916 3167 3934 3197 ι

812 3260 1169 3299 aerumnosam
1198 3248 1550 3315 adjudicetur.
1596 3251 1668 3303 Ita
1696 3252 2009 3319 quibusdam
2039 3254 2336 3324 eﬂ‘atigatis,

2432 3252 2491 3303 τὸ
2524 3250 2638 3317 μὲν,
2672 3248 2810 3314 εικῆ,
2852 3246 3013 3308 τάξας
3044 3246 3133 3295 ἐπὶ
3157 3245 3251 3311 τῆς
3282 3242 3385 3295 τῶν
3415 3240 3615 3309 μισθῶν
3646 3239 3862 3305 ζημίας.
3888 3235 3939 3285 τὸ

819 3342 1123 3418 tantumque
1150 3336 1385 3405 laborem
1424 3341 1845 3407 amplexartibns
1878 3344 2085 3399 dicebat
2114 3347 2336 3413 Aposto-

2434 3339 2509 3399 δὲ,
2538 3337 2651 3406 είγε
2679 3337 2768 3389 καὶ
2817 3335 2957 3403 εἰκῆ.
2992 3333 3080 3385 ἐπὶ
3133 3331 3469 3421 σχετλιασμῷ
3512 3327 3940 3421 προσδοκωμένης

816 3430 934 3474 tus:
976 3414 1201 3476 (Tanta
1232 3426 1372 3492 passi
1401 3428 1529 3481 estis
1552 3426 1669 3481 sine
1698 3445 1855 3483 causa
1893 3432 1968 3492 ⁸³,
2002 3451 2019 3482 ι
2053 3447 2144 3484 seu
2180 3433 2336 3486 futili«

2436 3423 2718 3486 κολάσεως.
2759 3420 3016 3488 Ἐχόμενα
3060 3417 3115 3470 δὲ
3173 3416 3265 3468 τοῦ
3320 3414 3694 3481 θυσιαστηρίου
3747 3414 3941 3462 ποιοῦσι

816 3516 914 3570 ter,
944 3509 1025 3563 «si
1055 3518 1225 3564 tamen
1248 3515 1362 3567 sine
1386 3530 1566 3568 causa.
1590 3534 1608 3566 ι
1633 3516 1755 3569 Prin
1782 3534 1868 3569 un:
1889 3518 2013 3571 illud
2040 3520 2152 3572 sine
2181 3535 2336 3573 causa

2442 3508 2896 3577 παραπετάσματα
2938 3498 3280 3572 δεσμεύοντες
3339 3501 3583 3571 σχοινίοις
3620 3498 3684 3551 τὰ
3740 3499 3940 3565 ἱμάτια,

817 3600 993 3662 posuit
1033 3610 1252 3670 propter.
1281 3603 1652 3656 detrimentmn
1684 3605 1983 3658 mercedum
2010 3624 2024 3668 ;
2056 3608 2336 3660 secundum

2435 3596 2571 3664 τάχα
2601 3595 2738 3655 τινὲς
2765 3593 2857 3645 καὶ
2885 3591 2986 3643 τῶν
3024 3590 3476 3659 ὲκκλησιαστικῶν
3526 3587 3841 3657 μιμούμενοι
3885 3587 3940 3651 τῇ

819 3698 940 3737 vero
956 3687 1069 3739 sine
1084 3703 1259 3749 causa,
1286 3690 1338 3743 in
1368 3692 1794 3761 lamentationem
1825 3694 2117 3761 punitionis
2147 3710 2336 3763 exspe-

2444 3682 2721 3751 ὑποκρίσει
2769 3679 2890 3740 τοὺς
2937 3678 3083 3738 ὲντδς
3127 3678 3231 3729 τῶν
3276 3679 3442 3743 ἁγίων
3478 3677 3579 3727 ὑπὸ
3612 3675 3686 3742 τῷ
3718 3689 3940 3763 καταπε-

816 3773 1038 3826 ctandae.
1062 3774 1198 3838 Quin
1216 3778 1371 3828 etiam
1398 3779 1673 3845 pendentia
1693 3780 1803 3833 vela
1830 3782 1897 3832 ah
1917 3782 2068 3835 altari
2086 3761 2336 3851 colligan-

2439 3774 2669 3839 τάσματι
2724 3767 3157 3838 λειτουργοῦντας
3224 3765 3416 3833 ἁγνῶς.
3472 3763 3630 3816 Ἀλλο
3676 3762 3780 3851 γάρ
3840 3761 3941 3851 εστι

819 3866 897 3911 tes
925 3859 1461 3918 funibusvesthnenta
1504 3865 1702 3920 faciunt
1729 3868 1947 3922 forsitan
1967 3871 2126 3938 aliqui
2160 3846 2224 3925 es
2273 3888 2335 3924 ee

2442 3857 2843 3923 καταπέτασμα,
2895 3855 2988 3908 καὶ
3038 3853 3161 3906 ἀλλο
3214 3851 3627 3922 παραπέτασμα,
3661 3850 3732 3900 -εί
3786 3849 3873 3900 καὶ
3912 3846 3941 3913 ἡ

818 3940 1151 4006 clesiasticis,
1178 3949 1293 4000 illos
1320 3950 1657 4005 simulatione
1676 3954 1965 4014 imitantes,
1988 3937 2077 4021 qui
2124 3959 2222 4018 sub
2252 3957 2336 4010 ob-

2443 3944 2689 4009 δμοιότης
2720 3943 2823 3993 τῶν
2851 3942 3119 4008 ὀνομάτων
3143 3943 3239 4008 τὴν
3268 3943 3324 3991 ὲν
3348 3943 3456 4001 τοῖς
3488 3940 3795 4007 πράγμασιν
3822 3937 3939 3987 dm-

820 4030 1061 4085 tendente
1078 4034 1194 4086 velo
1216 4036 1350 4089 intra
1364 4047 1565 4102 sancta,
1579 4052 1710 4105 pure
1721 4053 1871 4092 sat-ra
1887 4042 2336 4096 administrabant.

2445 4030 2669 4099 κρύπτει
2717 4028 2988 4095 διαφοράν.
3046 4026 3117 4076 Τὸ
3166 4027 3261 4093 μὲν
3305 4025 3409 4093 γὰρ
3459 4024 3851 4103 παραπέτασμα
3877 4021 3939 4081 ὡς

819 4114 1062 4171 Aliudest
1075 4135 1260 4189 nempe
1278 4123 1445 4175 velum
1460 4124 1728 4193 obtegens,
1748 4126 1950 4179 etaliud
1969 4128 2137 4181 velum
2168 4130 2336 4184 obum-

2446 4119 2594 4187 ἔτυχε
2626 4118 2951 4185 σχεδιάζεται
2979 4114 3044 4167 δι’
3100 4115 3335 4181 ἀνάγκην
3360 4112 3450 4164 τοῦ
3492 4112 3565 4180 μὴ
3617 4111 3834 4177 αίθρίως
3870 4108 3923 4173 δη

824 4200 1001 4263 brans,
1024 4212 1075 4256 et
1100 4206 1143 4258 si
1173 4210 1440 4261 nominum
1469 4212 1754 4265 similitudo
1786 4214 2006 4268 occultet
2034 4216 2336 4279 discrimen,

2451 4206 2787 4278 μοσιεύεσθαι
2816 4206 2880 4258 τά
2898 4202 3272 4273 συγκαλύψεως
3290 4201 3532 4268 δεόμενα,
3557 4198 3799 4265 πλαγίοις
3818 4196 3941 4248 τισὶν

822 4290 960 4356 quod
978 4299 1060 4345 est
1077 4291 1128 4345 in
1148 4293 1333 4350 rebus:
1356 4298 1585 4348 etvelum
1604 4300 1944 4363 adntnbrans,
1964 4303 2032 4353 ob
2058 4304 2336 4357 necessita-

2417 4312 2420 4339 ι
2449 4296 2772 4367 ἑκατέρωθεν
2807 4292 3216 4365 προσηρτημένα
3240 4291 3446 4359 δεσμοῖς
3485 4288 3640 4356 δεξιῷ
3674 4286 3823 4357 μέρει
3862 4284 3943 4335 καὶ

828 4386 951 4439 tem,
989 4390 1045 4432 ut
1074 4394 1194 4435 sors
1226 4382 1421 4446 tulerit,
1455 4400 1517 4437 ex
1551 4394 1784 4453 tempore
1812 4400 2215 4454 apparatur,°ne
2251 4393 2350 4446 sub

829 4463 919 4515 dio
943 4466 1271 4531 publicentur
1298 4487 1415 4539 qua:
1440 4474 1792 4528 occultatione
1826 4476 2096 4542 indigent,
2122 4477 2350 4546 obliquis

833 4551 1076 4617 utrinque
1102 4554 1325 4610 vinculis
1354 4560 1670 4624 quibusdam
1705 4577 1987 4630 appensmn
2032 4578 2062 4617 e
2099 4564 2349 4627 dextera,

759 4678 764 4685 .
827 4646 879 4707 et
918 4638 1132 4692 sinistra
1172 4649 1317 4706 parte
1345 4643 1471 4694 nihil
1502 4650 1919 4710 superem‘ncnte
1977 4651 2148 4714 quoad
2180 4652 2352 4703 altitu-

829 4723 1003 4776 dinem
1032 4742 1046 4778 :
1087 4739 1140 4779 at
1161 4727 1333 4781 velum
1360 4729 1611 4798 obtegens
1637 4745 1666 4782 a
1693 4735 2205 4798 supereminentibus
2234 4738 2346 4790 vin-

830 4812 963 4864 culis
990 4812 1232 4869 deorsum
1264 4815 1449 4878 fertur,
1473 4820 1700 4872 nominis
1722 4820 1886 4889 ipsius
1908 4822 2132 4889 (scilicet
2155 4824 2348 4893 velum)

833 4896 1032 4963 origine
1057 4900 1361 4969 designante
1386 4905 1528 4958 lintei
1554 4906 1783 4959 volatum
1824 4923 1853 4960 a
1889 4908 2147 4975 superiori
2178 4918 2345 4976 parte.

835 4983 899 5038 Et
933 4983 1099 5047 forte,
1142 4992 1352 5055 quando
1388 4993 1668 5048 virtutibus
1710 4995 1944 5048 laborem
1991 4995 2351 5064 amplexamur

2449 4385 2732 4455 ἀριστερῷ,
2766 4387 2855 4437 καὶ
2877 4384 3023 4439 οὐδὲν
3050 4382 3355 4451 ὑπερέχοντι
3384 4379 3521 4433 κατὰ
3541 4379 3603 4430 τδ
3631 4375 3759 4444 ὕψος
3778 4391 3791 4404 ·
3820 4374 3878 4434 εδ
3896 4370 3941 4424 δι

2449 4474 2831 4539 καταπέτασμα
2858 4472 2914 4535 ἐξ
2964 4470 3323 4540 ὑπερεχόντων
3368 4465 3577 4535 δεσμῶν
3602 4463 3939 4531 κατεὼρηταιν

2448 4560 2544 4627 τὴν
2579 4559 2775 4613 ἄνωθεν
2808 4561 3137 4627 κατάπτησιν
3164 4556 3262 4622 τῆς
3302 4557 3485 4621 ὀθόνης
3526 4549 3942 4619 ἐτυμολογοῦντος

2448 4647 2538 4698 τοῦ
2570 4648 2840 4715 ὀνόματος.
2870 4649 2975 4698 Καὶ
3002 4646 3137 4712 τάχα
3165 4645 3291 4697 ὅταν
3317 4642 3413 4709 μὲν
3440 4640 3527 4692 τὸν
3568 4640 3658 4690 ἐπὶ
3683 4640 3799 4699 ταῖς
3838 4637 3922 4705 ἀρε

2448 4738 2563 4797 ταῖς
2586 4734 2738 4787 πόνον
2762 4733 3136 4803 ἀναδεχόμεθα,
3156 4730 3243 4785 διὰ
3266 4730 3354 4783 τὴν
3383 4730 3439 4781 ἑν
3484 4726 3561 4795 τῷ
3593 4723 3811 4797 κρυπτῷ
3842 4724 3941 4793 βλέ-

2452 4840 2616 4875 ποντα
2648 4824 2933 4893 Δεσπότην,
2953 4822 3184 4881 καὶτοὺς
3214 4818 3319 4870 τῶν
3347 4815 3638 4884 ἀνθρώπων
3669 4815 3812 4867 κάτω
3836 4812 3943 4863 λανο

2452 4910 2689 4970 θάνοντες
2716 4908 3032 4976 ὀφθαλμοὺς,
3062 4906 3134 4974 τῷ
3163 4903 3359 4958 ἀνωθεν
3384 4902 3572 4973 δρῶντι
3617 4901 3759 4971 μόνῳ
3801 4913 3941 4963 φανε-

2454 4998 2652 5066 ροῦμεν
2676 4997 2735 5049 τὸ
2756 4995 3050 5063 γινόμενον.

836 5083 1049 5141 propter
1075 5075 1333 5130 videntem
1379 5082 1432 5135 in
1467 5085 1672 5137 occulto
1710 5083 1987 5137 Dominum
2010 5124 2024 5147 ,
2068 5084 2356 5150 oculosque
2393 5085 2664 5140 hominum
2727 5083 2862 5138 intra
2912 5082 3227 5149 exsistentes
3248 5079 3504 5141 latemus;
3540 5078 3588 5130 ei
3620 5074 3711 5143 qui
3738 5074 3941 5139 desuper

838 5162 984 5214 solus
1011 5163 1178 5228 videt,
1216 5165 1353 5231 quod
1381 5167 1464 5229 tit,
1497 5172 1858 5236 expendimus.

1521 5255 1739 5309 CAPUT
1786 5256 1869 5309 IX.

1521 5255 1739 5309 CAPUT
1786 5256 1869 5309 IX.

910 5252 1540 5405 Quandoquiderfgtsea
1584 5357 1761 5425 mensa
1799 5344 2170 5413 propositionis
2207 5347 2345 5401 dicta

918 5493 963 5525 ⁸⁸
992 5494 1158 5549 Galat.
1190 5512 1268 5562 tu,
1296 5496 1338 5549 ί.

2528 5338 2735 5396 Ἐπειδῇ
2758 5338 2850 5395 καὶ
2876 5337 2907 5408 δι
2937 5249 3397 5406 πρόῗξτῗέἒνωῖεν
3411 5331 3517 5400 ἔχει
3542 5330 3638 5402 την
3662 5334 3833 5387 αἰτίαν
3858 5328 3939 5398 τῆς
