4058 6350
198 355 329 420 1231

1368 355 1797 416 TRACTATUS
1833 356 2184 417 MORALIS.

3214 355 3344 420 1282

193 484 310 530 νος,
336 467 372 535 ἢ
403 462 732 534 όλιγοπιστίᾳ
757 461 1178 532 πολεμούμενος,
1211 462 1243 531 ἢ
1275 462 1576 531 ἀναξιότητι
1605 466 1720 516 ἐπι-

1821 464 2158 532 praepeditus,
2191 469 2284 516 aut
2313 463 2544 530 pauxilla
2577 463 2676 518 (ide
2709 475 3062 533 oppugnatus,
3093 475 3183 519 aut
3219 482 3342 533 pro-

191 554 592 623 6ουλευόμενος.
633 553 698 604 ⁸0
729 552 827 622 μὲν
866 550 971 619 γὰρ
1010 549 1174 617 Ἀδὰμ
1203 551 1258 601 ὲν
1301 550 1440 618 ἀρχῇ
1470 550 1567 617 τῆς
1604 551 1725 602 κτί-

1818 550 1923 618 pria
1978 551 2375 618 contemptione
2423 553 2617 620 petitus
2671 551 2898 605 insidiis.
2944 552 3113 605 Adam
3148 555 3342 622 quippe

193 657 329 703 σεως
379 638 724 709 παρακούσας
775 633 900 706 εὗρε
955 637 1142 706 καιρὸν
1192 637 1444 688 ἐπανόδου
1503 639 1570 706 τῇ
1626 634 1716 688 τοῦ

192 729 428 798 Χριστοῦ
457 728 721 798 παρουσίᾳ
752 728 808 779 ἐν
843 726 1024 794 σαρκὶ,
1044 727 1200 794 ἡμεῖς
1229 725 1284 776 δέ
1317 725 1449 794 πρὸς
1478 725 1554 794 τῷ
1579 724 1719 777 τέλει

191 818 284 870 τοῦ
313 819 517 886 κόσμου
549 818 927 885 τυγχάνοντες,
955 816 1002 866 ει
1037 813 1369 882 ἐκπεσοῦμεν
1410 813 1516 864 τῶν
1551 813 1722 866 τοιού-

191 921 298 957 των
328 904 698 974 χαρισμάτων,
744 905 836 956 καὶ
885 903 981 971 τῆς
1025 901 1291 970 βασιλείας
1323 901 1419 971 τὴν
1463 901 1719 971 ὑψηλοτέ-

193 1007 296 1060 ραν
349 990 444 1043 καὶ
495 988 934 1058 ὑπερθαύμαστον
967 985 1141 1049 ἀξίαν,
1175 986 1563 1054 ἀχρειιὶηαντες
1602 989 1720 1047 ταῖς

191 1080 654 1149 παρακουστικαῖς
696 1075 1118 1146 πλημμελείαις,
1161 1075 1258 1143 οὑχ
1297 1074 1486 1143 ἕξομεν
1537 1075 1720 1144 καιρὸν

193 1168 473 1228 ἐπανόδου,
489 1165 600 1219 ἀλλ’
617 1165 890 1234 ἢογεέννης
913 1164 1228 1233 ἀπάντησιν.
1252 1165 1315 1216 Οἱ
1338 1163 1442 1233 γὰρ
1463 1165 1598 1233 μετά
1625 1166 1721 1232 τήν

193 1255 450 1324 δευτέραν
480 1255 810 1312 ἀνακαίνισιν
841 1251 936 1320 τῆς
972 1251 1379 1321 ἀνθρωπότητος
1403 1254 1722 1322 ἐμμένοντες

192 1347 260 1414 τῇ
293 1344 611 1412 παλαιότητι
630 1343 722 1393 ἐπὶ
745 1341 870 1413 δόξῃ
897 1340 1110 1402 κακίας,
1142 1340 1364 1409 μάταιον
1390 1341 1721 1410 ἐπιχειροῦσι

193 1435 291 1504 τὴν
326 1432 420 1486 τοῦ
451 1431 681 1502 Χριστοῦ
709 1430 1031 1504 οἰκονομίαν,
1075 1423 1148 1481 ὧν
1193 1428 1252 1480 τό
1303 1430 1473 1498 κρῖμα
1522 1429 1721 1482 ἐνδικόν

194 1499 333 1587 ἐστι,
370 1521 458 1574 διὰ
485 1499 638 1574 τοῦτο
680 1499 1032 1588 διδασκόμεθα
1064 1515 1461 1582 ἀπεκδύσασθαι
1488 1517 1585 1584 τὴν
1622 1533 1722 1570 πα-

193 1611 482 1681 λαιότητα,
517 1611 610 1662 καὶ
655 1607 966 1660 ἐνδύσασθαι
1009 1607 1106 1676 τὴν
1153 1608 1474 1674 καινότητα·
1522 1607 1723 1666 ἐκεῖνος

197 1695 296 1768 μέν
325 1700 433 1768 γὰρ
469 1698 744 1758 ἐπαινετὸς
770 1733 785 1757 ,
839 1699 867 1748 ό
912 1695 1034 1764 χθές
1075 1693 1349 1763 ὑπάρχων.
1375 1691 1581 1762 ὀργίλος
1632 1691 1724 1743 καὶ

1813 639 1966 691 initio
1993 638 2191 692 conditi
2221 639 2386 701 orbis,
2413 639 2535 694 licet
2563 654 2666 694 non
2690 639 3126 707 obtemperasset,
3157 651 3343 697 nactus

1811 738 1895 782 est
1947 735 2123 780 tamen
2177 729 2513 782 occasionem
2555 729 2829 794 redeundi,
2878 729 3071 782 Christi
3100 731 3151 782 in
3182 747 3343 784 carne

1815 816 2138 884 praesentia;
2173 832 2270 870 nos
2326 831 2468 880 vero,
2499 819 2584 884 qui
2615 818 2666 870 in
2699 818 2800 870 line
2834 818 3016 871 mundi
3049 833 3340 882 versamur,

1815 903 1859 956 si
1897 918 1928 956 e
1963 903 2124 956 tantis
2156 903 2467 957 exeidamus
2514 906 2718 972 gratiis,
2754 906 3005 974 regnique
3037 907 3177 959 illius
3211 923 3342 973 pra:-

1817 991 2090 1046 eelsiorem
2149 1007 2210 1046 ae
2232 1008 2386 1060 supra
2413 993 2626 1046 modum
2657 994 3017 1047 admirabilem
3039 995 3338 1063 dignitatem

1817 1081 2184 1138 inobedientite
2225 1083 2455 1150 peccatis
2507 1083 2793 1136 reddamus
2833 1082 3098 1144 inutilem,
3138 1093 3340 1138 tantum

1816 1170 1985 1222 aberit
2037 1183 2067 1222 a
2117 1170 2270 1223 nobis
2311 1171 2678 1237 opportunitas
2712 1163 2910 1236 postea
2954 1169 3226 1232 redeundi,
3287 1179 3342 1222 ut

1819 1257 1994 1324 potius
2017 1255 2287 1308 immineat
2313 1255 2621 1308 occurrendi
2654 1255 2904 1323 gehennae
2930 1256 3236 1322 periculum.
3264 1256 3340 1306 llli

1818 1348 2037 1410 etenim,
2073 1347 2165 1414 qui
2211 1354 2330 1414 post
2356 1347 2642 1399 secundam
2675 1345 3066 1398 innovationem
3101 1346 3340 1398 humani-

1820 1433 2218 1501 tatis,improbe
2233 1432 2538 1495 sentientes,
2566 1433 2811 1485 vetustati
2839 1433 3109 1497 inluerent,
3146 1434 3339 1486 frustra

1816 1523 2200 1590 aggrediuntur
2225 1520 2419 1573 Christi
2447 1520 2854 1574 constitutiones
2880 1521 3091 1583 sectari,
3112 1537 3366 1589 quorum_

1821 1608 2090 1662 damnatio
2143 1608 2289 1675 ju5ta
2333 1616 2413 1660 est
2466 1605 2554 1658 “z
2593 1616 2908 1673 quapropter
2939 1606 3224 1660 edocemur
3251 1623 3342 1660 ve-

1823 1707 2068 1751 tustatem
2113 1710 2304 1750 exuere
2352 1704 2406 1749 et
2443 1695 2661 1748 induere
2685 1695 2961 1747 novitatem
2993 1711 3006 1757 ;
3041 1695 3123 1748 ille
3149 1695 3343 1762 quippe

196 1785 449 1855 θυμώδης
470 1823 486 1848 ,
514 1786 748 1853 σήμερον
793 1783 848 1835 δέ
893 1780 1064 1851 πραῢς
1097 1782 1187 1834 καὶ
1218 1780 1451 1850 ήσύχιος,
1481 1781 1509 1830 ό
1536 1781 1626 1831 καὶ
1656 1780 1721 1830 τὰ

1822 1786 2099 1838 laudabilis
2127 1794 2226 1846 est,
2259 1784 2350 1852 qui
2383 1783 2494 1836 heri
2521 1783 2732 1850 quidem
2761 1783 3014 1835 iracundo
3045 1797 3106 1835 ae
3135 1785 3343 1836 turliato

197 1872 345 1940 πάθη
373 1873 596 1939 νικήσας
622 1871 716 1921 καὶ
747 1869 842 1937 τὴν
869 1869 1065 1938 ἀρετὴν
1089 1869 1362 1936 ἀσκήσαςο
1394 1869 1594 1930 ἐκεῖνος
1627 1871 1722 1920 ἐπ·

195 1961 421 2023 αινετὺς,
446 1962 476 2012 ό
507 1959 628 2028 χθὲς
656 1959 754 2027 μέν
792 1960 857 2026 τῇ
889 1957 1139 2026 αὐθεντίᾳ
1185 1957 1462 2023 ἀγόμενος,
1493 1959 1724 2026 σήμερον

195 2048 251 2100 δέ
284 2049 351 2115 τῇ
383 2047 624 2114 ὑποταγῇ
654 2042 744 2096 τοῦ
797 2043 1118 2111 Εὑαγγελίου
1154 2043 1440 2109 ὑποταγεὶς
1465 2084 1479 2108 ,
1508 2044 1599 2096 καὶ
1636 2045 1725 2096 ἐπὶ

197 2126 360 2186 παντὶ
391 2133 735 2202 ῥήματιίκαὶ
762 2131 1060 2201 πράγματι,
1096 2132 1186 2183 καὶ
1217 2133 1552 2201 ἐνθυμήματι
1575 2133 1724 2198 τάξιν

194 2221 472 2290 τιθέμενος
495 2260 511 2284 ,
542 2220 638 2272 καὶ
667 2220 772 2272 τῶν
823 2219 1028 2288 ἀρετῶν
1057 2219 1152 2289 τὴν
1194 2220 1532 2290 περιποίησιν
1569 2237 1724 2291 μεριε-

200 2310 379 2378 μνῶν,
409 2309 501 2362 καὶ
543 2312 609 2377 τῇ
651 2309 754 2379 ίδίᾳ
797 2308 1044 2378 αὑθεντία
1087 2308 1160 2378 μὴ
1202 2309 1612 2378 καταχρώμενος
1646 2311 1724 2372 είς

197 2401 449 2468 ἀθέτησιν
499 2397 602 2450 τῶν
658 2397 1031 2466 Εὑαγγελικῶν
1073 2397 1299 2466 ἀρετῶν,
1346 2399 1617 2467 μεριμνῶν
1669 2400 1724 2452 δὲ

197 2489 290 2541 τδν
319 2488 573 2558 μέλλοντα
595 2488 782 2551 αίῶνα,
830 2488 921 2539 καὶ
945 2485 1038 2538 τοῦ
1065 2487 1325 2556 παρόντος
1357 2488 1721 2557 καταφρονῶν,

202 2580 286 2630 ίνα
323 2576 496 2646 τούτῳ
546 2575 1070 2643 άνταγωνισάμενος,
1127 2575 1221 2625 καὶ
1264 2575 1481 2642 νικήσας
1536 2577 1593 2625 ἐν
1649 2574 1724 2643 τῷ

202 2667 442 2736 μέλλοντι
477 2665 630 2717 αίῶνι
659 2664 875 2716 ἐπαίνου
914 2661 1070 2733 τύχῃ,
1120 2661 1213 2713 καὶ
1259 2661 1723 2728 άνακαινιζόμενος

199 2759 266 2824 τῇ
314 2754 585 2821 καινότητι
615 2751 732 2804 καθ’
773 2751 982 2820 ἡμέραν
1010 2753 1075 2819 τῇ
1119 2752 1292 2818 ἀποχῇ
1341 2750 1446 2801 τῶν
1479 2749 1723 2818 πονηρῶν

201 2844 558 2914 πραγμάτων,
597 2841 688 2894 καὶ
732 2839 982 2902 ἐπιδείξει
1025 2839 1131 2891 τῶν
1164 2839 1403 2907 ἀρετῶν·
1447 2837 1580 2906 αὕτη
1619 2837 1723 2904 γάρ

198 2938 346 2989 ἐστιν
394 2934 428 3002 ή
468 2930 783 2992 άπέκδυσις,
815 2929 908 2981 καὶ
938 2929 1232 2988 ἐπένδυσις.
1270 2927 1360 2988 Τίς
1395 2926 1484 2978 οὑν
1513 2927 1551 2994 ήι
1583 2925 1725 2978 αίτία

199 3024 291 3078 τοῦ
321 3021 572 3084 θανάτου,
605 3019 698 3071 καὶ
725 3011 805 3081 τ’ίς
833 3019 860 3070 ό
889 3017 1082 3087 τρόπος
1119 3017 1216 3084 τῆς
1247 3015 1425 3083 ζωῆςς
1462 3013 1525 3066 Ἦ
1555 3030 1726 3083 παρα-

199 3111 298 3182 κοὴ
341 3110 438 3180 τῆς
481 3082 770 3177 ἁμαρτίας,
813 3082 970 3174 καὶ-ἠ
1004 3082 1211 3172 ὑπακοή
1236 3105 1333 3173 τῆς
1351 3082 1719 3172 δικαιοσύνην
1752 3082 1792 3138 C

198 3204 326 3255 ὅταν
349 3199 442 3253 οὖν
468 3198 879 3269 ἁμαρτάνωμεν,
902 3196 1137 3247 ὑπόδικοι
1161 3197 1434 3265 παρακοῆς
1449 3195 1722 3262 γινόμεθα,

201 3293 296 3346 καὶ
325 3290 411 3344 διὰ
440 3288 594 3342 τοῦτο
622 3290 775 3356 χρεία
798 3287 894 3354 τῆς
920 3284 1296 3351 άντιστατικῆς
1341 3285 1592 3350 μελέτης,
1634 3283 1724 3334 καὶ

199 3383 298 3450 τῆς
346 3380 642 3448 άσκητικῆς
674 3376 977 3444 φροντίδος,
1010 3374 1099 3425 καὶ
1128 3371 1277 3439 μόλις
1306 3371 1368 3437 γέ
1404 3387 1484 3432 τις
1515 3370 1726 3436 διαφεύ-

203 3471 350 3532 ξεται
374 3469 469 3530 τὰς
495 3465 788 3536 ἐπιδρομὰς
815 3463 920 3514 τῶν
954 3459 1333 3528 άμαρτητικῶν
1367 3460 1570 3513 παθῶν.

1819 1876 2000 1928 animo
2037 1887 2152 1926 sese
2185 1871 2429 1930 habebat,
2472 1871 2625 1923 hodie
2660 1885 2786 1922 vero
2821 1877 2900 1922 est
2951 1879 3257 1922 mansuetus
3292 1882 3345 1925 et

1819 1965 2050 2033 quietus,
2078 1962 2275 2030 quique
2297 1960 2574 2029 passiones
2609 1958 2770 2011 animi
2805 1958 3018 2020 devicit,
3057 1968 3107 2011 et
3146 1959 3197 2010 in
3230 1960 3341 2012 vir~

1822 2064 1933 2107 tute
1979 2068 2037 2106 se
2079 2051 2356 2113 exercuit;
2392 2047 2674 2101 laudabilis
2724 2046 2830 2110 ille,
2859 2048 2949 2115 qui
2983 2047 3095 2100 lieri
3128 2048 3344 2115 quidem

1819 2141 2164 2197 delectatione
2214 2139 2498 2193 mundana:
2547 2137 2819 2205 potestatis
2853 2137 3159 2200 ducebatur,
3191 2137 3344 2190 hodie

1819 2245 1944 2283 vero
1981 2227 2256 2295 Evangelii
2301 2225 2617 2279 obedientiae
2666 2224 2937 2292 subjectus
2967 2235 3064 2288 est,
3099 2225 3345 2291 omnique

1820 2320 2000 2380 verbo,
2034 2325 2086 2369 et
2130 2315 2297 2383 operi,
2330 2323 2488 2382 atque
2514 2312 2675 2365 animi
2710 2312 2986 2379 eonceptui
3021 2313 3231 2364 modum
3260 2328 3346 2364 ra-

1821 2404 1965 2457 tione
2004 2411 2354 2471 temperatum
2403 2400 2708 2469 assignavit,
2745 2409 3095 2467 proeuratque
3123 2400 3344 2452 sollicite

1820 2494 2073 2547 virtutum
2121 2491 2548 2561 acquisitionem,
2602 2500 2653 2543 et
2699 2491 2912 2558 propria
2954 2504 3058 2542 non
3109 2492 3347 2543 abutitur

1820 2583 2137 2636 auctoritate
2188 2582 2254 2632 ad
2306 2580 2730 2645 evangelicarum
2765 2581 3016 2630 virtutum
3048 2588 3347 2646 transgres-

1821 2670 2048 2731 sionem,
2076 2667 2313 2719 futurum
2340 2680 2462 2718 vero
2489 2666 2737 2718 sarculum
2763 2675 3005 2718 accurate
3025 2667 3346 2734 considerat,

1819 2764 1872 2809 et
1911 2769 2146 2823 praesens
2181 2752 2340 2805 habet
2368 2751 2655 2818 despectui,
2693 2759 2749 2803 ut
2783 2759 3062 2818 postquam
3093 2755 3346 2806 adversus

1822 2841 1957 2896 istud
1999 2841 2264 2910 pugnarit,
2316 2854 2378 2892 ac
2421 2838 2625 2902 vicerit,
2671 2838 2879 2890 laudem
2920 2839 2970 2890 in
2999 2840 3190 2892 seculo
3224 2855 3348 2893 ven-

1823 2937 1944 2982 turo
1971 2935 2355 2996 consequatur;
2380 2926 2576 2994 quique
2607 2927 2834 2978 novitate
2863 2925 3164 2993 quotidiana
3194 2943 3347 2980 reno-

1827 3027 1998 3083 vatur,
2058 3018 2126 3071 ab
2181 3015 2549 3086 iniquitatibus
2602 3014 2934 3076 abstinendo,
2989 3015 3347 3082 virtutumque

1826 3113 2089 3178 specimen
2143 3108 2475 3163 exhibendo:
2510 3106 2874 3174 hujuscemodi
2903 3105 3094 3158 etenim
3126 3115 3206 3159 est
3233 3121 3348 3157 ino-

1825 3203 1927 3255 dus
1977 3198 2203 3251 etuendi
2260 3210 2378 3249 sese
2405 3203 2456 3248 et
2492 3193 2760 3250 induendi.
2795 3194 3044 3256 Quaenam
3074 3195 3232 3261 igitur
3267 3206 3349 3247 est

1781 3314 1784 3318 ·
1825 3287 1991 3344 causa
2014 3286 2220 3348 mortis,
2249 3292 2302 3336 et
2328 3283 2448 3350 quis
2473 3282 2596 3334 vitae
2640 3281 2872 3334 modus?
2910 3280 3001 3333 Est
3033 3282 3224 3348 quippe
3269 3282 3347 3333 in-

1823 3373 2134 3429 obedientiaa
2171 3376 2465 3438 peccatum,
2495 3376 2549 3419 et
2573 3367 2770 3432 iustitia
2798 3365 3110 3419 obedientiae
3131 3407 3145 3429 ,
3175 3367 3343 3432 siqui-

1824 3454 1942 3517 dem
1997 3462 2120 3512 dum
2184 3469 2482 3524 peccamus,
2516 3454 2591 3507 rei
2642 3453 2913 3507 evadimus
2947 3452 3342 3514 inobedientiaz,

199 3557 426 3626 ideoque
453 3539 586 3622 opus
611 3525 698 3606 est
717 3525 1165 3620 prazmeditatione
1188 3551 1498 3618 reluctante,
1533 3567 1596 3607 ac
1654 3554 2008 3610 sollicitudine
2070 3546 2432 3603 exercitationi
2471 3554 2729 3609 vacante;
2761 3544 2886 3597 dum
2942 3542 3018 3596 sic
3078 3544 3235 3595 etiam
3269 3525 3348 3592 in:

203 3659 397 3700 cursus
428 3641 917 3711 peccaminosarum
944 3638 1251 3707 passionum
1276 3639 1359 3717 vi;
1382 3640 1734 3711 subterfugiet
1769 3641 2054 3714 quispiam.

786 3753 1027 3806 ιςεψιιιι.
1068 3735 1176 3804 Βο.⁸

271 3863 367 3914 Διὰ
393 3860 549 3913 τοῦτο
588 3862 696 3921 τοῖς
732 3859 827 3926 μὲν
856 3859 1094 3924 ἀρχαίοις
1125 3859 1152 3909 ό
1190 3857 1387 3928 Κύριος
1422 3876 1724 3928 προσκατα-

203 3949 456 4018 λιμπάνει
485 3945 553 3998 τὰ
584 3945 990 4014 προστάγματα,
1025 3947 1130 4007 τοῖς
1158 3947 1212 3997 δὲ
1255 3946 1391 4009 νέοις
1433 3949 1726 4022 ἐντέλλεται

202 4039 269 4091 τά
297 4035 618 4102 εὑαγγελικά
645 4034 940 4103 διδάγματα
979 4035 1038 4085 τὸ
1073 4036 1145 4104 μὴ
1189 4039 1431 4105 μισῆσαι,
1464 4042 1597 4107 μήτε
1635 4041 1726 4107 ὀρ-

203 4128 490 4196 γισθῆναι,
543 4125 677 4193 μήτε
725 4123 1094 4190 ἐπιθυμῆσαι,
1132 4126 1264 4193 μήτε
1325 4127 1720 4191 ἀνταποδοῦναι,

205 4218 337 4272 ἀλλὰ
384 4217 493 4275 τοῖς
541 4211 818 4280 συμϐόλοις
853 4211 946 4278 τῆς
991 4212 1204 4279 ἀγάπης
1250 4212 1381 4279 πρὸς
1420 4213 1724 4281 τελειότητα

204 4304 559 4377 δδηγηθῆναιο
600 4301 654 4352 αἱ
689 4299 894 4352 ἐντολαὶ
919 4299 975 4350 δέ
1001 4299 1092 4350 τοῦ
1124 4300 1325 4366 Κυρίου
1345 4339 1359 4360 ,
1394 4301 1600 4368 βαρεῖαι
1629 4303 1725 4351 οὑκ

206 4397 338 4447 είσὶν
357 4432 372 4458 ,
402 4390 533 4444 ἀλλά
581 4386 1019 4458 μοχθηροποιοῦσι
1049 4387 1134 4437 τὸν
1173 4388 1372 4449 ταύτας
1402 4389 1727 4454 φυλάττοντα

206 4485 258 4535 αί
287 4482 648 4547 ἀντικείμεναι
684 4479 791 4537 τοῖς
821 4475 1030 4543 μέλεσιν
1061 4475 1212 4544 ἡμῶν
1242 4477 1607 4543 ἁμαρτητικαί
1639 4475 1726 4525 δυσ

2439 3742 2666 3797 CAPUT
2704 3743 2765 3795 ﬂ.

1890 3855 2242 3924 Quamobrem
2285 3847 2538 3903 Dominus
2585 3846 2815 3914 antiquis
2848 3846 3162 3914 derelinquit
3210 3864 3343 3915 pra:-

1821 3958 1990 4017 cepta,
2019 3940 2319 3998 recentibus
2344 3946 2518 3990 autem
2541 3934 2840 3987 hominibus
2866 3934 3160 3999 evangelica
3196 3951 3344 3988 man.

1823 4043 1913 4095 dat
1966 4038 2305 4092 documenta,
2362 4029 2594 4090 scilicet,
2631 4040 2733 4078 non
2788 4024 2974 4082 odisse,
3024 4038 3124 4076 non
3159 4026 3339 4088 irasci,

1826 4145 1931 4183 non
1971 4123 2369 4188 concupiscere,
2411 4132 2506 4170 nec
2550 4115 2743 4167 malum
2791 4111 3069 4179 rependere
3103 4129 3116 4163 :
3146 4115 3233 4165 sed
3261 4129 3339 4165 ar-

1822 4216 2086 4285 gumentis
2118 4206 2392 4263 charitatis
2414 4204 2566 4272 dirigi
2593 4203 2656 4256 ad
2673 4201 3041 4271 perfectionem
3065 4217 3078 4264 ;
3099 4217 3192 4254 nec
3217 4218 3336 4255 vero

1825 4304 2073 4358 mandata
2100 4296 2304 4352 Domini
2331 4295 2509 4365 gravia
2545 4302 2686 4357 sunt,
2736 4293 2826 4346 sed
2857 4293 3110 4361 opposita:
3139 4290 3340 4343 nostris

1825 4392 2080 4448 membris
2133 4387 2515 4458 peccaminosa:
2549 4383 2794 4452 potentiae
2837 4397 2897 4435 ea
2942 4383 3163 4435 reddunt
3193 4381 3338 4432 labo-

1825 4483 1965 4536 riosa
1999 4478 2278 4544 unicuique
2305 4474 2395 4543 qui
2423 4474 2727 4528 earumdem
2757 4471 3108 4523 observationi
3133 4471 3304 4520 incum
3323 4499 3336 4506 -

207 4573 415 4639 νάμεις,
432 4570 491 4619 οὑ
524 4567 786 4636 σύμφυτοι
811 4563 959 4618 οὖσαι
980 4569 1042 4635 τῇ
1064 4565 1238 4632 φύσει,
1264 4565 1376 4617 ἀλλ’
1397 4565 1722 4616 ὲπείσακτοι.

1827 4571 1901 4624 bit
1928 4585 1942 4634 ;
1981 4581 2099 4636 quae
2126 4565 2343 4633 quidem
2374 4575 2477 4614 non
2509 4575 2611 4613 una
2636 4575 2755 4613 cum
2785 4567 2971 4611 natura
3006 4559 3193 4609 innatat
3222 4565 3344 4609 sunt

207 4664 315 4714 Καὶ
357 4661 444 4712 διὰ
481 4660 635 4711 τοῦτο
679 4660 707 4709 ὁ
753 4656 950 4727 Κύριος
1003 4655 1298 4708 ἐντέλλεται
1349 4655 1591 4722 ἐκριζούν
1636 4653 1729 4704 καὶ

207 4745 594 4813 καταφυτεύειν
612 4784 625 4809 ,
657 4746 748 4796 καὶ
776 4745 1190 4805 κατασκάπτειν,
1219 4742 1311 4793 καὶ
1348 4741 1724 4808 ἀνοικοδομεῖν.

204 4837 378 4888 -Ἀλλά
408 4837 602 4905 πολλῆς
634 4837 818 4904 χρείαν
847 4835 954 4903 ἔχει
990 4835 1295 4903 φρονήσεως
1339 4835 1370 4900 ὴ
1411 4832 1624 4899 τοιαύτη
1651 4832 1730 4899 ἐρ-

211 4923 395 4988 γασία,
443 4921 532 4972 καὶ
562 4924 824 4988 προσοχῆς
869 4924 958 4972 καὶ
999 4921 1306 4989 φροντίδος,
1337 4920 1430 4986 τῆς
1475 4905 1729 4984 συνήθους

210 5010 426 5076 ἀγωγῆς
457 4996 951 5076 παρεμποδιζούσης
993 5011 1122 5078 πρὸς
1154 5010 1245 5077 τὴν
1284 5008 1528 5074 τοιαύτην
1561 5008 1732 5072 ἀσφά·

211 5101 381 5149 λειαν.
425 5095 520 5146 Διὰ
561 5095 714 5145 τοῦτο
764 5097 910 5162 χρεία
952 5099 1192 5166 ἀνδρείας
1239 5097 1330 5147 καὶ
1375 5095 1596 5161 ἀγῶνος,
1644 5097 1731 5146 καὶ

210 5184 504 5253 ἀθλητικῆς
552 5184 846 5243 ὲνστάσεως
899 5185 1168 5251 διηνεκοῦς
1217 5187 1303 5236 ἐπὶ
1355 5185 1450 5254 τῆς
1501 5183 1731 5242 διανοίας

211 5273 611 5341 πλατυλνομένης
640 5272 732 5322 καὶ
762 5271 888 5338 πρὸς
922 5273 1093 5331 πάσας
1126 5275 1220 5332 τὰς
1243 5271 1531 5338 ἐπιδρομὰς
1560 5287 1731 5339 παρα-

212 5361 542 5432 τασσομὲνης
577 5360 668 5411 καὶ
708 5359 781 5427 μὴ
807 5358 1120 5424 ἐνδιδούσης.
1152 5361 1220 5411 Σὺ
1257 5360 1312 5408 δὲ
1350 5360 1376 5408 ό
1403 5358 1615 5421 πιστὸς,
1659 5358 1731 5425 μὴ

214 5452 408 5520 ἀγνοῇς
431 5465 521 5499 σου
543 5450 601 5499 τὸ
630 5449 859 5516 ἀξίωμα,
891 5448 1019 5517 μηδὲ
1048 5446 1294 5498 συνέλκου
1321 5449 1384 5516 τῇ
1418 5450 1727 5515 ματαιότητι

281 5584 325 5661 ξ·
359 5579 510 5638 Rom.
542 5596 621 5648 ιιι,
651 5575 706 5636 8.'

1830 4659 2002 4718 nobis,
2038 4655 2130 4709 sed
2171 4652 2472 4706 adventitiat
2511 4657 2658 4712 sunt,
2701 4657 2754 4701 et
2784 4645 3230 4705 subintroductze;
3266 4644 3344 4694 id-

1830 4744 1974 4798 circo
2003 4740 2257 4794 Dominus
2281 4737 2453 4808 jubet,
2486 4745 2545 4788 ut
2574 4734 2897 4787 eradicemus
2947 4737 2999 4780 et
3023 4730 3340 4796 plantemus,

1829 4831 2158 4886 defodiamus
2190 4842 2252 4880 ac
2280 4825 2673 4879 reredillcemus.
2698 4822 2766 4870 At
2797 4819 2896 4868 hoc
2929 4817 3191 4882 negotium
3226 4818 3344 4883 plu-

1831 4923 2019 4974 rimam
2061 4917 2222 4984 exigit
2266 4911 2621 4982 prudentiam,
2667 4906 3009 4958 attentionem
3053 4915 3105 4957 et
3139 4920 3338 4968 curam,

1831 5019 1951 5058 cum
2001 5001 2120 5052 vitae
2150 4996 2481 5051 conversatio
2511 5001 2760 5046 consueta
2803 4989 3230 5058 impedimentum
3265 4990 3355 5041 ιιι..

1829 5095 1963 5146 ferat
2007 5103 2112 5140 non
2157 5086 2440 5145 mediocre,
2471 5097 2536 5134 ne
2565 5081 2822 5134 securitas
2855 5080 2965 5132 haec
2992 5080 3297 5152 observetur
3324 5095 3340 5141 ;

1831 5181 2060 5244 hincque
2094 5191 2228 5240 opus
2281 5181 2362 5227 est
2409 5171 2545 5222 virili
2587 5169 3032 5237 magnanimitate,
3080 5174 3129 5216 et
3160 5175 3344 5216 certa—

1831 5266 1990 5326 mine,
2028 5260 2450 5325 athletarumque
2484 5272 2631 5324 more
2660 5259 2994 5308 contentione
3024 5251 3257 5310 assidua,
3289 5251 3341 5304 in

1831 5352 2090 5406 intellectu
2115 5352 2202 5417 qui
2228 5347 2338 5401 lato
2361 5349 2431 5401 sit
2455 5348 2652 5404 animo,
2669 5344 2862 5409 quique
2886 5339 3134 5392 adversus
3158 5353 3344 5391 omnes

1833 5439 2169 5495 incursiones
2223 5447 2442 5506 paratus
2490 5435 2557 5489 sit
2586 5429 2911 5502 pugnaciter,
2951 5442 3012 5483 ³ο
3042 5427 3345 5482 nullatenus
