4058 6350
99 368 220 435 l285

1301 364 1638 426 EPICTETI
1671 367 2040 425 MANUALE.

3110 379 3239 442 1·Ξῖιῦ

95 473 413 529 ἐπελθόντων
439 471 544 523 τῶν
571 470 844 538 ποταμῶν,
876 467 968 522 καὶ
988 467 1092 520 τῶν
1123 467 1352 533 ἀνέμων,
1374 458 1466 519 καὶ
1503 468 1606 519 τῶν
1639 471 1679 527 Α
1707 467 1848 520 venti
1900 475 1953 521 et.
2001 466 2108 521 imb

1711 467 1848 520 venti
1900 475 1953 521 et
2001 466 2199 521 imbres
2247 471 2697 537 supervenissent,
2785 489 3063 532 "concussi
3119 496 3240 548 per-

97 563 250 614 ὐετῶν
279 561 560 612 ἀσάλευτον.
591 559 890 626 διεμείνατε
916 598 928 618 ,
973 557 1063 609 καλ¹
1091 556 1216 618 τοὺς
1261 556 1423 616 πόδας
1462 555 1610 622 ὑμῶν

96 648 184 699 οὐκ
228 647 465 698 ἐδώκατε
504 647 580 706 είς
613 644 789 705 σάλον,
819 643 928 696 ἀλλ’
975 631 1064 694 ἐπὶ
1100 642 1197 710 τῆς
1229 642 1426 709 πέτρας
1455 643 1611 710 ὲστή-

98 753 212 789 σατε
264 734 459 795 αὐτοὺς
485 773 500 797 ,
546 733 637 785 καὶ¹
683 732 935 799 γεγόνατε
965 732 1167 801 δᾴκιμοι
1210 732 1267 813 ἐν
1307 732 1372 798 τῇ
1412 729 1608 782 πίστει.

103 845 119 874 ι
149 823 331 889 Δεῦτε,
359 824 407 875 οι
437 823 783 891 εὐλογημένοι
821 821 912 873 τοῦ
949 819 1158 889 Πατρός
1193 836 1292 887 μου
1315 858 1330 882 ,
1363 819 1612 888 κληρονο-

101 918 296 982 μήσατε
359 916 457 982 τὴν
510 909 906 981 ἡτοιμασμένην
977 910 1102 976 ὑμῖν
1171 907 1440 975 βασιλείαν
1505 908 1612 960 ἀπὸ

97 1001 388 1068 καταϐολῆς
427 1001 652 1067 κόσμου,
689 1017 708 1050 ι
740 998 853 1051 ἀλλ’
884 1001 982 1064 οὐχ
1009 996 1161 1064 ὑμετς
1186 996 1448 1065 ὼρίσθητε
1480 996 1610 1064 κλη-

99 1089 308 1155 ρονόμοι
336 1089 433 1156 τῆς
469 1087 769 1156 βασιλείας·
803 1085 920 1136 ἐπεὶ
956 1082 1077 1136 οὕτε
1120 1085 1273 1152 ὑμεῖς
1323 1083 1611 1146 ὲπαινετοὶ,

97 1175 208 1226 οὔτε
260 1177 293 1244 ὴ
327 1177 516 1243 κλῆσις
543 1175 632 1227 τοῦ
665 1173 949 1234 καλοῦντος
976 1173 1156 1225 δικαία
1180 1212 1194 1235 ,
1246 1174 1356 1225 ἀλλ’
1382 1174 1434 1223 αί
1463 1171 1616 1240 ἀθλή-

101 1279 201 1322 σεις
234 1261 663 1330 προωρίσθησαν,
704 1261 797 1312 καὶ
828 1261 1014 1330 ἀρεταὶ
1050 1261 1157 1310 τῶν
1188 1259 1274 1313 διὰ
1315 1260 1419 1312 τῶν
1444 1260 1614 1312 ἄθλων

101 1351 507 1419 προερχομένων
537 1349 1039 1418 προεθεωρήθησαν,
1057 1349 1148 1399 καὶ
1173 1349 1367 1409 πάνςες
1396 1347 1614 1401 διελθεῖν

99 1437 411 1507 ἐκλήθησαν,
457 1435 569 1489 ἀλλ’
601 1437 660 1488 οὐ
693 1436 887 1498 πάντες
920 1436 1246 1504 ὑπήκουσαν,
1282 1436 1434 1503 ὑμεῖς
1475 1435 1530 1486 δὲ
1567 1435 1616 1486 οί

101 1527 493 1585 ὑπακούσαντες
515 1564 531 1588 ,
563 1526 656 1577 καὶ
701 1525 799 1593 τῆς
845 1524 1122 1593 παρακοῆς
1152 1524 1210 1574 τὸ
1241 1523 1484 1592 ἔγκλημα
1522 1526 1617 1576 ἀπ·

99 1615 407 1676 εκδύσασθε,
438 1614 530 1667 καὶ
553 1617 650 1684 τῆς
679 1614 920 1682 ὑπακοῆς
946 1615 1036 1666 τὸν
1055 1614 1268 1666 ἔπαινον
1295 1614 1616 1683 ἐκομίσασθε

99 1706 188 1768 τὰς
214 1705 413 1774 ἀρετὰς
442 1703 869 1772 ἐπιδειξάμενοι,
912 1704 1006 1756 καὶ
1039 1705 1135 1772 τῆς
1176 1704 1448 1773 βασιλείας
1481 1705 1616 1768 ἄξιοι

1711 553 1985 609 mansistis
2017 555 2062 587 ⁹⁶
2088 572 2104 621 ;
2133 554 2332 624 quique
2361 557 2517 625 pedes
2556 568 2757 614 vestros
2797 577 2898 614 non
2932 564 3152 620 dedistis
3183 569 3238 621 in

1709 642 2124 695 commotionem
2156 642 2220 707 ⁹¹,
2257 644 2348 698 sed
2399 644 2541 712 ipsos
2571 661 2725 713 super
2750 658 2948 714 petram
2977 654 3239 707 stabilivi-

1709 731 1807 783 stis
1834 730 1897 792 °’,
1928 739 1979 783 et
2004 731 2055 782 in
2089 731 2187 784 ﬁde
2217 732 2418 800 probati
2448 734 2712 788 evasistis.
2774 754 2790 785 ‹
2847 736 3049 804 Venite,
3081 741 3239 796 bene.

1709 819 1834 872 dicti
1867 818 2031 872 Patris
2082 821 2206 896 mei,
2245 821 2547 875 haereditate
2575 825 2837 890 possidete
2889 839 3237 896 praeparatum

1709 907 1862 961 vobis
1911 923 2129 976 regnum
2174 894 2202 960 a
2235 910 2620 964 constitutione
2671 915 2896 978 mundi;
2936 935 2954 967 ι
2995 894 3083 971 sed
3126 934 3232 971 non

1711 997 2050 1050 delerminati
2099 996 2280 1051 fuistis
2328 1013 2445 1061 vos,
2493 1006 2550 1051 ut
2589 1003 2732 1068 regni
2766 1006 2952 1058 essetis
2983 1007 3234 1069 limi-edes,

1711 1085 1963 1152 alioquin,
2015 1100 2112 1138 nec
2162 1085 2258 1153 ipsi
2305 1086 2591 1140 laudabiles
2638 1091 2991 1158 exsistet-etis,
3026 1110 3120 1147 nec
3149 1112 3238 1148 vo-

1711 1174 1882 1226 cantis
1931 1171 2076 1241 justa
2134 1173 2269 1226 foret
2322 1175 2548 1237 vocatio,
2589 1177 2677 1227 sed
2710 1181 2999 1233 certamina
3031 1181 3240 1235 fuerunt

1712 1262 2188 1328 prmdcterminata,
2240 1270 2291 1314 et
2332 1265 2552 1318 virtutes
2582 1278 2788 1329 eorum,
2819 1269 2908 1334 qui
2943 1284 3036 1336 per
3064 1279 3239 1324 certa-

1713 1351 1856 1402 mina
1883 1351 2347 1418 progrederemur.
2382 1351 2528 1406 fuere
2558 1365 2845 1421 perspecta:
2883 1367 3057 1418 antea,
3089 1369 3138 1411 et
3165 1360 3239 1412 sic

1713 1453 1902 1492 omnes
1936 1441 2106 1492 vocali
2135 1449 2256 1493 sunt
2283 1449 2340 1493 ut
2372 1457 2460 1508 per
2492 1443 2782 1497 certamina
2811 1448 3113 1506 transirent,
3149 1449 3240 1500 sed

1714 1542 1819 1582 non
1851 1542 2038 1581 omnes
2070 1528 2405 1582 obedieruut.
2446 1530 2548 1584 Vos
2584 1541 2781 1595 autem,
2817 1534 2906 1599 qui
2938 1534 3237 1597 obediislis,

1716 1616 2169 1671 ct‘inobedientia:
2202 1618 2406 1672 crimen
2436 1619 2766 1682 cxcussistis,
2796 1621 3002 1673 laudem
3031 1637 3241 1688 quoque

1717 1703 2029 1772 rcportastis
2078 1705 2409 1767 obedientize,
2453 1713 2505 1757 et
2553 1721 2643 1758 eas
2671 1708 2964 1758 exhibendo
3000 1709 3238 1773 virtutes,

101 1795 395 1864 γενόμενοι.
441 1794 713 1863 Μακάριοι
756 1795 803 1846 οί
849 1793 1048 1863 ταύτης
1081 1794 1483 1862 καταξιούμενοι
1521 1795 1617 1862 τῆς
1651 1782 1690 1835 Β
1718 1794 1963 1863 condigni
1994 1793 2108 1847 fuisl

1718 1794 1963 1863 condigui
1994 1793 2171 1848 fuistis
2201 1794 2367 1847 habiti
2396 1795 2482 1847 tali
2514 1810 2694 1860 regno.
2740 1795 2882 1847 Beati
2912 1836 2926 1860 ,
2963 1799 3052 1864 qui
3081 1799 3241 1852 hocce

104 1885 396 1953 μαρτυρίας
417 1922 432 1946 ,
482 1884 706 1935 ἐνώπιον
736 1884 1000 1949 ἀγγέλων,
1037 1883 1125 1934 καὶ
1161 1883 1373 1934 πάντων
1414 1881 1619 1950 ἀνθρώι

103 1989 208 2024 πων
229 1989 244 2003 ⁸
278 1973 459 2041 ἐπειδὴ
491 1973 597 2040 γὰρ
623 1973 713 2024 τὸν
745 1971 873 2022 Θεὸν
914 1972 1110 2038 σφόδρα
1140 1969 1496 2048 ἐφοϐήθησαν,
1524 1973 1618 2024 καὶ

101 2062 189 2124 τὰς
237 2063 453 2123 ἐντολὰς
493 2061 658 2114 αὑτοῦ
698 2060 912 2120 τελείως
940 2059 1227 2126 ἐφύλαξαν,
1277 2060 1366 2111 καὶ
1405 2059 1500 2127 τὴν
1536 2059 1614 2112 δι-

103 2151 380 2217 καιοσύνην
408 2148 748 2208 ἐπλεόνασαν,
775 2140 818 2213 ᾧ
851 2145 1026 2214 μέτρῳ
1059 2146 1360 2216 ἐμέτρησαν
1389 2147 1616 2214 ἁντεμε-

104 2237 267 2306 τρήθη
316 2237 492 2298 αὐτοῖς
531 2235 680 2304 παρὰ.
735 2234 937 2302 Κυρίου
997 2234 1212 2302 ὁμοίως.
1263 2233 1467 2302 Μ’ἐχρις
1521 2229 1612 2285 οὖν

103 2327 285 2379 τούτου
310 2327 398 2378 τὸν
427 2326 582 2391 λόγον
614 2320 1010 2392 ἐπιστήσωμεν,
1035 2322 1493 2391 εὐχαριστοῦντες,
1526 2322 1618 2374 καὶ

105 2415 438 2482 εὐλογοῦντες
464 2414 552 2465 τὸν
586 2413 786 2480 Κύριον
835 2413 924 2463 ἐπὶ
965 2413 1098 2466 πᾶσι
1129 2414 1238 2472 τοῖς
1266 2410 1485 2477 ἀγαθοῖς
1523 2412 1620 2484 αὺτ-

1715 1883 2026 1936 testimonio
2079 1883 2131 1934 in
2194 1893 2478 1950 conspectu
2514 1884 2840 1952 'angclorum
2896 1887 3242 1954 omniumque

1716 1969 1987 2022 hominum
2018 1970 2163 2038 digni
2191 1970 2570 2038 iudicabuntur
2598 1988 2612 2036 ;
2649 1971 2772 2024 dum
2808 1974 3000 2026 ctenim
3037 1974 3070 2026 ii
3091 1976 3241 2029 valde

1712 2053 2004 2109 timuerunt
2047 2057 2234 2119 Deum,
2279 2064 2331 2110 et
2364 2056 2478 2125 ejus
2510 2057 2755 2111 mandata
2802 2059 3031 2127 perfecte
3062 2073 3242 2114 custo-

1714 2143 1941 2206 dierunt,
1972 2145 2388 2212 amplioremque
2419 2145 2519 2200 sibi
2548 2155 2924 2213 compararunt
2951 2147 3238 2215 justitiam,

1713 2245 1820 2298 qua
1877 2245 2120 2285 mensura
2168 2233 2336 2286 mensi
2369 2240 2512 2297 sunt,
2544 2247 2604 2286 ea
2637 2234 2886 2287 similiter
2915 2251 3131 2291 emensa
3157 2247 3239 2291 est

1683 2387 1690 2393 .
1717 2319 1847 2388 ipsis
1877 2336 1906 2373 a
1939 2320 2182 2375 Domino.
2231 2318 2520 2389 ﬂuensque
2546 2337 2672 2391 ergo
2694 2325 2925 2378 sermoni
2959 2326 3113 2378 tinem
3145 2327 3244 2380 im-

1715 2424 2000 2477 ponamus,
2033 2410 2232 2478 gratias
2260 2420 2496 2479 agentes,
2542 2421 2594 2464 et
2621 2411 2995 2466 benedicentes
3019 2413 3243 2468 Domino

104 2505 190 2555 τοῦ
239 2504 589 2572 χαρίσμασιν,
631 2496 710 2562 οἷς
740 2503 867 2568 ἡμῖν
894 2501 1139 2569 δωρεῖται
1169 2500 1551 2580 τοϊςαναξίοις
1587 2502 1620 2569 ἡ
1719 2498 1774 2550 in
1826 2499 2077 2554 omnibus

1719 2498 1774 2550 in
1826 2499 2077 2554 omnibus
2125 2499 2280 2553 bonis
2327 2500 2496 2568 ipsius
2542 2499 2714 2563 donis,
2745 2501 2942 2569 quibus
2974 2518 3072 2556 nos
3106 2505 3245 2557 iudi-

105 2591 258 2643 αὑτοῦ
308 2588 708 2657 φιλανθρωπία,
746 2587 893 2656 αὐτῷ
936 2589 969 2655 ἡ
1002 2586 1126 2649 δόξα
1165 2587 1257 2638 καὶ
1289 2589 1322 2656 ή
1364 2587 1494 2655 τιμὴ
1541 2589 1620 2650 είς
1723 2600 1858 2653 gnos
1883 2600 2104 2639 munera

1723 2600 1858 2653 gnos
1883 2598 2194 2639 muneratur
2228 2587 2344 2654 ejus
2385 2587 2764 2642 misericordia.
2806 2588 2912 2658 Ipsi
2964 2590 3151 2658 gloria,
3190 2607 3247 2648 ct

105 2682 218 2742 τοὺς
253 2679 464 2738 αἰῶνας.
504 2676 690 2745 Ἀμήν.
1723 2670 1893 2724 honor
1916 2672 1970 2724 in
1993 2685 2108 2726 sacci

1723 2670 1893 2724 honor
1916 2672 1970 2724 in
1993 2671 2209 2726 saecula.
2237 2670 2426 2727 Amen.

169 2850 212 2881 "
242 2819 368 2900 Luc.
404 2863 478 2912 vr,
508 2847 594 2903 48.
667 2848 711 2880 ⁹¹
741 2846 882 2901 Psal.
907 2861 1033 2910 cxx,
1068 2843 1121 2896 5.
1195 2844 1240 2876 ⁹¹
1267 2840 1409 2895 Psal.
1448 2855 1632 2908 xxxix,
1659 2842 1712 2896 5.

1072 3237 1074 3239 ’
1185 3206 2173 3335 ΕΠΙΚΤΗΤΟΥ

1334 3452 2016 3561 ΕΓΧΕΙΡΙΔῘΟΝ

860 3784 1503 3928 EPICTETI
1579 3807 2505 3923 ENCHIBIDION

1406 4051 1545 4111 SEU
1591 4047 1951 4108 MANUELE

438 4219 485 4278 A
526 4218 587 4277 S.
619 4218 687 4277 Ρ.
726 4219 798 4276 Ν.
839 4198 976 4278 Nilo
1005 4215 1318 4276 concisum
1348 4214 1408 4268 et
1435 4205 1874 4285 inter-peratum
1922 4199 2177 4279 ejusque
2212 4179 2526 4278 opusculis
2577 4197 2894 4267 insertum.

671 4551 908 4606 ΚΕΦΔΛ.
950 4549 1028 4603 Δ’.
1661 4551 1702 4605 C
1766 4565 1768 4568 '
1837 4574 1843 4580 ο

1766 4565 1768 4568 '
1837 4574 1843 4580 ο
2350 4538 2596 4596 :CAPUT
2637 4539 2676 4592 Ι.

183 4649 298 4700 Τῶν
331 4648 496 4701 ὅντων
523 4645 590 4699 τὰ
623 4644 718 4714 μὲν
746 4641 827 4710 ἐφ’
873 4642 1001 4710 ήμῖν
1046 4640 1158 4690 ἐστι
1182 4675 1197 4701 ,
1227 4637 1294 4690 τὰ
1324 4637 1379 4690 δὲ
1421 4636 1517 4688 οὐκ
1545 4634 1629 4701 ἐφ’
1793 4630 2108 4687 Exsistuntiu

1793 4630 2168 4698 Exsistentium
2193 4647 2369 4687 rerum
2400 4630 2636 4698 quaedam
2666 4636 2788 4680 sunt
2817 4628 2869 4679 in
2894 4625 3071 4695 nobis,
3105 4638 3246 4688 quic-

123 4735 264 4801 ἡμῖν.
306 4736 416 4800 Ἐφ’
450 4733 582 4801 ἡμῖν
612 4711 708 4798 μὲν
736 4727 1020 4796 ὑπόληψις,
1046 4726 1208 4796 ὁρμὴ,
1235 4723 1430 4795 ὄρεξις,
1452 4722 1632 4775 ἓκκλι-
1725 4724 1845 4780 dam
1903 4736 2007 4775 non
2047 4737 2106 4776 su

1725 4724 1845 4780 dam
1903 4736 2007 4775 non
2047 4731 2188 4776 sunt.
2218 4721 2271 4774 in
2303 4721 2458 4774 nobis
2483 4719 2693 4788 quidem
2730 4723 2856 4769 sunt
2901 4711 3242 4780 existimatio,

126 4799 216 4894 σις,
245 4821 337 4874 καὶ
368 4799 444 4871 ἐνὶ
472 4799 620 4886 λόγῳ
647 4817 745 4870 ὅσα
775 4817 1013 4886 ἡμέτερα
1038 4814 1189 4882 ἔργα.
1503 4821 1506 4824 ’
1728 4811 2016 4879 impulsus.
2065 4812 2108 4863 dt

1728 4811 2016 4879 impulsus.
2065 4811 2401 4870 desiderium,
2432 4807 2706 4866 aversatio,
2736 4811 2789 4855 et
2819 4813 2924 4852 uno
2955 4799 3115 4851 verbo
3146 4814 3248 4849 ra:-

1730 4905 1862 4961 tera,
1890 4911 2008 4966 quae
2037 4905 2230 4949 nostrae
2257 4905 2384 4948 sunt
2415 4894 2767 4959 operationcs.

2331 5000 2550 5056 CAPUT
2597 4999 2657 5051 ll.

1805 5098 1876 5149 Ac
1908 5112 1990 5160 ea,
2023 5110 2138 5161 quae
2172 5094 2220 5145 in
2251 5075 2400 5146 nobis
2423 5099 2562 5154 sunt,
2589 5089 2895 5142 naturaliter
2925 5087 3082 5139 libera
3112 5083 3249 5135 exsi-

1740 5197 1884 5242 stunt
1904 5184 2184 5253 prohiberi,
2207 5191 2258 5234 et
2287 5181 2528 5249 impediri
2549 5181 2765 5232 minime
2788 5182 3034 5245 possunt;
3060 5182 3106 5223 at
3131 5188 3248 5240 quae

1738 5290 1841 5328 non
1889 5282 2011 5327 sunt
2070 5273 2122 5324 in
2170 5272 2341 5334 nobis,
2395 5271 2624 5335 inﬁrma,
2677 5281 2843 5329 serva,
2891 5262 3160 5330 impedita,
3198 5271 3248 5316 et

1737 5364 1904 5418 aliena
1951 5362 2235 5416 exsistunt.
2552 5354 2574 5372 “

693 5012 936 5065 ΚΕΦΑΛ.
976 5012 1048 5064 B'.

189 5103 290 5154 Kal
329 5101 396 5151 τὰ
439 5099 532 5168 μὲν
561 5099 644 5166 ἐφ’
674 5101 802 5166 ἡμῖν
829 5085 963 5160 ἐστι,
999 5100 1151 5166 φύσει
1182 5097 1456 5166 ἐλεύθερα,
1486 5094 1632 5148 ἀκώ-

127 5189 270 5255 λυτα,
299 5190 721 5262 ἀπαραπόδιστα.
757 5190 834 5240 Τὰ
877 5189 932 5240 δὲ
973 5191 1070 5242 οὐκ
1114 5189 1196 5258 ἐφ’
1222 5190 1372 5259 ἡμῖν,
1418 5185 1632 5256 ἀσθενῆ,

128 5278 298 5343 δοῦλα,
325 5279 556 5342 κωλυτὰ,
594 5279 864 5346 ἀλλότρια.

696 5475 937 5527 ΚΕΦΑΛ.
981 5474 1050 5526 r'.

459 5537 465 5543 ο
696 5475 937 5527 ΚΕΦΑΛ.
981 5474 1050 5526 r'.

2311 5468 2531 5539 CAPUT
2588 5466 2672 5518 ill.
2752 5487 2759 5492 -

193 5566 449 5638 Μέμνησο
486 5558 576 5619 οὖν
618 5563 699 5617 δτι
745 5563 838 5616 ἐὰν
880 5562 946 5614 τὰ
989 5563 1144 5629 φύσει
1190 5561 1639 5646 aequassem

1807 5563 2067 5619 Memento
2112 5566 2289 5633 igitur,
2314 5622 2315 5625 η
2338 5536 2501 5630 quod,
2546 5568 2590 5612 si
2620 5571 2737 5627 qua:
2767 5534 3074 5609 naturaliter
3102 5568 3249 5609 serva
