4058 6350
746 272 871 334 1287

2160 260 2451 321 SPURIA.

3768 260 3883 324 I288

741 392 889 442 sunt,
920 376 1187 448 putaveris
1213 375 1399 440 libera,
1425 382 1478 428 et
1507 388 1621 441 qua:
1653 370 1842 432 aliena,
1876 367 2126 439 propria;
2162 369 2263 421 Illi-

2362 368 2565 439 οἰηθῇς,
2593 367 2688 421 καὶ
2714 366 2781 421 τὰ
2812 366 3062 437 ἀλλότρια
3093 348 3194 419 tam
3216 406 3230 430 ,
3272 366 3659 438 ἐμποδισοήσῃ.
3696 370 3875 440 πενθή.

740 471 986 540 pedicris,
1023 466 1244 535 lugebis,
1296 460 1708 533 perturbaberis,
1742 459 1805 512 de
1831 454 1939 510 Deo
1965 458 2134 524 deque
2168 455 2265 507 ho-

742 560 974 612 minibus
1003 553 1386 623 conquereris;
1420 550 1463 604 si
1493 564 1617 602 vero
1643 559 1790 601 tuum
1817 547 2064 615 Opinatus
2098 542 2263 597 fueris

740 638 1073 694 solvunde
1123 651 1242 690 esse
1295 645 1464 694 tuum,
1520 634 1747 685 alienum
1803 641 1999 695 autem,
2065 638 2123 683 ut
2160 637 2262 691 est,

739 728 992 789 alienum,
1048 724 1229 777 nullus
1272 732 1322 775 te
1350 721 1557 774 vexabit
1586 735 1840 788 unquam,
1873 719 2049 771 nullus
2078 728 2129 770 te
2165 718 2265 769 Im-

743 812 935 881 pedict,
990 826 1158 879 neque
1200 810 1451 863 adversus
1489 809 1652 861 ullnnt
1680 808 1945 875 querelam
1979 820 2261 875 propones,

743 903 885 954 litcrt
934 900 1027 952 ulli
1062 914 1165 952 non
1200 899 1457 962 intendes,
1493 896 1623 950 nihil
1652 895 1847 948 invitus
1883 893 2067 955 facies,
2095 889 2265 945 nemi-

743 1005 865 1043 nem
896 988 1113 1041 habebis
1145 987 1437 1052 inimicum,
1473 985 1652 1040 nullus
1685 997 1735 1040 te
1763 984 1932 1048 laedet,
1967 996 2142 1051 neque
2165 994 2267 1034 no-

744 1092 808 1130 xa
819 1090 867 1129 nt
898 1070 1080 1129 afferet
1123 1074 1375 1143 aliquam.

1318 1170 1539 1235 CAPUT
1595 1172 1683 1230 IV.

810 1286 959 1340 Talia
1009 1285 1171 1353 igitur
1216 1292 1465 1351 lautaque
1522 1290 1793 1350 appetens,
1843 1286 2108 1333 memento
2143 1292 2263 1332 rur~

743 1392 856 1437 sus,
914 1374 1057 1441 quod
1095 1375 1219 1426 dum
1270 1373 1494 1425 moveris
1528 1370 1882 1447 mediocriter,
1919 1385 2023 1422 non
2061 1376 2268 1436 oportet

740 1482 802 1519 ea
831 1470 1124 1531 capessere,
1156 1461 1247 1515 sed
1283 1461 1347 1513 ad
1386 1460 1558 1527 aliqua
1592 1458 1803 1527 quidem
1840 1458 2147 1512 omnimodo
2178 1459 2267 1511 de-

744 1556 868 1609 ferri
925 1564 1097 1617 motu,
1125 1552 1228 1603 alia
1265 1565 1388 1604 vero
1419 1564 1515 1618 pro
1556 1549 1801 1617 praesenti
1837 1547 2049 1601 diti'erre
2077 1566 2090 1601 :
2122 1547 2265 1614 quod

2371 475 2482 520 σεις
2503 497 2519 522 ,
2573 458 2885 528 ταραχθήσῃ
2904 496 2919 522 ,
2950 457 3133 527 μέμψῃ
3167 456 3260 509 καὶ
3291 456 3419 508 Θεὸν
3448 456 3887 527 καϊάνθρὼπουςο

2362 547 2454 599 ἐὰν
2483 547 2538 598 δὲ
2574 546 2636 598 τὸ
2671 542 2759 599 σὺν
2802 544 2959 617 μόνον
3003 545 3189 614 οίηοῇς
3218 546 3308 597 σὺν
3352 540 3524 611 εἶναι,
3556 544 3618 598 τὸ
3654 546 3710 599 δὲ
3741 547 3889 601 ἁλλό-

2361 656 2530 708 τριον,
2554 639 2625 701 ὡς
2661 638 2821 702 ἔστιν,
2859 635 3155 707 ἀλλότριον,
3187 637 3355 698 οὐδείς
3379 654 3435 689 σε
3465 630 3780 703 ἀναγκάσει,
3803 638 3889 691 οὐ·

2362 720 2473 787 δείς
2500 743 2558 777 σε
2588 720 2858 790 κωλύσει,
2890 728 2948 779 οὐ
2981 726 3170 795 μέμψῃ
3198 726 3402 788 οὐδένα,
3435 724 3553 778 οὐδὲ
3585 725 3879 792 ὲγκαλέσεις

2362 809 2567 877 οὐδενὶ,
2599 815 2747 865 ἄκων
2775 812 2993 883 πράξεις
3023 813 3140 865 οὐδὲ
3174 813 3263 864 ἔν’
3298 811 3485 882 ἐχθρὸν
3508 812 3697 865 οὐδένα
3733 813 3879 879 ἕξεις,

2362 899 2535 965 οὐδείς
2567 920 2625 955 σε
2653 902 2861 971 βλάψει,
2887 898 3005 954 οὐδὲ
3031 895 3287 971 βλαδερόν
3309 918 3361 954 τι
3389 902 3617 970 ποιήσει.

2954 1172 3197 1232 ΚΕΦᾹΛ.
3237 1176 3308 1230 Δ’.

2431 1290 2770 1361 Τηλικούτων
2811 1286 2903 1341 οὖν
2954 1289 3234 1358 ἐφιέμενος
3265 1329 3278 1352 ,
3320 1288 3565 1357 μέμνησο
3604 1289 3684 1340 ὅτι
3730 1288 3786 1340 οὗ
3815 1288 3889 1340 δεῖ

2373 1381 2601 1448 μετρίως
2630 1378 2977 1448 κεκινημένος
3008 1376 3267 1431 ἅπτεσθαι
3294 1376 3471 1429 αὐτῶν
3495 1418 3508 1439 ,
3543 1377 3677 1431 ἀλλὰ
3703 1380 3770 1431 τά
3796 1378 3882 1448 μὶν

2364 1485 2533 1521 κεκιντ
2558 1466 2711 1535 μένος
2740 1464 3033 1529 παντελῶς,
3082 1465 3147 1516 τά
3177 1465 3232 1516 δὲ
3258 1464 3634 1533 ὑπερτίθεσθαι
3674 1465 3803 1534 πρὸς
3831 1466 3885 1517 τδ

2369 1557 2535 1625 παρὸν
2590 1554 2683 1606 ἐὰν
2713 1554 2766 1605 δὲ
2798 1554 2889 1605 καὶ
2926 1552 3095 1605 ταῦτα
3137 1553 3337 1615 θέλεις,
3380 1554 3471 1605 καὶ
3498 1553 3762 1617 πλουτεῖν,
3792 1555 3878 1605 καὶ

743 1647 786 1698 si
836 1652 890 1696 et
942 1642 1053 1693 lucc
1085 1639 1233 1703 velis,
1276 1638 1567 1707 cupiasque
1594 1638 1853 1691 ditescere
1881 1635 2041 1688 simul
2091 1645 2144 1689 et
2172 1636 2265 1688 im-

2366 1646 2493 1712 ἇρχε
2563 1681 2575 1704 ,
2605 1643 2761 1710 τυχὸν
2798 1641 2895 1710 μὲν
2929 1640 3046 1703 οὐδὲ
3083 1641 3259 1692 αὐτῶν
3289 1641 3490 1693 τούτων
3526 1642 3686 1711 τεύξῃ
3711 1641 3792 1693 διὰ
3830 1641 3881 1693 τὸ

745 1743 950 1799 perare,
1011 1727 1229 1781 forsitan
1284 1740 1381 1777 nec
1430 1740 1490 1778 ea
1528 1726 1641 1792 ipsa
1681 1724 2001 1788 assequeris,
2030 1736 2095 1776 eo
2127 1722 2267 1790 quod

744 1819 909 1885 prima
942 1815 1099 1868 simul
1142 1814 1507 1881 concupiscas,
1542 1827 1721 1865 verum
1750 1811 1999 1864 omnibus
2025 1805 2129 1864 illis
2157 1810 2269 1863 fru-

744 1904 1017 1968 straberis,
1038 1918 1141 1971 iper
1177 1916 1295 1970 qua:
1321 1903 1492 1954 solum
1525 1898 1750 1952 felicitas
1777 1906 1830 1952 et
1877 1896 2093 1951 libertas
2121 1911 2268 1951 coru-

745 2003 980 2061 paratur.

1335 2102 1559 2157 CAPUT
1588 2101 1651 2156 V.

813 2216 1002 2271 Statim
1036 2215 1198 2285 igitur
1234 2229 1435 2282 aspera:
1466 2214 1657 2279 cuique
1705 2214 2090 2280 imaginatiOni,
2124 2226 2268 2267 curm

730 2303 836 2354 tibi
866 2301 936 2353 sit
984 2302 1176 2355 addere
1224 2299 1467 2361 dicendo,
1518 2296 1657 2363 quod
1688 2299 1927 2364 quedam
1962 2300 2267 2365 apparentia

744 2391 831 2453 sit,
888 2390 1032 2442 nullo
1086 2405 1208 2463 vero
1262 2388 1420 2439 modo
1460 2388 1697 2449 exsistat,
1743 2395 1801 2439 ut
1844 2386 2266 2454 inconspectum

744 2481 885 2534 venit
929 2496 992 2535 ac
1022 2481 1256 2533 cernitur
1284 2494 1298 2540 ;
1355 2492 1471 2529 eam
1501 2477 1691 2529 deinde
1726 2477 1992 2539 examina,
2023 2488 2073 2530 et
2101 2478 2265 2545 proba

745 2567 961 2633 regulis,
980 2582 1112 2633 quas
1142 2565 1336 2629 habes;
1368 2565 1469 2619 hac
1498 2580 1620 2618 vero
1649 2565 1814 2630 prima
1835 2573 1887 2617 et
1908 2565 2265 2634 potissimum,

748 2660 922 2703 utrum
952 2652 1021 2702 sit
1043 2665 1104 2701 ex
1136 2651 1213 2702 eis
1244 2666 1360 2716 qtae
1384 2651 1434 2701 in
1470 2651 1623 2703 nobis
1659 2660 1803 2714 sunt,
1841 2661 1933 2704 aut
1956 2666 2020 2705 ex
2048 2654 2125 2705 eis
2147 2667 2267 2720 qua:

746 2739 797 2791 in
829 2738 982 2790 nobis
1015 2752 1117 2789 non
1164 2745 1309 2797 sunt,
1359 2737 1507 2803 sique
1545 2738 1614 2790 sit
1640 2740 1764 2805 quid
1794 2754 1979 2792 eorum
2012 2755 2129 2809 qua:
2161 2756 2264 2793 non

748 2829 797 2879 in
864 2826 1035 2890 nobis,
1099 2825 1151 2878 in
1209 2833 1449 2892 promptu
1506 2824 1687 2888 habes,
1742 2826 1883 2892 quod
1930 2827 2059 2878 nihil
2100 2828 2164 2879 ad
2214 2836 2265 2880 to

746 2924 964 2984 spectat.

1335 3019 1554 3075 CAPUT
1582 3020 1666 3074 VI.

817 3132 1133 3193 Recordare,
1170 3130 1309 3198 quod
1343 3130 1679 3198 appetitionis
1713 3130 1994 3199 promissio
2022 3132 2091 3185 sit
2120 3146 2267 3185 assc-

748 3220 889 3270 cutio
959 3219 1076 3284 ejus
1131 3218 1267 3284 quod
1316 3217 1620 3282 appetitur;
1652 3217 1952 3270 aversionis
2004 3218 2268 3286 pollicita-

752 3304 845 3363 tio,
888 3316 989 3352 non
1043 3302 1275 3352 incidere
1302 3301 1353 3350 iu
1388 3301 1536 3362 illud,
1569 3301 1709 3365 quod
1745 3302 1865 3365 quis
1894 3306 2190 3354 avet'saltir.
2221 3303 2266 3356 Is

751 3404 927 3456 porro,
983 3388 1073 3454 qui
1116 3388 1169 3438 in
1216 3382 1563 3439 desiderando
1612 3384 1921 3454 frustratur,
1967 3386 2137 3452 impos
2186 3397 2269 3440 est

751 3478 855 3529 voti
882 3493 894 3541 ;
926 3477 1015 3543 qui
1041 3490 1161 3527 vero
1192 3475 1243 3526 in
1279 3474 1572 3526 aversando
1602 3474 1805 3537 incidit,
1837 3474 2016 3529 infelix
2047 3494 2060 3527 :
2093 3476 2269 3543 itaque

749 3567 794 3619 si
821 3565 1081 3616 aversaris
1115 3562 1198 3615 illa
1230 3561 1363 3622 sola,
1398 3577 1513 3629 qua:
1534 3571 1655 3615 sunt
1690 3570 1876 3629 praeter
1905 3570 2169 3624 naturam,
2201 3578 2265 3617 ex

748 3656 847 3716 eis,
881 3669 997 3720 qua:
1029 3653 1079 3703 in
1118 3663 1165 3704 te
1196 3660 1340 3713 sunt,
1365 3652 1561 3703 nullam
1597 3650 1648 3702 in
1695 3665 1804 3703 rem
1835 3650 2037 3706 incides
2061 3666 2263 3717 earum,

749 3756 881 3808 quas
909 3740 1190 3802 aversaris,
1222 3739 1302 3791 sin
1324 3753 1449 3793 vero
1478 3740 1738 3803 morbum,
1768 3748 1859 3793 aut
1882 3748 2261 3809 paupertatem,

753 3830 829 3881 vel
869 3837 1089 3880 mortem
1132 3827 1411 3891 averseris,
1437 3827 1775 3880 calamitosus
1793 3827 1919 3881 eris.

1318 3929 1535 3983 CAPUT
1579 3929 1687 3983 VII.

817 4038 964 4091 Tolle
1011 4039 1169 4107 igitur
1207 4039 1533 4091 eversionem
1579 4039 1645 4091 ab
1687 4040 1951 4103 omnibus,
1982 4056 2099 4108 quae
2139 4051 2264 4096 sunt

754 4134 941 4192 praeter
980 4136 1216 4177 naturam
1244 4140 1305 4176 ex
1337 4126 1401 4177 iis
1432 4140 1571 4200 quae
1604 4127 1655 4178 in
1690 4127 1839 4180 nobis
1864 4143 2017 4194 sunt;
2057 4132 2259 4200 cupidi-

2368 1734 2457 1784 καὶ
2493 1731 2599 1781 τῶν
2626 1729 2901 1799 προτέρων
2927 1728 3192 1795 ἐφίεσθαι,
3216 1729 3426 1780 πάντων
3453 1744 3514 1795 γε
3546 1730 3649 1797 μὴν
3676 1728 3883 1779 ἐκείνων

2365 1819 2634 1889 άποτεύξῃ
2679 1818 2746 1869 δι’
2799 1812 2872 1871 ὧν
2915 1817 3075 1887 μόνον
3122 1817 3398 1886 ἐλευθερία
3438 1817 3529 1868 καὶ
3582 1816 3881 1881 εὐδαιμονία

2369 1908 2723 1977 περιγίνεται.

2946 2102 3190 2191 ΚΡΞΦᾹΛ.
3234 2100 3306 2154 Ε’.

2437 2209 2606 2271 Εὐθὺς
2646 2205 2739 2261 οὖν
2773 2208 2919 2276 πάσῃ
2963 2209 3227 2276 φαντασία
3273 2209 3499 2279 τραχείᾳ
3543 2210 3737 2278 μελέτα
3775 2210 3881 2261 ἑπι-

2366 2300 2537 2363 λὲγειν
2558 2335 2573 2360 ,
2604 2298 2682 2348 ὅτι
2713 2296 2972 2362 φαντασία
3004 2292 3072 2366 ᾗ,
3110 2298 3204 2348 καὶ
3225 2296 3285 2348 οὐ
3320 2298 3528 2358 πάντως
3555 2297 3615 2348 τὸ
3638 2298 3879 2366 φαινόμε-

2366 2401 2472 2447 νον,
2505 2384 2691 2435 ἔπειτα
2728 2383 2943 2446 ἐξέταζε
2969 2384 3154 2451 αὐτὴν,
3182 2386 3274 2435 καὶ
3301 2383 3554 2452 δοκίμαζε
3591 2387 3697 2445 τοῖς
3734 2385 3878 2436 κανό-

2367 2474 2467 2536 σιν,
2501 2467 2581 2534 οἷς
2605 2460 2752 2542 ἔχεις
2776 2513 2793 2538 ,
2850 2475 3045 2541 πρώτῳ
3080 2472 3134 2524 δὲ
3176 2475 3269 2525 καὶ
3295 2472 3464 2541 τούτῳ
3487 2513 3501 2538 ,
3533 2474 3625 2525 καὶ
3658 2474 3877 2542 μάλιστα

2367 2559 2587 2626 πότερον
2630 2560 2756 2629 περὶ
2795 2558 2860 2611 τὰ
2889 2560 2971 2626 ἐφ’
3004 2561 3132 2628 ἡμῖν
3179 2561 3323 2611 ἐστιν
3357 2560 3390 2629 ἢ
3420 2561 3544 2630 περὶ
3572 2561 3638 2613 τὰ
3669 2562 3766 2614 οὐκ
3802 2562 3878 2629 ἐσθ’

2365 2647 2516 2715 ἡμῖν,
2560 2647 2765 2716 κᾶνπερ
2793 2642 2898 2717 ᾗτι
2926 2646 3033 2699 τῶν
3059 2647 3157 2698 οὐκ
3186 2645 3269 2715 ἔφ’
3297 2648 3423 2716 ἡμῖν
3445 2650 3725 2718 πρόχειρον
3751 2648 3879 2701 ἔστω

2361 2736 2422 2786 τὸ
2452 2735 2533 2787 ὅτι
2558 2735 2708 2788 οὐδὲν
2740 2736 2869 2805 πρὸς
2907 2735 2984 2789 σέ.

2931 3011 3305 3077 xeoAA.qr.

2434 3116 2688 3185 Μέμνησο
2712 3116 2791 3168 ὃτι
2823 3117 3044 3186 ὀρέξεως
3075 3122 3367 3188 ιπαγγελία
3394 3126 3639 3195 ἐπιτυχῐα
3671 3124 3731 3182 οὗ
3768 3130 3876 3200 ὁρι-

2365 3222 2551 3274 γεται,
2609 3206 2897 3270 ὲκκλίσεως
2953 3208 3244 3274 ἐπαγγελία
3296 3211 3351 3293 τὸ
3415 3213 3487 3283 μὴ
3543 3220 3877 3286 περιπίπτειν

2366 3297 2554 3365 ἐκείνῳ
2576 3335 2592 3359 ,
2640 3297 2667 3348 ὃ
2697 3296 3013 3349 ἑκκλίνεται.
3058 3298 3113 3349 Ὀ
3146 3299 3242 3367 μὲν
3275 3302 3331 3351 ὲν
3368 3302 3541 3369 ὀρέξει
3584 3307 3874 3375 ἀποτυγχά.

2368 3400 2492 3444 νων,
2518 3386 2737 3450 ἀτυχήςο
2760 3387 2787 3435 ὁ
2816 3385 2869 3437 δὲ
2898 3387 2952 3438 ἐν
2979 3388 3211 3441 ὲκκλίσει
3238 3391 3573 3458 περιπίπτων
3599 3394 3872 3465 δυστυχής·

2367 3471 2459 3522 ἐὰν
2492 3467 2585 3535 οὖν
2625 3474 2756 3538 μόνα
2785 3474 3030 3545 ἐκκλίνῃς
3057 3477 3125 3529 τὰ
3154 3480 3300 3545 παρὰ
3333 3479 3490 3547 φύσιν
3523 3482 3628 3537 τῶν
3654 3487 3745 3535 ἐπὶ
3774 3487 3868 3547 σοὶ,

2365 3559 2536 3610 οὐδενὶ
2568 3553 2640 3611 ὧν
2675 3560 2935 3622 ἐκκλίνεις
2964 3566 3254 3634 περιπέσῃο
3285 3569 3434 3619 νόσον
3462 3571 3517 3619 δὲ
3548 3571 3613 3622 ἂν
3635 3575 3874 3644 ἐκκλίνῃς

2364 3645 2396 3715 ἢ
2425 3647 2627 3711 πενίαν,
2656 3647 2686 3717 ἦ
2720 3648 2962 3713 θάνατον,
2991 3652 3358 3723 δυστυχήσεις.

2950 3930 3190 3984 ΚΕΦΛΛ.
3212 3933 3300 3989 ,Ζ’.

2427 4032 2491 4087 *Δ
2503 4053 2591 4105 ρον
2618 4033 2709 4089 οὖν
2737 4037 2832 4106 τὴν
2870 4037 3102 4091 ἔκκλισιν
3136 4041 3241 4093 ἀπὸ
3280 4043 3491 4096 πάντων
3529 4046 3635 4101 τῶν
3666 4050 3763 4102 οὐκ
3797 4052 3868 4115 ἐφ’

2365 4126 2509 4193 ἡμῖν,
2545 4128 2635 4178 καὶ
2664 4128 2885 4194 μετάθες
2916 4129 3002 4178 ἐπὶ
3028 4129 3094 4181 τά
3128 4130 3273 4196 παρὰ
3301 4132 3456 4198 φύσιν
3484 4134 3589 4187 τῶν
3618 4138 3703 4202 ἐφ’
3732 4140 3867 4206 ἡμῖν.

755 4223 911 4264 tatem
942 4224 1064 4261 vero
1096 4224 1191 4276 pro
1220 4203 1463 4276 praesenti
1502 4213 1717 4264 omnino
1762 4212 1999 4278 auferas;
2031 4217 2075 4269 si
2115 4218 2257 4271 enim

2362 4212 2452 4280 τὴν
2485 4214 2656 4281 ὄρεξιν
2684 4214 2735 4265 δὲ
2771 4216 3033 4277 παντελῶς
3059 4218 3146 4268 ἐπὶ
3176 4219 3267 4270 τοῦ
3298 4223 3553 4288 παρόντος
3578 4203 3865 4280 άνελεξίΑν

752 4309 963 4369 appetas
990 4297 1185 4363 aliquid
1210 4312 1394 4349 eorum
1418 4313 1534 4365 qute
1573 4314 1676 4351 non
1704 4312 1829 4353 sunt
1860 4303 1912 4354 in
1947 4304 2117 4367 nobis,
2151 4305 2261 4358 fru-

750 4388 904 4443 strari
954 4399 1229 4438 necessum
1264 4392 1374 4447 est;
1423 4400 1601 4436 verum
1634 4402 1791 4452 quam
1827 4389 2019 4442 bonum
2050 4376 2120 4443 sit
2162 4406 2259 4458 ap-

749 4486 924 4546 petere
966 4490 1026 4525 ca
1054 4487 1173 4540 qua:
1214 4473 1267 4522 in
1307 4471 1458 4523 nobis
1504 4480 1645 4532 sunt,
1681 4474 1852 4526 adhuc
1897 4477 1985 4528 tibi
2026 4492 2129 4529 non
2179 4488 2261 4532 est

748 4563 1109 4626 manifestum,
1156 4561 1245 4614 sed
1282 4560 1447 4613 solum
1491 4571 1633 4612 tnntu
1666 4577 1771 4628 quo
1796 4563 1859 4614 ad
1892 4566 2087 4630 aliquid
2132 4581 2261 4620 con-

749 4654 986 4712 verteris,
1034 4652 1114 4705 vel
1162 4667 1223 4704 ex
1273 4652 1449 4718 aliquo
1496 4660 1547 4703 te
1590 4652 1834 4718 proripis,
1872 4663 2014 4705 utere
2059 4655 2258 4720 leviter,

749 4741 863 4792 sine
906 4721 1179 4799 dilatione,
1218 4750 1270 4791 et
1308 4755 1427 4791 cutn
1472 4739 1798 4805 exceptione,
1835 4746 1992 4806 atque
2020 4740 2255 4795 remisse.

1308 4846 1530 4900 CAPUT
1569 4848 1697 4900 VIII.

820 4936 1116 5003 Unicuique
1155 4936 1382 4999 illorum,
1429 4955 1545 5005 quae
1590 4942 1823 4993 animum
1869 4941 2130 5002 alliciunt,
2168 4952 2257 4993 ant

751 5028 1026 5079 utilitatem
1070 5024 1321 5091 przbent,
1357 5027 1434 5076 vel
1484 5029 1789 5096 diliguntur,
1824 5042 2087 5083 memento
2128 5030 2259 5096 adji-

750 5129 866 5168 cere
901 5114 1123 5166 dicendo
1174 5111 1487 5178 (eujusmodi
1522 5116 1620 5182 est)
1659 5133 1878 5172 exorsus
1923 5136 1951 5173 a
2000 5122 2256 5186 minimis,

752 5202 798 5255 si
832 5203 1019 5267 diligas
1048 5203 1229 5262 ollam,
1256 5200 1395 5268 quod
1442 5202 1596 5253 ollam
1627 5206 1827 5273 diligis;
1875 5225 1996 5263 nam
2036 5227 2097 5264 ca
2132 5227 2259 5265 con-

752 5288 915 5342 fracta
940 5308 1040 5343 non
1070 5289 1492 5358 perturbaberis;
1525 5290 1566 5343 si
1590 5292 1801 5347 filiolum
1826 5307 1971 5349 tuum
1997 5315 2256 5365 peramcs,

752 5386 841 5427 aut
883 5392 1120 5438 uxorem,
1155 5378 1296 5445 quod
1341 5378 1603 5431 nominem
1654 5394 1911 5453 peramas,
1941 5401 2059 5441 cum
2109 5404 2256 5444 nam-

751 5473 851 5526 que
874 5458 1173 5527 decesserit,
1209 5476 1312 5515 non
1339 5462 1649 5523 turbabcris.

2356 4316 2413 4351 τε
2438 4302 2542 4368 γάρ
2562 4302 2720 4370 όρέγῃ
2741 4301 2845 4354 τῶν
2864 4305 2962 4354 οὐκ
2985 4304 3065 4371 ἐφ’
3089 4308 3213 4373 ἡμῖν
3231 4324 3391 4370 τινος.
3414 4312 3626 4378 ἀτυχεῖν
3649 4313 3867 4378 ἀνάγκη.

2360 4389 2475 4449 Τῶν
2518 4390 2572 4440 δὲ
2615 4391 2697 4455 ἐφ’
2742 4393 2869 4459 ἡμῖν
2916 4394 3034 4444 ὅσον
3081 4395 3358 4462 ὀρέγεσθαι
3404 4398 3565 4450 καλὸν
3609 4400 3760 4453 οὔπω
3798 4418 3866 4453 σοι

2358 4473 2583 4541 πάρεστι
2609 4490 2622 4501 ·
2668 4476 2807 4542 μόνῳ
2834 4476 2888 4526 δὲ
2916 4479 2988 4543 τῷ
3016 4482 3205 4547 όρμᾷν,
3237 4481 3268 4548 ἢ
3311 4483 3555 4551 ἀφορμᾷν
3587 4486 3722 4554 χρῷ,
3754 4487 3858 4539 κού-

2361 4581 2490 4631 φως,
2518 4566 2901 4633 ἀνυπερῦέτως,
2931 4569 3017 4619 καὶ
3054 4570 3164 4635 μεθ’
3196 4572 3587 4641 ὑπεξαιρέσεως
3619 4580 3710 4631 καὶ
3736 4582 3866 4634 ἀνει-

2361 4670 2423 4722 με
2430 4672 2528 4716 νως
2532 4682 2551 4709 ὁ

2931 4856 3169 4910 ΚΕΦΑΛ.
3211 4858 3285 4913 11⁸.

2437 4939 2549 5007 Ἐφ’
2575 4941 2798 4993 ἑκάστου
2835 4942 2935 4994 τῶν
2964 4945 3435 5015 ψυχαγωγοῦντων,
3464 4950 3494 5020 ἦ
3525 4954 3709 5021 χρείας
3738 4970 3863 5021 παρ-

2358 5028 2601 5093 εχόντων,
2637 5029 2667 5096 ἢ
2699 5034 3064 5101 στεργομένων
3101 5038 3337 5104 μέμνησο
3369 5040 3638 5107 ἐπιλέγειν
3677 5044 3863 5110 (ὁποῖός

2358 5117 2499 5167 ἐστιν
2531 5118 2635 5177 ἀπὸ
2666 5118 2769 5169 τῶν
2817 5124 3182 5191 σμικροτάτων
3220 5126 3534 5195 ἀρξάμενος,
3580 5130 3645 5181 ἂν
3675 5134 3863 5201 χύτραν

2358 5204 2622 5275 στέργῃς),
2648 5207 2725 5258 ὅτι
2756 5207 2952 5277 χύτραν
2984 5212 3223 5281 στέργεις
3243 5231 3256 5245 ·
3288 5217 3636 5285 κατεαγείσης
3674 5220 3779 5286 γὰρ
3808 5218 3862 5268 οὐ

2354 5295 2681 5363 ταραχθήσῃ,
2706 5295 2768 5348 ἂν
2790 5297 2994 5350 παιδίον
3019 5294 3236 5353 σεαυτοῦ
3268 5306 3547 5371 καταφιλῇ,
3572 5306 3603 5374 ἢ
3626 5310 3863 5373 γυναῖκα,

2355 5380 2433 5431 ὅτι
2464 5380 2736 5449 ἄνθρωπον
2766 5389 3089 5452 καταφιλείςο
3120 5390 3467 5454 ἀποθανόντος
3497 5395 3601 5462 γάρ
3628 5395 3688 5444 ουκ
3715 5409 3863 5461 ταρα-

2356 5471 2545 5541 xossa-
