4058 6350
189 263 310 325 1293

1361 275 1701 336 EPICTETI.
1738 279 1888 338 MAN
1901 281 2106 338 UALE.

3072 311 3078 315 '
3166 297 3293 356 1291.

182 367 386 431 θελέτω,
424 364 556 438 μήτε
587 373 824 440 φευγέτω
853 392 903 426 τι
933 376 1037 428 τῶν
1065 379 1150 428 ἐπ’
1190 379 1382 441 ἄλλοις,
1416 385 1462 432 εί
1491 383 1544 433 δὲ
1581 385 1655 452 μὴ

184 453 431 476 ι,,λ-,ς--,,

1782 386 1912 439 liber
1937 402 2057 440 esse
2085 389 2214 451 vult,
2266 404 2434 458 neque
2462 395 2657 461 cupiat,
2707 415 2802 454 nec
2850 414 3119 459 aversetur
3141 412 3292 476 quid-

179 453 433 506 δουλεύειν
460 457 689 547 ἀνάγκη.

715 645 955 698 ΚΕΦΛΛ.
994 647 1122 699 KA'.

243 746 509 816 Μέμνησο,
541 751 620 802 ὃτι
651 753 724 813 ὼς
768 755 822 803 ἐν
875 755 1150 822 συμποσίῳ
1203 773 1258 806 σε
1309 758 1388 809 δεῖ
1429 761 1682 828 ἀναστρέ-

177 839 356 902 φεσθαι
385 842 796 910 περιφερόμενον
820 861 833 874 ·
864 848 914 895 τί
941 846 1121 911 γέγονε
1155 849 1291 900 κατᾶ
1321 849 1411 913 es;
1440 851 1681 911 ἐκτείνας

174 928 266 995 τὴν
288 931 437 996 χεῖρα
465 931 700 998 κοσμίως
733 932 994 1000 μετάλαϐε
1022 951 1036 963 ·
1079 936 1418 1004 παρέρχεται,
1455 939 1526 1006 μὴ
1557 940 1680 990 κάτ-

173 1031 258 1083 εχε
278 1032 293 1046 ο
323 1015 468 1069 οὔπω
493 1018 632 1086 ἥκει,
670 1023 741 1088 μὴ
770 1021 988 1074 ἐπίϐαλε
1015 1024 1194 1093 πόρρω
1218 1026 1312 1094 τὴν
1337 1026 1527 1094 ὄρεξιν,
1551 1029 1682 1079 ἀλλὰ

175 1106 418 1174 περίμενε
466 1111 654 1178 μέχρις
694 1111 758 1163 ἂν
787 1113 1004 1180 γένηται
1051 1115 1188 1166 κατὰ
1235 1116 1294 1166 σέ
1324 1133 1337 1145 ·
1384 1117 1519 1168 οὕτω
1551 1118 1680 1187 πρὸς

172 1196 347 1256 τέκνα,
374 1195 511 1248 οὕτω
543 1197 674 1266 πρὸς
698 1201 944 1264 γυναῖκα,
975 1201 1106 1270 πρὸς
1142 1202 1330 1280 ἀρχὰς,
1362 1204 1492 1272 πρὸς
1518 1203 1678 1256 πλοῦ-

170 1297 275 1345 τον,
307 1283 397 1334 καὶ
423 1283 519 1355 ἔσῃ
557 1285 698 1350 ἄξιός
729 1304 853 1338 ποτε
900 1287 989 1339 τοῦ
1023 1287 1153 1339 Θεοῦ
1186 1289 1478 1358 ἄνθρωπος.
1519 1288 1678 1343 Ὅταν

169 1369 225 1419 δὲ
254 1372 341 1422 καὶ
373 1374 824 1442 προσενεχθέντων
877 1391 976 1439 σοι,
1011 1376 1083 1444 μὴ
1125 1377 1308 1447 λάϐῃς,
1358 1379 1488 1430 ἀλλὰ
1529 1396 1678 1446 περι-

173 1457 298 1526 ίδῃς,
341 1459 457 1510 τότε
489 1461 547 1510 οὐ
597 1462 750 1528 μόνον
783 1463 1056 1533 ἄνθρωπος
1085 1466 1178 1535 ἔσῃ
1225 1465 1372 1529 Θεοῦ,
1419 1467 1548 1520 ἀλλὰ
1589 1470 1677 1520 καὶ

167 1543 239 1604 ὡς
264 1544 501 1612 ἄγγελος.

717 1656 959 1708 ΚΕΦΔΛ.
999 1657 1119 1710 KB’.

233 1757 390 1809 Ὅταν
415 1760 658 1814 κλαίοντα
686 1764 796 1833 ἴδῃς
826 1766 940 1815 τινὰ
963 1768 1019 1816 ἐν
1048 1767 1244 1832 πένθει,
1280 1770 1312 1837 ἢ
1340 1771 1676 1840 ἁποδημσῦνὲ

160 1861 252 1906 τος
277 1848 480 1912 τέκνου,
505 1849 536 1916 ἥ
557 1851 922 1904 ἀπολελωκότα
946 1854 1012 1904 τὰ
1037 1857 1243 1919 ἑαυτοῦ,
1267 1860 1492 1928 πρόσεχε
1518 1863 1590 1929 μή
1615 1879 1673 1913 σε

161 1935 192 1998 ἡ
226 1937 482 1998 φαντασία
521 1943 854 2009 συναρπάσῃ,
897 1941 970 2002 ὡς
1004 1945 1060 1994 ὲν
1107 1948 1291 2007 κακαῖς
1332 1948 1479 2010 ϐντος
1511 1951 1672 2002 αὐτοῦ

161 2027 270 2086 τοῖς
311 2028 479 2090 ἐκτὸς,
525 2029 636 2082 ἀλλ’
660 2031 815 2094 εὐθὺς
847 2031 980 2083 ἔστω
1025 2035 1322 2103 πρόχειρον,
1365 2037 1442 2088 ὅτι
1492 2039 1676 2091 τοῦτον

160 2113 341 2174 θλίϐει,
373 2117 433 2168 οὺ
462 2121 518 2169 τδ
549 2120 884 2188 συμϐεϐηκὸς
916 2122 1086 2190 (ἄλλον
1107 2124 1208 2193 γὰρ
1233 2125 1289 2176 οὐ
1314 2125 1520 2194 θλίϐει),
1545 2129 1675 2181 ἀλλὰ.

156 2200 217 2251 τὸ
245 2201 412 2272 δόγμα
456 2207 517 2257 τὸ
545 2211 669 2276 περὶ
701 2208 920 2275 τούτων,
971 2211 1127 2279 μέχρι
1169 2212 1346 2280 μέντοι
1399 2215 1553 2280 λόγου
1604 2219 1676 2285 μὴ

158 2287 299 2341 ὄκνει
339 2293 716 2362 περιφέρεσθαι
765 2297 925 2364 αὐτῷ,
955 2297 1054 2351 κᾶν
1098 2299 1236 2353 οὕτω
1276 2301 1428 2372 τύχῃ,
1465 2319 1677 2356 συνεπιο

158 2379 419 2442 στενάξαι,
453 2383 724 2450 προσέχων
754 2384 929 2458 μέντοι
958 2386 1030 2456 μὴ
1057 2391 1149 2439 καὶ
1175 2389 1370 2444 ἔσωθεν
1397 2393 1667 2464 στενάξῃς.

156 2467 331 2528 verba,
366 2482 432 2520 ne
459 2477 511 2523 te
543 2470 712 2537 pigeat
743 2474 882 2526 circa
961 2479 1132 2543 ipsum
1209 2482 1438 2546 ntanere,

156 2558 378 2612 interius
405 2561 560 2612 etiam
594 2565 972 2629 conge-miscas.

709 2671 951 2724 ΚΕΦΑΛ.
992 2675 1111 2727 Kl".

222 2733 571 2845 Μέμνῦῐὸτι
595 2781 883 2850 ὑποκριτὴς
903 2779 954 2835 εἴ
967 2785 1235 2853 δράματος
1257 2787 1368 2839 σίου
1389 2790 1433 2842 δ’
1455 2791 1519 2842 ἂν
1545 2793 1670 2865 θέλῃ

1781 489 1935 539 quam
1979 491 2162 528 eorum
2209 491 2325 545 qua:
2364 480 2415 532 in
2462 482 2580 536 aliis
2622 496 2762 546 sunt,
2809 490 3044 558 alioquin
3095 498 3294 554 servire

1781 575 2053 615 necessum
2083 574 2180 619 est.

2337 680 2556 734 CAPUT
2586 672 2729 736 'xxu.

1845 781 2135 849 Memento,
2183 789 2324 855 quod
2375 802 2614 857 oportet,
2671 805 2728 848 ut
2782 806 2830 849 te
2885 799 3290 874 circumferens,

1778 869 1914 922 sicut
1962 872 2016 924 in
2057 877 2296 929 convivio
2370 885 2700 937 eonverseris
2740 887 2938 959 :33EI
2993 895 3297 958 pervenitre

1779 958 1973 1021 aliquid
2013 962 2078 1014 ad
2109 965 2197 1015 te?
2221 967 2505 1022 extendens
2537 985 2750 1025 manum
2800 958 3037 1032 modeste
3073 984 3280 1051 accipe:

1779 1053 2028 1115 prasterit,
2055 1067 2121 1106 ne
2148 1055 2379 1110 detineas
2406 1077 2418 1110 :
2447 1061 2678 1114 nondum
2713 1068 2873 1130 venit,
2902 1084 2967 1123 ne
2992 1071 3142 1141 longe
3169 1090 3291 1141 pro-

1780 1136 1962 1189 tendas
1998 1141 2305 1206 appetitum,
2357 1147 2447 1198 sed
2485 1158 2753 1216 exspecta,
2803 1154 2970 1210 donec
3015 1167 3293 1216 accesserit

1777 1223 1844 1276 ad
1878 1234 1966 1277 te:
2000 1228 2078 1280 sic
2119 1237 2168 1282 te
2194 1245 2346 1297 geras
2374 1249 2497 1304 erga
2534 1238 2688 1302 lilios,
2725 1243 2801 1295 sic
2827 1259 2949 1314 erga
2994 1251 3288 1319 conjugem,

1776 1327 1897 1381 erga
1931 1318 2288 1383 magistratus,
2315 1338 2436 1391 erga
2463 1326 2706 1394 divitias;
2741 1333 2952 1400 erisque
2978 1318 3183 1392 tandem
3216 1343 3292 1395 di-

1774 1415 1908 1468 gnus
1933 1401 2023 1455 Dei
2051 1404 2206 1458 homo
2235 1426 2248 1459 :
2273 1413 2485 1474 quando
2514 1429 2636 1466 vero
2676 1419 2850 1472 oblata
2882 1424 2972 1476 tibi
3004 1441 3106 1480 non
3141 1443 3290 1482 acce-

1773 1484 1934 1548 peris,
1967 1495 2092 1538 tune
2131 1503 2232 1540 non
2278 1492 2448 1543 solum
2493 1495 2598 1546 eris
2641 1497 2799 1551 homo
2842 1501 2951 1567 Dei,
3002 1509 3092 1560 sed
3134 1511 3286 1564 etiam

1774 1571 1914 1624 velut
1945 1574 2178 1639 angelus.

2320 1689 2543 1744 CAPUT
2585 1692 2738 1747 XXII.

1845 1789 1973 1842 Cum
2020 1794 2248 1864 aliquem
2303 1798 2355 1850 in
2399 1800 2544 1853 luctu
2593 1803 2878 1870 ejulantcm
2927 1818 3285 1880 conspexeris.

1778 1885 1870 1927 aut
1899 1881 2211 1945 quod'tilius
2251 1901 2467 1954 peregre
2499 1891 2766 1956 profectus
2803 1895 2980 1963 fuerit,
3015 1913 3106 1954 aut
3148 1907 3287 1971 quod

1776 1979 1863 2017 res
1904 1980 2029 2021 suas
2086 1971 2339 2037 amiserit,
2389 1979 2618 2043 attende,
2665 1997 2731 2035 ne
2780 1992 2830 2038 te
2868 1979 3115 2056 corripiat
3157 1994 3291 2046 visiu

1777 2055 1957 2109 animo
1995 2068 2388 2126 repraesentata,
2430 2058 2653 2132 perinde
2694 2084 2754 2124 ac
2784 2073 2828 2125 si
2868 2074 2954 2128 ille
2996 2090 3292 2134 versaretur

1778 2141 1830 2192 in
1865 2144 2018 2198 malis
2050 2150 2420 2218 exterioribus,
2467 2155 2560 2208 sed
2603 2161 2779 2212 statim
2828 2163 2920 2216 tibi
2967 2178 3158 2232 praesto
3201 2171 3288 2232 sit,

1778 2230 1919 2294 quod
1973 2231 2256 2300 nimirum,
2315 2253 2418 2294 non
2463 2244 2606 2310 quod
2648 2249 2840 2303 accidit
2882 2230 3028 2306 illum
3081 2230 3292 2311 amictat

1782 2314 1963 2382 (alium
2015 2321 2154 2373 enim
2206 2324 2426 2381 minime
2450 2331 2672 2402 aIIIigit),
2722 2337 2814 2390 sed
2867 2341 3074 2407 opinio,
3130 2360 3289 2412 quam

1775 2400 1932 2455 habet
1986 2403 2053 2458 de
2097 2407 2244 2462 illis:
2274 2426 2454 2468 verum
2503 2400 2678 2484 quoad
2732 2423 2820 2489 id,
2862 2429 3000 2492 quod
3071 2431 3288 2499 exigunt

1485 2482 1635 2549 sique
1670 2484 1739 2537 ita
1779 2491 2066 2560 contingat,
2091 2503 2480 2572 congemiscere
2519 2511 2710 2575 simul;
2767 2528 2952 2570 caveas
2999 2509 3191 2584 tamen,
3223 2537 3288 2575 no

2309 2703 2532 2760 CAPUT
2568 2708 2747 2765 XXIII.

1841 2799 2136 2858 Recordare
2161 2812 2300 2872 quod
2325 2823 2470 2866 actor
2501 2832 2810 2883 personatus
2832 2839 2886 2876 es
2917 2827 3119 2893 fabulae,
3151 2848 3283 2900 (pta-

152 2860 178 2910 6
197 2861 524 2925 διδάσκαλος,
554 2864 618 2917 ἂν
643 2866 810 2936 βραχὺ
841 2869 1082 2938 βραχέος,
1112 2873 1176 2923 ἂν
1209 2875 1411 2943 μακρὸν
1435 2860 1664 2946 μακροῦ-λ

152 2949 240 2991 ἐάν
276 2966 333 2991 an.
377 2953 586 2991 πιτωνλυ
619 2955 902 2991 νἰηηινηῖυηο
935 2957 1060 2991 an...
1129 2959 1209 2991 .‘.....
1243 2964 1329 2991 ,ην
1373 2964 1552 2991 --:..-..
1583 2969 1636 2991 -.σ.

2179 2860 2190 2872 _
2245 2860 2298 2863 γ-
2326 2860 2460 2866 ..-μη
2501 2860 2810 2883 νυνι-...μισ
2832 2860 2886 2876 ιδ
2918 2860 3119 2893 ιιιυιιιιις,
3151 2860 3280 2900 qua-

1773 2886 1873 2939 lem
1918 2892 2142 2947 voluerit
2191 2901 2476 2965 magister;
2510 2906 2700 2968 brevis.
2741 2912 2782 2962 si
2820 2912 3060 2983 brevem;
3095 2921 3280 2991 longae,

151 2949 240 2999 ἐάν
276 2966 333 3001 σε
377 2953 586 3020 πτωχὸν
619 2955 905 3024 ὑποκρῖναι
935 2957 1084 3026 θέλῃ,
1129 2959 1212 3012 ἶνα
1243 2964 1334 3013 καὶ
1373 2964 1552 3017 τοῦτον
1580 2969 1668 3018 εὑ-

151 3037 294 3102 φυῶς
332 3039 606 3110 ὑποκρίνῃ,
638 3041 702 3095 ἂν
731 3044 919 3111 χωλὸν,
944 3045 1008 3097 ἂν
1049 3047 1299 3116 ἄρχοντα,
1331 3049 1393 3102 ἂν
1423 3053 1630 3122 ίδιὼτην
1655 3072 1670 3087 °

150 3126 236 3177 σὸν
265 3129 372 3198 γὰρ
397 3127 549 3181 τοῦτό
577 3132 691 3184 ἔστι
715 3131 774 3185 τὺ
799 3131 944 3187 δοθὲν
970 3136 1253 3203 πρόσωπον
1285 3141 1670 3210 ὑποκρίνασθαι

149 3214 323 3278 καλῶς
351 3216 660 3281 ἐκλέξασθαι
692 3219 749 3272 δὲ
775 3221 903 3275 αὐτὸ
932 3222 1109 3275 ἄλλου.

709 3435 950 3487 ΚΕΦΛΛ.
991 3439 1111 3491 KA'.

213 3531 394 3601 Κόραξ
434 3535 556 3587 ὅταν
587 3538 856 3605 μὴαίσιον
897 3545 1156 3616 κεκράγῃ,
1190 3547 1263 3616 μὴ
1293 3552 1671 3618 συναρπαζέτω

147 3636 203 3672 σε
235 3622 267 3689 ὴ
296 3626 554 3688 φαντασία
578 3627 667 3678 τοῦ
693 3628 952 3698 δαίμονος,
980 3635 1089 3684 ἀλλ’
1119 3637 1273 3697 εὐθὺς
1302 3639 1493 3704 διαίρει
1525 3643 1669 3708 παρὰ

145 3710 372 3777 σεαυτῷ,
405 3713 496 3763 καὶ
523 3713 665 3781 λέγε·
686 3717 894 3768 Τούτων
921 3721 1042 3784 ἐμοὶ
1065 3721 1210 3771 οὐδὲν
1235 3723 1661 3792 ἐπισημαίνεται,

141 3795 258 3845 ἀλλ’
298 3796 330 3864 ῆ
373 3797 446 3863 τῷ
487 3799 690 3865 σώματί
718 3818 837 3867 μου,
865 3804 896 3869 ἢ
937 3804 1011 3871 τῷ
1040 3807 1290 3875 κτησιδίῳ
1321 3827 1440 3877 μου,
1472 3813 1562 3864 καὶ
1590 3813 1666 3882 τῷ

140 3881 370 3949 δοξαρίῳ
399 3901 519 3950 μου,
548 3885 580 3953 ἢ
615 3890 723 3948 τοῖς
755 3889 981 3956 τέκνοις,
1012 3892 1043 3960 ἢ
1087 3897 1150 3963 τῇ
1191 3899 1422 3962 γυναικὶ,
1465 3901 1584 3967 ἐμοὶ
1612 3881 1666 3955 δὲ

141 3971 319 4022 πάντα
367 3974 514 4025 αἴσια
561 3977 894 4044 σημαίνεται,
944 3983 1036 4034 ἐὰν
1085 3985 1190 4051 ἐγὼ
1222 3985 1356 4056 θέλω
1388 4002 1400 4014 ⁸
1425 3991 1450 4039 ὅ
1474 4007 1522 4039 τι
1561 3993 1665 4059 γὰρ

138 4059 209 4122 ἂν
260 4059 458 4112 τούτων
490 4064 769 4135 ἀποϐαίνῃ,
819 4068 902 4118 ἐπ’
954 4071 1073 4137 ὲμοί
1129 4075 1270 4124 ἐστιν
1320 4076 1444 4125 αὐτὸ
1491 4078 1663 4138 καλῶς

139 4146 352 4200 θέσθαι.

702 4283 938 4335 ΚΕΦΑΛ.
979 4286 1103 4338 ΚΕ’.

225 4384 492 4454 Ἀνίκητος
541 4385 674 4440 εἶναι
717 4390 933 4445 δύνασαι
964 4395 1092 4455 ,ἐὰν
1117 4399 1192 4458 εἰς
1245 4399 1441 4465 μηδένα
1487 4401 1663 4468 ἀγῶνα

139 4474 488 4543 καταϐαίνῃς,
516 4475 573 4526 ὄν
601 4478 698 4530 οὐκ
725 4478 866 4530 ἔστιν
898 4481 988 4534 ἐπὶ
1021 4485 1100 4534 σοὶ
1131 4485 1365 4553 νικῆσαι.

700 4609 941 4663 κΕψΑΑ.
981 4613 1119 4676 κεῖν.

212 4713 352 4775 Ὅρα
398 4717 599 4782 μήποτε
657 4719 776 4772 ίδών
810 4737 929 4773 τινα
972 4725 1449 4794 προτιμώμενον,ῆ
1502 4748 1664 4797 μεγα-

137 4798 444 4865 λυνόμενον,
485 4803 517 4869 ἢ
565 4805 736 4866 ἄλλως
782 4810 1176 4878 εὐδοκιμοῦντα,
1205 4809 1525 4886 μακαρίσῃς,
1564 4819 1664 4870 ὑπὸ

141 4887 246 4955 τῆς
272 4893 556 4954 φαντασίας
587 4902 994 4962 συναρπασθείς.
1031 4905 1124 4955 Ἂν
1169 4906 1272 4971 γὰρ
1319 4908 1376 4957 ἐν
1417 4910 1524 4967 τοῖς
1569 4910 1662 4959 οὐκ

144 4977 231 5040 ἐφ’
271 4977 393 5043 ἡμῖν
430 4980 463 5044 ἡ
513 4979 663 5030 οὐσία
695 4982 782 5032 τοῦ
811 4987 1008 5050 ἀγαθοῦ
1059 4991 1111 5060 ᾖ,
1145 4992 1264 5044 οὔτε
1299 4995 1500 5060 φθόνος,
1547 4996 1663 5049 οὕτε

145 5059 438 5127 ζηλοτυπία
468 5064 641 5135 χώραν
680 5066 790 5135 ἔχει
822 5084 836 5097 ο
860 5072 973 5123 οὐδὲ
1003 5059 1107 5143 γὰρ
1150 5059 1439 5148 στρατῃγὸς
1465 5082 1495 5149 ἢ
1529 5084 1664 5150 πρύ-

145 5164 315 5209 τανις,
360 5149 392 5218 ἢ
441 5150 636 5217 ὕπατος
685 5152 817 5209 εἶναι
861 5157 1047 5221 θέλεις.
1091 5165 1201 5216 ἀλλ’
1234 5167 1518 5236 ἐλεύθερος.
1556 5149 1664 5226 Μία

140 5237 198 5289 δὲ
251 5235 365 5297 ὁδὸς
415 5238 545 5307 πρὸς
589 5240 772 5318 τοῦτο,
819 5249 1218 5318 ὶιαταφρόνησις
1271 5254 1374 5305 τῶν
1436 5257 1530 5309 οὐκ
1579 5261 1664 5328 ἐφ’

146 5328 173 5392 1;-
187 5325 299 5390 μίν.

1769 2976 1813 3028 si
1847 2979 2053 3048 longam
2075 3003 2089 3036 :
2109 2987 2153 3037 si
2191 2989 2315 3042 velit
2355 2994 2577 3049 mendici
2604 3006 2660 3049 ut
2690 3013 2813 3067 agas
2837 3017 3134 3072 personam,
3164 3026 3279 3063 eam

1767 3066 1925 3120 etiam
1957 3069 2184 3137 ingenue
2210 3091 2586 3147 reprinsentes;
2621 3086 2663 3137 si
2697 3087 2889 3152 claudi,
2921 3092 2964 3143 si
3005 3096 3277 3163 principis,

1769 3155 1812 3205 si
1853 3157 2073 3221 privati;
2113 3170 2258 3215 tuum
2303 3169 2442 3220 enim
2476 3171 2575 3224 hoc
2616 3183 2696 3225 est
2741 3180 3058 3246 assignatam
3100 3201 3279 3252 perso-

1766 3256 1888 3294 nam
1932 3245 2064 3298 bene
2107 3249 2320 3315 referre,
2377 3253 2540 3320 ipsam
2589 3275 2708 3314 vero
2745 3245 2969 3333 deligere
3018 3272 3080 3323 ad
3119 3273 3276 3326 alium

1767 3331 2006 3397 pertinet.

2217 3449 2371 3519 335
2395 3453 2615 3510 CAPUT
2656 3459 2832 3516 xxw.

1835 3552 2057 3614 Quando
2102 3573 2292 3613 corvus
2321 3563 2704 3631 inauspicatum
2747 3576 3091 3639 crocitaverit,
3128 3598 3191 3635 ne
3231 3595 3278 3636 te

1768 3637 2070 3704 imaginatio
2121 3646 2367 3712 corripiat
2394 3651 2682 3718 daemonis;
2727 3674 2905 3712 verum
2957 3671 3129 3721 statim
3170 3673 3276 3724 dis-

1768 3724 1943 3792 tingue
1974 3729 2109 3794 apud
2153 3733 2396 3799 teipsum,
2451 3748 2502 3792 et
2527 3742 2687 3797 dicito
2715 3765 2726 3798 :
2759 3747 2894 3802 Nihil
2928 3755 3050 3806 mihi
3078 3769 3278 3822 porten-

1765 3812 1922 3879 ditur,
1975 3817 2073 3868 nisi
2108 3818 2242 3874 Iorte
2288 3840 2401 3878 meo
2451 3835 2682 3898 corpori,
2727 3848 2817 3888 aut
2863 3857 2981 3893 meo
3013 3848 3276 3911 praediolo,

1765 3911 1815 3955 ct
1847 3904 2079 3971 gloriola:
2127 3925 2274 3975 mean,
2322 3924 2415 3968 aut
2445 3916 2583 3984 liliis,
2632 3933 2724 3974 aut
2769 3929 2940 3992 uxori,
2986 3934 3111 3984 mihi
3161 3949 3278 3987 vero

1767 3986 1936 4043 fausta
1962 3996 2137 4062 omnia
2167 3997 2549 4066 signiﬁcantur,
2573 4009 2614 4059 si
2635 4023 2730 4076 ego
2753 4013 2963 4066 voluero
2981 4055 2992 4076 ,
3022 4018 3277 4086 quidquid

1764 4079 1901 4129 enim
1938 4080 2155 4134 istorum
2191 4091 2439 4160 evenerit,
2489 4092 2539 4143 in
2570 4108 2653 4146 me
2677 4108 2757 4148 est
2787 4098 2884 4150 hoc
2909 4102 3037 4154 bene
3065 4106 3274 4160 ducere.

2303 4302 2524 4381 carur
2572 4307 2732 4363 xxv.

1830 4404 2063 4460 Invictus
2094 4425 2212 4462 esse
2243 4424 2410 4479 potes,
2439 4418 2480 4470 si
2526 4420 2726 4475 nullum
2752 4427 3040 4483 descendas
3068 4433 3118 4483 in
3156 4447 3273 4486 cer-

1763 4502 1956 4556 tamen,
1987 4497 2036 4546 in
2066 4513 2171 4564 quo
2206 4502 2414 4558 vincere
2444 4523 2546 4561 non
2571 4509 2623 4563 in
2657 4522 2708 4566 te
2732 4522 2832 4569 est.

2297 4636 2515 4693 CAPUT
2553 4643 2738 4697 XXVI.

1826 4735 2047 4802 Caveas,
2083 4758 2147 4794 ne
2180 4748 2392 4811 quando
2421 4750 2614 4804 videris
2653 4752 2879 4818 aliquem
2913 4740 3110 4810 honore
3135 4771 3270 4824 prm—

1760 4821 1944 4887 latum,
1970 4837 2057 4880 aut
2093 4833 2503 4898 magniticatum,
2533 4845 2624 4887 aut
2653 4837 2784 4890 alias
2809 4839 3130 4897 celebratum
3157 4861 3270 4899 ser-

1762 4926 1919 4965 mone
1945 4915 2240 4981 hominum,
2266 4920 2515 4983 prazdices
2547 4922 2779 4990 beatum,
2814 4942 2877 4982 ex
2905 4929 3272 4999 imaginatione

1761 5012 2063 5068 correptus;
2091 5018 2211 5056 nam
2241 5005 2283 5057 si
2327 5007 2446 5060 boni
2489 5002 2718 5066 essentia
2761 5018 3070 5071 consisteret
3109 5019 3160 5070 in
3190 5020 3270 5072 his

1761 5102 1876 5154 quze
1901 5089 1953 5140 in
1979 5089 2131 5144 nobis
2159 5107 2262 5144 non
2291 5100 2436 5158 sunt,
2477 5111 2575 5151 nec
2603 5099 2798 5154 invidia
2835 5103 3004 5155 locum
3033 5103 3266 5166 haberet,

1761 5189 1854 5228 nec
1882 5179 2133 5245 aegritudo
2155 5194 2217 5232 ex
2247 5195 2309 5234 eo
2337 5185 2478 5251 quod
2507 5187 2848 5242 alteriisdem
2884 5190 3132 5257 potiatur.
3163 5191 3270 5248 Nec

1759 5263 1898 5314 enim
1928 5263 2032 5316 dux
2080 5267 2278 5323 militiae.
2315 5283 2403 5326 aut
2443 5283 2634 5336 rector,
2678 5285 2766 5328 aut
2795 5279 2981 5332 consul
3011 5295 3129 5334 esse
3165 5284 3265 5341 vis,

1760 5348 1848 5399 sed
1878 5348 2036 5412 liber;
2069 5353 2132 5403 ad
2167 5369 2283 5408 eam
2309 5369 2482 5412 autem
2509 5374 2616 5429 rem
2651 5363 2803 5414 unica
2829 5363 2910 5416 via
2939 5374 3039 5430 est,
3079 5382 3266 5436 nempe
3361 5403 3368 5412 -

1772 5443 2102 5502 contemptus
2133 5455 2313 5495 carum
2364 5459 2558 5509 rerum,
2593 5461 2710 5513 qute
2742 5448 2791 5501 in
2825 5450 2975 5504 nobis
3007 5467 3112 5506 non
3139 5466 3253 5508 sunt
