  <div class='ocr_page' id='page_1' title='image "/cluster/home/n/w/nwhite01/storage/ocr_20150623/79/pst.000005712786/704.png"; bbox 0 0 4058 6350; ppageno 0'>
   <div class='ocr_carea' id='block_1_1' title="bbox 133 263 264 327">
    <p class='ocr_par' dir='ltr' id='par_1_1' title="bbox 133 263 264 327">
     <span class='ocr_line' id='line_1_1' title="bbox 133 263 264 327; baseline 0.015 -2"><span class='ocrx_word' id='word_1_1' title='bbox 133 263 264 327; x_wconf 72' lang='lat' dir='ltr'><strong>I297</strong></span> 
     </span>
    </p>
   </div>
   <div class='ocr_carea' id='block_1_2' title="bbox 1395 235 2127 344">
    <p class='ocr_par' dir='ltr' id='par_1_2' title="bbox 1395 235 2127 344">
     <span class='ocr_line' id='line_1_2' title="bbox 1395 235 2127 344; baseline 0.001 -5"><span class='ocrx_word' id='word_1_2' title='bbox 1395 235 1723 342; x_wconf 74' lang='lat' dir='ltr'><strong>EI’ICTETI</strong></span> <span class='ocrx_word' id='word_1_3' title='bbox 1760 284 2127 344; x_wconf 72' lang='lat' dir='ltr'><strong>MANUALE.</strong></span> 
     </span>
    </p>
   </div>
   <div class='ocr_carea' id='block_1_3' title="bbox 3174 278 3296 340">
    <p class='ocr_par' dir='ltr' id='par_1_3' title="bbox 3174 278 3296 340">
     <span class='ocr_line' id='line_1_3' title="bbox 3174 278 3296 340; baseline 0 -3"><span class='ocrx_word' id='word_1_4' title='bbox 3174 278 3296 340; x_wconf 74' lang='lat'><strong>1298</strong></span> 
     </span>
    </p>
   </div>
   <div class='ocr_carea' id='block_1_4' title="bbox 124 382 1670 464">
    <p class='ocr_par' dir='ltr' id='par_1_4' title="bbox 124 382 1670 464">
     <span class='ocr_line' id='line_1_4' title="bbox 124 382 1670 464; baseline 0.016 -40"><span class='ocrx_word' id='word_1_5' title='bbox 124 382 439 450; x_wconf 71' lang='grc' dir='ltr'>ἀεοήθητος</span> <span class='ocrx_word' id='word_1_6' title='bbox 470 386 638 438; x_wconf 71' lang='grc' dir='ltr'>ἔσται.</span> <span class='ocrx_word' id='word_1_7' title='bbox 672 387 833 439; x_wconf 79' lang='grc' dir='ltr'>Πάλιν</span> <span class='ocrx_word' id='word_1_8' title='bbox 864 390 1016 443; x_wconf 88' lang='grc' dir='ltr'>ποίαν</span> <span class='ocrx_word' id='word_1_9' title='bbox 1048 393 1138 444; x_wconf 74' lang='grc' dir='ltr'>καὶ</span> <span class='ocrx_word' id='word_1_10' title='bbox 1177 392 1368 460; x_wconf 78' lang='grc' dir='ltr'>ταύτην</span> <span class='ocrx_word' id='word_1_11' title='bbox 1397 395 1670 464; x_wconf 76' lang='grc' dir='ltr'>βοήθειανς</span> 
     </span>
    </p>
   </div>
   <div class='ocr_carea' id='block_1_5' title="bbox 1763 382 3298 464">
    <p class='ocr_par' dir='ltr' id='par_1_5' title="bbox 1780 390 3298 455">
     <span class='ocr_line' id='line_1_5' title="bbox 1780 390 3298 455; baseline -0.003 -8"><span class='ocrx_word' id='word_1_12' title='bbox 1780 405 1909 455; x_wconf 86' lang='lat' dir='ltr'><strong>tum.</strong></span> <span class='ocrx_word' id='word_1_13' title='bbox 1943 405 2036 449; x_wconf 85' lang='lat' dir='ltr'><strong>aut</strong></span> <span class='ocrx_word' id='word_1_14' title='bbox 2090 395 2318 448; x_wconf 87' lang='lat' dir='ltr'><strong>amicum</strong></span> <span class='ocrx_word' id='word_1_15' title='bbox 2349 391 2574 454; x_wconf 85' lang='lat' dir='ltr'><strong>fidelem,</strong></span> <span class='ocrx_word' id='word_1_16' title='bbox 2605 401 2656 444; x_wconf 88' lang='lat' dir='ltr'><strong>et</strong></span> <span class='ocrx_word' id='word_1_17' title='bbox 2686 390 3080 445; x_wconf 77' lang='lat' dir='ltr'><strong>verecundum?</strong></span> <span class='ocrx_word' id='word_1_18' title='bbox 3107 391 3169 448; x_wconf 84' lang='lat' dir='ltr'><strong>ad</strong></span> <span class='ocrx_word' id='word_1_19' title='bbox 3201 391 3298 443; x_wconf 62' lang='lat' dir='ltr'><strong>huc</strong></span> 
     </span>
    </p>
   </div>
   <div class='ocr_carea' id='block_1_6' title="bbox 125 469 1718 549">
    <p class='ocr_par' dir='ltr' id='par_1_6' title="bbox 125 469 1718 549">
     <span class='ocr_line' id='line_1_6' title="bbox 125 469 1718 549; baseline 0.013 -32"><span class='ocrx_word' id='word_1_20' title='bbox 125 469 292 531; x_wconf 75' lang='grc' dir='ltr'>στοὰς</span> <span class='ocrx_word' id='word_1_21' title='bbox 330 473 430 539; x_wconf 82' lang='grc' dir='ltr'>οὐχ</span> <span class='ocrx_word' id='word_1_22' title='bbox 463 472 572 535; x_wconf 73' lang='grc' dir='ltr'>ἔξει</span> <span class='ocrx_word' id='word_1_23' title='bbox 602 474 687 525; x_wconf 74' lang='grc' dir='ltr'><strong>διὰ</strong></span> <span class='ocrx_word' id='word_1_24' title='bbox 717 475 794 537; x_wconf 82' lang='grc' dir='ltr'>σὲ,</span> <span class='ocrx_word' id='word_1_25' title='bbox 823 476 940 528; x_wconf 78' lang='grc' dir='ltr'>οὐδὲ</span> <span class='ocrx_word' id='word_1_26' title='bbox 970 478 1250 544; x_wconf 87' lang='grc' dir='ltr'>βαλανεῖα;</span> <span class='ocrx_word' id='word_1_27' title='bbox 1285 482 1389 532; x_wconf 75' lang='grc' dir='ltr'><strong>Καὶ</strong></span> <span class='ocrx_word' id='word_1_28' title='bbox 1416 484 1466 533; x_wconf 84' lang='grc' dir='ltr'><strong>τί</strong></span> <span class='ocrx_word' id='word_1_29' title='bbox 1489 482 1666 549; x_wconf 86' lang='grc' dir='ltr'>τοῦτο;</span> <span class='ocrx_word' id='word_1_30' title='bbox 1710 496 1718 502; x_wconf 90' lang='grc'><strong>”</strong></span> 
     </span>
    </p>
   </div>
   <div class='ocr_carea' id='block_1_7' title="bbox 123 554 1669 629">
    <p class='ocr_par' dir='ltr' id='par_1_7' title="bbox 123 554 1669 629">
     <span class='ocr_line' id='line_1_7' title="bbox 123 554 1669 629; baseline 0.012 -27"><span class='ocrx_word' id='word_1_31' title='bbox 123 554 262 604; x_wconf 78' lang='grc' dir='ltr'>Οὐδὲ</span> <span class='ocrx_word' id='word_1_32' title='bbox 305 557 420 625; x_wconf 80' lang='grc' dir='ltr'><strong>γὰρ</strong></span> <span class='ocrx_word' id='word_1_33' title='bbox 441 559 758 627; x_wconf 83' lang='grc' dir='ltr'>ὑποδήματα</span> <span class='ocrx_word' id='word_1_34' title='bbox 787 562 895 628; x_wconf 76' lang='grc' dir='ltr'>ἔχει</span> <span class='ocrx_word' id='word_1_35' title='bbox 916 563 1000 614; x_wconf 76' lang='grc' dir='ltr'>διὰ</span> <span class='ocrx_word' id='word_1_36' title='bbox 1028 564 1114 614; x_wconf 82' lang='grc' dir='ltr'><strong>τὸν</strong></span> <span class='ocrx_word' id='word_1_37' title='bbox 1147 566 1361 629; x_wconf 83' lang='grc' dir='ltr'><strong>σκυτέα,</strong></span> <span class='ocrx_word' id='word_1_38' title='bbox 1392 568 1505 619; x_wconf 77' lang='grc' dir='ltr'>οὐδὲ</span> <span class='ocrx_word' id='word_1_39' title='bbox 1537 570 1669 620; x_wconf 81' lang='grc' dir='ltr'>ὅπλα</span> 
     </span>
    </p>
   </div>
   <div class='ocr_carea' id='block_1_8' title="bbox 121 642 1666 724">
    <p class='ocr_par' dir='ltr' id='par_1_8' title="bbox 121 642 1666 724">
     <span class='ocr_line' id='line_1_8' title="bbox 121 642 1666 724; baseline 0.012 -33"><span class='ocrx_word' id='word_1_40' title='bbox 121 642 208 692; x_wconf 74' lang='grc' dir='ltr'>διὰ</span> <span class='ocrx_word' id='word_1_41' title='bbox 239 643 346 695; x_wconf 83' lang='grc' dir='ltr'>τὸν</span> <span class='ocrx_word' id='word_1_42' title='bbox 375 646 595 712; x_wconf 79' lang='grc' dir='ltr'>χαλκέα.</span> <span class='ocrx_word' id='word_1_43' title='bbox 630 648 834 709; x_wconf 15' lang='grc' dir='ltr'>,Ἱκανὸν</span> <span class='ocrx_word' id='word_1_44' title='bbox 865 649 918 701; x_wconf 78' lang='grc' dir='ltr'>δὲ</span> <span class='ocrx_word' id='word_1_45' title='bbox 960 652 1023 701; x_wconf 83' lang='grc' dir='ltr'>ἂν</span> <span class='ocrx_word' id='word_1_46' title='bbox 1067 652 1287 714; x_wconf 77' lang='grc' dir='ltr'>ἕκαστος</span> <span class='ocrx_word' id='word_1_47' title='bbox 1336 656 1666 724; x_wconf 81' lang='grc' dir='ltr'><strong>ἐκπληρώσει</strong></span> 
     </span>
    </p>
   </div>
   <div class='ocr_carea' id='block_1_9' title="bbox 123 728 1664 803">
    <p class='ocr_par' dir='ltr' id='par_1_9' title="bbox 123 728 1664 803">
     <span class='ocr_line' id='line_1_9' title="bbox 123 728 1664 803; baseline 0.007 -24"><span class='ocrx_word' id='word_1_48' title='bbox 123 728 183 779; x_wconf 81' lang='grc' dir='ltr'>τὸ</span> <span class='ocrx_word' id='word_1_49' title='bbox 210 730 420 783; x_wconf 77' lang='grc' dir='ltr'>ἑαυτοῦ</span> <span class='ocrx_word' id='word_1_50' title='bbox 449 732 626 802; x_wconf 82' lang='grc' dir='ltr'>ἔργον.</span> <span class='ocrx_word' id='word_1_51' title='bbox 650 735 710 785; x_wconf 84' lang='grc' dir='ltr'>Εἰ</span> <span class='ocrx_word' id='word_1_52' title='bbox 732 734 785 784; x_wconf 84' lang='grc' dir='ltr'>δὲ</span> <span class='ocrx_word' id='word_1_53' title='bbox 808 734 958 786; x_wconf 81' lang='grc' dir='ltr'>ἄλλον</span> <span class='ocrx_word' id='word_1_54' title='bbox 979 737 1095 786; x_wconf 72' lang='grc' dir='ltr'>τινὰ</span> <span class='ocrx_word' id='word_1_55' title='bbox 1122 737 1254 803; x_wconf 82' lang='grc' dir='ltr'>αὐτὴ</span> <span class='ocrx_word' id='word_1_56' title='bbox 1282 738 1664 801; x_wconf 64' lang='grc' dir='ltr'><strong>κατεσκεύαζες</strong></span> 
     </span>
    </p>
   </div>
   <div class='ocr_carea' id='block_1_10' title="bbox 126 818 1659 894">
    <p class='ocr_par' dir='ltr' id='par_1_10' title="bbox 126 818 1659 894">
     <span class='ocr_line' id='line_1_10' title="bbox 126 818 1659 894; baseline 0.005 -26"><span class='ocrx_word' id='word_1_57' title='bbox 126 818 367 886; x_wconf 82' lang='grc' dir='ltr'>πολίτην</span> <span class='ocrx_word' id='word_1_58' title='bbox 394 823 597 883; x_wconf 72' lang='grc' dir='ltr'>πιστὸν,</span> <span class='ocrx_word' id='word_1_59' title='bbox 628 825 717 874; x_wconf 78' lang='grc' dir='ltr'><strong>καὶ</strong></span> <span class='ocrx_word' id='word_1_60' title='bbox 741 824 1019 890; x_wconf 82' lang='grc' dir='ltr'>αἱδήμονα,</span> <span class='ocrx_word' id='word_1_61' title='bbox 1053 825 1198 875; x_wconf 76' lang='grc' dir='ltr'>οὐδὲν</span> <span class='ocrx_word' id='word_1_62' title='bbox 1230 827 1394 893; x_wconf 76' lang='grc' dir='ltr'>αὐτὴν</span> <span class='ocrx_word' id='word_1_63' title='bbox 1421 828 1659 894; x_wconf 73' lang='grc' dir='ltr'>ὠφέλεις·</span> 
     </span>
    </p>
   </div>
   <div class='ocr_carea' id='block_1_11' title="bbox 125 907 1664 980">
    <p class='ocr_par' dir='ltr' id='par_1_11' title="bbox 125 907 1664 980">
     <span class='ocr_line' id='line_1_11' title="bbox 125 907 1664 980; baseline 0.006 -25"><span class='ocrx_word' id='word_1_64' title='bbox 125 907 234 969; x_wconf 80' lang='grc' dir='ltr'>ναὶ,</span> <span class='ocrx_word' id='word_1_65' title='bbox 275 909 477 959; x_wconf 82' lang='grc' dir='ltr'>οὐκοῦν</span> <span class='ocrx_word' id='word_1_66' title='bbox 509 909 678 971; x_wconf 74' lang='grc' dir='ltr'>οὐδεὶς</span> <span class='ocrx_word' id='word_1_67' title='bbox 705 911 861 961; x_wconf 80' lang='grc' dir='ltr'>αὐτὸν</span> <span class='ocrx_word' id='word_1_68' title='bbox 895 912 957 962; x_wconf 79' lang='grc' dir='ltr'><strong>ἂν</strong></span> <span class='ocrx_word' id='word_1_69' title='bbox 984 912 1274 978; x_wconf 75' lang='grc' dir='ltr'><strong>ὠφέλησεν,</strong></span> <span class='ocrx_word' id='word_1_70' title='bbox 1301 913 1331 978; x_wconf 81' lang='grc' dir='ltr'>ἢ</span> <span class='ocrx_word' id='word_1_71' title='bbox 1359 915 1511 980; x_wconf 81' lang='grc' dir='ltr'>αὐτή.</span> <span class='ocrx_word' id='word_1_72' title='bbox 1536 915 1664 965; x_wconf 87' lang='grc' dir='ltr'>Τίνα</span> 
     </span>
    </p>
   </div>
   <div class='ocr_carea' id='block_1_12' title="bbox 123 985 1668 1069">
    <p class='ocr_par' dir='ltr' id='par_1_12' title="bbox 123 985 1668 1069">
     <span class='ocr_line' id='line_1_12' title="bbox 123 985 1668 1069; baseline 0.007 -29"><span class='ocrx_word' id='word_1_73' title='bbox 123 985 243 1053; x_wconf 73' lang='grc' dir='ltr'>οὖν,</span> <span class='ocrx_word' id='word_1_74' title='bbox 286 994 476 1061; x_wconf 67' lang='grc' dir='ltr'>φησιν,</span> <span class='ocrx_word' id='word_1_75' title='bbox 496 994 600 1057; x_wconf 78' lang='grc' dir='ltr'><strong>ἔξω</strong></span> <span class='ocrx_word' id='word_1_76' title='bbox 627 994 804 1062; x_wconf 84' lang='grc' dir='ltr'>χώραν</span> <span class='ocrx_word' id='word_1_77' title='bbox 835 997 890 1047; x_wconf 84' lang='grc' dir='ltr'><strong>ἐν</strong></span> <span class='ocrx_word' id='word_1_78' title='bbox 914 999 976 1065; x_wconf 77' lang='grc' dir='ltr'>τῇ</span> <span class='ocrx_word' id='word_1_79' title='bbox 1009 999 1192 1062; x_wconf 64' lang='lat' dir='ltr'><strong>uolat;</strong></span> <span class='ocrx_word' id='word_1_80' title='bbox 1222 1002 1284 1066; x_wconf 73' lang='grc' dir='ltr'>ἦν</span> <span class='ocrx_word' id='word_1_81' title='bbox 1307 1002 1396 1050; x_wconf 78' lang='grc' dir='ltr'>ἐὰν</span> <span class='ocrx_word' id='word_1_82' title='bbox 1411 999 1533 1069; x_wconf 83' lang='grc' dir='ltr'><strong>δύνῃ</strong></span> <span class='ocrx_word' id='word_1_83' title='bbox 1570 1017 1668 1065; x_wconf 75' lang='grc' dir='ltr'><strong>φυ-</strong></span> 
     </span>
    </p>
   </div>
   <div class='ocr_carea' id='block_1_13' title="bbox 123 1077 1667 1152">
    <p class='ocr_par' dir='ltr' id='par_1_13' title="bbox 123 1077 1667 1152">
     <span class='ocr_line' id='line_1_13' title="bbox 123 1077 1667 1152; baseline 0.006 -25"><span class='ocrx_word' id='word_1_84' title='bbox 123 1077 348 1131; x_wconf 83' lang='grc' dir='ltr'>λάττων</span> <span class='ocrx_word' id='word_1_85' title='bbox 387 1081 498 1148; x_wconf 81' lang='grc' dir='ltr'>ἅμα</span> <span class='ocrx_word' id='word_1_86' title='bbox 545 1082 604 1132; x_wconf 88' lang='grc' dir='ltr'>σὲ</span> <span class='ocrx_word' id='word_1_87' title='bbox 657 1083 814 1134; x_wconf 80' lang='grc' dir='ltr'>αὑτὸν</span> <span class='ocrx_word' id='word_1_88' title='bbox 863 1085 1046 1135; x_wconf 80' lang='grc' dir='ltr'>πιστὸν</span> <span class='ocrx_word' id='word_1_89' title='bbox 1088 1088 1177 1136; x_wconf 83' lang='grc' dir='ltr'>καὶ</span> <span class='ocrx_word' id='word_1_90' title='bbox 1220 1085 1495 1152; x_wconf 84' lang='grc' dir='ltr'>αίδήμονα.</span> <span class='ocrx_word' id='word_1_91' title='bbox 1523 1088 1580 1136; x_wconf 87' lang='grc' dir='ltr'>Εί</span> <span class='ocrx_word' id='word_1_92' title='bbox 1613 1087 1667 1138; x_wconf 79' lang='grc' dir='ltr'>δὲ</span> 
     </span>
    </p>
   </div>
   <div class='ocr_carea' id='block_1_14' title="bbox 126 1167 1671 1239">
    <p class='ocr_par' dir='ltr' id='par_1_14' title="bbox 126 1167 1671 1239">
     <span class='ocr_line' id='line_1_14' title="bbox 126 1167 1671 1239; baseline 0.005 -23"><span class='ocrx_word' id='word_1_93' title='bbox 126 1167 360 1234; x_wconf 80' lang='grc' dir='ltr'>ἐκείνην</span> <span class='ocrx_word' id='word_1_94' title='bbox 387 1169 606 1235; x_wconf 77' lang='grc' dir='ltr'>ὠφελεῖν</span> <span class='ocrx_word' id='word_1_95' title='bbox 635 1169 943 1239; x_wconf 81' lang='grc' dir='ltr'>βουλόμενος</span> <span class='ocrx_word' id='word_1_96' title='bbox 967 1172 1281 1232; x_wconf 80' lang='grc' dir='ltr'>ἀποδάλλεις</span> <span class='ocrx_word' id='word_1_97' title='bbox 1316 1174 1502 1234; x_wconf 84' lang='grc' dir='ltr'>ταῦτα,</span> <span class='ocrx_word' id='word_1_98' title='bbox 1527 1171 1575 1224; x_wconf 85' lang='grc' dir='ltr'>τί</span> <span class='ocrx_word' id='word_1_99' title='bbox 1608 1173 1671 1224; x_wconf 76' lang='grc' dir='ltr'>τὺ</span> 
     </span>
    </p>
   </div>
   <div class='ocr_carea' id='block_1_15' title="bbox 126 1254 1665 1328">
    <p class='ocr_par' dir='ltr' id='par_1_15' title="bbox 126 1254 1665 1328">
     <span class='ocr_line' id='line_1_15' title="bbox 126 1254 1665 1328; baseline 0.007 -25"><span class='ocrx_word' id='word_1_100' title='bbox 126 1254 332 1320; x_wconf 70' lang='grc' dir='ltr'>ὄφελος</span> <span class='ocrx_word' id='word_1_101' title='bbox 354 1255 417 1307; x_wconf 83' lang='grc' dir='ltr'><strong>ἂν</strong></span> <span class='ocrx_word' id='word_1_102' title='bbox 450 1257 581 1325; x_wconf 83' lang='grc' dir='ltr'>αὐτῇ</span> <span class='ocrx_word' id='word_1_103' title='bbox 611 1258 832 1322; x_wconf 67' lang='grc' dir='ltr'>γένοιτο,</span> <span class='ocrx_word' id='word_1_104' title='bbox 858 1259 1091 1328; x_wconf 76' lang='grc' dir='ltr'>ἀναιδὴς,</span> <span class='ocrx_word' id='word_1_105' title='bbox 1120 1263 1210 1312; x_wconf 75' lang='grc' dir='ltr'>καὶ</span> <span class='ocrx_word' id='word_1_106' title='bbox 1240 1263 1459 1322; x_wconf 79' lang='grc' dir='ltr'>ἄπιστος</span> <span class='ocrx_word' id='word_1_107' title='bbox 1486 1263 1665 1314; x_wconf 86' lang='grc' dir='ltr'>ἀποτε-</span> 
     </span>
    </p>
   </div>
   <div class='ocr_carea' id='block_1_16' title="bbox 128 1342 374 1406">
    <p class='ocr_par' dir='ltr' id='par_1_16' title="bbox 128 1342 374 1406">
     <span class='ocr_line' id='line_1_16' title="bbox 128 1342 374 1406; baseline 0.02 -15"><span class='ocrx_word' id='word_1_108' title='bbox 128 1342 374 1406; x_wconf 75' lang='grc' dir='ltr'>λεσθεξς.</span> 
     </span>
    </p>
   </div>
   <div class='ocr_carea' id='block_1_17' title="bbox 1771 481 3299 551">
    <p class='ocr_par' dir='ltr' id='par_1_17' title="bbox 1771 481 3299 551">
     <span class='ocr_line' id='line_1_17' title="bbox 1771 481 3299 551; baseline -0.002 -18"><span class='ocrx_word' id='word_1_109' title='bbox 1771 484 1945 551; x_wconf 88' lang='lat' dir='ltr'><strong>itaque</strong></span> <span class='ocrx_word' id='word_1_110' title='bbox 1986 483 2116 535; x_wconf 89' lang='lat' dir='ltr'><strong>mihi</strong></span> <span class='ocrx_word' id='word_1_111' title='bbox 2150 483 2317 549; x_wconf 69' lang='lat' dir='ltr'><strong>magis</strong></span> <span class='ocrx_word' id='word_1_112' title='bbox 2347 481 2696 549; x_wconf 90' lang='lat' dir='ltr'><strong>opitulemiui,</strong></span> <span class='ocrx_word' id='word_1_113' title='bbox 2749 489 2799 533; x_wconf 89' lang='lat' dir='ltr'><strong>et</strong></span> <span class='ocrx_word' id='word_1_114' title='bbox 2831 496 2891 532; x_wconf 84' lang='lat' dir='ltr'><strong>ea</strong></span> <span class='ocrx_word' id='word_1_115' title='bbox 2949 481 3210 547; x_wconf 82' lang='lat' dir='ltr'><strong>postulate</strong></span> <span class='ocrx_word' id='word_1_116' title='bbox 3244 488 3299 531; x_wconf 91' lang='lat' dir='ltr'><strong>ut</strong></span> 
     </span>
    </p>
   </div>
   <div class='ocr_carea' id='block_1_18' title="bbox 1768 566 3296 634">
    <p class='ocr_par' dir='ltr' id='par_1_18' title="bbox 1768 566 3296 634">
     <span class='ocr_line' id='line_1_18' title="bbox 1768 566 3296 634; baseline -0.004 -13"><span class='ocrx_word' id='word_1_117' title='bbox 1768 570 1978 632; x_wconf 85' lang='lat' dir='ltr'><strong>faciam,</strong></span> <span class='ocrx_word' id='word_1_118' title='bbox 2001 585 2101 623; x_wconf 91' lang='lat' dir='ltr'><strong>non</strong></span> <span class='ocrx_word' id='word_1_119' title='bbox 2129 585 2251 622; x_wconf 77' lang='lat' dir='ltr'><strong>vero</strong></span> <span class='ocrx_word' id='word_1_120' title='bbox 2281 569 2384 632; x_wconf 87' lang='lat' dir='ltr'><strong>illa,</strong></span> <span class='ocrx_word' id='word_1_121' title='bbox 2406 584 2496 634; x_wconf 86' lang='lat' dir='ltr'><strong>per</strong></span> <span class='ocrx_word' id='word_1_122' title='bbox 2529 584 2643 634; x_wconf 74' lang='lat' dir='ltr'><strong>qua:</strong></span> <span class='ocrx_word' id='word_1_123' title='bbox 2673 570 2782 621; x_wconf 62' lang='lat' dir='ltr'><strong>hac</strong></span> <span class='ocrx_word' id='word_1_124' title='bbox 2806 569 2985 620; x_wconf 84' lang='lat' dir='ltr'><strong>eadem</strong></span> <span class='ocrx_word' id='word_1_125' title='bbox 3032 566 3296 631; x_wconf 87' lang='lat' dir='ltr'><strong>abjiciam.</strong></span> 
     </span>
    </p>
   </div>
   <div class='ocr_carea' id='block_1_19' title="bbox 1767 654 3299 723">
    <p class='ocr_par' dir='ltr' id='par_1_19' title="bbox 1767 654 3299 723">
     <span class='ocr_line' id='line_1_19' title="bbox 1767 654 3299 723; baseline -0.003 -16"><span class='ocrx_word' id='word_1_126' title='bbox 1767 654 1866 708; x_wconf 82' lang='lat' dir='ltr'><strong>Sed</strong></span> <span class='ocrx_word' id='word_1_127' title='bbox 1895 656 2061 723; x_wconf 86' lang='lat' dir='ltr'><strong>patria</strong></span> <span class='ocrx_word' id='word_1_128' title='bbox 2111 657 2324 723; x_wconf 88' lang='lat' dir='ltr'><strong>(inquit)</strong></span> <span class='ocrx_word' id='word_1_129' title='bbox 2356 665 2612 722; x_wconf 89' lang='lat' dir='ltr'><strong>quantum</strong></span> <span class='ocrx_word' id='word_1_130' title='bbox 2667 656 2719 707; x_wconf 89' lang='lat' dir='ltr'><strong>in</strong></span> <span class='ocrx_word' id='word_1_131' title='bbox 2776 669 2858 706; x_wconf 86' lang='lat' dir='ltr'><strong>tne</strong></span> <span class='ocrx_word' id='word_1_132' title='bbox 2909 663 2988 705; x_wconf 87' lang='lat' dir='ltr'><strong>est</strong></span> <span class='ocrx_word' id='word_1_133' title='bbox 3016 654 3173 720; x_wconf 79' lang='lat'><strong>338</strong></span> <span class='ocrx_word' id='word_1_134' title='bbox 3200 654 3299 704; x_wconf 86' lang='lat' dir='ltr'><strong>crit</strong></span> 
     </span>
    </p>
   </div>
   <div class='ocr_carea' id='block_1_20' title="bbox 1767 737 3296 812">
    <p class='ocr_par' dir='ltr' id='par_1_20' title="bbox 1767 737 3296 812">
     <span class='ocr_line' id='line_1_20' title="bbox 1767 737 3296 812; baseline -0.005 -17"><span class='ocrx_word' id='word_1_135' title='bbox 1767 744 1964 808; x_wconf 80' lang='lat' dir='ltr'><strong>absque</strong></span> <span class='ocrx_word' id='word_1_136' title='bbox 2037 743 2355 808; x_wconf 77' lang='lat' dir='ltr'><strong>adiumento.</strong></span> <span class='ocrx_word' id='word_1_137' title='bbox 2413 740 2641 812; x_wconf 68' lang='lat' dir='ltr'><strong>Rursum</strong></span> <span class='ocrx_word' id='word_1_138' title='bbox 2700 742 2854 807; x_wconf 83' lang='lat' dir='ltr'><strong>quale</strong></span> <span class='ocrx_word' id='word_1_139' title='bbox 2902 748 2953 791; x_wconf 90' lang='lat' dir='ltr'><strong>et</strong></span> <span class='ocrx_word' id='word_1_140' title='bbox 3000 740 3099 790; x_wconf 90' lang='lat' dir='ltr'><strong>hoc</strong></span> <span class='ocrx_word' id='word_1_141' title='bbox 3145 737 3296 803; x_wconf 88' lang='lat' dir='ltr'><strong>adju-</strong></span> 
     </span>
    </p>
   </div>
   <div class='ocr_carea' id='block_1_21' title="bbox 1769 826 3297 895">
    <p class='ocr_par' dir='ltr' id='par_1_21' title="bbox 1769 826 3297 895">
     <span class='ocr_line' id='line_1_21' title="bbox 1769 826 3297 895; baseline -0.005 -14"><span class='ocrx_word' id='word_1_142' title='bbox 1769 829 2041 882; x_wconf 83' lang='lat' dir='ltr'><strong>mentunt?</strong></span> <span class='ocrx_word' id='word_1_143' title='bbox 2072 829 2312 881; x_wconf 79' lang='lat' dir='ltr'><strong>Porticus</strong></span> <span class='ocrx_word' id='word_1_144' title='bbox 2329 843 2418 895; x_wconf 88' lang='lat' dir='ltr'><strong>per</strong></span> <span class='ocrx_word' id='word_1_145' title='bbox 2443 838 2492 880; x_wconf 91' lang='lat' dir='ltr'><strong>te</strong></span> <span class='ocrx_word' id='word_1_146' title='bbox 2523 843 2625 880; x_wconf 91' lang='lat' dir='ltr'><strong>non</strong></span> <span class='ocrx_word' id='word_1_147' title='bbox 2645 828 3053 893; x_wconf 87' lang='lat' dir='ltr'><strong>habebit,nequc</strong></span> <span class='ocrx_word' id='word_1_148' title='bbox 3083 826 3297 878; x_wconf 84' lang='lat' dir='ltr'><strong>balnea?</strong></span> 
     </span>
    </p>
   </div>
   <div class='ocr_carea' id='block_1_22' title="bbox 1766 918 3296 985">
    <p class='ocr_par' dir='ltr' id='par_1_22' title="bbox 1766 918 3296 985">
     <span class='ocr_line' id='line_1_22' title="bbox 1766 918 3296 985; baseline -0.003 -17"><span class='ocrx_word' id='word_1_149' title='bbox 1766 918 1830 970; x_wconf 81' lang='lat' dir='ltr'><strong>Et</strong></span> <span class='ocrx_word' id='word_1_150' title='bbox 1876 920 1999 985; x_wconf 90' lang='lat' dir='ltr'><strong>quid</strong></span> <span class='ocrx_word' id='word_1_151' title='bbox 2048 918 2182 970; x_wconf 83' lang='lat' dir='ltr'><strong>hoc?</strong></span> <span class='ocrx_word' id='word_1_152' title='bbox 2233 919 2353 985; x_wconf 91' lang='lat' dir='ltr'><strong>quia</strong></span> <span class='ocrx_word' id='word_1_153' title='bbox 2395 931 2581 984; x_wconf 92' lang='lat' dir='ltr'><strong>nempe</strong></span> <span class='ocrx_word' id='word_1_154' title='bbox 2639 918 2994 969; x_wconf 85' lang='lat' dir='ltr'><strong>calceamenta</strong></span> <span class='ocrx_word' id='word_1_155' title='bbox 3046 929 3148 966; x_wconf 89' lang='lat' dir='ltr'><strong>non</strong></span> <span class='ocrx_word' id='word_1_156' title='bbox 3206 928 3296 979; x_wconf 89' lang='lat' dir='ltr'><strong>per</strong></span> 
     </span>
    </p>
   </div>
   <div class='ocr_carea' id='block_1_23' title="bbox 1768 1001 3288 1073">
    <p class='ocr_par' dir='ltr' id='par_1_23' title="bbox 1768 1001 3288 1073">
     <span class='ocr_line' id='line_1_23' title="bbox 1768 1001 3288 1073; baseline -0.005 -13"><span class='ocrx_word' id='word_1_157' title='bbox 1768 1018 2020 1068; x_wconf 77' lang='lat' dir='ltr'><strong>sutorem,</strong></span> <span class='ocrx_word' id='word_1_158' title='bbox 2074 1021 2241 1073; x_wconf 88' lang='lat' dir='ltr'><strong>neque</strong></span> <span class='ocrx_word' id='word_1_159' title='bbox 2273 1020 2417 1056; x_wconf 86' lang='lat' dir='ltr'><strong>arma</strong></span> <span class='ocrx_word' id='word_1_160' title='bbox 2449 1019 2541 1071; x_wconf 89' lang='lat' dir='ltr'><strong>per</strong></span> <span class='ocrx_word' id='word_1_161' title='bbox 2591 1003 2797 1057; x_wconf 79' lang='lat' dir='ltr'><strong>fabrum</strong></span> <span class='ocrx_word' id='word_1_162' title='bbox 2831 1004 3075 1056; x_wconf 67' lang='lat' dir='ltr'><strong>tet-arium</strong></span> <span class='ocrx_word' id='word_1_163' title='bbox 3113 1001 3288 1052; x_wconf 83' lang='lat' dir='ltr'><strong>habet.</strong></span> 
     </span>
    </p>
   </div>
   <div class='ocr_carea' id='block_1_24' title="bbox 1764 1088 3289 1160">
    <p class='ocr_par' dir='ltr' id='par_1_24' title="bbox 1764 1088 3289 1160">
     <span class='ocr_line' id='line_1_24' title="bbox 1764 1088 3289 1160; baseline -0.006 -14"><span class='ocrx_word' id='word_1_164' title='bbox 1764 1093 2000 1146; x_wconf 78' lang='lat' dir='ltr'><strong>Sufficiet</strong></span> <span class='ocrx_word' id='word_1_165' title='bbox 2026 1102 2197 1146; x_wconf 89' lang='lat' dir='ltr'><strong>autem</strong></span> <span class='ocrx_word' id='word_1_166' title='bbox 2230 1094 2274 1145; x_wconf 91' lang='lat' dir='ltr'><strong>si</strong></span> <span class='ocrx_word' id='word_1_167' title='bbox 2314 1093 2675 1160; x_wconf 83' lang='lat' dir='ltr'><strong>unusquisque</strong></span> <span class='ocrx_word' id='word_1_168' title='bbox 2725 1107 2879 1144; x_wconf 88' lang='lat' dir='ltr'><strong>suum</strong></span> <span class='ocrx_word' id='word_1_169' title='bbox 2930 1088 3289 1156; x_wconf 82' lang='lat' dir='ltr'><strong>adimplcverit</strong></span> 
     </span>
    </p>
   </div>
   <div class='ocr_carea' id='block_1_25' title="bbox 1766 1177 3292 1246">
    <p class='ocr_par' dir='ltr' id='par_1_25' title="bbox 1766 1177 3292 1246">
     <span class='ocr_line' id='line_1_25' title="bbox 1766 1177 3292 1246; baseline -0.003 -15"><span class='ocrx_word' id='word_1_170' title='bbox 1766 1194 1946 1246; x_wconf 82' lang='lat' dir='ltr'><strong>Opus:</strong></span> <span class='ocrx_word' id='word_1_171' title='bbox 1979 1181 2021 1234; x_wconf 87' lang='lat' dir='ltr'><strong>si</strong></span> <span class='ocrx_word' id='word_1_172' title='bbox 2063 1194 2188 1232; x_wconf 83' lang='lat' dir='ltr'><strong>vero</strong></span> <span class='ocrx_word' id='word_1_173' title='bbox 2214 1180 2438 1246; x_wconf 83' lang='lat' dir='ltr'><strong>aliquem</strong></span> <span class='ocrx_word' id='word_1_174' title='bbox 2491 1179 2651 1232; x_wconf 89' lang='lat' dir='ltr'><strong>alium</strong></span> <span class='ocrx_word' id='word_1_175' title='bbox 2697 1179 2862 1231; x_wconf 83' lang='lat' dir='ltr'><strong>civem</strong></span> <span class='ocrx_word' id='word_1_176' title='bbox 2906 1178 3001 1244; x_wconf 90' lang='lat' dir='ltr'><strong>ipsi</strong></span> <span class='ocrx_word' id='word_1_177' title='bbox 3056 1177 3292 1228; x_wconf 80' lang='lat' dir='ltr'><strong>efficercs</strong></span> 
     </span>
    </p>
   </div>
   <div class='ocr_carea' id='block_1_26' title="bbox 1765 1263 3290 1333">
    <p class='ocr_par' dir='ltr' id='par_1_26' title="bbox 1765 1263 3290 1333">
     <span class='ocr_line' id='line_1_26' title="bbox 1765 1263 3290 1333; baseline -0.001 -15"><span class='ocrx_word' id='word_1_178' title='bbox 1765 1265 1990 1327; x_wconf 88' lang='lat' dir='ltr'><strong>fidelem,</strong></span> <span class='ocrx_word' id='word_1_179' title='bbox 2043 1281 2103 1318; x_wconf 90' lang='lat' dir='ltr'><strong>ac</strong></span> <span class='ocrx_word' id='word_1_180' title='bbox 2145 1267 2472 1333; x_wconf 85' lang='lat' dir='ltr'><strong>prudentem,</strong></span> <span class='ocrx_word' id='word_1_181' title='bbox 2506 1265 2638 1317; x_wconf 89' lang='lat' dir='ltr'><strong>nihil</strong></span> <span class='ocrx_word' id='word_1_182' title='bbox 2691 1274 2742 1316; x_wconf 92' lang='lat' dir='ltr'><strong>tu</strong></span> <span class='ocrx_word' id='word_1_183' title='bbox 2792 1266 2930 1316; x_wconf 84' lang='lat' dir='ltr'><strong>illam</strong></span> <span class='ocrx_word' id='word_1_184' title='bbox 2991 1263 3290 1330; x_wconf 78' lang='lat' dir='ltr'><strong>adjuvarcs.</strong></span> 
     </span>
    </p>
   </div>
   <div class='ocr_carea' id='block_1_27' title="bbox 1768 1352 3286 1430">
    <p class='ocr_par' dir='ltr' id='par_1_27' title="bbox 1768 1352 3286 1430">
     <span class='ocr_line' id='line_1_27' title="bbox 1768 1352 3286 1430; baseline -0.005 -25"><span class='ocrx_word' id='word_1_185' title='bbox 1768 1355 2002 1420; x_wconf 83' lang='lat' dir='ltr'><strong>profecto</strong></span> <span class='ocrx_word' id='word_1_186' title='bbox 2041 1354 2190 1417; x_wconf 81' lang='lat' dir='ltr'><strong>nihil,</strong></span> <span class='ocrx_word' id='word_1_187' title='bbox 2223 1354 2480 1420; x_wconf 77' lang='lat' dir='ltr'><strong>siquidem</strong></span> <span class='ocrx_word' id='word_1_188' title='bbox 2512 1354 2689 1430; x_wconf 66' lang='lat' dir='ltr'><strong>nullus</strong></span> <span class='ocrx_word' id='word_1_189' title='bbox 2724 1353 2893 1418; x_wconf 84' lang='lat' dir='ltr'><strong>ipsum</strong></span> <span class='ocrx_word' id='word_1_190' title='bbox 2924 1352 3081 1417; x_wconf 78' lang='lat' dir='ltr'><strong>juvit,</strong></span> <span class='ocrx_word' id='word_1_191' title='bbox 3129 1364 3286 1416; x_wconf 88' lang='lat' dir='ltr'><strong>quam</strong></span> 
     </span>
    </p>
   </div>
   <div class='ocr_carea' id='block_1_28' title="bbox 132 1437 3293 1510">
    <p class='ocr_par' dir='ltr' id='par_1_28' title="bbox 132 1437 3293 1510">
     <span class='ocr_line' id='line_1_28' title="bbox 132 1437 3293 1510; baseline 0.001 -24"><span class='ocrx_word' id='word_1_192' title='bbox 132 1437 225 1488; x_wconf 86' lang='lat' dir='ltr'><strong>illa</strong></span> <span class='ocrx_word' id='word_1_193' title='bbox 279 1437 490 1489; x_wconf 89' lang='lat' dir='ltr'><strong>eadem.</strong></span> <span class='ocrx_word' id='word_1_194' title='bbox 523 1438 814 1501; x_wconf 86' lang='lat' dir='ltr'><strong>Quemnam</strong></span> <span class='ocrx_word' id='word_1_195' title='bbox 847 1440 1021 1507; x_wconf 87' lang='lat' dir='ltr'><strong>itaque</strong></span> <span class='ocrx_word' id='word_1_196' title='bbox 1051 1441 1164 1506; x_wconf 85' lang='lat' dir='ltr'><strong>(ait)</strong></span> <span class='ocrx_word' id='word_1_197' title='bbox 1217 1441 1478 1493; x_wconf 29' lang='lat' dir='ltr'><strong>obtinebo,</strong></span> <span class='ocrx_word' id='word_1_198' title='bbox 1521 1441 1693 1493; x_wconf 89' lang='lat' dir='ltr'><strong>locum</strong></span> <span class='ocrx_word' id='word_1_199' title='bbox 1733 1442 1783 1494; x_wconf 92' lang='lat' dir='ltr'><strong>in</strong></span> <span class='ocrx_word' id='word_1_200' title='bbox 1854 1445 2095 1495; x_wconf 78' lang='lat' dir='ltr'><strong>civitate?</strong></span> <span class='ocrx_word' id='word_1_201' title='bbox 2133 1444 2506 1510; x_wconf 86' lang='lat' dir='ltr'><strong>Quemcunque</strong></span> <span class='ocrx_word' id='word_1_202' title='bbox 2559 1444 2812 1510; x_wconf 83' lang='lat' dir='ltr'><strong>potueris,</strong></span> <span class='ocrx_word' id='word_1_203' title='bbox 2867 1441 3167 1494; x_wconf 87' lang='lat' dir='ltr'><strong>custodiens</strong></span> <span class='ocrx_word' id='word_1_204' title='bbox 3219 1447 3293 1489; x_wconf 89' lang='lat' dir='ltr'><strong>tc-</strong></span> 
     </span>
    </p>
   </div>
   <div class='ocr_carea' id='block_1_29' title="bbox 130 1521 3290 1600">
    <p class='ocr_par' dir='ltr' id='par_1_29' title="bbox 130 1521 3290 1600">
     <span class='ocr_line' id='line_1_29' title="bbox 130 1521 3290 1600; baseline 0 -23"><span class='ocrx_word' id='word_1_205' title='bbox 130 1526 321 1591; x_wconf 87' lang='lat' dir='ltr'><strong>ipsum</strong></span> <span class='ocrx_word' id='word_1_206' title='bbox 355 1521 578 1590; x_wconf 80' lang='lat' dir='ltr'><strong>fidelem,</strong></span> <span class='ocrx_word' id='word_1_207' title='bbox 609 1537 659 1580; x_wconf 94' lang='lat' dir='ltr'><strong>ct</strong></span> <span class='ocrx_word' id='word_1_208' title='bbox 687 1529 1062 1581; x_wconf 83' lang='lat' dir='ltr'><strong>verecundum.</strong></span> <span class='ocrx_word' id='word_1_209' title='bbox 1108 1527 1160 1581; x_wconf 91' lang='lat' dir='ltr'><strong>Si</strong></span> <span class='ocrx_word' id='word_1_210' title='bbox 1192 1545 1319 1598; x_wconf 55' lang='grc' dir='ltr'>δἐι-ο</span> <span class='ocrx_word' id='word_1_211' title='bbox 1351 1531 1530 1583; x_wconf 79' lang='lat' dir='ltr'><strong>volens</strong></span> <span class='ocrx_word' id='word_1_212' title='bbox 1563 1533 1707 1584; x_wconf 89' lang='lat' dir='ltr'><strong>utilis</strong></span> <span class='ocrx_word' id='word_1_213' title='bbox 1739 1546 1855 1584; x_wconf 86' lang='lat' dir='ltr'><strong>esse</strong></span> <span class='ocrx_word' id='word_1_214' title='bbox 1897 1532 1990 1594; x_wconf 90' lang='lat' dir='ltr'><strong>illi,</strong></span> <span class='ocrx_word' id='word_1_215' title='bbox 2041 1531 2249 1597; x_wconf 86' lang='lat' dir='ltr'><strong>rejicias</strong></span> <span class='ocrx_word' id='word_1_216' title='bbox 2292 1531 2411 1593; x_wconf 89' lang='lat' dir='ltr'><strong>ista,</strong></span> <span class='ocrx_word' id='word_1_217' title='bbox 2462 1532 2729 1600; x_wconf 87' lang='lat' dir='ltr'><strong>quodnam</strong></span> <span class='ocrx_word' id='word_1_218' title='bbox 2783 1528 2879 1597; x_wconf 91' lang='lat' dir='ltr'><strong>ipsi</strong></span> <span class='ocrx_word' id='word_1_219' title='bbox 2926 1529 3290 1596; x_wconf 78' lang='lat' dir='ltr'><strong>juvamentum</strong></span> 
     </span>
    </p>
   </div>
   <div class='ocr_carea' id='block_1_30' title="bbox 137 1619 1769 1688">
    <p class='ocr_par' dir='ltr' id='par_1_30' title="bbox 137 1619 1769 1688">
     <span class='ocr_line' id='line_1_30' title="bbox 137 1619 1769 1688; baseline 0.005 -23"><span class='ocrx_word' id='word_1_220' title='bbox 137 1619 454 1680; x_wconf 60' lang='lat' dir='ltr'><strong>praestabis,</strong></span> <span class='ocrx_word' id='word_1_221' title='bbox 481 1633 604 1670; x_wconf 89' lang='lat' dir='ltr'><strong>cmn</strong></span> <span class='ocrx_word' id='word_1_222' title='bbox 642 1620 754 1685; x_wconf 88' lang='lat' dir='ltr'><strong>ipse</strong></span> <span class='ocrx_word' id='word_1_223' title='bbox 781 1621 1014 1674; x_wconf 86' lang='lat' dir='ltr'><strong>evaseris</strong></span> <span class='ocrx_word' id='word_1_224' title='bbox 1051 1620 1351 1688; x_wconf 83' lang='lat' dir='ltr'><strong>impudens,</strong></span> <span class='ocrx_word' id='word_1_225' title='bbox 1391 1637 1453 1676; x_wconf 89' lang='lat' dir='ltr'><strong>ac</strong></span> <span class='ocrx_word' id='word_1_226' title='bbox 1505 1622 1769 1675; x_wconf 88' lang='lat' dir='ltr'><strong>infidelis?</strong></span> 
     </span>
    </p>
   </div>
   <div class='ocr_carea' id='block_1_31' title="bbox 720 1746 1120 1799">
    <p class='ocr_par' dir='ltr' id='par_1_31' title="bbox 720 1746 1120 1799">
     <span class='ocr_line' id='line_1_31' title="bbox 720 1746 1120 1799; baseline 0.008 -3"><span class='ocrx_word' id='word_1_227' title='bbox 720 1746 961 1798; x_wconf 75' lang='grc' dir='ltr'><strong>ΚΕΦΑΛ.</strong></span> <span class='ocrx_word' id='word_1_228' title='bbox 1001 1747 1120 1799; x_wconf 82' lang='grc' dir='ltr'><strong>ΛΒ’.</strong></span> 
     </span>
    </p>
   </div>
   <div class='ocr_carea' id='block_1_32' title="bbox 203 1851 1672 1924">
    <p class='ocr_par' dir='ltr' id='par_1_32' title="bbox 203 1851 1672 1924">
     <span class='ocr_line' id='line_1_32' title="bbox 203 1851 1672 1924; baseline 0.001 -19"><span class='ocrx_word' id='word_1_229' title='bbox 203 1851 559 1921; x_wconf 78' lang='grc' dir='ltr'>Προετιμήθη</span> <span class='ocrx_word' id='word_1_230' title='bbox 583 1852 660 1912; x_wconf 83' lang='grc' dir='ltr'><strong>τίς</strong></span> <span class='ocrx_word' id='word_1_231' title='bbox 697 1869 787 1905; x_wconf 89' lang='grc' dir='ltr'><strong>σου</strong></span> <span class='ocrx_word' id='word_1_232' title='bbox 825 1855 880 1904; x_wconf 88' lang='grc' dir='ltr'><strong>ἐν</strong></span> <span class='ocrx_word' id='word_1_233' title='bbox 909 1856 1139 1905; x_wconf 75' lang='grc' dir='ltr'><strong>ἑστιάσει</strong></span> <span class='ocrx_word' id='word_1_234' title='bbox 1165 1854 1196 1922; x_wconf 84' lang='grc' dir='ltr'>ἢ</span> <span class='ocrx_word' id='word_1_235' title='bbox 1226 1856 1280 1906; x_wconf 82' lang='grc' dir='ltr'><strong>ἐν</strong></span> <span class='ocrx_word' id='word_1_236' title='bbox 1313 1856 1672 1924; x_wconf 72' lang='grc' dir='ltr'>προσαγορεύ-</span> 
     </span>
    </p>
   </div>
   <div class='ocr_carea' id='block_1_33' title="bbox 113 1940 1668 2012">
    <p class='ocr_par' dir='ltr' id='par_1_33' title="bbox 113 1940 1668 2012">
     <span class='ocr_line' id='line_1_33' title="bbox 113 1940 1668 2012; baseline 0.001 -21"><span class='ocrx_word' id='word_1_237' title='bbox 113 1957 246 2002; x_wconf 76' lang='grc' dir='ltr'>-σει,</span> <span class='ocrx_word' id='word_1_238' title='bbox 278 1940 313 2009; x_wconf 80' lang='grc' dir='ltr'>ἦ</span> <span class='ocrx_word' id='word_1_239' title='bbox 343 1943 398 1992; x_wconf 78' lang='grc' dir='ltr'><strong>ἐν</strong></span> <span class='ocrx_word' id='word_1_240' title='bbox 421 1942 495 2009; x_wconf 82' lang='grc' dir='ltr'>τῷ</span> <span class='ocrx_word' id='word_1_241' title='bbox 523 1941 927 2011; x_wconf 75' lang='grc' dir='ltr'><strong>παραληφθῆναι</strong></span> <span class='ocrx_word' id='word_1_242' title='bbox 972 1945 1050 2004; x_wconf 88' lang='grc' dir='ltr'><strong>είς</strong></span> <span class='ocrx_word' id='word_1_243' title='bbox 1088 1943 1438 2011; x_wconf 77' lang='grc' dir='ltr'>συμϐούλιον;</span> <span class='ocrx_word' id='word_1_244' title='bbox 1482 1945 1541 1994; x_wconf 75' lang='lat' dir='ltr'><strong>Ei</strong></span> <span class='ocrx_word' id='word_1_245' title='bbox 1574 1944 1668 2012; x_wconf 84' lang='grc' dir='ltr'>μὲν</span> 
     </span>
    </p>
   </div>
   <div class='ocr_carea' id='block_1_34' title="bbox 131 2033 1667 2103">
    <p class='ocr_par' dir='ltr' id='par_1_34' title="bbox 131 2033 1667 2103">
     <span class='ocr_line' id='line_1_34' title="bbox 131 2033 1667 2103; baseline 0.003 -21"><span class='ocrx_word' id='word_1_246' title='bbox 131 2033 324 2097; x_wconf 72' lang='grc' dir='ltr'>ἀγαθά</span> <span class='ocrx_word' id='word_1_247' title='bbox 350 2034 515 2085; x_wconf 87' lang='grc' dir='ltr'>ταῦτά</span> <span class='ocrx_word' id='word_1_248' title='bbox 536 2035 696 2098; x_wconf 78' lang='grc' dir='ltr'>ἐστιν,</span> <span class='ocrx_word' id='word_1_249' title='bbox 728 2035 930 2101; x_wconf 72' lang='grc' dir='ltr'>χαίρειν</span> <span class='ocrx_word' id='word_1_250' title='bbox 955 2051 1012 2085; x_wconf 74' lang='grc' dir='ltr'><strong>σε</strong></span> <span class='ocrx_word' id='word_1_251' title='bbox 1042 2034 1137 2096; x_wconf 80' lang='grc' dir='ltr'>δεῖ,</span> <span class='ocrx_word' id='word_1_252' title='bbox 1168 2036 1248 2086; x_wconf 82' lang='grc' dir='ltr'>ὅτι</span> <span class='ocrx_word' id='word_1_253' title='bbox 1281 2035 1461 2103; x_wconf 82' lang='grc' dir='ltr'>ἔτυχεν</span> <span class='ocrx_word' id='word_1_254' title='bbox 1493 2036 1667 2086; x_wconf 81' lang='grc' dir='ltr'>αὐτῶν</span> 
     </span>
    </p>
   </div>
   <div class='ocr_carea' id='block_1_35' title="bbox 131 2119 1667 2193">
    <p class='ocr_par' dir='ltr' id='par_1_35' title="bbox 131 2119 1667 2193">
     <span class='ocr_line' id='line_1_35' title="bbox 131 2119 1667 2193; baseline 0.001 -23"><span class='ocrx_word' id='word_1_255' title='bbox 131 2121 370 2181; x_wconf 81' lang='grc' dir='ltr'>ἐκεῖνος,</span> <span class='ocrx_word' id='word_1_256' title='bbox 391 2119 513 2170; x_wconf 82' lang='grc' dir='ltr'>εἰδὲ</span> <span class='ocrx_word' id='word_1_257' title='bbox 539 2119 679 2171; x_wconf 81' lang='grc' dir='ltr'>κακὰ</span> <span class='ocrx_word' id='word_1_258' title='bbox 719 2121 789 2185; x_wconf 51' lang='lat'><strong>5:&quot;:</strong></span> <span class='ocrx_word' id='word_1_259' title='bbox 896 2131 992 2184; x_wconf 69' lang='lat'><strong>“-.--.-,</strong></span> <span class='ocrx_word' id='word_1_260' title='bbox 1021 2121 1097 2172; x_wconf 89' lang='grc' dir='ltr'><strong>δτι</strong></span> <span class='ocrx_word' id='word_1_261' title='bbox 1130 2120 1294 2193; x_wconf 18' lang='grc' dir='ltr'>σῦςμὴ</span> <span class='ocrx_word' id='word_1_262' title='bbox 1325 2120 1535 2189; x_wconf 81' lang='grc' dir='ltr'>ἔτυχες·</span> <span class='ocrx_word' id='word_1_263' title='bbox 1575 2122 1667 2187; x_wconf 80' lang='grc' dir='ltr'>μέ·</span> 
     </span>
    </p>
   </div>
   <div class='ocr_carea' id='block_1_36' title="bbox 134 2207 1667 2277">
    <p class='ocr_par' dir='ltr' id='par_1_36' title="bbox 134 2207 1667 2277">
     <span class='ocr_line' id='line_1_36' title="bbox 134 2207 1667 2277; baseline 0.002 -20"><span class='ocrx_word' id='word_1_264' title='bbox 134 2224 318 2276; x_wconf 83' lang='grc' dir='ltr'>μνησο</span> <span class='ocrx_word' id='word_1_265' title='bbox 349 2208 425 2269; x_wconf 77' lang='grc' dir='ltr'>δὲ,</span> <span class='ocrx_word' id='word_1_266' title='bbox 463 2207 591 2258; x_wconf 85' lang='grc' dir='ltr'><strong>διότι</strong></span> <span class='ocrx_word' id='word_1_267' title='bbox 626 2209 685 2258; x_wconf 78' lang='grc' dir='ltr'><strong>σὺ</strong></span> <span class='ocrx_word' id='word_1_268' title='bbox 935 2225 1053 2260; x_wconf 63' lang='lat' dir='ltr'><strong>nat</strong></span> <span class='ocrx_word' id='word_1_269' title='bbox 1101 2209 1173 2277; x_wconf 81' lang='grc' dir='ltr'>μὴ</span> <span class='ocrx_word' id='word_1_270' title='bbox 1212 2211 1279 2262; x_wconf 76' lang='grc' dir='ltr'><strong>τὰ</strong></span> <span class='ocrx_word' id='word_1_271' title='bbox 1322 2211 1455 2261; x_wconf 77' lang='grc' dir='ltr'>αὐτὰ</span> <span class='ocrx_word' id='word_1_272' title='bbox 1502 2211 1667 2261; x_wconf 81' lang='grc' dir='ltr'>ποιῶν</span> 
     </span>
    </p>
   </div>
   <div class='ocr_carea' id='block_1_37' title="bbox 133 2297 1668 2367">
    <p class='ocr_par' dir='ltr' id='par_1_37' title="bbox 133 2297 1668 2367">
     <span class='ocr_line' id='line_1_37' title="bbox 133 2297 1668 2367; baseline 0.001 -20"><span class='ocrx_word' id='word_1_273' title='bbox 133 2298 277 2365; x_wconf 82' lang='grc' dir='ltr'>πρὸς</span> <span class='ocrx_word' id='word_1_274' title='bbox 316 2298 372 2349; x_wconf 80' lang='grc' dir='ltr'><strong>τὸ</strong></span> <span class='ocrx_word' id='word_1_275' title='bbox 403 2297 682 2365; x_wconf 74' lang='grc' dir='ltr'><strong>τυγχάνειν</strong></span> <span class='ocrx_word' id='word_1_276' title='bbox 704 2300 805 2347; x_wconf 72' lang='grc' dir='ltr'><strong>τω..</strong></span> <span class='ocrx_word' id='word_1_277' title='bbox 838 2299 932 2348; x_wconf 67' lang='grc' dir='ltr'><strong>οἰκ</strong></span> <span class='ocrx_word' id='word_1_278' title='bbox 956 2300 1035 2365; x_wconf 76' lang='grc' dir='ltr'><strong>ἐφ’</strong></span> <span class='ocrx_word' id='word_1_279' title='bbox 1061 2299 1187 2367; x_wconf 71' lang='grc' dir='ltr'>ἡμῖν</span> <span class='ocrx_word' id='word_1_280' title='bbox 1218 2300 1320 2350; x_wconf 84' lang='grc' dir='ltr'><strong>τῶν</strong></span> <span class='ocrx_word' id='word_1_281' title='bbox 1353 2299 1474 2350; x_wconf 81' lang='grc' dir='ltr'>ἴσων</span> <span class='ocrx_word' id='word_1_282' title='bbox 1501 2299 1668 2362; x_wconf 77' lang='grc' dir='ltr'>ἀξιοῦ-</span> 
     </span>
    </p>
   </div>
   <div class='ocr_carea' id='block_1_38' title="bbox 133 2385 1668 2456">
    <p class='ocr_par' dir='ltr' id='par_1_38' title="bbox 133 2385 1668 2456">
     <span class='ocr_line' id='line_1_38' title="bbox 133 2385 1668 2456; baseline 0.002 -21"><span class='ocrx_word' id='word_1_283' title='bbox 133 2387 289 2437; x_wconf 84' lang='grc' dir='ltr'>σθαι.</span> <span class='ocrx_word' id='word_1_284' title='bbox 327 2385 446 2446; x_wconf 84' lang='grc' dir='ltr'><strong>Πῶς</strong></span> <span class='ocrx_word' id='word_1_285' title='bbox 485 2385 589 2452; x_wconf 73' lang='grc' dir='ltr'><strong>γὰρ</strong></span> <span class='ocrx_word' id='word_1_286' title='bbox 624 2385 734 2436; x_wconf 85' lang='grc' dir='ltr'>τσον</span> <span class='ocrx_word' id='word_1_287' title='bbox 773 2387 988 2450; x_wconf 74' lang='grc' dir='ltr'>δύναται</span> <span class='ocrx_word' id='word_1_288' title='bbox 1026 2386 1165 2455; x_wconf 75' lang='grc' dir='ltr'>ἔχειν</span> <span class='ocrx_word' id='word_1_289' title='bbox 1197 2391 1224 2439; x_wconf 87' lang='grc' dir='ltr'>ὁ</span> <span class='ocrx_word' id='word_1_290' title='bbox 1252 2389 1323 2456; x_wconf 81' lang='grc' dir='ltr'>μὴ</span> <span class='ocrx_word' id='word_1_291' title='bbox 1356 2388 1548 2454; x_wconf 81' lang='grc' dir='ltr'>φοιτῶν</span> <span class='ocrx_word' id='word_1_292' title='bbox 1580 2389 1668 2438; x_wconf 73' lang='grc' dir='ltr'><strong>ἐπὶ</strong></span> 
     </span>
    </p>
   </div>
   <div class='ocr_carea' id='block_1_39' title="bbox 133 2462 1668 2541">
    <p class='ocr_par' dir='ltr' id='par_1_39' title="bbox 133 2462 1668 2541">
     <span class='ocr_line' id='line_1_39' title="bbox 133 2462 1668 2541; baseline 0.003 -21"><span class='ocrx_word' id='word_1_293' title='bbox 133 2470 314 2538; x_wconf 81' lang='grc' dir='ltr'>θύρας</span> <span class='ocrx_word' id='word_1_294' title='bbox 365 2470 505 2530; x_wconf 81' lang='grc' dir='ltr'>τινὸς</span> <span class='ocrx_word' id='word_1_295' title='bbox 542 2469 619 2537; x_wconf 82' lang='grc' dir='ltr'>τῷ</span> <span class='ocrx_word' id='word_1_296' title='bbox 655 2473 898 2536; x_wconf 84' lang='grc' dir='ltr'><strong>φοιτῶντι</strong></span> <span class='ocrx_word' id='word_1_297' title='bbox 924 2462 944 2532; x_wconf 62' lang='grc' dir='ltr'>ς’</span> <span class='ocrx_word' id='word_1_298' title='bbox 983 2474 1038 2524; x_wconf 83' lang='grc' dir='ltr'><strong>Ὀ</strong></span> <span class='ocrx_word' id='word_1_299' title='bbox 1069 2474 1140 2540; x_wconf 82' lang='grc' dir='ltr'>μὴ</span> <span class='ocrx_word' id='word_1_300' title='bbox 1182 2475 1555 2541; x_wconf 81' lang='grc' dir='ltr'><strong>παραπέμπων</strong></span> <span class='ocrx_word' id='word_1_301' title='bbox 1594 2475 1668 2540; x_wconf 83' lang='grc' dir='ltr'>τῷ</span> 
     </span>
    </p>
   </div>
   <div class='ocr_carea' id='block_1_40' title="bbox 135 2556 1667 2626">
    <p class='ocr_par' dir='ltr' id='par_1_40' title="bbox 135 2556 1667 2626">
     <span class='ocr_line' id='line_1_40' title="bbox 135 2556 1667 2626; baseline 0.001 -19"><span class='ocrx_word' id='word_1_302' title='bbox 135 2557 589 2624; x_wconf 78' lang='grc' dir='ltr'><strong>παραπέμποντες</strong></span> <span class='ocrx_word' id='word_1_303' title='bbox 627 2556 684 2607; x_wconf 86' lang='lat'><strong>&#39;0</strong></span> <span class='ocrx_word' id='word_1_304' title='bbox 719 2557 790 2624; x_wconf 81' lang='grc' dir='ltr'>μὴ</span> <span class='ocrx_word' id='word_1_305' title='bbox 818 2558 1043 2609; x_wconf 77' lang='grc' dir='ltr'>ἐπαινῶν</span> <span class='ocrx_word' id='word_1_306' title='bbox 1070 2559 1146 2626; x_wconf 82' lang='grc' dir='ltr'><strong>τῷ</strong></span> <span class='ocrx_word' id='word_1_307' title='bbox 1168 2559 1465 2610; x_wconf 81' lang='grc' dir='ltr'><strong>ἐπαινοῦντι</strong></span> <span class='ocrx_word' id='word_1_308' title='bbox 1490 2559 1667 2619; x_wconf 81' lang='grc' dir='ltr'>;Ἀδι-</span> 
     </span>
    </p>
   </div>
   <div class='ocr_carea' id='block_1_41' title="bbox 135 2629 1665 2714">
    <p class='ocr_par' dir='ltr' id='par_1_41' title="bbox 135 2629 1665 2714">
     <span class='ocr_line' id='line_1_41' title="bbox 135 2629 1665 2714; baseline 0.001 -21"><span class='ocrx_word' id='word_1_309' title='bbox 135 2659 233 2703; x_wconf 84' lang='grc' dir='ltr'><strong>κος</strong></span> <span class='ocrx_word' id='word_1_310' title='bbox 276 2637 367 2694; x_wconf 78' lang='grc' dir='ltr'><strong>οὗν</strong></span> <span class='ocrx_word' id='word_1_311' title='bbox 412 2629 504 2710; x_wconf 68' lang='grc' dir='ltr'><strong>ἔσῃ</strong></span> <span class='ocrx_word' id='word_1_312' title='bbox 548 2643 636 2694; x_wconf 79' lang='grc' dir='ltr'>καὶ</span> <span class='ocrx_word' id='word_1_313' title='bbox 672 2643 955 2711; x_wconf 78' lang='grc' dir='ltr'>ἄπληστος,</span> <span class='ocrx_word' id='word_1_314' title='bbox 989 2646 1035 2695; x_wconf 83' lang='grc' dir='ltr'><strong>εί</strong></span> <span class='ocrx_word' id='word_1_315' title='bbox 1063 2646 1133 2714; x_wconf 84' lang='grc' dir='ltr'>μὴ</span> <span class='ocrx_word' id='word_1_316' title='bbox 1177 2646 1465 2713; x_wconf 81' lang='grc' dir='ltr'>προέμενος</span> <span class='ocrx_word' id='word_1_317' title='bbox 1499 2645 1665 2697; x_wconf 83' lang='grc' dir='ltr'>ταῦτα</span> 
     </span>
    </p>
   </div>
   <div class='ocr_carea' id='block_1_42' title="bbox 138 2716 1666 2806">
    <p class='ocr_par' dir='ltr' id='par_1_42' title="bbox 138 2716 1666 2806">
     <span class='ocr_line' id='line_1_42' title="bbox 138 2716 1666 2806; baseline 0.002 -25"><span class='ocrx_word' id='word_1_318' title='bbox 138 2716 259 2782; x_wconf 83' lang='grc' dir='ltr'>ἀνθ’</span> <span class='ocrx_word' id='word_1_319' title='bbox 288 2724 360 2782; x_wconf 85' lang='grc' dir='ltr'>ὧν</span> <span class='ocrx_word' id='word_1_320' title='bbox 388 2733 567 2784; x_wconf 81' lang='grc' dir='ltr'>ἐκεῖνα</span> <span class='ocrx_word' id='word_1_321' title='bbox 619 2733 976 2797; x_wconf 76' lang='grc' dir='ltr'><strong>πιπράσκεται</strong></span> <span class='ocrx_word' id='word_1_322' title='bbox 1027 2727 1220 2801; x_wconf 77' lang='grc' dir='ltr'>προῖκα</span> <span class='ocrx_word' id='word_1_323' title='bbox 1267 2735 1403 2786; x_wconf 81' lang='grc' dir='ltr'>αὐτὰ</span> <span class='ocrx_word' id='word_1_324' title='bbox 1439 2733 1666 2806; x_wconf 81' lang='grc' dir='ltr'><strong>βουλήσῃ</strong></span> 
     </span>
    </p>
   </div>
   <div class='ocr_carea' id='block_1_43' title="bbox 137 2817 1662 2891">
    <p class='ocr_par' dir='ltr' id='par_1_43' title="bbox 137 2817 1662 2891">
     <span class='ocr_line' id='line_1_43' title="bbox 137 2817 1662 2891; baseline 0.006 -25"><span class='ocrx_word' id='word_1_325' title='bbox 137 2817 455 2883; x_wconf 75' lang='grc' dir='ltr'>λαμϐάνειν.</span> <span class='ocrx_word' id='word_1_326' title='bbox 526 2818 680 2870; x_wconf 80' lang='grc' dir='ltr'>Ἀλλά</span> <span class='ocrx_word' id='word_1_327' title='bbox 729 2821 892 2872; x_wconf 86' lang='grc' dir='ltr'>πόσου</span> <span class='ocrx_word' id='word_1_328' title='bbox 945 2823 1332 2890; x_wconf 79' lang='grc' dir='ltr'>πιπράσκονται</span> <span class='ocrx_word' id='word_1_329' title='bbox 1381 2823 1662 2891; x_wconf 88' lang='grc' dir='ltr'>θρίδακες;</span> 
     </span>
    </p>
   </div>
   <div class='ocr_carea' id='block_1_44' title="bbox 136 2905 1663 2980">
    <p class='ocr_par' dir='ltr' id='par_1_44' title="bbox 136 2905 1663 2980">
     <span class='ocr_line' id='line_1_44' title="bbox 136 2905 1663 2980; baseline 0.007 -26"><span class='ocrx_word' id='word_1_330' title='bbox 136 2905 330 2956; x_wconf 74' lang='grc' dir='ltr'>ὀϐολοῦ</span> <span class='ocrx_word' id='word_1_331' title='bbox 358 2906 421 2957; x_wconf 81' lang='grc' dir='ltr'>ἂν</span> <span class='ocrx_word' id='word_1_332' title='bbox 449 2906 585 2959; x_wconf 78' lang='grc' dir='ltr'><strong>οὕτω</strong></span> <span class='ocrx_word' id='word_1_333' title='bbox 613 2907 764 2978; x_wconf 83' lang='grc' dir='ltr'><strong>τύχῃ,</strong></span> <span class='ocrx_word' id='word_1_334' title='bbox 787 2909 849 2960; x_wconf 80' lang='grc' dir='ltr'><strong>ἂν</strong></span> <span class='ocrx_word' id='word_1_335' title='bbox 871 2907 961 2962; x_wconf 83' lang='grc' dir='ltr'><strong>οὖν</strong></span> <span class='ocrx_word' id='word_1_336' title='bbox 989 2928 1067 2973; x_wconf 87' lang='grc' dir='ltr'><strong>τις</strong></span> <span class='ocrx_word' id='word_1_337' title='bbox 1099 2911 1388 2980; x_wconf 82' lang='grc' dir='ltr'>προέμενος</span> <span class='ocrx_word' id='word_1_338' title='bbox 1420 2911 1507 2964; x_wconf 81' lang='grc' dir='ltr'>τὸν</span> <span class='ocrx_word' id='word_1_339' title='bbox 1544 2913 1663 2964; x_wconf 76' lang='lat'><strong>660-</strong></span> 
     </span>
    </p>
   </div>
   <div class='ocr_carea' id='block_1_45' title="bbox 2297 1748 2756 1806">
    <p class='ocr_par' dir='ltr' id='par_1_45' title="bbox 2297 1748 2756 1806">
     <span class='ocr_line' id='line_1_45' title="bbox 2297 1748 2756 1806; baseline -0.002 -1"><span class='ocrx_word' id='word_1_340' title='bbox 2297 1750 2516 1806; x_wconf 80' lang='lat' dir='ltr'><strong>CAPUT</strong></span> <span class='ocrx_word' id='word_1_341' title='bbox 2548 1748 2756 1804; x_wconf 77' lang='lat' dir='ltr'><strong>XXXII.</strong></span> 
     </span>
    </p>
   </div>
   <div class='ocr_carea' id='block_1_46' title="bbox 1837 1854 3294 1926">
    <p class='ocr_par' dir='ltr' id='par_1_46' title="bbox 1837 1854 3294 1926">
     <span class='ocr_line' id='line_1_46' title="bbox 1837 1854 3294 1926; baseline -0.005 -15"><span class='ocrx_word' id='word_1_342' title='bbox 1837 1859 2088 1913; x_wconf 71' lang='lat' dir='ltr'><strong>Prmlatus</strong></span> <span class='ocrx_word' id='word_1_343' title='bbox 2134 1860 2299 1912; x_wconf 79' lang='lat' dir='ltr'><strong>fuitne</strong></span> <span class='ocrx_word' id='word_1_344' title='bbox 2329 1860 2422 1911; x_wconf 87' lang='lat' dir='ltr'><strong>tibi</strong></span> <span class='ocrx_word' id='word_1_345' title='bbox 2447 1860 2566 1926; x_wconf 89' lang='lat' dir='ltr'><strong>quis</strong></span> <span class='ocrx_word' id='word_1_346' title='bbox 2597 1859 2648 1909; x_wconf 92' lang='lat' dir='ltr'><strong>in</strong></span> <span class='ocrx_word' id='word_1_347' title='bbox 2676 1855 2935 1917; x_wconf 83' lang='lat' dir='ltr'><strong>convivio,</strong></span> <span class='ocrx_word' id='word_1_348' title='bbox 2965 1865 3055 1906; x_wconf 88' lang='lat' dir='ltr'><strong>aut</strong></span> <span class='ocrx_word' id='word_1_349' title='bbox 3081 1854 3132 1905; x_wconf 90' lang='lat' dir='ltr'><strong>in</strong></span> <span class='ocrx_word' id='word_1_350' title='bbox 3165 1869 3294 1905; x_wconf 90' lang='lat' dir='ltr'><strong>cou-</strong></span> 
     </span>
    </p>
   </div>
   <div class='ocr_carea' id='block_1_47' title="bbox 1767 1943 3292 2016">
    <p class='ocr_par' dir='ltr' id='par_1_47' title="bbox 1767 1943 3292 2016">
     <span class='ocr_line' id='line_1_47' title="bbox 1767 1943 3292 2016; baseline -0.003 -16"><span class='ocrx_word' id='word_1_351' title='bbox 1767 1948 1940 2011; x_wconf 80' lang='lat' dir='ltr'><strong>cinne,</strong></span> <span class='ocrx_word' id='word_1_352' title='bbox 1976 1959 2066 2000; x_wconf 86' lang='lat' dir='ltr'><strong>aut</strong></span> <span class='ocrx_word' id='word_1_353' title='bbox 2100 1950 2150 2000; x_wconf 94' lang='lat' dir='ltr'><strong>in</strong></span> <span class='ocrx_word' id='word_1_354' title='bbox 2179 1964 2261 2009; x_wconf 91' lang='lat' dir='ltr'><strong>eo,</strong></span> <span class='ocrx_word' id='word_1_355' title='bbox 2300 1952 2438 2016; x_wconf 89' lang='lat' dir='ltr'><strong>quod</strong></span> <span class='ocrx_word' id='word_1_356' title='bbox 2470 1956 2772 2013; x_wconf 88' lang='lat' dir='ltr'><strong>assumptus</strong></span> <span class='ocrx_word' id='word_1_357' title='bbox 2822 1946 2980 1998; x_wconf 85' lang='lat' dir='ltr'><strong>fuerit</strong></span> <span class='ocrx_word' id='word_1_358' title='bbox 3021 1946 3082 1996; x_wconf 88' lang='lat' dir='ltr'><strong>ad</strong></span> <span class='ocrx_word' id='word_1_359' title='bbox 3117 1943 3292 1997; x_wconf 60' lang='lat' dir='ltr'><strong>consi-</strong></span> 
     </span>
    </p>
   </div>
   <div class='ocr_carea' id='block_1_48' title="bbox 1767 2033 3288 2101">
    <p class='ocr_par' dir='ltr' id='par_1_48' title="bbox 1767 2033 3288 2101">
     <span class='ocr_line' id='line_1_48' title="bbox 1767 2033 3288 2101; baseline -0.002 -16"><span class='ocrx_word' id='word_1_360' title='bbox 1767 2033 1932 2086; x_wconf 89' lang='lat' dir='ltr'><strong>lium?</strong></span> <span class='ocrx_word' id='word_1_361' title='bbox 1957 2035 2010 2086; x_wconf 89' lang='lat' dir='ltr'><strong>Si</strong></span> <span class='ocrx_word' id='word_1_362' title='bbox 2042 2036 2176 2087; x_wconf 88' lang='lat' dir='ltr'><strong>bona</strong></span> <span class='ocrx_word' id='word_1_363' title='bbox 2207 2035 2416 2101; x_wconf 90' lang='lat' dir='ltr'><strong>quidem</strong></span> <span class='ocrx_word' id='word_1_364' title='bbox 2445 2035 2556 2088; x_wconf 80' lang='lat' dir='ltr'><strong>haec</strong></span> <span class='ocrx_word' id='word_1_365' title='bbox 2584 2043 2725 2095; x_wconf 87' lang='lat' dir='ltr'><strong>sunt,</strong></span> <span class='ocrx_word' id='word_1_366' title='bbox 2750 2036 2973 2101; x_wconf 86' lang='lat' dir='ltr'><strong>gaudere</strong></span> <span class='ocrx_word' id='word_1_367' title='bbox 2999 2042 3047 2086; x_wconf 91' lang='lat' dir='ltr'><strong>te</strong></span> <span class='ocrx_word' id='word_1_368' title='bbox 3067 2042 3288 2099; x_wconf 84' lang='lat' dir='ltr'><strong>oportet,</strong></span> 
     </span>
    </p>
   </div>
   <div class='ocr_carea' id='block_1_49' title="bbox 1767 2121 3292 2190">
    <p class='ocr_par' dir='ltr' id='par_1_49' title="bbox 1767 2121 3292 2190">
     <span class='ocr_line' id='line_1_49' title="bbox 1767 2121 3292 2190; baseline -0.003 -17"><span class='ocrx_word' id='word_1_369' title='bbox 1767 2124 1906 2190; x_wconf 86' lang='lat' dir='ltr'><strong>quod</strong></span> <span class='ocrx_word' id='word_1_370' title='bbox 1939 2125 2050 2176; x_wconf 64' lang='lat' dir='ltr'><strong>hazc</strong></span> <span class='ocrx_word' id='word_1_371' title='bbox 2083 2124 2167 2176; x_wconf 90' lang='lat' dir='ltr'><strong>ille</strong></span> <span class='ocrx_word' id='word_1_372' title='bbox 2202 2124 2361 2176; x_wconf 88' lang='lat' dir='ltr'><strong>fuerit</strong></span> <span class='ocrx_word' id='word_1_373' title='bbox 2390 2131 2700 2183; x_wconf 85' lang='lat' dir='ltr'><strong>assecutus;</strong></span> <span class='ocrx_word' id='word_1_374' title='bbox 2734 2123 2814 2174; x_wconf 90' lang='lat' dir='ltr'><strong>sin</strong></span> <span class='ocrx_word' id='word_1_375' title='bbox 2842 2131 3010 2174; x_wconf 83' lang='lat' dir='ltr'><strong>autem</strong></span> <span class='ocrx_word' id='word_1_376' title='bbox 3039 2121 3195 2180; x_wconf 86' lang='lat' dir='ltr'><strong>mala,</strong></span> <span class='ocrx_word' id='word_1_377' title='bbox 3227 2135 3292 2170; x_wconf 88' lang='lat' dir='ltr'><strong>ne</strong></span> 
     </span>
    </p>
   </div>
   <div class='ocr_carea' id='block_1_50' title="bbox 1767 2210 3292 2279">
    <p class='ocr_par' dir='ltr' id='par_1_50' title="bbox 1767 2210 3292 2279">
     <span class='ocr_line' id='line_1_50' title="bbox 1767 2210 3292 2279; baseline -0.003 -18"><span class='ocrx_word' id='word_1_378' title='bbox 1767 2211 1995 2279; x_wconf 76' lang='lat' dir='ltr'><strong>graviter</strong></span> <span class='ocrx_word' id='word_1_379' title='bbox 2042 2210 2179 2264; x_wconf 84' lang='lat' dir='ltr'><strong>feras</strong></span> <span class='ocrx_word' id='word_1_380' title='bbox 2224 2212 2360 2278; x_wconf 93' lang='lat' dir='ltr'><strong>quod</strong></span> <span class='ocrx_word' id='word_1_381' title='bbox 2397 2211 2567 2278; x_wconf 90' lang='lat' dir='ltr'><strong>impos</strong></span> <span class='ocrx_word' id='word_1_382' title='bbox 2624 2211 2790 2263; x_wconf 90' lang='lat' dir='ltr'><strong>fueris</strong></span> <span class='ocrx_word' id='word_1_383' title='bbox 2823 2211 2928 2263; x_wconf 83' lang='lat' dir='ltr'><strong>voti</strong></span> <span class='ocrx_word' id='word_1_384' title='bbox 2973 2228 2983 2260; x_wconf 96' lang='lat'><strong>:</strong></span> <span class='ocrx_word' id='word_1_385' title='bbox 3033 2217 3292 2260; x_wconf 86' lang='lat' dir='ltr'><strong>memento</strong></span> 
     </span>
    </p>
   </div>
   <div class='ocr_carea' id='block_1_51' title="bbox 1767 2290 3293 2364">
    <p class='ocr_par' dir='ltr' id='par_1_51' title="bbox 1767 2290 3293 2364">
     <span class='ocr_line' id='line_1_51' title="bbox 1767 2290 3293 2364; baseline -0.001 -18"><span class='ocrx_word' id='word_1_386' title='bbox 1767 2313 1926 2361; x_wconf 76' lang='lat' dir='ltr'><strong>vero,</strong></span> <span class='ocrx_word' id='word_1_387' title='bbox 1977 2298 2114 2364; x_wconf 89' lang='lat' dir='ltr'><strong>quod</strong></span> <span class='ocrx_word' id='word_1_388' title='bbox 2161 2312 2263 2349; x_wconf 85' lang='lat' dir='ltr'><strong>non</strong></span> <span class='ocrx_word' id='word_1_389' title='bbox 2318 2290 2466 2364; x_wconf 89' lang='lat' dir='ltr'><strong>potes</strong></span> <span class='ocrx_word' id='word_1_390' title='bbox 2526 2298 2816 2364; x_wconf 61' lang='lat' dir='ltr'><strong>mqualibus</strong></span> <span class='ocrx_word' id='word_1_391' title='bbox 2861 2296 3080 2364; x_wconf 83' lang='lat' dir='ltr'><strong>(scilicet</strong></span> <span class='ocrx_word' id='word_1_392' title='bbox 3129 2296 3293 2346; x_wconf 82' lang='lat' dir='ltr'><strong>hono-</strong></span> 
     </span>
    </p>
   </div>
   <div class='ocr_carea' id='block_1_52' title="bbox 1768 2384 3293 2454">
    <p class='ocr_par' dir='ltr' id='par_1_52' title="bbox 1768 2384 3293 2454">
     <span class='ocr_line' id='line_1_52' title="bbox 1768 2384 3293 2454; baseline -0.001 -18"><span class='ocrx_word' id='word_1_393' title='bbox 1768 2386 1932 2453; x_wconf 89' lang='lat' dir='ltr'><strong>ribus)</strong></span> <span class='ocrx_word' id='word_1_394' title='bbox 1956 2387 2146 2454; x_wconf 85' lang='lat' dir='ltr'><strong>dignus</strong></span> <span class='ocrx_word' id='word_1_395' title='bbox 2181 2387 2324 2450; x_wconf 90' lang='lat' dir='ltr'><strong>fieri,</strong></span> <span class='ocrx_word' id='word_1_396' title='bbox 2353 2387 2393 2439; x_wconf 92' lang='lat' dir='ltr'><strong>si</strong></span> <span class='ocrx_word' id='word_1_397' title='bbox 2425 2387 2604 2440; x_wconf 84' lang='lat' dir='ltr'><strong>eadem</strong></span> <span class='ocrx_word' id='word_1_398' title='bbox 2638 2402 2742 2439; x_wconf 91' lang='lat' dir='ltr'><strong>non</strong></span> <span class='ocrx_word' id='word_1_399' title='bbox 2775 2387 2990 2446; x_wconf 82' lang='lat' dir='ltr'><strong>feceris,</strong></span> <span class='ocrx_word' id='word_1_400' title='bbox 3023 2401 3139 2450; x_wconf 75' lang='lat' dir='ltr'><strong>quae</strong></span> <span class='ocrx_word' id='word_1_401' title='bbox 3170 2384 3293 2435; x_wconf 85' lang='lat' dir='ltr'><strong>fecit</strong></span> 
     </span>
    </p>
   </div>
   <div class='ocr_carea' id='block_1_53' title="bbox 1765 2472 3289 2539">
    <p class='ocr_par' dir='ltr' id='par_1_53' title="bbox 1765 2472 3289 2539">
     <span class='ocr_line' id='line_1_53' title="bbox 1765 2472 3289 2539; baseline -0.001 -15"><span class='ocrx_word' id='word_1_402' title='bbox 1765 2473 1853 2524; x_wconf 91' lang='lat' dir='ltr'><strong>ille</strong></span> <span class='ocrx_word' id='word_1_403' title='bbox 1880 2475 1942 2524; x_wconf 89' lang='lat' dir='ltr'><strong>ad</strong></span> <span class='ocrx_word' id='word_1_404' title='bbox 1975 2475 2299 2539; x_wconf 84' lang='lat' dir='ltr'><strong>assequenda</strong></span> <span class='ocrx_word' id='word_1_405' title='bbox 2330 2474 2519 2525; x_wconf 90' lang='lat' dir='ltr'><strong>similia</strong></span> <span class='ocrx_word' id='word_1_406' title='bbox 2549 2476 2599 2526; x_wconf 90' lang='lat' dir='ltr'><strong>in</strong></span> <span class='ocrx_word' id='word_1_407' title='bbox 2632 2475 2784 2524; x_wconf 79' lang='lat' dir='ltr'><strong>nobis</strong></span> <span class='ocrx_word' id='word_1_408' title='bbox 2813 2489 2915 2524; x_wconf 84' lang='lat' dir='ltr'><strong>non</strong></span> <span class='ocrx_word' id='word_1_409' title='bbox 2947 2472 3289 2532; x_wconf 75' lang='lat' dir='ltr'><strong>exsistentia;</strong></span> 
     </span>
    </p>
   </div>
   <div class='ocr_carea' id='block_1_54' title="bbox 1764 2553 3293 2620">
    <p class='ocr_par' dir='ltr' id='par_1_54' title="bbox 1764 2553 3293 2620">
     <span class='ocr_line' id='line_1_54' title="bbox 1764 2553 3293 2620; baseline 0 -17"><span class='ocrx_word' id='word_1_410' title='bbox 1764 2569 1866 2620; x_wconf 87' lang='lat' dir='ltr'><strong>qua</strong></span> <span class='ocrx_word' id='word_1_411' title='bbox 1889 2556 2030 2606; x_wconf 90' lang='lat' dir='ltr'><strong>enim</strong></span> <span class='ocrx_word' id='word_1_412' title='bbox 2057 2555 2356 2619; x_wconf 69' lang='lat' dir='ltr'><strong>aequalitate</strong></span> <span class='ocrx_word' id='word_1_413' title='bbox 2382 2557 2680 2617; x_wconf 89' lang='lat' dir='ltr'><strong>conveniet,</strong></span> <span class='ocrx_word' id='word_1_414' title='bbox 2705 2555 2794 2620; x_wconf 90' lang='lat' dir='ltr'><strong>qui</strong></span> <span class='ocrx_word' id='word_1_415' title='bbox 2829 2556 2890 2606; x_wconf 88' lang='lat' dir='ltr'><strong>ad</strong></span> <span class='ocrx_word' id='word_1_416' title='bbox 2917 2553 3055 2604; x_wconf 85' lang='lat' dir='ltr'><strong>fores</strong></span> <span class='ocrx_word' id='word_1_417' title='bbox 3075 2555 3293 2606; x_wconf 86' lang='lat' dir='ltr'><strong>ventilat</strong></span> 
     </span>
    </p>
   </div>
   <div class='ocr_carea' id='block_1_55' title="bbox 1763 2642 3288 2709">
    <p class='ocr_par' dir='ltr' id='par_1_55' title="bbox 1763 2642 3288 2709">
     <span class='ocr_line' id='line_1_55' title="bbox 1763 2642 3288 2709; baseline -0.002 -15"><span class='ocrx_word' id='word_1_418' title='bbox 1763 2643 1986 2709; x_wconf 89' lang='lat' dir='ltr'><strong>alicujus</strong></span> <span class='ocrx_word' id='word_1_419' title='bbox 2020 2657 2138 2694; x_wconf 91' lang='lat' dir='ltr'><strong>cum</strong></span> <span class='ocrx_word' id='word_1_420' title='bbox 2166 2657 2271 2694; x_wconf 91' lang='lat' dir='ltr'><strong>non</strong></span> <span class='ocrx_word' id='word_1_421' title='bbox 2302 2642 2563 2695; x_wconf 85' lang='lat' dir='ltr'><strong>adeunte?</strong></span> <span class='ocrx_word' id='word_1_422' title='bbox 2609 2642 2707 2707; x_wconf 88' lang='lat' dir='ltr'><strong>Qui</strong></span> <span class='ocrx_word' id='word_1_423' title='bbox 2749 2651 2850 2695; x_wconf 87' lang='lat' dir='ltr'><strong>non</strong></span> <span class='ocrx_word' id='word_1_424' title='bbox 2909 2643 3139 2695; x_wconf 83' lang='lat' dir='ltr'><strong>associat</strong></span> <span class='ocrx_word' id='word_1_425' title='bbox 3170 2656 3288 2692; x_wconf 89' lang='lat' dir='ltr'><strong>cum</strong></span> 
     </span>
    </p>
   </div>
   <div class='ocr_carea' id='block_1_56' title="bbox 1763 2731 3290 2809">
    <p class='ocr_par' dir='ltr' id='par_1_56' title="bbox 1763 2731 3290 2809">
     <span class='ocr_line' id='line_1_56' title="bbox 1763 2731 3290 2809; baseline -0.001 -27"><span class='ocrx_word' id='word_1_426' title='bbox 1763 2731 2093 2784; x_wconf 77' lang='lat' dir='ltr'><strong>associaute?</strong></span> <span class='ocrx_word' id='word_1_427' title='bbox 2119 2731 2218 2794; x_wconf 84' lang='lat' dir='ltr'><strong>Qui</strong></span> <span class='ocrx_word' id='word_1_428' title='bbox 2260 2745 2363 2783; x_wconf 92' lang='lat' dir='ltr'><strong>non</strong></span> <span class='ocrx_word' id='word_1_429' title='bbox 2395 2731 2626 2784; x_wconf 84' lang='lat' dir='ltr'><strong>dilaudat</strong></span> <span class='ocrx_word' id='word_1_430' title='bbox 2683 2747 2802 2785; x_wconf 90' lang='lat' dir='ltr'><strong>cum</strong></span> <span class='ocrx_word' id='word_1_431' title='bbox 2836 2733 3120 2809; x_wconf 76' lang='lat' dir='ltr'><strong>laudante?</strong></span> <span class='ocrx_word' id='word_1_432' title='bbox 3152 2731 3290 2797; x_wconf 89' lang='lat' dir='ltr'><strong>Inju-</strong></span> 
     </span>
    </p>
   </div>
   <div class='ocr_carea' id='block_1_57' title="bbox 1754 2806 3286 2887">
    <p class='ocr_par' dir='ltr' id='par_1_57' title="bbox 1754 2806 3286 2887">
     <span class='ocr_line' id='line_1_57' title="bbox 1754 2806 3286 2887; baseline -0.001 -17"><span class='ocrx_word' id='word_1_433' title='bbox 1754 2806 1875 2871; x_wconf 20' lang='lat' dir='ltr'><strong>Istus</strong></span> <span class='ocrx_word' id='word_1_434' title='bbox 1905 2820 2064 2887; x_wconf 81' lang='lat' dir='ltr'><strong>igitur</strong></span> <span class='ocrx_word' id='word_1_435' title='bbox 2091 2820 2196 2873; x_wconf 88' lang='lat' dir='ltr'><strong>eris</strong></span> <span class='ocrx_word' id='word_1_436' title='bbox 2251 2835 2313 2874; x_wconf 89' lang='lat' dir='ltr'><strong>ac</strong></span> <span class='ocrx_word' id='word_1_437' title='bbox 2346 2821 2695 2883; x_wconf 84' lang='lat' dir='ltr'><strong>inexplebilis,</strong></span> <span class='ocrx_word' id='word_1_438' title='bbox 2726 2823 2769 2874; x_wconf 89' lang='lat' dir='ltr'><strong>si</strong></span> <span class='ocrx_word' id='word_1_439' title='bbox 2801 2806 2905 2872; x_wconf 79' lang='lat' dir='ltr'><strong>non</strong></span> <span class='ocrx_word' id='word_1_440' title='bbox 2953 2833 3174 2886; x_wconf 82' lang='lat' dir='ltr'><strong>evogans</strong></span> <span class='ocrx_word' id='word_1_441' title='bbox 3205 2833 3286 2881; x_wconf 85' lang='lat' dir='ltr'><strong>ea,</strong></span> 
     </span>
    </p>
   </div>
   <div class='ocr_carea' id='block_1_58' title="bbox 1761 2906 3287 2976">
    <p class='ocr_par' dir='ltr' id='par_1_58' title="bbox 1761 2906 3287 2976">
     <span class='ocr_line' id='line_1_58' title="bbox 1761 2906 3287 2976; baseline -0.002 -17"><span class='ocrx_word' id='word_1_442' title='bbox 1761 2923 1856 2975; x_wconf 91' lang='lat' dir='ltr'><strong>pro</strong></span> <span class='ocrx_word' id='word_1_443' title='bbox 1900 2909 2093 2975; x_wconf 83' lang='lat' dir='ltr'><strong>quibus</strong></span> <span class='ocrx_word' id='word_1_444' title='bbox 2125 2909 2211 2961; x_wconf 90' lang='lat' dir='ltr'><strong>illa</strong></span> <span class='ocrx_word' id='word_1_445' title='bbox 2252 2910 2637 2971; x_wconf 86' lang='lat' dir='ltr'><strong>divendunlur,</strong></span> <span class='ocrx_word' id='word_1_446' title='bbox 2685 2909 2846 2976; x_wconf 82' lang='lat' dir='ltr'><strong>gratis</strong></span> <span class='ocrx_word' id='word_1_447' title='bbox 2896 2908 3006 2972; x_wconf 85' lang='lat' dir='ltr'><strong>ipsa</strong></span> <span class='ocrx_word' id='word_1_448' title='bbox 3039 2906 3287 2972; x_wconf 87' lang='lat' dir='ltr'><strong>consequi</strong></span> 
     </span>
    </p>
   </div>
   <div class='ocr_carea' id='block_1_59' title="bbox 137 2991 1670 3071">
    <p class='ocr_par' dir='ltr' id='par_1_59' title="bbox 137 2991 1660 3071">
     <span class='ocr_line' id='line_1_59' title="bbox 137 2991 1660 3071; baseline 0.01 -33"><span class='ocrx_word' id='word_1_449' title='bbox 137 2991 229 3043; x_wconf 77' lang='grc' dir='ltr'><strong>λὸν</strong></span> <span class='ocrx_word' id='word_1_450' title='bbox 278 2991 415 3060; x_wconf 76' lang='grc' dir='ltr'>λάϐῃ</span> <span class='ocrx_word' id='word_1_451' title='bbox 453 2992 722 3058; x_wconf 75' lang='grc' dir='ltr'>θρίδακας,</span> <span class='ocrx_word' id='word_1_452' title='bbox 758 2995 820 3045; x_wconf 82' lang='grc' dir='ltr'><strong>σὺ</strong></span> <span class='ocrx_word' id='word_1_453' title='bbox 851 2995 905 3046; x_wconf 82' lang='grc' dir='ltr'>δὲ</span> <span class='ocrx_word' id='word_1_454' title='bbox 949 2998 1020 3062; x_wconf 83' lang='grc' dir='ltr'>μὴ</span> <span class='ocrx_word' id='word_1_455' title='bbox 1047 2999 1336 3066; x_wconf 77' lang='grc' dir='ltr'>προέμενος</span> <span class='ocrx_word' id='word_1_456' title='bbox 1374 3000 1445 3068; x_wconf 78' lang='grc' dir='ltr'>μὴ</span> <span class='ocrx_word' id='word_1_457' title='bbox 1477 3000 1660 3071; x_wconf 77' lang='grc' dir='ltr'>λάϐῃς,</span> 
     </span>
    </p>
   </div>
   <div class='ocr_carea' id='block_1_60' title="bbox 1763 2991 3284 3071">
    <p class='ocr_par' dir='ltr' id='par_1_60' title="bbox 1766 2994 3284 3064">
     <span class='ocr_line' id='line_1_60' title="bbox 1766 2994 3284 3064; baseline -0.001 -18"><span class='ocrx_word' id='word_1_458' title='bbox 1766 2996 2014 3049; x_wconf 83' lang='lat' dir='ltr'><strong>volueris.</strong></span> <span class='ocrx_word' id='word_1_459' title='bbox 2063 3000 2130 3048; x_wconf 80' lang='lat' dir='ltr'><strong>At</strong></span> <span class='ocrx_word' id='word_1_460' title='bbox 2194 2997 2376 3064; x_wconf 88' lang='lat' dir='ltr'><strong>quanti</strong></span> <span class='ocrx_word' id='word_1_461' title='bbox 2427 3005 2671 3050; x_wconf 67' lang='lat' dir='ltr'><strong>vaencunt</strong></span> <span class='ocrx_word' id='word_1_462' title='bbox 2719 2996 2964 3048; x_wconf 82' lang='lat' dir='ltr'><strong>lactuc:e?</strong></span> <span class='ocrx_word' id='word_1_463' title='bbox 3015 2994 3189 3053; x_wconf 89' lang='lat' dir='ltr'><strong>obolo,</strong></span> <span class='ocrx_word' id='word_1_464' title='bbox 3240 2996 3284 3045; x_wconf 81' lang='lat' dir='ltr'><strong>si</strong></span> 
     </span>
    </p>
   </div>
   <div class='ocr_carea' id='block_1_61' title="bbox 142 3078 1668 3158">
    <p class='ocr_par' dir='ltr' id='par_1_61' title="bbox 142 3078 1668 3158">
     <span class='ocr_line' id='line_1_61' title="bbox 142 3078 1668 3158; baseline 0.006 -28"><span class='ocrx_word' id='word_1_465' title='bbox 142 3078 220 3148; x_wconf 78' lang='grc' dir='ltr'>μὴ</span> <span class='ocrx_word' id='word_1_466' title='bbox 251 3081 384 3142; x_wconf 78' lang='grc' dir='ltr'>οῐου,</span> <span class='ocrx_word' id='word_1_467' title='bbox 412 3080 623 3132; x_wconf 74' lang='grc' dir='ltr'>ἔλαττον</span> <span class='ocrx_word' id='word_1_468' title='bbox 653 3082 792 3150; x_wconf 78' lang='grc' dir='ltr'>ἔχειν</span> <span class='ocrx_word' id='word_1_469' title='bbox 831 3084 920 3135; x_wconf 88' lang='grc' dir='ltr'><strong>τοῦ</strong></span> <span class='ocrx_word' id='word_1_470' title='bbox 947 3084 1209 3146; x_wconf 72' lang='grc' dir='ltr'>λαϐόντος·</span> <span class='ocrx_word' id='word_1_471' title='bbox 1237 3087 1309 3147; x_wconf 83' lang='grc' dir='ltr'><strong>ὡς</strong></span> <span class='ocrx_word' id='word_1_472' title='bbox 1332 3087 1434 3158; x_wconf 79' lang='grc' dir='ltr'><strong>γὰρ</strong></span> <span class='ocrx_word' id='word_1_473' title='bbox 1469 3091 1668 3151; x_wconf 83' lang='grc' dir='ltr'>ἐκεῖνος</span> 
     </span>
    </p>
   </div>
   <div class='ocr_carea' id='block_1_62' title="bbox 138 3166 1664 3237">
    <p class='ocr_par' dir='ltr' id='par_1_62' title="bbox 138 3166 1664 3237">
     <span class='ocr_line' id='line_1_62' title="bbox 138 3166 1664 3237; baseline 0.009 -21"><span class='ocrx_word' id='word_1_474' title='bbox 138 3166 254 3235; x_wconf 75' lang='grc' dir='ltr'>ἔχει</span> <span class='ocrx_word' id='word_1_475' title='bbox 294 3167 562 3236; x_wconf 80' lang='grc' dir='ltr'>θρίδακας,</span> <span class='ocrx_word' id='word_1_476' title='bbox 599 3169 735 3222; x_wconf 72' lang='grc' dir='ltr'>οὕτω</span> <span class='ocrx_word' id='word_1_477' title='bbox 766 3172 827 3223; x_wconf 81' lang='grc' dir='ltr'><strong>σὺ</strong></span> <span class='ocrx_word' id='word_1_478' title='bbox 858 3172 944 3225; x_wconf 76' lang='grc' dir='ltr'><strong>τὸν</strong></span> <span class='ocrx_word' id='word_1_479' title='bbox 991 3173 1199 3236; x_wconf 78' lang='grc' dir='ltr'>ὀϐολὸν,</span> <span class='ocrx_word' id='word_1_480' title='bbox 1239 3176 1295 3226; x_wconf 84' lang='grc' dir='ltr'>ὃν</span> <span class='ocrx_word' id='word_1_481' title='bbox 1321 3178 1417 3227; x_wconf 77' lang='grc' dir='ltr'><strong>οὐκ</strong></span> <span class='ocrx_word' id='word_1_482' title='bbox 1447 3177 1664 3237; x_wconf 78' lang='grc' dir='ltr'>ἔδωκας.</span> 
     </span>
    </p>
   </div>
   <div class='ocr_carea' id='block_1_63' title="bbox 137 3253 1712 3330">
    <p class='ocr_par' dir='ltr' id='par_1_63' title="bbox 137 3253 1712 3330">
     <span class='ocr_line' id='line_1_63' title="bbox 137 3253 1712 3330; baseline 0.004 -22"><span class='ocrx_word' id='word_1_483' title='bbox 137 3257 299 3310; x_wconf 87' lang='grc' dir='ltr'>Οῦτω</span> <span class='ocrx_word' id='word_1_484' title='bbox 340 3259 429 3311; x_wconf 69' lang='grc' dir='ltr'>καὶ</span> <span class='ocrx_word' id='word_1_485' title='bbox 465 3260 708 3325; x_wconf 83' lang='grc' dir='ltr'>ἐνταῦθα,</span> <span class='ocrx_word' id='word_1_486' title='bbox 740 3253 1174 3330; x_wconf 45' lang='grc' dir='ltr'>οὕπαρεκλήθης</span> <span class='ocrx_word' id='word_1_487' title='bbox 1201 3263 1281 3328; x_wconf 81' lang='grc' dir='ltr'><strong>ἐφ’</strong></span> <span class='ocrx_word' id='word_1_488' title='bbox 1315 3263 1548 3314; x_wconf 78' lang='grc' dir='ltr'>ἑστίασίν</span> <span class='ocrx_word' id='word_1_489' title='bbox 1586 3281 1668 3314; x_wconf 86' lang='grc' dir='ltr'>τι·</span> <span class='ocrx_word' id='word_1_490' title='bbox 1700 3259 1712 3276; x_wconf 84' lang='grc'><strong><em>⁸</em></strong></span> 
     </span>
    </p>
   </div>
   <div class='ocr_carea' id='block_1_64' title="bbox 139 3349 1669 3418">
    <p class='ocr_par' dir='ltr' id='par_1_64' title="bbox 139 3349 1669 3418">
     <span class='ocr_line' id='line_1_64' title="bbox 139 3349 1669 3418; baseline 0.004 -20"><span class='ocrx_word' id='word_1_491' title='bbox 139 3364 228 3408; x_wconf 83' lang='grc' dir='ltr'><strong>νος</strong></span> <span class='ocrx_word' id='word_1_492' title='bbox 253 3364 272 3380; x_wconf 75' lang='grc' dir='ltr'><strong>ο</strong></span> <span class='ocrx_word' id='word_1_493' title='bbox 310 3349 367 3400; x_wconf 87' lang='grc' dir='ltr'>οὺ</span> <span class='ocrx_word' id='word_1_494' title='bbox 397 3349 500 3416; x_wconf 87' lang='grc' dir='ltr'><strong>γάρ</strong></span> <span class='ocrx_word' id='word_1_495' title='bbox 530 3349 727 3409; x_wconf 78' lang='grc' dir='ltr'>ἔδωκας</span> <span class='ocrx_word' id='word_1_496' title='bbox 761 3350 835 3418; x_wconf 75' lang='grc' dir='ltr'>τῷ</span> <span class='ocrx_word' id='word_1_497' title='bbox 868 3351 1110 3402; x_wconf 80' lang='grc' dir='ltr'>καλοῦντι</span> <span class='ocrx_word' id='word_1_498' title='bbox 1155 3352 1273 3402; x_wconf 85' lang='grc' dir='ltr'>ὅσου</span> <span class='ocrx_word' id='word_1_499' title='bbox 1321 3349 1570 3402; x_wconf 76' lang='grc' dir='ltr'>πωλεῖται</span> <span class='ocrx_word' id='word_1_500' title='bbox 1610 3351 1669 3404; x_wconf 83' lang='grc' dir='ltr'>τὸ</span> 
     </span>
    </p>
   </div>
   <div class='ocr_carea' id='block_1_65' title="bbox 135 3436 1667 3510">
    <p class='ocr_par' dir='ltr' id='par_1_65' title="bbox 135 3436 1667 3505">
     <span class='ocr_line' id='line_1_65' title="bbox 135 3436 1667 3505; baseline 0.004 -19"><span class='ocrx_word' id='word_1_501' title='bbox 135 3437 370 3498; x_wconf 81' lang='grc' dir='ltr'>δεῖπνον,</span> <span class='ocrx_word' id='word_1_502' title='bbox 402 3437 617 3487; x_wconf 82' lang='grc' dir='ltr'>ἐπαίνου</span> <span class='ocrx_word' id='word_1_503' title='bbox 639 3437 705 3486; x_wconf 56' lang='grc' dir='ltr'><strong>«δὲ</strong></span> <span class='ocrx_word' id='word_1_504' title='bbox 742 3437 901 3487; x_wconf 87' lang='grc' dir='ltr'>αὑτοῦ</span> <span class='ocrx_word' id='word_1_505' title='bbox 945 3436 1125 3500; x_wconf 83' lang='grc' dir='ltr'>πωλεῖ,</span> <span class='ocrx_word' id='word_1_506' title='bbox 1157 3437 1444 3505; x_wconf 83' lang='grc' dir='ltr'>θεραπείας</span> <span class='ocrx_word' id='word_1_507' title='bbox 1483 3440 1667 3502; x_wconf 81' lang='grc' dir='ltr'>πωλεῖ,</span> 
     </span>
    </p>
   </div>
   <div class='ocr_carea' id='block_1_66' title="bbox 136 3509 1670 3593">
    <p class='ocr_par' dir='ltr' id='par_1_66' title="bbox 136 3509 1670 3593">
     <span class='ocr_line' id='line_1_66' title="bbox 136 3509 1670 3593; baseline 0.004 -19"><span class='ocrx_word' id='word_1_508' title='bbox 136 3524 224 3585; x_wconf 71' lang='grc' dir='ltr'>δὸς</span> <span class='ocrx_word' id='word_1_509' title='bbox 263 3524 320 3575; x_wconf 75' lang='grc' dir='ltr'><strong>τὸ</strong></span> <span class='ocrx_word' id='word_1_510' title='bbox 349 3523 592 3592; x_wconf 84' lang='grc' dir='ltr'>διάφορον</span> <span class='ocrx_word' id='word_1_511' title='bbox 619 3525 688 3592; x_wconf 82' lang='grc' dir='ltr'><strong>(εἴ</strong></span> <span class='ocrx_word' id='word_1_512' title='bbox 722 3541 800 3576; x_wconf 90' lang='grc' dir='ltr'><strong>σοι</strong></span> <span class='ocrx_word' id='word_1_513' title='bbox 834 3509 1120 3593; x_wconf 77' lang='grc' dir='ltr'>λυσιτελὲς)</span> <span class='ocrx_word' id='word_1_514' title='bbox 1151 3527 1271 3578; x_wconf 77' lang='grc' dir='ltr'>ὅσου</span> <span class='ocrx_word' id='word_1_515' title='bbox 1314 3527 1587 3593; x_wconf 80' lang='grc' dir='ltr'>πωλεῖται,</span> <span class='ocrx_word' id='word_1_516' title='bbox 1623 3531 1670 3580; x_wconf 83' lang='grc' dir='ltr'><strong>εί</strong></span> 
     </span>
    </p>
   </div>
   <div class='ocr_carea' id='block_1_67' title="bbox 141 3611 1668 3682">
    <p class='ocr_par' dir='ltr' id='par_1_67' title="bbox 141 3611 1668 3682">
     <span class='ocr_line' id='line_1_67' title="bbox 141 3611 1668 3682; baseline 0.003 -20"><span class='ocrx_word' id='word_1_517' title='bbox 141 3612 198 3662; x_wconf 81' lang='grc' dir='ltr'>δὲ</span> <span class='ocrx_word' id='word_1_518' title='bbox 233 3613 454 3664; x_wconf 84' lang='grc' dir='ltr'>κάκεῖνα</span> <span class='ocrx_word' id='word_1_519' title='bbox 506 3611 678 3673; x_wconf 82' lang='grc' dir='ltr'>Θέλεις</span> <span class='ocrx_word' id='word_1_520' title='bbox 714 3614 784 3682; x_wconf 86' lang='grc' dir='ltr'>μὴ</span> <span class='ocrx_word' id='word_1_521' title='bbox 825 3614 1122 3682; x_wconf 79' lang='grc' dir='ltr'>προΐεσθαι,</span> <span class='ocrx_word' id='word_1_522' title='bbox 1156 3615 1245 3665; x_wconf 76' lang='grc' dir='ltr'>καὶ</span> <span class='ocrx_word' id='word_1_523' title='bbox 1274 3616 1439 3666; x_wconf 89' lang='grc' dir='ltr'>ταῦτα</span> <span class='ocrx_word' id='word_1_524' title='bbox 1466 3616 1668 3682; x_wconf 66' lang='grc' dir='ltr'>λαμὸάτ</span> 
     </span>
    </p>
   </div>
   <div class='ocr_carea' id='block_1_68' title="bbox 137 3696 1664 3768">
    <p class='ocr_par' dir='ltr' id='par_1_68' title="bbox 137 3696 1664 3768">
     <span class='ocr_line' id='line_1_68' title="bbox 137 3696 1664 3768; baseline 0.003 -22"><span class='ocrx_word' id='word_1_525' title='bbox 137 3715 291 3761; x_wconf 49' lang='grc' dir='ltr'>νεινκ,</span> <span class='ocrx_word' id='word_1_526' title='bbox 328 3700 591 3768; x_wconf 85' lang='grc' dir='ltr'>ἄπληστος</span> <span class='ocrx_word' id='word_1_527' title='bbox 645 3696 694 3751; x_wconf 78' lang='grc' dir='ltr'>εἴ</span> <span class='ocrx_word' id='word_1_528' title='bbox 746 3701 1184 3766; x_wconf 56' lang='grc' dir='ltr'>καιὰὸέλτερος.</span> <span class='ocrx_word' id='word_1_529' title='bbox 1222 3701 1382 3751; x_wconf 84' lang='grc' dir='ltr'>Οὐδὲν</span> <span class='ocrx_word' id='word_1_530' title='bbox 1410 3697 1500 3752; x_wconf 77' lang='grc' dir='ltr'><strong>οῦν</strong></span> <span class='ocrx_word' id='word_1_531' title='bbox 1525 3701 1664 3767; x_wconf 72' lang='grc' dir='ltr'>ἔχεις</span> 
     </span>
    </p>
   </div>
   <div class='ocr_carea' id='block_1_69' title="bbox 137 3785 1661 3860">
    <p class='ocr_par' dir='ltr' id='par_1_69' title="bbox 137 3785 1661 3860">
     <span class='ocr_line' id='line_1_69' title="bbox 137 3785 1661 3860; baseline 0.001 -24"><span class='ocrx_word' id='word_1_532' title='bbox 137 3788 258 3836; x_wconf 79' lang='grc' dir='ltr'>ἀντὶ</span> <span class='ocrx_word' id='word_1_533' title='bbox 288 3785 378 3836; x_wconf 88' lang='grc' dir='ltr'><strong>τοῦ</strong></span> <span class='ocrx_word' id='word_1_534' title='bbox 409 3787 616 3850; x_wconf 84' lang='grc' dir='ltr'>δείπνου</span> <span class='ocrx_word' id='word_1_535' title='bbox 642 3804 655 3848; x_wconf 88' lang='lat'><strong>;</strong></span> <span class='ocrx_word' id='word_1_536' title='bbox 691 3787 868 3852; x_wconf 84' lang='grc' dir='ltr'>Ἔχεις</span> <span class='ocrx_word' id='word_1_537' title='bbox 893 3786 950 3836; x_wconf 83' lang='grc' dir='ltr'>τὸ</span> <span class='ocrx_word' id='word_1_538' title='bbox 981 3785 1052 3853; x_wconf 80' lang='grc' dir='ltr'>μὴ</span> <span class='ocrx_word' id='word_1_539' title='bbox 1078 3787 1353 3860; x_wconf 80' lang='grc' dir='ltr'>ἐπαινέσαι</span> <span class='ocrx_word' id='word_1_540' title='bbox 1380 3787 1580 3849; x_wconf 82' lang='grc' dir='ltr'>τοῦτον,</span> <span class='ocrx_word' id='word_1_541' title='bbox 1605 3787 1661 3838; x_wconf 85' lang='grc' dir='ltr'>ὃν</span> 
     </span>
    </p>
   </div>
   <div class='ocr_carea' id='block_1_70' title="bbox 137 3870 1661 3943">
    <p class='ocr_par' dir='ltr' id='par_1_70' title="bbox 137 3870 1661 3943">
     <span class='ocr_line' id='line_1_70' title="bbox 137 3870 1661 3943; baseline 0.004 -22"><span class='ocrx_word' id='word_1_542' title='bbox 137 3873 233 3921; x_wconf 72' lang='grc' dir='ltr'><strong>οὐκ</strong></span> <span class='ocrx_word' id='word_1_543' title='bbox 263 3870 480 3937; x_wconf 72' lang='grc' dir='ltr'>ἧθελες·</span> <span class='ocrx_word' id='word_1_544' title='bbox 536 3870 593 3921; x_wconf 84' lang='grc' dir='ltr'>τὸ</span> <span class='ocrx_word' id='word_1_545' title='bbox 625 3870 696 3939; x_wconf 83' lang='grc' dir='ltr'>μὴ</span> <span class='ocrx_word' id='word_1_546' title='bbox 725 3871 1045 3938; x_wconf 83' lang='grc' dir='ltr'>ἀνασχέσθαι</span> <span class='ocrx_word' id='word_1_547' title='bbox 1088 3872 1246 3924; x_wconf 86' lang='grc' dir='ltr'>αὑτοῦ</span> <span class='ocrx_word' id='word_1_548' title='bbox 1294 3874 1397 3926; x_wconf 81' lang='grc' dir='ltr'><strong>τῶν</strong></span> <span class='ocrx_word' id='word_1_549' title='bbox 1444 3877 1532 3927; x_wconf 73' lang='grc' dir='ltr'>ἐπὶ</span> <span class='ocrx_word' id='word_1_550' title='bbox 1566 3876 1661 3943; x_wconf 76' lang='grc' dir='ltr'>τῆς</span> 
     </span>
    </p>
   </div>
   <div class='ocr_carea' id='block_1_71' title="bbox 138 3958 364 4009">
    <p class='ocr_par' dir='ltr' id='par_1_71' title="bbox 138 3958 364 4009">
     <span class='ocr_line' id='line_1_71' title="bbox 138 3958 364 4009; baseline -0.004 0"><span class='ocrx_word' id='word_1_551' title='bbox 138 3958 364 4009; x_wconf 76' lang='grc' dir='ltr'>εἰσόδου.</span> 
     </span>
    </p>
   </div>
   <div class='ocr_carea' id='block_1_72' title="bbox 136 4055 536 4112">
    <p class='ocr_par' dir='ltr' id='par_1_72' title="bbox 136 4055 536 4112">
     <span class='ocr_line' id='line_1_72' title="bbox 136 4055 536 4112; baseline 0.003 -16"><span class='ocrx_word' id='word_1_552' title='bbox 136 4055 299 4112; x_wconf 85' lang='lat' dir='ltr'><strong>atque</strong></span> <span class='ocrx_word' id='word_1_553' title='bbox 353 4059 536 4097; x_wconf 83' lang='lat' dir='ltr'><strong>vecors</strong></span> 
     </span>
    </p>
   </div>
   <div class='ocr_carea' id='block_1_73' title="bbox 1761 3082 3292 3153">
    <p class='ocr_par' dir='ltr' id='par_1_73' title="bbox 1761 3082 3292 3153">
     <span class='ocr_line' id='line_1_73' title="bbox 1761 3082 3292 3153; baseline -0.003 -18"><span class='ocrx_word' id='word_1_554' title='bbox 1761 3085 1838 3136; x_wconf 87' lang='lat' dir='ltr'><strong>sic</strong></span> <span class='ocrx_word' id='word_1_555' title='bbox 1867 3085 2127 3151; x_wconf 85' lang='lat' dir='ltr'><strong>contigat;</strong></span> <span class='ocrx_word' id='word_1_556' title='bbox 2156 3086 2197 3138; x_wconf 92' lang='lat' dir='ltr'><strong>si</strong></span> <span class='ocrx_word' id='word_1_557' title='bbox 2229 3087 2348 3153; x_wconf 89' lang='lat' dir='ltr'><strong>quis</strong></span> <span class='ocrx_word' id='word_1_558' title='bbox 2373 3099 2495 3153; x_wconf 88' lang='lat' dir='ltr'><strong>ergo</strong></span> <span class='ocrx_word' id='word_1_559' title='bbox 2522 3086 2733 3137; x_wconf 84' lang='lat' dir='ltr'><strong>obolum</strong></span> <span class='ocrx_word' id='word_1_560' title='bbox 2777 3098 2998 3150; x_wconf 82' lang='lat' dir='ltr'><strong>erogans</strong></span> <span class='ocrx_word' id='word_1_561' title='bbox 3032 3082 3292 3148; x_wconf 79' lang='lat' dir='ltr'><strong>acceperit</strong></span> 
     </span>
    </p>
   </div>
   <div class='ocr_carea' id='block_1_74' title="bbox 1762 3169 3292 3238">
    <p class='ocr_par' dir='ltr' id='par_1_74' title="bbox 1762 3169 3292 3238">
     <span class='ocr_line' id='line_1_74' title="bbox 1762 3169 3292 3238; baseline -0.002 -17"><span class='ocrx_word' id='word_1_562' title='bbox 1762 3171 2014 3232; x_wconf 86' lang='lat' dir='ltr'><strong>lactucas,</strong></span> <span class='ocrx_word' id='word_1_563' title='bbox 2050 3178 2104 3223; x_wconf 90' lang='lat' dir='ltr'><strong>tu</strong></span> <span class='ocrx_word' id='word_1_564' title='bbox 2143 3186 2269 3224; x_wconf 86' lang='lat' dir='ltr'><strong>vero</strong></span> <span class='ocrx_word' id='word_1_565' title='bbox 2314 3187 2418 3223; x_wconf 89' lang='lat' dir='ltr'><strong>non</strong></span> <span class='ocrx_word' id='word_1_566' title='bbox 2468 3186 2710 3238; x_wconf 77' lang='lat' dir='ltr'><strong>erogans,</strong></span> <span class='ocrx_word' id='word_1_567' title='bbox 2749 3186 2853 3222; x_wconf 93' lang='lat' dir='ltr'><strong>non</strong></span> <span class='ocrx_word' id='word_1_568' title='bbox 2910 3169 3194 3235; x_wconf 79' lang='lat' dir='ltr'><strong>acceperis,</strong></span> <span class='ocrx_word' id='word_1_569' title='bbox 3226 3183 3292 3218; x_wconf 90' lang='lat' dir='ltr'><strong>ne</strong></span> 
     </span>
    </p>
   </div>
   <div class='ocr_carea' id='block_1_75' title="bbox 1762 3257 3288 3326">
    <p class='ocr_par' dir='ltr' id='par_1_75' title="bbox 1762 3257 3288 3326">
     <span class='ocr_line' id='line_1_75' title="bbox 1762 3257 3288 3326; baseline -0.003 -16"><span class='ocrx_word' id='word_1_570' title='bbox 1762 3259 1991 3323; x_wconf 88' lang='lat' dir='ltr'><strong>opineris</strong></span> <span class='ocrx_word' id='word_1_571' title='bbox 2016 3267 2064 3310; x_wconf 90' lang='lat' dir='ltr'><strong>te</strong></span> <span class='ocrx_word' id='word_1_572' title='bbox 2085 3260 2258 3313; x_wconf 88' lang='lat' dir='ltr'><strong>minus</strong></span> <span class='ocrx_word' id='word_1_573' title='bbox 2287 3260 2478 3312; x_wconf 86' lang='lat' dir='ltr'><strong>habere</strong></span> <span class='ocrx_word' id='word_1_574' title='bbox 2500 3259 2696 3326; x_wconf 89' lang='lat' dir='ltr'><strong>illoqui</strong></span> <span class='ocrx_word' id='word_1_575' title='bbox 2728 3259 2946 3324; x_wconf 82' lang='lat' dir='ltr'><strong>accepit.</strong></span> <span class='ocrx_word' id='word_1_576' title='bbox 2974 3257 3122 3309; x_wconf 84' lang='lat' dir='ltr'><strong>Sicut</strong></span> <span class='ocrx_word' id='word_1_577' title='bbox 3149 3259 3288 3308; x_wconf 90' lang='lat' dir='ltr'><strong>enim</strong></span> 
     </span>
    </p>
   </div>
   <div class='ocr_carea' id='block_1_76' title="bbox 1763 3345 3287 3414">
    <p class='ocr_par' dir='ltr' id='par_1_76' title="bbox 1763 3345 3287 3414">
     <span class='ocr_line' id='line_1_76' title="bbox 1763 3345 3287 3414; baseline -0.002 -16"><span class='ocrx_word' id='word_1_578' title='bbox 1763 3345 1921 3399; x_wconf 86' lang='lat' dir='ltr'><strong>habet</strong></span> <span class='ocrx_word' id='word_1_579' title='bbox 1961 3346 2048 3399; x_wconf 86' lang='lat' dir='ltr'><strong>ille</strong></span> <span class='ocrx_word' id='word_1_580' title='bbox 2095 3347 2347 3410; x_wconf 84' lang='lat' dir='ltr'><strong>lactucas,</strong></span> <span class='ocrx_word' id='word_1_581' title='bbox 2405 3347 2472 3399; x_wconf 91' lang='lat' dir='ltr'><strong>ita</strong></span> <span class='ocrx_word' id='word_1_582' title='bbox 2531 3357 2583 3399; x_wconf 87' lang='lat' dir='ltr'><strong>tu</strong></span> <span class='ocrx_word' id='word_1_583' title='bbox 2623 3347 2818 3398; x_wconf 85' lang='lat' dir='ltr'><strong>retines</strong></span> <span class='ocrx_word' id='word_1_584' title='bbox 2867 3346 3022 3414; x_wconf 82' lang='lat'><strong>339</strong></span> <span class='ocrx_word' id='word_1_585' title='bbox 3053 3346 3287 3406; x_wconf 88' lang='lat' dir='ltr'><strong>obolum,</strong></span> 
     </span>
    </p>
   </div>
   <div class='ocr_carea' id='block_1_77' title="bbox 1719 3422 3292 3501">
    <p class='ocr_par' dir='ltr' id='par_1_77' title="bbox 1719 3422 3292 3501">
     <span class='ocr_line' id='line_1_77' title="bbox 1719 3422 3292 3501; baseline -0.002 -13"><span class='ocrx_word' id='word_1_586' title='bbox 1719 3436 1721 3439; x_wconf 78' lang='grc'><em>’</em></span> <span class='ocrx_word' id='word_1_587' title='bbox 1764 3451 1920 3501; x_wconf 89' lang='lat' dir='ltr'><strong>quem</strong></span> <span class='ocrx_word' id='word_1_588' title='bbox 1953 3422 2274 3490; x_wconf 11' lang='lat' dir='ltr'><strong>non’dedisti</strong></span> <span class='ocrx_word' id='word_1_589' title='bbox 2313 3454 2327 3488; x_wconf 86' lang='lat'><strong><em>:</em></strong></span> <span class='ocrx_word' id='word_1_590' title='bbox 2366 3451 2451 3489; x_wconf 81' lang='lat' dir='ltr'><strong>res</strong></span> <span class='ocrx_word' id='word_1_591' title='bbox 2485 3436 2638 3489; x_wconf 88' lang='lat' dir='ltr'><strong>etiam</strong></span> <span class='ocrx_word' id='word_1_592' title='bbox 2667 3435 2743 3489; x_wconf 88' lang='lat' dir='ltr'><strong>sic</strong></span> <span class='ocrx_word' id='word_1_593' title='bbox 2765 3450 2821 3486; x_wconf 91' lang='lat' dir='ltr'><strong>se</strong></span> <span class='ocrx_word' id='word_1_594' title='bbox 2848 3435 3004 3487; x_wconf 79' lang='lat' dir='ltr'><strong>habet</strong></span> <span class='ocrx_word' id='word_1_595' title='bbox 3031 3436 3082 3487; x_wconf 93' lang='lat' dir='ltr'><strong>in</strong></span> <span class='ocrx_word' id='word_1_596' title='bbox 3112 3445 3292 3487; x_wconf 85' lang='lat' dir='ltr'><strong>nostro</strong></span> 
     </span>
    </p>
   </div>
   <div class='ocr_carea' id='block_1_78' title="bbox 1763 3525 3288 3592">
    <p class='ocr_par' dir='ltr' id='par_1_78' title="bbox 1763 3525 3288 3592">
     <span class='ocr_line' id='line_1_78' title="bbox 1763 3525 3288 3592; baseline -0.001 -18"><span class='ocrx_word' id='word_1_597' title='bbox 1763 3525 2065 3592; x_wconf 87' lang='lat' dir='ltr'><strong>proposito;</strong></span> <span class='ocrx_word' id='word_1_598' title='bbox 2113 3535 2330 3578; x_wconf 87' lang='lat' dir='ltr'><strong>vocatus</strong></span> <span class='ocrx_word' id='word_1_599' title='bbox 2357 3541 2462 3577; x_wconf 91' lang='lat' dir='ltr'><strong>non</strong></span> <span class='ocrx_word' id='word_1_600' title='bbox 2509 3541 2564 3578; x_wconf 84' lang='lat' dir='ltr'><strong>es</strong></span> <span class='ocrx_word' id='word_1_601' title='bbox 2614 3526 2682 3577; x_wconf 82' lang='lat' dir='ltr'><strong>ad</strong></span> <span class='ocrx_word' id='word_1_602' title='bbox 2721 3525 2941 3589; x_wconf 88' lang='lat' dir='ltr'><strong>alicujus</strong></span> <span class='ocrx_word' id='word_1_603' title='bbox 2990 3525 3288 3575; x_wconf 79' lang='lat' dir='ltr'><strong>convivium</strong></span> 
     </span>
    </p>
   </div>
   <div class='ocr_carea' id='block_1_79' title="bbox 1761 3610 3287 3678">
    <p class='ocr_par' dir='ltr' id='par_1_79' title="bbox 1761 3610 3287 3678">
     <span class='ocr_line' id='line_1_79' title="bbox 1761 3610 3287 3678; baseline 0 -17"><span class='ocrx_word' id='word_1_604' title='bbox 1761 3614 1883 3678; x_wconf 88' lang='lat' dir='ltr'><strong>quia</strong></span> <span class='ocrx_word' id='word_1_605' title='bbox 1915 3627 2017 3662; x_wconf 89' lang='lat' dir='ltr'><strong>non</strong></span> <span class='ocrx_word' id='word_1_606' title='bbox 2049 3612 2236 3663; x_wconf 89' lang='lat' dir='ltr'><strong>dedisti</strong></span> <span class='ocrx_word' id='word_1_607' title='bbox 2266 3611 2470 3662; x_wconf 88' lang='lat' dir='ltr'><strong>vocanti</strong></span> <span class='ocrx_word' id='word_1_608' title='bbox 2494 3610 2675 3674; x_wconf 81' lang='lat' dir='ltr'><strong>quanti</strong></span> <span class='ocrx_word' id='word_1_609' title='bbox 2704 3610 2950 3660; x_wconf 82' lang='lat' dir='ltr'><strong>venditur</strong></span> <span class='ocrx_word' id='word_1_610' title='bbox 2975 3610 3287 3676; x_wconf 88' lang='lat' dir='ltr'><strong>prandium;</strong></span> 
     </span>
    </p>
   </div>
   <div class='ocr_carea' id='block_1_80' title="bbox 1759 3695 3291 3763">
    <p class='ocr_par' dir='ltr' id='par_1_80' title="bbox 1759 3695 3291 3763">
     <span class='ocr_line' id='line_1_80' title="bbox 1759 3695 3291 3763; baseline -0.001 -15"><span class='ocrx_word' id='word_1_611' title='bbox 1759 3698 1934 3749; x_wconf 86' lang='lat' dir='ltr'><strong>vendit</strong></span> <span class='ocrx_word' id='word_1_612' title='bbox 1962 3707 2134 3750; x_wconf 88' lang='lat' dir='ltr'><strong>autem</strong></span> <span class='ocrx_word' id='word_1_613' title='bbox 2170 3712 2264 3762; x_wconf 90' lang='lat' dir='ltr'><strong>pro</strong></span> <span class='ocrx_word' id='word_1_614' title='bbox 2296 3698 2376 3749; x_wconf 89' lang='lat' dir='ltr'><strong>sui</strong></span> <span class='ocrx_word' id='word_1_615' title='bbox 2413 3696 2578 3763; x_wconf 89' lang='lat' dir='ltr'><strong>ipsius</strong></span> <span class='ocrx_word' id='word_1_616' title='bbox 2611 3695 2931 3757; x_wconf 86' lang='lat' dir='ltr'><strong>laudatione,</strong></span> <span class='ocrx_word' id='word_1_617' title='bbox 2987 3711 3083 3762; x_wconf 90' lang='lat' dir='ltr'><strong>pro</strong></span> <span class='ocrx_word' id='word_1_618' title='bbox 3116 3696 3291 3748; x_wconf 85' lang='lat' dir='ltr'><strong>famu-</strong></span> 
     </span>
    </p>
   </div>
   <div class='ocr_carea' id='block_1_81' title="bbox 1758 3781 3310 3849">
    <p class='ocr_par' dir='ltr' id='par_1_81' title="bbox 1758 3781 3310 3849">
     <span class='ocr_line' id='line_1_81' title="bbox 1758 3781 3310 3849; baseline 0 -15"><span class='ocrx_word' id='word_1_619' title='bbox 1758 3783 1888 3842; x_wconf 85' lang='lat' dir='ltr'><strong>latu,</strong></span> <span class='ocrx_word' id='word_1_620' title='bbox 1917 3797 1979 3836; x_wconf 90' lang='lat' dir='ltr'><strong>ac</strong></span> <span class='ocrx_word' id='word_1_621' title='bbox 2014 3783 2269 3849; x_wconf 88' lang='lat' dir='ltr'><strong>obsequio</strong></span> <span class='ocrx_word' id='word_1_622' title='bbox 2307 3783 2513 3846; x_wconf 84' lang='lat' dir='ltr'><strong>vendit;</strong></span> <span class='ocrx_word' id='word_1_623' title='bbox 2554 3789 2754 3833; x_wconf 88' lang='lat' dir='ltr'><strong>tantam</strong></span> <span class='ocrx_word' id='word_1_624' title='bbox 2806 3781 2977 3848; x_wconf 81' lang='lat' dir='ltr'><strong>praebe</strong></span> <span class='ocrx_word' id='word_1_625' title='bbox 3006 3795 3310 3848; x_wconf 82' lang='lat' dir='ltr'><strong>expensam.</strong></span> 
     </span>
    </p>
   </div>
   <div class='ocr_carea' id='block_1_82' title="bbox 1764 3860 3288 3939">
    <p class='ocr_par' dir='ltr' id='par_1_82' title="bbox 1764 3860 3288 3939">
     <span class='ocr_line' id='line_1_82' title="bbox 1764 3860 3288 3939; baseline -0.001 -17"><span class='ocrx_word' id='word_1_626' title='bbox 1764 3870 1825 3937; x_wconf 90' lang='lat' dir='ltr'><strong>(si</strong></span> <span class='ocrx_word' id='word_1_627' title='bbox 1859 3868 1950 3922; x_wconf 88' lang='lat' dir='ltr'><strong>tibi</strong></span> <span class='ocrx_word' id='word_1_628' title='bbox 2008 3870 2236 3939; x_wconf 87' lang='lat' dir='ltr'><strong>expedit)</strong></span> <span class='ocrx_word' id='word_1_629' title='bbox 2273 3870 2455 3937; x_wconf 89' lang='lat' dir='ltr'><strong>quanti</strong></span> <span class='ocrx_word' id='word_1_630' title='bbox 2499 3867 2833 3931; x_wconf 82' lang='lat' dir='ltr'><strong>divenditur;</strong></span> <span class='ocrx_word' id='word_1_631' title='bbox 2859 3860 2868 3874; x_wconf 78' lang='lat'><em>&#39;</em></span> <span class='ocrx_word' id='word_1_632' title='bbox 2892 3868 2934 3918; x_wconf 91' lang='lat' dir='ltr'><strong>si</strong></span> <span class='ocrx_word' id='word_1_633' title='bbox 2957 3882 3082 3919; x_wconf 88' lang='lat' dir='ltr'><strong>vero</strong></span> <span class='ocrx_word' id='word_1_634' title='bbox 3121 3875 3173 3919; x_wconf 91' lang='lat' dir='ltr'><strong>ct</strong></span> <span class='ocrx_word' id='word_1_635' title='bbox 3204 3870 3288 3922; x_wconf 87' lang='lat' dir='ltr'><strong>illa</strong></span> 
     </span>
    </p>
   </div>
   <div class='ocr_carea' id='block_1_83' title="bbox 1763 3955 3286 4028">
    <p class='ocr_par' dir='ltr' id='par_1_83' title="bbox 1763 3955 3286 4028">
     <span class='ocr_line' id='line_1_83' title="bbox 1763 3955 3286 4028; baseline -0.003 -15"><span class='ocrx_word' id='word_1_636' title='bbox 1763 3975 1982 4028; x_wconf 83' lang='lat' dir='ltr'><strong>erogare</strong></span> <span class='ocrx_word' id='word_1_637' title='bbox 2030 3959 2202 4022; x_wconf 90' lang='lat' dir='ltr'><strong>nolis,</strong></span> <span class='ocrx_word' id='word_1_638' title='bbox 2261 3968 2312 4011; x_wconf 88' lang='lat' dir='ltr'><strong>et</strong></span> <span class='ocrx_word' id='word_1_639' title='bbox 2342 3959 2578 4026; x_wconf 87' lang='lat' dir='ltr'><strong>accipere</strong></span> <span class='ocrx_word' id='word_1_640' title='bbox 2612 3957 2776 4021; x_wconf 84' lang='lat' dir='ltr'><strong>&#39;ista,</strong></span> <span class='ocrx_word' id='word_1_641' title='bbox 2842 3955 3168 4022; x_wconf 80' lang='lat' dir='ltr'><strong>inexplebilis</strong></span> <span class='ocrx_word' id='word_1_642' title='bbox 3210 3971 3286 4027; x_wconf 70' lang='lat' dir='ltr'><strong>cs,</strong></span> 
     </span>
    </p>
   </div>
   <div class='ocr_carea' id='block_1_84' title="bbox 594 4045 3288 4118">
    <p class='ocr_par' dir='ltr' id='par_1_84' title="bbox 594 4045 3288 4118">
     <span class='ocr_line' id='line_1_84' title="bbox 594 4045 3288 4118; baseline -0.001 -20"><span class='ocrx_word' id='word_1_643' title='bbox 594 4063 608 4099; x_wconf 90' lang='lat'>:</span> <span class='ocrx_word' id='word_1_644' title='bbox 659 4048 790 4099; x_wconf 90' lang='lat' dir='ltr'><strong>nihil</strong></span> <span class='ocrx_word' id='word_1_645' title='bbox 831 4048 990 4116; x_wconf 84' lang='lat' dir='ltr'><strong>igitur</strong></span> <span class='ocrx_word' id='word_1_646' title='bbox 1044 4049 1206 4104; x_wconf 89' lang='lat' dir='ltr'><strong>babes</strong></span> <span class='ocrx_word' id='word_1_647' title='bbox 1271 4053 1383 4104; x_wconf 88' lang='lat' dir='ltr'><strong>vice</strong></span> <span class='ocrx_word' id='word_1_648' title='bbox 1433 4053 1670 4118; x_wconf 81' lang='lat' dir='ltr'><strong>prandii?</strong></span> <span class='ocrx_word' id='word_1_649' title='bbox 1709 4050 1880 4103; x_wconf 69' lang='lat' dir='ltr'><strong>Habes</strong></span> <span class='ocrx_word' id='word_1_650' title='bbox 1914 4050 2011 4101; x_wconf 69' lang='lat' dir='ltr'><strong>hoc</strong></span> <span class='ocrx_word' id='word_1_651' title='bbox 2091 4049 2230 4115; x_wconf 92' lang='lat' dir='ltr'><strong>quod</strong></span> <span class='ocrx_word' id='word_1_652' title='bbox 2262 4062 2463 4114; x_wconf 13' lang='lat' dir='ltr'><strong>nempe,</strong></span> <span class='ocrx_word' id='word_1_653' title='bbox 2497 4063 2599 4100; x_wconf 89' lang='lat' dir='ltr'><strong>non</strong></span> <span class='ocrx_word' id='word_1_654' title='bbox 2653 4045 3094 4106; x_wconf 81' lang='lat' dir='ltr'><strong>dilaudastieum,</strong></span> <span class='ocrx_word' id='word_1_655' title='bbox 3134 4059 3288 4110; x_wconf 91' lang='lat' dir='ltr'><strong>quem</strong></span> 
     </span>
    </p>
   </div>
   <div class='ocr_carea' id='block_1_85' title="bbox 139 4134 2541 4208">
    <p class='ocr_par' dir='ltr' id='par_1_85' title="bbox 139 4134 2541 4208">
     <span class='ocr_line' id='line_1_85' title="bbox 139 4134 2541 4208; baseline 0.002 -23"><span class='ocrx_word' id='word_1_656' title='bbox 139 4134 390 4195; x_wconf 88' lang='lat' dir='ltr'><strong>noluisti;</strong></span> <span class='ocrx_word' id='word_1_657' title='bbox 444 4135 793 4203; x_wconf 88' lang='lat' dir='ltr'><strong>eumdemque</strong></span> <span class='ocrx_word' id='word_1_658' title='bbox 847 4138 1238 4191; x_wconf 82' lang='lat' dir='ltr'><strong>nontolerasti</strong></span> <span class='ocrx_word' id='word_1_659' title='bbox 1287 4140 1354 4193; x_wconf 90' lang='lat' dir='ltr'><strong>ob</strong></span> <span class='ocrx_word' id='word_1_660' title='bbox 1403 4155 1484 4203; x_wconf 89' lang='lat' dir='ltr'><strong>ea,</strong></span> <span class='ocrx_word' id='word_1_661' title='bbox 1547 4156 1664 4208; x_wconf 67' lang='lat' dir='ltr'><strong>quae</strong></span> <span class='ocrx_word' id='word_1_662' title='bbox 1701 4139 1847 4207; x_wconf 89' lang='lat' dir='ltr'><strong>quasi</strong></span> <span class='ocrx_word' id='word_1_663' title='bbox 1883 4153 1976 4204; x_wconf 87' lang='lat' dir='ltr'><strong>pro</strong></span> <span class='ocrx_word' id='word_1_664' title='bbox 2005 4137 2197 4189; x_wconf 79' lang='lat' dir='ltr'><strong>ll&#39;lIHllO</strong></span> <span class='ocrx_word' id='word_1_665' title='bbox 2229 4137 2541 4204; x_wconf 88' lang='lat' dir='ltr'><strong>requirebat.</strong></span> 
     </span>
    </p>
   </div>
   <div class='ocr_carea' id='block_1_86' title="bbox 703 4271 1077 4323">
    <p class='ocr_par' dir='ltr' id='par_1_86' title="bbox 703 4271 1077 4323">
     <span class='ocr_line' id='line_1_86' title="bbox 703 4271 1077 4323; baseline -0.003 0"><span class='ocrx_word' id='word_1_666' title='bbox 703 4271 944 4323; x_wconf 79' lang='grc' dir='ltr'><strong>ΚΕΦΑΛ.</strong></span> <span class='ocrx_word' id='word_1_667' title='bbox 985 4272 1077 4322; x_wconf 75' lang='grc' dir='ltr'><strong>ΛΓ</strong></span> 
     </span>
    </p>
   </div>
   <div class='ocr_carea' id='block_1_87' title="bbox 204 4399 1663 4471">
    <p class='ocr_par' dir='ltr' id='par_1_87' title="bbox 204 4399 1663 4471">
     <span class='ocr_line' id='line_1_87' title="bbox 204 4399 1663 4471; baseline 0.005 -20"><span class='ocrx_word' id='word_1_668' title='bbox 204 4400 276 4451; x_wconf 85' lang='grc' dir='ltr'><strong>Τὸ</strong></span> <span class='ocrx_word' id='word_1_669' title='bbox 305 4399 544 4469; x_wconf 83' lang='grc' dir='ltr'>βούλημα</span> <span class='ocrx_word' id='word_1_670' title='bbox 587 4401 682 4469; x_wconf 85' lang='grc' dir='ltr'>τῆς</span> <span class='ocrx_word' id='word_1_671' title='bbox 707 4401 914 4468; x_wconf 84' lang='grc' dir='ltr'>φύσεως</span> <span class='ocrx_word' id='word_1_672' title='bbox 939 4403 1268 4471; x_wconf 80' lang='grc' dir='ltr'>καταμαθεῖν</span> <span class='ocrx_word' id='word_1_673' title='bbox 1301 4405 1461 4469; x_wconf 78' lang='grc' dir='ltr'>ἔστιν,</span> <span class='ocrx_word' id='word_1_674' title='bbox 1502 4405 1558 4468; x_wconf 82' lang='grc' dir='ltr'><strong>ἐξ</strong></span> <span class='ocrx_word' id='word_1_675' title='bbox 1590 4400 1663 4458; x_wconf 80' lang='grc' dir='ltr'>ὧν</span> 
     </span>
    </p>
   </div>
   <div class='ocr_carea' id='block_1_88' title="bbox 136 4487 1661 4560">
    <p class='ocr_par' dir='ltr' id='par_1_88' title="bbox 136 4487 1661 4560">
     <span class='ocr_line' id='line_1_88' title="bbox 136 4487 1661 4560; baseline 0.005 -21"><span class='ocrx_word' id='word_1_676' title='bbox 136 4489 195 4539; x_wconf 86' lang='grc' dir='ltr'>οὺ</span> <span class='ocrx_word' id='word_1_677' title='bbox 223 4489 582 4558; x_wconf 76' lang='grc' dir='ltr'>διαφερόμεθα</span> <span class='ocrx_word' id='word_1_678' title='bbox 617 4489 749 4558; x_wconf 76' lang='grc' dir='ltr'>πρὸς</span> <span class='ocrx_word' id='word_1_679' title='bbox 771 4491 1045 4560; x_wconf 77' lang='grc' dir='ltr'>ἀλλήλους.</span> <span class='ocrx_word' id='word_1_680' title='bbox 1070 4487 1189 4544; x_wconf 74' lang='grc' dir='ltr'>υἷον</span> <span class='ocrx_word' id='word_1_681' title='bbox 1219 4494 1343 4545; x_wconf 83' lang='grc' dir='ltr'>ὅταν</span> <span class='ocrx_word' id='word_1_682' title='bbox 1372 4494 1495 4546; x_wconf 78' lang='grc' dir='ltr'>ἄλλο</span> <span class='ocrx_word' id='word_1_683' title='bbox 1538 4513 1661 4547; x_wconf 89' lang='grc' dir='ltr'>παι-</span> 
     </span>
    </p>
   </div>
   <div class='ocr_carea' id='block_1_89' title="bbox 137 4576 1662 4649">
    <p class='ocr_par' dir='ltr' id='par_1_89' title="bbox 137 4576 1662 4649">
     <span class='ocr_line' id='line_1_89' title="bbox 137 4576 1662 4649; baseline 0.006 -23"><span class='ocrx_word' id='word_1_684' title='bbox 137 4576 318 4645; x_wconf 86' lang='grc' dir='ltr'>δάριον</span> <span class='ocrx_word' id='word_1_685' title='bbox 337 4577 570 4648; x_wconf 82' lang='grc' dir='ltr'>κατεάξῃ</span> <span class='ocrx_word' id='word_1_686' title='bbox 589 4578 645 4629; x_wconf 84' lang='grc' dir='ltr'>τὸ</span> <span class='ocrx_word' id='word_1_687' title='bbox 669 4580 921 4648; x_wconf 81' lang='grc' dir='ltr'>ποτήριον</span> <span class='ocrx_word' id='word_1_688' title='bbox 953 4581 1230 4649; x_wconf 85' lang='grc' dir='ltr'>πρόχειρον</span> <span class='ocrx_word' id='word_1_689' title='bbox 1252 4582 1426 4646; x_wconf 71' lang='grc' dir='ltr'>εὐθὺς,</span> <span class='ocrx_word' id='word_1_690' title='bbox 1455 4585 1533 4635; x_wconf 83' lang='grc' dir='ltr'>ὅτι</span> <span class='ocrx_word' id='word_1_691' title='bbox 1558 4582 1662 4634; x_wconf 86' lang='grc' dir='ltr'>τῶν</span> 
     </span>
    </p>
   </div>
   <div class='ocr_carea' id='block_1_90' title="bbox 136 4663 1664 4742">
    <p class='ocr_par' dir='ltr' id='par_1_90' title="bbox 136 4663 1664 4742">
     <span class='ocr_line' id='line_1_90' title="bbox 136 4663 1664 4742; baseline 0.007 -27"><span class='ocrx_word' id='word_1_692' title='bbox 136 4667 448 4732; x_wconf 81' lang='grc' dir='ltr'>γινομένων.</span> <span class='ocrx_word' id='word_1_693' title='bbox 482 4667 613 4720; x_wconf 81' lang='grc' dir='ltr'>Ἶσθι</span> <span class='ocrx_word' id='word_1_694' title='bbox 637 4663 769 4720; x_wconf 83' lang='grc' dir='ltr'>εἶναι</span> <span class='ocrx_word' id='word_1_695' title='bbox 798 4671 881 4726; x_wconf 82' lang='grc' dir='ltr'><strong>ὅτι</strong></span> <span class='ocrx_word' id='word_1_696' title='bbox 910 4670 1008 4722; x_wconf 81' lang='grc' dir='ltr'>κΞιν</span> <span class='ocrx_word' id='word_1_697' title='bbox 1051 4671 1107 4722; x_wconf 84' lang='grc' dir='ltr'>τὸ</span> <span class='ocrx_word' id='word_1_698' title='bbox 1131 4671 1219 4721; x_wconf 76' lang='grc' dir='ltr'><strong>σὺν</strong></span> <span class='ocrx_word' id='word_1_699' title='bbox 1240 4676 1479 4742; x_wconf 72' lang='grc' dir='ltr'>κατεαγῇ</span> <span class='ocrx_word' id='word_1_700' title='bbox 1494 4673 1664 4725; x_wconf 84' lang='grc' dir='ltr'>τοιοῦ-</span> 
     </span>
    </p>
   </div>
   <div class='ocr_carea' id='block_1_91' title="bbox 134 4747 1659 4828">
    <p class='ocr_par' dir='ltr' id='par_1_91' title="bbox 134 4747 1659 4828">
     <span class='ocr_line' id='line_1_91' title="bbox 134 4747 1659 4828; baseline 0.008 -28"><span class='ocrx_word' id='word_1_701' title='bbox 134 4765 226 4800; x_wconf 84' lang='grc' dir='ltr'><strong>τον</strong></span> <span class='ocrx_word' id='word_1_702' title='bbox 259 4747 395 4802; x_wconf 86' lang='grc' dir='ltr'>εἷναί</span> <span class='ocrx_word' id='word_1_703' title='bbox 420 4769 476 4803; x_wconf 88' lang='grc' dir='ltr'><strong>σε</strong></span> <span class='ocrx_word' id='word_1_704' title='bbox 507 4755 602 4819; x_wconf 72' lang='grc' dir='ltr'>δεῖ,</span> <span class='ocrx_word' id='word_1_705' title='bbox 627 4759 803 4809; x_wconf 76' lang='grc' dir='ltr'>ὁποῖον</span> <span class='ocrx_word' id='word_1_706' title='bbox 833 4759 918 4810; x_wconf 84' lang='grc' dir='ltr'><strong>ὅτε</strong></span> <span class='ocrx_word' id='word_1_707' title='bbox 956 4758 1047 4810; x_wconf 74' lang='grc' dir='ltr'><strong>καὶ</strong></span> <span class='ocrx_word' id='word_1_708' title='bbox 1078 4760 1167 4810; x_wconf 88' lang='grc' dir='ltr'><strong>τοῦ</strong></span> <span class='ocrx_word' id='word_1_709' title='bbox 1206 4759 1362 4810; x_wconf 84' lang='grc' dir='ltr'>άλλου</span> <span class='ocrx_word' id='word_1_710' title='bbox 1401 4762 1659 4828; x_wconf 80' lang='grc' dir='ltr'>κατεάγη.</span> 
     </span>
    </p>
   </div>
   <div class='ocr_carea' id='block_1_92' title="bbox 136 4837 1662 4914">
    <p class='ocr_par' dir='ltr' id='par_1_92' title="bbox 136 4837 1662 4914">
     <span class='ocr_line' id='line_1_92' title="bbox 136 4837 1662 4914; baseline 0.007 -27"><span class='ocrx_word' id='word_1_711' title='bbox 136 4837 289 4888; x_wconf 85' lang='grc' dir='ltr'><strong>Οῦτω</strong></span> <span class='ocrx_word' id='word_1_712' title='bbox 324 4841 612 4904; x_wconf 84' lang='grc' dir='ltr'>μετατίθει,</span> <span class='ocrx_word' id='word_1_713' title='bbox 644 4847 735 4894; x_wconf 69' lang='grc' dir='ltr'><strong>καὶ</strong></span> <span class='ocrx_word' id='word_1_714' title='bbox 768 4846 856 4896; x_wconf 74' lang='grc' dir='ltr'><strong>ἐπὶ</strong></span> <span class='ocrx_word' id='word_1_715' title='bbox 897 4846 963 4897; x_wconf 82' lang='grc' dir='ltr'><strong>τά</strong></span> <span class='ocrx_word' id='word_1_716' title='bbox 997 4847 1230 4914; x_wconf 75' lang='grc' dir='ltr'>μείζονα.</span> <span class='ocrx_word' id='word_1_717' title='bbox 1278 4847 1472 4899; x_wconf 89' lang='grc' dir='ltr'>Τέκνον</span> <span class='ocrx_word' id='word_1_718' title='bbox 1507 4848 1662 4897; x_wconf 78' lang='grc' dir='ltr'>ἄλλου</span> 
     </span>
    </p>
   </div>
   <div class='ocr_carea' id='block_1_93' title="bbox 136 4923 1657 4994">
    <p class='ocr_par' dir='ltr' id='par_1_93' title="bbox 136 4923 1657 4994">
     <span class='ocr_line' id='line_1_93' title="bbox 136 4923 1657 4994; baseline 0.005 -22"><span class='ocrx_word' id='word_1_719' title='bbox 136 4923 410 4992; x_wconf 74' lang='grc' dir='ltr'>τέθνηκεν,</span> <span class='ocrx_word' id='word_1_720' title='bbox 458 4925 488 4991; x_wconf 87' lang='grc' dir='ltr'>ἢ</span> <span class='ocrx_word' id='word_1_721' title='bbox 528 4928 680 4994; x_wconf 86' lang='grc' dir='ltr'>γυνὴ,</span> <span class='ocrx_word' id='word_1_722' title='bbox 717 4929 885 4991; x_wconf 83' lang='grc' dir='ltr'>οὐδείς</span> <span class='ocrx_word' id='word_1_723' title='bbox 906 4933 1047 4982; x_wconf 82' lang='grc' dir='ltr'>ἐστιν</span> <span class='ocrx_word' id='word_1_724' title='bbox 1077 4933 1218 4992; x_wconf 85' lang='grc' dir='ltr'>ὅστις</span> <span class='ocrx_word' id='word_1_725' title='bbox 1260 4932 1355 4982; x_wconf 82' lang='grc' dir='ltr'><strong>οὐκ</strong></span> <span class='ocrx_word' id='word_1_726' title='bbox 1404 4931 1468 4982; x_wconf 82' lang='grc' dir='ltr'><strong>ἂν</strong></span> <span class='ocrx_word' id='word_1_727' title='bbox 1499 4933 1657 4994; x_wconf 76' lang='grc' dir='ltr'>εἴποι,</span> 
     </span>
    </p>
   </div>
   <div class='ocr_carea' id='block_1_94' title="bbox 137 5009 1664 5077">
    <p class='ocr_par' dir='ltr' id='par_1_94' title="bbox 137 5009 1664 5077">
     <span class='ocr_line' id='line_1_94' title="bbox 137 5009 1664 5077; baseline 0.006 -19"><span class='ocrx_word' id='word_1_728' title='bbox 137 5009 268 5059; x_wconf 77' lang='grc' dir='ltr'>διότι</span> <span class='ocrx_word' id='word_1_729' title='bbox 316 5009 662 5076; x_wconf 82' lang='grc' dir='ltr'>ἀνθρώπινον,</span> <span class='ocrx_word' id='word_1_730' title='bbox 711 5013 820 5064; x_wconf 80' lang='grc' dir='ltr'>ἀλλ’</span> <span class='ocrx_word' id='word_1_731' title='bbox 875 5016 1000 5067; x_wconf 84' lang='grc' dir='ltr'>ὅταν</span> <span class='ocrx_word' id='word_1_732' title='bbox 1048 5018 1104 5068; x_wconf 76' lang='grc' dir='ltr'><strong>τὸ</strong></span> <span class='ocrx_word' id='word_1_733' title='bbox 1145 5017 1302 5068; x_wconf 83' lang='grc' dir='ltr'>αὐτοῦ</span> <span class='ocrx_word' id='word_1_734' title='bbox 1354 5033 1491 5077; x_wconf 88' lang='grc' dir='ltr'>τινος</span> <span class='ocrx_word' id='word_1_735' title='bbox 1534 5018 1664 5067; x_wconf 84' lang='grc' dir='ltr'>ἀπο-</span> 
     </span>
    </p>
   </div>
   <div class='ocr_carea' id='block_1_95' title="bbox 139 5098 1662 5172">
    <p class='ocr_par' dir='ltr' id='par_1_95' title="bbox 139 5098 1662 5172">
     <span class='ocr_line' id='line_1_95' title="bbox 139 5098 1662 5172; baseline 0.004 -24"><span class='ocrx_word' id='word_1_736' title='bbox 139 5099 292 5167; x_wconf 72' lang='grc' dir='ltr'>θάνῃ,</span> <span class='ocrx_word' id='word_1_737' title='bbox 323 5098 496 5159; x_wconf 72' lang='grc' dir='ltr'>εὐθὺς,</span> <span class='ocrx_word' id='word_1_738' title='bbox 523 5102 673 5167; x_wconf 81' lang='grc' dir='ltr'>Οίμοι</span> <span class='ocrx_word' id='word_1_739' title='bbox 699 5103 713 5153; x_wconf 82' lang='grc' dir='ltr'><strong>ι</strong></span> <span class='ocrx_word' id='word_1_740' title='bbox 748 5103 856 5164; x_wconf 71' lang='grc' dir='ltr'>καὶ,</span> <span class='ocrx_word' id='word_1_741' title='bbox 887 5105 1061 5164; x_wconf 85' lang='grc' dir='ltr'>Τάλας</span> <span class='ocrx_word' id='word_1_742' title='bbox 1087 5105 1210 5171; x_wconf 85' lang='grc' dir='ltr'><strong>ἐγώ.</strong></span> <span class='ocrx_word' id='word_1_743' title='bbox 1263 5105 1454 5172; x_wconf 84' lang='grc' dir='ltr'>Ἐχρῆν</span> <span class='ocrx_word' id='word_1_744' title='bbox 1485 5103 1538 5154; x_wconf 85' lang='grc' dir='ltr'>δὲ</span> <span class='ocrx_word' id='word_1_745' title='bbox 1570 5121 1662 5170; x_wconf 87' lang='grc' dir='ltr'>με-</span> 
     </span>
    </p>
   </div>
   <div class='ocr_carea' id='block_1_96' title="bbox 144 5185 1661 5259">
    <p class='ocr_par' dir='ltr' id='par_1_96' title="bbox 144 5185 1661 5259">
     <span class='ocr_line' id='line_1_96' title="bbox 144 5185 1661 5259; baseline 0.005 -25"><span class='ocrx_word' id='word_1_746' title='bbox 144 5185 370 5252; x_wconf 83' lang='grc' dir='ltr'>μνῆσθαι</span> <span class='ocrx_word' id='word_1_747' title='bbox 400 5187 450 5238; x_wconf 84' lang='grc' dir='ltr'><strong>τί</strong></span> <span class='ocrx_word' id='word_1_748' title='bbox 491 5189 762 5257; x_wconf 72' lang='grc' dir='ltr'>πάσχομεν</span> <span class='ocrx_word' id='word_1_749' title='bbox 794 5192 918 5259; x_wconf 77' lang='grc' dir='ltr'>περὶ</span> <span class='ocrx_word' id='word_1_750' title='bbox 951 5191 1120 5243; x_wconf 82' lang='grc' dir='ltr'>ἄλλων</span> <span class='ocrx_word' id='word_1_751' title='bbox 1148 5193 1220 5254; x_wconf 85' lang='grc' dir='ltr'>ὠς</span> <span class='ocrx_word' id='word_1_752' title='bbox 1247 5193 1373 5245; x_wconf 80' lang='grc' dir='ltr'>αὐτὸ</span> <span class='ocrx_word' id='word_1_753' title='bbox 1403 5190 1661 5246; x_wconf 83' lang='grc' dir='ltr'>ἀκούσαν-</span> 
     </span>
    </p>
   </div>
   <div class='ocr_carea' id='block_1_97' title="bbox 143 5291 245 5335">
    <p class='ocr_par' dir='ltr' id='par_1_97' title="bbox 143 5291 245 5335">
     <span class='ocr_line' id='line_1_97' title="bbox 143 5291 245 5335; baseline -0.02 -8"><span class='ocrx_word' id='word_1_754' title='bbox 143 5291 245 5335; x_wconf 82' lang='grc' dir='ltr'>τες.</span> 
     </span>
    </p>
   </div>
   <div class='ocr_carea' id='block_1_98' title="bbox 2273 4271 2765 4328">
    <p class='ocr_par' dir='ltr' id='par_1_98' title="bbox 2273 4271 2765 4328">
     <span class='ocr_line' id='line_1_98' title="bbox 2273 4271 2765 4328; baseline -0.002 -3"><span class='ocrx_word' id='word_1_755' title='bbox 2273 4273 2494 4328; x_wconf 78' lang='lat' dir='ltr'><strong>CAPUT</strong></span> <span class='ocrx_word' id='word_1_756' title='bbox 2534 4271 2765 4326; x_wconf 77' lang='lat' dir='ltr'>XXXIII.</span> 
     </span>
    </p>
   </div>
   <div class='ocr_carea' id='block_1_99' title="bbox 1833 4403 3291 4474">
    <p class='ocr_par' dir='ltr' id='par_1_99' title="bbox 1833 4403 3291 4474">
     <span class='ocr_line' id='line_1_99' title="bbox 1833 4403 3291 4474; baseline -0.003 -16"><span class='ocrx_word' id='word_1_757' title='bbox 1833 4407 2042 4461; x_wconf 74' lang='lat' dir='ltr'><strong>Naturae</strong></span> <span class='ocrx_word' id='word_1_758' title='bbox 2091 4407 2334 4459; x_wconf 89' lang='lat' dir='ltr'><strong>voluntas</strong></span> <span class='ocrx_word' id='word_1_759' title='bbox 2367 4414 2451 4460; x_wconf 90' lang='lat' dir='ltr'><strong>est</strong></span> <span class='ocrx_word' id='word_1_760' title='bbox 2481 4404 2838 4474; x_wconf 84' lang='lat' dir='ltr'><strong>pernoscenda</strong></span> <span class='ocrx_word' id='word_1_761' title='bbox 2871 4420 2930 4456; x_wconf 76' lang='lat' dir='ltr'><strong>ex</strong></span> <span class='ocrx_word' id='word_1_762' title='bbox 2977 4404 3059 4457; x_wconf 89' lang='lat' dir='ltr'><strong>his</strong></span> <span class='ocrx_word' id='word_1_763' title='bbox 3089 4403 3140 4454; x_wconf 92' lang='lat' dir='ltr'><strong>in</strong></span> <span class='ocrx_word' id='word_1_764' title='bbox 3172 4404 3291 4468; x_wconf 91' lang='lat' dir='ltr'><strong>qui-</strong></span> 
     </span>
    </p>
   </div>
   <div class='ocr_carea' id='block_1_100' title="bbox 1763 4491 3286 4556">
    <p class='ocr_par' dir='ltr' id='par_1_100' title="bbox 1763 4491 3286 4556">
     <span class='ocr_line' id='line_1_100' title="bbox 1763 4491 3286 4556; baseline -0.005 -8"><span class='ocrx_word' id='word_1_765' title='bbox 1763 4496 1859 4549; x_wconf 90' lang='lat' dir='ltr'><strong>bus</strong></span> <span class='ocrx_word' id='word_1_766' title='bbox 1889 4496 2028 4548; x_wconf 88' lang='lat' dir='ltr'><strong>intcr</strong></span> <span class='ocrx_word' id='word_1_767' title='bbox 2073 4509 2168 4548; x_wconf 90' lang='lat' dir='ltr'><strong>nos</strong></span> <span class='ocrx_word' id='word_1_768' title='bbox 2212 4495 2433 4547; x_wconf 86' lang='lat' dir='ltr'><strong>minime</strong></span> <span class='ocrx_word' id='word_1_769' title='bbox 2463 4494 2777 4547; x_wconf 78' lang='lat' dir='ltr'><strong>differimus.</strong></span> <span class='ocrx_word' id='word_1_770' title='bbox 2812 4491 3042 4556; x_wconf 87' lang='lat' dir='ltr'><strong>Exempli</strong></span> <span class='ocrx_word' id='word_1_771' title='bbox 3073 4491 3238 4556; x_wconf 86' lang='lat' dir='ltr'><strong>gratia</strong></span> <span class='ocrx_word' id='word_1_772' title='bbox 3275 4507 3286 4540; x_wconf 94' lang='lat'>:</span> 
     </span>
    </p>
   </div>
   <div class='ocr_carea' id='block_1_101' title="bbox 1763 4577 3288 4653">
    <p class='ocr_par' dir='ltr' id='par_1_101' title="bbox 1763 4577 3288 4653">
     <span class='ocr_line' id='line_1_101' title="bbox 1763 4577 3288 4653; baseline -0.005 -19"><span class='ocrx_word' id='word_1_773' title='bbox 1763 4584 1974 4651; x_wconf 89' lang='lat' dir='ltr'><strong>quando</strong></span> <span class='ocrx_word' id='word_1_774' title='bbox 2005 4584 2138 4638; x_wconf 82' lang='lat' dir='ltr'><strong>alius</strong></span> <span class='ocrx_word' id='word_1_775' title='bbox 2184 4585 2434 4653; x_wconf 85' lang='lat' dir='ltr'><strong>puerulus</strong></span> <span class='ocrx_word' id='word_1_776' title='bbox 2487 4583 2748 4651; x_wconf 68' lang='lat' dir='ltr'><strong>effregerit</strong></span> <span class='ocrx_word' id='word_1_777' title='bbox 2801 4579 3081 4645; x_wconf 90' lang='lat' dir='ltr'><strong>poculum,</strong></span> <span class='ocrx_word' id='word_1_778' title='bbox 3114 4577 3288 4629; x_wconf 90' lang='lat' dir='ltr'><strong>statim</strong></span> 
     </span>
    </p>
   </div>
   <div class='ocr_carea' id='block_1_102' title="bbox 1763 4665 3292 4741">
    <p class='ocr_par' dir='ltr' id='par_1_102' title="bbox 1763 4665 3292 4741">
     <span class='ocr_line' id='line_1_102' title="bbox 1763 4665 3292 4741; baseline -0.007 -13"><span class='ocrx_word' id='word_1_779' title='bbox 1763 4683 1844 4728; x_wconf 86' lang='lat' dir='ltr'><strong>est</strong></span> <span class='ocrx_word' id='word_1_780' title='bbox 1873 4675 1922 4726; x_wconf 93' lang='lat' dir='ltr'><strong>in</strong></span> <span class='ocrx_word' id='word_1_781' title='bbox 1961 4668 2234 4741; x_wconf 82' lang='lat' dir='ltr'><strong>promptu;</strong></span> <span class='ocrx_word' id='word_1_782' title='bbox 2287 4673 2426 4741; x_wconf 89' lang='lat' dir='ltr'><strong>quod</strong></span> <span class='ocrx_word' id='word_1_783' title='bbox 2458 4680 2540 4725; x_wconf 88' lang='lat' dir='ltr'><strong>est</strong></span> <span class='ocrx_word' id='word_1_784' title='bbox 2569 4686 2632 4724; x_wconf 84' lang='lat' dir='ltr'><strong>ex</strong></span> <span class='ocrx_word' id='word_1_785' title='bbox 2664 4671 2763 4732; x_wconf 92' lang='lat' dir='ltr'><strong>his,</strong></span> <span class='ocrx_word' id='word_1_786' title='bbox 2795 4681 2910 4734; x_wconf 70' lang='lat' dir='ltr'><strong>qum</strong></span> <span class='ocrx_word' id='word_1_787' title='bbox 2954 4665 3123 4717; x_wconf 91' lang='lat' dir='ltr'><strong>solent</strong></span> <span class='ocrx_word' id='word_1_788' title='bbox 3155 4668 3292 4718; x_wconf 86' lang='lat' dir='ltr'><strong>acci-</strong></span> 
     </span>
    </p>
   </div>
   <div class='ocr_carea' id='block_1_103' title="bbox 1765 4753 3286 4828">
    <p class='ocr_par' dir='ltr' id='par_1_103' title="bbox 1765 4753 3286 4828">
     <span class='ocr_line' id='line_1_103' title="bbox 1765 4753 3286 4828; baseline -0.005 -15"><span class='ocrx_word' id='word_1_789' title='bbox 1765 4763 2058 4827; x_wconf 81' lang='lat' dir='ltr'><strong>dere,scias</strong></span> <span class='ocrx_word' id='word_1_790' title='bbox 2088 4777 2213 4828; x_wconf 82' lang='lat' dir='ltr'><strong>ergo</strong></span> <span class='ocrx_word' id='word_1_791' title='bbox 2258 4761 2396 4827; x_wconf 87' lang='lat' dir='ltr'><strong>quod</strong></span> <span class='ocrx_word' id='word_1_792' title='bbox 2432 4760 2486 4819; x_wconf 77' lang='grc' dir='ltr'>εἰ,</span> <span class='ocrx_word' id='word_1_793' title='bbox 2506 4768 2650 4810; x_wconf 91' lang='lat' dir='ltr'><strong>tuum</strong></span> <span class='ocrx_word' id='word_1_794' title='bbox 2683 4755 2839 4808; x_wconf 88' lang='lat' dir='ltr'><strong>etiam</strong></span> <span class='ocrx_word' id='word_1_795' title='bbox 2885 4753 3178 4822; x_wconf 82' lang='lat' dir='ltr'><strong>frangatur.</strong></span> <span class='ocrx_word' id='word_1_796' title='bbox 3213 4763 3286 4806; x_wconf 86' lang='lat' dir='ltr'><strong>ta-</strong></span> 
     </span>
    </p>
   </div>
   <div class='ocr_carea' id='block_1_104' title="bbox 1765 4841 3288 4917">
    <p class='ocr_par' dir='ltr' id='par_1_104' title="bbox 1765 4841 3288 4917">
     <span class='ocr_line' id='line_1_104' title="bbox 1765 4841 3288 4917; baseline -0.005 -16"><span class='ocrx_word' id='word_1_797' title='bbox 1765 4850 1863 4901; x_wconf 89' lang='lat' dir='ltr'><strong>lem</strong></span> <span class='ocrx_word' id='word_1_798' title='bbox 1895 4863 2008 4901; x_wconf 86' lang='lat' dir='ltr'><strong>esse</strong></span> <span class='ocrx_word' id='word_1_799' title='bbox 2048 4856 2096 4899; x_wconf 91' lang='lat' dir='ltr'><strong>te</strong></span> <span class='ocrx_word' id='word_1_800' title='bbox 2136 4855 2357 4913; x_wconf 88' lang='lat' dir='ltr'><strong>oportet,</strong></span> <span class='ocrx_word' id='word_1_801' title='bbox 2390 4845 2582 4917; x_wconf 84' lang='lat' dir='ltr'><strong>qualis,</strong></span> <span class='ocrx_word' id='word_1_802' title='bbox 2611 4843 2736 4895; x_wconf 89' lang='lat' dir='ltr'><strong>dum</strong></span> <span class='ocrx_word' id='word_1_803' title='bbox 2769 4841 2984 4896; x_wconf 86' lang='lat' dir='ltr'><strong>alterius</strong></span> <span class='ocrx_word' id='word_1_804' title='bbox 3025 4845 3150 4896; x_wconf 91' lang='lat' dir='ltr'><strong>illud</strong></span> <span class='ocrx_word' id='word_1_805' title='bbox 3182 4843 3288 4895; x_wconf 90' lang='lat' dir='ltr'><strong>fra-</strong></span> 
     </span>
    </p>
   </div>
   <div class='ocr_carea' id='block_1_105' title="bbox 1765 4931 3288 4994">
    <p class='ocr_par' dir='ltr' id='par_1_105' title="bbox 1765 4931 3288 4994">
     <span class='ocr_line' id='line_1_105' title="bbox 1765 4931 3288 4994; baseline -0.007 -4"><span class='ocrx_word' id='word_1_806' title='bbox 1765 4946 1904 4990; x_wconf 89' lang='lat' dir='ltr'><strong>ctum</strong></span> <span class='ocrx_word' id='word_1_807' title='bbox 1938 4935 2122 4994; x_wconf 84' lang='lat' dir='ltr'><strong>fuerat,</strong></span> <span class='ocrx_word' id='word_1_808' title='bbox 2162 4932 2474 4984; x_wconf 78' lang='lat' dir='ltr'><strong>exsistebas.</strong></span> <span class='ocrx_word' id='word_1_809' title='bbox 2527 4931 2778 4983; x_wconf 77' lang='lat' dir='ltr'><strong>Similiter</strong></span> <span class='ocrx_word' id='word_1_810' title='bbox 2818 4932 3044 4984; x_wconf 83' lang='lat' dir='ltr'><strong>transfer</strong></span> <span class='ocrx_word' id='word_1_811' title='bbox 3076 4932 3175 4982; x_wconf 90' lang='lat' dir='ltr'><strong>hoc</strong></span> <span class='ocrx_word' id='word_1_812' title='bbox 3224 4932 3288 4981; x_wconf 88' lang='lat' dir='ltr'><strong>ad</strong></span> 
     </span>
    </p>
   </div>
   <div class='ocr_carea' id='block_1_106' title="bbox 1767 5019 3290 5088">
    <p class='ocr_par' dir='ltr' id='par_1_106' title="bbox 1767 5019 3290 5088">
     <span class='ocr_line' id='line_1_106' title="bbox 1767 5019 3290 5088; baseline -0.005 -13"><span class='ocrx_word' id='word_1_813' title='bbox 1767 5024 1984 5088; x_wconf 86' lang='lat' dir='ltr'><strong>majora.</strong></span> <span class='ocrx_word' id='word_1_814' title='bbox 2020 5019 2185 5072; x_wconf 84' lang='lat' dir='ltr'><strong>Filius</strong></span> <span class='ocrx_word' id='word_1_815' title='bbox 2212 5019 2427 5071; x_wconf 89' lang='lat' dir='ltr'><strong>alterius</strong></span> <span class='ocrx_word' id='word_1_816' title='bbox 2475 5019 2626 5081; x_wconf 88' lang='lat' dir='ltr'><strong>obiit,</strong></span> <span class='ocrx_word' id='word_1_817' title='bbox 2665 5026 2755 5071; x_wconf 88' lang='lat' dir='ltr'><strong>aut</strong></span> <span class='ocrx_word' id='word_1_818' title='bbox 2797 5035 2961 5082; x_wconf 85' lang='lat' dir='ltr'><strong>uxor;</strong></span> <span class='ocrx_word' id='word_1_819' title='bbox 3013 5032 3167 5068; x_wconf 88' lang='lat' dir='ltr'><strong>nemo</strong></span> <span class='ocrx_word' id='word_1_820' title='bbox 3210 5029 3290 5069; x_wconf 92' lang='lat' dir='ltr'><strong>est</strong></span> 
     </span>
    </p>
   </div>
   <div class='ocr_carea' id='block_1_107' title="bbox 1765 5106 3288 5177">
    <p class='ocr_par' dir='ltr' id='par_1_107' title="bbox 1765 5106 3288 5177">
     <span class='ocr_line' id='line_1_107' title="bbox 1765 5106 3288 5177; baseline -0.003 -17"><span class='ocrx_word' id='word_1_821' title='bbox 1765 5110 1853 5177; x_wconf 92' lang='lat' dir='ltr'><strong>qui</strong></span> <span class='ocrx_word' id='word_1_822' title='bbox 1901 5122 2005 5160; x_wconf 89' lang='lat' dir='ltr'><strong>non</strong></span> <span class='ocrx_word' id='word_1_823' title='bbox 2066 5108 2225 5170; x_wconf 88' lang='lat' dir='ltr'><strong>dicat,</strong></span> <span class='ocrx_word' id='word_1_824' title='bbox 2277 5108 2416 5174; x_wconf 89' lang='lat' dir='ltr'><strong>quod</strong></span> <span class='ocrx_word' id='word_1_825' title='bbox 2465 5122 2655 5175; x_wconf 88' lang='lat' dir='ltr'><strong>nempe</strong></span> <span class='ocrx_word' id='word_1_826' title='bbox 2695 5108 2979 5160; x_wconf 90' lang='lat' dir='ltr'><strong>humanum</strong></span> <span class='ocrx_word' id='word_1_827' title='bbox 3034 5111 3144 5167; x_wconf 88' lang='lat' dir='ltr'><strong>est;</strong></span> <span class='ocrx_word' id='word_1_828' title='bbox 3197 5106 3288 5156; x_wconf 87' lang='lat' dir='ltr'><strong>sed</strong></span> 
     </span>
    </p>
   </div>
   <div class='ocr_carea' id='block_1_108' title="bbox 1766 5191 3288 5262">
    <p class='ocr_par' dir='ltr' id='par_1_108' title="bbox 1766 5191 3288 5262">
     <span class='ocr_line' id='line_1_108' title="bbox 1766 5191 3288 5262; baseline -0.001 -17"><span class='ocrx_word' id='word_1_829' title='bbox 1766 5193 1975 5260; x_wconf 89' lang='lat' dir='ltr'><strong>quando</strong></span> <span class='ocrx_word' id='word_1_830' title='bbox 2027 5193 2252 5257; x_wconf 86' lang='lat' dir='ltr'><strong>alicujus</strong></span> <span class='ocrx_word' id='word_1_831' title='bbox 2303 5195 2548 5262; x_wconf 89' lang='lat' dir='ltr'><strong>proprius</strong></span> <span class='ocrx_word' id='word_1_832' title='bbox 2601 5192 2884 5247; x_wconf 87' lang='lat' dir='ltr'><strong>decesserit</strong></span> <span class='ocrx_word' id='word_1_833' title='bbox 2946 5191 3105 5255; x_wconf 90' lang='lat' dir='ltr'><strong>filius,</strong></span> <span class='ocrx_word' id='word_1_834' title='bbox 3157 5206 3288 5244; x_wconf 77' lang='lat' dir='ltr'><strong>eon-</strong></span> 
     </span>
    </p>
   </div>
   <div class='ocr_carea' id='block_1_109' title="bbox 1767 5274 3290 5342">
    <p class='ocr_par' dir='ltr' id='par_1_109' title="bbox 1767 5274 3290 5342">
     <span class='ocr_line' id='line_1_109' title="bbox 1767 5274 3290 5342; baseline 0 -14"><span class='ocrx_word' id='word_1_835' title='bbox 1767 5276 1937 5328; x_wconf 90' lang='lat' dir='ltr'><strong>festim</strong></span> <span class='ocrx_word' id='word_1_836' title='bbox 1971 5292 1982 5326; x_wconf 91' lang='lat'><strong>:</strong></span> <span class='ocrx_word' id='word_1_837' title='bbox 2018 5274 2110 5328; x_wconf 87' lang='lat' dir='ltr'><strong>Ilei</strong></span> <span class='ocrx_word' id='word_1_838' title='bbox 2168 5277 2318 5340; x_wconf 85' lang='lat' dir='ltr'><strong>mihi,</strong></span> <span class='ocrx_word' id='word_1_839' title='bbox 2365 5287 2413 5331; x_wconf 92' lang='lat' dir='ltr'><strong>et</strong></span> <span class='ocrx_word' id='word_1_840' title='bbox 2463 5279 2620 5332; x_wconf 83' lang='lat' dir='ltr'><strong>miser</strong></span> <span class='ocrx_word' id='word_1_841' title='bbox 2687 5289 2815 5342; x_wconf 84' lang='lat' dir='ltr'><strong>ego;</strong></span> <span class='ocrx_word' id='word_1_842' title='bbox 2874 5283 2925 5326; x_wconf 88' lang='lat' dir='ltr'><strong>at</strong></span> <span class='ocrx_word' id='word_1_843' title='bbox 2987 5277 3290 5330; x_wconf 77' lang='lat' dir='ltr'><strong>meminisse</strong></span> 
     </span>
    </p>
   </div>
   <div class='ocr_carea' id='block_1_110' title="bbox 1769 5363 3288 5434">
    <p class='ocr_par' dir='ltr' id='par_1_110' title="bbox 1769 5363 3288 5434">
     <span class='ocr_line' id='line_1_110' title="bbox 1769 5363 3288 5434; baseline 0.007 -23"><span class='ocrx_word' id='word_1_844' title='bbox 1769 5363 2057 5430; x_wconf 80' lang='lat' dir='ltr'><strong>oportebat,</strong></span> <span class='ocrx_word' id='word_1_845' title='bbox 2087 5380 2188 5431; x_wconf 90' lang='lat' dir='ltr'><strong>qua</strong></span> <span class='ocrx_word' id='word_1_846' title='bbox 2214 5370 2458 5434; x_wconf 85' lang='lat' dir='ltr'><strong>passione</strong></span> <span class='ocrx_word' id='word_1_847' title='bbox 2481 5365 2740 5419; x_wconf 83' lang='lat' dir='ltr'><strong>afﬁcimur</strong></span> <span class='ocrx_word' id='word_1_848' title='bbox 2761 5363 2823 5417; x_wconf 91' lang='lat' dir='ltr'><strong>de</strong></span> <span class='ocrx_word' id='word_1_849' title='bbox 2851 5364 2986 5430; x_wconf 86' lang='lat' dir='ltr'><strong>aliis,</strong></span> <span class='ocrx_word' id='word_1_850' title='bbox 3005 5366 3213 5432; x_wconf 82' lang='lat' dir='ltr'><strong>quando</strong></span> <span class='ocrx_word' id='word_1_851' title='bbox 3238 5367 3288 5421; x_wconf 79' lang='lat' dir='ltr'><strong>id</strong></span> 
     </span>
    </p>
   </div>
   <div class='ocr_carea' id='block_1_111' title="bbox 1771 5449 2534 5516">
    <p class='ocr_par' dir='ltr' id='par_1_111' title="bbox 1771 5449 2534 5516">
     <span class='ocr_line' id='line_1_111' title="bbox 1771 5449 2534 5516; baseline 0.016 -17"><span class='ocrx_word' id='word_1_852' title='bbox 1771 5449 1938 5516; x_wconf 76' lang='lat' dir='ltr'><strong>ipsum</strong></span> <span class='ocrx_word' id='word_1_853' title='bbox 1972 5449 2310 5507; x_wconf 82' lang='lat' dir='ltr'><strong>audierimus.</strong></span> <span class='ocrx_word' id='word_1_854' title='bbox 2420 5496 2425 5499; x_wconf 89' lang='grc'><strong>-</strong></span> <span class='ocrx_word' id='word_1_855' title='bbox 2532 5451 2534 5454; x_wconf 58' lang='grc'>’</span> 
     </span>
    </p>
   </div>
  </div>
