4058 6350
662 316 845 379 .1299

1228 422 1448 477 CAPUT
1478 425 1708 479 XXXIV.

781 533 929 586 Sicut
950 542 1087 587 meta
1117 548 1218 587 non
1242 537 1458 602 ponitur
1485 539 1550 592 ad
1575 537 1947 602 aberrandum,
1974 541 2043 592 ita
2064 557 2230 608 neque

710 621 832 672 mali
885 629 1072 673 natura
1134 623 1190 674 in
1220 625 1418 678 mundo
1452 626 1679 679 exsistit.
1730 625 2025 696 Si‘eorpus
2081 637 2230 682 tuum

711 724 738 774 q
751 710 830 761 uis
862 709 1212 762 committeret
1229 711 1436 764 obviam
1457 713 1705 773 venienti,
1724 716 1903 783 utique
1933 717 2234 786 indignare-

709 801 802 858 τὶς,
835 797 972 864 quod
1005 808 1179 850 autem
1207 799 1280 851 tui
1311 800 1477 866 ipsius
1509 799 1740 854 auiui’um
1768 802 1925 871 340
1952 806 2236 873 unicuique

710 895 764 936 tu
791 889 1107 948 committas,
1133 887 1203 939 ita
1225 897 1282 938 ut
1303 889 1345 940 si
1375 890 1611 943 convicia
1636 892 1728 943 tibi
1759 892 1967 956 dixerit,
1997 894 2235 947 turbetur

711 974 829 1035 ille,
890 987 996 1024 non
1024 974 1431 1028 verecundaris?
1493 975 1622 1029 Eam
1683 977 1750 1030 ob
1793 993 1914 1055 rem
1980 981 2236 1048 cujusque

718 1062 891 1128 operis
920 1062 1192 1114 considera
1243 1063 1635 1126 antecedentia,
1681 1066 2022 1133 ejusdemque
2051 1083 2237 1123 conse-

717 1140 953 1205 quentia,
986 1141 1164 1208 sicque
1212 1143 1274 1195 ad
1331 1143 1455 1196 illud
1487 1146 1698 1206 accede,
1724 1147 1954 1214 alioquin
2005 1149 2234 1216 primum

719 1229 964 1280 alacriter
989 1231 1246 1297 suscipies
1273 1231 1392 1296 iter,
1419 1234 1611 1302 quippe
1638 1235 1728 1303 qui
1757 1236 1886 1288 nihil
1911 1236 2236 1303 subsequen-

714 1317 841 1367 tium
875 1317 929 1368 iu
969 1327 1194 1370 mentem
1225 1325 1507 1382 revocasti,
1546 1322 1635 1375 sed
1675 1331 1873 1390 postea,
1911 1339 2029 1377 cum
2078 1325 2236 1379 dede—

714 1417 832 1454 cora
867 1403 1104 1470 qumdam
1134 1421 1385 1472 apparere
1423 1402 1705 1475 coeperint,
1729 1409 1969 1463 absistes.

1244 1516 1464 1570 CAPUT
1498 1517 1704 1571 XXXV.

785 1632 872 1684 Vis
904 1629 1164 1695 Olympico
1183 1621 1242 1680 in
1280 1631 1567 1683 certamine
1587 1632 1794 1684 vincere
1814 1632 1836 1682 ?
1859 1631 1929 1682 Ita
1961 1647 2049 1698 per
2074 1632 2236 1685 Deum

2146 327 2429 384 SPURIA.

3707 325 3834 390 1300

2887 433 3129 484 ΚΕΦΑΛ.
3159 430 3274 484 ΛΔ’.

2401 539 2604 606 Ὥσπερ
2629 533 2819 597 σκοπὸς
2847 540 2977 607 πρὸς
3017 539 3077 590 τὸ
3115 539 3498 607 ἀποτυγχάνειν
3532 539 3590 591 οὐ
3620 523 3835 592 τίθεται·

2330 627 2496 686 οὓτως
2525 627 2640 678 οὐδὲ
2671 627 2835 678 κακοῦ
2871 627 3027 693 φύσις
3054 630 3110 678 ἐν
3132 627 3314 696 κόσμῳ
3331 627 3553 694 γίνεται,
3583 629 3631 678 εἰ
3660 627 3756 694 μὲν
3783 628 3840 680 τὺ

2332 714 2488 780 σῶμά
2513 713 2602 764 σού
2628 730 2708 774 τις
2741 715 2997 782 ἐπέτρεπε
3021 713 3096 780 τῷ
3119 713 3502 781 ἀπαντήσαντι,
3529 713 3840 778 ἠγανάκτεις

2299 862 2304 869 ἶ
2332 798 2393 849 ἄν
2415 815 2428 860 ;
2453 799 2570 850 ’Ότι
2599 799 2649 849 δὲ
2683 800 2744 850 σὺ
2777 799 2869 850 τὴν
2911 799 3127 866 γνώμην
3167 798 3263 864 τὴν
3303 797 3495 848 σαυτοῦ
3539 797 3840 864 ἐπιτρέπεις

2333 883 2406 950 τῷ
2431 883 2654 949 τυχόντι,
2688 883 2771 935 ἵνα
2811 884 2901 935 ἐὰν
2925 884 3214 953 λοιδορῆται
3257 901 3336 934 σοι
3371 885 3607 951 ταραχθῇ
3647 883 3838 950 ἐκείνη,

2334 972 2424 1023 καὶ
2448 972 2680 1040 συγχυθῇ
2702 972 2798 1022 οὐκ
2818 972 3038 1042 αἰσχύνῃ
3059 989 3073 1032 ;
3097 971 3292 1024 Τούτου
3325 971 3482 1022 ἕνεκα
3503 973 3725 1023 ἑκάστου
3756 969 3840 1038 ἕρ·

2333 1075 2427 1124 γου
2456 1062 2640 1112 σκόπει
2668 1060 2730 1111 τὰ
2766 1060 3154 1128 καθηγούμενα.
3181 1061 3272 1112 καὶ
3299 1060 3364 1111 τὰ
3387 1059 3644 1111 ἀκόλουθα
3664 1059 3836 1121 αὐτοῦ,

2333 1151 2425 1200 καὶ
2453 1149 2618 1212 οὕτως
2636 1149 2790 1217 ἔρχου
2820 1150 2903 1201 ἐπ’
2924 1149 3051 1221 αὐτό
3070 1165 3084 1179 ·
3107 1151 3154 1199 εἰ
3182 1150 3236 1200 δὲ
3269 1149 3361 1217 μὴ,
3388 1148 3483 1215 τὴν
3509 1149 3604 1215 μὲν
3633 1148 3839 1217 πρώτην

2334 1239 2619 1311 προθύμως
2675 1236 2838 1306 ἥξεις,
2899 1237 2990 1288 ἆτε
3050 1237 3178 1304 μηδὲ
3230 1237 3333 1288 τῶν
3388 1236 3512 1304 ἑξῆς
3567 1236 3842 1302 ἐντεθυμηη

2338 1327 2511 1394 μένος,
2539 1326 2756 1394 ὕστερον
2782 1327 2834 1378 δὲ
2872 1327 3237 1392 ἀνααανὲντων
3260 1325 3417 1376 τινῶν
3455 1325 3689 1393 αἰσχρῶν
3719 1327 3840 1376 ἀποο

2339 1417 2526 1483 στήσῃ.
3057 1421 3060 1423 λ

2894 1521 3135 1573 ΚΕΦΛΛ.
3171 1522 3288 1572 AE’.

2403 1630 2581 1690 Θέλεις
2632 1629 2920 1694 Ὀλύμπιον.
2959 1628 3208 1695 νικῆσαις
3261 1629 3424 1690 Κάγὼ
3467 1631 3529 1698 νὴ
3571 1631 3661 1682 τὸν
3703 1630 3839 1689 Θεὸν,

717 1731 811 1781 ego
877 1717 1016 1778 volo,
1072 1717 1376 1782 praeclarum
1437 1720 1628 1770 etenim
1692 1730 1803 1781 est;
1866 1728 1918 1771 at
1968 1720 2240 1773 considera

2341 1717 2542 1782 κομψὸν
2584 1717 2688 1785 γάρ
2720 1717 2894 1766 ἐστιν’
2939 1714 3071 1766 ἀλλὰ
3116 1719 3298 1767 σκόπει
3353 1717 3419 1768 τά
3456 1716 3840 1784 καθηγούμενα,

719 1803 1074 1855 antecedentia
1122 1813 1172 1855 et
1202 1808 1577 1873 consequentia
1609 1815 1661 1858 et
1712 1806 1900 1859 deinde
1947 1808 2160 1874 accinge
2189 1817 2238 1861 te

719 1891 882 1954 operi.
911 1889 1125 1957 Oportet
1148 1893 1385 1945 Ordinem
1423 1908 1658 1956 servare;
1712 1896 2029 1950 necessariis
2063 1897 2234 1957 vesci;

719 1980 982 2032 abstinere
1009 1995 1036 2030 a
1063 1995 1379 2047 quocunque
1401 1981 1538 2039 cibo.
1573 1982 1661 2048 qui
1697 1981 1968 2049 coquitur;
2005 1984 2237 2042 exerceri

634 2124 639 2129 ,
719 2069 1007 2122 secundum
1059 2071 1422 2124 necessitatem
1475 2072 1604 2122 hora
1656 2072 1970 2138 prmstituta,
2023 2073 2133 2126 sive
2186 2073 2238 2126 in

719 2167 847 2209 aestu
886 2159 972 2218 sit,
1015 2157 1122 2210 sive
1176 2157 1229 2208 in
1283 2156 1513 2226 frigore;
1582 2172 1688 2210 non
1747 2158 1986 2226 frigidam
2038 2159 2271 2221 bibere,’

723 2246 922 2303 vinum,
964 2258 1065 2295 non
1095 2245 1445 2312 quodcunque
1478 2246 1818 2312 simpliciter;
1855 2258 2078 2314 tetpsum
2135 2257 2243 2300 tra-

721 2330 842 2384 dere
884 2331 1176 2398 superiori,
1203 2331 1360 2384 veluti
1395 2333 1631 2396 medico;
1669 2333 1859 2386 deinde
1886 2335 1949 2386 ad
1979 2343 2241 2388 certamen

722 2418 949 2484 prodire.
993 2419 1193 2470 Accidit
1215 2418 1531 2485 quandoque
1558 2426 1615 2472 ut
1635 2433 1822 2471 manus
1840 2419 2088 2485 jaciatur,
2109 2421 2246 2472 talus

722 2516 971 2567 vertatur,
999 2505 1330 2572 multumque
1347 2505 1576 2569 pulveris
1600 2506 1905 2568 sorbeatur;
1931 2507 2247 2574 quandoque

722 2605 845 2642 vero
904 2590 1153 2656 vapulare
1214 2603 1525 2647 necessum:
1584 2603 1809 2656 cumque
1863 2589 1948 2643 his
2001 2591 2247 2644 omnibus

699 2678 977 2744 superari.
1017 2677 1133 2730 Haec
1161 2678 1248 2730 ubi
1277 2678 1638 2746 perpenderis,
1669 2679 1711 2730 si
1747 2679 1917 2731 adhuc
1944 2679 2090 2743 velis,
2127 2694 2248 2746 pro-

721 2767 939 2834 gredere
972 2766 1034 2817 ad
1081 2768 1412 2830 certandum;
1456 2767 1684 2834 alioquin
1717 2767 2050 2834 puerulorum
2081 2767 2247 2820 instar

721 2853 1149 2914 cunvcrsaberis,
1202 2853 1291 2920 qui
1341 2868 1480 2906 nunc
1515 2853 1724 2920 quidem
1749 2856 2033 2907 luctatores
2088 2861 2250 2922 agunt

720 2942 974 3010 iocantes.
1010 2957 1149 2994 nunc
1181 2955 1306 2995 vero
1339 2941 1669 3010 gladiatores,
1705 2957 1846 2994 nunc
1882 2940 2001 2992 tuba
2031 2948 2247 3000 canunt,

2338 1804 2425 1854 καὶ
2469 1802 2534 1854 τά
2573 1802 2849 1866 ἀκόλουθα,
2884 1803 2976 1854 καλ⁷
3019 1804 3183 1865 οὕτως
3230 1804 3395 1855 ἅπτου
3432 1804 3522 1854 τοῦ
3559 1805 3734 1870 ἔργον.
3766 1807 3846 1855 Δεῖ
3877 1821 3888 1831 ‘

2336 1892 2604 1943 εὐτακτεῖν
2637 1892 3070 1958 ἀναγκοτροφεῖν.
3097 1890 3387 1958 ἀπέχεσθαι
3414 1890 3730 1957 πεμμάτων,
3758 1906 3844 1955 γυ·

2340 1981 2590 2048 μνὰζεται
2627 1980 2754 2048 πρὸς
2783 1981 3021 2046 ἀνάγκην
3053 1980 3107 2030 ὲν
3133 1978 3246 2046 ὥρα
3278 1979 3686 2047 τεταγμένῃ,-ὲν
3721 1976 3842 2028 καύ-

2341 2083 2484 2138 ματι,
2507 2071 2562 2120 ἐν
2586 2068 2764 2136 ψύχει,
2785 2069 2854 2136 μὴ
2881 2068 3074 2136 ψυχρὸν
3103 2068 3293 2130 πίνειν,
3315 2067 3387 2134 μὴ
3415 2063 3548 2118 οἶνον
3578 2066 3651 2128 ὡς
3676 2065 3846 2132 ἔτυχεν

2339 2158 2548 2217 ἁπλῶς·
2583 2157 2657 2218 ὡς
2703 2157 2866 2225 ἱατρῷ
2905 2156 3334 2223 παραδεδωκέναι
3368 2155 3586 2206 σεαυτὸν
3631 2154 3704 2222 τῷ
3731 2157 3844 2205 ὲπι-

2341 2245 2524 2312 στάτῃ,
2551 2241 2664 2296 εἶτα
2692 2246 2747 2296 ὲν
2787 2244 2863 2312 τῷ
2894 2243 3060 2310 ἀγῶνι
3087 2243 3464 2311 παρέρχεσθαι.
3503 2243 3656 2295 Ἔστι
3682 2241 3735 2292 δὲ
3765 2241 3846 2292 ὅτε

2338 2336 2490 2402 χεῖρα
2515 2333 2710 2400 βαλεῖν,
2732 2349 2833 2399 σφυ
2843 2331 2930 2400 ρδν
2952 2331 3163 2399 τρέψαι,
3183 2330 3376 2400 πολλὴν
3393 2329 3533 2398 ἁφὴν
3560 2333 3845 2390 καταπιεῖν,

2385 2423 2489 2474 ἔσθ’
2513 2424 2598 2474 ὅτε
2630 2419 3027 2489 μαστιγωθῆναι
3050 2417 3138 2470 καὶ
3167 2417 3300 2485 μετὰ
3327 2417 3524 2468 τούτων
3551 2417 3756 2468 πάντων
3784 2432 3849 2466 νι-

2341 2509 2587 2576 κηθῆναι.
2623 2506 2800 2560 Ταῦτα
2839 2505 3261 2573 ἱπισκεψάμενος
3302 2503 3365 2556 ἂν
3403 2502 3483 2555 ἔτι
3517 2503 3669 2573 θέλῃς
3699 2501 3848 2571 ἔρχου

2331 2595 2431 2647 ἐπὶ
2456 2594 2514 2645 τὸ
2544 2593 2741 2655 ἀθλεῖν,
2765 2595 2811 2644 ει
2839 2592 2909 2644 δὶι
2922 2584 3017 2660 μῆ,
3041 2591 3114 2651 ὡς
3141 2591 3207 2643 τὰ
3242 2589 3422 2641 παιδία
3454 2589 3849 2672 ἀναστραφήσῃ,

2341 2683 2376 2734 ἃ
2399 2673 2492 2734 νῦν
2519 2681 2614 2749 μὲν
2640 2679 2936 2740 παλαιστὰς
2961 2677 3162 2740 παίζει,
3190 2677 3283 2728 νῦν
3310 2677 3366 2729 δὲ
3399 2676 3742 2744 μονομάχους,
3763 2673 3850 2726 νῦν

2344 2767 2398 2818 δὲ
2435 2765 2696 2827 σαλπίζει,
2734 2761 2847 2816 εἶτα
2875 2765 3171 2834 τραγῳδεῐο
3223 2762 3360 2814 οὕτω
3399 2763 3489 2814 καὶ
3534 2764 3597 2815 σὺ
3639 2762 3727 2814 νῦν
3759 2762 3851 2829 μὲν
3888 2831 3891 2833 ἓ

2345 2853 2596 2919 ἀθλητὴς,
2629 2853 2721 2904 νῦν
2751 2854 2804 2904 δὲ
2844 2853 3160 2921 μονομάχος,
3199 2847 3313 2903 εἶτα
3342 2852 3542 2927 ῥήτωρ,
3574 2846 3686 2901 εἶτα
3715 2848 3852 2914 φιλό-

2349 2958 2527 3006 σοφος,
2559 2943 2648 3009 ὅλῃ
2677 2942 2731 2992 δὲ
2767 2942 3001 3021 τῇήψυχῇ
3033 2941 3203 3004 οὐδὲν,
3229 2941 3339 2991 ἀλλ’
3369 2941 3439 2999 ὡς
3471 2938 3710 3006 πίθηκος,
3750 2939 3852 2989 πᾶ-
3941 2946 3951 2952 “

723 3043 902 3096 postea
958 3031 1151 3096 tragice
1203 3029 1520 3091 decantant;
1558 3029 1632 3081 sic
1682 3036 1734 3079 tu
1787 3042 2030 3094 quoque,
2093 3027 2247 3079 modo

2350 3047 2443 3080 σαν
2473 3029 2594 3080 θέαν
2624 3028 2713 3080 ἐὰν
2739 3009 2853 3098 ἴδῃς
2887 3009 3044 3098 μιμῇ,
3068 3031 3158 3082 καὶ
3193 3029 3317 3082 ἄλλο
3352 3028 3410 3090 ἐξ
3436 3028 3592 3080 ἄλλου
3625 3043 3701 3077 σοι
3733 3026 3854 3094 ἀρέ-

721 3118 931 3184 quidem
983 3119 1204 3180 athleta,
1267 3117 1424 3170 modo
1477 3117 1737 3184 gladiatori
1789 3115 1976 3169 deinde
2030 3115 2242 3178 rhetor,

722 3213 900 3272 postea
951 3205 1326 3272 philosophus,
1378 3213 1487 3257 toto
1519 3215 1691 3257 autem
1731 3204 1909 3257 animo
1947 3202 2096 3254 nihil.
2144 3201 2244 3254 Sed

723 3293 881 3344 veluti
916 3293 1066 3346 simia
1105 3308 1257 3347 omne
1282 3295 1700 3360 spectaculormn
1730 3307 1916 3358 genus,
1956 3291 1999 3346 si
2029 3291 2243 3355 videris,

725 3381 947 3434 imitaris
973 3391 1024 3434 et
1053 3382 1190 3434 aliud
1236 3398 1301 3436 ex
1327 3383 1429 3434 alio
1458 3384 1550 3436 tibi
1585 3384 1774 3448 placet,
1805 3396 1903 3433 nec
1932 3380 2070 3432 enim
2119 3394 2248 3433 cen-

725 3469 952 3522 sideratc
981 3470 1244 3521 accessisti
1275 3470 1337 3521 ad
1369 3471 1660 3535 quidpiam,
1711 3477 1802 3520 aut
1826 3452 2249 3534 id‘perlustrasti,

726 3561 813 3612 sed
848 3569 1058 3620 temere,
1096 3558 1248 3628 341
1285 3572 1345 3608 ac
1391 3556 1576 3624 frigida
1599 3556 1914 3622 cupiditate;
1952 3553 2064 3621 pari
2098 3554 2253 3604 modo

2347 3133 2461 3168 σκει
2479 3133 2491 3146 ·
2518 3117 2576 3168 οὐ
2600 3114 2711 3184 γάρ
2742 3117 2872 3183 μετὰ
2897 3117 3133 3182 σκέψεως
3156 3113 3312 3184 ἦλθες
3338 3116 3426 3167 ἐπί
3457 3132 3528 3177 τι,
3559 3115 3673 3166 οὐδὲ
3714 3129 3855 3180 περι-

2346 3204 2596 3268 ὡδευσας,
2618 3205 2727 3256 ἀλλ’
2749 3207 2885 3274 εἰκῆ,
2908 3205 3147 3257 καὶκατὰ
3166 3204 3373 3271 ψυχρὰν
3392 3200 3856 3269 ὲπιθυμίαν.0’ὑτω

2345 3296 2658 3363 θεασάμενοί
2678 3312 2819 3358 τινες
2850 3294 3149 3364 φιλόσοφον,
3173 3295 3264 3346 καὶ
3289 3293 3612 3353 ἀκούσαντες
3631 3291 3766 3342 οὕτω
3787 3307 3857 3340 τι-

2350 3383 2436 3443 νος
2474 3381 2716 3447 λέγοντος
2744 3383 2816 3442 ὡς
2843 3379 2899 3434 εὖ
2925 3399 3007 3443 τις
3031 3381 3136 3432 τῶν
3169 3379 3465 3447 φιλοσόφων
3499 3378 3644 3442 λέγει
3678 3375 3856 3442 (καίτοι

2354 3483 2434 3525 τις
2470 3467 2608 3518 οὓτω
2647 3464 2863 3519 semen
2897 3470 3061 3518 εἰπεῖν
3099 3467 3170 3527 ὡς
3211 3464 3465 3533 ἐκεῖνος);
3511 3462 3731 3520 θέλουσι,
3775 3458 3858 3509 καὶ

2356 3554 2503 3604 αὐτοὶ
2529 3555 2846 3618 φιλοσοφεῖν.

728 3669 844 3707 eum
892 3652 1106 3721 quidam
1161 3651 1530 3718 philosophum
1582 3648 1871 3714 conspicati
1919 3647 2135 3701 fuerint.
2199 3653 2250 3697 et
2286 3645 2547 3696 audierint
2607 3647 2834 3713 aliquem
2867 3659 2928 3698 eo
2980 3649 3196 3712 prorsus
3231 3643 3385 3697 modo
3417 3632 3735 3709 loquentem,
3761 3655 3863 3706 quo

730 3753 859 3801 bene
906 3747 1026 3815 quis
1063 3745 1491 3812 pliilOSOphorum
1541 3743 1728 3796 cﬂ‘atur
1776 3743 1848 3808 (et
1890 3740 2099 3808 quidem
2163 3738 2283 3806 quis
2347 3740 2415 3791 ita
2465 3749 2638 3806 potest
2692 3750 2748 3792 ut
2794 3740 2878 3792 ille
2923 3737 3143 3800 emi-in,
3199 3745 3307 3788 tmn
3381 3744 3432 3788 et
3480 3735 3578 3802 ipsi
3628 3743 3860 3786 tenentur

731 3832 1129 3902 philoSOpbandi
1166 3832 1457 3884 voluntate.

1245 3940 1464 3995 CAPUT
1496 3939 1728 3992 XXXVI.

797 4055 982 4119 Homo,
1012 4058 1060 4108 in
1112 4055 1292 4122 primis
1350 4052 1610 4120 perpende
1664 4065 1772 4103 rem
1842 4049 2012 4116 qualis
2067 4047 2154 4110 sit,
2200 4055 2253 4097 et

733 4156 910 4211 postea
944 4147 1016 4198 tui
1045 4145 1211 4212 ipsius
1246 4152 1486 4194 naturam
1520 4153 1792 4207 pernosce,
1822 4152 1886 4190 an
1918 4137 2088 4205 possis
2134 4150 2253 4203 por-

734 4244 861 4284 tare.
907 4230 998 4283 Vis
1035 4239 1235 4283 certare
1277 4232 1331 4280 in
1368 4226 1739 4295 quinquertio?
1782 4225 1862 4278 vis
1910 4224 1960 4276 in
2009 4224 2247 4295 palaestra

2896 3925 3140 3976 ΚΕΦΛΛ.
3181 3924 3310 3986 AG’.

2428 4037 2708 4106 Ἄνθρωπε
2735 4033 2944 4102 πρῶτον
2971 4026 3256 4095 ἐπίσκεψαι
3291 4029 3468 4080 ὁποῖόν
3502 4029 3615 4076 ὲστι
3648 4025 3705 4076 τὸ
3737 4024 3857 4090 upi-

2356 4147 2490 4199 γμα,
2516 4125 2631 4180 εἶτα
2663 4125 2752 4177 καὶ
2781 4123 2878 4192 τὴν
2911 4119 3127 4189 σεαυτοῦ
3159 4117 3315 4186 φύσιν
3343 4114 3619 4180 κατάμαθε
3648 4115 3694 4162 εἰ
3723 4111 3863 4161 δύνα-

2347 4237 2444 4272 ’σαι
2467 4217 2745 4286 βαστάσαι.
2773 4210 3067 4271 Πένταθλος
3100 4205 3232 4260 εἶναι
3260 4205 3449 4274 βούλει,
3479 4202 3512 4270 ἢ
3544 4201 3860 4263 παλαιστήςς

735 4319 955 4372 luctari?
999 4318 1128 4370 Vide
1161 4324 1244 4370 tua
1282 4286 1526 4378 brachia,
1550 4330 1724 4377 crura,
1761 4314 1847 4366 ilia
1874 4286 2063 4380 proba;
2099 4293 2249 4364 alius

2372 4311 2465 4362 Ἰδὲ
2491 4305 2711 4360 σεαυτοῦ
2737 4305 2859 4365 τοὺς
2885 4301 3184 4372 βραχίονας,
3209 4297 3329 4356 τοὺς
3352 4294 3572 4362 μηροὺς,
3595 4289 3867 4380 mea?”

736 4404 926 4470 quippe
977 4403 1040 4454 ad
1088 4403 1224 4453 aliud
1275 4415 1426 4455 natus
1502 4411 1600 4455 est.
1653 4403 1899 4462 Putasne,
1969 4398 2110 4465 quod
2157 4399 2258 4450 ista

736 4492 932 4544 ficiens
961 4504 1110 4556 asque
1148 4489 1344 4553 poteris
1375 4489 1668 4550 comedere,
1704 4503 1850 4555 aeque
1882 4487 2077 4549 bibere,
2112 4501 2260 4551 teque

738 4579 1017 4648 indignari,
1050 4585 1102 4630 et
1151 4591 1296 4644 reque
1347 4591 1616 4628 morosum
1663 4586 1712 4628 te
1739 4575 2004 4641 prazbere?
2034 4575 2261 4640 Vigilare

739 4678 962 4737 oportet,
988 4668 1247 4727 laborare,
1276 4679 1304 4717 e
1333 4663 1636 4716 domesticis
1665 4662 1964 4724 abscedere,
1993 4675 2020 4711 a
2045 4660 2261 4726 puerulo

740 4758 1018 4813 contemni.
1048 4759 1114 4808 ab
1141 4754 1386 4808 omnibus
1415 4752 1588 4812 illudi,
1614 4750 1664 4802 in
1689 4749 1935 4803 omnibus
1963 4746 2260 4800 inferiorem

741 4860 874 4907 esse,
910 4847 961 4896 in
1003 4845 1223 4908 honore,
1257 4844 1309 4896 in
1343 4844 1593 4910 primatu,
1636 4841 1686 4892 in
1721 4838 1942 4906 judicio,
1973 4837 2100 4889 etin
2133 4849 2263 4901 qua-

743 4935 866 4986 libet
900 4932 1115 4983 minima
1147 4946 1218 4984 re.
1255 4932 1361 4983 Ista
1391 4930 1672 4998 perpende,
1725 4929 1767 4981 si
1825 4925 1956 4978 velis
1989 4937 2084 4991 pro
2122 4923 2264 4973 hisee

742 5021 984 5073 munibus
1027 5028 1349 5070 commutare
1390 5018 1864 5086 impassibilitatem
1890 5054 1903 5077 ,
1944 5013 2262 5070 libertatem,

743 5105 1317 5174 imperturbabilitatem
1343 5122 1357 5166 ;
1385 5107 1467 5168 sin
1504 5105 1699 5167 minus,
1733 5119 1799 5156 ne
1828 5100 2076 5162 accedas;
2105 5113 2169 5150 ne
2191 5097 2263 5148 uti

746 5195 975 5259 pueruli,
1031 5209 1170 5246 nunc
1241 5191 1618 5260 philosophus,
1671 5191 1858 5244 deinde
1922 5189 2262 5256 publicanus,

746 5294 922 5347 postea
954 5273 1151 5346 rhetor,
1183 5281 1372 5334 deinde
1399 5278 1622 5331 Cmsaris
1653 5287 1982 5346 procurator.
2029 5277 2131 5329 Ista
2183 5289 2268 5340 ge-

751 5385 869 5421 nera
900 5387 1001 5422 non
1037 5379 1350 5424 consonant.
1383 5368 1515 5420 Cum
1554 5381 1690 5417 unus
1725 5367 1798 5419 sis
1831 5369 2008 5428 homo,
2042 5374 2265 5431 Oportet,

754 5469 807 5507 ut
833 5456 906 5508 sis
946 5457 1130 5518 bonus,
1166 5464 1264 5508 aut
1299 5455 1467 5506 malus
1495 5470 1508 5505 :
1539 5461 1590 5503 tu
1619 5452 1774 5503 debes
1804 5461 1894 5503 aut
1921 5453 2264 5516 principatum

754 5541 918 5593 animi
941 5534 1188 5607 perlicere
1233 5542 1341 5594 suis
1378 5541 1542 5607 ipsius
1584 5539 1801 5601 viribus,
1837 5547 1925 5590 aut
1974 5539 2266 5598 exteriora;

2362 4396 2658 4464 κατάμαθε,
2689 4393 2842 4452 ἄλλος
2887 4391 2992 4458 γὰρ
3018 4387 3150 4454 πρὸς
3174 4385 3299 4438 ἄλλο
3335 4381 3558 4446 πέφυκε.
3589 4379 3767 4438 Δοκεῖς
3795 4377 3863 4424 ὅτι

2359 4463 2523 4536 ταῦτα
2578 4481 2742 4533 ποιῶν
2786 4479 3040 4537 ὡσαύτως
3085 4476 3303 4527 δύνασαι
3358 4469 3572 4526 ἐσθίειν,
3624 4463 3864 4521 ὡσαύτως

2359 4571 2548 4629 πίνειν,
2604 4564 2858 4624 ὡσαύτως
2902 4561 3227 4629 ὀργίζεσθαι,
3259 4556 3452 4621 ὁμοίως
3503 4550 3861 4618 δυσαρεστείνς

2373 4651 2736 4719 Ἀγρυπνῆσαι
2779 4650 2874 4709 δεῖ,
2932 4646 3177 4714 πονῆσαι,
3233 4644 3340 4696 ἀπὸ
3387 4641 3494 4694 τῶν
3523 4640 3732 4691 οἰκείων
3774 4641 3862 4689 ἀπ·

2361 4739 2551 4801 ελθεῖν,
2611 4737 2713 4786 ὑπὸ
2764 4733 3038 4802 παιδαρίου
3093 4725 3573 4795 καταφρονηθῆναι,
3626 4723 3727 4776 ὑπὸ
3763 4721 3864 4772 ’τῶν

2363 4827 2608 4878 ἁπάντων
2631 4821 3107 4885 καταγελασθῆναι,
3133 4819 3186 4866 ὲν
3210 4813 3367 4866 παντὶ
3391 4809 3547 4882 ἦττον
3570 4811 3708 4880 ἔχειν
3727 4811 3780 4860 ὲν
3801 4823 3863 4858 τι·

2364 4916 2458 4982 μῇ,
2490 4914 2545 4961 ἐν
2568 4911 2727 4976 ἀρχῇ,
2755 4908 2808 4956 ἐν
2837 4905 2977 4974 δεκῃ,
3010 4901 3330 4972 πραγματίῳ
3359 4900 3536 4951 παντί,
3560 4899 3741 4951 Ταῦτα
3761 4893 3864 4947 ἐπί-

2364 5002 2573 5068 σκεψαι,
2608 5001 2654 5049 ει
2702 4995 2868 5054 θέλεις
2908 4989 3449 5053 ἀντικαταλλάξασθαι
3494 4988 3693 5040 τούτων
3739 4986 3864 5037 ἀπά-

2363 5089 2530 5150 θειαν,
2553 5084 2880 5152 ἐλευθερίαν,
2910 5079 3216 5149 ἀταραξίαν.
3238 5081 3298 5130 Εἰ
3325 5079 3379 5129 δὲ
3406 5077 3498 5144 μὴ,
3521 5075 3594 5143 μὴ
3621 5074 3862 5139 πρόσαγε,

2367 5178 2438 5245 μὴ
2477 5177 2549 5237 ὡς
2582 5175 2646 5225 τὰ
2678 5170 2862 5222 παιδία
2878 5187 2892 5234 f
2929 5169 3020 5218 νῦν
3052 5167 3350 5234 φιλόσοφος,
3387 5163 3606 5230 ὓστερον
3636 5160 3691 5210 δὲ
3717 5157 3864 5208 τελώο

2363 5284 2477 5334 νης,
2531 5261 2646 5316 εἶτα
2689 5263 2884 5328 ῥήτωρ,
2931 5255 3044 5308 εἶτα
3096 5257 3376 5322 ἐπίτροπος
3421 5253 3708 5315 Καίσαρος.
3749 5245 3865 5306 Γένη

2365 5356 2528 5406 ταῦτα
2553 5355 2609 5404 οὐ
2637 5351 2927 5418 συμφωνεῖ.
2956 5348 3087 5396 Ἕνα
3110 5360 3166 5394 σε
3187 5343 3265 5392 δεῖ
3289 5341 3561 5408 ἄνθρωπον
3588 5340 3733 5396 ὄντα,
3755 5337 3867 5398 ἁγα-

2367 5444 2470 5494 Οὸν.
2500 5443 2529 5507 ἢ
2562 5441 2721 5491 κακλιν
2747 5437 2903 5494 εἶναι,
2926 5433 2957 5500 ἦ
2982 5434 3038 5481 τὸ
3069 5429 3380 5497 ἡγεμονικόν
3411 5444 3469 5477 σε
3494 5426 3570 5476 δεῖ
3591 5421 3864 5490 ¹ἐξεργάζε-

2367 5533 2483 5583 σθαι
2520 5532 2623 5588 τοῖς
2654 5525 2829 5584 αὒτοῦ,
2869 5523 2898 5590 ἣ
2933 5523 2996 5573 τὶ
3026 5519 3249 5585 ἐκτὸς,ἣ
3289 5516 3408 5584 περὶ
3440 5514 3503 5564 τὰ
3536 5513 3641 5563 ἔσω
3678 5510 3864 5577 (pilo-.9
