4058 6350
109 357 216 418 Ηυι

1308 367 1638 424 ΕΡΙΕΤΕΤΙ
1683 369 1834 428 MAN
1845 371 2052 430 UALE.

3119 369 3239 431 I305

106 469 256 532 χνεῖν,
289 466 319 533 ἢ
359 466 478 532 περὶ
511 464 574 516 τὰ
603 463 724 526 ἔξω,
752 467 1039 529 τουτέστιν,
1090 468 1119 534 ἦ
1155 467 1432 535 φιλοσόφου
1473 471 1620 534 τάξιν

1733 475 1800 526 rel
1842 476 2177 537 interiorum,
2214 475 2294 528 vel
2340 475 2661 536 exteriorum
2704 474 2880 528 studio
2920 491 3137 538 vacaue;
3171 480 3242 527 vel

106 555 327 619 ἐπέχειν,
358 552 388 618 ἢ
423 551 648 602 ἰδιώτου.

660 663 901 714 ΚΕΦΛΑ.
942 664 981 714 Λ
989 662 1057 714 Ζ’.

166 770 240 818 Τὰ
289 771 585 837 καθήκοντα
626 771 701 830 ὡς
737 773 934 822 ἐπίπαν
975 777 1087 834 ταῖς
1131 776 1338 841 σχέσεσι
1374 796 1621 844 παραμε-

106 864 317 923 τρείται.
369 861 552 927 Πατὴρ
602 862 762 921 ἐστιν,
807 862 1194 929 ὑπαγορεύεται
1236 868 1618 933 ἐπιμελεῖσθαι,

108 951 440 1016 παραχωρεῖν
462 949 727 1009 ἁπάντων,
752 950 1029 1017 ἀνέχεσθαι
1051 951 1419 1021 λοιδοροῦντος,
1446 956 1623 1007 παίον-

107 1053 203 1096 τος.
240 1038 394 1088 Ἀλλὰ
425 1039 587 1098 κακὸς
613 1040 639 1088 ὁ
672 1041 848 1107 πατήρ
871 1042 1010 1092 ἐστι·
1045 1043 1114 1109 μή
1149 1061 1197 1093 τι
1229 1043 1316 1094 οὖν
1341 1048 1471 1111 πρὸς
1499 1046 1624 1111 ἀγα-

107 1127 189 1176 θὸν
218 1128 426 1195 πατέρα
461 1127 615 1193 φύσει
640 1127 916 1196 ᾠκειώθης
936 1146 949 1193 ;
973 1131 1105 1181 ἀλλὰ
1140 1132 1272 1199 πρὸς
1300 1135 1522 1200 πατέρα.
1567 1136 1622 1188 Ὀ

109 1214 316 1279 ἁδελφὸς
345 1215 554 1265 ἀδικεῖ·
581 1216 732 1284 τήρει
769 1217 1048 1283 τοιγαροῦν
1077 1217 1171 1286 τὴν
1203 1218 1348 1280 τάξιν
1375 1220 1467 1287 τὴν
1500 1238 1622 1272 σαυ-

109 1301 189 1352 τοῦ
250 1302 380 1368 πρὸς
427 1303 613 1353 αὐτόν·
665 1302 792 1370 μηδὲ
825 1304 1010 1354 σκόπει
1048 1306 1105 1356 τὸ
1139 1306 1190 1356 τί
1236 1308 1434 1368 ἐκεῖνος
1465 1311 1619 1370 ποιεῖ,

108 1378 232 1437 ἀλλὰ
260 1388 309 1438 τί
331 1404 410 1439 σοι
435 1389 712 1455 ποιήσαντι
736 1389 873 1439 κατὰ
902 1392 1060 1454 φύσιν
1089 1391 1194 1453 ἕξει
1223 1393 1252 1459 ἡ
1287 1391 1349 1461 σὴ
1374 1394 1622 1462 προαίρε-

112 1491 201 1534 σις.
233 1476 296 1526 Σὲ
323 1475 426 1544 γὰρ
467 1476 622 1538 ἄλλος
663 1477 722 1527 οὺ
775 1477 960 1544 βλάψει
1005 1482 1051 1530 ει
1087 1481 1155 1548 μὴ
1185 1480 1351 1542 θέλεις
1376 1498 1388 1510 ⁸
1418 1483 1534 1534 τότε
1565 1484 1619 1535 δὲ

108 1564 196 1631 ἔσῃ
223 1563 601 1631 βεϐλαμμένος,
625 1565 749 1616 ὅταν
774 1565 1043 1634 ὑπολάϐῃς
1076 1567 1413 1634 βλάπτεσθαι·
1454 1570 1619 1632 οὕτως

107 1647 192 1699 οὖν
235 1652 462 1703 ἀπὸτοῦ
508 1653 746 1716 ,πολὶτου,
791 1655 895 1704 ἀπὸ
940 1654 1032 1706 τοῦ
1075 1657 1325 1722 γείτονος,
1366 1659 1470 1710 ἀπὸ
1528 1659 1617 1710 τοῦ

1726 564 1931 615 tandem
1965 563 2262 631 pliil050plii
2292 563 2463 615 locum
2499 574 2695 624 tenere,
2723 564 2803 614 vel
2843 561 3032 615 idiotze.

2126 673 2280 742 352
2321 671 2545 725 CAPUT
2587 671 2834 723 xxxvu.

1789 778 1971 833 Oflicia
2002 791 2499 834 commensurantur
2533 791 2587 834 ut
2619 781 2903 849 plurimum
2954 782 3123 832 habita
3163 799 3248 832 ta-

1724 868 1862 919 tione
1908 870 2227 920 naturalium
2268 872 2678 938 congruitatum.
2717 869 2869 932 Pater
2899 879 3006 928 cst;
3042 870 3244 921 suudrt.

1725 962 1779 1007 ut
1817 955 1930 1020 ejus
1970 966 2182 1022 geratur
2213 972 2358 1021 cura,
2404 966 2459 1009 ut
2501 958 2598 1024 ipsi
2633 958 2846 1010 cedatur
2885 957 2934 1007 iu
2984 958 3242 1013 omnibus,

1725 1051 1883 1108 utque
1927 1043 2193 1103 toleretur,
2232 1044 2274 1096 si
2330 1042 2625 1111 objurgarit
2678 1059 2739 1096 ac
2793 1042 3094 1094 verberarit.
3146 1041 3243 1094 Sed

1722 1137 1872 1193 pater
1913 1129 2081 1181 malus
2104 1139 2182 1182 est
2215 1149 2226 1183 :
2261 1132 2494 1198 nunquid
2521 1130 2682 1197 igitur
2714 1132 2851 1185 bono
2903 1132 3034 1199 patri
3060 1133 3242 1198 adjun-

1723 1225 1838 1266 ctus
1866 1231 1922 1268 cs
1961 1231 1989 1268 a
2019 1219 2240 1270 natura?
2279 1233 2403 1280 non,
2451 1219 2538 1272 sed
2591 1219 2743 1285 patri.
2791 1219 2970 1271 Frater
3003 1220 3243 1285 injuriam

1723 1302 1882 1354 infert
1913 1321 1924 1355 :
1960 1315 2012 1355 tu
2049 1306 2225 1372 itaque
2254 1307 2472 1358 observa
2505 1314 2652 1357 tuum
2683 1321 2806 1371 erga
2837 1308 3005 1372 ip~um
3035 1309 3244 1357 modum

1721 1397 1923 1447 ratione
1967 1405 2332 1462 temperatum,
2376 1411 2545 1463 neque
2589 1395 2824 1447 attendas
2878 1397 2947 1458 id,
2999 1395 3133 1462 quod
3169 1396 3249 1445 ille

1721 1485 1847 1551 agit,
1896 1485 1983 1537 sed
2031 1485 2157 1552 quid
2211 1499 2306 1552 pro
2337 1493 2384 1537 te
2433 1493 2580 1536 tuum
2637 1484 2857 1550 requirit
2906 1485 3247 1550 propositum,

1721 1573 1846 1625 dum
1868 1587 1949 1634 ea,
1978 1589 2094 1640 quae
2119 1582 2319 1625 natura:
2335 1581 2635 1640 congruunt
2660 1573 2911 1626 ('Ifeceris.
2940 1573 3010 1624 Te
3029 1589 3250 1638 namque..-

1720 1663 1855 1714 alius
1887 1661 2101 1714 minime
2126 1662 2296 1724 laedet,
2328 1660 2428 1713 nisi
2472 1662 2728 1723 volueris;
2774 1669 2898 1712 tunc
2928 1661 3065 1712 enim
3101 1661 3252 1711 laesus

113 1736 405 1803 στρατηγοῦ
429 1738 497 1787 ¹τὸ
539 1738 770 1804 καοῆγον
818 1737 1142 1807 ἐξευρήσεις,
1173 1739 1235 1791 ἂν
1275 1741 1368 1801 τὰς
1415 1741 1620 1809 σχέσεις

1733 1749 1848 1807 eris,
1889 1748 2100 1815 quando
2143 1748 2526 1800 existimaveris
2571 1756 2620 1799 te
2658 1748 2769 1799 laedi
2810 1767 2820 1799 :
2853 1749 2928 1799 sic
2977 1747 3134 1814 igitur
3161 1746 3253 1796 ad-

112 1823 255 1894 ὲθξζῃ
275 1825 512 1894 θεωρεῖν.

671 2101 911 2152 ΚΕΦΑΛ.
942 2100 1067 2152 AII'.

177 2207 285 2273 Τῆς
321 2210 443 2276 περὶ
472 2209 597 2260 Θεὸν
623 2209 914 2271 εὐσεϐείας,
950 2210 1055 2262 ῐσθι
1085 2213 1162 2262 ὅτι
1198 2214 1255 2262 τὸ
1302 2211 1629 2280 κυριώτατον

114 2295 277 2345 ἐκεῖνό
321 2299 463 2347 ἐστιν
493 2296 654 2364 ὀρθὰς
692 2297 972 2372 ὑπολήψεις
1006 2301 1129 2367 περὶ
1171 2299 1326 2351 αὑτοῦ
1372 2300 1511 2366 ἐχειν
1557 2301 1630 2361 ὼς

113 2383 292 2446 αὐτοῦ,
326 2384 419 2436 καὶ
459 2384 774 2445 διοικοῦντος
812 2386 905 2436 ὅλα
936 2386 1112 2448 καλῶς
1147 2389 1238 2439 καὶ
1269 2388 1506 2450 δικαίως,
1541 2390 1632 2440 καὶ

114 2470 264 2522 αὑτὸν
281 2473 357 2533 el;
370 2471 525 2525 τοῦτο
547 2476 962 2542 κατατεταχέναι
986 2477 1063 2533 εις
1084 2477 1142 2526 τὸ
1171 2476 1442 2527 πείθεσθαι
1465 2476 1629 2545 αὐτῷ,

115 2557 200 2607 καὶ
247 2559 466 2609 ἕπεσθαι
517 2560 608 2610 καὶ
650 2559 822 2613 ἐἴκειν
862 2564 994 2612 πᾶσι
1032 2565 1142 2622 τοῖς
1185 2563 1502 2629 γινομένοις,
1543 2566 1634 2616 καὶ

114 2646 412 2698 ἀκολουθεῖν
448 2647 634 2698 ἑκόντα
665 2648 736 2708 ὡς
767 2649 855 2698 ἐπὶ
888 2649 986 2712 τῆς
1014 2649 1234 2715 ἀρίστης
1263 2649 1482 2716 γνώμης
1516 2652 1634 2702 ὲπι-

115 2734 442 2800 τελουμένοις
467 2751 478 2764 ·
509 2735 647 2785 οὕτω
672 2736 775 2802 γὰρ
807 2734 926 2786 οὔτε
970 2737 1154 2804 μέμψῃ
1188 2737 1276 2786 τὸν
1307 2737 1434 2788 Θεόν
1483 2755 1631 2802 ποτε,

1733 1835 1984 1897 invenies,
2009 1834 2147 1900 quod
2181 1833 2400 1886 debetur
2441 1834 2673 1886 oflicium
2727 1849 2754 1884 a
2789 1834 2919 1892 cive,
2950 1848 2976 1884 a
3006 1833 3194 1892 vicino,
3227 1849 3252 1880 τι

1731 1921 1862 1972 duce
1911 1919 2157 1982 militari,
2203 1920 2244 1972 si
2293 1919 2561 1971 naturales
2612 1921 2964 1986 congruitates
3005 1917 3254 1969 assuetias

1732 2007 2068 2074 perpendere.

2221 2109 2441 2163 CAPUT
2491 2108 2765 2162 XXXVIII.

1800 2222 1949 2274 Circa
1979 2221 2226 2288 pietatem
2261 2235 2380 2287 erga
2416 2219 2602 2282 Deum,
2649 2222 2806 2282 scias,
2846 2221 2984 2286 quod
3033 2221 3254 2272 maxime

1733 2313 2049 2379 pracipuum
2101 2311 2225 2363 illud
2263 2320 2364 2371 est,
2417 2320 2557 2362 recte
2591 2309 2839 2361 nimirum
2888 2310 2952 2360 de
3000 2309 3112 2376 ipso
3142 2324 3258 2362 sen-

1735 2401 1863 2463 tire,
1895 2409 1950 2452 ut
1986 2399 2098 2467 ipse
2124 2408 2220 2461 est,
2253 2409 2412 2465 utque
2447 2397 2601 2459 bene,
2634 2410 2697 2448 ac
2721 2398 2864 2463 juste
2895 2397 3135 2447 universa
3165 2410 3257 2461 gu-

1735 2489 1951 2552 bernat;
2006 2503 2168 2555 seque
2223 2487 2395 2554 ipsum
2439 2488 2488 2538 in
2541 2501 2604 2539 eo
2643 2473 2938 2550 subjicere,
2991 2497 3173 2547 nempe
3207 2482 3257 2531 in

1735 2578 2027 2630 obediendo
2062 2577 2167 2640 illi,
2200 2589 2427 2641 eumque
2452 2572 2739 2638 sequendo,
2788 2586 2849 2622 ac
2875 2570 3116 2623 omnibus
3146 2582 3259 2633 qua:

1736 2666 2047 2731 contingunt
2103 2663 2358 2721 cedendo,
2410 2669 2477 2728 et_
2510 2660 2731 2710 libenter
2780 2656 3047 2719 sectando,
3094 2670 3154 2707 ac
3217 2656 3258 2706 si

1735 2752 1930 2818 optima
1990 2765 2108 2803 eum
2157 2749 2531 2802 deliberatione
2584 2745 2968 2814 perficiantur:
3017 2745 3090 2796 sic
3122 2743 3258 2795 enim

115 2823 229 2872 οὔτε
274 2824 582 2887 ὲγκαλέσεις
625 2823 698 2883 ὡς
743 2825 1132 2892 ἀμελούμενος·
1180 2826 1344 2888 ἄλλως
1385 2827 1438 2879 δὲ
1483 2828 1633 2882 τοῦτο

1735 2855 1905 2908 neque
1933 2828 1996 2892 de
2025 2838 2132 2892 Deo
2163 2837 2503 2904 conquereris
2535 2850 2765 2903 unquam
2792 2875 2804 2897 ,
2832 2849 2928 2886 nec
2965 2847 3081 2884 eum
3119 2832 3263 2882 incu-

115 2912 205 2979 οὐχ
227 2906 333 2962 οἷόν
351 2929 406 2963 τε
437 2914 527 2964 ἐὰν
559 2915 631 2981 μὴ
659 2915 897 2983 ἀποστῇς
922 2915 1026 2966 τῶν
1048 2916 1143 2966 οὐκ
1176 2916 1258 2981 ἐφ’
1283 2918 1428 2984 ἡμῖν,
1459 2917 1548 2968 καδ⁸
1579 2919 1634 2968 ὲν

114 3003 219 3060 τοῖς
269 3000 352 3067 ἐφ’
385 3003 513 3068 ἡμῖν
548 3003 724 3069 μόνοις
753 3003 847 3071 θῇς
879 3004 938 3055 τὸ
977 3004 1196 3070 ἀγαθὸν,
1238 3004 1330 3054 καλ⁹
1351 3004 1410 3056 τὸ
1441 3007 1632 3058 κακόν·

115 3088 253 3140 ὠσάν
281 3089 464 3161 [ὡτὰν]
489 3093 548 3158 γέ
573 3109 621 3143 τι
652 3094 870 3145 ἐκείνων
897 3093 1173 3146 ὑπολαϐὼν
1191 3096 1406 3160 ἀγαθὸν,
1423 3096 1453 3164 ἥ
1472 3097 1636 3149 κακὸν

119 3179 260 3229 πᾶσα
309 3179 536 3248 ἀνάγκη,
583 3181 707 3232 ὅταν
758 3183 1162 3251 ἀποτυγχάνεις,
1208 3177 1280 3235 ὧν
1336 3184 1505 3246 Θέλεις
1546 3185 1636 3236 καὶ

119 3272 459 3340 περιπίπτεις
494 3269 572 3330 οἷς
601 3274 694 3324 οὐκ
725 3273 924 3335 ἐθέλεις
952 3275 1257 3344 μέμφεσθαί
1295 3293 1373 3339 σε,
1413 3279 1518 3329 καὶ-
1550 3295 1637 3344 μι-

118 3364 222 3411 σεῖν
264 3362 386 3422 τοὺς
435 3362 652 3423 αἰτίους.
704 3364 914 3429 Πέφυκε
943 3362 1049 3432 γὰρ
1094 3363 1227 3427 πρὸς
1269 3365 1372 3415 πᾶν
1411 3364 1543 3425 ζῶον
1570 3364 1636 3415 τὰ

120 3449 208 3514 μὲν
229 3445 798 3520 βλαϐεραφαινὸμενα,
824 3451 914 3502 καὶ
938 3449 1083 3501 αἴτια
1111 3449 1255 3516 αὑτῷ
1284 3450 1520 3516 φεύγειν,
1545 3451 1636 3502 καὶ

116 3539 483 3607 ἐκτρέπεσθαι,
531 3539 597 3591 τὰ
647 3540 704 3590 δὲ
750 3539 1015 3605 ὠφέλιμα,
1062 3539 1153 3590 καὶ
1207 3538 1272 3589 τὰ
1309 3540 1451 3591 αἴτια
1493 3539 1636 3607 αὐτῷ

120 3622 372 3688 μετιέναι,
405 3628 493 3677 καὶ
521 3626 935 3694 τεθαυμακέναι.
970 3627 1268 3695 Ἀμήχανον
1295 3623 1383 3678 οῦν
1422 3625 1639 3694 βλάπτε-

118 3714 234 3765 σθαί
257 3730 373 3765 τινα
396 3714 633 3781 οἰόμενον
657 3715 863 3782 χαῖρειν
889 3713 961 3781 τῷ
985 3713 1225 3765 δοκοῦντι
1255 3713 1525 3780 βλάπτειν,
1543 3713 1639 3764 ὦσ-

116 3818 213 3869 περ
243 3804 335 3853 καὶ
363 3802 422 3853 τὸ
448 3803 579 3870 αὐτῇ
611 3804 674 3870 τῇ
709 3801 876 3871 βλάόῃ
905 3801 1110 3867 χαίρειν
1142 3799 1414 3850 ἀδύνατον.
1452 3798 1638 3848 Ἔνθεν

115 3893 203 3942 καὶ
234 3892 412 3960 πατὴρ
455 3891 555 3941 ὑπὸ
596 3889 685 3941 τοῦ
721 3889 832 3941 υἱοῦ
879 3889 1212 3954 λοιδορεῖται,
1251 3887 1375 3937 ὅταν
1420 3886 1526 3937 τῶν
1555 3884 1638 3936 δο-

117 3979 347 4029 κούντων
394 3978 608 4044 ἀγαθῶν
653 3974 786 4028 εἴναι
825 3976 900 4043 τῷ
927 3976 1074 4027 παιδὶ
1113 3977 1183 4042 μὴ
1221 3974 1477 4043 μεταδιδῷ
1502 3988 1514 4001 ·
1548 3972 1638 4025 καί

116 4084 222 4118 τισι
265 4066 370 4117 τῶν
407 4069 652 4134 ἀφρόνων
695 4065 852 4116 τοῦτο
881 4065 1098 4132 ἐποίησε
1121 4065 1180 4116 τὸ
1214 4065 1410 4131 ἀγαθὸν
1437 4063 1638 4116 οἴεσθαι

117 4155 209 4223 τὴν
251 4126 547 4219 τυραννίδα.
589 4154 681 4204 Διὰ
715 4154 867 4205 τοῦτο
905 4154 994 4204 καὶ
1025 4126 1271 4221 γεωργὸς
1297 4153 1520 4220 λοιδορεῖ
1552 4152 1641 4204 τὸν
1673 4126 1715 4184 D

119 4240 246 4290 Θεό-θ
271 4254 282 4267 ·
314 4239 397 4290 διὰ
432 4239 642 4291 τοῦτοιὸ
670 4242 884 4306 ναύτης,
907 4240 993 4290 διὰ
1028 4239 1181 4295 τοῦτο
1209 4242 1234 4290 ὁ
1266 4239 1518 4308 ἔμπορος,
1552 4240 1641 4290 ἐπὶ

118 4328 290 4395 τούτῳ
318 4327 366 4378 οἱ
396 4328 492 4388 τὰς
527 4319 782 4392 γυναῖκας
818 4325 1155 4385 ἀπολύοντες,
1207 4327 1297 4375 καὶ
1352 4326 1417 4376 τὰ
1457 4313 1638 4376 τέκνα.

123 4420 292 4469 Ὅπου
323 4416 425 4485 γὰρ
463 4417 521 4467 τὸ
550 4417 841 4485 συμφέρον,
870 4419 983 4467 ἐκεῖ
1009 4416 1099 4466 καὶ
1131 4415 1190 4465 τὸ
1228 4414 1469 4476 εὐσεϐὲς,
1505 4413 1641 4464 ὥστε

119 4510 265 4568 ὅστις
305 4507 395 4557 τοῦ
437 4505 716 4574 ὀρέγεσθαι
747 4504 1077 4571 ἐπιμελεῖται
1114 4497 1185 4554 ὧν
1218 4503 1295 4553 δεῖ
1332 4503 1422 4554 καὶ
1463 4501 1642 4553 ἐκκλί-

119 4613 254 4658 νειν,
283 4598 338 4646 ὲν
357 4595 527 4662 τούτῳ
579 4594 670 4646 καὶ
697 4593 969 4654 εὐσεϐείας
997 4592 1344 4660 ἐπιμελεῖται.
1382 4592 1645 4659 Προσήκει

121 4685 262 4736 κατὰ
305 4685 553 4754 ἀλήθειαν
607 4682 866 4736 ἅπτεσθαι
911 4681 1090 4752 ἔργου,
1145 4682 1410 4750 καθαρῶς,
1456 4681 1546 4731 καὶ
1576 4679 1649 4748 μὴ

122 4773 574 4840 ὲπισεσυρμένως,
617 4773 746 4842 μηδὲ
791 4770 1022 4840 ἀμελῶς,
1058 4770 1189 4851 μηδέ
1220 4787 1280 4837 γε
1327 4771 1642 4838 αἰσχροκερ-

123 4861 251 4921 δῶς,
284 4861 412 4926 μηδὲ
443 4862 579 4928 ὑπὲρ
608 4861 853 4931 δύναμιν.

1735 2931 1909 2994 subis,
1956 2930 2032 2983 uti
2086 2929 2153 2982 ab
2200 2930 2383 2982 eodem
2439 2928 2711 2996 neglectus
2748 2941 2759 2975 :
2795 2924 2944 2976 aliter
2991 2934 3114 2973 vero
3165 2919 3265 2969 hoc

1736 3023 1986 3092 possibile
2041 3036 2148 3074 non
2191 3031 2306 3083 est,
2359 3018 2778 3072 nisi‘abstineas
2817 3016 2880 3066 iis
2922 3028 3038 3080 quae
3080 3025 3180 3061 non
3212 3009 3261 3058 iu

1736 3114 1891 3166 nobis
1917 3120 2064 3175 sunt,
2095 3111 2497 3175 constituasquc
2528 3108 2723 3160 bonum
2746 3111 2798 3158 et
2827 3103 3021 3155 malum
3053 3101 3100 3150 in
3125 3098 3264 3149 lusere

1735 3203 1907 3255 solum
1957 3215 2075 3267 quae
2117 3206 2240 3251 sunt
2279 3198 2332 3248 in
2372 3196 2526 3248 nobis
2559 3213 2571 3248 :
2599 3193 2736 3261 quod
2780 3191 2822 3242 si
2881 3189 3003 3256 quid
3058 3188 3261 3238 illorum

1737 3288 1999 3357 putaveris
2044 3286 2265 3348 bonum,
2316 3290 2408 3335 aut
2441 3282 2678 3340 malum,
2733 3290 3007 3329 necessum
3057 3271 3264 3356 penitus

1733 3376 1852 3434 erit,
1892 3372 2103 3438 quando
2132 3369 2390 3422 excideris
2424 3369 2490 3419 ab
2528 3367 2608 3418 bis
2641 3379 2757 3432 qua:
2799 3360 3050 3419 volueris,
3095 3357 3261 3411 autin

1736 3476 1797 3513 ea
1816 3474 1930 3527 qua:
1959 3457 2114 3527 343
2149 3457 2400 3520 nolueris,
2431 3455 2698 3516 incideris,
2729 3460 2786 3504 ut
2810 3451 2874 3502 de
2895 3451 2957 3502 iis
2979 3461 3266 3514 conquera-

1735 3550 1829 3613 ris,
1867 3547 1956 3616 qui
2004 3555 2246 3612 auctores
2294 3544 2458 3607 fuere,
2497 3556 2696 3610 eosque
2726 3540 2846 3593 odio
2874 3538 3085 3590 habeas.
3118 3535 3267 3584 luna-

1737 3647 1846 3689 tum
1870 3643 1951 3686 est
1987 3633 2179 3699 quippe
2203 3631 2348 3682 omni
2378 3628 2653 3690 anim’anti,
2685 3633 2743 3679 ut
2784 3640 2866 3685 ea,
2895 3638 3008 3690 qua:
3030 3621 3263 3673 nocitura

1707 3724 1978 3774 ‘vldentur
2029 3730 2319 3782 eorumque
2367 3728 2557 3766 causas
2611 3713 2799 3772 evitet,
2850 3725 2911 3762 ac
2969 3717 3264 3765 aversetur,

1737 3804 1884 3856 utilia
1920 3814 2063 3862 vero,
2107 3809 2396 3863 eorumque
2426 3808 2617 3847 causas
2645 3790 2858 3859 assequi
2886 3791 3185 3851 contendat,
3215 3799 3266 3840 et

1735 3887 2042 3941 admiretur.
2096 3882 2187 3936 Est
2239 3882 2400 3950 igitur
2455 3877 2818 3946 impossibile,
2873 3876 3015 3942 quod
3071 3873 3261 3939 aliquis

1739 3978 1955 4032 laedatur
1984 3991 2011 4027 a
2041 3989 2113 4037 re,
2143 3987 2259 4043 quae
2287 3970 2509 4030 videtur,
2541 3966 2680 4034 quod
2707 3965 2866 4026 laadit,
2894 3964 2938 4015 si
2965 3963 3076 4030 ipse
3098 3970 3262 4028 putat,

1742 4065 1879 4133 quod
1907 4061 2165 4127 lzetiiicat;
2208 4060 2344 4113 sicut
2374 4056 2533 4110 etiam
2560 4052 2667 4106 Iieri
2697 4067 2801 4104 non
2832 4057 3022 4118 potest,
3052 4056 3108 4099 ut
3138 4047 3265 4097 lmti-
3301 4099 3314 4112 ι

1744 4155 1927 4207 ﬁcelur
1971 4152 2037 4204 ab
2087 4163 2172 4210 eo,
2200 4147 2340 4215 quod
2381 4145 2538 4197 laedit.
2577 4142 2710 4195 Hinc
2741 4140 2895 4192 etiam
2927 4145 3071 4205 pater
3099 4149 3128 4186 a
3159 4133 3264 4184 filio

1743 4240 2062 4295 contumelia
2104 4237 2353 4296 afﬁcitur,
2381 4233 2590 4302 quando
2629 4244 2689 4283 ea
2719 4242 2835 4296 qum
2863 4227 3000 4279 bona
3027 4224 3266 4276 videntur

1743 4327 1868 4389 tilio,
1903 4341 2008 4379 non
2033 4324 2129 4391 ipsi
2157 4322 2488 4390 impertiatur
2518 4338 2530 4371 :
2563 4318 2804 4372 similiter
2826 4311 3138 4381 quibusdam
3167 4309 3266 4359 iiu-

1743 4415 2090 4484 prudentibus
2130 4413 2182 4465 id
2223 4414 2274 4464 in
2327 4423 2490 4464 causa
2535 4407 2654 4470 fuit,
2700 4413 2754 4458 ut
2786 4402 2922 4471 quod
2955 4402 3091 4453 bona
3129 4404 3267 4450 esset

1751 4503 1990 4571 tyrannis
2018 4501 2403 4554 existimarent.
2453 4497 2573 4549 Ideo
2603 4491 2830 4561 agricola
2860 4501 3069 4558 quoque
3104 4487 3264 4537 Deum

1752 4592 1980 4645 convitio
2005 4590 2206 4657 carpit;
2235 4589 2357 4642 ideo
2383 4594 2576 4649 nauta;
2608 4584 2725 4638 ideo
2757 4587 3049 4639 mercator;
3079 4575 3195 4625 ideo
3219 4583 3267 4624 et

1745 4680 1832 4747 qui
1862 4692 2058 4731 uxores
2086 4677 2377 4739 dimittunt,
2413 4690 2474 4728 ac
2514 4673 2672 4724 ﬁlios.
2697 4668 2770 4722 Ita
2818 4675 2875 4720 ut
2906 4668 2972 4725 is,
2998 4662 3079 4739 cui
3110 4673 3266 4726 appe-

1734 4777 1853 4832 tere
1884 4781 2024 4819 curae
2067 4765 2135 4819 sit
2175 4771 2227 4816 et
2271 4763 2535 4815 declinare
2587 4758 2674 4811 illa
2719 4768 2836 4822 quae
2870 4751 3034 4809 decet,
3073 4748 3122 4799 in
3167 4747 3279 4820 hoc.
3340 4813 3342 4816 ι

1744 4855 1900 4908 etiam
1929 4861 2130 4920 satagat
2159 4866 2353 4905 curans
2381 4850 2648 4918 pietatem.
2684 4843 2825 4908 Opus
2870 4838 3028 4908 igitur
3056 4834 3265 4903 aggredi

125 4951 371 5005 convenit
403 4967 545 5014 vere,
608 4969 670 5008 ac
734 4970 885 5022 pure,
950 4968 1046 5005 nec
1078 4951 1443 5018 incomposite,
1479 4961 1646 5014 neque
1673 4948 2016 5018 negligenter,
2068 4958 2237 5011 neque
2281 4940 2546 4994 sordidum
2598 4936 2664 4988 ob
2709 4935 2934 4992 lucrum,
2983 4943 3079 4981 nec
3107 4941 3265 4992 supra

126 5043 292 5094 vires.

691 5132 935 5184 ΚΕΦΑΛ.
967 5133 1088 5186 ΛΘ’.

197 5217 364 5276 Τάξον
399 5217 516 5266 τινὰ
563 5218 730 5277 εῖδους
759 5221 1073 5289 χαρακτῆρα
1113 5221 1308 5288 σαυτῷ,
1337 5218 1427 5268 καὶ
1463 5217 1647 5279 τύπον,

129 5307 187 5354 ὃν
225 5305 468 5370 φυλάξεις
504 5306 592 5356 ἐπί
632 5322 686 5356 τε
727 5307 916 5357 σαυτοῦ
951 5307 1045 5369 ὢν,
1089 5310 1177 5360 καὶ
1221 5306 1516 5374 ἀνθρώποις
1563 5307 1647 5355 ὲν-

132 5393 426 5459 τηγάνων.

710 5484 951 5534 ΚΕΦΑΛ.
989 5483 1076 5536 Μ’.

207 5568 385 5636 Σιωπὴ
411 5569 469 5620 τὸ
497 5568 622 5621 πολὺ
650 5569 800 5635 ἔστω,
825 5571 854 5638 ἤ
884 5570 1229 5623 λαλείσθωτὰ
1253 5570 1536 5636 ἀναγκαῖα,
1564 5569 1650 5621 καὶ

2258 5111 2477 5168 CAPUT
2519 5108 2754 5163 XXXIX.

1820 5212 2095 5265 Constitue
2148 5205 2240 5258 tibi
2287 5205 2383 5271 ipsi
2437 5202 2718 5268 quamdam
2754 5196 2891 5250 modi
2950 5191 3268 5285 formamet

1755 5299 2041 5364 exemplar,
2066 5295 2206 5362 quod
2237 5294 2507 5354 observes,
2547 5303 2654 5344 tum
2695 5284 2904 5354 quando
2943 5290 3110 5333 tecum
3141 5284 3265 5337 eris,

1755 5399 1859 5441 tum
1885 5386 2096 5454 quando
2136 5399 2251 5437 cum
2285 5382 2585 5435 hominibus
2614 5374 2861 5442 loqueris.

2332 5466 2549 5522 CAPUT
2585 5464 2694 5515 XL.

1828 5563 2112 5618 Silentiuuf
2136 5571 2192 5617 ut
2235 5560 2516 5630 plurimum
2549 5554 2646 5618 sit;
2679 5549 2755 5605 vel
2789 5544 3082 5623 necessaria
3107 5541 3272 5598 disse~
3302 5579 3311 5587 .
