4058 6350
753 355 884 428 1303

2148 356 2437 416 SPURIA.

3745 362 3869 427 1304

754 470 959 525 rantur,
992 466 1043 512 et
1064 460 1243 527 paucis
1265 460 1457 520 verbis,
1492 460 1534 513 si
1560 462 1773 528 quando
1804 476 1927 515 vero
1960 465 2265 531 tempestiva
2293 466 2320 517 Α

2366 463 2428 512 δι’
2461 462 2667 528 ὀλίγων,
2701 464 2930 524 σπανίως
2968 463 3022 514 δέ
3054 479 3177 514 ποτε
3216 465 3402 532 καιροῦ
3445 468 3871 534 παρακαλοῦντος

756 543 963 593 occasio
1005 542 1291 605 advocarit,
1325 543 1531 598 raroad
1583 542 1740 611 344
1767 544 2030 599 eﬂandum
2082 561 2267 614 proee-
2328 550 2349 557 ⁴

763 630 969 692 tlmnus,
1002 645 1180 682 verum
1212 644 1318 682 non
1341 631 1405 683 de
1440 630 1542 682 ulla
1574 644 1630 683 re
1662 631 1877 698 vulgari,
1908 647 2010 685 non
2048 635 2113 686 de
2156 636 2266 702 gla-

766 713 1023 773 diatorum
1066 712 1225 776 ludis,
1268 726 1373 764 non
1424 713 1488 764 de
1540 728 1794 780 equorum
1846 717 2265 781 decursionibus,

763 815 867 849 non
895 800 960 851 de
1001 798 1230 860 athletis,
1265 814 1366 851 non
1396 800 1461 851 de
1510 800 1659 862 cibis,
1693 811 1782 855 aut
1829 795 2062 878 potibus,
2098 805 2177 857 vel
2206 805 2270 858 de

764 886 1164 952 quibuscumque
1228 886 1385 938 rebus
1445 885 1662 939 ubilibet
1714 890 1908 955 passim
1975 890 2267 956 enarratis;

762 977 1097 1042 potissimum
1143 990 1269 1029 vero
1310 991 1412 1028 non
1465 979 1528 1030 de
1580 977 1793 1031 homine
1839 979 2269 1049 reprehendente,

766 1066 844 1115 vel
870 1063 1187 1127 dilaudante,
1223 1064 1304 1116 vel
1333 1075 1685 1133 comparante.

1325 1171 1544 1226 CAPUT
1581 1173 1727 1229 XLI.‘

839 1258 892 1307 Si
919 1270 1041 1324 ergo
1058 1258 1289 1324 potueris
1312 1259 1540 1313 transfer
1562 1268 1678 1314 tuos
1700 1276 1991 1324 sermones,
2016 1272 2066 1314 et
2091 1277 2272 1315 eorum

768 1344 854 1412 qui
892 1352 1059 1395 tecum
1096 1354 1246 1407 sunt,
1296 1346 1361 1399 ad
1404 1347 1453 1399 id
1501 1350 1641 1416 quod
1688 1350 1867 1413 decet;
1910 1350 1953 1402 si
1986 1364 2109 1403 vero
2139 1351 2272 1418 apud

768 1440 1027 1484 extranea:
1048 1434 1215 1500 gentis
1245 1434 1485 1487 homines
1520 1435 1679 1489 fueris
1709 1437 2044 1502 interceptus,
2072 1446 2203 1493 tace.

1315 1537 1533 1591 CAPUT
1567 1539 1716 1591 XLII.

837 1625 995 1678 Risus
1015 1640 1080 1677 ne
1106 1625 1301 1678 multus
1351 1626 1437 1689 sit,
1457 1642 1623 1694 neque
1659 1628 1967 1690 dissolutus,
2000 1644 2169 1697 neque
2210 1622 2280 1682 ob

774 1715 955 1770 multa.

1317 1819 1534 1873 CAPUT
1562 1820 1732 1873 XLIII.

840 1905 1209 1972 Jusjurandum
1244 1922 1446 1972 recusa,
1482 1910 1523 1962 si
1551 1917 1696 1976 potes
1727 1910 2037 1976 quidem,ad
2072 1910 2279 1972 omnia;

774 1997 853 2048 sin
884 2009 1054 2057 secus,
1088 2005 1337 2063 quantum
1373 1997 1483 2049 ﬁeri
1515 2007 1700 2062 potest.

1312 2103 1533 2158 CAPUT
1565 2104 1742 2157 XLIV.

846 2187 1037 2259 Epulas
1084 2202 1347 2256 externas,
1398 2207 1449 2247 et
1511 2196 1786 2262 pepulares
1843 2196 2019 2263 rejice,
2077 2197 2187 2259 sed,
2242 2197 2283 2249 si

781 2285 985 2344 tempus
1010 2280 1290 2346 aliquando
1322 2282 1522 2344 tulerit,
1553 2297 1582 2333 a
1625 2291 1673 2334 te
1718 2283 2026 2336 adhibeatur
2069 2284 2286 2337 attentio

782 2380 849 2414 ne
879 2363 1009 2416 forte
1034 2364 1411 2418 subterlaharis
1440 2367 1490 2417 in
1516 2367 1778 2434 vulgarem
1813 2369 2244 2422 consuetudinem
2269 2388 2283 2422 :

784 2449 920 2500 scias
941 2448 1100 2511 enim,
1142 2450 1281 2515 quod
1310 2450 1352 2502 si
1383 2451 1576 2503 sodalis
1614 2451 1682 2504 sit
1729 2453 1979 2519 pollutus,
2014 2466 2285 2505 necessum

782 2543 860 2585 est
904 2550 1023 2587 eum
1075 2536 1163 2602 qui
1215 2551 1335 2589 cum
1388 2538 1477 2589 illo
1524 2550 1863 2593 conversatur
1902 2541 2059 2595 simul
2104 2542 2286 2608 pollui,

785 2623 1020 2689 quamvis
1057 2623 1165 2695 ipse
1187 2639 1350 2692 purus
1385 2625 1664 2679 exstiterit.

1044 2793 1058 2802 ~
1235 2732 1389 2801 355
1424 2734 1646 2789 CAPUT
1690 2735 1845 2789 XLV.
1881 2778 1889 2785 .

854 2815 982 2878 Quae
1001 2817 1236 2883 corporis
1258 2828 1382 2870 sunt
1401 2835 1552 2874 sume
1574 2822 1637 2874 ad
1660 2822 1849 2874 exilem
1882 2831 2084 2875 tantum
2109 2838 2286 2888 usum,

788 2918 832 2972 vi
856 2905 931 2954 lut
958 2904 1201 2957 alimenta
1223 2944 1238 2968 ,
1273 2906 1536 2971 potionem
1562 2946 1575 2971 ,
1620 2909 1889 2973 amictum,
1935 2909 2284 2976 domicilium,

2365 552 2453 600 ἐπὶ
2488 551 2547 600 τὸ
2570 550 2741 615 λέγειν
2776 549 2984 617 ἥξωμεν
3004 565 3017 577 ·
3066 549 3194 600 ἀλλὰ
3242 551 3365 617 περὶ
3399 551 3613 618 μηδενὸς
3653 552 3760 604 τῶν
3788 570 3873 604 τυ-

2366 634 2581 701 χόντων,
2609 636 2679 702 μὴ
2711 636 2835 702 περὶ
2863 635 3216 702 μονομαχιῶν,
3242 636 3313 703 μὴ
3338 638 3461 704 περὶ
3491 620 3894 706 ί·ιί·ιιῖοδρομίων,Δ

2369 723 2441 789 μὴ
2504 722 2628 788 περὶ
2683 722 2940 788 ἀθλητῶν,
3007 722 3079 789 μὴ
3145 722 3455 790 βρωμάτων,
3507 726 3539 794 ἢ
3598 726 3871 793 πομάτων,

2366 810 2398 877 ἢ
2439 810 2541 859 τῶν
2586 810 2876 876 ἑκασταχοῦ
2932 803 3245 877 λεγομένων,
3283 812 3505 879 μάλιστα
3547 814 3602 865 δὲ
3643 816 3715 881 μὴ
3751 814 3875 877 περὶ

2368 896 2642 963 ἄνθρωπον
2670 896 2967 964 ψέγοντα,ῆ
3003 899 3333 963 ἐπαινοῦντα,
3361 899 3393 969 ἢ
3420 902 3781 967 συγκρίνοντα.

2922 1172 3161 1223 usus.
3195 1149 3326 1226 tua:

2451 1259 2571 1310 Ἐὰν
2617 1259 2713 1327 μὲν
2754 1255 2842 1311 οὖν
2886 1253 2994 1320 οἷός
3031 1276 3087 1310 τε
3205 1261 3343 1327 μέτα
3389 1277 3448 1338 γξ
3494 1263 3617 1322 τοὺς
3649 1254 3771 1321 σοὺς
3797 1263 3877 1315 λό-

2371 1362 2514 1409 γους,
2572 1347 2661 1398 καί
2709 1348 2831 1406 τοὺς
2884 1346 2988 1397 τῶν
3040 1347 3296 1399 συνόντων
3348 1351 3438 1400 ἐπὶ
3485 1350 3545 1399 τὸ
3592 1352 3875 1417 προσῆκον.

2372 1434 2433 1485 El
2456 1434 2508 1484 δὲ
2534 1436 2588 1483 ἐν
2608 1432 2915 1500 ἀλλοφύλοις
2941 1434 3263 1501 ἀποληφθεὶς
3293 1435 3489 1503 τύχοις,
3516 1435 3708 1489 σιώπα.

2867 1522 2876 1528 ’
2926 1514 3171 1594 ιέεψΑΛ.
3200 1544 3328 1596 MB‘.

2442 1629 2610 1689 Γέλως
2645 1629 2717 1697 μὴ
2754 1626 2914 1689 πολὺς
2946 1628 3099 1689 ἔστω,
3135 1628 3264 1703 μηδὲ
3310 1630 3603 1697 ἀνειμένος,
3635 1628 3766 1697 μηδὲ
3793 1629 3877 1680 ἐπὶ

2308 1741 2347 1792 Β
2376 1716 2600 1776 πολλοῖς.

2932 1825 3170 1877 ΚΕΦΔΛ.
3200 1826 3326 1877 Ml“.
3588 1900 3613 1909 Ὦ

2451 1914 2644 1981 Ὅρκον
2675 1913 3019 1981 παραίτησαι,
3054 1914 3101 1963 εί
3130 1913 3229 1980 μὲν
3255 1907 3363 1965 οἷόν
3394 1928 3450 1963 τε
3476 1914 3552 1972 εἰς
3582 1907 3740 1971 ἅπαν,
3761 1910 3806 1961 εἰ
3828 1909 3878 1962 δι

2386 2000 2475 2070 μὴ,
2506 2001 2567 2052 ὲκ
2595 2000 2698 2051 τῶν
2727 2000 2964 2051 ἐνόντων,

2936 2108 3177 2159 ΚΕΦΑΔ.
3201 2107 3327 2159 MA'.

2461 2198 2748 2257 Ἐστιάσεις
2767 2196 2860 2256 τὰς
2887 2194 2989 2259 ἔξω
3034 2194 3125 2245 καὶ
3148 2190 3411 2252 ἰδιωτικὰς
3434 2190 3732 2259 διακρούου.
3768 2190 3885 2247 Ἐὰν

2382 2284 2436 2336 δέ
2464 2300 2587 2335 ποτε
2610 2285 2824 2350 γένηται
2849 2280 3359 2347 καιρὸς,’ὲντετάσθω
3389 2295 3468 2330 σοι
3495 2280 3526 2346 ἡ
3553 2279 3784 2346 προσοχὴ
3815 2281 3884 2346 μή

2386 2387 2513 2421 ποτε
2557 2371 2660 2438 ἄρα
2704 2370 2972 2437 ὐπορῤυῇς
3023 2369 3098 2429 εἰς
3147 2365 3476 2432 ἰδιωτισμόν·
3530 2364 3634 2415 ἴσθι
3678 2364 3783 2431 γάρ
3812 2366 3886 2422 ὅτι

2388 2459 2479 2509 ἐὰν
2502 2459 2528 2508 ὁ
2552 2451 2808 2527 ἑταῖροςῇ
2844 2452 3253 2523 μεμολυσμένος,
3284 2452 3375 2503 καὶ
3403 2451 3490 2503 τὸν
3520 2449 3889 2520 σννανατρισόςν

2390 2561 2543 2613 μενον
2589 2544 2731 2612 αὐτῷ
2773 2540 3198 2611 συμμολύνεσθαι
3233 2541 3461 2608 ἀνάγκη,
3499 2540 3599 2601 κάν
3632 2538 3789 2601 αὐτὸς
3818 2539 3886 2596 ὢν

2385 2634 2520 2705 τύχῃ
2548 2632 2797 2702 καθαρός.
3262 2670 3267 2673 τ
3518 2621 3523 2624 ’

2941 2738 3184 2790 ΚΕΦΔΛ.
3213 2739 3340 2794 ME’.

2454 2829 2531 2882 Τὰ
2559 2829 2680 2898 περὶ
2715 2828 2773 2880 τὸ
2810 2828 2973 2896 σῶμα,
2991 2826 3146 2895 μέχρι
3181 2827 3277 2895 τῆς
3312 2827 3493 2893 χρείας
3529 2819 3687 2891 ψιλῆς
3723 2839 3888 2891 παρα-

2387 2918 2642 2986 λάμϐανε,
2671 2911 2777 2969 οἷον
2808 2916 3006 2985 τροφὰς
3024 2954 3041 2977 ,
3070 2900 3236 2982 πόμα,
3269 2906 3593 2981 ἀμπεχόνην,
3623 2912 3848 2966 οἱκετίαν
3875 2925 3888 2942 ⁸

720 3018 726 3026 -
790 2992 1131 3057 famulitium;
1162 3009 1282 3061 quae.
1316 3009 1438 3050 vero
1466 2997 1531 3049 ad
1560 2998 1899 3065 voluptatem,
1933 3008 2024 3051 aut
2044 2999 2285 3067 gloriam,
2312 3026 2320 3066 4

2383 3005 2450 3058 τὰ
2476 3006 2530 3057 δὲ
2552 3005 2682 3073 πρὸς
2705 3003 2907 3073 ἡδονὴν,
2936 3003 2967 3071 ἢ
2998 3002 3168 3067 δόξαν,
3201 3001 3233 3069 ἢ
3263 3000 3486 3070 τρυφὴν,
3511 3000 3717 3059 ἅπαντα
3747 2998 3887 3067 περί-

788 3089 874 3133 aut
906 3081 1161 3139 luxuriam
1192 3092 1336 3148 sunt,
1366 3086 1540 3137 omnia
1579 3085 1710 3140 dele.

1322 3192 1539 3247 CAPUT
1574 3194 1749 3248 XLVI.

855 3277 1046 3344 Siquis
1075 3278 1170 3332 tibi
1219 3283 1615 3347 renuntiaverit,
1654 3286 1791 3351 quod
1837 3286 2098 3354 quispiam
2149 3288 2213 3341 de
2242 3295 2290 3339 te

792 3364 923 3415 male
949 3364 1101 3427 dicit,
1147 3380 1213 3420 ne
1240 3382 1460 3423 excuses
1487 3384 1577 3433 ea,
1609 3386 1726 3437 quae
1754 3372 1816 3424 de
1851 3382 1901 3425 te
1937 3373 2076 3425 dicta
2127 3380 2289 3438 sunt,

2386 3109 2575 3173 τραφε·
2885 3163 2888 3165 .

2927 3200 3169 3251 ΚΕΦΑΛ.
3212 3199 3356 3262 Μετ’.

2468 3288 2587 3346 Ἐάν
2608 3286 2686 3348 τίς
2734 3302 2813 3343 σοι
2858 3282 3163 3352 ἀπαγγέλλῃ
3192 3283 3268 3333 ὅτι
3296 3284 3323 3333 ὁ
3348 3281 3489 3331 δεῖνά
3520 3296 3577 3331 σε
3609 3278 3787 3337 κακῶς
3812 3279 3887 3330 λί-

2388 3394 2490 3443 γει,
2525 3377 2596 3445 μὴ
2627 3374 2883 3440 ἀπολογοῦ
2914 3372 3044 3440 πρὸς
3070 3371 3135 3422 τὰ
3165 3369 3435 3438 λεχθέντα,
3460 3368 3569 3420 ἀλλ’
3595 3366 3886 3430 ἀποκρίνου,

789 3450 880 3500 sed
912 3453 1193 3516 responde,
1229 3456 1367 3521 quod
1398 3456 1608 3522 Ignorat
1642 3458 1765 3519 alia,
1798 3473 1917 3523 quae
1949 3460 2077 3510 mihi
2112 3460 2293 3513 insunt

2387 3466 2515 3516 διότι
2556 3464 2733 3532 ἠγνόει
2769 3463 2831 3514 τὶ
2863 3461 2991 3517 ἄλλα
3026 3460 3091 3518 τὰ
3118 3459 3377 3526 προσόντα
3407 3472 3493 3525 μοι
3511 3455 3669 3507 κακά’
3696 3455 3809 3506 ἐπεὶ
3836 3454 3888 3533 οὐ

791 3539 964 3600 nulla;
998 3539 1226 3604 alioquin
1256 3555 1361 3593 non
1392 3542 1502 3595 sola
1537 3544 1648 3597 hate
1675 3545 1888 3597 diceret.

1297 3648 1528 3703 CAPUT
1566 3648 1763 3702 XLVII.

834 3734 970 3785 "Non
1006 3745 1095 3788 est
1114 3736 1393 3790 honestum
1433 3738 1484 3791 in
1535 3740 1796 3793 theatrum
1840 3741 2071 3807 prodire,
2123 3759 2297 3813 neque

792 3829 852 3873 ad
885 3825 1084 3891 aliquos
1111 3826 1398 3880 audiendos
1432 3836 1628 3881 temere
1647 3867 1660 3891 ,
1708 3838 1798 3882 aut
1827 3829 1979 3884 facile
2007 3831 2288 3897 devenias;

790 3913 831 3963 si
859 3932 868 3960 ι
897 3922 1067 3965 autem
1096 3916 1385 3967 accesseris
1405 3954 1419 3978 ,
1461 3915 1667 3968 custodi
1719 3917 2045 3984 gravitatem,
2085 3925 2136 3970 et
2165 3933 2291 3974 cou-

792 4002 1053 4066 stuutiam,
1087 4002 1349 4069 simulque
1379 4016 1524 4067 eave,
1564 4018 1629 4055 ne
1659 4003 1814 4056 alicui
1843 4004 1915 4055 sis
1946 4017 2222 4059 onerosus.

1294 4109 1515 4165 CAPUT
1552 4109 1776 4164 XLVIII.

859 4220 987 4270 Cum
1046 4221 1279 4273 futurum
1328 4223 1397 4275 sit
1450 4235 1509 4274 ut
1557 4236 1808 4276 occurras
1860 4223 2015 4277 alicui
2066 4239 2291 4288 eorum,

2390 3547 2489 3610 κᾶν
2518 3548 2685 3600 ταῦτα
2711 3549 2841 3614 μόνα
2879 3546 3074 3610 ἔλεγεν.

2952 3650 3189 3700 ΚΕΦΑΛ.
3221 3650 3346 3701 MZ'.
3384 3640 3389 3646 ’

2459 3741 2529 3791 Οὐ
2571 3740 2725 3791 καλὸν
2761 3738 2820 3791 τὸ
2867 3736 3112 3805 παριέναι
3152 3736 3228 3795 εἰς
3266 3735 3503 3801 θέατρον,
3544 3735 3619 3794 είς
3650 3734 3887 3801 ἀκρόασὶν

2389 3846 2563 3890 τινων,
2615 3828 2684 3895 μὴ
2724 3829 2863 3894 εἰκῆ,
2908 3826 3039 3893 μήτε
3079 3822 3267 3892 ῥᾳδίως
3314 3822 3546 3890 πάριθι·
3600 3819 3802 3889 παριὼν
3841 3820 3888 3870 δὲ

2390 3919 2447 3969 τὸ
2481 3918 2687 3983 σεμνὸν,
2717 3916 2807 3968 καὶ
2840 3915 2897 3965 τὸ
2925 3912 3195 3976 εὐσταθὲς,
3237 3911 3329 3963 καὶ
3356 3911 3465 3979 ἅμα
3492 3909 3781 3975 ἀνεπαχθὲς
3808 3908 3890 3975 φύε

2390 4000 2566 4054 λασσε.
2658 3992 2667 4001 ’
3298 4006 3301 4007 ⁷

2937 4106 3179 4160 ΚΕΦΑΛ.
3212 4107 3347 4159 MH’.

2462 4218 2623 4267 Ὅταν
2668 4214 2771 4266 τινὶ
2814 4213 3002 4283 μέλλῃς
3049 4212 3383 4280 συμϐάλλειν,
3431 4212 3665 4279 ,μάλιστα
3704 4212 3803 4264 τῶν
3845 4212 3890 4260 ὲν

794 4305 1017 4355 maxime
1044 4308 1133 4371 qui
1172 4306 1242 4357 ob
1268 4308 1610 4360 eminentiam
1652 4319 1776 4361 sunt
1814 4309 1986 4377 aliqua
2022 4292 2296 4365 existima?

2366 4297 2626 4373 ’ὑπεροχῇ
2673 4302 2980 4363 δοκούντων,
3016 4300 3244 4373 πρόδαλε
3283 4300 3490 4366 σεαυτῷ
3515 4300 3566 4351 τί
3600 4302 3663 4352 ἂν
3694 4299 3889 4366 ἐποίησέ

794 4391 953 4452 tiuue,
1001 4405 1231 4456 propone
1266 4393 1359 4443 tibi
1391 4393 1489 4459 ipsi
1520 4394 1769 4460 quidnam
1799 4395 1982 4449 fecerit
2017 4398 2208 4465 aliquis
2235 4414 2297 4453 ex

2394 4409 2475 4452 τις
2498 4391 2599 4442 τῶν
2626 4389 2903 4456 ὲναρὲτων,
2946 4388 3034 4438 καὶ
3061 4388 3158 4438 οὐκ
3189 4387 3474 4454 ἀπορήσεις
3495 4384 3584 4436 τοῦ
3616 4383 3891 4453 χρήσασθαι

793 4478 919 4529 viris
958 4476 1146 4530 virtute
1176 4477 1430 4544 praeditis,
1466 4479 1649 4545 sicque
1681 4494 1784 4532 non
1824 4482 2083 4551 indigebis
2121 4485 2303 4545 modo,

792 4582 896 4632 qun
926 4567 1170 4618 decenter
1198 4575 1248 4616 te
1275 4578 1426 4631 geras
1465 4565 1516 4616 in
1551 4580 1607 4618 re
1634 4578 1962 4623 oecurrente.
2004 4625 2008 4629 ,

1330 4668 1549 4724 CAPUT
1585 4667 1760 4720 XLIX.

847 4780 1068 4852 Quando
1094 4784 1158 4834 ad
1202 4788 1428 4849 aliquem
1471 4785 1694 4836 ventilas
1743 4799 1804 4844 ex
1855 4785 1920 4836 iis
1968 4798 2058 4850 qui
2103 4798 2293 4852 magna

781 4877 1030 4939 pnestant
1073 4877 1360 4938 potestate,
1397 4870 1489 4921 tibi
1522 4870 1620 4934 ipsi
1653 4870 1811 4938 346
1846 4883 2097 4937 propone,
2151 4868 2290 4939 quod

779 4969 898 5027 eum
948 4973 1051 5011 non
1107 4957 1343 5010 invenies
1381 4958 1557 5022 intus,
1609 4958 1746 5024 quod
1785 4956 2112 5021 excluderis,
2151 4958 2289 5025 quod

785 5050 876 5101 tibi
909 5048 1049 5103 fores
1085 5051 1438 5114 excutientur,
1480 5049 1620 5117 quod
1653 5048 1698 5102 is
1732 5048 1797 5102 de
1825 5058 1873 5100 te
1920 5061 2023 5099 non
2054 5048 2288 5111 curabit;

785 5139 937 5202 sique
963 5138 1108 5203 ipsos
1161 5138 1440 5191 convenire
1478 5136 1637 5190 fuerit
1669 5144 2104 5195 consentaneum,
2144 5149 2292 5189 acce-

784 5225 916 5277 dens
948 5224 1133 5287 tolera,
1170 5238 1289 5290 quae
1317 5226 1449 5278 [lunt
1472 5264 1486 5286 .
1526 5235 1578 5278 et
1626 5239 1885 5291 nusquam
1914 5224 2057 5275 dicas
2090 5223 2199 5291 ipse
2228 5225 2291 5277 ad

786 5312 1196 5379 teipsumzl-Zgo
1247 5325 1352 5362 non
1404 5312 1533 5365 tanti
1584 5312 1847 5374 aestimor;
1898 5311 1946 5362 id
1996 5311 2134 5363 enim
2185 5312 2293 5375 ple-

741 5405 748 5412 ’
789 5389 964 5455 licium
1013 5409 1130 5464 est,
1179 5416 1240 5454 ac
1292 5400 1471 5458 tritum
1515 5401 1660 5471 jam,
1711 5411 1761 5454 et
1805 5400 2068 5467 vulgatum
2123 5397 2291 5465 quoad

787 5490 1068 5557 exteriora.

2396 4480 2761 4549 προσηκόντως
2784 4479 2858 4545 τῷ
2879 4477 3176 4545 ἐμπεσόντι.
3218 4522 3221 4525 Α

2879 4743 2883 4747 γ
2957 4670 3195 4722 κΕφΑΑ.
3222 4669 3347 4720 me.
3440 4679 3448 4687 ε

2471 4785 2632 4835 Ὅταν
2680 4784 2861 4850 φοιτᾷς
2901 4780 3033 4849 πρός
3082 4771 3216 4831 τινα
3242 4777 3347 4830 τῶν
3404 4777 3540 4846 μέγα
3591 4777 3885 4845 δυναμένων,

2400 4874 2628 4944 πρόϐαλε
2659 4870 2862 4937 σεαυτῷ
2887 4909 2901 4933 ,
2930 4870 3007 4921 ὅτι
3046 4868 3140 4935 οὐχ
3172 4868 3412 4935 εὑρήσεις
3442 4868 3559 4923 αὖτὸ
3621 4867 3759 4919 ἔνδον
3780 4907 3792 4929 ,
3824 4867 3888 4917 ὃτι

2402 4961 2810 5028 ἀποκλεισθήσῃ,
2848 4959 2925 5009 ὅτι
2948 4955 3397 5024 ὲντιναχθήσονταί
3419 4972 3496 5008 σοι
3530 4958 3583 5007 αἱ
3613 4953 3797 5022 θύραι,
3821 4954 3891 5011 ὅτι

2401 5052 2459 5102 οὐ
2489 5052 2721 5117 φροντιεῖ
2738 5065 2847 5106 σου,
2871 5047 2968 5097 κάν
2991 5045 3083 5096 σὺν
3101 5046 3274 5105 αὐτοῖς
3301 5044 3468 5096 ἐλθεῖν
3500 5043 3727 5110 καθήκῃ,
3749 5039 3888 5093 ἐλθὼν

2402 5139 2529 5206 φέρε
2563 5139 2629 5189 τὰ
2660 5136 2935 5202 γενόμενα,
2971 5132 3058 5184 καὶ
3090 5134 3347 5201 μηδέποτε
3392 5134 3544 5201 εἴπῃς
3589 5131 3745 5190 αὐτὸς
3778 5128 3887 5195 πρὸς

2403 5227 2603 5290 ἑαυτὸν,
2634 5227 2711 5276 ὅτι
2744 5225 2839 5275 οὐκ
2867 5218 2930 5291 ἦν
2956 5222 3221 5273 τοσούτου⁸
3254 5220 3508 5275 ἰδιωτικὸν
3533 5219 3659 5287 γὰρ,
3694 5216 3890 5295 mima,-

2404 5314 2722 5383 ϐεϐλημένον
2755 5313 2884 5381 πρὸς
2903 5311 2967 5362 τὰ
2996 5310 3165 5372 ἐκτός.
