4058 6350
657 327 671 386 .i
687 324 784 385 30'!

1106 496 1120 510 ,
1205 432 1428 489 CAPUT
1488 434 1636 487 Lvn.

722 518 1177 603 Quemadmodum
1220 543 1357 595 inter
1408 544 1783 597 ambulandum
1815 546 2061 608 attendis,
2108 562 2176 600 ne

655 627 859 680 insilias
886 628 1055 690 clavo,
1098 637 1282 681 autne
1317 638 1462 682 tuum
1494 632 1674 698 pedem
1708 633 2062 700 distorqueas,
2103 636 2173 688 ita

2087 327 2379 386 SPURIA.

3680 326 3830 386 I308

2851 437 3090 490 ΚΕΦΔΛ.
3125 438 3244 488 NZ'.

2353 549 2439 599 Ἐν
2466 548 2539 615 τῷ
2577 548 2889 613 περιπατεῖν
2922 546 3162 614 καθάπερ
3208 544 3490 613 προσέχεις
3522 545 3593 613 μὴ
3620 547 3822 614 ἑπμσῇς

2274 637 2406 705 ἥλῳ,
2437 637 2468 706 ἥ
2511 637 2742 706 στρέφῃς
2771 636 2857 687 τὸν
2889 635 3020 687 πόδα
3050 651 3162 697 σου,
3192 634 3331 685 οὕτω
3360 633 3583 701 πρόσεχε
3612 635 3684 702 μὴ
3719 637 3823 686 καὶ

651 716 883 777 attende,
932 732 997 769 ne
1043 718 1116 769 tui
1165 719 1325 771 animi
1387 720 1972 789 principatumlaedas;
2017 734 2176 789 atque

2284 725 2330 775 τὸ
2352 723 2665 791 ἡγεμονικὸν
2694 722 2923 791 βλάϐτῃς
2956 722 3015 772 τὸ
3042 722 3286 784 σεαυτοῦ,
3322 724 3412 772 καὶ
3439 722 3592 772 τοῦτο
3614 722 3702 771 ἐὰν
3730 724 3803 787 ἐφ

651 805 753 857 hoc
787 805 829 858 si
859 820 1181 874 unoquoque
1218 807 1271 858 in
1300 821 1457 875 opere
1485 809 1906 875 observabimus,
1933 814 2173 867 securius

654 892 1076 960 unumquodque
1114 908 1247 960 opus
1278 896 1665 962 aggrediemur.
1813 885 1817 893 ’
2002 880 2007 886 ’

1199 1002 1417 1057 CAPUT
1454 1003 1629 1058 LVIII.

720 1109 965 1164 Mensura
1000 1114 1355 1179 possessionis
1382 1124 1463 1167 est
1507 1128 1697 1181 corpus
1724 1115 2141 1184 uniuscujusque
2158 1155 2179 1178 τ

650 1198 804 1250 siculi
842 1214 931 1265 pes
962 1201 1343 1265 caleeamenti;
1399 1203 1441 1255 si
1487 1203 1645 1271 igitur
1684 1203 1736 1255 in
1781 1204 1883 1257 hoc
1928 1204 2174 1265 steteris,

660 1302 964 1341 mensuram
1000 1292 1271 1356 servabis;
1323 1294 1404 1345 sin
1434 1294 1823 1361 pertransieris,
1858 1294 1967 1362 jam
2014 1294 2176 1347 veluti

660 1388 751 1439 per
779 1388 1011 1442 praeceps
1044 1377 1167 1429 ferri
1203 1393 1479 1431 necessum
1512 1388 1612 1440 est,
1651 1389 1703 1432 ut
1757 1372 2016 1432 etiamin
2066 1381 2176 1432 cal-

657 1471 932 1515 eeamento
978 1464 1033 1514 fit
1076 1465 1118 1517 si
1167 1467 1348 1532 pedem
1390 1468 1515 1521 illud
1562 1468 2027 1533 superexcesserit,
2066 1469 2176 1521 sive

659 1548 942 1602 tleauratus
976 1550 1044 1603 sit
1073 1551 1301 1614 calceus,
1336 1552 1449 1617 sive
1493 1568 1810 1621 purpureus,
1858 1554 1968 1608 sive
2010 1555 2175 1607 inter-

660 1647 886 1700 punctus
918 1656 930 1690 :
971 1642 1085 1704 ejus
1114 1640 1275 1700 enim,
1310 1640 1450 1707 quod
1481 1641 1643 1694 semel
1670 1655 1828 1709 supra
1873 1656 2175 1695 mensuram

659 1729 757 1784 est,
791 1724 1047 1777 terminus
1076 1724 1251 1779 nullus
1274 1734 1374 1780 est.

1227 1832 1446 1887 CAPUT
1484 1833 1618 1886 LIX.

724 1934 959 1990 Feminae
992 1938 1169 1992 statim
1205 1940 1326 1992 inde
1367 1940 1434 1994 ab
1473 1943 1626 1993 annis
1654 1941 2051 2008 quatuordecim
2084 1956 2177 1992 vo-

657 2033 844 2077 cantur
883 2040 912 2078 a
946 2026 1074 2079 viris
1100 2028 1368 2092 dominze;
1412 2030 1644 2082 videntes
1695 2030 1853 2097 igitur
1874 2030 2015 2098 quod
2048 2032 2176 2082 nihil

658 2114 801 2167 aliud
840 2114 969 2182 ipsis
1011 2126 1273 2183 superest,
1319 2118 1476 2183 quain
1512 2119 1849 2172 solummodo
1881 2120 2076 2173 cubare
2104 2124 2176 2173 si-

660 2201 768 2253 mul
818 2216 938 2254 cum
969 2203 1117 2266 viris,
1169 2205 1432 2270 incipiunt
1472 2204 1692 2258 formam
1738 2207 1994 2271 excolere,
2035 2215 2086 2259 et
2123 2207 2174 2258 in

661 2287 763 2339 hoc
807 2302 929 2354 spes
969 2304 1152 2341 omnes
1202 2291 1413 2343 habere.
1465 2293 1682 2360 Dignum
1734 2302 1814 2346 est
1856 2294 2072 2360 itaque,
2123 2303 2179 2346 ut

661 2374 849 2431 sciant.
881 2374 1022 2442 quod
1066 2390 1170 2426 non
1209 2378 1311 2429 alia
1352 2378 1457 2431 ulla
1498 2379 1563 2429 de
1608 2379 1765 2447 349
1790 2396 1950 2433 causa
1978 2381 2179 2433 honore

613 2497 617 2502 ι
661 2459 990 2527 afficiuntur,
1036 2476 1193 2531 quam
1238 2479 1302 2516 eo
1357 2468 1497 2532 quod
1542 2476 1794 2534 apparent
1838 2478 2069 2532 ornatae,
2118 2482 2179 2519 ac

664 2551 972 2605 verecunda:
996 2552 1048 2605 in
1081 2555 1448 2621 temperantia.

1233 2661 1448 2718 CAPUT
1484 2664 1592 2718 LX.

728 2768 943 2824 Hebetis
969 2771 1163 2838 ingenii
1193 2774 1401 2840 signum
1431 2783 1513 2827 est
1538 2776 1587 2827 in
1617 2775 1719 2836 his,
1751 2790 1869 2843 quae
1896 2776 1959 2829 ad
1984 2762 2177 2844 corpus

662 2858 929 2927 pertinent
956 2858 1165 2925 penitus
1194 2860 1414 2922 versari,
1450 2863 1593 2914 velut
1635 2862 1870 2915 exerceri
1910 2873 1967 2916 ut
2008 2864 2177 2932 pluri-

662 2962 829 3009 mum,
865 2958 955 2999 aut
988 2947 1211 2999 multum
1257 2948 1551 3011 comedere,
1585 2959 1679 3002 aut
1707 2949 1826 3017 plus
1860 2950 2060 3012 bibere,
2088 2961 2178 3004 aut
2212 2966 2215 2969 λ

663 3044 899 3088 ventrem
958 3033 1289 3102 frequentius
1332 3051 1662 3111 exonerare,
1716 3039 1804 3090 sed
1862 3042 1922 3091 ea
1972 3039 2184 3105 quidem

661 3122 958 3190 peragenda
1010 3132 1135 3176 sunt
1171 3124 1355 3189 obiter,
1389 3126 1565 3179 omnis
1599 3139 1721 3179 vero
1757 3139 1882 3177 cura
1934 3125 2004 3179 sit
2046 3126 2189 3180 circa

663 3221 914 3265 mentem.
1927 3222 1934 3228 ”

1231 3322 1450 3378 CAPUT
1489 3322 1621 3376 LXI.

738 3422 961 3486 Quando
988 3427 1250 3492 quispiam
1297 3429 1435 3480 male
1464 3429 1591 3495 quid
1634 3425 1847 3489 fecerit,
1891 3435 1983 3479 aut
2026 3428 2163 3480 male

669 3511 866 3563 dixerit
913 3512 1044 3573 tibi,
1085 3524 1367 3575 memento,
1400 3514 1541 3579 quod
1579 3512 1721 3573 facit,
1768 3521 1861 3564 aut
1905 3514 2050 3575 dicit,
2095 3528 2192 3579 pu-

673 3610 791 3652 tans
820 3599 919 3650 sibi
963 3599 1280 3652 conveniens
1326 3614 1476 3662 esse;
1521 3600 1630 3651 fieri
1672 3613 1797 3652 vero
1836 3614 1940 3652 non
1988 3610 2190 3667 potest,

673 3696 731 3739 ut
757 3688 869 3755 ipse
901 3696 1155 3754 sequatur
1202 3688 1457 3757 quidquid
1507 3688 1597 3741 tibi
1635 3688 1871 3749 videtur,
1916 3688 2004 3742 sed
2052 3688 2193 3754 quod

674 3777 808 3841 sibi;
850 3778 1023 3844 itaque
1059 3777 1101 3831 si
1140 3778 1274 3830 male
1318 3777 1415 3844 ipsi
1449 3777 1723 3838 videatur,
1760 3778 1846 3829 ille
1881 3777 2036 3830 laesus
2074 3786 2151 3830 est
2175 3817 2189 3841 ,

681 3870 861 3929 utpote
888 3862 978 3929 qui
1007 3862 1104 3914 fuit
1134 3866 1405 3928 deceptus.
1463 3862 1518 3915 Si
1550 3863 1669 3930 quis
1698 3863 1891 3915 etenim
1919 3864 2191 3915 veritatem

672 3964 962 4002 connexam
1011 3951 1172 4003 fuerit
1202 3951 1467 4019 'opinatus
1517 3965 1635 4003 esse
1672 3951 2038 4016 mendacium,
2086 3965 2193 4002 non

675 4038 856 4090 laesum
896 4047 977 4091 est
1024 4054 1321 4092 connexum
1350 4039 1587 4107 (scilicet
1633 4040 1945 4107 veritatis),
1978 4041 2068 4093 sed
2110 4039 2190 4100 is,

675 4125 768 4193 qui
809 4124 906 4177 fuit
936 4127 1204 4193 deceptus.
1250 4125 1327 4178 Tu
1371 4141 1497 4196 ergo
1538 4127 1784 4180 incitatus
1808 4127 1874 4179 ab
1904 4127 2006 4187 bis,
2042 4142 2191 4179 man-

2275 813 2496 864 ὲκάστου
2543 812 2700 879 ἔργου
2733 810 3221 878 παραφυλάξωμεν,
3260 810 3653 877 ἀσφαλέστερον

2196 902 2202 910 “
2278 901 2412 967 μεθα
2447 901 2671 952 ἑκάστου
2703 900 2880 967 ἔργον.

2831 1006 3077 1057 ΚΕΦΑΛ.
3114 1005 3243 1059 NH'.

2344 1115 2550 1182 Μὲτρον
2580 1112 2817 1180 κτήσεως
2844 1113 2903 1164 τὸ
2932 1112 3083 1181 σῶμα
3106 1113 3329 1165 ἑκάστου
3352 1112 3425 1173 ὡς
3449 1114 3476 1165 ὁ
3509 1112 3639 1175 ποῦς
3674 1114 3820 1168 ὐπο-

2275 1197 2335 1266 δή
2348 1214 2528 1266 ματος.
2576 1198 2696 1249 Ἐὰν
2725 1200 2816 1249 ἐπὶ
2842 1198 3026 1250 τούτου
3056 1202 3205 1268 στῇς,
3239 1198 3485 1265 φυλάξεις
3510 1200 3569 1251 τὸ
3595 1201 3827 1269 μέτρον,

2280 1286 2369 1337 ἐὰν
2393 1286 2447 1336 δὲ
2482 1287 2580 1338 ὖπε
2592 1285 2720 1355 ρὸῇς
2744 1286 2818 1348 ὠς
2845 1286 2981 1338 κατὰ
3002 1287 3238 1355 κρημνοῦ
3268 1287 3446 1339 λοιπὸν
3467 1288 3669 1356 ἀνάγκη
3711 1289 3816 1355 φέ-

2280 1378 2480 1442 pastu,
2514 1374 2761 1443 καθάπερ
2812 1379 2902 1426 καὶ
2919 1370 3016 1425 ἐπὶ
3036 1374 3126 1425 τοῦ
3155 1364 3506 1443 ὑποδήματος,
3535 1376 3818 1446 ὲὰννὺπερ-

2277 1463 2341 1531 δῇ
2390 1465 2464 1513 ;ὸν
2494 1463 2641 1527 πόδα,
2670 1462 2891 1529 γίνεται,
2918 1465 3024 1515 εἴτε
3052 1464 3382 1532 κατάχρυσον
3410 1465 3671 1533 ὑπόδημα,
3701 1465 3820 1516 εἴτε

2252 1568 2357 1615 ,ποι
2398 1550 2599 1618 ῥυροῦν,
2641 1550 2748 1601 εἴτε
2799 1553 3079 1619 κεπητὸν·
3118 1550 3211 1601 τοῦ
3250 1552 3355 1620 γάρ
3394 1552 3536 1615 ἅπαξ
3566 1553 3699 1620 ὑπὲρ
3753 1551 3836 1603 τὸ·

2281 1640 2341 1705 μέ
2398 1654 2471 1688 γιον
2494 1638 2612 1706 ὄρος
2648 1637 2816 1698 οὐδεὶς
2837 1640 2981 1691 ἐστιν
3084 1674 3092 1681 -

2844 1831 3085 1898 ΚΕΦΑΛ.
3119 1831 3242 1884 Νθο.

2343 1941 2405 1989 At
2440 1940 2689 2004 γυναῖκες
2712 1940 2868 1998 εὐθὺς
2913 1939 3015 1991 ἀπὸ
3069 1939 3324 2008 τέσσαρες
3373 1941 3464 1991 καὶ
3504 1940 3635 1992 δέκα
3676 1939 3831 1990 ἐτῶν·

2276 2027 2378 2078 ὑπὸ
2407 2028 2509 2078 τῶν
2530 2028 2730 2098 ἀνδρῶν
2757 2027 2938 2095 κύριαι
2959 2027 3240 2079 καλοῦνται
3268 2044 3281 2055 ·
3310 2027 3590 2096 τοιγαροῦν
3609 2028 3814 2097 ὁρῶσαι

2276 2116 2355 2166 ὅτι
2377 2115 2499 2168 ἄλλο
2525 2117 2619 2183 μὲν
2644 2116 2793 2168 οὐδὲν
2822 2117 3005 2177 αὑταῖς
3034 2116 3305 2185 πρόσεστι,
3334 2116 3489 2184 μόνον
3512 2116 3565 2167 δὲ
3596 2133 3818 2179 cunm—

2279 2201 2475 2267 μίσθαι
2511 2204 2618 2263 τοῖς
2644 2202 2913 2270 ἀνδράσιν,
2949 2203 3198 2271 ἄρχονται
3229 2202 3674 2263 καλλωπίζεσθαι,
3701 2205 3817 2255 κάν

2274 2288 2442 2355 τούτῳ
2472 2288 2644 2349 πάσας
2676 2289 2821 2357 ἔχειν.
2848 2291 2943 2351 τὰς
2971 2290 3201 2350 ἐλπίδας.
3234 2289 3515 2357 Προσέχειν
3550 2285 3639 2341 οὖν
3666 2290 3817 2351 ἄξιον

2279 2377 2359 2426 ἵνα
2430 2377 2733 2441 αἴσθωνται,
2802 2380 2883 2429 ὅτι
2952 2380 3037 2429 ἐπ’
3097 2378 3264 2429 οὐδενὶ
3326 2379 3465 2446 ἄλλῳ
3507 2378 3815 2455 -τιμῶνται,

2277 2465 2307 2531 ἦ
2348 2464 2423 2532 τῷ
2468 2465 2681 2533 κόσμιαι
2722 2466 3024 2534 φαίνεσθαι,
3065 2470 3154 2518 καὶ
3187 2467 3467 2535 αἰδήμονες
3504 2468 3561 2516 ὲν
3596 2483 3813 2534 σωφρο-

2279 2550 2428 2619 σύνῃ.

2860 2664 3104 2715 ΚΕΦΑΛ.
3159 2661 3231 2715 Ξθ.

2354 2774 2573 2843 imputat;
2603 2775 2816 2842 σημεῖον
2832 2774 2891 2824 τὸ
2912 2774 3254 2842 ἐνδιατρίϐειν
3276 2778 3382 2838 τοῖς
3404 2777 3526 2843 περὶ
3545 2775 3603 2826 τὸ
3630 2773 3813 2839 σῶμα.

2275 2842 2390 2913 oio;
2419 2863 2510 2913 ἐπὶ
2561 2863 2690 2913 πολὺ
2736 2861 3132 2929 γυμνάζεσθαι,
3164 2864 3194 2931 ἦ
3226 2865 3316 2914 ἐπὶ
3352 2842 3485 2916 πολὺγ
3510 2863 3705 2915 ἐσθίειν
3728 2902 3744 2924 ,
3779 2863 3814 2929 ἢ

2286 2952 2376 3001 ὲπὶ
2403 2950 2533 3002 πολὺ
2562 2951 2750 3013 πίνειν,
2780 2950 2811 3019 ἢ
2840 2952 2928 3002 ἐπὶ
2956 2952 3085 3004 πολὺ
3114 2954 3426 3005 ἀποπατεῖν.
3470 2953 3621 3003 Ἀλλὰ
3647 2950 3818 3003 ταῦτα

2291 3038 2385 3104 μὲν
2414 3040 2469 3087 ὲν
2499 3039 2752 3106 παρέργῳ
2775 3040 3040 3106 ποιητέον,
3080 3042 3205 3109 περὶ
3234 3042 3289 3092 δὲ
3316 3041 3411 3109 τὴν
3436 3040 3654 3109 γνώμην
3678 3039 3819 3089 ἔστω

2287 3126 2320 3193 η
2346 3128 2489 3178 πᾶσα
2518 3126 2837 3195 ἐπιστροφή.

2859 3318 3095 3371 ΚΕΦΑΛ.
3125 3280 3242 3372 εΑι.

2354 3428 2520 3478 Ὅταν
2563 3443 2643 3487 τις
2676 3426 2854 3490 κακῶς
2883 3444 2934 3479 τι
2977 3431 3125 3497 ποιῇ,
3166 3430 3197 3496 ἢ
3231 3429 3412 3489 κακῶς
3447 3446 3503 3480 σε
3533 3429 3680 3500 λέγῃ,
3718 3432 3816 3498 μὲ-

2293 3529 2457 3579 μνησο
2481 3515 2559 3564 ὅτι
2579 3516 2832 3581 καθήκειν
2848 3515 2992 3583 αὐτῷ
3012 3517 3252 3583 οἰόμενος
3283 3519 3437 3578 ποιεῖ,
3463 3516 3493 3583 ἢ
3525 3516 3669 3582 λέγει
3690 3533 3703 3546 ’
3719 3519 3823 3585 οὐχ

2288 3595 2397 3651 οἷόν
2444 3617 2503 3652 τε
2541 3596 2629 3652 οὖν
2687 3603 2988 3670 ἀκολουθεῖν
3034 3606 3189 3657 αὐτὸν
3232 3606 3306 3675 τῷ
3358 3622 3437 3658 σοι
3481 3607 3818 3675 φαινομένῳ,

2289 3686 2422 3738 ἀλλὰ
2464 3688 2537 3755 τῷ
2570 3688 2734 3757 αὐτῷ,
2774 3689 2910 3741 ὥστε
2942 3693 2987 3743 εἰ
3026 3692 3205 3754 κακῶς
3232 3692 3377 3761 αὒτῷ
3406 3695 3652 3759 φαίνεται
3676 3695 3821 3745 ἐκεῐ-
3862 3716 3869 3721 π

2290 3775 2742 3843 νοςβέϐλαπται,
2772 3779 2917 3839 ὅστις
2956 3778 3140 3848 ὥσπερ
3194 3781 3286 3832 καὶ⁸
3323 3779 3651 3848 ἐξηπάτηται
3674 3796 3693 3809 ν
3724 3781 3820 3830 καὶ
3887 3846 3899 3857 ⁸

2290 3865 2394 3933 γὰρ
2429 3866 2486 3917 τὸ
2532 3866 2726 3934 ἀληθὲς
2776 3868 3254 3936 συμπεπλεγμένον
3302 3870 3395 3921 ἐάν
3438 3885 3522 3930 τις
3576 3867 3822 3938 ὑπολάϐῃ

2289 3953 2497 4021 ψεῦδος,
2538 3955 2596 4006 οὐ
2641 3956 2698 4007 τὸ
2752 3957 3225 4025 συμπεπλεγμένον
3275 3957 3582 4025 βέΰλαπται,
3626 3958 3738 4009 ἀλλ’
3793 3959 3824 4008 ὁ

2290 4043 2660 4111 ἐξαπατηθείς.
2720 4046 2845 4097 Ἀπὸ
2888 4048 3084 4098 τούτων
3115 4046 3427 4116 ὁρμώμενος
3466 4049 3651 4117 πράως
3680 4046 3823 4109 ἔξεις

2292 4134 2421 4202 πρὸς
2448 4136 2534 4184 τὸν
2557 4135 2886 4203 λοιδοροῦντα
2916 4153 2928 4167 ’
2956 4138 3283 4204 ὲπιφθέγγου
3313 4140 3419 4207 γὰρ
3444 4139 3526 4206 ἐφ’
3559 4140 3813 4199 ἑκάστου,

588 4210 593 4213 ’
678 4221 829 4263 sueto
872 4214 977 4265 eris
1023 4214 1201 4265 animo
1246 4229 1368 4282 erga
1396 4215 1806 4280 eonvitiantem;
1842 4209 1978 4267 unde
2031 4216 2083 4267 in
2134 4229 2188 4267 re

2291 4223 2369 4274 ὅτι
2399 4224 2567 4288 ἔδοξεν
2595 4226 2757 4294 αὐτῷ.

679 4300 911 4366 qualibet
962 4301 1216 4368 quidquid
1258 4302 1353 4369 ipsi
1406 4302 1563 4355 fuerit
1603 4303 1775 4356 visum
1819 4304 2099 4371 responde.

1223 4404 1444 4458 CAPUT
1498 4405 1650 4458 LXII.

752 4512 1093 4578 Quaecunque
1120 4525 1205 4564 res
1232 4511 1366 4566 duae
1403 4513 1559 4566 habet
1589 4529 1767 4579 ansas,
1797 4516 1934 4570 banc
1963 4517 2198 4584 quidem,

2860 4419 3098 4472 ΚΕΦΑΛ.
3122 4417 3237 4473 EB’.

2370 4520 2477 4569 Πᾶν
2504 4522 2729 4587 πρᾶγμα
2763 4523 2854 4574 δύο
2880 4524 2989 4592 ἔχει
3033 4525 3229 4588 λαϐὰς,
3263 4525 3358 4594 τὴν
3394 4525 3490 4591 μὲν
3522 4524 3821 4593 ἀφόρητον.

685 4617 804 4669 (μιξὲ
847 4601 1045 4670 gestari
1093 4607 1293 4667 potest,
1336 4600 1553 4653 alteram
1599 4616 1755 4663 vero,
1785 4618 1904 4670 quae
1942 4604 2188 4671 portatilis

2298 4603 2393 4670 τὴν
2425 4604 2478 4656 δὲ
2512 4608 2745 4675 φορητήν
2769 4625 2781 4638 ⁸
2810 4610 2901 4660 ἐὰν
2929 4607 3016 4661 οὖν
3049 4611 3265 4676 ἀδελφός
3293 4626 3349 4662 σε
3375 4610 3547 4676 ἀδικῇ,
3579 4610 3827 4663 ἐντεῦθεν

690 4703 792 4741 non
820 4695 938 4751 est;
979 4686 1024 4740 si
1054 4700 1179 4754 ergo
1212 4684 1377 4739 frater
1408 4685 1500 4739 tibi
1539 4684 1732 4739 inferat
1757 4687 2029 4753 iniuriam,
2060 4689 2188 4741 illim

2300 4690 2428 4743 αὐτὸ
2462 4692 2535 4757 μὴ
2563 4692 2815 4761 λάμϐανε,
2836 4697 2913 4747 ὅτι
2936 4697 3121 4749 ἀδικεῖ·
3159 4697 3289 4764 αὐτὴ
3320 4696 3425 4765 γὰρ
3453 4699 3484 4765 ἡ
3513 4696 3645 4765 λαεή
3678 4699 3829 4751 ἐστιν

586 4820 601 4831 .
690 4792 754 4831 ne
792 4774 1086 4842 prehendas
1121 4776 1241 4838 hoc,
1291 4772 1429 4840 quod
1464 4774 1716 4827 nimirum
1749 4772 1876 4827 fecit
1919 4774 2201 4842 iniuriam;

2300 4776 2459 4829 αὐτοῦ
2524 4780 2580 4830 οὐ
2654 4784 2855 4850 φορητή
2884 4799 2903 4845 η·
3009 4782 3140 4833 ἀλλὰ
3210 4783 3414 4834 ἐκεῖθεν
3483 4781 3675 4853 μᾶλλον
3737 4784 3826 4835 ὅτι

690 4865 805 4916 haec
848 4862 987 4915 enim
1040 4876 1169 4916 ansa
1213 4861 1328 4931 ejus
1369 4871 1483 4927 est,
1524 4876 1643 4930 quae
1692 4864 1889 4931 gestari
1948 4878 2055 4917 non
2112 4878 2188 4933 po

2303 4866 2537 4932 ἀδελφὸς,
2569 4871 2647 4921 ὅτι
2674 4870 2975 4938 σύντροφος,
3002 4873 3090 4922 καὶ
3120 4871 3260 4942 λήψῃ
3286 4871 3413 4924 αὐτὸ
3435 4873 3565 4925 καθὸ
3594 4870 3831 4942 φορητόν

687 4958 825 5014 test;
872 4964 1051 5003 verum
1096 4952 1217 5005 inde
1266 4954 1462 5020 potius,
1511 4953 1654 5021 quod
1702 4951 1885 5023 frater,
1931 4951 2073 5021 quod
2121 4968 2207 5008 so-

693 5038 862 5101 dalis,
904 5045 956 5090 et
1004 5038 1103 5090 hoc
1140 5042 1535 5106 apprehendes,
1580 5050 1759 5109 utpote
1792 5039 1932 5109 quod
1970 5048 2052 5093 est
2082 5054 2206 5108 por-

596 5116 607 5131 ’
696 5127 859 5177 tatile.

670 5205 677 5213 δ
1128 5202 1304 5295 350
1337 5227 1556 5283 CAPUT
1595 5230 1766 5283 Lxut.

767 5318 1138 5384 llujuscemodi
1178 5330 1450 5370 sermones
1482 5330 1604 5369 sunt
1644 5320 1923 5373 inordinati
1965 5338 1978 5371 :
2021 5321 2130 5389 Ego
2165 5332 2211 5373 te

706 5404 1010 5471 locupletior
1057 5422 1207 5465 sum,
1259 5406 1419 5474 igitur
1455 5419 1553 5471 ego
1606 5416 1653 5458 te
1696 5411 1895 5463 melior.
1961 5410 2038 5462 Illi
2089 5428 2211 5463 vero

711 5494 874 5555 magis
900 5494 1121 5547 ordinati
1154 5514 1165 5547 :
1206 5483 1313 5562 Ego
1343 5504 1390 5548 te
1425 5495 1731 5563 locupletior
1761 5517 1774 5560 ς
1799 5516 1932 5566 ergo.
1956 5518 2067 5553 mea
2096 5517 2212 5568 pos-

2304 4956 2465 5010 ἐστιν.

2855 5234 2895 5283 Κ
2906 5235 3091 5287 ΕΦΛΛ.
3132 5236 3239 5289 ΞΡ.

2376 5317 2524 5375 Οὗτοι
2552 5326 2597 5374 οἱ
2624 5322 2765 5388 λόγοι
2784 5322 3113 5384 ἀσύντακτοι,
3133 5322 3269 5387 Ἐγώ
3302 5340 3391 5373 σου
3416 5322 3833 5390 πλουσιώτερος.

2311 5410 2413 5475 ἐγὼ
2450 5414 2551 5479 ἄρα
2595 5430 2683 5462 σου
2718 5412 2985 5478 κρείττων.
3035 5411 3168 5477 Ἐγώ
3201 5428 3291 5461 σου
3334 5411 3649 5476 λογιώτερος
3677 5450 3690 5471 ,
3722 5408 3836 5473 ἐγώ

2316 5517 2402 5550 που
2434 5501 2533 5566 ἄρα
2574 5500 2825 5566 κρείττων
2854 5518 2865 5530 ⁸
2913 5501 3101 5551 ἐκεῖνοι
3135 5500 3188 5549 δὲ
3222 5499 3412 5565 μᾶλλον
3464 5499 3837 5558 ουντακτικοὶ,
