4058 6350
210 355 353 418 I399

1424 373 1680 434 EPICTE
1692 378 1754 433 ΓΙ
1797 381 1946 438 ΜΛΝ
1957 384 2165 443 UALE.

3201 395 3335 458 I310

215 467 366 567 ’ξτώ
387 484 475 567 σου
500 468 903 571 πλουσιώτερος.
922 473 984 525 Ἠ
1007 475 1109 544 ἐμὴ
1133 477 1237 547 ἄρα
1269 481 1457 547 κτῆσις
1492 484 1746 552 κρείττων

1861 492 2013 544 :essio
2045 500 2131 543 tua
2163 492 2338 558 potior
2360 503 2472 557 est;
2512 508 2608 561 ego
2636 496 2961 563 eloquentior
2995 510 3062 564 te,
3092 516 3205 555 mea
3234 519 3358 571 ergo

166 556 311 621 -τῆς
358 556 472 623 σῆς.
529 556 666 623 Ἐγώ
717 575 807 609 σου
855 562 1190 632 λογιώτερος,
1235 568 1266 636 ή
1313 570 1417 637 ἐμὴ
1457 571 1561 638 ἄρα
1606 572 1745 633 λέξις

181 645 310 709 ,τῆς
356 644 450 711 σῆς
493 647 779 714 κρείσσων,
836 651 898 713 σὺ
939 651 992 702 δέ
1044 668 1103 716 γε
1146 653 1265 705 οὔτε
1312 659 1496 724 κτῆσις
1534 656 1583 708 εἴ
1624 658 1742 709 οὔτε

202 730 263 781 λέ
275 732 376 793 εις.

790 846 1025 898 ΚΕΦΑΛ.
1070 845 1180 899 ΞΔἏ

264 952 603 1027 ,Δούεταίτις
632 954 855 1022 ταχέως,
888 956 963 1023 μὴ
988 958 1141 1026 εἴπῃς
1170 959 1247 1009 ὅτι
1276 960 1476 1023 κακῶς,
1504 962 1634 1013 ἀλλὰ
1664 964 1744 1015 ὅτι

201 1038 442 1106 ταχέως·
485 1040 622 1092 πίνει
649 1058 733 1104 τις
771 1043 931 1095 πολὺν
955 1042 1110 1108 οἶνον,
1144 1046 1216 1115 μὴ
1241 1048 1394 1117 εἴπῃς
1432 1050 1510 1100 ὅτι
1543 1050 1742 1111 κακῶς.

201 1127 327 1178 ἀλλ’
364 1128 443 1179 ὅτι
480 1129 660 1193 πολὺν,
705 1132 865 1200 πρινὴ
900 1133 1005 1201 γὰρ
1049 1133 1139 1186 τοῦ
1171 1136 1366 1200 γνῶναι
1409 1138 1468 1188 τὸ
1500 1141 1742 1206 πρᾶγμα,

204 1212 374 1266 πόθεν
390 1212 541 1267 οἶσθα
552 1218 597 1267 εί
618 1218 800 1280 κακῶς
816 1236 831 1283 ;
849 1219 1027 1281 Οὕτως
1042 1222 1101 1273 οὐ
1119 1222 1447 1290 συμϐήσεταί
1474 1240 1551 1274 σοι
1576 1224 1745 1276 ἄλλων

209 1299 314 1365 μὲν
362 1303 653 1369 φαντασίας
686 1304 1084 1372 καταληπτικὰς
1115 1306 1407 1376 λαμϐάνειν
1432 1351 1446 1374 ,
1479 1311 1655 1372 ἄλλοις
1688 1311 1740 1363 δὲ

210 1390 719 1454 συγκατατίθεσθαι.

782 1552 1035 1631 ΚΕΦΑΔ.
1060 1578 1173 1633 εει.

281 1684 545 1753 Μηδαμοῦ
574 1687 790 1738 σεαυτὸν
823 1688 981 1757 εἴπῃς
1009 1689 1310 1757 φιλόσοφον,
1349 1692 1481 1761 μηδὲ
1507 1693 1654 1746 λάλει
1688 1694 1747 1746 τὸ

1844 578 2006 629 dictio
2047 589 2133 630 tua
2166 581 2519 645 prazstantior.
2550 580 2626 631 Tu
2661 596 2833 635 autem
2861 599 2956 638 nec
2990 592 3253 653 possessio
3279 606 3357 651 es,

1846 681 2013 732 neque
2054 667 2235 719 dictio.

2380 856 2599 909 CAPUT
2640 858 2817 911 LXIV.

1910 960 2137 1016 Lavatur
2180 963 2297 1030 quis
2332 966 2439 1016 cito
2462 1004 2475 1027 ,
2508 980 2571 1017 ne
2596 967 2827 1027 dixeris,
2879 968 3017 1034 quod
3052 969 3185 1021 male
3209 1008 3221 1028 ,
3268 972 3356 1022 sed

1842 1052 1981 1117 quod
2020 1052 2290 1117 celeriter;
2327 1053 2456 1105 bibit
2485 1054 2674 1119 aliquis
2708 1056 2930 1105 multum
2960 1056 3087 1116 vini,
3123 1070 3185 1106 ne
3208 1057 3353 1108 dixe-

1844 1139 1950 1200 ris,
1990 1138 2127 1203 quod
2161 1140 2316 1199 male,
2353 1155 2532 1191 verum
2572 1142 2709 1207 quod
2757 1142 3011 1207 multum;
3053 1146 3354 1210 priusquam

1842 1224 1979 1276 enim
2012 1239 2122 1275 rem
2173 1226 2491 1293 dignoveris,
2545 1230 2678 1280 unde
2711 1216 2815 1281 seis
2846 1230 2888 1280 si
2922 1230 3086 1281 male?
3134 1230 3221 1282 Sic
3254 1246 3354 1281 nou

1842 1313 2107 1380 continget
2140 1314 2229 1365 tibi
2278 1316 2489 1380 assequi
2536 1314 2755 1367 aliorum
2800 1316 3199 1383 imaginationes
3232 1333 3357 1371 cou-

1843 1402 2177 1467 prehensioni
2214 1403 2500 1469 subjectas,
2535 1414 2625 1456 aut
2655 1405 2704 1455 in
2731 1405 2963 1458 eamdem
2992 1406 3212 1459 aliorum
3240 1422 3358 1460 seu-

1843 1492 2055 1543 teutiam
2088 1492 2427 1544 descendere.
2926 1492 2928 1495 ’

2385 1598 2603 1653 CAPUT
2655 1599 2807 1652 LXV.

1919 1708 2113 1763 Nullibi
2161 1710 2530 1778 philosophum
2567 1710 2788 1775 teipsum
2823 1709 3017 1761 dixeris
3041 1746 3054 1771 ,
3095 1724 3189 1762 nec
3220 1711 3354 1775 apud

210 1772 350 1824 πολῦ
370 1775 427 1825 ἐν
456 1772 684 1835 ἰδιώταις
713 1777 839 1843 περὶ
865 1778 973 1828 τῶν
998 1778 1376 1849 θεωρημάτων⁹
1409 1776 1514 1833 οἷον
1543 1788 1599 1835 ὲν
1620 1778 1750 1853 σύμ-

1861 1798 2121 1864 impcritos
2171 1794 2405 1864 plebeios
2443 1797 2665 1849 multum
2714 1798 2915 1861 gari-ias
2947 1796 3011 1848 de
3040 1772 3354 1863 speculatio-

210 1862 409 1929 ποσΞῳ,
462 1863 535 1930 μὴ
556 1864 685 1929 ¹λέγε
718 1865 832 1927 πῶς
858 1866 935 1918 δεῖ
962 1867 1176 1931 ἐσθίειν,
1202 1869 1315 1921 ἀλλ’
1348 1870 1488 1922 ἔσθιε
1522 1872 1595 1933 ὡς
1623 1873 1707 1931 δεῖ
1732 1890 1746 1905 ·

214 1949 464 2016 μέμνησο
504 1952 608 2019 γὰρ
648 1954 730 2005 ὅτι
774 1952 940 2016 οὕτως
980 1956 1345 2027 ἀφῃρήκεισαν
1386 1962 1434 2010 οἱ
1478 1954 1749 2028 φιλόσοφοι

212 2038 547 2105 πανταχόθεν
575 2040 633 2090 τὸ
663 2040 1019 2094 ἐπιδεικτικδν
1055 2043 1192 2095 ὥστε
1226 2045 1452 2114 ἤρχοντο
1484 2048 1617 2116 πρὸς
1652 2049 1748 2099 αὐ-

210 2126 345 2186 τοὺς
381 2126 686 2195 βουλόμενοι
722 2130 810 2181 ὑπ’
862 2132 1040 2183 αὐτῶν
1084 2134 1354 2200 φιλόσοφοι
1408 2137 1746 2205 συσταθῆναι,

210 2214 453 2266 κάκεῖνοι
482 2218 760 2283 ἀπήγαγον
780 2220 990 2297 αὐτούς.
1014 2220 1192 2284 Οὕτως
1218 2224 1483 2292 ἠνείχοντο
1512 2224 1751 2293 παρορώ-

216 2321 395 2371 μενοι.

781 2420 1025 2472 ΚΕΦΑΛ.
1058 2419 1189 2487 scr.

288 2525 447 2576 ’Ὥστε
483 2526 583 2577 κᾶν
629 2527 751 2593 περὶ
780 2526 1125 2595 θεωρήματός
1170 2544 1311 2590 τινος
1339 2531 1549 2599 ἐμπέσῃ
1588 2532 1743 2598 λόγος

210 2612 273 2662 ἐν
306 2610 557 2671 ἰδιώταις,
589 2611 761 2663 σιώπα
808 2613 865 2663 τὸ
891 2613 1042 2665 πολύ.
1074 2614 1260 2679 Μέγας
1303 2616 1408 2683 γὰρ
1439 2618 1467 2665 ὁ
1518 2603 1753 2679 κίνδννος

211 2698 379 2759 εὐθὺς
422 2700 611 2765 ὲμὲσαι
653 2698 687 2751 ἃ
719 2699 816 2751 οὐκ
858 2700 1077 2768 ἐπεψας,
1118 2702 1210 2752 καὶ
1239 2702 1364 2753 ὅταν
1404 2703 1528 2772 ein-ﬂ
1568 2703 1649 2755 σοί
1674 2720 1754 2765 τις

211 2788 300 2838 ὅτι
343 2786 489 2837 οὐδὲν
538 2782 689 2838 οἶσθα
712 2830 725 2849 ,
761 2789 853 2839 καὶ
886 2788 947 2839 σὺ
997 2788 1069 2857 μὴ
1107 2790 1344 2858 δειχθῇς·
1379 2790 1496 2842 τότε
1540 2791 1643 2844 ἴσθι
1674 2792 1752 2844 ὅτι

174 2917 185 2925 .
212 2874 361 2941 ἄρχῃ
400 2873 491 2923 τοῦ
533 2874 712 2941 ἔργου·
745 2876 863 2926 ἐπεὶ
901 2877 992 2927 καὶ
1035 2878 1099 2928 τὰ
1151 2878 1407 2945 ,πρόϐατα
1450 2880 1509 2930 οὐ
1566 2880 1753 2949 χόρτον

214 2963 449 3030 φέροντα
471 2966 579 3024 τοῖς
595 2964 840 3031 ποιμέσιν
863 2965 1177 3019 ἐπιδεικνύει
1202 2968 1359 3019 πόσον
1385 2967 1598 3034 ἔφαγεν,
1623 2969 1753 3022 ἀλλὰ

1848 1887 2028 1951 nibus;
2066 1887 2226 1950 velut,
2264 1888 2316 1937 in
2342 1886 2580 1939 convivio
2610 1900 2673 1937 ne
2703 1886 2849 1938 dicas
2877 1886 3138 1951 quomodo
3178 1898 3355 1937 come-

1846 1975 1970 2027 dere
2009 1982 2236 2041 oportet,
2278 1973 2371 2027 sed
2402 1973 2615 2025 comede
2652 1980 2708 2024 ut
2753 1973 2899 2024 decet
2932 1986 3173 2025 :memor
3214 1973 3354 2024 enim

1846 2067 1978 2120 esto,
2011 2059 2151 2123 quod
2190 2060 2259 2110 ita
2295 2060 2625 2111 sustulerunt
2677 2058 3020 2125 undecunque
3051 2060 3357 2111 ostentatio-

1847 2162 1964 2201 nem
1989 2147 2307 2214 philosophi,
2329 2157 2384 2199 ut
2409 2162 2527 2199 cum
2548 2148 2610 2198 ad
2637 2148 2777 2212 ipsos
2802 2146 3107 2199 accederent
3126 2148 3215 2214 qui
3242 2147 3357 2213 phi-

1849 2236 2051 2301 losophi
2111 2235 2177 2286 ab
2221 2235 2284 2287 iis
2329 2235 2526 2286 institui
2586 2234 2848 2297 volebant,
2896 2236 2967 2286 illi
3017 2234 3354 2301 depellerent,

1850 2323 1938 2376 isti
1962 2330 2136 2375 autem
2171 2322 2242 2373 ita
2265 2321 2553 2389 perferrent
2591 2322 2827 2389 neglecti.

2396 2428 2614 2484 CAPUT
2652 2431 2824 2483 LXVI.
2866 2448 2871 2453 ο

1919 2521 2099 2591 Itaque
2124 2520 2366 2589 quamvis
2387 2522 2529 2587 apud
2568 2522 2797 2589 plebeios
2826 2534 3001 2572 sermo
3028 2520 3268 2571 inciderit
3296 2520 3360 2572 de

1851 2610 2026 2676 aliqua
2055 2610 2435 2675 speculamine,
2478 2609 2627 2676 351
2671 2610 2766 2661 sile
2801 2618 2857 2660 ut
2885 2608 3196 2674 plurimum;
3248 2624 3362 2660 ma-

1851 2711 2012 2764 gnum
2051 2710 2237 2762 nempe
2283 2696 2570 2763 periculum
2620 2704 2699 2748 est
2736 2696 2911 2759 statim
2956 2710 3195 2747 evouicre
3245 2711 3361 2762 qua:

1852 2799 1955 2836 non
2006 2782 2336 2848 concoxisti;
2385 2792 2437 2835 et
2486 2781 2697 2850 quando
2746 2781 2837 2834 tibi
2877 2781 3015 2834 (licet
3061 2782 3357 2849 quispiam,

1852 2873 1991 2943 quod
2020 2872 2147 2925 nihil
2175 2872 2298 2936 scis,
2341 2880 2393 2925 et
2441 2879 2496 2924 tu
2546 2884 2648 2923 non
2692 2871 3018 2931 ostenderis,
3051 2872 3180 2923 scito
3215 2882 3359 2933 tunc,

1852 2961 1994 3030 quod
2040 2960 2356 3028 principium
2404 2959 2580 3027 operis
2626 2966 2740 3021 est;
2774 2957 3194 3025 quandoquidem
3239 2972 3362 3009 oves

215 3051 322 3118 τὴν
356 3052 522 3120 νομὴν
576 3050 679 3103 ἔσω
751 3052 1009 3119 πέψαντα,
1070 3055 1199 3123 ὲρίῳ
1260 3054 1361 3117 ἔξω
1426 3055 1599 3124 φέρει,
1661 3059 1750 3109 καὶ

1861 3064 1960 3102 non
2027 3049 2307 3103 ostendunt
2334 3048 2643 3124 pastoribus
2686 3055 2938 3111 quantum
2998 3045 3358 3105 comederint,

215 3136 468 3203 γάλακτι.
519 3137 622 3189 Καὶ
682 3137 743 3189 σὺ
792 3138 964 3190 τοίνυν
1018 3139 1090 3208 μὴ
1135 3140 1202 3193 τὰ
1267 3140 1592 3210 θεωρήματα
1642 3145 1752 3204 τοῖς

221 3224 461 3285 ἰδιώταις
501 3224 837 3287 ἐπιδείκνυε,
877 3226 1007 3279 ἀλλὰ
1046 3228 1113 3280 τὰ
1149 3229 1242 3280 ἀπ’
1274 3230 1448 3281 αὐτῶν
1489 3230 1752 3297 πεφθέντα

220 3315 383 3383 ἔργα.

809 3592 1048 3645 ΚΕΦΑΛ.
1083 3590 1193 3648 ΞΖ’.

305 3684 468 3736 Ὅταν
492 3682 718 3745 εὐτελῶς
750 3678 800 3735 εἴ
822 3684 1156 3752 ἡρμοσμένος
1190 3684 1255 3737 τὰ
1298 3666 1436 3738 κατᾶ
1473 3688 1647 3757 σῶμα,
1685 3690 1756 3758 μὴ

228 3763 563 3836 καλλωπίξου
598 3772 686 3824 ἐπὶ
724 3772 912 3840 τούτῳ.
947 3772 1079 3839 Μηδ⁹
1118 3772 1183 3823 ἂν
1216 3772 1357 3840 ὕδωρ
1383 3774 1537 3842 πίνῃς
1562 3778 1624 3825 ὲκ
1656 3776 1755 3827 πά-

229 3880 333 3931 σης
365 3863 611 3931 ἀφορμῆς
654 3862 795 3925 λέγε,
831 3862 908 3911 ὅτι
958 3859 1096 3925 ὕδωρ
1144 3860 1333 3920 πίνεις,
1382 3846 1490 3912 κᾶν
1528 3862 1757 3928 ἀσκῆσαί

227 3967 360 4001 ποτε
386 3950 515 4015 πρὸς
561 3948 713 3998 πόνον
748 3946 969 4014 Θελήσῃς
1010 3943 1214 4011 σεαυτῷ
1243 3945 1335 3997 καὶ
1380 3947 1450 4013 μὴ
1482 3950 1590 4007 τοῖς
1636 3949 1755 4011 ἔξω.

229 4038 324 4105 Μὴ
348 4038 467 4097 τοὺς
502 4021 811 4104 ἀνδριάντας
839 4031 1197 4101 περιλάμϐανε
1218 4070 1230 4092 ,
1267 4033 1396 4083 ἀλλὰ
1426 4033 1589 4102 διψῶν
1630 4051 1757 4085 ποτε

231 4123 494 4191 σφοδρῶς,
546 4124 837 4175 ὲπίσπασαι
873 4120 1068 4189 ψυχροῦ
1110 4119 1316 4181 ὕδατος,
1360 4122 1450 4172 καὶ
1476 4123 1759 4187 ἔκπτυσον,

194 4286 213 4298 α
234 4214 332 4267 καὶ
357 4215 538 4283 μηδενὶ
570 4215 744 4283 εἴπῃς.
812 4210 819 4213 ⁷

799 4409 1041 4461 ΚΕΦΑΛ.
1077 4406 1199 4457 ΞΗ’.

322 4495 544 4547 ’ἰδιώτου
583 4494 783 4554 στάσις,
825 4493 912 4544 καὶ
940 4491 1235 4561 χαρακτὴρ,
1273 4489 1520 4556 οὐδεμίαν
1551 4490 1677 4539 ποτὶ
1704 4484 1761 4548 ἐξ

238 4584 427 4636 ἑαυτοῦ
461 4585 728 4652 προσδοκᾷ
756 4582 1009 4648 ὠφέλειαν
1030 4622 1043 4644 ,
1072 4581 1105 4649 ἢ
1144 4579 1362 4646 βλάϐην,
1393 4577 1503 4629 ἀλλ’
1536 4577 1639 4629 ἀπὺ
1656 4574 1761 4627 τῶν

238 4671 361 4732 ἔξω.
403 4670 688 4737 Φιλοσόφου
735 4669 936 4729 στάσις,
964 4666 1054 4719 καὶ
1084 4666 1362 4734 χαρακτὴρ
1411 4664 1586 4715 πᾶσαν
1623 4660 1763 4725 ὠφέ-

238 4759 406 4822 λειαν,
437 4758 529 4809 καὶ
564 4758 781 4825 βλάϐην,
803 4756 865 4835 ἐξ
891 4756 1074 4807 ἑαυτοῦ
1110 4754 1393 4823 προσδοκᾷ.

807 4947 1049 4997 ΚΕΦΔΛ.
1082 4944 1196 4997 ΞΘ¹.

314 5036 544 5102 Σημεῖόν
589 5032 977 5101 προκόπτοντος
1025 5035 1212 5085 οὐδένα
1248 5032 1402 5099 ψέγει
1448 5030 1762 5097 προχείρως,

247 5124 432 5177 οὐδένα
458 5122 742 5190 μέμφεται,
763 5120 930 5170 οὐδενὶ
950 5120 1185 5183 ἐγκαλεῖ,
1206 5122 1301 5173 κᾶν
1331 5136 1412 5180 τις
1439 5118 1592 5169 αὑτὸν
1613 5119 1765 5168 ἐπαι-

248 5216 334 5282 νῇ,
376 5210 642 5277 καταγελᾷ
684 5208 773 5260 τοῦ
821 5208 1155 5269 ἐπαινοῦντος
1190 5211 1347 5259 αὐτὸν
1397 5206 1521 5274 παρ’
1562 5205 1764 5273 ἐαυτῷ,

251 5302 348 5354 κᾶν
377 5301 514 5369 ψέγῃ
541 5301 638 5350 οὐκ
681 5298 1039 5363 ἀπολογεῖται.
1072 5298 1305 5364 Περίεισι
1347 5298 1401 5349 δὲ
1430 5288 1686 5364 ⁴καθάπερ
1720 5298 1766 5347 οἱ

250 5392 511 5459 ἇρρωστοι
533 5379 905 5454 εὐλαϐούμενοί
933 5404 982 5437 τι
1007 5387 1215 5454 κινῆσαι
1239 5387 1342 5438 τῶν
1366 5384 1766 5451 καθισταμένων

253 5478 378 5543 πρὶν
410 5476 561 5541 πῆξιν
591 5474 791 5527 λαϐεῖν.

1851 3137 2065 3191 herbam
2100 3122 2447 3203 proferen'tes,
2478 3135 2567 3187 sed
2614 3134 2748 3196 lana,
2797 3148 2858 3185 ac
2904 3134 3036 3185 lacte
3070 3132 3362 3199 producunt

1851 3224 1981 3277 loris
2012 3224 2259 3290 pabulum
2285 3260 2299 3283 ,
2347 3236 2467 3274 cum
2512 3222 2654 3273 intus
2694 3221 3049 3272 concoxerim.
3090 3221 3268 3285 Itaque
3308 3228 3360 3269 tu

1854 3325 2068 3377 quoque
2106 3324 2173 3360 ne
2202 3310 2306 3360 cito
2354 3307 2612 3375 imperitis
2660 3307 3043 3374 speculationes
3090 3306 3359 3366 exhibeas,

1851 3397 1939 3448 sed
1994 3409 2155 3462 opera
2194 3394 2260 3446 ab
2306 3394 2369 3446 iis
2419 3392 2653 3461 (scilicet
2702 3391 3178 3460 speculationibus)
3232 3404 3362 3443 con-

1836 3474 2018 3535 cocta.

2311 3654 2315 3659 .
2354 3587 2603 3643 CAPUT
2640 3585 2840 3641 vau.
2914 3612 2917 3615 η

1923 3678 2145 3742 Quando
2183 3676 2705 3742 lenuiter‘aptaveris
2745 3687 2841 3733 ea,
2899 3686 3015 3738 quae
3059 3671 3125 3723 ad
3174 3684 3363 3736 corpus

1854 3768 2131 3835 pertinent.
2157 3778 2223 3815 ne
2265 3760 2505 3828 glorieris
2546 3774 2702 3825 super
2750 3760 2881 3820 hoc;
2914 3766 2964 3809 et
2996 3756 3042 3807 si
3086 3772 3147 3808 ex
3179 3758 3363 3822 quavis

1854 3851 2131 3903 0'3C3‘:l0lle
2170 3862 2362 3913 aquam
2393 3847 2563 3907 bibas,
2596 3859 2660 3896 ne
2690 3844 2852 3903 dicas,
2884 3842 3024 3909 quod
3068 3857 3255 3909 aquam
3286 3842 3365 3893 bi-

1856 3934 1971 3995 bis;
2003 3944 2231 3996 cumque
2262 3929 2326 3981 ad
2357 3929 2562 3982 labores
2597 3928 2827 3981 exerceri
2850 3927 3095 3989 volueris,
3127 3927 3216 3979 tibi
3244 3928 3363 3994 ipsi,

1854 4030 1906 4073 et
1942 4032 2047 4070 non
2083 4017 2204 4081 his,
2252 4017 2343 4084 qui
2398 4027 2520 4070 sunt
2564 4018 2795 4070 exterius
2829 4016 2878 4069 id
2916 4025 3094 4068 notum
3141 4014 3250 4079 l‘ac;
3301 4031 3366 4068 ne

1857 4109 2187 4175 amplcctaris
2240 4116 2482 4171 statuas,
2534 4106 2625 4161 sed
2675 4108 2983 4175 quandoque
3035 4105 3369 4158 vehementer

1857 4184 2063 4258 sitiens,
2107 4196 2260 4248 hauri
2295 4195 2537 4263 frigidam
2580 4209 2789 4262 aquam,
2818 4202 2869 4247 et
2907 4208 3095 4261 expue,
3142 4191 3367 4245 nemini-

1857 4298 1960 4353 que
1997 4284 2213 4338 dixeris.

2373 4390 2589 4447 CAPUT
2628 4390 2846 4443 LXVIII.
2929 4434 2935 4442 .

1926 4480 2141 4542 Plebeii,
2174 4481 2289 4534 sive
2319 4481 2545 4548 imperiti
2580 4489 2836 4541 status,et
2875 4489 2996 4533 nota
3022 4480 3245 4532 :nullam
3273 4495 3371 4530 un-

1859 4583 2017 4636 quam
2064 4583 2125 4620 ex
2163 4569 2643 4635 seipsoexspectat
2674 4564 2949 4620 utilitatem
2974 4606 2990 4628 ,
3023 4575 3114 4619 aut
3156 4580 3368 4626 noxam,

1860 4657 1951 4709 sed
1984 4655 2050 4707 ab
2088 4655 2194 4717 his,
2230 4670 2347 4723 quae
2388 4666 2513 4708 sunt
2545 4663 2711 4708 extra.
2759 4655 3065 4721 Philosophi
3099 4650 3331 4704 conditio
3356 4690 3371 4711 ,

1861 4738 1914 4798 et
1942 4744 2194 4799 indicium
2248 4746 2460 4800 omnem
2495 4746 2788 4807 utilitatem,
2825 4753 2877 4796 et
2916 4755 3103 4794 noxam
3139 4756 3167 4789 ιι
3198 4739 3396 4806 seipso

1861 4839 2148 4899 exspectat.

2398 4910 2619 4989 CAPUT"
2657 4932 2836 4989 LXIX.

1932 5029 2149 5096 Signum
2179 5023 2499 5091 proﬁcientis
2538 5067 2545 5072 .
2574 5024 2833 5076 neminem
2868 5023 3203 5091 reprehendit
3248 5036 3376 5075 con-

1865 5117 2074 5177 festim,
2123 5111 2380 5164 neminem
2422 5110 2619 5172 laudat,
2658 5109 2721 5161 de
2761 5112 2970 5164 nemine
3003 5109 3373 5175 conqueritur,

1867 5211 2078 5258 accusat
2112 5200 2414 5263 neminem;
2450 5206 2498 5250 et
2529 5199 2570 5250 si
2613 5199 2733 5266 quis
2765 5199 2933 5266 ipsum
2968 5196 3195 5249 dilaudet
3219 5233 3233 5258 ,
3283 5197 3377 5247 de-

1865 5294 1997 5347 ridet
2027 5289 2188 5357 352.
2212 5288 2349 5355 apud
2386 5288 2619 5355 seipsum
2660 5289 3058 5345 dilaudatorem,
3095 5293 3147 5336 et
3184 5284 3226 5337 si
3260 5286 3375 5351 quis

1866 5376 2233 5444 reprehendat,
2266 5388 2369 5425 non
2406 5390 2462 5428 se
2483 5375 2749 5436 defendit;
2777 5372 3019 5424 circumit
3042 5386 3164 5423 vero
3191 5386 3375 5437 quem-

1868 5464 2149 5516 admodum
2194 5464 2412 5528 iulirmi,
2467 5465 2557 5530 qui
2607 5471 2793 5514 cavent
2828 5476 2891 5512 ne
2938 5461 3062 5526 quid
3112 5460 3375 5513 slabilium

1868 5562 2247 5617 commoveaut,
2285 5564 2561 5619 antequam
2602 5558 2873 5603 resumaut-
2907 5549 3238 5629 soliditatem.
