  <div class='ocr_page' id='page_1' title='image "/cluster/home/n/w/nwhite01/storage/ocr_20150623/79/pst.000005712786/712.png"; bbox 0 0 4058 6350; ppageno 0'>
   <div class='ocr_carea' id='block_1_1' title="bbox 151 301 290 361">
    <p class='ocr_par' dir='ltr' id='par_1_1' title="bbox 151 301 290 361">
     <span class='ocr_line' id='line_1_1' title="bbox 151 301 290 361; baseline 0.007 -2"><span class='ocrx_word' id='word_1_1' title='bbox 151 301 290 361; x_wconf 78' lang='lat'><strong>1313</strong></span> 
     </span>
    </p>
   </div>
   <div class='ocr_carea' id='block_1_2' title="bbox 1359 264 2102 345">
    <p class='ocr_par' dir='ltr' id='par_1_2' title="bbox 1359 264 2102 345">
     <span class='ocr_line' id='line_1_2' title="bbox 1359 264 2102 345; baseline -0.011 0"><span class='ocrx_word' id='word_1_2' title='bbox 1359 288 1690 345; x_wconf 71' lang='lat' dir='ltr'><strong>El’lCTETl</strong></span> <span class='ocrx_word' id='word_1_3' title='bbox 1729 264 2102 343; x_wconf 65' lang='lat' dir='ltr'><strong>MANUALE‘.</strong></span> 
     </span>
    </p>
   </div>
   <div class='ocr_carea' id='block_1_3' title="bbox 3185 261 3356 334">
    <p class='ocr_par' dir='ltr' id='par_1_3' title="bbox 3185 261 3356 334">
     <span class='ocr_line' id='line_1_3' title="bbox 3185 261 3356 334; baseline -0.012 -1"><span class='ocrx_word' id='word_1_4' title='bbox 3185 261 3356 334; x_wconf 30' lang='lat' dir='ltr'><strong>13H.</strong></span> 
     </span>
    </p>
   </div>
   <div class='ocr_carea' id='block_1_4' title="bbox 142 388 1693 475">
    <p class='ocr_par' dir='ltr' id='par_1_4' title="bbox 142 398 1678 475">
     <span class='ocr_line' id='line_1_4' title="bbox 142 398 1678 475; baseline -0.008 -17"><span class='ocrx_word' id='word_1_5' title='bbox 142 415 241 470; x_wconf 66' lang='grc' dir='ltr'><strong>τὰς</strong></span> <span class='ocrx_word' id='word_1_6' title='bbox 277 407 567 475; x_wconf 71' lang='grc' dir='ltr'>φαντασίας</span> <span class='ocrx_word' id='word_1_7' title='bbox 595 405 692 465; x_wconf 68' lang='grc' dir='ltr'><strong>τὰς</strong></span> <span class='ocrx_word' id='word_1_8' title='bbox 733 402 1060 470; x_wconf 68' lang='grc' dir='ltr'>νυκτερινὰς,</span> <span class='ocrx_word' id='word_1_9' title='bbox 1095 398 1180 449; x_wconf 71' lang='grc' dir='ltr'>καὶ</span> <span class='ocrx_word' id='word_1_10' title='bbox 1215 399 1373 463; x_wconf 71' lang='grc' dir='ltr'>ἐγγυς</span> <span class='ocrx_word' id='word_1_11' title='bbox 1399 399 1678 463; x_wconf 71' lang='grc' dir='ltr'>γενόμενος</span> 
     </span>
    </p>
   </div>
   <div class='ocr_carea' id='block_1_5' title="bbox 1786 388 3312 475">
    <p class='ocr_par' dir='ltr' id='par_1_5' title="bbox 1786 388 3312 458">
     <span class='ocr_line' id='line_1_5' title="bbox 1786 388 3312 458; baseline -0.003 -15"><span class='ocrx_word' id='word_1_12' title='bbox 1786 393 1981 445; x_wconf 74' lang='lat' dir='ltr'><strong>rturnis</strong></span> <span class='ocrx_word' id='word_1_13' title='bbox 1999 388 2574 458; x_wconf 81' lang='lat' dir='ltr'><strong>visionibusdillicultcr</strong></span> <span class='ocrx_word' id='word_1_14' title='bbox 2592 403 2706 441; x_wconf 90' lang='lat' dir='ltr'><strong>eam</strong></span> <span class='ocrx_word' id='word_1_15' title='bbox 2727 388 3000 440; x_wconf 83' lang='lat' dir='ltr'><strong>tolerarem</strong></span> <span class='ocrx_word' id='word_1_16' title='bbox 3026 403 3039 449; x_wconf 88' lang='lat'><strong>;</strong></span> <span class='ocrx_word' id='word_1_17' title='bbox 3063 401 3312 453; x_wconf 81' lang='lat' dir='ltr'><strong>cumque.</strong></span> 
     </span>
    </p>
   </div>
   <div class='ocr_carea' id='block_1_6' title="bbox 141 482 1669 558">
    <p class='ocr_par' dir='ltr' id='par_1_6' title="bbox 141 482 1669 558">
     <span class='ocr_line' id='line_1_6' title="bbox 141 482 1669 558; baseline -0.009 -14"><span class='ocrx_word' id='word_1_18' title='bbox 141 495 237 544; x_wconf 75' lang='grc' dir='ltr'>τοῦ</span> <span class='ocrx_word' id='word_1_19' title='bbox 277 493 505 557; x_wconf 75' lang='grc' dir='ltr'>ἐξελθεῖν</span> <span class='ocrx_word' id='word_1_20' title='bbox 529 494 625 558; x_wconf 82' lang='grc' dir='ltr'><strong>τῆς</strong></span> <span class='ocrx_word' id='word_1_21' title='bbox 662 492 860 557; x_wconf 76' lang='grc' dir='ltr'>ἐρήμου</span> <span class='ocrx_word' id='word_1_22' title='bbox 893 485 1194 545; x_wconf 75' lang='grc' dir='ltr'>ἐλαύνοντος</span> <span class='ocrx_word' id='word_1_23' title='bbox 1226 501 1290 552; x_wconf 88' lang='grc' dir='ltr'><strong>με</strong></span> <span class='ocrx_word' id='word_1_24' title='bbox 1314 483 1405 534; x_wconf 77' lang='grc' dir='ltr'>τοῦ</span> <span class='ocrx_word' id='word_1_25' title='bbox 1439 482 1636 541; x_wconf 79' lang='grc' dir='ltr'><strong>πάθους</strong></span> <span class='ocrx_word' id='word_1_26' title='bbox 1658 500 1669 510; x_wconf 92' lang='grc'><strong>·</strong></span> 
     </span>
    </p>
   </div>
   <div class='ocr_carea' id='block_1_7' title="bbox 143 570 1674 648">
    <p class='ocr_par' dir='ltr' id='par_1_7' title="bbox 143 570 1674 648">
     <span class='ocr_line' id='line_1_7' title="bbox 143 570 1674 648; baseline -0.007 -19"><span class='ocrx_word' id='word_1_27' title='bbox 143 583 261 641; x_wconf 83' lang='grc' dir='ltr'>τοῖς</span> <span class='ocrx_word' id='word_1_28' title='bbox 317 582 411 648; x_wconf 75' lang='grc' dir='ltr'>μὲν</span> <span class='ocrx_word' id='word_1_29' title='bbox 441 579 670 645; x_wconf 76' lang='grc' dir='ltr'><strong>γείτοσιν</strong></span> <span class='ocrx_word' id='word_1_30' title='bbox 712 579 858 642; x_wconf 81' lang='grc' dir='ltr'>ἐμοῖς</span> <span class='ocrx_word' id='word_1_31' title='bbox 901 577 994 626; x_wconf 77' lang='grc' dir='ltr'><strong>οὐκ</strong></span> <span class='ocrx_word' id='word_1_32' title='bbox 1042 572 1305 640; x_wconf 79' lang='grc' dir='ltr'><strong>ἀνεθέμην</strong></span> <span class='ocrx_word' id='word_1_33' title='bbox 1346 571 1404 621; x_wconf 82' lang='grc' dir='ltr'><strong>τὸ</strong></span> <span class='ocrx_word' id='word_1_34' title='bbox 1451 570 1674 636; x_wconf 80' lang='grc' dir='ltr'>πρᾶγμα</span> 
     </span>
    </p>
   </div>
   <div class='ocr_carea' id='block_1_8' title="bbox 144 658 1675 735">
    <p class='ocr_par' dir='ltr' id='par_1_8' title="bbox 144 658 1675 735">
     <span class='ocr_line' id='line_1_8' title="bbox 144 658 1675 735; baseline -0.005 -19"><span class='ocrx_word' id='word_1_35' title='bbox 144 667 274 718; x_wconf 72' lang='grc' dir='ltr'>οὔτε</span> <span class='ocrx_word' id='word_1_36' title='bbox 303 666 378 735; x_wconf 78' lang='grc' dir='ltr'>τῷ</span> <span class='ocrx_word' id='word_1_37' title='bbox 399 666 692 731; x_wconf 72' lang='grc' dir='ltr'><strong>διδασκάλῳ</strong></span> <span class='ocrx_word' id='word_1_38' title='bbox 722 663 973 731; x_wconf 80' lang='grc' dir='ltr'>Εὑλογίῳ,</span> <span class='ocrx_word' id='word_1_39' title='bbox 1021 662 1312 730; x_wconf 79' lang='grc' dir='ltr'><strong>λεληθότως</strong></span> <span class='ocrx_word' id='word_1_40' title='bbox 1344 661 1400 711; x_wconf 88' lang='grc' dir='ltr'><strong>δέ</strong></span> <span class='ocrx_word' id='word_1_41' title='bbox 1430 658 1675 728; x_wconf 83' lang='grc' dir='ltr'>παραϐα-</span> 
     </span>
    </p>
   </div>
   <div class='ocr_carea' id='block_1_9' title="bbox 146 748 1678 823">
    <p class='ocr_par' dir='ltr' id='par_1_9' title="bbox 146 748 1678 823">
     <span class='ocr_line' id='line_1_9' title="bbox 146 748 1678 823; baseline 0 -18"><span class='ocrx_word' id='word_1_42' title='bbox 146 756 259 806; x_wconf 78' lang='grc' dir='ltr'>λὼν</span> <span class='ocrx_word' id='word_1_43' title='bbox 305 759 382 816; x_wconf 80' lang='grc' dir='ltr'>εἰς</span> <span class='ocrx_word' id='word_1_44' title='bbox 415 757 512 823; x_wconf 79' lang='grc' dir='ltr'>τὴν</span> <span class='ocrx_word' id='word_1_45' title='bbox 559 754 886 821; x_wconf 81' lang='grc' dir='ltr'>πανέρημον,</span> <span class='ocrx_word' id='word_1_46' title='bbox 928 750 1310 817; x_wconf 81' lang='grc' dir='ltr'><strong>συνετύγχανον</strong></span> <span class='ocrx_word' id='word_1_47' title='bbox 1360 749 1449 799; x_wconf 69' lang='grc' dir='ltr'><strong>ἐπὶ</strong></span> <span class='ocrx_word' id='word_1_48' title='bbox 1472 748 1678 814; x_wconf 73' lang='grc' dir='ltr'>ἡμέρας</span> 
     </span>
    </p>
   </div>
   <div class='ocr_carea' id='block_1_10' title="bbox 148 835 1679 907">
    <p class='ocr_par' dir='ltr' id='par_1_10' title="bbox 148 835 1679 907">
     <span class='ocr_line' id='line_1_10' title="bbox 148 835 1679 907; baseline -0.007 -14"><span class='ocrx_word' id='word_1_49' title='bbox 148 843 451 893; x_wconf 84' lang='grc' dir='ltr'>δεκαπέντε</span> <span class='ocrx_word' id='word_1_50' title='bbox 478 844 586 901; x_wconf 73' lang='grc' dir='ltr'>τοῖς</span> <span class='ocrx_word' id='word_1_51' title='bbox 617 842 749 890; x_wconf 70' lang='grc' dir='ltr'>κατά</span> <span class='ocrx_word' id='word_1_52' title='bbox 779 840 871 907; x_wconf 80' lang='grc' dir='ltr'><strong>τὴν</strong></span> <span class='ocrx_word' id='word_1_53' title='bbox 899 838 1090 903; x_wconf 85' lang='grc' dir='ltr'>Σκῆτιν</span> <span class='ocrx_word' id='word_1_54' title='bbox 1114 837 1382 904; x_wconf 77' lang='grc' dir='ltr'>γηράσασι</span> <span class='ocrx_word' id='word_1_55' title='bbox 1411 835 1679 901; x_wconf 84' lang='grc' dir='ltr'>Πατράσιν</span> 
     </span>
    </p>
   </div>
   <div class='ocr_carea' id='block_1_11' title="bbox 150 918 1679 998">
    <p class='ocr_par' dir='ltr' id='par_1_11' title="bbox 150 918 1679 998">
     <span class='ocr_line' id='line_1_11' title="bbox 150 918 1679 998; baseline -0.009 -20"><span class='ocrx_word' id='word_1_56' title='bbox 150 930 210 978; x_wconf 84' lang='grc' dir='ltr'><strong>ἐν</strong></span> <span class='ocrx_word' id='word_1_57' title='bbox 261 931 326 995; x_wconf 75' lang='grc' dir='ltr'>τῇ</span> <span class='ocrx_word' id='word_1_58' title='bbox 379 928 588 994; x_wconf 77' lang='grc' dir='ltr'>ἐρήμῳ,</span> <span class='ocrx_word' id='word_1_59' title='bbox 639 927 694 974; x_wconf 84' lang='grc' dir='ltr'><strong>ἐν</strong></span> <span class='ocrx_word' id='word_1_60' title='bbox 740 918 818 984; x_wconf 74' lang='grc' dir='ltr'>οἷς</span> <span class='ocrx_word' id='word_1_61' title='bbox 864 920 929 990; x_wconf 80' lang='grc' dir='ltr'>ἦν</span> <span class='ocrx_word' id='word_1_62' title='bbox 960 921 1048 972; x_wconf 81' lang='grc' dir='ltr'><strong>καί</strong></span> <span class='ocrx_word' id='word_1_63' title='bbox 1091 939 1170 981; x_wconf 87' lang='grc' dir='ltr'><strong>τις</strong></span> <span class='ocrx_word' id='word_1_64' title='bbox 1206 921 1391 987; x_wconf 77' lang='grc' dir='ltr'>Πάχων</span> <span class='ocrx_word' id='word_1_65' title='bbox 1444 918 1679 998; x_wconf 72' lang='grc' dir='ltr'>ὀνόματι,</span> 
     </span>
    </p>
   </div>
   <div class='ocr_carea' id='block_1_12' title="bbox 151 1007 1683 1080">
    <p class='ocr_par' dir='ltr' id='par_1_12' title="bbox 151 1007 1683 1080">
     <span class='ocr_line' id='line_1_12' title="bbox 151 1007 1683 1080; baseline -0.006 -16"><span class='ocrx_word' id='word_1_66' title='bbox 151 1012 549 1080; x_wconf 69' lang='grc' dir='ltr'>ἑϐδομηκοστὸν</span> <span class='ocrx_word' id='word_1_67' title='bbox 579 1013 690 1071; x_wconf 74' lang='grc' dir='ltr'>ἔτος</span> <span class='ocrx_word' id='word_1_68' title='bbox 722 1010 913 1070; x_wconf 81' lang='grc' dir='ltr'>ἐλάσας</span> <span class='ocrx_word' id='word_1_69' title='bbox 947 1009 1242 1075; x_wconf 69' lang='grc' dir='ltr'>καθήμενος</span> <span class='ocrx_word' id='word_1_70' title='bbox 1277 1008 1334 1058; x_wconf 89' lang='grc' dir='ltr'><strong>ἐν</strong></span> <span class='ocrx_word' id='word_1_71' title='bbox 1369 1009 1434 1072; x_wconf 81' lang='grc' dir='ltr'>τῇ</span> <span class='ocrx_word' id='word_1_72' title='bbox 1467 1007 1683 1073; x_wconf 74' lang='grc' dir='ltr'>Σκήτει.</span> 
     </span>
    </p>
   </div>
   <div class='ocr_carea' id='block_1_13' title="bbox 152 1095 1679 1167">
    <p class='ocr_par' dir='ltr' id='par_1_13' title="bbox 152 1095 1679 1167">
     <span class='ocr_line' id='line_1_13' title="bbox 152 1095 1679 1167; baseline -0.007 -14"><span class='ocrx_word' id='word_1_73' title='bbox 152 1099 351 1167; x_wconf 79' lang='grc' dir='ltr'>Εὑρὼν</span> <span class='ocrx_word' id='word_1_74' title='bbox 380 1095 468 1149; x_wconf 77' lang='grc' dir='ltr'><strong>οὖν</strong></span> <span class='ocrx_word' id='word_1_75' title='bbox 500 1099 656 1149; x_wconf 65' lang='grc' dir='ltr'>αὐτὸν</span> <span class='ocrx_word' id='word_1_76' title='bbox 690 1097 1136 1164; x_wconf 79' lang='grc' dir='ltr'>ἀσκητικώτερον,</span> <span class='ocrx_word' id='word_1_77' title='bbox 1171 1097 1260 1147; x_wconf 77' lang='grc' dir='ltr'><strong>καὶ</strong></span> <span class='ocrx_word' id='word_1_78' title='bbox 1289 1096 1679 1162; x_wconf 84' lang='grc' dir='ltr'>ἀκεραιότερον,</span> 
     </span>
    </p>
   </div>
   <div class='ocr_carea' id='block_1_14' title="bbox 152 1181 1682 1258">
    <p class='ocr_par' dir='ltr' id='par_1_14' title="bbox 152 1181 1682 1258">
     <span class='ocr_line' id='line_1_14' title="bbox 152 1181 1682 1258; baseline -0.005 -20"><span class='ocrx_word' id='word_1_79' title='bbox 152 1188 435 1258; x_wconf 74' lang='grc' dir='ltr'>ἐθάρρησα</span> <span class='ocrx_word' id='word_1_80' title='bbox 459 1184 742 1236; x_wconf 77' lang='grc' dir='ltr'><strong>ἀναθέσθαι</strong></span> <span class='ocrx_word' id='word_1_81' title='bbox 779 1200 874 1250; x_wconf 82' lang='grc' dir='ltr'><strong>μου</strong></span> <span class='ocrx_word' id='word_1_82' title='bbox 904 1184 970 1234; x_wconf 79' lang='grc' dir='ltr'><strong>τά</strong></span> <span class='ocrx_word' id='word_1_83' title='bbox 998 1185 1089 1250; x_wconf 86' lang='grc' dir='ltr'><strong>τῆς</strong></span> <span class='ocrx_word' id='word_1_84' title='bbox 1116 1184 1364 1243; x_wconf 78' lang='grc' dir='ltr'>διανοίας.</span> <span class='ocrx_word' id='word_1_85' title='bbox 1408 1184 1512 1233; x_wconf 79' lang='grc' dir='ltr'>Καὶ</span> <span class='ocrx_word' id='word_1_86' title='bbox 1542 1181 1682 1245; x_wconf 85' lang='grc' dir='ltr'>λέγει</span> 
     </span>
    </p>
   </div>
   <div class='ocr_carea' id='block_1_15' title="bbox 159 1269 1684 1342">
    <p class='ocr_par' dir='ltr' id='par_1_15' title="bbox 159 1269 1684 1342">
     <span class='ocr_line' id='line_1_15' title="bbox 159 1269 1684 1342; baseline -0.006 -16"><span class='ocrx_word' id='word_1_87' title='bbox 159 1292 256 1342; x_wconf 84' lang='grc' dir='ltr'><strong>μοι</strong></span> <span class='ocrx_word' id='word_1_88' title='bbox 282 1271 452 1334; x_wconf 72' lang='grc' dir='ltr'>οὗτος·</span> <span class='ocrx_word' id='word_1_89' title='bbox 471 1275 558 1338; x_wconf 79' lang='grc' dir='ltr'><strong>Μὴ</strong></span> <span class='ocrx_word' id='word_1_90' title='bbox 583 1273 757 1339; x_wconf 80' lang='grc' dir='ltr'>ξενίσῃ</span> <span class='ocrx_word' id='word_1_91' title='bbox 787 1288 843 1323; x_wconf 85' lang='grc' dir='ltr'><strong>σε</strong></span> <span class='ocrx_word' id='word_1_92' title='bbox 873 1272 931 1322; x_wconf 81' lang='grc' dir='ltr'>τὸ</span> <span class='ocrx_word' id='word_1_93' title='bbox 953 1273 1194 1338; x_wconf 66' lang='grc' dir='ltr'>πρᾶγμαν</span> <span class='ocrx_word' id='word_1_94' title='bbox 1222 1272 1280 1320; x_wconf 79' lang='grc' dir='ltr'><strong>οὐ</strong></span> <span class='ocrx_word' id='word_1_95' title='bbox 1316 1274 1537 1336; x_wconf 75' lang='grc' dir='ltr'>πάσχεις</span> <span class='ocrx_word' id='word_1_96' title='bbox 1558 1269 1684 1319; x_wconf 71' lang='grc' dir='ltr'>αὐτὸ</span> 
     </span>
    </p>
   </div>
   <div class='ocr_carea' id='block_1_16' title="bbox 159 1354 1686 1430">
    <p class='ocr_par' dir='ltr' id='par_1_16' title="bbox 159 1354 1686 1430">
     <span class='ocr_line' id='line_1_16' title="bbox 159 1354 1686 1430; baseline -0.006 -18"><span class='ocrx_word' id='word_1_97' title='bbox 159 1363 274 1412; x_wconf 66' lang='grc' dir='ltr'><strong>ἀπὺ</strong></span> <span class='ocrx_word' id='word_1_98' title='bbox 308 1361 592 1430; x_wconf 70' lang='grc' dir='ltr'>ῥᾳθυμίας,</span> <span class='ocrx_word' id='word_1_99' title='bbox 624 1360 883 1426; x_wconf 81' lang='grc' dir='ltr'>μαρτυρεῖ</span> <span class='ocrx_word' id='word_1_100' title='bbox 908 1358 1015 1423; x_wconf 87' lang='grc' dir='ltr'><strong>γάρ</strong></span> <span class='ocrx_word' id='word_1_101' title='bbox 1054 1373 1132 1407; x_wconf 84' lang='grc' dir='ltr'><strong>σοι</strong></span> <span class='ocrx_word' id='word_1_102' title='bbox 1177 1356 1267 1406; x_wconf 74' lang='grc' dir='ltr'><strong>καὶ</strong></span> <span class='ocrx_word' id='word_1_103' title='bbox 1299 1358 1326 1406; x_wconf 80' lang='grc' dir='ltr'><strong>ὀ</strong></span> <span class='ocrx_word' id='word_1_104' title='bbox 1369 1357 1547 1418; x_wconf 75' lang='grc' dir='ltr'>τόπος,</span> <span class='ocrx_word' id='word_1_105' title='bbox 1595 1354 1686 1404; x_wconf 85' lang='grc' dir='ltr'><strong>καί</strong></span> 
     </span>
    </p>
   </div>
   <div class='ocr_carea' id='block_1_17' title="bbox 159 1439 1686 1517">
    <p class='ocr_par' dir='ltr' id='par_1_17' title="bbox 159 1439 1686 1517">
     <span class='ocr_line' id='line_1_17' title="bbox 159 1439 1686 1517; baseline -0.005 -17"><span class='ocrx_word' id='word_1_106' title='bbox 159 1451 253 1500; x_wconf 67' lang='grc' dir='ltr'>διὰ</span> <span class='ocrx_word' id='word_1_107' title='bbox 277 1451 371 1517; x_wconf 79' lang='grc' dir='ltr'><strong>τὴν</strong></span> <span class='ocrx_word' id='word_1_108' title='bbox 401 1450 587 1500; x_wconf 80' lang='grc' dir='ltr'>σπάνιν</span> <span class='ocrx_word' id='word_1_109' title='bbox 613 1447 716 1497; x_wconf 81' lang='grc' dir='ltr'>τῶν</span> <span class='ocrx_word' id='word_1_110' title='bbox 741 1446 951 1514; x_wconf 85' lang='grc' dir='ltr'>χρειῶν,</span> <span class='ocrx_word' id='word_1_111' title='bbox 981 1446 1070 1496; x_wconf 80' lang='grc' dir='ltr'><strong>καὶ</strong></span> <span class='ocrx_word' id='word_1_112' title='bbox 1095 1445 1180 1496; x_wconf 68' lang='grc' dir='ltr'><strong>διὰ</strong></span> <span class='ocrx_word' id='word_1_113' title='bbox 1204 1445 1261 1494; x_wconf 85' lang='grc' dir='ltr'><strong>τὸ</strong></span> <span class='ocrx_word' id='word_1_114' title='bbox 1296 1445 1369 1510; x_wconf 84' lang='grc' dir='ltr'>μὴ</span> <span class='ocrx_word' id='word_1_115' title='bbox 1406 1439 1538 1493; x_wconf 78' lang='grc' dir='ltr'>εἶναι</span> <span class='ocrx_word' id='word_1_116' title='bbox 1563 1459 1686 1492; x_wconf 69' lang='grc' dir='ltr'>σαυν-</span> 
     </span>
    </p>
   </div>
   <div class='ocr_carea' id='block_1_18' title="bbox 161 1529 1682 1604">
    <p class='ocr_par' dir='ltr' id='par_1_18' title="bbox 161 1529 1682 1604">
     <span class='ocr_line' id='line_1_18' title="bbox 161 1529 1682 1604; baseline -0.006 -16"><span class='ocrx_word' id='word_1_117' title='bbox 161 1539 353 1604; x_wconf 76' lang='grc' dir='ltr'>τυχίαν</span> <span class='ocrx_word' id='word_1_118' title='bbox 397 1538 500 1588; x_wconf 84' lang='grc' dir='ltr'><strong>τῶν</strong></span> <span class='ocrx_word' id='word_1_119' title='bbox 549 1535 790 1602; x_wconf 83' lang='grc' dir='ltr'>θηλειῶν,</span> <span class='ocrx_word' id='word_1_120' title='bbox 847 1533 978 1584; x_wconf 76' lang='grc' dir='ltr'>ἀλλὰ</span> <span class='ocrx_word' id='word_1_121' title='bbox 1037 1532 1230 1598; x_wconf 78' lang='grc' dir='ltr'>μᾶλλον</span> <span class='ocrx_word' id='word_1_122' title='bbox 1281 1531 1384 1582; x_wconf 75' lang='grc' dir='ltr'>ἀπὸ</span> <span class='ocrx_word' id='word_1_123' title='bbox 1432 1529 1682 1595; x_wconf 82' lang='grc' dir='ltr'>σπουδῆς.</span> 
     </span>
    </p>
   </div>
   <div class='ocr_carea' id='block_1_19' title="bbox 161 1615 1687 1692">
    <p class='ocr_par' dir='ltr' id='par_1_19' title="bbox 161 1615 1687 1692">
     <span class='ocr_line' id='line_1_19' title="bbox 161 1615 1687 1692; baseline -0.007 -17"><span class='ocrx_word' id='word_1_124' title='bbox 161 1624 436 1692; x_wconf 78' lang='grc' dir='ltr'>Τριπλοῦς</span> <span class='ocrx_word' id='word_1_125' title='bbox 463 1623 567 1690; x_wconf 86' lang='grc' dir='ltr'><strong>γάρ</strong></span> <span class='ocrx_word' id='word_1_126' title='bbox 611 1624 752 1671; x_wconf 78' lang='grc' dir='ltr'>ἐστιν</span> <span class='ocrx_word' id='word_1_127' title='bbox 777 1621 804 1667; x_wconf 84' lang='grc' dir='ltr'>ὁ</span> <span class='ocrx_word' id='word_1_128' title='bbox 835 1620 1059 1686; x_wconf 79' lang='grc' dir='ltr'>πόλεμος</span> <span class='ocrx_word' id='word_1_129' title='bbox 1078 1621 1106 1669; x_wconf 87' lang='grc' dir='ltr'><strong>ὀ</strong></span> <span class='ocrx_word' id='word_1_130' title='bbox 1128 1619 1374 1687; x_wconf 76' lang='grc' dir='ltr'>πορνικᾶς</span> <span class='ocrx_word' id='word_1_131' title='bbox 1395 1635 1407 1647; x_wconf 90' lang='grc'>·</span> <span class='ocrx_word' id='word_1_132' title='bbox 1436 1617 1565 1667; x_wconf 79' lang='grc' dir='ltr'>ποτὲ</span> <span class='ocrx_word' id='word_1_133' title='bbox 1592 1615 1687 1684; x_wconf 82' lang='grc' dir='ltr'>μὲν</span> 
     </span>
    </p>
   </div>
   <div class='ocr_carea' id='block_1_20' title="bbox 160 1701 1693 1781">
    <p class='ocr_par' dir='ltr' id='par_1_20' title="bbox 160 1702 1690 1781">
     <span class='ocr_line' id='line_1_20' title="bbox 160 1702 1690 1781; baseline -0.006 -18"><span class='ocrx_word' id='word_1_134' title='bbox 160 1713 196 1781; x_wconf 80' lang='grc' dir='ltr'><strong>ἡ</strong></span> <span class='ocrx_word' id='word_1_135' title='bbox 249 1712 382 1780; x_wconf 75' lang='grc' dir='ltr'>σάρξ</span> <span class='ocrx_word' id='word_1_136' title='bbox 413 1713 539 1779; x_wconf 77' lang='grc' dir='ltr'>ἡμῖν</span> <span class='ocrx_word' id='word_1_137' title='bbox 587 1708 876 1760; x_wconf 82' lang='grc' dir='ltr'>ἐπιτίθεται</span> <span class='ocrx_word' id='word_1_138' title='bbox 896 1743 905 1747; x_wconf 90' lang='grc'><strong>--</strong></span> <span class='ocrx_word' id='word_1_139' title='bbox 935 1706 1293 1773; x_wconf 80' lang='grc' dir='ltr'>εὐρωστοῦσα,</span> <span class='ocrx_word' id='word_1_140' title='bbox 1350 1704 1476 1755; x_wconf 84' lang='grc' dir='ltr'><strong>ποτέ</strong></span> <span class='ocrx_word' id='word_1_141' title='bbox 1524 1703 1579 1754; x_wconf 84' lang='grc' dir='ltr'>δὲ</span> <span class='ocrx_word' id='word_1_142' title='bbox 1625 1702 1690 1754; x_wconf 82' lang='grc' dir='ltr'>τὰ</span> 
     </span>
    </p>
   </div>
   <div class='ocr_carea' id='block_1_21' title="bbox 1786 1701 3408 1781">
    <p class='ocr_par' dir='ltr' id='par_1_21' title="bbox 1792 1703 3408 1771">
     <span class='ocr_line' id='line_1_21' title="bbox 1792 1703 3408 1771; baseline 0.002 -16"><span class='ocrx_word' id='word_1_143' title='bbox 1792 1705 1947 1765; x_wconf 88' lang='lat' dir='ltr'><strong>satio,</strong></span> <span class='ocrx_word' id='word_1_144' title='bbox 1979 1704 2068 1756; x_wconf 88' lang='lat' dir='ltr'><strong>sed</strong></span> <span class='ocrx_word' id='word_1_145' title='bbox 2087 1703 2261 1771; x_wconf 88' lang='lat' dir='ltr'><strong>potius</strong></span> <span class='ocrx_word' id='word_1_146' title='bbox 2298 1704 2557 1768; x_wconf 88' lang='lat' dir='ltr'><strong>astudio;</strong></span> <span class='ocrx_word' id='word_1_147' title='bbox 2596 1705 2778 1771; x_wconf 85' lang='lat' dir='ltr'><strong>triplex</strong></span> <span class='ocrx_word' id='word_1_148' title='bbox 2818 1714 2897 1758; x_wconf 89' lang='lat' dir='ltr'><strong>est</strong></span> <span class='ocrx_word' id='word_1_149' title='bbox 2915 1707 3104 1757; x_wconf 89' lang='lat' dir='ltr'><strong>etenim</strong></span> <span class='ocrx_word' id='word_1_150' title='bbox 3129 1706 3321 1758; x_wconf 89' lang='lat' dir='ltr'><strong>bellum</strong></span> <span class='ocrx_word' id='word_1_151' title='bbox 3403 1736 3408 1739; x_wconf 56' lang='grc' dir='ltr'><strong>η</strong></span> 
     </span>
    </p>
   </div>
   <div class='ocr_carea' id='block_1_22' title="bbox 161 1790 1692 1869">
    <p class='ocr_par' dir='ltr' id='par_1_22' title="bbox 161 1790 1692 1869">
     <span class='ocr_line' id='line_1_22' title="bbox 161 1790 1692 1869; baseline -0.007 -18"><span class='ocrx_word' id='word_1_152' title='bbox 161 1801 314 1869; x_wconf 83' lang='grc' dir='ltr'>πάθη</span> <span class='ocrx_word' id='word_1_153' title='bbox 347 1799 566 1852; x_wconf 76' lang='grc' dir='ltr'>διά’τῶν</span> <span class='ocrx_word' id='word_1_154' title='bbox 603 1796 892 1865; x_wconf 81' lang='grc' dir='ltr'>λογισμῶν,</span> <span class='ocrx_word' id='word_1_155' title='bbox 941 1794 1066 1846; x_wconf 76' lang='grc' dir='ltr'>ποτὲ</span> <span class='ocrx_word' id='word_1_156' title='bbox 1113 1794 1168 1846; x_wconf 84' lang='grc' dir='ltr'>δὲ</span> <span class='ocrx_word' id='word_1_157' title='bbox 1197 1794 1288 1844; x_wconf 70' lang='grc' dir='ltr'><strong>καὶ</strong></span> <span class='ocrx_word' id='word_1_158' title='bbox 1317 1791 1473 1852; x_wconf 83' lang='grc' dir='ltr'>αὐτὸς</span> <span class='ocrx_word' id='word_1_159' title='bbox 1520 1794 1546 1841; x_wconf 89' lang='grc' dir='ltr'>ὁ</span> <span class='ocrx_word' id='word_1_160' title='bbox 1577 1790 1692 1841; x_wconf 86' lang='grc' dir='ltr'>δαί-</span> 
     </span>
    </p>
   </div>
   <div class='ocr_carea' id='block_1_23' title="bbox 167 1877 1694 1957">
    <p class='ocr_par' dir='ltr' id='par_1_23' title="bbox 167 1877 1694 1957">
     <span class='ocr_line' id='line_1_23' title="bbox 167 1877 1694 1957; baseline -0.01 -16"><span class='ocrx_word' id='word_1_161' title='bbox 167 1907 287 1957; x_wconf 88' lang='grc' dir='ltr'><strong>μων</strong></span> <span class='ocrx_word' id='word_1_162' title='bbox 324 1891 388 1957; x_wconf 77' lang='grc' dir='ltr'>τῇ</span> <span class='ocrx_word' id='word_1_163' title='bbox 437 1886 711 1956; x_wconf 74' lang='grc' dir='ltr'>βασκανίᾳ,</span> <span class='ocrx_word' id='word_1_164' title='bbox 759 1883 864 1950; x_wconf 88' lang='grc' dir='ltr'>ἐγὼ</span> <span class='ocrx_word' id='word_1_165' title='bbox 907 1883 1013 1950; x_wconf 85' lang='grc' dir='ltr'>γὰρ</span> <span class='ocrx_word' id='word_1_166' title='bbox 1060 1881 1444 1950; x_wconf 80' lang='grc' dir='ltr'>παρατηρήσας</span> <span class='ocrx_word' id='word_1_167' title='bbox 1490 1877 1694 1945; x_wconf 79' lang='grc' dir='ltr'>εὕρηκα</span> 
     </span>
    </p>
   </div>
   <div class='ocr_carea' id='block_1_24' title="bbox 164 1967 1696 2041">
    <p class='ocr_par' dir='ltr' id='par_1_24' title="bbox 164 1967 1696 2041">
     <span class='ocr_line' id='line_1_24' title="bbox 164 1967 1696 2041; baseline -0.008 -14"><span class='ocrx_word' id='word_1_168' title='bbox 164 1977 342 2028; x_wconf 65' lang='grc' dir='ltr'>τοῦτο.</span> <span class='ocrx_word' id='word_1_169' title='bbox 393 1976 518 2026; x_wconf 83' lang='grc' dir='ltr'>Ἰδοὺ</span> <span class='ocrx_word' id='word_1_170' title='bbox 560 1975 634 2034; x_wconf 82' lang='grc' dir='ltr'>ὡς</span> <span class='ocrx_word' id='word_1_171' title='bbox 660 1974 786 2041; x_wconf 72' lang='grc' dir='ltr'>ὁρᾷς</span> <span class='ocrx_word' id='word_1_172' title='bbox 819 1987 883 2039; x_wconf 84' lang='grc' dir='ltr'><strong>με</strong></span> <span class='ocrx_word' id='word_1_173' title='bbox 919 1970 1140 2038; x_wconf 86' lang='grc' dir='ltr'>γέροντα</span> <span class='ocrx_word' id='word_1_174' title='bbox 1173 1967 1470 2037; x_wconf 78' lang='grc' dir='ltr'>ἄνθρωπον,</span> <span class='ocrx_word' id='word_1_175' title='bbox 1506 1981 1696 2016; x_wconf 85' lang='grc' dir='ltr'>τεσσα-</span> 
     </span>
    </p>
   </div>
   <div class='ocr_carea' id='block_1_25' title="bbox 168 2053 1695 2132">
    <p class='ocr_par' dir='ltr' id='par_1_25' title="bbox 168 2053 1695 2132">
     <span class='ocr_line' id='line_1_25' title="bbox 168 2053 1695 2132; baseline -0.01 -15"><span class='ocrx_word' id='word_1_176' title='bbox 168 2067 402 2132; x_wconf 85' lang='grc' dir='ltr'>ράκοντα</span> <span class='ocrx_word' id='word_1_177' title='bbox 443 2064 555 2122; x_wconf 78' lang='grc' dir='ltr'>ἔτος</span> <span class='ocrx_word' id='word_1_178' title='bbox 580 2061 713 2128; x_wconf 83' lang='grc' dir='ltr'>ἔχων</span> <span class='ocrx_word' id='word_1_179' title='bbox 739 2062 794 2111; x_wconf 84' lang='grc' dir='ltr'><strong>ἐν</strong></span> <span class='ocrx_word' id='word_1_180' title='bbox 825 2058 990 2126; x_wconf 79' lang='grc' dir='ltr'>ταύτῃ</span> <span class='ocrx_word' id='word_1_181' title='bbox 1011 2060 1073 2125; x_wconf 74' lang='grc' dir='ltr'>τῇ</span> <span class='ocrx_word' id='word_1_182' title='bbox 1109 2056 1265 2124; x_wconf 76' lang='grc' dir='ltr'>κέλλῃ</span> <span class='ocrx_word' id='word_1_183' title='bbox 1291 2053 1582 2123; x_wconf 79' lang='grc' dir='ltr'>φροντίζων</span> <span class='ocrx_word' id='word_1_184' title='bbox 1600 2055 1695 2120; x_wconf 81' lang='grc' dir='ltr'><strong>τῆς</strong></span> 
     </span>
    </p>
   </div>
   <div class='ocr_carea' id='block_1_26' title="bbox 167 2141 1694 2218">
    <p class='ocr_par' dir='ltr' id='par_1_26' title="bbox 167 2141 1694 2218">
     <span class='ocr_line' id='line_1_26' title="bbox 167 2141 1694 2218; baseline -0.007 -15"><span class='ocrx_word' id='word_1_185' title='bbox 167 2149 408 2218; x_wconf 73' lang='grc' dir='ltr'>ἐμαυτοῦ</span> <span class='ocrx_word' id='word_1_186' title='bbox 459 2153 740 2215; x_wconf 74' lang='grc' dir='ltr'>σωτηρίας,</span> <span class='ocrx_word' id='word_1_187' title='bbox 793 2147 881 2199; x_wconf 82' lang='grc' dir='ltr'>καὶ</span> <span class='ocrx_word' id='word_1_188' title='bbox 919 2148 1114 2213; x_wconf 81' lang='grc' dir='ltr'>ταύτην</span> <span class='ocrx_word' id='word_1_189' title='bbox 1158 2145 1292 2212; x_wconf 71' lang='grc' dir='ltr'>ἔχων</span> <span class='ocrx_word' id='word_1_190' title='bbox 1341 2144 1436 2210; x_wconf 81' lang='grc' dir='ltr'><strong>τὴν</strong></span> <span class='ocrx_word' id='word_1_191' title='bbox 1483 2141 1694 2210; x_wconf 82' lang='grc' dir='ltr'>ἠλικίαν</span> 
     </span>
    </p>
   </div>
   <div class='ocr_carea' id='block_1_27' title="bbox 170 2229 1695 2306">
    <p class='ocr_par' dir='ltr' id='par_1_27' title="bbox 170 2229 1695 2306">
     <span class='ocr_line' id='line_1_27' title="bbox 170 2229 1695 2306; baseline -0.007 -17"><span class='ocrx_word' id='word_1_192' title='bbox 170 2240 334 2306; x_wconf 74' lang='grc' dir='ltr'>μέχρι</span> <span class='ocrx_word' id='word_1_193' title='bbox 359 2238 544 2289; x_wconf 80' lang='grc' dir='ltr'>τούτου</span> <span class='ocrx_word' id='word_1_194' title='bbox 575 2234 915 2304; x_wconf 73' lang='grc' dir='ltr'>πειράζομαι,</span> <span class='ocrx_word' id='word_1_195' title='bbox 949 2235 1040 2287; x_wconf 80' lang='grc' dir='ltr'><strong>καὶ</strong></span> <span class='ocrx_word' id='word_1_196' title='bbox 1075 2234 1338 2300; x_wconf 79' lang='grc' dir='ltr'>διώμνυτο</span> <span class='ocrx_word' id='word_1_197' title='bbox 1365 2232 1444 2282; x_wconf 85' lang='grc' dir='ltr'>ὃτι</span> <span class='ocrx_word' id='word_1_198' title='bbox 1476 2232 1563 2283; x_wconf 77' lang='grc' dir='ltr'>ἐπὶ</span> <span class='ocrx_word' id='word_1_199' title='bbox 1595 2229 1695 2280; x_wconf 84' lang='grc' dir='ltr'><strong>δὼ-</strong></span> 
     </span>
    </p>
   </div>
   <div class='ocr_carea' id='block_1_28' title="bbox 164 2316 1694 2394">
    <p class='ocr_par' dir='ltr' id='par_1_28' title="bbox 164 2316 1694 2394">
     <span class='ocr_line' id='line_1_28' title="bbox 164 2316 1694 2394; baseline -0.007 -16"><span class='ocrx_word' id='word_1_200' title='bbox 164 2316 300 2378; x_wconf 80' lang='grc' dir='ltr'>δεκα</span> <span class='ocrx_word' id='word_1_201' title='bbox 331 2325 421 2394; x_wconf 77' lang='grc' dir='ltr'><strong>ἐτη</strong></span> <span class='ocrx_word' id='word_1_202' title='bbox 455 2325 590 2394; x_wconf 83' lang='grc' dir='ltr'><strong>μετά</strong></span> <span class='ocrx_word' id='word_1_203' title='bbox 631 2325 690 2374; x_wconf 84' lang='grc' dir='ltr'><strong>τὸ</strong></span> <span class='ocrx_word' id='word_1_204' title='bbox 723 2321 1073 2388; x_wconf 84' lang='grc' dir='ltr'>πεντηκοστὸν</span> <span class='ocrx_word' id='word_1_205' title='bbox 1126 2321 1260 2380; x_wconf 78' lang='grc' dir='ltr'>ἔτος,</span> <span class='ocrx_word' id='word_1_206' title='bbox 1306 2319 1363 2370; x_wconf 85' lang='grc' dir='ltr'>οὺ</span> <span class='ocrx_word' id='word_1_207' title='bbox 1413 2317 1576 2370; x_wconf 81' lang='grc' dir='ltr'>νύκτα</span> <span class='ocrx_word' id='word_1_208' title='bbox 1610 2334 1694 2385; x_wconf 81' lang='grc' dir='ltr'><strong>μοι</strong></span> 
     </span>
    </p>
   </div>
   <div class='ocr_carea' id='block_1_29' title="bbox 171 2407 1747 2484">
    <p class='ocr_par' dir='ltr' id='par_1_29' title="bbox 171 2407 1747 2484">
     <span class='ocr_line' id='line_1_29' title="bbox 171 2407 1747 2484; baseline -0.006 -18"><span class='ocrx_word' id='word_1_209' title='bbox 171 2414 572 2484; x_wconf 79' lang='grc' dir='ltr'>συνεχώρησαν,</span> <span class='ocrx_word' id='word_1_210' title='bbox 601 2414 695 2482; x_wconf 72' lang='grc' dir='ltr'>οὐχ</span> <span class='ocrx_word' id='word_1_211' title='bbox 724 2413 925 2479; x_wconf 77' lang='grc' dir='ltr'>ἡμέραν</span> <span class='ocrx_word' id='word_1_212' title='bbox 960 2410 1333 2473; x_wconf 76' lang='grc' dir='ltr'>ἐπιτιθέμενοι.</span> <span class='ocrx_word' id='word_1_213' title='bbox 1384 2407 1697 2475; x_wconf 82' lang='grc' dir='ltr'>Ἐπινοήσας</span> <span class='ocrx_word' id='word_1_214' title='bbox 1743 2457 1747 2461; x_wconf 78' lang='grc'><strong>,</strong></span> 
     </span>
    </p>
   </div>
   <div class='ocr_carea' id='block_1_30' title="bbox 167 2494 1696 2567">
    <p class='ocr_par' dir='ltr' id='par_1_30' title="bbox 167 2494 1696 2567">
     <span class='ocr_line' id='line_1_30' title="bbox 167 2494 1696 2567; baseline -0.007 -14"><span class='ocrx_word' id='word_1_215' title='bbox 167 2497 285 2562; x_wconf 77' lang='grc' dir='ltr'>οὖν,</span> <span class='ocrx_word' id='word_1_216' title='bbox 312 2502 396 2552; x_wconf 83' lang='grc' dir='ltr'>ὅτι</span> <span class='ocrx_word' id='word_1_217' title='bbox 423 2501 624 2567; x_wconf 82' lang='grc' dir='ltr'>ἀπέστη</span> <span class='ocrx_word' id='word_1_218' title='bbox 661 2515 757 2566; x_wconf 82' lang='grc' dir='ltr'><strong>μου</strong></span> <span class='ocrx_word' id='word_1_219' title='bbox 788 2500 814 2548; x_wconf 84' lang='grc' dir='ltr'>ὁ</span> <span class='ocrx_word' id='word_1_220' title='bbox 842 2498 988 2558; x_wconf 84' lang='grc' dir='ltr'>Θεὸς,</span> <span class='ocrx_word' id='word_1_221' title='bbox 1022 2497 1099 2546; x_wconf 83' lang='grc' dir='ltr'><strong>διὸ</strong></span> <span class='ocrx_word' id='word_1_222' title='bbox 1132 2497 1219 2547; x_wconf 70' lang='grc' dir='ltr'><strong>καὶ</strong></span> <span class='ocrx_word' id='word_1_223' title='bbox 1250 2494 1696 2547; x_wconf 79' lang='grc' dir='ltr'>καταδυναστεύο-</span> 
     </span>
    </p>
   </div>
   <div class='ocr_carea' id='block_1_31' title="bbox 171 2579 1698 2657">
    <p class='ocr_par' dir='ltr' id='par_1_31' title="bbox 171 2579 1698 2657">
     <span class='ocr_line' id='line_1_31' title="bbox 171 2579 1698 2657; baseline -0.007 -17"><span class='ocrx_word' id='word_1_224' title='bbox 171 2606 296 2656; x_wconf 80' lang='grc' dir='ltr'>μαι,</span> <span class='ocrx_word' id='word_1_225' title='bbox 369 2589 700 2657; x_wconf 72' lang='grc' dir='ltr'>ᾑρετισάμην</span> <span class='ocrx_word' id='word_1_226' title='bbox 746 2584 1023 2636; x_wconf 80' lang='grc' dir='ltr'>ἀποθανεῖν</span> <span class='ocrx_word' id='word_1_227' title='bbox 1066 2583 1289 2647; x_wconf 81' lang='grc' dir='ltr'>ἀλόγως,</span> <span class='ocrx_word' id='word_1_228' title='bbox 1333 2582 1364 2650; x_wconf 79' lang='grc' dir='ltr'>ἢ</span> <span class='ocrx_word' id='word_1_229' title='bbox 1404 2581 1559 2632; x_wconf 84' lang='grc' dir='ltr'>πάθει</span> <span class='ocrx_word' id='word_1_230' title='bbox 1598 2579 1698 2630; x_wconf 82' lang='grc' dir='ltr'><strong>σώ-</strong></span> 
     </span>
    </p>
   </div>
   <div class='ocr_carea' id='block_1_32' title="bbox 175 2666 1711 2746">
    <p class='ocr_par' dir='ltr' id='par_1_32' title="bbox 175 2666 1711 2746">
     <span class='ocr_line' id='line_1_32' title="bbox 175 2666 1711 2746; baseline -0.008 -17"><span class='ocrx_word' id='word_1_231' title='bbox 175 2693 346 2746; x_wconf 84' lang='grc' dir='ltr'>ματος</span> <span class='ocrx_word' id='word_1_232' title='bbox 375 2675 818 2743; x_wconf 80' lang='grc' dir='ltr'>ἐνασχημονῆσαι,</span> <span class='ocrx_word' id='word_1_233' title='bbox 849 2673 940 2723; x_wconf 68' lang='grc' dir='ltr'>καὶ</span> <span class='ocrx_word' id='word_1_234' title='bbox 980 2669 1222 2734; x_wconf 81' lang='grc' dir='ltr'>ἐξελθὼν,</span> <span class='ocrx_word' id='word_1_235' title='bbox 1271 2671 1361 2721; x_wconf 85' lang='grc' dir='ltr'>καὶ</span> <span class='ocrx_word' id='word_1_236' title='bbox 1404 2666 1711 2736; x_wconf 75' lang='grc' dir='ltr'>περιελθὼν,</span> 
     </span>
    </p>
   </div>
   <div class='ocr_carea' id='block_1_33' title="bbox 171 2756 1696 2834">
    <p class='ocr_par' dir='ltr' id='par_1_33' title="bbox 171 2756 1696 2834">
     <span class='ocr_line' id='line_1_33' title="bbox 171 2756 1696 2834; baseline -0.006 -19"><span class='ocrx_word' id='word_1_237' title='bbox 171 2764 273 2831; x_wconf 81' lang='grc' dir='ltr'><strong>τὴν</strong></span> <span class='ocrx_word' id='word_1_238' title='bbox 304 2763 522 2832; x_wconf 74' lang='grc' dir='ltr'>ἔρημον,</span> <span class='ocrx_word' id='word_1_239' title='bbox 562 2756 714 2829; x_wconf 79' lang='grc' dir='ltr'>εὗρον</span> <span class='ocrx_word' id='word_1_240' title='bbox 746 2761 997 2834; x_wconf 64' lang='grc' dir='ltr'>σπεῄλαιον</span> <span class='ocrx_word' id='word_1_241' title='bbox 1040 2759 1242 2825; x_wconf 85' lang='grc' dir='ltr'>ὑαίνης,</span> <span class='ocrx_word' id='word_1_242' title='bbox 1272 2759 1348 2818; x_wconf 87' lang='grc' dir='ltr'><strong>είς</strong></span> <span class='ocrx_word' id='word_1_243' title='bbox 1381 2757 1408 2807; x_wconf 86' lang='grc' dir='ltr'><strong>ὅ</strong></span> <span class='ocrx_word' id='word_1_244' title='bbox 1440 2757 1696 2825; x_wconf 78' lang='grc' dir='ltr'>σπήλαιον</span> 
     </span>
    </p>
   </div>
   <div class='ocr_carea' id='block_1_34' title="bbox 172 2841 1697 2918">
    <p class='ocr_par' dir='ltr' id='par_1_34' title="bbox 172 2841 1697 2918">
     <span class='ocr_line' id='line_1_34' title="bbox 172 2841 1697 2918; baseline -0.004 -16"><span class='ocrx_word' id='word_1_245' title='bbox 172 2850 347 2917; x_wconf 65' lang='grc' dir='ltr'>ἔθηκα</span> <span class='ocrx_word' id='word_1_246' title='bbox 374 2851 599 2918; x_wconf 72' lang='grc' dir='ltr'>ἐμαυτὸν</span> <span class='ocrx_word' id='word_1_247' title='bbox 620 2853 676 2900; x_wconf 90' lang='grc' dir='ltr'><strong>ἐν</strong></span> <span class='ocrx_word' id='word_1_248' title='bbox 706 2849 880 2916; x_wconf 67' lang='grc' dir='ltr'>ἡμέρᾳ</span> <span class='ocrx_word' id='word_1_249' title='bbox 907 2846 1124 2913; x_wconf 78' lang='grc' dir='ltr'>γυμνὸν,</span> <span class='ocrx_word' id='word_1_250' title='bbox 1152 2848 1235 2897; x_wconf 81' lang='grc' dir='ltr'><strong>ἵνα</strong></span> <span class='ocrx_word' id='word_1_251' title='bbox 1257 2841 1530 2909; x_wconf 81' lang='grc' dir='ltr'>ἐξελθόντα</span> <span class='ocrx_word' id='word_1_252' title='bbox 1555 2849 1697 2914; x_wconf 78' lang='grc' dir='ltr'>φάγῃ</span> 
     </span>
    </p>
   </div>
   <div class='ocr_carea' id='block_1_35' title="bbox 175 2933 1699 3006">
    <p class='ocr_par' dir='ltr' id='par_1_35' title="bbox 175 2933 1699 3006">
     <span class='ocr_line' id='line_1_35' title="bbox 175 2933 1699 3006; baseline -0.003 -18"><span class='ocrx_word' id='word_1_253' title='bbox 175 2953 246 3006; x_wconf 75' lang='grc' dir='ltr'><strong>με</strong></span> <span class='ocrx_word' id='word_1_254' title='bbox 272 2938 336 2989; x_wconf 89' lang='grc' dir='ltr'><strong>τά</strong></span> <span class='ocrx_word' id='word_1_255' title='bbox 373 2937 564 3004; x_wconf 84' lang='grc' dir='ltr'>θηρία’</span> <span class='ocrx_word' id='word_1_256' title='bbox 595 2937 668 2998; x_wconf 84' lang='grc' dir='ltr'>ὡς</span> <span class='ocrx_word' id='word_1_257' title='bbox 696 2936 786 2987; x_wconf 77' lang='grc' dir='ltr'><strong>οὖν</strong></span> <span class='ocrx_word' id='word_1_258' title='bbox 826 2936 1037 2999; x_wconf 84' lang='grc' dir='ltr'>ἐγένετο</span> <span class='ocrx_word' id='word_1_259' title='bbox 1079 2934 1282 3002; x_wconf 83' lang='grc' dir='ltr'>ἐσπέρα</span> <span class='ocrx_word' id='word_1_260' title='bbox 1330 2933 1466 2984; x_wconf 79' lang='grc' dir='ltr'>κατὰ</span> <span class='ocrx_word' id='word_1_261' title='bbox 1505 2935 1562 2984; x_wconf 85' lang='grc' dir='ltr'><strong>τὸ</strong></span> <span class='ocrx_word' id='word_1_262' title='bbox 1609 2951 1699 3000; x_wconf 90' lang='grc' dir='ltr'>γε-</span> 
     </span>
    </p>
   </div>
   <div class='ocr_carea' id='block_1_36' title="bbox 174 3021 1720 3095">
    <p class='ocr_par' dir='ltr' id='par_1_36' title="bbox 174 3021 1720 3095">
     <span class='ocr_line' id='line_1_36' title="bbox 174 3021 1720 3095; baseline -0.003 -18"><span class='ocrx_word' id='word_1_263' title='bbox 174 3027 518 3094; x_wconf 78' lang='grc' dir='ltr'>γραμμένονο</span> <span class='ocrx_word' id='word_1_264' title='bbox 556 3044 573 3076; x_wconf 86' lang='grc' dir='ltr'><strong>ι</strong></span> <span class='ocrx_word' id='word_1_265' title='bbox 621 3025 780 3076; x_wconf 86' lang='grc' dir='ltr'>Ἐθου</span> <span class='ocrx_word' id='word_1_266' title='bbox 830 3027 1033 3083; x_wconf 75' lang='grc' dir='ltr'>σκότος,</span> <span class='ocrx_word' id='word_1_267' title='bbox 1087 3025 1178 3075; x_wconf 68' lang='grc' dir='ltr'><strong>καὶ</strong></span> <span class='ocrx_word' id='word_1_268' title='bbox 1229 3023 1438 3088; x_wconf 77' lang='grc' dir='ltr'>ἐγένετο</span> <span class='ocrx_word' id='word_1_269' title='bbox 1483 3021 1598 3095; x_wconf 60' lang='grc' dir='ltr'>νὺξ,</span> <span class='ocrx_word' id='word_1_270' title='bbox 1643 3025 1720 3073; x_wconf 85' lang='grc' dir='ltr'>ἐν·</span> 
     </span>
    </p>
   </div>
   <div class='ocr_carea' id='block_1_37' title="bbox 172 3111 1695 3182">
    <p class='ocr_par' dir='ltr' id='par_1_37' title="bbox 172 3111 1695 3182">
     <span class='ocr_line' id='line_1_37' title="bbox 172 3111 1695 3182; baseline -0.001 -18"><span class='ocrx_word' id='word_1_271' title='bbox 172 3116 313 3182; x_wconf 74' lang='grc' dir='ltr'>αὐτῇ</span> <span class='ocrx_word' id='word_1_272' title='bbox 365 3113 709 3165; x_wconf 76' lang='grc' dir='ltr'>διιλεύσονται</span> <span class='ocrx_word' id='word_1_273' title='bbox 758 3113 926 3164; x_wconf 82' lang='grc' dir='ltr'>πάντα</span> <span class='ocrx_word' id='word_1_274' title='bbox 971 3112 1035 3162; x_wconf 85' lang='grc' dir='ltr'><strong>τά</strong></span> <span class='ocrx_word' id='word_1_275' title='bbox 1078 3111 1238 3181; x_wconf 86' lang='grc' dir='ltr'>θηρία</span> <span class='ocrx_word' id='word_1_276' title='bbox 1295 3111 1384 3162; x_wconf 83' lang='grc' dir='ltr'><strong>τοῦ</strong></span> <span class='ocrx_word' id='word_1_277' title='bbox 1431 3112 1618 3179; x_wconf 79' lang='grc' dir='ltr'>ἀγροῦ,</span> <span class='ocrx_word' id='word_1_278' title='bbox 1676 3129 1695 3161; x_wconf 72' lang='grc' dir='ltr'><strong>ι</strong></span> 
     </span>
    </p>
   </div>
   <div class='ocr_carea' id='block_1_38' title="bbox 172 3200 1704 3269">
    <p class='ocr_par' dir='ltr' id='par_1_38' title="bbox 172 3200 1704 3269">
     <span class='ocr_line' id='line_1_38' title="bbox 172 3200 1704 3269; baseline 0 -19"><span class='ocrx_word' id='word_1_279' title='bbox 172 3201 477 3266; x_wconf 69' lang='grc' dir='ltr'>ἐξελθόντες</span> <span class='ocrx_word' id='word_1_280' title='bbox 502 3203 548 3253; x_wconf 79' lang='grc' dir='ltr'>οἱ</span> <span class='ocrx_word' id='word_1_281' title='bbox 574 3201 731 3268; x_wconf 85' lang='grc' dir='ltr'>θῆρες</span> <span class='ocrx_word' id='word_1_282' title='bbox 751 3202 778 3252; x_wconf 82' lang='grc' dir='ltr'><strong>ὅ</strong></span> <span class='ocrx_word' id='word_1_283' title='bbox 810 3217 864 3251; x_wconf 87' lang='grc' dir='ltr'><strong>τε</strong></span> <span class='ocrx_word' id='word_1_284' title='bbox 892 3200 1179 3269; x_wconf 73' lang='grc' dir='ltr'>ἄρσην,καὶ</span> <span class='ocrx_word' id='word_1_285' title='bbox 1206 3203 1236 3267; x_wconf 81' lang='grc' dir='ltr'>ἡ</span> <span class='ocrx_word' id='word_1_286' title='bbox 1262 3200 1441 3267; x_wconf 76' lang='grc' dir='ltr'>θήλεια</span> <span class='ocrx_word' id='word_1_287' title='bbox 1462 3200 1704 3268; x_wconf 81' lang='grc' dir='ltr'>ὼσφράν-</span> 
     </span>
    </p>
   </div>
   <div class='ocr_carea' id='block_1_39' title="bbox 172 3286 1698 3356">
    <p class='ocr_par' dir='ltr' id='par_1_39' title="bbox 172 3286 1698 3356">
     <span class='ocr_line' id='line_1_39' title="bbox 172 3286 1698 3356; baseline -0.001 -19"><span class='ocrx_word' id='word_1_288' title='bbox 172 3287 347 3356; x_wconf 76' lang='grc' dir='ltr'>θησάν</span> <span class='ocrx_word' id='word_1_289' title='bbox 369 3304 461 3356; x_wconf 80' lang='grc' dir='ltr'><strong>μου</strong></span> <span class='ocrx_word' id='word_1_290' title='bbox 496 3289 599 3339; x_wconf 81' lang='grc' dir='ltr'><strong>ἀπὸ</strong></span> <span class='ocrx_word' id='word_1_291' title='bbox 612 3288 842 3355; x_wconf 79' lang='grc' dir='ltr'>κεφαλῆς</span> <span class='ocrx_word' id='word_1_292' title='bbox 863 3289 961 3349; x_wconf 80' lang='grc' dir='ltr'>ἓως</span> <span class='ocrx_word' id='word_1_293' title='bbox 979 3287 1148 3338; x_wconf 84' lang='grc' dir='ltr'>ποδῶν</span> <span class='ocrx_word' id='word_1_294' title='bbox 1169 3286 1578 3354; x_wconf 79' lang='grc' dir='ltr'>περιλείξαντες,</span> <span class='ocrx_word' id='word_1_295' title='bbox 1609 3288 1698 3338; x_wconf 75' lang='grc' dir='ltr'>καὶ</span> 
     </span>
    </p>
   </div>
   <div class='ocr_carea' id='block_1_40' title="bbox 171 3375 1676 3445">
    <p class='ocr_par' dir='ltr' id='par_1_40' title="bbox 171 3375 1676 3445">
     <span class='ocr_line' id='line_1_40' title="bbox 171 3375 1676 3445; baseline -0.001 -20"><span class='ocrx_word' id='word_1_296' title='bbox 171 3377 252 3435; x_wconf 82' lang='grc' dir='ltr'><strong>ὡς</strong></span> <span class='ocrx_word' id='word_1_297' title='bbox 304 3379 631 3445; x_wconf 81' lang='grc' dir='ltr'>προσεδόκων</span> <span class='ocrx_word' id='word_1_298' title='bbox 677 3376 962 3445; x_wconf 75' lang='grc' dir='ltr'>βρωθῆναι,</span> <span class='ocrx_word' id='word_1_299' title='bbox 1024 3375 1366 3443; x_wconf 62' lang='grc' dir='ltr'>ἀνελώρησαν</span> <span class='ocrx_word' id='word_1_300' title='bbox 1409 3377 1500 3427; x_wconf 81' lang='grc' dir='ltr'>ἀπ’</span> <span class='ocrx_word' id='word_1_301' title='bbox 1547 3375 1676 3442; x_wconf 79' lang='grc' dir='ltr'>ἐμοῦ</span> 
     </span>
    </p>
   </div>
   <div class='ocr_carea' id='block_1_41' title="bbox 174 3460 1700 3530">
    <p class='ocr_par' dir='ltr' id='par_1_41' title="bbox 174 3460 1700 3530">
     <span class='ocr_line' id='line_1_41' title="bbox 174 3460 1700 3530; baseline 0 -18"><span class='ocrx_word' id='word_1_302' title='bbox 174 3460 360 3512; x_wconf 79' lang='grc' dir='ltr'>πεσὼν</span> <span class='ocrx_word' id='word_1_303' title='bbox 391 3461 479 3513; x_wconf 79' lang='grc' dir='ltr'><strong>οὖν</strong></span> <span class='ocrx_word' id='word_1_304' title='bbox 510 3464 595 3513; x_wconf 83' lang='grc' dir='ltr'><strong>διά</strong></span> <span class='ocrx_word' id='word_1_305' title='bbox 624 3464 796 3528; x_wconf 81' lang='grc' dir='ltr'>πάσης</span> <span class='ocrx_word' id='word_1_306' title='bbox 825 3463 1008 3521; x_wconf 64' lang='grc' dir='ltr'>νυκτὸς</span> <span class='ocrx_word' id='word_1_307' title='bbox 1050 3462 1146 3512; x_wconf 80' lang='grc' dir='ltr'><strong>οὐκ</strong></span> <span class='ocrx_word' id='word_1_308' title='bbox 1175 3461 1433 3530; x_wconf 78' lang='grc' dir='ltr'>ἐϐρώθην.</span> <span class='ocrx_word' id='word_1_309' title='bbox 1471 3461 1700 3528; x_wconf 81' lang='grc' dir='ltr'>Λογισά-</span> 
     </span>
    </p>
   </div>
   <div class='ocr_carea' id='block_1_42' title="bbox 177 3546 1702 3618">
    <p class='ocr_par' dir='ltr' id='par_1_42' title="bbox 177 3546 1702 3618">
     <span class='ocr_line' id='line_1_42' title="bbox 177 3546 1702 3618; baseline 0.004 -22"><span class='ocrx_word' id='word_1_310' title='bbox 177 3562 341 3615; x_wconf 80' lang='grc' dir='ltr'>μενος</span> <span class='ocrx_word' id='word_1_311' title='bbox 369 3547 458 3599; x_wconf 77' lang='grc' dir='ltr'><strong>οὖν</strong></span> <span class='ocrx_word' id='word_1_312' title='bbox 485 3549 561 3598; x_wconf 79' lang='grc' dir='ltr'>ὅτι</span> <span class='ocrx_word' id='word_1_313' title='bbox 591 3549 833 3613; x_wconf 78' lang='grc' dir='ltr'>ἐφείσατο</span> <span class='ocrx_word' id='word_1_314' title='bbox 868 3565 962 3615; x_wconf 86' lang='grc' dir='ltr'><strong>μου</strong></span> <span class='ocrx_word' id='word_1_315' title='bbox 989 3550 1016 3599; x_wconf 81' lang='grc' dir='ltr'>ὁ</span> <span class='ocrx_word' id='word_1_316' title='bbox 1034 3548 1180 3612; x_wconf 80' lang='grc' dir='ltr'>Θεὸς,</span> <span class='ocrx_word' id='word_1_317' title='bbox 1208 3546 1356 3610; x_wconf 80' lang='grc' dir='ltr'>αὖθις</span> <span class='ocrx_word' id='word_1_318' title='bbox 1387 3551 1702 3618; x_wconf 70' lang='grc' dir='ltr'>ὑποστρέφω</span> 
     </span>
    </p>
   </div>
   <div class='ocr_carea' id='block_1_43' title="bbox 175 3633 1702 3706">
    <p class='ocr_par' dir='ltr' id='par_1_43' title="bbox 175 3633 1702 3706">
     <span class='ocr_line' id='line_1_43' title="bbox 175 3633 1702 3706; baseline 0.003 -20"><span class='ocrx_word' id='word_1_319' title='bbox 175 3637 264 3694; x_wconf 82' lang='grc' dir='ltr'>εἰς</span> <span class='ocrx_word' id='word_1_320' title='bbox 297 3637 389 3701; x_wconf 78' lang='grc' dir='ltr'>τὴν</span> <span class='ocrx_word' id='word_1_321' title='bbox 432 3635 641 3686; x_wconf 83' lang='grc' dir='ltr'>κέλλαν·</span> <span class='ocrx_word' id='word_1_322' title='bbox 699 3638 1030 3704; x_wconf 77' lang='grc' dir='ltr'>καρτερήσας</span> <span class='ocrx_word' id='word_1_323' title='bbox 1068 3633 1157 3689; x_wconf 77' lang='grc' dir='ltr'><strong>οὖν</strong></span> <span class='ocrx_word' id='word_1_324' title='bbox 1196 3639 1222 3688; x_wconf 85' lang='grc' dir='ltr'><em>ὁ</em></span> <span class='ocrx_word' id='word_1_325' title='bbox 1263 3637 1463 3704; x_wconf 86' lang='grc' dir='ltr'>δαίμων</span> <span class='ocrx_word' id='word_1_326' title='bbox 1495 3640 1702 3706; x_wconf 79' lang='grc' dir='ltr'>ἡμέρας</span> 
     </span>
    </p>
   </div>
   <div class='ocr_carea' id='block_1_44' title="bbox 174 3723 1700 3791">
    <p class='ocr_par' dir='ltr' id='par_1_44' title="bbox 174 3723 1700 3791">
     <span class='ocr_line' id='line_1_44' title="bbox 174 3723 1700 3791; baseline 0 -17"><span class='ocrx_word' id='word_1_327' title='bbox 174 3723 361 3788; x_wconf 76' lang='grc' dir='ltr'>ὀλίγας</span> <span class='ocrx_word' id='word_1_328' title='bbox 384 3723 598 3775; x_wconf 70' lang='grc' dir='ltr'>ἐπέθετο</span> <span class='ocrx_word' id='word_1_329' title='bbox 628 3741 714 3791; x_wconf 85' lang='grc' dir='ltr'><strong>μοι</strong></span> <span class='ocrx_word' id='word_1_330' title='bbox 747 3725 1086 3791; x_wconf 80' lang='grc' dir='ltr'>σφοδρότερον</span> <span class='ocrx_word' id='word_1_331' title='bbox 1112 3723 1199 3773; x_wconf 81' lang='grc' dir='ltr'>τοῦ</span> <span class='ocrx_word' id='word_1_332' title='bbox 1223 3723 1433 3789; x_wconf 81' lang='grc' dir='ltr'>πρώτου</span> <span class='ocrx_word' id='word_1_333' title='bbox 1454 3723 1526 3783; x_wconf 83' lang='grc' dir='ltr'>ὡς</span> <span class='ocrx_word' id='word_1_334' title='bbox 1555 3724 1700 3790; x_wconf 86' lang='grc' dir='ltr'><strong>παρά</strong></span> 
     </span>
    </p>
   </div>
   <div class='ocr_carea' id='block_1_45' title="bbox 180 3805 1700 3878">
    <p class='ocr_par' dir='ltr' id='par_1_45' title="bbox 180 3805 1700 3878">
     <span class='ocr_line' id='line_1_45' title="bbox 180 3805 1700 3878; baseline 0 -17"><span class='ocrx_word' id='word_1_335' title='bbox 180 3810 373 3878; x_wconf 71' lang='grc' dir='ltr'>μικρὸν</span> <span class='ocrx_word' id='word_1_336' title='bbox 399 3809 795 3877; x_wconf 81' lang='grc' dir='ltr'>βλασφημῆσαι.</span> <span class='ocrx_word' id='word_1_337' title='bbox 829 3808 1361 3874; x_wconf 73' lang='grc' dir='ltr'>Μετασχηματισθεὶς</span> <span class='ocrx_word' id='word_1_338' title='bbox 1390 3805 1479 3860; x_wconf 82' lang='grc' dir='ltr'><strong>οὖν</strong></span> <span class='ocrx_word' id='word_1_339' title='bbox 1511 3810 1587 3870; x_wconf 84' lang='grc' dir='ltr'><strong>είς</strong></span> <span class='ocrx_word' id='word_1_340' title='bbox 1606 3811 1700 3861; x_wconf 77' lang='lat' dir='ltr'><strong>At-</strong></span> 
     </span>
    </p>
   </div>
   <div class='ocr_carea' id='block_1_46' title="bbox 178 3897 1700 3967">
    <p class='ocr_par' dir='ltr' id='par_1_46' title="bbox 178 3897 1700 3967">
     <span class='ocr_line' id='line_1_46' title="bbox 178 3897 1700 3967; baseline 0.002 -18"><span class='ocrx_word' id='word_1_341' title='bbox 178 3898 456 3950; x_wconf 84' lang='grc' dir='ltr'>θιόπισσαν</span> <span class='ocrx_word' id='word_1_342' title='bbox 485 3899 647 3967; x_wconf 83' lang='grc' dir='ltr'>κόρην</span> <span class='ocrx_word' id='word_1_343' title='bbox 679 3898 762 3965; x_wconf 77' lang='grc' dir='ltr'><strong>(ἦν</strong></span> <span class='ocrx_word' id='word_1_344' title='bbox 791 3897 999 3963; x_wconf 84' lang='grc' dir='ltr'>ἐώρακά</span> <span class='ocrx_word' id='word_1_345' title='bbox 1057 3913 1181 3948; x_wconf 86' lang='grc' dir='ltr'>ποτε</span> <span class='ocrx_word' id='word_1_346' title='bbox 1225 3900 1280 3948; x_wconf 82' lang='grc' dir='ltr'><strong>ἐν</strong></span> <span class='ocrx_word' id='word_1_347' title='bbox 1309 3899 1510 3967; x_wconf 78' lang='grc' dir='ltr'>νεότητι</span> <span class='ocrx_word' id='word_1_348' title='bbox 1543 3902 1618 3961; x_wconf 79' lang='grc' dir='ltr'><strong>είς</strong></span> <span class='ocrx_word' id='word_1_349' title='bbox 1644 3901 1700 3952; x_wconf 84' lang='grc' dir='ltr'><strong>τὸ</strong></span> 
     </span>
    </p>
   </div>
   <div class='ocr_carea' id='block_1_47' title="bbox 179 3985 1702 4055">
    <p class='ocr_par' dir='ltr' id='par_1_47' title="bbox 179 3985 1702 4055">
     <span class='ocr_line' id='line_1_47' title="bbox 179 3985 1702 4055; baseline 0.001 -18"><span class='ocrx_word' id='word_1_350' title='bbox 179 3987 335 4053; x_wconf 81' lang='grc' dir='ltr'>θέρος</span> <span class='ocrx_word' id='word_1_351' title='bbox 361 3985 1102 4054; x_wconf 83' lang='grc' dir='ltr'>καλαμωμένην),ἐπεκάθητό</span> <span class='ocrx_word' id='word_1_352' title='bbox 1134 4004 1229 4054; x_wconf 82' lang='grc' dir='ltr'><strong>μου</strong></span> <span class='ocrx_word' id='word_1_353' title='bbox 1256 3989 1365 4048; x_wconf 82' lang='grc' dir='ltr'>τοῖς</span> <span class='ocrx_word' id='word_1_354' title='bbox 1386 3988 1702 4055; x_wconf 68' lang='grc' dir='ltr'>γόνασι,⁴καὶ</span> 
     </span>
    </p>
   </div>
   <div class='ocr_carea' id='block_1_48' title="bbox 179 4072 1703 4144">
    <p class='ocr_par' dir='ltr' id='par_1_48' title="bbox 179 4072 1703 4144">
     <span class='ocr_line' id='line_1_48' title="bbox 179 4072 1703 4144; baseline 0.003 -20"><span class='ocrx_word' id='word_1_355' title='bbox 179 4074 278 4124; x_wconf 73' lang='grc' dir='ltr'><strong>ἐπὶ</strong></span> <span class='ocrx_word' id='word_1_356' title='bbox 305 4072 549 4123; x_wconf 78' lang='grc' dir='ltr'>τοσοῦτον</span> <span class='ocrx_word' id='word_1_357' title='bbox 585 4090 649 4140; x_wconf 84' lang='grc' dir='ltr'><strong>με</strong></span> <span class='ocrx_word' id='word_1_358' title='bbox 679 4075 940 4142; x_wconf 78' lang='grc' dir='ltr'>ἐκίνησεν,</span> <span class='ocrx_word' id='word_1_359' title='bbox 987 4075 1059 4134; x_wconf 84' lang='grc' dir='ltr'>ὼς</span> <span class='ocrx_word' id='word_1_360' title='bbox 1099 4076 1310 4143; x_wconf 86' lang='grc' dir='ltr'>νομίσαι</span> <span class='ocrx_word' id='word_1_361' title='bbox 1357 4093 1421 4144; x_wconf 85' lang='grc' dir='ltr'><strong>με</strong></span> <span class='ocrx_word' id='word_1_362' title='bbox 1457 4079 1703 4144; x_wconf 87' lang='grc' dir='ltr'>συγγενέ-</span> 
     </span>
    </p>
   </div>
   <div class='ocr_carea' id='block_1_49' title="bbox 184 4160 1699 4233">
    <p class='ocr_par' dir='ltr' id='par_1_49' title="bbox 184 4160 1699 4233">
     <span class='ocr_line' id='line_1_49' title="bbox 184 4160 1699 4233; baseline 0.004 -20"><span class='ocrx_word' id='word_1_363' title='bbox 184 4161 327 4213; x_wconf 86' lang='grc' dir='ltr'>σθαι.</span> <span class='ocrx_word' id='word_1_364' title='bbox 375 4161 502 4211; x_wconf 76' lang='grc' dir='ltr'>Ἀπὸ</span> <span class='ocrx_word' id='word_1_365' title='bbox 535 4163 723 4228; x_wconf 84' lang='grc' dir='ltr'>μανίας</span> <span class='ocrx_word' id='word_1_366' title='bbox 753 4160 840 4216; x_wconf 76' lang='grc' dir='ltr'>οὖν</span> <span class='ocrx_word' id='word_1_367' title='bbox 884 4164 1052 4216; x_wconf 78' lang='grc' dir='ltr'>ἔδωκα</span> <span class='ocrx_word' id='word_1_368' title='bbox 1082 4165 1212 4231; x_wconf 81' lang='grc' dir='ltr'>αὐτῇ</span> <span class='ocrx_word' id='word_1_369' title='bbox 1248 4166 1457 4228; x_wconf 87' lang='grc' dir='ltr'>κόσσον,</span> <span class='ocrx_word' id='word_1_370' title='bbox 1491 4168 1581 4218; x_wconf 78' lang='grc' dir='ltr'><strong>καὶ</strong></span> <span class='ocrx_word' id='word_1_371' title='bbox 1611 4167 1699 4233; x_wconf 83' lang='grc' dir='ltr'>γέ-</span> 
     </span>
    </p>
   </div>
   <div class='ocr_carea' id='block_1_50' title="bbox 1778 477 3314 548">
    <p class='ocr_par' dir='ltr' id='par_1_50' title="bbox 1778 477 3314 548">
     <span class='ocr_line' id='line_1_50' title="bbox 1778 477 3314 548; baseline -0.004 -17"><span class='ocrx_word' id='word_1_372' title='bbox 1778 483 2119 548; x_wconf 84' lang='lat' dir='ltr'><strong>cmnpellente</strong></span> <span class='ocrx_word' id='word_1_373' title='bbox 2136 495 2219 531; x_wconf 88' lang='lat' dir='ltr'><strong>me</strong></span> <span class='ocrx_word' id='word_1_374' title='bbox 2235 479 2500 546; x_wconf 66' lang='lat' dir='ltr'><strong>pa~sioue,</strong></span> <span class='ocrx_word' id='word_1_375' title='bbox 2525 493 2682 546; x_wconf 82' lang='lat' dir='ltr'><strong>prope</strong></span> <span class='ocrx_word' id='word_1_376' title='bbox 2702 478 2886 537; x_wconf 89' lang='lat' dir='ltr'><strong>forem,</strong></span> <span class='ocrx_word' id='word_1_377' title='bbox 2907 487 2960 528; x_wconf 87' lang='lat' dir='ltr'><strong>ut</strong></span> <span class='ocrx_word' id='word_1_378' title='bbox 2982 492 3010 528; x_wconf 92' lang='lat' dir='ltr'><strong>e</strong></span> <span class='ocrx_word' id='word_1_379' title='bbox 3032 477 3314 528; x_wconf 88' lang='lat' dir='ltr'><strong>solitudine</strong></span> 
     </span>
    </p>
   </div>
   <div class='ocr_carea' id='block_1_51' title="bbox 1777 567 3315 634">
    <p class='ocr_par' dir='ltr' id='par_1_51' title="bbox 1777 567 3315 634">
     <span class='ocr_line' id='line_1_51' title="bbox 1777 567 3315 634; baseline -0.002 -14"><span class='ocrx_word' id='word_1_380' title='bbox 1777 570 2140 631; x_wconf 88' lang='lat' dir='ltr'><strong>abscederem,</strong></span> <span class='ocrx_word' id='word_1_381' title='bbox 2171 569 2501 622; x_wconf 85' lang='lat' dir='ltr'><strong>vicinismcis</strong></span> <span class='ocrx_word' id='word_1_382' title='bbox 2521 567 2822 634; x_wconf 73' lang='lat' dir='ltr'><strong>neutiquam</strong></span> <span class='ocrx_word' id='word_1_383' title='bbox 2843 567 3045 617; x_wconf 83' lang='lat' dir='ltr'><strong>narravi</strong></span> <span class='ocrx_word' id='word_1_384' title='bbox 3069 580 3199 627; x_wconf 86' lang='lat' dir='ltr'><strong>rem,</strong></span> <span class='ocrx_word' id='word_1_385' title='bbox 3222 581 3315 617; x_wconf 83' lang='lat' dir='ltr'><strong>ne-</strong></span> 
     </span>
    </p>
   </div>
   <div class='ocr_carea' id='block_1_52' title="bbox 1779 654 3312 724">
    <p class='ocr_par' dir='ltr' id='par_1_52' title="bbox 1779 654 3312 724">
     <span class='ocr_line' id='line_1_52' title="bbox 1779 654 3312 724; baseline -0.005 -16"><span class='ocrx_word' id='word_1_386' title='bbox 1779 673 1880 724; x_wconf 89' lang='lat' dir='ltr'><strong>que</strong></span> <span class='ocrx_word' id='word_1_387' title='bbox 1897 658 2148 723; x_wconf 78' lang='lat' dir='ltr'><strong>magistro</strong></span> <span class='ocrx_word' id='word_1_388' title='bbox 2185 656 2422 720; x_wconf 84' lang='lat' dir='ltr'><strong>Eulogio,</strong></span> <span class='ocrx_word' id='word_1_389' title='bbox 2449 656 2583 709; x_wconf 87' lang='lat' dir='ltr'><strong>clam</strong></span> <span class='ocrx_word' id='word_1_390' title='bbox 2610 671 2732 708; x_wconf 79' lang='lat' dir='ltr'><strong>vero</strong></span> <span class='ocrx_word' id='word_1_391' title='bbox 2771 654 3124 720; x_wconf 85' lang='lat' dir='ltr'><strong>pertransieus</strong></span> <span class='ocrx_word' id='word_1_392' title='bbox 3145 655 3207 704; x_wconf 90' lang='lat' dir='ltr'><strong>ad</strong></span> <span class='ocrx_word' id='word_1_393' title='bbox 3234 654 3312 704; x_wconf 83' lang='lat' dir='ltr'><strong>In-</strong></span> 
     </span>
    </p>
   </div>
   <div class='ocr_carea' id='block_1_53' title="bbox 1779 741 3313 808">
    <p class='ocr_par' dir='ltr' id='par_1_53' title="bbox 1779 741 3313 808">
     <span class='ocr_line' id='line_1_53' title="bbox 1779 741 3313 808; baseline -0.004 -11"><span class='ocrx_word' id='word_1_394' title='bbox 1779 760 1901 797; x_wconf 88' lang='lat' dir='ltr'><strong>cum</strong></span> <span class='ocrx_word' id='word_1_395' title='bbox 1923 744 2138 794; x_wconf 84' lang='lat' dir='ltr'><strong>omnino</strong></span> <span class='ocrx_word' id='word_1_396' title='bbox 2156 743 2420 795; x_wconf 91' lang='lat' dir='ltr'><strong>desertum</strong></span> <span class='ocrx_word' id='word_1_397' title='bbox 2464 743 2682 794; x_wconf 82' lang='lat' dir='ltr'><strong>conveni</strong></span> <span class='ocrx_word' id='word_1_398' title='bbox 2723 756 2814 808; x_wconf 87' lang='lat' dir='ltr'><strong>per</strong></span> <span class='ocrx_word' id='word_1_399' title='bbox 2863 741 3161 808; x_wconf 79' lang='lat' dir='ltr'><strong>quindecim</strong></span> <span class='ocrx_word' id='word_1_400' title='bbox 3202 741 3313 791; x_wconf 81' lang='lat' dir='ltr'><strong>dies</strong></span> 
     </span>
    </p>
   </div>
   <div class='ocr_carea' id='block_1_54' title="bbox 1781 828 3316 898">
    <p class='ocr_par' dir='ltr' id='par_1_54' title="bbox 1781 828 3316 898">
     <span class='ocr_line' id='line_1_54' title="bbox 1781 828 3316 898; baseline -0.002 -16"><span class='ocrx_word' id='word_1_401' title='bbox 1781 847 1891 894; x_wconf 89' lang='lat' dir='ltr'><strong>cos,</strong></span> <span class='ocrx_word' id='word_1_402' title='bbox 1915 831 2004 898; x_wconf 88' lang='lat' dir='ltr'><strong>qui</strong></span> <span class='ocrx_word' id='word_1_403' title='bbox 2030 831 2166 883; x_wconf 88' lang='lat' dir='ltr'><strong>circa</strong></span> <span class='ocrx_word' id='word_1_404' title='bbox 2191 828 2381 882; x_wconf 82' lang='lat' dir='ltr'><strong>Sectim</strong></span> <span class='ocrx_word' id='word_1_405' title='bbox 2411 837 2798 883; x_wconf 79' lang='lat' dir='ltr'><strong>consenuerant</strong></span> <span class='ocrx_word' id='word_1_406' title='bbox 2821 829 2871 880; x_wconf 90' lang='lat' dir='ltr'><strong>in</strong></span> <span class='ocrx_word' id='word_1_407' title='bbox 2916 828 3195 880; x_wconf 83' lang='lat' dir='ltr'><strong>solitudine</strong></span> <span class='ocrx_word' id='word_1_408' title='bbox 3218 828 3316 879; x_wconf 87' lang='lat' dir='ltr'><strong>Pa-</strong></span> 
     </span>
    </p>
   </div>
   <div class='ocr_carea' id='block_1_55' title="bbox 1786 914 3315 981">
    <p class='ocr_par' dir='ltr' id='par_1_55' title="bbox 1786 914 3315 981">
     <span class='ocr_line' id='line_1_55' title="bbox 1786 914 3315 981; baseline -0.002 -13"><span class='ocrx_word' id='word_1_409' title='bbox 1786 927 1914 975; x_wconf 87' lang='lat' dir='ltr'><strong>tres,</strong></span> <span class='ocrx_word' id='word_1_410' title='bbox 1936 929 2070 981; x_wconf 85' lang='lat' dir='ltr'><strong>quos</strong></span> <span class='ocrx_word' id='word_1_411' title='bbox 2093 916 2248 978; x_wconf 88' lang='lat' dir='ltr'><strong>inter,</strong></span> <span class='ocrx_word' id='word_1_412' title='bbox 2268 923 2320 966; x_wconf 89' lang='lat' dir='ltr'><strong>et</strong></span> <span class='ocrx_word' id='word_1_413' title='bbox 2339 914 2550 981; x_wconf 88' lang='lat' dir='ltr'><strong>quidam</strong></span> <span class='ocrx_word' id='word_1_414' title='bbox 2573 927 2682 965; x_wconf 88' lang='lat' dir='ltr'><strong>erat</strong></span> <span class='ocrx_word' id='word_1_415' title='bbox 2698 915 2903 966; x_wconf 83' lang='lat' dir='ltr'><strong>Pachon</strong></span> <span class='ocrx_word' id='word_1_416' title='bbox 2921 916 3131 965; x_wconf 87' lang='lat' dir='ltr'><strong>nomine</strong></span> <span class='ocrx_word' id='word_1_417' title='bbox 3150 916 3236 980; x_wconf 87' lang='lat' dir='ltr'><strong>qui</strong></span> <span class='ocrx_word' id='word_1_418' title='bbox 3252 917 3315 965; x_wconf 78' lang='lat' dir='ltr'><strong>ad</strong></span> 
     </span>
    </p>
   </div>
   <div class='ocr_carea' id='block_1_56' title="bbox 1783 1002 3315 1069">
    <p class='ocr_par' dir='ltr' id='par_1_56' title="bbox 1783 1002 3315 1069">
     <span class='ocr_line' id='line_1_56' title="bbox 1783 1002 3315 1069; baseline -0.001 -14"><span class='ocrx_word' id='word_1_419' title='bbox 1783 1019 1978 1055; x_wconf 88' lang='lat' dir='ltr'><strong>annmn</strong></span> <span class='ocrx_word' id='word_1_420' title='bbox 2003 1009 2313 1068; x_wconf 70' lang='lat' dir='ltr'><strong>pervenerat.</strong></span> <span class='ocrx_word' id='word_1_421' title='bbox 2349 1002 2814 1069; x_wconf 85' lang='lat' dir='ltr'><strong>septuagesimum,</strong></span> <span class='ocrx_word' id='word_1_422' title='bbox 2872 1003 3241 1069; x_wconf 84' lang='lat' dir='ltr'><strong>residebatque</strong></span> <span class='ocrx_word' id='word_1_423' title='bbox 3265 1004 3315 1054; x_wconf 91' lang='lat' dir='ltr'><strong>in</strong></span> 
     </span>
    </p>
   </div>
   <div class='ocr_carea' id='block_1_57' title="bbox 1787 1089 3318 1158">
    <p class='ocr_par' dir='ltr' id='par_1_57' title="bbox 1787 1089 3318 1158">
     <span class='ocr_line' id='line_1_57' title="bbox 1787 1089 3318 1158; baseline -0.001 -16"><span class='ocrx_word' id='word_1_424' title='bbox 1787 1089 1968 1155; x_wconf 83' lang='lat' dir='ltr'><strong>Scete;</strong></span> <span class='ocrx_word' id='word_1_425' title='bbox 1995 1098 2180 1142; x_wconf 86' lang='lat' dir='ltr'><strong>nactus</strong></span> <span class='ocrx_word' id='word_1_426' title='bbox 2202 1091 2358 1158; x_wconf 88' lang='lat' dir='ltr'><strong>igitur</strong></span> <span class='ocrx_word' id='word_1_427' title='bbox 2383 1092 2549 1157; x_wconf 85' lang='lat' dir='ltr'><strong>ipsum</strong></span> <span class='ocrx_word' id='word_1_428' title='bbox 2574 1091 3010 1152; x_wconf 80' lang='lat' dir='ltr'><strong>exercitatiorem,</strong></span> <span class='ocrx_word' id='word_1_429' title='bbox 3035 1101 3192 1158; x_wconf 85' lang='lat' dir='ltr'><strong>atque</strong></span> <span class='ocrx_word' id='word_1_430' title='bbox 3212 1093 3318 1142; x_wconf 79' lang='lat' dir='ltr'><strong>sin-</strong></span> 
     </span>
    </p>
   </div>
   <div class='ocr_carea' id='block_1_58' title="bbox 1786 1179 3319 1241">
    <p class='ocr_par' dir='ltr' id='par_1_58' title="bbox 1786 1179 3319 1241">
     <span class='ocr_line' id='line_1_58' title="bbox 1786 1179 3319 1241; baseline -0.001 -10"><span class='ocrx_word' id='word_1_431' title='bbox 1786 1180 2067 1241; x_wconf 85' lang='lat' dir='ltr'><strong>ceriorem,</strong></span> <span class='ocrx_word' id='word_1_432' title='bbox 2099 1179 2424 1229; x_wconf 66' lang='lat' dir='ltr'><strong>conlidi-nter</strong></span> <span class='ocrx_word' id='word_1_433' title='bbox 2448 1192 2609 1230; x_wconf 88' lang='lat' dir='ltr'><strong>ausus</strong></span> <span class='ocrx_word' id='word_1_434' title='bbox 2630 1192 2743 1228; x_wconf 88' lang='lat' dir='ltr'><strong>sum</strong></span> <span class='ocrx_word' id='word_1_435' title='bbox 2768 1191 2895 1228; x_wconf 73' lang='lat' dir='ltr'><strong>mea:</strong></span> <span class='ocrx_word' id='word_1_436' title='bbox 2917 1180 3109 1231; x_wconf 90' lang='lat' dir='ltr'><strong>mentis</strong></span> <span class='ocrx_word' id='word_1_437' title='bbox 3129 1193 3319 1230; x_wconf 78' lang='lat' dir='ltr'><strong>arcana</strong></span> 
     </span>
    </p>
   </div>
   <div class='ocr_carea' id='block_1_59' title="bbox 1786 1263 3320 1332">
    <p class='ocr_par' dir='ltr' id='par_1_59' title="bbox 1786 1263 3320 1332">
     <span class='ocr_line' id='line_1_59' title="bbox 1786 1263 3320 1332; baseline -0.001 -13"><span class='ocrx_word' id='word_1_438' title='bbox 1786 1279 2065 1332; x_wconf 80' lang='lat' dir='ltr'><strong>exponere,</strong></span> <span class='ocrx_word' id='word_1_439' title='bbox 2102 1281 2163 1319; x_wconf 88' lang='lat' dir='ltr'><strong>ac</strong></span> <span class='ocrx_word' id='word_1_440' title='bbox 2191 1281 2422 1318; x_wconf 83' lang='lat' dir='ltr'><strong>narrare.</strong></span> <span class='ocrx_word' id='word_1_441' title='bbox 2444 1265 2592 1316; x_wconf 90' lang='lat' dir='ltr'><strong>Tunc</strong></span> <span class='ocrx_word' id='word_1_442' title='bbox 2624 1265 2706 1316; x_wconf 90' lang='lat' dir='ltr'><strong>hic</strong></span> <span class='ocrx_word' id='word_1_443' title='bbox 2730 1263 2856 1316; x_wconf 89' lang='lat' dir='ltr'><strong>mihi</strong></span> <span class='ocrx_word' id='word_1_444' title='bbox 2886 1265 3010 1318; x_wconf 90' lang='lat' dir='ltr'><strong>dicit</strong></span> <span class='ocrx_word' id='word_1_445' title='bbox 3031 1293 3094 1305; x_wconf 83' lang='grc'><strong><em>--</em></strong></span> <span class='ocrx_word' id='word_1_446' title='bbox 3135 1285 3147 1318; x_wconf 90' lang='lat'>:</span> <span class='ocrx_word' id='word_1_447' title='bbox 3175 1267 3248 1319; x_wconf 79' lang='lat' dir='ltr'><strong>Ne</strong></span> <span class='ocrx_word' id='word_1_448' title='bbox 3273 1278 3320 1319; x_wconf 88' lang='lat' dir='ltr'><strong>te</strong></span> 
     </span>
    </p>
   </div>
   <div class='ocr_carea' id='block_1_60' title="bbox 1796 1336 3322 1420">
    <p class='ocr_par' dir='ltr' id='par_1_60' title="bbox 1796 1354 3322 1420">
     <span class='ocr_line' id='line_1_60' title="bbox 1796 1354 3322 1420; baseline 0.003 -15"><span class='ocrx_word' id='word_1_449' title='bbox 1796 1357 2064 1418; x_wconf 85' lang='lat' dir='ltr'><strong>perturbet</strong></span> <span class='ocrx_word' id='word_1_450' title='bbox 2099 1356 2362 1420; x_wconf 86' lang='lat' dir='ltr'><strong>negotium</strong></span> <span class='ocrx_word' id='word_1_451' title='bbox 2389 1354 2750 1420; x_wconf 85' lang='lat' dir='ltr'><strong>hujuscemodi</strong></span> <span class='ocrx_word' id='word_1_452' title='bbox 2777 1355 2926 1419; x_wconf 87' lang='lat' dir='ltr'><strong>quasi</strong></span> <span class='ocrx_word' id='word_1_453' title='bbox 2965 1370 3155 1407; x_wconf 84' lang='lat' dir='ltr'><strong>novum</strong></span> <span class='ocrx_word' id='word_1_454' title='bbox 3186 1375 3198 1419; x_wconf 93' lang='lat'><strong>;</strong></span> <span class='ocrx_word' id='word_1_455' title='bbox 3229 1373 3322 1409; x_wconf 87' lang='lat' dir='ltr'><strong>nec</strong></span> 
     </span>
    </p>
   </div>
   <div class='ocr_carea' id='block_1_61' title="bbox 1788 1442 3320 1508">
    <p class='ocr_par' dir='ltr' id='par_1_61' title="bbox 1788 1442 3320 1508">
     <span class='ocr_line' id='line_1_61' title="bbox 1788 1442 3320 1508; baseline 0.001 -16"><span class='ocrx_word' id='word_1_456' title='bbox 1788 1443 1926 1492; x_wconf 88' lang='lat' dir='ltr'><strong>enim</strong></span> <span class='ocrx_word' id='word_1_457' title='bbox 1957 1442 2004 1492; x_wconf 92' lang='lat' dir='ltr'><strong>id</strong></span> <span class='ocrx_word' id='word_1_458' title='bbox 2040 1443 2232 1506; x_wconf 73' lang='lat' dir='ltr'><strong>pateris</strong></span> <span class='ocrx_word' id='word_1_459' title='bbox 2259 1457 2287 1493; x_wconf 91' lang='lat' dir='ltr'><strong>e</strong></span> <span class='ocrx_word' id='word_1_460' title='bbox 2323 1443 2548 1508; x_wconf 76' lang='lat' dir='ltr'><strong>pigritia,</strong></span> <span class='ocrx_word' id='word_1_461' title='bbox 2588 1451 2865 1494; x_wconf 87' lang='lat' dir='ltr'><strong>attestatur</strong></span> <span class='ocrx_word' id='word_1_462' title='bbox 2889 1443 3082 1508; x_wconf 77' lang='lat' dir='ltr'><strong>quippe</strong></span> <span class='ocrx_word' id='word_1_463' title='bbox 3110 1445 3205 1497; x_wconf 89' lang='lat' dir='ltr'><strong>hoc</strong></span> <span class='ocrx_word' id='word_1_464' title='bbox 3230 1446 3320 1495; x_wconf 88' lang='lat' dir='ltr'><strong>tibi</strong></span> 
     </span>
    </p>
   </div>
   <div class='ocr_carea' id='block_1_62' title="bbox 1788 1528 3322 1594">
    <p class='ocr_par' dir='ltr' id='par_1_62' title="bbox 1788 1528 3322 1594">
     <span class='ocr_line' id='line_1_62' title="bbox 1788 1528 3322 1594; baseline 0.002 -15"><span class='ocrx_word' id='word_1_465' title='bbox 1788 1528 1937 1581; x_wconf 93' lang='lat' dir='ltr'><strong>locus</strong></span> <span class='ocrx_word' id='word_1_466' title='bbox 1959 1529 2089 1594; x_wconf 92' lang='lat' dir='ltr'><strong>ipse,</strong></span> <span class='ocrx_word' id='word_1_467' title='bbox 2113 1537 2222 1579; x_wconf 91' lang='lat' dir='ltr'><strong>tum</strong></span> <span class='ocrx_word' id='word_1_468' title='bbox 2270 1539 2483 1594; x_wconf 83' lang='lat' dir='ltr'><strong>propter</strong></span> <span class='ocrx_word' id='word_1_469' title='bbox 2525 1529 2750 1594; x_wconf 89' lang='lat' dir='ltr'><strong>inopiam</strong></span> <span class='ocrx_word' id='word_1_470' title='bbox 2790 1543 2965 1580; x_wconf 90' lang='lat' dir='ltr'><strong>rerum</strong></span> <span class='ocrx_word' id='word_1_471' title='bbox 3001 1533 3322 1583; x_wconf 86' lang='lat' dir='ltr'><strong>necessaria-</strong></span> 
     </span>
    </p>
   </div>
   <div class='ocr_carea' id='block_1_63' title="bbox 1792 1615 3322 1683">
    <p class='ocr_par' dir='ltr' id='par_1_63' title="bbox 1792 1615 3322 1683">
     <span class='ocr_line' id='line_1_63' title="bbox 1792 1615 3322 1683; baseline 0 -14"><span class='ocrx_word' id='word_1_472' title='bbox 1792 1632 1929 1676; x_wconf 89' lang='lat' dir='ltr'><strong>rum,</strong></span> <span class='ocrx_word' id='word_1_473' title='bbox 1979 1625 2087 1667; x_wconf 92' lang='lat' dir='ltr'><strong>tum</strong></span> <span class='ocrx_word' id='word_1_474' title='bbox 2117 1616 2272 1668; x_wconf 88' lang='lat' dir='ltr'><strong>etiam</strong></span> <span class='ocrx_word' id='word_1_475' title='bbox 2294 1617 2415 1683; x_wconf 86' lang='lat' dir='ltr'><strong>quia</strong></span> <span class='ocrx_word' id='word_1_476' title='bbox 2445 1615 2758 1668; x_wconf 81' lang='lat' dir='ltr'><strong>feminarum</strong></span> <span class='ocrx_word' id='word_1_477' title='bbox 2779 1625 2979 1669; x_wconf 90' lang='lat' dir='ltr'><strong>nonest</strong></span> <span class='ocrx_word' id='word_1_478' title='bbox 3000 1617 3083 1669; x_wconf 89' lang='lat' dir='ltr'><strong>hic</strong></span> <span class='ocrx_word' id='word_1_479' title='bbox 3101 1633 3322 1670; x_wconf 84' lang='lat' dir='ltr'><strong>convcr-</strong></span> 
     </span>
    </p>
   </div>
   <div class='ocr_carea' id='block_1_64' title="bbox 1801 1790 3322 1852">
    <p class='ocr_par' dir='ltr' id='par_1_64' title="bbox 1801 1790 3322 1852">
     <span class='ocr_line' id='line_1_64' title="bbox 1801 1790 3322 1852; baseline 0.002 -10"><span class='ocrx_word' id='word_1_480' title='bbox 1801 1791 2177 1852; x_wconf 87' lang='lat' dir='ltr'><strong>meretricium,</strong></span> <span class='ocrx_word' id='word_1_481' title='bbox 2202 1805 2322 1842; x_wconf 89' lang='lat' dir='ltr'><strong>nam</strong></span> <span class='ocrx_word' id='word_1_482' title='bbox 2356 1790 2615 1843; x_wconf 88' lang='lat' dir='ltr'><strong>interdum</strong></span> <span class='ocrx_word' id='word_1_483' title='bbox 2641 1806 2762 1845; x_wconf 87' lang='lat' dir='ltr'><strong>caro</strong></span> <span class='ocrx_word' id='word_1_484' title='bbox 2784 1792 2999 1846; x_wconf 87' lang='lat' dir='ltr'><strong>robuste</strong></span> <span class='ocrx_word' id='word_1_485' title='bbox 3031 1797 3210 1846; x_wconf 86' lang='lat' dir='ltr'><strong>valens</strong></span> <span class='ocrx_word' id='word_1_486' title='bbox 3228 1810 3322 1845; x_wconf 68' lang='lat' dir='ltr'><strong>no.-</strong></span> 
     </span>
    </p>
   </div>
   <div class='ocr_carea' id='block_1_65' title="bbox 1802 1877 3324 1949">
    <p class='ocr_par' dir='ltr' id='par_1_65' title="bbox 1802 1877 3324 1949">
     <span class='ocr_line' id='line_1_65' title="bbox 1802 1877 3324 1949; baseline 0.003 -20"><span class='ocrx_word' id='word_1_487' title='bbox 1802 1877 1884 1931; x_wconf 91' lang='lat' dir='ltr'><strong>bis</strong></span> <span class='ocrx_word' id='word_1_488' title='bbox 1909 1878 2208 1940; x_wconf 77' lang='lat' dir='ltr'><strong>insidiatur,</strong></span> <span class='ocrx_word' id='word_1_489' title='bbox 2234 1893 2611 1946; x_wconf 85' lang='lat' dir='ltr'><strong>nonnunquam</strong></span> <span class='ocrx_word' id='word_1_490' title='bbox 2633 1894 2757 1932; x_wconf 85' lang='lat' dir='ltr'><strong>vero</strong></span> <span class='ocrx_word' id='word_1_491' title='bbox 2781 1881 3053 1946; x_wconf 76' lang='lat' dir='ltr'><strong>passiones</strong></span> <span class='ocrx_word' id='word_1_492' title='bbox 3077 1896 3169 1947; x_wconf 80' lang='lat' dir='ltr'><strong>per</strong></span> <span class='ocrx_word' id='word_1_493' title='bbox 3188 1883 3324 1949; x_wconf 85' lang='lat' dir='ltr'><strong>cogi-</strong></span> 
     </span>
    </p>
   </div>
   <div class='ocr_carea' id='block_1_66' title="bbox 1736 1966 3326 2034">
    <p class='ocr_par' dir='ltr' id='par_1_66' title="bbox 1736 1966 3326 2034">
     <span class='ocr_line' id='line_1_66' title="bbox 1736 1966 3326 2034; baseline 0.001 -15"><span class='ocrx_word' id='word_1_494' title='bbox 1736 1974 1746 1981; x_wconf 72' lang='lat'><strong>‘</strong></span> <span class='ocrx_word' id='word_1_495' title='bbox 1791 1966 2033 2030; x_wconf 78' lang='lat' dir='ltr'><strong>taliones,</strong></span> <span class='ocrx_word' id='word_1_496' title='bbox 2077 1966 2359 2032; x_wconf 84' lang='lat' dir='ltr'><strong>aliquando</strong></span> <span class='ocrx_word' id='word_1_497' title='bbox 2395 1974 2448 2018; x_wconf 89' lang='lat' dir='ltr'><strong>et</strong></span> <span class='ocrx_word' id='word_1_498' title='bbox 2498 1966 2703 2018; x_wconf 70' lang='lat' dir='ltr'><strong>daemon</strong></span> <span class='ocrx_word' id='word_1_499' title='bbox 2734 1967 2845 2034; x_wconf 87' lang='lat' dir='ltr'><strong>ipse</strong></span> <span class='ocrx_word' id='word_1_500' title='bbox 2873 1981 2936 2020; x_wconf 87' lang='lat' dir='ltr'><strong>ex</strong></span> <span class='ocrx_word' id='word_1_501' title='bbox 2963 1967 3177 2031; x_wconf 83' lang='lat' dir='ltr'><strong>invidia,</strong></span> <span class='ocrx_word' id='word_1_502' title='bbox 3227 1982 3326 2030; x_wconf 75' lang='lat' dir='ltr'><strong>ego</strong></span> 
     </span>
    </p>
   </div>
   <div class='ocr_carea' id='block_1_67' title="bbox 1794 2050 3324 2106">
    <p class='ocr_par' dir='ltr' id='par_1_67' title="bbox 1794 2050 3324 2106">
     <span class='ocr_line' id='line_1_67' title="bbox 1794 2050 3324 2106; baseline 0 -3"><span class='ocrx_word' id='word_1_503' title='bbox 1794 2051 1935 2103; x_wconf 91' lang='lat' dir='ltr'><strong>enim</strong></span> <span class='ocrx_word' id='word_1_504' title='bbox 1989 2051 2318 2104; x_wconf 82' lang='lat' dir='ltr'><strong>observando</strong></span> <span class='ocrx_word' id='word_1_505' title='bbox 2355 2051 2455 2104; x_wconf 88' lang='lat' dir='ltr'><strong>hoc</strong></span> <span class='ocrx_word' id='word_1_506' title='bbox 2483 2052 2746 2105; x_wconf 85' lang='lat' dir='ltr'><strong>adiuveni.</strong></span> <span class='ocrx_word' id='word_1_507' title='bbox 2792 2050 2926 2104; x_wconf 85' lang='lat' dir='ltr'><strong>Ecce</strong></span> <span class='ocrx_word' id='word_1_508' title='bbox 2975 2061 3032 2105; x_wconf 93' lang='lat' dir='ltr'><strong>ut</strong></span> <span class='ocrx_word' id='word_1_509' title='bbox 3063 2067 3147 2106; x_wconf 91' lang='lat' dir='ltr'><strong>me</strong></span> <span class='ocrx_word' id='word_1_510' title='bbox 3177 2053 3324 2104; x_wconf 68' lang='lat' dir='ltr'><strong>viden</strong></span> 
     </span>
    </p>
   </div>
   <div class='ocr_carea' id='block_1_68' title="bbox 1799 2139 3412 2215">
    <p class='ocr_par' dir='ltr' id='par_1_68' title="bbox 1799 2139 3412 2215">
     <span class='ocr_line' id='line_1_68' title="bbox 1799 2139 3412 2215; baseline 0 -23"><span class='ocrx_word' id='word_1_511' title='bbox 1799 2153 1978 2192; x_wconf 87' lang='lat' dir='ltr'><strong>senem</strong></span> <span class='ocrx_word' id='word_1_512' title='bbox 2011 2139 2298 2202; x_wconf 87' lang='lat' dir='ltr'><strong>hominem,</strong></span> <span class='ocrx_word' id='word_1_513' title='bbox 2331 2153 2448 2191; x_wconf 90' lang='lat' dir='ltr'><strong>cum</strong></span> <span class='ocrx_word' id='word_1_514' title='bbox 2476 2139 2635 2209; x_wconf 77' lang='lat'><strong>356</strong></span> <span class='ocrx_word' id='word_1_515' title='bbox 2652 2141 2836 2209; x_wconf 82' lang='lat' dir='ltr'><strong>degam</strong></span> <span class='ocrx_word' id='word_1_516' title='bbox 2875 2155 3071 2193; x_wconf 90' lang='lat' dir='ltr'><strong>annum</strong></span> <span class='ocrx_word' id='word_1_517' title='bbox 3095 2143 3324 2208; x_wconf 86' lang='lat' dir='ltr'><strong>quadra-</strong></span> <span class='ocrx_word' id='word_1_518' title='bbox 3407 2207 3412 2215; x_wconf 29' lang='grc'><strong><em>1</em></strong></span> 
     </span>
    </p>
   </div>
   <div class='ocr_carea' id='block_1_69' title="bbox 1793 2224 3307 2294">
    <p class='ocr_par' dir='ltr' id='par_1_69' title="bbox 1793 2224 3307 2294">
     <span class='ocr_line' id='line_1_69' title="bbox 1793 2224 3307 2294; baseline 0.001 -17"><span class='ocrx_word' id='word_1_519' title='bbox 1793 2225 2049 2292; x_wconf 83' lang='lat' dir='ltr'><strong>gcsimum</strong></span> <span class='ocrx_word' id='word_1_520' title='bbox 2075 2226 2124 2276; x_wconf 89' lang='lat' dir='ltr'><strong>in</strong></span> <span class='ocrx_word' id='word_1_521' title='bbox 2145 2225 2246 2276; x_wconf 87' lang='lat' dir='ltr'><strong>hac</strong></span> <span class='ocrx_word' id='word_1_522' title='bbox 2267 2224 2417 2288; x_wconf 89' lang='lat' dir='ltr'><strong>cella,</strong></span> <span class='ocrx_word' id='word_1_523' title='bbox 2447 2227 2701 2279; x_wconf 78' lang='lat' dir='ltr'><strong>sollicitus</strong></span> <span class='ocrx_word' id='word_1_524' title='bbox 2724 2227 2789 2279; x_wconf 87' lang='lat' dir='ltr'><strong>de</strong></span> <span class='ocrx_word' id='word_1_525' title='bbox 2811 2227 2888 2280; x_wconf 89' lang='lat' dir='ltr'><strong>eis</strong></span> <span class='ocrx_word' id='word_1_526' title='bbox 2906 2242 3022 2294; x_wconf 77' lang='lat' dir='ltr'><strong>quae</strong></span> <span class='ocrx_word' id='word_1_527' title='bbox 3051 2229 3116 2280; x_wconf 84' lang='lat' dir='ltr'><strong>ad</strong></span> <span class='ocrx_word' id='word_1_528' title='bbox 3139 2243 3307 2281; x_wconf 87' lang='lat' dir='ltr'><strong>meam</strong></span> 
     </span>
    </p>
   </div>
   <div class='ocr_carea' id='block_1_70' title="bbox 1801 2314 3319 2384">
    <p class='ocr_par' dir='ltr' id='par_1_70' title="bbox 1801 2314 3319 2384">
     <span class='ocr_line' id='line_1_70' title="bbox 1801 2314 3319 2384; baseline 0.004 -20"><span class='ocrx_word' id='word_1_529' title='bbox 1801 2314 2302 2380; x_wconf 80' lang='lat' dir='ltr'><strong>spectantsalutem,</strong></span> <span class='ocrx_word' id='word_1_530' title='bbox 2333 2324 2385 2368; x_wconf 88' lang='lat' dir='ltr'><strong>et</strong></span> <span class='ocrx_word' id='word_1_531' title='bbox 2406 2316 2524 2367; x_wconf 88' lang='lat' dir='ltr'><strong>licet</strong></span> <span class='ocrx_word' id='word_1_532' title='bbox 2563 2316 2624 2366; x_wconf 84' lang='lat' dir='ltr'><strong>ad</strong></span> <span class='ocrx_word' id='word_1_533' title='bbox 2669 2316 2822 2368; x_wconf 89' lang='lat' dir='ltr'><strong>istam</strong></span> <span class='ocrx_word' id='word_1_534' title='bbox 2855 2318 3155 2384; x_wconf 85' lang='lat' dir='ltr'><strong>pertigerim</strong></span> <span class='ocrx_word' id='word_1_535' title='bbox 3191 2326 3319 2370; x_wconf 62' lang='lat' dir='ltr'><strong>aeta—</strong></span> 
     </span>
    </p>
   </div>
   <div class='ocr_carea' id='block_1_71' title="bbox 1798 2401 3323 2472">
    <p class='ocr_par' dir='ltr' id='par_1_71' title="bbox 1798 2401 3323 2472">
     <span class='ocr_line' id='line_1_71' title="bbox 1798 2401 3323 2472; baseline 0.003 -20"><span class='ocrx_word' id='word_1_536' title='bbox 1798 2410 1922 2465; x_wconf 85' lang='lat' dir='ltr'><strong>tem,</strong></span> <span class='ocrx_word' id='word_1_537' title='bbox 1945 2401 2198 2454; x_wconf 86' lang='lat' dir='ltr'><strong>hactenus</strong></span> <span class='ocrx_word' id='word_1_538' title='bbox 2230 2410 2397 2455; x_wconf 90' lang='lat' dir='ltr'><strong>tentor</strong></span> <span class='ocrx_word' id='word_1_539' title='bbox 2417 2419 2432 2467; x_wconf 88' lang='lat'><strong>;</strong></span> <span class='ocrx_word' id='word_1_540' title='bbox 2456 2431 2524 2441; x_wconf 89' lang='lat'><strong>—</strong></span> <span class='ocrx_word' id='word_1_541' title='bbox 2544 2401 2920 2470; x_wconf 82' lang='lat' dir='ltr'><strong>allirmavitque</strong></span> <span class='ocrx_word' id='word_1_542' title='bbox 2961 2404 3088 2455; x_wconf 90' lang='lat' dir='ltr'><strong>mihi</strong></span> <span class='ocrx_word' id='word_1_543' title='bbox 3123 2404 3323 2472; x_wconf 79' lang='lat' dir='ltr'><strong>jureju-</strong></span> 
     </span>
    </p>
   </div>
   <div class='ocr_carea' id='block_1_72' title="bbox 1796 2488 3322 2558">
    <p class='ocr_par' dir='ltr' id='par_1_72' title="bbox 1796 2488 3322 2558">
     <span class='ocr_line' id='line_1_72' title="bbox 1796 2488 3322 2558; baseline 0.005 -21"><span class='ocrx_word' id='word_1_544' title='bbox 1796 2488 1959 2539; x_wconf 88' lang='lat' dir='ltr'><strong>rando</strong></span> <span class='ocrx_word' id='word_1_545' title='bbox 1982 2488 2180 2548; x_wconf 87' lang='lat' dir='ltr'><strong>dicens,</strong></span> <span class='ocrx_word' id='word_1_546' title='bbox 2198 2489 2333 2554; x_wconf 91' lang='lat' dir='ltr'><strong>quod</strong></span> <span class='ocrx_word' id='word_1_547' title='bbox 2356 2488 2524 2540; x_wconf 86' lang='lat' dir='ltr'><strong>—Per</strong></span> <span class='ocrx_word' id='word_1_548' title='bbox 2537 2488 2812 2540; x_wconf 89' lang='lat' dir='ltr'><strong>duodecim</strong></span> <span class='ocrx_word' id='word_1_549' title='bbox 2842 2503 3006 2543; x_wconf 89' lang='lat' dir='ltr'><strong>annos</strong></span> <span class='ocrx_word' id='word_1_550' title='bbox 3031 2503 3145 2558; x_wconf 86' lang='lat' dir='ltr'><strong>post</strong></span> <span class='ocrx_word' id='word_1_551' title='bbox 3165 2493 3322 2558; x_wconf 85' lang='lat' dir='ltr'><strong>quin-</strong></span> 
     </span>
    </p>
   </div>
   <div class='ocr_carea' id='block_1_73' title="bbox 1804 2576 3320 2647">
    <p class='ocr_par' dir='ltr' id='par_1_73' title="bbox 1804 2576 3320 2647">
     <span class='ocr_line' id='line_1_73' title="bbox 1804 2576 3320 2647; baseline 0.005 -21"><span class='ocrx_word' id='word_1_552' title='bbox 1804 2576 2075 2642; x_wconf 79' lang='lat' dir='ltr'><strong>quaginta,</strong></span> <span class='ocrx_word' id='word_1_553' title='bbox 2110 2590 2278 2642; x_wconf 88' lang='lat' dir='ltr'><strong>neque</strong></span> <span class='ocrx_word' id='word_1_554' title='bbox 2304 2586 2482 2640; x_wconf 89' lang='lat' dir='ltr'><strong>noctu,</strong></span> <span class='ocrx_word' id='word_1_555' title='bbox 2511 2589 2608 2630; x_wconf 83' lang='lat' dir='ltr'><strong>nec</strong></span> <span class='ocrx_word' id='word_1_556' title='bbox 2645 2576 2869 2629; x_wconf 81' lang='lat' dir='ltr'><strong>interdiu</strong></span> <span class='ocrx_word' id='word_1_557' title='bbox 2907 2579 3034 2630; x_wconf 88' lang='lat' dir='ltr'><strong>mihi</strong></span> <span class='ocrx_word' id='word_1_558' title='bbox 3071 2594 3320 2647; x_wconf 87' lang='lat' dir='ltr'><strong>peperce-</strong></span> 
     </span>
    </p>
   </div>
   <div class='ocr_carea' id='block_1_74' title="bbox 1799 2664 3317 2736">
    <p class='ocr_par' dir='ltr' id='par_1_74' title="bbox 1799 2664 3317 2736">
     <span class='ocr_line' id='line_1_74' title="bbox 1799 2664 3317 2736; baseline 0.003 -20"><span class='ocrx_word' id='word_1_559' title='bbox 1799 2672 1925 2716; x_wconf 90' lang='lat' dir='ltr'><strong>runt</strong></span> <span class='ocrx_word' id='word_1_560' title='bbox 1982 2664 2351 2728; x_wconf 82' lang='lat' dir='ltr'><strong>insidiatores;</strong></span> <span class='ocrx_word' id='word_1_561' title='bbox 2399 2680 2518 2717; x_wconf 76' lang='lat' dir='ltr'><strong>cum</strong></span> <span class='ocrx_word' id='word_1_562' title='bbox 2577 2678 2700 2732; x_wconf 82' lang='lat' dir='ltr'><strong>ergo</strong></span> <span class='ocrx_word' id='word_1_563' title='bbox 2754 2667 3102 2732; x_wconf 83' lang='lat' dir='ltr'><strong>cogitassem,</strong></span> <span class='ocrx_word' id='word_1_564' title='bbox 3157 2669 3317 2736; x_wconf 86' lang='lat' dir='ltr'><strong>quod,</strong></span> 
     </span>
    </p>
   </div>
   <div class='ocr_carea' id='block_1_75' title="bbox 1796 2749 3320 2823">
    <p class='ocr_par' dir='ltr' id='par_1_75' title="bbox 1796 2749 3320 2823">
     <span class='ocr_line' id='line_1_75' title="bbox 1796 2749 3320 2823; baseline 0.006 -24"><span class='ocrx_word' id='word_1_565' title='bbox 1796 2749 1920 2816; x_wconf 88' lang='lat' dir='ltr'><strong>quia</strong></span> <span class='ocrx_word' id='word_1_566' title='bbox 1951 2763 1981 2801; x_wconf 84' lang='lat' dir='ltr'><strong>a</strong></span> <span class='ocrx_word' id='word_1_567' title='bbox 2012 2764 2094 2801; x_wconf 89' lang='lat' dir='ltr'><strong>me</strong></span> <span class='ocrx_word' id='word_1_568' title='bbox 2123 2749 2258 2803; x_wconf 87' lang='lat' dir='ltr'><strong>Deus</strong></span> <span class='ocrx_word' id='word_1_569' title='bbox 2276 2752 2500 2813; x_wconf 80' lang='lat' dir='ltr'><strong>abesset,</strong></span> <span class='ocrx_word' id='word_1_570' title='bbox 2535 2752 2761 2818; x_wconf 84' lang='lat' dir='ltr'><strong>potentia</strong></span> <span class='ocrx_word' id='word_1_571' title='bbox 2788 2754 3121 2820; x_wconf 82' lang='lat' dir='ltr'><strong>opprimebar</strong></span> <span class='ocrx_word' id='word_1_572' title='bbox 3142 2764 3320 2823; x_wconf 84' lang='lat' dir='ltr'><strong>tyran-</strong></span> 
     </span>
    </p>
   </div>
   <div class='ocr_carea' id='block_1_76' title="bbox 1800 2838 3319 2915">
    <p class='ocr_par' dir='ltr' id='par_1_76' title="bbox 1800 2838 3319 2915">
     <span class='ocr_line' id='line_1_76' title="bbox 1800 2838 3319 2915; baseline 0.006 -25"><span class='ocrx_word' id='word_1_573' title='bbox 1800 2838 1937 2901; x_wconf 87' lang='lat' dir='ltr'><strong>nica,</strong></span> <span class='ocrx_word' id='word_1_574' title='bbox 1968 2838 2098 2906; x_wconf 58' lang='lat' dir='ltr'><strong>elegt</strong></span> <span class='ocrx_word' id='word_1_575' title='bbox 2128 2840 2300 2905; x_wconf 88' lang='lat' dir='ltr'><strong>potius</strong></span> <span class='ocrx_word' id='word_1_576' title='bbox 2337 2841 2564 2893; x_wconf 84' lang='lat' dir='ltr'><strong>absurde</strong></span> <span class='ocrx_word' id='word_1_577' title='bbox 2587 2843 2742 2906; x_wconf 83' lang='lat' dir='ltr'><strong>mori,</strong></span> <span class='ocrx_word' id='word_1_578' title='bbox 2787 2857 2940 2909; x_wconf 85' lang='lat' dir='ltr'><strong>quam</strong></span> <span class='ocrx_word' id='word_1_579' title='bbox 2975 2844 3043 2895; x_wconf 93' lang='lat' dir='ltr'><strong>ob</strong></span> <span class='ocrx_word' id='word_1_580' title='bbox 3081 2849 3319 2915; x_wconf 70' lang='lat' dir='ltr'><strong>corporis</strong></span> 
     </span>
    </p>
   </div>
   <div class='ocr_carea' id='block_1_77' title="bbox 1800 2927 3316 3000">
    <p class='ocr_par' dir='ltr' id='par_1_77' title="bbox 1800 2927 3316 3000">
     <span class='ocr_line' id='line_1_77' title="bbox 1800 2927 3316 3000; baseline 0.007 -23"><span class='ocrx_word' id='word_1_581' title='bbox 1800 2927 2101 2992; x_wconf 78' lang='lat' dir='ltr'><strong>passionem</strong></span> <span class='ocrx_word' id='word_1_582' title='bbox 2157 2929 2378 2994; x_wconf 78' lang='lat' dir='ltr'><strong>turpiter</strong></span> <span class='ocrx_word' id='word_1_583' title='bbox 2404 2934 2616 2996; x_wconf 81' lang='lat' dir='ltr'><strong>&#39;agerc;</strong></span> <span class='ocrx_word' id='word_1_584' title='bbox 2673 2941 2989 2998; x_wconf 86' lang='lat' dir='ltr'><strong>quapropter</strong></span> <span class='ocrx_word' id='word_1_585' title='bbox 3031 2948 3275 3000; x_wconf 80' lang='lat' dir='ltr'><strong>egressus</strong></span> <span class='ocrx_word' id='word_1_586' title='bbox 3301 2975 3316 2998; x_wconf 96' lang='lat'><strong>,</strong></span> 
     </span>
    </p>
   </div>
   <div class='ocr_carea' id='block_1_78' title="bbox 1800 3015 3317 3090">
    <p class='ocr_par' dir='ltr' id='par_1_78' title="bbox 1800 3015 3317 3090">
     <span class='ocr_line' id='line_1_78' title="bbox 1800 3015 3317 3090; baseline 0.004 -22"><span class='ocrx_word' id='word_1_587' title='bbox 1800 3015 2219 3083; x_wconf 87' lang='lat' dir='ltr'><strong>circumiensque</strong></span> <span class='ocrx_word' id='word_1_588' title='bbox 2241 3018 2572 3070; x_wconf 89' lang='lat' dir='ltr'><strong>solitudinem</strong></span> <span class='ocrx_word' id='word_1_589' title='bbox 2599 3019 2768 3072; x_wconf 88' lang='lat' dir='ltr'><strong>inveni</strong></span> <span class='ocrx_word' id='word_1_590' title='bbox 2791 3021 3087 3086; x_wconf 85' lang='lat' dir='ltr'><strong>speluncam</strong></span> <span class='ocrx_word' id='word_1_591' title='bbox 3116 3023 3317 3090; x_wconf 74' lang='lat' dir='ltr'><strong>hyeme,</strong></span> 
     </span>
    </p>
   </div>
   <div class='ocr_carea' id='block_1_79' title="bbox 1799 3100 3314 3171">
    <p class='ocr_par' dir='ltr' id='par_1_79' title="bbox 1799 3100 3314 3171">
     <span class='ocr_line' id='line_1_79' title="bbox 1799 3100 3314 3171; baseline 0.006 -19"><span class='ocrx_word' id='word_1_592' title='bbox 1799 3100 1852 3152; x_wconf 90' lang='lat' dir='ltr'><strong>in</strong></span> <span class='ocrx_word' id='word_1_593' title='bbox 1876 3116 1979 3168; x_wconf 88' lang='lat' dir='ltr'><strong>qua</strong></span> <span class='ocrx_word' id='word_1_594' title='bbox 2007 3103 2255 3169; x_wconf 88' lang='lat' dir='ltr'><strong>spelunca</strong></span> <span class='ocrx_word' id='word_1_595' title='bbox 2288 3105 2436 3169; x_wconf 89' lang='lat' dir='ltr'><strong>posui</strong></span> <span class='ocrx_word' id='word_1_596' title='bbox 2467 3119 2550 3156; x_wconf 89' lang='lat' dir='ltr'><strong>me</strong></span> <span class='ocrx_word' id='word_1_597' title='bbox 2579 3103 2798 3168; x_wconf 90' lang='lat' dir='ltr'><strong>nudum,</strong></span> <span class='ocrx_word' id='word_1_598' title='bbox 2826 3118 2879 3158; x_wconf 92' lang='lat' dir='ltr'><strong>ut</strong></span> <span class='ocrx_word' id='word_1_599' title='bbox 2908 3119 3173 3171; x_wconf 81' lang='lat' dir='ltr'><strong>exeuntes</strong></span> <span class='ocrx_word' id='word_1_600' title='bbox 3192 3109 3314 3161; x_wconf 73' lang='lat' dir='ltr'><strong>ferze</strong></span> 
     </span>
    </p>
   </div>
   <div class='ocr_carea' id='block_1_80' title="bbox 1804 3191 3314 3263">
    <p class='ocr_par' dir='ltr' id='par_1_80' title="bbox 1804 3191 3314 3263">
     <span class='ocr_line' id='line_1_80' title="bbox 1804 3191 3314 3263; baseline 0.006 -23"><span class='ocrx_word' id='word_1_601' title='bbox 1804 3203 1888 3240; x_wconf 74' lang='lat' dir='ltr'><strong>me</strong></span> <span class='ocrx_word' id='word_1_602' title='bbox 1944 3191 2293 3253; x_wconf 88' lang='lat' dir='ltr'><strong>devorarent;</strong></span> <span class='ocrx_word' id='word_1_603' title='bbox 2348 3193 2526 3258; x_wconf 89' lang='lat' dir='ltr'><strong>itaque</strong></span> <span class='ocrx_word' id='word_1_604' title='bbox 2559 3207 2770 3258; x_wconf 79' lang='lat' dir='ltr'><strong>vespere</strong></span> <span class='ocrx_word' id='word_1_605' title='bbox 2818 3193 2954 3246; x_wconf 88' lang='lat' dir='ltr'><strong>facto</strong></span> <span class='ocrx_word' id='word_1_606' title='bbox 2988 3194 3314 3263; x_wconf 90' lang='lat' dir='ltr'><strong>(secundum</strong></span> 
     </span>
    </p>
   </div>
   <div class='ocr_carea' id='block_1_81' title="bbox 1803 3275 3318 3342">
    <p class='ocr_par' dir='ltr' id='par_1_81' title="bbox 1803 3275 3318 3342">
     <span class='ocr_line' id='line_1_81' title="bbox 1803 3275 3318 3342; baseline 0.007 -16"><span class='ocrx_word' id='word_1_607' title='bbox 1803 3275 1940 3342; x_wconf 82' lang='lat' dir='ltr'><strong>quod</strong></span> <span class='ocrx_word' id='word_1_608' title='bbox 1968 3275 2218 3340; x_wconf 87' lang='lat' dir='ltr'><strong>scriptum</strong></span> <span class='ocrx_word' id='word_1_609' title='bbox 2249 3287 2326 3329; x_wconf 86' lang='lat' dir='ltr'><strong>est</strong></span> <span class='ocrx_word' id='word_1_610' title='bbox 2357 3294 2368 3329; x_wconf 89' lang='lat'><strong>:</strong></span> <span class='ocrx_word' id='word_1_611' title='bbox 2403 3298 2418 3326; x_wconf 79' lang='grc' dir='ltr'><strong>ι</strong></span> <span class='ocrx_word' id='word_1_612' title='bbox 2456 3278 2680 3332; x_wconf 82' lang='lat' dir='ltr'><strong>Posuisti</strong></span> <span class='ocrx_word' id='word_1_613' title='bbox 2707 3281 2971 3340; x_wconf 87' lang='lat' dir='ltr'><strong>tenebras.</strong></span> <span class='ocrx_word' id='word_1_614' title='bbox 3005 3291 3056 3334; x_wconf 93' lang='lat' dir='ltr'><strong>et</strong></span> <span class='ocrx_word' id='word_1_615' title='bbox 3079 3282 3214 3335; x_wconf 86' lang='lat' dir='ltr'><strong>facta</strong></span> <span class='ocrx_word' id='word_1_616' title='bbox 3238 3293 3318 3336; x_wconf 85' lang='lat' dir='ltr'><strong>est</strong></span> 
     </span>
    </p>
   </div>
   <div class='ocr_carea' id='block_1_82' title="bbox 1798 3354 3315 3440">
    <p class='ocr_par' dir='ltr' id='par_1_82' title="bbox 1798 3354 3315 3440">
     <span class='ocr_line' id='line_1_82' title="bbox 1798 3354 3315 3440; baseline 0.009 -30"><span class='ocrx_word' id='word_1_617' title='bbox 1798 3375 1922 3423; x_wconf 69' lang='lat' dir='ltr'><strong>nos,</strong></span> <span class='ocrx_word' id='word_1_618' title='bbox 1969 3359 2021 3412; x_wconf 88' lang='lat' dir='ltr'><strong>in</strong></span> <span class='ocrx_word' id='word_1_619' title='bbox 2057 3361 2169 3428; x_wconf 87' lang='lat' dir='ltr'><strong>ipsa</strong></span> <span class='ocrx_word' id='word_1_620' title='bbox 2206 3354 2599 3428; x_wconf 78' lang='lat' dir='ltr'><strong>pertransibunt</strong></span> <span class='ocrx_word' id='word_1_621' title='bbox 2633 3380 2815 3420; x_wconf 85' lang='lat' dir='ltr'><strong>omnes</strong></span> <span class='ocrx_word' id='word_1_622' title='bbox 2858 3369 3035 3422; x_wconf 68' lang='lat' dir='ltr'><strong>heStiae</strong></span> <span class='ocrx_word' id='word_1_623' title='bbox 3081 3371 3193 3440; x_wconf 85' lang='lat' dir='ltr'><strong>agri</strong></span> <span class='ocrx_word' id='word_1_624' title='bbox 3218 3373 3315 3438; x_wconf 60' lang='grc' dir='ltr'><strong>ν’),</strong></span> 
     </span>
    </p>
   </div>
   <div class='ocr_carea' id='block_1_83' title="bbox 1799 3450 3318 3523">
    <p class='ocr_par' dir='ltr' id='par_1_83' title="bbox 1799 3450 3318 3523">
     <span class='ocr_line' id='line_1_83' title="bbox 1799 3450 3318 3523; baseline 0.005 -20"><span class='ocrx_word' id='word_1_625' title='bbox 1799 3460 2052 3505; x_wconf 83' lang='lat' dir='ltr'><strong>exeuntes</strong></span> <span class='ocrx_word' id='word_1_626' title='bbox 2083 3450 2227 3511; x_wconf 65' lang='lat' dir='ltr'><strong>ferae.</strong></span> <span class='ocrx_word' id='word_1_627' title='bbox 2279 3463 2490 3522; x_wconf 85' lang='lat' dir='ltr'><strong>tamque</strong></span> <span class='ocrx_word' id='word_1_628' title='bbox 2533 3461 2654 3507; x_wconf 77' lang='lat' dir='ltr'><strong>mas‘</strong></span> <span class='ocrx_word' id='word_1_629' title='bbox 2698 3471 2854 3523; x_wconf 88' lang='lat' dir='ltr'><strong>quam</strong></span> <span class='ocrx_word' id='word_1_630' title='bbox 2901 3456 3089 3511; x_wconf 81' lang='lat' dir='ltr'><strong>femina</strong></span> <span class='ocrx_word' id='word_1_631' title='bbox 3128 3458 3318 3513; x_wconf 82' lang='lat' dir='ltr'><strong>olfece-</strong></span> 
     </span>
    </p>
   </div>
   <div class='ocr_carea' id='block_1_84' title="bbox 1800 3542 3314 3610">
    <p class='ocr_par' dir='ltr' id='par_1_84' title="bbox 1800 3542 3314 3610">
     <span class='ocr_line' id='line_1_84' title="bbox 1800 3542 3314 3610; baseline 0.007 -20"><span class='ocrx_word' id='word_1_632' title='bbox 1800 3549 1920 3592; x_wconf 88' lang='lat' dir='ltr'><strong>ruut</strong></span> <span class='ocrx_word' id='word_1_633' title='bbox 1951 3555 2034 3592; x_wconf 90' lang='lat' dir='ltr'><strong>me</strong></span> <span class='ocrx_word' id='word_1_634' title='bbox 2063 3555 2091 3592; x_wconf 91' lang='lat' dir='ltr'><strong>a</strong></span> <span class='ocrx_word' id='word_1_635' title='bbox 2141 3542 2310 3606; x_wconf 88' lang='lat' dir='ltr'><strong>capite</strong></span> <span class='ocrx_word' id='word_1_636' title='bbox 2360 3557 2526 3608; x_wconf 87' lang='lat' dir='ltr'><strong>usque</strong></span> <span class='ocrx_word' id='word_1_637' title='bbox 2562 3545 2624 3594; x_wconf 87' lang='lat' dir='ltr'><strong>ad</strong></span> <span class='ocrx_word' id='word_1_638' title='bbox 2674 3546 2851 3610; x_wconf 87' lang='lat' dir='ltr'><strong>pedes,</strong></span> <span class='ocrx_word' id='word_1_639' title='bbox 2892 3554 2944 3597; x_wconf 91' lang='lat' dir='ltr'><strong>et</strong></span> <span class='ocrx_word' id='word_1_640' title='bbox 2975 3547 3314 3600; x_wconf 79' lang='lat' dir='ltr'><strong>circumcirca</strong></span> 
     </span>
    </p>
   </div>
   <div class='ocr_carea' id='block_1_85' title="bbox 1799 3626 3311 3698">
    <p class='ocr_par' dir='ltr' id='par_1_85' title="bbox 1799 3626 3311 3698">
     <span class='ocr_line' id='line_1_85' title="bbox 1799 3626 3311 3698; baseline 0.005 -20"><span class='ocrx_word' id='word_1_641' title='bbox 1799 3626 2089 3688; x_wconf 79' lang='lat' dir='ltr'><strong>linxerunt,</strong></span> <span class='ocrx_word' id='word_1_642' title='bbox 2144 3642 2370 3694; x_wconf 88' lang='lat' dir='ltr'><strong>cumque</strong></span> <span class='ocrx_word' id='word_1_643' title='bbox 2414 3642 2497 3678; x_wconf 89' lang='lat' dir='ltr'><strong>me</strong></span> <span class='ocrx_word' id='word_1_644' title='bbox 2539 3629 2894 3681; x_wconf 86' lang='lat' dir='ltr'><strong>devorandum</strong></span> <span class='ocrx_word' id='word_1_645' title='bbox 2937 3643 3311 3698; x_wconf 84' lang='lat' dir='ltr'><strong>exspectarem.</strong></span> 
     </span>
    </p>
   </div>
   <div class='ocr_carea' id='block_1_86' title="bbox 1798 3715 3318 3786">
    <p class='ocr_par' dir='ltr' id='par_1_86' title="bbox 1798 3715 3318 3786">
     <span class='ocr_line' id='line_1_86' title="bbox 1798 3715 3318 3786; baseline 0.005 -21"><span class='ocrx_word' id='word_1_646' title='bbox 1798 3721 2128 3765; x_wconf 85' lang='lat' dir='ltr'><strong>secesserunt</strong></span> <span class='ocrx_word' id='word_1_647' title='bbox 2150 3727 2177 3763; x_wconf 86' lang='lat' dir='ltr'><strong>a</strong></span> <span class='ocrx_word' id='word_1_648' title='bbox 2208 3729 2311 3777; x_wconf 90' lang='lat' dir='ltr'><strong>me,</strong></span> <span class='ocrx_word' id='word_1_649' title='bbox 2339 3715 2522 3782; x_wconf 89' lang='lat' dir='ltr'><strong>sicque</strong></span> <span class='ocrx_word' id='word_1_650' title='bbox 2552 3731 2642 3784; x_wconf 90' lang='lat' dir='ltr'><strong>per</strong></span> <span class='ocrx_word' id='word_1_651' title='bbox 2665 3724 2825 3769; x_wconf 86' lang='lat' dir='ltr'><strong>totam</strong></span> <span class='ocrx_word' id='word_1_652' title='bbox 2851 3728 3054 3771; x_wconf 86' lang='lat' dir='ltr'><strong>noctem</strong></span> <span class='ocrx_word' id='word_1_653' title='bbox 3083 3731 3318 3786; x_wconf 80' lang='lat' dir='ltr'><strong>prostra-</strong></span> 
     </span>
    </p>
   </div>
   <div class='ocr_carea' id='block_1_87' title="bbox 1801 3802 3312 3878">
    <p class='ocr_par' dir='ltr' id='par_1_87' title="bbox 1801 3802 3312 3878">
     <span class='ocr_line' id='line_1_87' title="bbox 1801 3802 3312 3878; baseline 0.005 -24"><span class='ocrx_word' id='word_1_654' title='bbox 1801 3811 1905 3863; x_wconf 83' lang='lat' dir='ltr'><strong>tus,</strong></span> <span class='ocrx_word' id='word_1_655' title='bbox 1951 3809 2124 3853; x_wconf 82' lang='lat' dir='ltr'><strong>tamen</strong></span> <span class='ocrx_word' id='word_1_656' title='bbox 2170 3802 2450 3856; x_wconf 87' lang='lat' dir='ltr'><strong>devoratus</strong></span> <span class='ocrx_word' id='word_1_657' title='bbox 2486 3818 2589 3855; x_wconf 89' lang='lat' dir='ltr'><strong>non</strong></span> <span class='ocrx_word' id='word_1_658' title='bbox 2624 3803 2717 3856; x_wconf 86' lang='lat' dir='ltr'><strong>fui.</strong></span> <span class='ocrx_word' id='word_1_659' title='bbox 2767 3805 3046 3861; x_wconf 83' lang='lat' dir='ltr'><strong>Arhitrans</strong></span> <span class='ocrx_word' id='word_1_660' title='bbox 3102 3809 3312 3878; x_wconf 89' lang='lat' dir='ltr'><strong>itaque.</strong></span> 
     </span>
    </p>
   </div>
   <div class='ocr_carea' id='block_1_88' title="bbox 1798 3891 3314 3959">
    <p class='ocr_par' dir='ltr' id='par_1_88' title="bbox 1798 3891 3314 3959">
     <span class='ocr_line' id='line_1_88' title="bbox 1798 3891 3314 3959; baseline 0.009 -19"><span class='ocrx_word' id='word_1_661' title='bbox 1798 3891 1938 3959; x_wconf 89' lang='lat' dir='ltr'><strong>quod</strong></span> <span class='ocrx_word' id='word_1_662' title='bbox 1969 3901 2274 3958; x_wconf 85' lang='lat' dir='ltr'><strong>pepercerat</strong></span> <span class='ocrx_word' id='word_1_663' title='bbox 2297 3893 2423 3945; x_wconf 89' lang='lat' dir='ltr'><strong>mihi</strong></span> <span class='ocrx_word' id='word_1_664' title='bbox 2448 3891 2605 3956; x_wconf 86' lang='lat' dir='ltr'><strong>Deus,</strong></span> <span class='ocrx_word' id='word_1_665' title='bbox 2629 3909 2814 3948; x_wconf 86' lang='lat' dir='ltr'><strong>rursus</strong></span> <span class='ocrx_word' id='word_1_666' title='bbox 2840 3895 2904 3948; x_wconf 90' lang='lat' dir='ltr'><strong>ad</strong></span> <span class='ocrx_word' id='word_1_667' title='bbox 2932 3898 3114 3952; x_wconf 85' lang='lat' dir='ltr'><strong>cellam</strong></span> <span class='ocrx_word' id='word_1_668' title='bbox 3146 3915 3314 3953; x_wconf 89' lang='lat' dir='ltr'><strong>meam</strong></span> 
     </span>
    </p>
   </div>
   <div class='ocr_carea' id='block_1_89' title="bbox 1801 3984 3311 4050">
    <p class='ocr_par' dir='ltr' id='par_1_89' title="bbox 1801 3984 3311 4050">
     <span class='ocr_line' id='line_1_89' title="bbox 1801 3984 3311 4050; baseline 0.007 -21"><span class='ocrx_word' id='word_1_669' title='bbox 1801 3988 2056 4041; x_wconf 86' lang='lat' dir='ltr'><strong>revertor,</strong></span> <span class='ocrx_word' id='word_1_670' title='bbox 2074 3994 2299 4046; x_wconf 89' lang='lat' dir='ltr'><strong>cumque</strong></span> <span class='ocrx_word' id='word_1_671' title='bbox 2319 3995 2413 4048; x_wconf 89' lang='lat' dir='ltr'><strong>per.</strong></span> <span class='ocrx_word' id='word_1_672' title='bbox 2431 3997 2627 4049; x_wconf 90' lang='lat' dir='ltr'><strong>paucos</strong></span> <span class='ocrx_word' id='word_1_673' title='bbox 2645 3984 2758 4037; x_wconf 86' lang='lat' dir='ltr'><strong>dies</strong></span> <span class='ocrx_word' id='word_1_674' title='bbox 2786 3985 2991 4038; x_wconf 65' lang='lat' dir='ltr'><strong>daemon</strong></span> <span class='ocrx_word' id='word_1_675' title='bbox 3017 3989 3311 4050; x_wconf 86' lang='lat' dir='ltr'><strong>tolerasset,</strong></span> 
     </span>
    </p>
   </div>
   <div class='ocr_carea' id='block_1_90' title="bbox 1799 4062 3316 4139">
    <p class='ocr_par' dir='ltr' id='par_1_90' title="bbox 1799 4062 3316 4139">
     <span class='ocr_line' id='line_1_90' title="bbox 1799 4062 3316 4139; baseline 0.006 -22"><span class='ocrx_word' id='word_1_676' title='bbox 1799 4066 1991 4118; x_wconf 88' lang='lat' dir='ltr'><strong>invasit</strong></span> <span class='ocrx_word' id='word_1_677' title='bbox 2020 4081 2103 4119; x_wconf 89' lang='lat' dir='ltr'><strong>me</strong></span> <span class='ocrx_word' id='word_1_678' title='bbox 2124 4068 2505 4131; x_wconf 83' lang='lat' dir='ltr'><strong>vehementius,</strong></span> <span class='ocrx_word' id='word_1_679' title='bbox 2538 4062 2694 4137; x_wconf 82' lang='lat' dir='ltr'><strong>quam</strong></span> <span class='ocrx_word' id='word_1_680' title='bbox 2729 4073 2891 4134; x_wconf 84' lang='lat' dir='ltr'><strong>prius,</strong></span> <span class='ocrx_word' id='word_1_681' title='bbox 2923 4082 2972 4124; x_wconf 93' lang='lat' dir='ltr'><strong>ut</strong></span> <span class='ocrx_word' id='word_1_682' title='bbox 3008 4077 3191 4139; x_wconf 82' lang='lat' dir='ltr'><strong>parum</strong></span> <span class='ocrx_word' id='word_1_683' title='bbox 3230 4075 3316 4126; x_wconf 82' lang='lat' dir='ltr'><strong>ab-</strong></span> 
     </span>
    </p>
   </div>
   <div class='ocr_carea' id='block_1_91' title="bbox 1762 4153 3315 4230">
    <p class='ocr_par' dir='ltr' id='par_1_91' title="bbox 1762 4153 3315 4230">
     <span class='ocr_line' id='line_1_91' title="bbox 1762 4153 3315 4230; baseline 0.006 -25"><span class='ocrx_word' id='word_1_684' title='bbox 1762 4153 1975 4215; x_wconf 73' lang='lat' dir='ltr'><strong>-fuerit,</strong></span> <span class='ocrx_word' id='word_1_685' title='bbox 2021 4155 2148 4220; x_wconf 92' lang='lat' dir='ltr'><strong>quin</strong></span> <span class='ocrx_word' id='word_1_686' title='bbox 2205 4155 2644 4222; x_wconf 84' lang='lat' dir='ltr'><strong>blasphemarem.</strong></span> <span class='ocrx_word' id='word_1_687' title='bbox 2695 4156 3122 4212; x_wconf 75' lang='lat' dir='ltr'><strong>Transformatus</strong></span> <span class='ocrx_word' id='word_1_688' title='bbox 3158 4162 3315 4230; x_wconf 83' lang='lat' dir='ltr'><strong>igitur</strong></span> 
     </span>
    </p>
   </div>
   <div class='ocr_carea' id='block_1_92' title="bbox 180 4239 1693 4322">
    <p class='ocr_par' dir='ltr' id='par_1_92' title="bbox 180 4247 1693 4320">
     <span class='ocr_line' id='line_1_92' title="bbox 180 4247 1693 4320; baseline 0.003 -21"><span class='ocrx_word' id='word_1_689' title='bbox 180 4264 333 4316; x_wconf 76' lang='grc' dir='ltr'>γονεν</span> <span class='ocrx_word' id='word_1_690' title='bbox 379 4250 621 4315; x_wconf 74' lang='grc' dir='ltr'>ἄφαντος.</span> <span class='ocrx_word' id='word_1_691' title='bbox 667 4251 782 4301; x_wconf 76' lang='grc' dir='ltr'>Ἐπὶ</span> <span class='ocrx_word' id='word_1_692' title='bbox 811 4251 1002 4301; x_wconf 81' lang='grc' dir='ltr'>διετίαν</span> <span class='ocrx_word' id='word_1_693' title='bbox 1029 4247 1117 4300; x_wconf 81' lang='grc' dir='ltr'>οὗν</span> <span class='ocrx_word' id='word_1_694' title='bbox 1162 4254 1257 4318; x_wconf 84' lang='grc' dir='ltr'><strong>τῆς</strong></span> <span class='ocrx_word' id='word_1_695' title='bbox 1305 4252 1555 4314; x_wconf 87' lang='grc' dir='ltr'>δυσωδίας</span> <span class='ocrx_word' id='word_1_696' title='bbox 1601 4255 1693 4320; x_wconf 85' lang='grc' dir='ltr'><strong>τῆς</strong></span> 
     </span>
    </p>
   </div>
   <div class='ocr_carea' id='block_1_93' title="bbox 1786 4239 3310 4322">
    <p class='ocr_par' dir='ltr' id='par_1_93' title="bbox 1803 4239 3310 4310">
     <span class='ocr_line' id='line_1_93' title="bbox 1803 4239 3310 4310; baseline 0.007 -20"><span class='ocrx_word' id='word_1_697' title='bbox 1803 4241 1856 4290; x_wconf 91' lang='lat' dir='ltr'><strong>in</strong></span> <span class='ocrx_word' id='word_1_698' title='bbox 1901 4239 2125 4305; x_wconf 88' lang='lat' dir='ltr'><strong>puellam</strong></span> <span class='ocrx_word' id='word_1_699' title='bbox 2170 4240 2545 4307; x_wconf 65' lang='lat' dir='ltr'><strong>Ethiopissam</strong></span> <span class='ocrx_word' id='word_1_700' title='bbox 2581 4242 2757 4308; x_wconf 89' lang='lat' dir='ltr'><strong>(quam</strong></span> <span class='ocrx_word' id='word_1_701' title='bbox 2807 4244 2909 4295; x_wconf 90' lang='lat' dir='ltr'><strong>vidi</strong></span> <span class='ocrx_word' id='word_1_702' title='bbox 2943 4247 3204 4310; x_wconf 86' lang='lat' dir='ltr'><strong>quondam</strong></span> <span class='ocrx_word' id='word_1_703' title='bbox 3260 4249 3310 4300; x_wconf 91' lang='lat' dir='ltr'><strong>in</strong></span> 
     </span>
    </p>
   </div>
   <div class='ocr_carea' id='block_1_94' title="bbox 181 4338 1697 4410">
    <p class='ocr_par' dir='ltr' id='par_1_94' title="bbox 181 4338 1697 4410">
     <span class='ocr_line' id='line_1_94' title="bbox 181 4338 1697 4410; baseline 0.003 -22"><span class='ocrx_word' id='word_1_704' title='bbox 181 4339 359 4408; x_wconf 77' lang='grc' dir='ltr'>χειρός</span> <span class='ocrx_word' id='word_1_705' title='bbox 393 4355 491 4406; x_wconf 91' lang='grc' dir='ltr'><strong>μου</strong></span> <span class='ocrx_word' id='word_1_706' title='bbox 543 4338 824 4406; x_wconf 84' lang='grc' dir='ltr'>ἀνέχεσθαι</span> <span class='ocrx_word' id='word_1_707' title='bbox 853 4341 946 4389; x_wconf 76' lang='grc' dir='ltr'><strong>οὐκ</strong></span> <span class='ocrx_word' id='word_1_708' title='bbox 966 4340 1234 4408; x_wconf 67' lang='grc' dir='ltr'>ἠδυνάμην</span> <span class='ocrx_word' id='word_1_709' title='bbox 1254 4356 1266 4368; x_wconf 91' lang='grc'>·</span> <span class='ocrx_word' id='word_1_710' title='bbox 1298 4341 1697 4410; x_wconf 75' lang='grc' dir='ltr'>μικροψυχήσας</span> 
     </span>
    </p>
   </div>
   <div class='ocr_carea' id='block_1_95' title="bbox 178 4427 1699 4499">
    <p class='ocr_par' dir='ltr' id='par_1_95' title="bbox 178 4427 1699 4499">
     <span class='ocr_line' id='line_1_95' title="bbox 178 4427 1699 4499; baseline 0.001 -19"><span class='ocrx_word' id='word_1_711' title='bbox 178 4427 294 4490; x_wconf 76' lang='grc' dir='ltr'>οὖν,</span> <span class='ocrx_word' id='word_1_712' title='bbox 330 4430 418 4479; x_wconf 68' lang='grc' dir='ltr'><strong>καὶ</strong></span> <span class='ocrx_word' id='word_1_713' title='bbox 451 4429 835 4495; x_wconf 81' lang='grc' dir='ltr'>ἀπευδοκήσας,</span> <span class='ocrx_word' id='word_1_714' title='bbox 873 4427 1083 4495; x_wconf 78' lang='grc' dir='ltr'>ἐξῆλθον</span> <span class='ocrx_word' id='word_1_715' title='bbox 1121 4429 1197 4488; x_wconf 89' lang='grc' dir='ltr'><strong>είς</strong></span> <span class='ocrx_word' id='word_1_716' title='bbox 1251 4429 1345 4497; x_wconf 80' lang='grc' dir='ltr'>τὴν</span> <span class='ocrx_word' id='word_1_717' title='bbox 1394 4431 1699 4499; x_wconf 82' lang='grc' dir='ltr'>πανέρημον</span> 
     </span>
    </p>
   </div>
   <div class='ocr_carea' id='block_1_96' title="bbox 184 4514 1700 4584">
    <p class='ocr_par' dir='ltr' id='par_1_96' title="bbox 184 4514 1700 4584">
     <span class='ocr_line' id='line_1_96' title="bbox 184 4514 1700 4584; baseline 0.003 -18"><span class='ocrx_word' id='word_1_718' title='bbox 184 4515 478 4583; x_wconf 67' lang='grc' dir='ltr'>ἀλώμενος.</span> <span class='ocrx_word' id='word_1_719' title='bbox 530 4519 620 4567; x_wconf 73' lang='grc' dir='ltr'>καὶ</span> <span class='ocrx_word' id='word_1_720' title='bbox 670 4514 836 4583; x_wconf 86' lang='grc' dir='ltr'>εὑρὼν</span> <span class='ocrx_word' id='word_1_721' title='bbox 884 4515 1073 4566; x_wconf 84' lang='grc' dir='ltr'>ἀσπίδα</span> <span class='ocrx_word' id='word_1_722' title='bbox 1122 4517 1335 4584; x_wconf 82' lang='grc' dir='ltr'>μικρὰν,</span> <span class='ocrx_word' id='word_1_723' title='bbox 1391 4519 1480 4570; x_wconf 79' lang='grc' dir='ltr'><strong>καὶ</strong></span> <span class='ocrx_word' id='word_1_724' title='bbox 1529 4519 1700 4570; x_wconf 73' lang='grc' dir='ltr'>λαϐὼν</span> 
     </span>
    </p>
   </div>
   <div class='ocr_carea' id='block_1_97' title="bbox 180 4603 1699 4674">
    <p class='ocr_par' dir='ltr' id='par_1_97' title="bbox 180 4603 1699 4674">
     <span class='ocr_line' id='line_1_97' title="bbox 180 4603 1699 4674; baseline 0.004 -22"><span class='ocrx_word' id='word_1_725' title='bbox 180 4603 350 4670; x_wconf 70' lang='grc' dir='ltr'>αὐτὴν</span> <span class='ocrx_word' id='word_1_726' title='bbox 391 4605 674 4672; x_wconf 75' lang='grc' dir='ltr'>προσφέρω</span> <span class='ocrx_word' id='word_1_727' title='bbox 723 4605 827 4663; x_wconf 82' lang='grc' dir='ltr'>τοῖς</span> <span class='ocrx_word' id='word_1_728' title='bbox 852 4608 1172 4670; x_wconf 81' lang='grc' dir='ltr'>γεννητικοῖς</span> <span class='ocrx_word' id='word_1_729' title='bbox 1227 4622 1324 4672; x_wconf 89' lang='grc' dir='ltr'><strong>μου</strong></span> <span class='ocrx_word' id='word_1_730' title='bbox 1373 4608 1572 4674; x_wconf 80' lang='grc' dir='ltr'>μορίοις</span> <span class='ocrx_word' id='word_1_731' title='bbox 1620 4609 1699 4658; x_wconf 75' lang='grc' dir='ltr'><strong>ἵνα</strong></span> 
     </span>
    </p>
   </div>
   <div class='ocr_carea' id='block_1_98' title="bbox 183 4685 1696 4761">
    <p class='ocr_par' dir='ltr' id='par_1_98' title="bbox 183 4685 1696 4761">
     <span class='ocr_line' id='line_1_98' title="bbox 183 4685 1696 4761; baseline 0.004 -22"><span class='ocrx_word' id='word_1_732' title='bbox 183 4685 285 4739; x_wconf 71' lang='grc' dir='ltr'><strong>κᾶν</strong></span> <span class='ocrx_word' id='word_1_733' title='bbox 332 4688 467 4739; x_wconf 79' lang='grc' dir='ltr'>οὕτω</span> <span class='ocrx_word' id='word_1_734' title='bbox 512 4691 725 4758; x_wconf 76' lang='grc' dir='ltr'>δηχθεὶς</span> <span class='ocrx_word' id='word_1_735' title='bbox 773 4692 1039 4756; x_wconf 86' lang='grc' dir='ltr'>ἀποθάνω,</span> <span class='ocrx_word' id='word_1_736' title='bbox 1068 4693 1181 4753; x_wconf 53' lang='grc' dir='ltr'>,καὶ</span> <span class='ocrx_word' id='word_1_737' title='bbox 1230 4695 1562 4761; x_wconf 71' lang='grc' dir='ltr'>προπρέψας</span> <span class='ocrx_word' id='word_1_738' title='bbox 1608 4695 1696 4746; x_wconf 80' lang='grc' dir='ltr'>τοῦ</span> 
     </span>
    </p>
   </div>
   <div class='ocr_carea' id='block_1_99' title="bbox 183 4773 1699 4848">
    <p class='ocr_par' dir='ltr' id='par_1_99' title="bbox 183 4773 1699 4848">
     <span class='ocr_line' id='line_1_99' title="bbox 183 4773 1699 4848; baseline 0.005 -22"><span class='ocrx_word' id='word_1_739' title='bbox 183 4775 368 4844; x_wconf 53' lang='grc' dir='ltr'>θηρίου</span> <span class='ocrx_word' id='word_1_740' title='bbox 414 4776 511 4842; x_wconf 70' lang='grc' dir='ltr'>τὴν</span> <span class='ocrx_word' id='word_1_741' title='bbox 560 4779 793 4846; x_wconf 79' lang='grc' dir='ltr'>κεφαλὴν</span> <span class='ocrx_word' id='word_1_742' title='bbox 827 4781 934 4841; x_wconf 81' lang='grc' dir='ltr'>τοῖς</span> <span class='ocrx_word' id='word_1_743' title='bbox 980 4781 1181 4848; x_wconf 89' lang='grc' dir='ltr'>μορίοις</span> <span class='ocrx_word' id='word_1_744' title='bbox 1229 4773 1320 4830; x_wconf 77' lang='grc' dir='ltr'><strong>τοῦ</strong></span> <span class='ocrx_word' id='word_1_745' title='bbox 1370 4780 1631 4848; x_wconf 84' lang='grc' dir='ltr'>σώματος,</span> <span class='ocrx_word' id='word_1_746' title='bbox 1665 4782 1699 4833; x_wconf 75' lang='grc' dir='ltr'>ἃ</span> 
     </span>
    </p>
   </div>
   <div class='ocr_carea' id='block_1_100' title="bbox 183 4861 1698 4935">
    <p class='ocr_par' dir='ltr' id='par_1_100' title="bbox 183 4861 1698 4935">
     <span class='ocr_line' id='line_1_100' title="bbox 183 4861 1698 4935; baseline 0.005 -21"><span class='ocrx_word' id='word_1_747' title='bbox 183 4863 330 4914; x_wconf 81' lang='grc' dir='ltr'>αίτιά</span> <span class='ocrx_word' id='word_1_748' title='bbox 363 4877 449 4929; x_wconf 88' lang='grc' dir='ltr'><strong>μοι</strong></span> <span class='ocrx_word' id='word_1_749' title='bbox 477 4861 568 4912; x_wconf 82' lang='grc' dir='ltr'>τοῦ</span> <span class='ocrx_word' id='word_1_750' title='bbox 608 4866 1038 4931; x_wconf 73' lang='grc' dir='ltr'>πειρασμοῦ,ούκ</span> <span class='ocrx_word' id='word_1_751' title='bbox 1074 4867 1316 4935; x_wconf 76' lang='grc' dir='ltr'>ἐδήχθηνί</span> <span class='ocrx_word' id='word_1_752' title='bbox 1349 4869 1584 4920; x_wconf 84' lang='grc' dir='ltr'>Ἤκουσα</span> <span class='ocrx_word' id='word_1_753' title='bbox 1612 4867 1698 4921; x_wconf 78' lang='grc' dir='ltr'><strong>οὖν</strong></span> 
     </span>
    </p>
   </div>
   <div class='ocr_carea' id='block_1_101' title="bbox 183 4949 1695 5022">
    <p class='ocr_par' dir='ltr' id='par_1_101' title="bbox 183 4949 1695 5022">
     <span class='ocr_line' id='line_1_101' title="bbox 183 4949 1695 5022; baseline 0.005 -23"><span class='ocrx_word' id='word_1_754' title='bbox 183 4950 362 5018; x_wconf 77' lang='grc' dir='ltr'>φωνῆς</span> <span class='ocrx_word' id='word_1_755' title='bbox 385 4949 636 5016; x_wconf 87' lang='grc' dir='ltr'>ἐλθούσης</span> <span class='ocrx_word' id='word_1_756' title='bbox 664 4953 720 5000; x_wconf 88' lang='grc' dir='ltr'><strong>ἐν</strong></span> <span class='ocrx_word' id='word_1_757' title='bbox 735 4953 795 5019; x_wconf 81' lang='grc' dir='ltr'>τῇ</span> <span class='ocrx_word' id='word_1_758' title='bbox 829 4954 1028 5020; x_wconf 81' lang='grc' dir='ltr'>διανοίᾳ</span> <span class='ocrx_word' id='word_1_759' title='bbox 1059 4973 1178 5020; x_wconf 88' lang='grc' dir='ltr'>μου,</span> <span class='ocrx_word' id='word_1_760' title='bbox 1209 4956 1456 5019; x_wconf 86' lang='grc' dir='ltr'>Ἀπελθε,</span> <span class='ocrx_word' id='word_1_761' title='bbox 1488 4957 1695 5022; x_wconf 87' lang='grc' dir='ltr'>Πάχων,</span> 
     </span>
    </p>
   </div>
   <div class='ocr_carea' id='block_1_102' title="bbox 185 5037 1695 5106">
    <p class='ocr_par' dir='ltr' id='par_1_102' title="bbox 185 5037 1695 5106">
     <span class='ocr_line' id='line_1_102' title="bbox 185 5037 1695 5106; baseline 0.005 -21"><span class='ocrx_word' id='word_1_762' title='bbox 185 5037 468 5104; x_wconf 78' lang='grc' dir='ltr'>ἀγωνίζου,</span> <span class='ocrx_word' id='word_1_763' title='bbox 510 5037 596 5088; x_wconf 84' lang='grc' dir='ltr'><strong>διά</strong></span> <span class='ocrx_word' id='word_1_764' title='bbox 636 5038 742 5106; x_wconf 83' lang='grc' dir='ltr'>γὰρ</span> <span class='ocrx_word' id='word_1_765' title='bbox 775 5038 927 5089; x_wconf 80' lang='grc' dir='ltr'>τοῦτο</span> <span class='ocrx_word' id='word_1_766' title='bbox 957 5041 1139 5106; x_wconf 81' lang='grc' dir='ltr'>ἀφῆκά</span> <span class='ocrx_word' id='word_1_767' title='bbox 1169 5059 1245 5104; x_wconf 89' lang='grc' dir='ltr'><strong>σε,</strong></span> <span class='ocrx_word' id='word_1_768' title='bbox 1281 5043 1695 5099; x_wconf 83' lang='grc' dir='ltr'>καταδυναστευ-</span> 
     </span>
    </p>
   </div>
   <div class='ocr_carea' id='block_1_103' title="bbox 186 5122 1696 5197">
    <p class='ocr_par' dir='ltr' id='par_1_103' title="bbox 186 5122 1696 5197">
     <span class='ocr_line' id='line_1_103' title="bbox 186 5122 1696 5197; baseline 0.004 -23"><span class='ocrx_word' id='word_1_769' title='bbox 186 5123 360 5190; x_wconf 85' lang='grc' dir='ltr'>θῆναι,</span> <span class='ocrx_word' id='word_1_770' title='bbox 392 5122 474 5173; x_wconf 81' lang='grc' dir='ltr'>ἵνα</span> <span class='ocrx_word' id='word_1_771' title='bbox 522 5123 593 5189; x_wconf 82' lang='grc' dir='ltr'>μὴ</span> <span class='ocrx_word' id='word_1_772' title='bbox 641 5122 776 5189; x_wconf 88' lang='grc' dir='ltr'>μέγα</span> <span class='ocrx_word' id='word_1_773' title='bbox 824 5126 1086 5193; x_wconf 81' lang='grc' dir='ltr'>φρονήσῃς</span> <span class='ocrx_word' id='word_1_774' title='bbox 1139 5129 1209 5188; x_wconf 84' lang='grc' dir='ltr'>ὠς</span> <span class='ocrx_word' id='word_1_775' title='bbox 1245 5131 1547 5197; x_wconf 86' lang='grc' dir='ltr'>δυνάμενος,</span> <span class='ocrx_word' id='word_1_776' title='bbox 1587 5128 1696 5184; x_wconf 77' lang='grc' dir='ltr'>ἀλλ’</span> 
     </span>
    </p>
   </div>
   <div class='ocr_carea' id='block_1_104' title="bbox 187 5209 1695 5285">
    <p class='ocr_par' dir='ltr' id='par_1_104' title="bbox 187 5209 1695 5285">
     <span class='ocr_line' id='line_1_104' title="bbox 187 5209 1695 5285; baseline 0.005 -26"><span class='ocrx_word' id='word_1_777' title='bbox 187 5209 432 5278; x_wconf 80' lang='grc' dir='ltr'>ἐπιγνούς</span> <span class='ocrx_word' id='word_1_778' title='bbox 463 5225 553 5259; x_wconf 89' lang='grc' dir='ltr'><strong>σου</strong></span> <span class='ocrx_word' id='word_1_779' title='bbox 583 5212 678 5277; x_wconf 80' lang='grc' dir='ltr'>τὴν</span> <span class='ocrx_word' id='word_1_780' title='bbox 710 5211 987 5266; x_wconf 79' lang='grc' dir='ltr'>ἀσθένειαν</span> <span class='ocrx_word' id='word_1_781' title='bbox 1019 5214 1090 5281; x_wconf 85' lang='grc' dir='ltr'>μὴ</span> <span class='ocrx_word' id='word_1_782' title='bbox 1141 5215 1411 5285; x_wconf 76' lang='grc' dir='ltr'>θαρσήσῃς</span> <span class='ocrx_word' id='word_1_783' title='bbox 1454 5220 1515 5285; x_wconf 83' lang='grc' dir='ltr'>τῇ</span> <span class='ocrx_word' id='word_1_784' title='bbox 1551 5218 1695 5267; x_wconf 86' lang='grc' dir='ltr'>πολι-</span> 
     </span>
    </p>
   </div>
   <div class='ocr_carea' id='block_1_105' title="bbox 185 5297 1686 5368">
    <p class='ocr_par' dir='ltr' id='par_1_105' title="bbox 185 5297 1686 5368">
     <span class='ocr_line' id='line_1_105' title="bbox 185 5297 1686 5368; baseline 0.003 -22"><span class='ocrx_word' id='word_1_785' title='bbox 185 5297 305 5365; x_wconf 67' lang='grc' dir='ltr'>τείᾳ</span> <span class='ocrx_word' id='word_1_786' title='bbox 339 5312 447 5356; x_wconf 86' lang='grc' dir='ltr'>σου,</span> <span class='ocrx_word' id='word_1_787' title='bbox 474 5297 603 5348; x_wconf 82' lang='grc' dir='ltr'><strong>ἀλλά</strong></span> <span class='ocrx_word' id='word_1_788' title='bbox 636 5298 975 5368; x_wconf 66' lang='grc' dir='ltr'>προσδράμῃς</span> <span class='ocrx_word' id='word_1_789' title='bbox 1011 5302 1069 5366; x_wconf 76' lang='grc' dir='ltr'>τῇ</span> <span class='ocrx_word' id='word_1_790' title='bbox 1103 5299 1189 5349; x_wconf 76' lang='grc' dir='ltr'>τοῦ</span> <span class='ocrx_word' id='word_1_791' title='bbox 1228 5301 1355 5351; x_wconf 76' lang='grc' dir='ltr'><strong>Θεοῦ</strong></span> <span class='ocrx_word' id='word_1_792' title='bbox 1387 5302 1686 5367; x_wconf 62' lang='grc' dir='ltr'>δυναστείᾳ.</span> 
     </span>
    </p>
   </div>
   <div class='ocr_carea' id='block_1_106' title="bbox 259 5465 722 5532">
    <p class='ocr_par' dir='ltr' id='par_1_106' title="bbox 259 5465 722 5532">
     <span class='ocr_line' id='line_1_106' title="bbox 259 5465 722 5532; baseline 0.002 -14"><span class='ocrx_word' id='word_1_793' title='bbox 259 5468 304 5498; x_wconf 68' lang='grc' dir='ltr'>’δ</span> <span class='ocrx_word' id='word_1_794' title='bbox 337 5465 473 5519; x_wconf 71' lang='lat' dir='ltr'><strong>Psal.</strong></span> <span class='ocrx_word' id='word_1_795' title='bbox 503 5483 611 5532; x_wconf 82' lang='lat' dir='ltr'>CIII,</span> <span class='ocrx_word' id='word_1_796' title='bbox 639 5471 722 5519; x_wconf 69' lang='grc' dir='ltr'><strong>ΞΟ.</strong></span> 
     </span>
    </p>
   </div>
   <div class='ocr_carea' id='block_1_107' title="bbox 1799 4327 3375 4400">
    <p class='ocr_par' dir='ltr' id='par_1_107' title="bbox 1799 4327 3375 4400">
     <span class='ocr_line' id='line_1_107' title="bbox 1799 4327 3375 4400; baseline 0.008 -22"><span class='ocrx_word' id='word_1_797' title='bbox 1799 4327 2154 4378; x_wconf 78' lang='lat' dir='ltr'><strong>adolescentia</strong></span> <span class='ocrx_word' id='word_1_798' title='bbox 2172 4342 2261 4393; x_wconf 90' lang='lat' dir='ltr'><strong>per</strong></span> <span class='ocrx_word' id='word_1_799' title='bbox 2289 4338 2540 4388; x_wconf 65' lang='lat' dir='ltr'><strong>aestatem,</strong></span> <span class='ocrx_word' id='word_1_800' title='bbox 2562 4330 2681 4381; x_wconf 85' lang='lat' dir='ltr'><strong>dum</strong></span> <span class='ocrx_word' id='word_1_801' title='bbox 2706 4332 2939 4400; x_wconf 90' lang='lat' dir='ltr'><strong>meterct)</strong></span> <span class='ocrx_word' id='word_1_802' title='bbox 2968 4334 3157 4389; x_wconf 84' lang='lat' dir='ltr'><strong>insedit</strong></span> <span class='ocrx_word' id='word_1_803' title='bbox 3182 4339 3313 4389; x_wconf 87' lang='lat' dir='ltr'><strong>meis</strong></span> <span class='ocrx_word' id='word_1_804' title='bbox 3373 4394 3375 4397; x_wconf 64' lang='grc'><strong>,</strong></span> 
     </span>
    </p>
   </div>
   <div class='ocr_carea' id='block_1_108' title="bbox 1794 4415 3310 4491">
    <p class='ocr_par' dir='ltr' id='par_1_108' title="bbox 1794 4415 3310 4491">
     <span class='ocr_line' id='line_1_108' title="bbox 1794 4415 3310 4491; baseline 0.007 -26"><span class='ocrx_word' id='word_1_805' title='bbox 1794 4415 2032 4482; x_wconf 89' lang='lat' dir='ltr'><strong>genibus,</strong></span> <span class='ocrx_word' id='word_1_806' title='bbox 2075 4423 2126 4466; x_wconf 89' lang='lat' dir='ltr'><strong>et</strong></span> <span class='ocrx_word' id='word_1_807' title='bbox 2173 4415 2304 4466; x_wconf 86' lang='lat' dir='ltr'><strong>adeo</strong></span> <span class='ocrx_word' id='word_1_808' title='bbox 2350 4431 2434 4469; x_wconf 91' lang='lat' dir='ltr'><strong>me</strong></span> <span class='ocrx_word' id='word_1_809' title='bbox 2486 4423 2793 4484; x_wconf 76' lang='lat' dir='ltr'><strong>commovit,</strong></span> <span class='ocrx_word' id='word_1_810' title='bbox 2832 4429 2889 4472; x_wconf 88' lang='lat' dir='ltr'><strong>ut</strong></span> <span class='ocrx_word' id='word_1_811' title='bbox 2922 4437 3006 4476; x_wconf 91' lang='lat' dir='ltr'><strong>me</strong></span> <span class='ocrx_word' id='word_1_812' title='bbox 3041 4439 3160 4476; x_wconf 93' lang='lat' dir='ltr'><strong>cum</strong></span> <span class='ocrx_word' id='word_1_813' title='bbox 3200 4425 3310 4491; x_wconf 86' lang='lat' dir='ltr'><strong>ipsa</strong></span> 
     </span>
    </p>
   </div>
   <div class='ocr_carea' id='block_1_109' title="bbox 1793 4504 3311 4578">
    <p class='ocr_par' dir='ltr' id='par_1_109' title="bbox 1793 4504 3311 4578">
     <span class='ocr_line' id='line_1_109' title="bbox 1793 4504 3311 4578; baseline 0.005 -23"><span class='ocrx_word' id='word_1_814' title='bbox 1793 4504 2015 4556; x_wconf 87' lang='lat' dir='ltr'><strong>coivisse</strong></span> <span class='ocrx_word' id='word_1_815' title='bbox 2074 4512 2341 4571; x_wconf 85' lang='lat' dir='ltr'><strong>putarem;</strong></span> <span class='ocrx_word' id='word_1_816' title='bbox 2385 4521 2492 4573; x_wconf 76' lang='lat' dir='ltr'><strong>prae</strong></span> <span class='ocrx_word' id='word_1_817' title='bbox 2540 4506 2715 4561; x_wconf 86' lang='lat' dir='ltr'><strong>furore</strong></span> <span class='ocrx_word' id='word_1_818' title='bbox 2769 4510 2928 4576; x_wconf 87' lang='lat' dir='ltr'><strong>igitur</strong></span> <span class='ocrx_word' id='word_1_819' title='bbox 2961 4512 3161 4578; x_wconf 84' lang='lat' dir='ltr'><strong>alapam</strong></span> <span class='ocrx_word' id='word_1_820' title='bbox 3213 4512 3311 4578; x_wconf 81' lang='lat' dir='ltr'><strong>ipsi</strong></span> 
     </span>
    </p>
   </div>
   <div class='ocr_carea' id='block_1_110' title="bbox 1792 4593 3314 4665">
    <p class='ocr_par' dir='ltr' id='par_1_110' title="bbox 1792 4593 3314 4665">
     <span class='ocr_line' id='line_1_110' title="bbox 1792 4593 3314 4665; baseline 0.003 -20"><span class='ocrx_word' id='word_1_821' title='bbox 1792 4594 1929 4654; x_wconf 90' lang='lat' dir='ltr'><strong>dedi,</strong></span> <span class='ocrx_word' id='word_1_822' title='bbox 1959 4602 2008 4644; x_wconf 90' lang='lat' dir='ltr'><strong>et</strong></span> <span class='ocrx_word' id='word_1_823' title='bbox 2035 4593 2314 4647; x_wconf 88' lang='lat' dir='ltr'><strong>invisibilis</strong></span> <span class='ocrx_word' id='word_1_824' title='bbox 2341 4594 2521 4649; x_wconf 75' lang='lat' dir='ltr'><strong>eﬁ&#39;ecta</strong></span> <span class='ocrx_word' id='word_1_825' title='bbox 2547 4599 2792 4661; x_wconf 84' lang='lat' dir='ltr'><strong>evanuit;</strong></span> <span class='ocrx_word' id='word_1_826' title='bbox 2820 4614 2912 4665; x_wconf 92' lang='lat' dir='ltr'><strong>per</strong></span> <span class='ocrx_word' id='word_1_827' title='bbox 2934 4600 3199 4652; x_wconf 88' lang='lat' dir='ltr'><strong>biennium</strong></span> <span class='ocrx_word' id='word_1_828' title='bbox 3227 4617 3314 4649; x_wconf 74' lang='lat' dir='ltr'><strong>ve-</strong></span> 
     </span>
    </p>
   </div>
   <div class='ocr_carea' id='block_1_111' title="bbox 1800 4681 3311 4753">
    <p class='ocr_par' dir='ltr' id='par_1_111' title="bbox 1800 4681 3311 4753">
     <span class='ocr_line' id='line_1_111' title="bbox 1800 4681 3311 4753; baseline 0.004 -19"><span class='ocrx_word' id='word_1_829' title='bbox 1800 4697 1861 4735; x_wconf 90' lang='lat' dir='ltr'><strong>ro</strong></span> <span class='ocrx_word' id='word_1_830' title='bbox 1902 4681 2117 4734; x_wconf 85' lang='lat' dir='ltr'><strong>fetorem</strong></span> <span class='ocrx_word' id='word_1_831' title='bbox 2145 4699 2328 4746; x_wconf 83' lang='lat' dir='ltr'><strong>manus</strong></span> <span class='ocrx_word' id='word_1_832' title='bbox 2352 4700 2481 4739; x_wconf 66' lang='lat' dir='ltr'><strong>mete</strong></span> <span class='ocrx_word' id='word_1_833' title='bbox 2503 4687 2764 4740; x_wconf 83' lang='lat' dir='ltr'><strong>sustinere</strong></span> <span class='ocrx_word' id='word_1_834' title='bbox 2796 4702 2899 4740; x_wconf 94' lang='lat' dir='ltr'><strong>non</strong></span> <span class='ocrx_word' id='word_1_835' title='bbox 2920 4696 3172 4753; x_wconf 84' lang='lat' dir='ltr'><strong>poteram.</strong></span> <span class='ocrx_word' id='word_1_836' title='bbox 3205 4690 3311 4740; x_wconf 79' lang='lat' dir='ltr'><strong>Ab-</strong></span> 
     </span>
    </p>
   </div>
   <div class='ocr_carea' id='block_1_112' title="bbox 1796 4771 3308 4838">
    <p class='ocr_par' dir='ltr' id='par_1_112' title="bbox 1796 4771 3308 4838">
     <span class='ocr_line' id='line_1_112' title="bbox 1796 4771 3308 4838; baseline 0.005 -17"><span class='ocrx_word' id='word_1_837' title='bbox 1796 4771 1935 4837; x_wconf 77' lang='lat' dir='ltr'><strong>]ecto</strong></span> <span class='ocrx_word' id='word_1_838' title='bbox 1985 4785 2110 4838; x_wconf 85' lang='lat' dir='ltr'><strong>ergo</strong></span> <span class='ocrx_word' id='word_1_839' title='bbox 2146 4771 2344 4834; x_wconf 89' lang='lat' dir='ltr'><strong>animo,</strong></span> <span class='ocrx_word' id='word_1_840' title='bbox 2381 4781 2434 4825; x_wconf 88' lang='lat' dir='ltr'><strong>et</strong></span> <span class='ocrx_word' id='word_1_841' title='bbox 2487 4773 2830 4827; x_wconf 88' lang='lat' dir='ltr'><strong>lnbonoratus</strong></span> <span class='ocrx_word' id='word_1_842' title='bbox 2865 4775 2997 4826; x_wconf 82' lang='lat' dir='ltr'><strong>exivi</strong></span> <span class='ocrx_word' id='word_1_843' title='bbox 3045 4777 3095 4827; x_wconf 92' lang='lat' dir='ltr'><strong>in</strong></span> <span class='ocrx_word' id='word_1_844' title='bbox 3139 4778 3308 4829; x_wconf 89' lang='lat' dir='ltr'><strong>locum</strong></span> 
     </span>
    </p>
   </div>
   <div class='ocr_carea' id='block_1_113' title="bbox 1801 4859 3309 4931">
    <p class='ocr_par' dir='ltr' id='par_1_113' title="bbox 1801 4859 3309 4931">
     <span class='ocr_line' id='line_1_113' title="bbox 1801 4859 3309 4931; baseline 0.005 -23"><span class='ocrx_word' id='word_1_845' title='bbox 1801 4859 2017 4910; x_wconf 89' lang='lat' dir='ltr'><strong>omnino</strong></span> <span class='ocrx_word' id='word_1_846' title='bbox 2071 4861 2342 4911; x_wconf 88' lang='lat' dir='ltr'><strong>desertum</strong></span> <span class='ocrx_word' id='word_1_847' title='bbox 2397 4860 2768 4926; x_wconf 81' lang='lat' dir='ltr'><strong>vagabundus,</strong></span> <span class='ocrx_word' id='word_1_848' title='bbox 2834 4875 3058 4927; x_wconf 88' lang='lat' dir='ltr'><strong>cumque</strong></span> <span class='ocrx_word' id='word_1_849' title='bbox 3099 4879 3309 4931; x_wconf 88' lang='lat' dir='ltr'><strong>parvam</strong></span> 
     </span>
    </p>
   </div>
   <div class='ocr_carea' id='block_1_114' title="bbox 1801 4945 3310 5034">
    <p class='ocr_par' dir='ltr' id='par_1_114' title="bbox 1801 4945 3310 5034">
     <span class='ocr_line' id='line_1_114' title="bbox 1801 4945 3310 5034; baseline 0.005 -39"><span class='ocrx_word' id='word_1_850' title='bbox 1801 4947 2033 5012; x_wconf 87' lang='lat' dir='ltr'><strong>aspidem</strong></span> <span class='ocrx_word' id='word_1_851' title='bbox 2069 4945 2404 5008; x_wconf 85' lang='lat' dir='ltr'><strong>invenissem,</strong></span> <span class='ocrx_word' id='word_1_852' title='bbox 2435 4946 2707 5011; x_wconf 86' lang='lat' dir='ltr'><strong>ipsamque</strong></span> <span class='ocrx_word' id='word_1_853' title='bbox 2744 4948 3081 5014; x_wconf 89' lang='lat' dir='ltr'><strong>accepissem,</strong></span> <span class='ocrx_word' id='word_1_854' title='bbox 3111 4953 3310 5034; x_wconf 73' lang='lat' dir='ltr'><strong>genita-</strong></span> 
     </span>
    </p>
   </div>
   <div class='ocr_carea' id='block_1_115' title="bbox 1798 5034 3308 5101">
    <p class='ocr_par' dir='ltr' id='par_1_115' title="bbox 1798 5034 3308 5101">
     <span class='ocr_line' id='line_1_115' title="bbox 1798 5034 3308 5101; baseline 0.003 -17"><span class='ocrx_word' id='word_1_855' title='bbox 1798 5036 1934 5088; x_wconf 78' lang='lat' dir='ltr'><strong>libus</strong></span> <span class='ocrx_word' id='word_1_856' title='bbox 1979 5037 2109 5085; x_wconf 88' lang='lat' dir='ltr'><strong>meis</strong></span> <span class='ocrx_word' id='word_1_857' title='bbox 2156 5034 2404 5087; x_wconf 80' lang='lat' dir='ltr'><strong>rneinbr&#39;is</strong></span> <span class='ocrx_word' id='word_1_858' title='bbox 2435 5034 2590 5101; x_wconf 81' lang='lat'><strong>357</strong></span> <span class='ocrx_word' id='word_1_859' title='bbox 2621 5035 2853 5098; x_wconf 85' lang='lat' dir='ltr'><strong>admovi,</strong></span> <span class='ocrx_word' id='word_1_860' title='bbox 2905 5048 2960 5090; x_wconf 91' lang='lat' dir='ltr'><strong>ut</strong></span> <span class='ocrx_word' id='word_1_861' title='bbox 3012 5041 3193 5091; x_wconf 86' lang='lat' dir='ltr'><strong>saltem</strong></span> <span class='ocrx_word' id='word_1_862' title='bbox 3240 5039 3308 5088; x_wconf 75' lang='lat' dir='ltr'><strong>ita</strong></span> 
     </span>
    </p>
   </div>
   <div class='ocr_carea' id='block_1_116' title="bbox 1797 5107 3306 5185">
    <p class='ocr_par' dir='ltr' id='par_1_116' title="bbox 1797 5125 3306 5185">
     <span class='ocr_line' id='line_1_116' title="bbox 1797 5125 3306 5185; baseline 0.001 -10"><span class='ocrx_word' id='word_1_863' title='bbox 1797 5125 2072 5175; x_wconf 85' lang='lat' dir='ltr'><strong>demersus</strong></span> <span class='ocrx_word' id='word_1_864' title='bbox 2096 5136 2395 5185; x_wconf 86' lang='lat' dir='ltr'><strong>emorerer;</strong></span> <span class='ocrx_word' id='word_1_865' title='bbox 2428 5139 2547 5174; x_wconf 91' lang='lat' dir='ltr'><strong>cum</strong></span> <span class='ocrx_word' id='word_1_866' title='bbox 2581 5139 2702 5176; x_wconf 87' lang='lat' dir='ltr'><strong>vero</strong></span> <span class='ocrx_word' id='word_1_867' title='bbox 2747 5125 2926 5178; x_wconf 70' lang='lat' dir='ltr'><strong>bestia:</strong></span> <span class='ocrx_word' id='word_1_868' title='bbox 2969 5126 3306 5178; x_wconf 74' lang='lat' dir='ltr'><strong>obvertissuu</strong></span> 
     </span>
    </p>
   </div>
   <div class='ocr_carea' id='block_1_117' title="bbox 1799 5211 3305 5281">
    <p class='ocr_par' dir='ltr' id='par_1_117' title="bbox 1799 5211 3305 5281">
     <span class='ocr_line' id='line_1_117' title="bbox 1799 5211 3305 5281; baseline 0.001 -16"><span class='ocrx_word' id='word_1_869' title='bbox 1799 5222 1953 5279; x_wconf 86' lang='lat' dir='ltr'><strong>caput</strong></span> <span class='ocrx_word' id='word_1_870' title='bbox 1983 5213 2045 5262; x_wconf 80' lang='lat' dir='ltr'><strong>ad</strong></span> <span class='ocrx_word' id='word_1_871' title='bbox 2088 5211 2326 5276; x_wconf 87' lang='lat' dir='ltr'><strong>corporis</strong></span> <span class='ocrx_word' id='word_1_872' title='bbox 2367 5213 2598 5264; x_wconf 87' lang='lat' dir='ltr'><strong>membra</strong></span> <span class='ocrx_word' id='word_1_873' title='bbox 2633 5221 2812 5281; x_wconf 90' lang='lat' dir='ltr'><strong>utpote</strong></span> <span class='ocrx_word' id='word_1_874' title='bbox 2846 5228 2961 5279; x_wconf 66' lang='lat' dir='ltr'><strong>qua?</strong></span> <span class='ocrx_word' id='word_1_875' title='bbox 2992 5228 3148 5266; x_wconf 84' lang='lat' dir='ltr'><strong>causa</strong></span> <span class='ocrx_word' id='word_1_876' title='bbox 3182 5217 3305 5266; x_wconf 90' lang='lat' dir='ltr'><strong>mihi</strong></span> 
     </span>
    </p>
   </div>
   <div class='ocr_carea' id='block_1_118' title="bbox 1805 5290 3304 5369">
    <p class='ocr_par' dir='ltr' id='par_1_118' title="bbox 1805 5290 3304 5369">
     <span class='ocr_line' id='line_1_118' title="bbox 1805 5290 3304 5369; baseline 0.002 -17"><span class='ocrx_word' id='word_1_877' title='bbox 1805 5290 2106 5352; x_wconf 83' lang='lat' dir='ltr'><strong>tentatiouis</strong></span> <span class='ocrx_word' id='word_1_878' title='bbox 2136 5311 2302 5362; x_wconf 86' lang='lat' dir='ltr'><strong>erant,</strong></span> <span class='ocrx_word' id='word_1_879' title='bbox 2338 5315 2664 5354; x_wconf 77' lang='lat' dir='ltr'><strong>commorsus</strong></span> <span class='ocrx_word' id='word_1_880' title='bbox 2694 5318 2793 5353; x_wconf 90' lang='lat' dir='ltr'><strong>non</strong></span> <span class='ocrx_word' id='word_1_881' title='bbox 2827 5301 2917 5363; x_wconf 87' lang='lat' dir='ltr'><strong>fui,</strong></span> <span class='ocrx_word' id='word_1_882' title='bbox 2953 5303 3096 5369; x_wconf 87' lang='lat' dir='ltr'><strong>atqui</strong></span> <span class='ocrx_word' id='word_1_883' title='bbox 3133 5318 3304 5356; x_wconf 78' lang='lat' dir='ltr'><strong>voch</strong></span> 
     </span>
    </p>
   </div>
  </div>
