4058 6350
175 217 312 282 1321

1353 215 1452 278 DE
1488 213 1858 277 OPERIBUS
1896 216 1956 275 S.
2001 213 2205 278 NILI-

3225 213 3355 279 1322

163 341 372 384 clatum
407 331 589 395 istum,
632 341 685 384 et
716 329 1058 398 inscripserat
1080 331 1707 387 Sermonemmsceticum.
1740 321 1978 397 A596
2001 343 2064 381 ex
2101 304 2370 379 Herodoto
2401 324 2560 378 etiam
2610 323 2702 377 lib.
2737 339 2807 388 ιι,
2852 325 2938 390 qui
2978 328 3356 396 sexaginta'illi

163 419 241 469 At
267 434 361 486 ego
387 417 542 484 λόγον
580 418 957 486 interpretatus
974 433 1104 471 tum
1139 428 1436 485 tractatum,
1477 417 1578 468 hot:
1611 425 1713 478 est,

165 506 614 568 dissertationem,
656 505 1071 574 descriptionem,
1119 507 1509 558 enarrationem
1535 544 1550 569 ,
1596 519 1716 556 con-

165 597 393 658 cionent,
436 604 494 648 ut
533 595 649 648 fuse
680 581 871 662 probat
910 595 1195 648 Scholiast.
1225 597 1287 647 ad
1319 595 1357 646 l.
1390 610 1426 646 ιι
1455 594 1516 648 C.
1551 593 1718 646 Theo-

163 684 289 737 dos.
326 683 396 735 De
424 685 524 748 his,
555 685 642 752 qui
678 701 831 750 super
865 683 1277 752 relig..contend.
1308 669 1345 735 ἱ.
1389 699 1514 748 XVI;
1545 697 1574 735 a
1609 691 1717 733 tra-

166 772 385 832 ctando,
425 773 500 823 uti
541 773 812 838 accipiunt
847 770 1031 828 Cicero
1072 772 1106 825 l.
1140 786 1158 823 ι
1198 771 1493 823 Academic.
1535 778 1714 837 quwst.

163 867 226 909 et
258 859 294 910 Ι.
323 874 359 910 ιι
394 857 465 910 De
490 859 647 927 legib.
675 860 726 911 in
748 874 979 927 prooem.
1018 859 1056 913 L
1086 875 1217 923 vm;
1248 858 1560 923 Quintilian.
1589 860 1623 911 l.
1647 873 1715 920 v;

169 947 311 1001 Plin.
345 965 393 1002 c.
429 950 480 1011 4,
508 950 544 1001 l.
588 964 694 1012 uv;
731 958 785 1004 et
826 965 876 1002 c.
910 949 999 1012 22,
1032 950 1069 1002 L
1113 965 1226 1013 xu;
1253 950 1545 1016 praesertim
1591 963 1718 1001 vero

167 1038 317 1092 hanc
338 1053 522 1091 vocem
564 1047 819 1090 tractatus
864 1046 1185 1105 acceperunt
1221 1051 1284 1090 eo
1315 1052 1476 1091 sensu
1500 1047 1716 1091 sanctus

167 1127 523 1190 Ambrosius,
550 1135 866 1180 -et.sanetus
911 1125 1261 1194 Augustinus,
1310 1126 1529 1199 aliique.
1552 1125 1714 1178 Chri-

168 1216 336 1268 stiani
363 1218 628 1278 doctores,
656 1225 1006 1270 etsacrarum
1044 1215 1368 1267 Litterarum
1393 1214 1715 1281 interpretes

167 1304 301 1357 dicti
342 1305 488 1359 luere
524 1312 849 1366 tractatores,
901 1314 960 1357 ut
1009 1306 1256 1358 observat
1301 1303 1624 1357 Sirmondus
1661 1304 1714 1356 in

168 1383 417 1447 Notis'ad
453 1392 618 1461 Epist.
656 1393 878 1456 Sidonii,
919 1402 970 1446 et
995 1403 1209 1447 sanctus
1237 1392 1591 1461 Augustinus,
1618 1393 1648 1444 ι,
1679 1406 1713 1444 ιι

169 1482 374 1534 Contra
408 1482 610 1535 Julian.
653 1482 956 1535 divinorum
988 1481 1322 1550 eloquiorum
1361 1489 1714 1550 pertractate-

171 1586 264 1623 res
315 1572 579 1632 nominat,
614 1579 669 1624 et
720 1571 756 1624 l.
809 1586 862 1622 ιν
907 1571 1072 1624 divini
1129 1570 1327 1638 eloquii
1379 1577 1712 1622 tractatores.

1818 413 2003 463 tribuit
2049 410 2242 474 stadia,
2292 411 2653 463 Callimachus
2707 419 2751 460 et
2785 409 2901 475 ejus
2937 412 3200 464 meminit.
3253 412 3357 467 lle-

1817 499 1940 552 brzei
1983 499 2188 551 diutius
2230 499 2304 549 in'
2329 496 2557 566 IEgypto
2588 498 2801 561 versati,
2834 507 2886 550 ct
2919 499 3171 564 direxati,
3209 518 3358 554 men-

1815 604 1972 642 suras
2027 589 2150 642 inde
2201 587 2356 642 funes
2409 596 2814 655 nuncuparunt;
2869 589 3072 655 psalmo
3123 605 3190 644 xv
3245 589 3357 643 ltcx

1817 675 2082 744 Propheta
2123 676 2387 730 concinit:
2433 668 2605 727 Funes
2652 677 2940 729 ceciderant
2993 678 3116 730 mihi
3142 678 3195 730 in
3231 695 3359 745 pra:-

1817 765 1993 829 claris,
2035 774 2088 817 et
2137 779 2189 817 c.
2234 780 2380 816 xxxn
2460 750 2852 816 Deuteronomii
2926 763 3117 828 Moses,
3153 777 3203 818 rt
3245 766 3283 819 Ι.
3313 766 3378 835 ΙΙ,

1817 853 1948 922 Reg.
1979 868 2026 906 c.
2059 869 2173 914 vin,
2211 868 2308 906 nec
2349 853 2541 904 mirum
2589 852 2634 905 si
2680 867 3012 921 unaquaeque
3042 871 3169 924 gens
3209 866 3358 910 certa
3423 902 3426 905 _

1822 953 2084 994 terrarum
2133 942 2303 1008 Spatia
2346 940 2458 993 suis
2486 940 2930 1006 appellationibus
2961 927 3132 1005 vocet,
3166 944 3358 998 Rastas

1815 1028 2086 1091 Germani,
2119 1027 2292 1080 Latini
2333 1027 2571 1080 Milliaria
2607 1037 2658 1079 et
2722 1027 2935 1095 iugera,
2968 1029 3101 1082 Galli
3131 1030 3355 1096 Leucas,

1817 1114 1992 1169 Persae
2021 1115 2374 1183 Parasangas,
2411 1114 2576 1168 Graeci
2607 1116 2892 1182 σταθμούς,
2927 1118 3040 1172 sive
3062 1121 3354 1184 stationes;

1818 1211 1927 1255 tum
1973 1212 2220 1271 vergente
2255 1204 2495 1256 Romano
2525 1206 2748 1270 imperio
2782 1207 3105 1269 mansiones,
3133 1206 3201 1261 de
3239 1211 3359 1277 qni-
3453 1200 3459 1205 ’

1816 1291 1915 1344 bus
1939 1290 2294 1353 Herodianus,
2325 1291 2361 1343 l.
2389 1307 2426 1343 ιι
2453 1302 2505 1344 et
2529 1292 2805 1360 Bergerius
2829 1293 2920 1346 lib.
2953 1283 3026 1360 De
3052 1297 3176 1364 imp.
3202 1295 3355 1353 Rom.

1772 1379 2109 1440 *viis,'erant
2158 1379 2372 1432 termini
2419 1379 2727 1434 militarium
2778 1382 3193 1449 expeditionum.
3248 1384 3357 1438 Ho-

1817 1464 2020 1516 minum
2079 1473 2158 1518 est
2213 1467 2544 1520 consuetudo
2611 1466 2827 1542 facilius
2859 1484 2920 1522 ea
2966 1469 3189 1537 discere,
3238 1489 3379 1542 qua:_

1816 1554 1985 1607 divisa
2045 1555 2217 1608 solent
2250 1557 2565 1620 ﬁevidentius
2613 1537 2944 1624 elucescere,
2999 1561 3072 1613 uti
3122 1537 3358 1631 loquitur

171 1660 378 1716 llarun
423 1676 609 1714 vocum
655 1660 804 1726 origo
849 1661 1063 1714 ducitur
1101 1675 1130 1712 a
1162 1659 1324 1713 verbo
1369 1658 1548 1722 traho,
1591 1659 1714 1726 quia

1818 1643 2172 1698 Cassiodorus
2217 1659 2265 1698 c.
2297 1646 2331 1696 2
2359 1645 2434 1698 De
2462 1647 2671 1699 Anima.
2705 1646 2745 1698 Ε
2785 1648 3127 1703 distinctione
3161 1652 3361 1719 quippe

169 1752 325 1802 varia
350 1751 701 1818 undequaque
727 1749 1007 1802 trahuntur
1056 1749 1122 1801 ad
1145 1763 1287 1814 eam,
1317 1750 1489 1816 quade
1521 1749 1714 1816 agitur,

173 1852 290 1890 rem
320 1839 628 1904 spectantia,
675 1837 800 1889 hinc
825 1837 1105 1890 deducitur
1143 1845 1309 1888 tracto
1354 1836 1572 1889 verbum
1612 1835 1717 1889 l‘re-

173 1921 574 1993 quentati'vum;
627 1926 766 1980 sicut
807 1941 853 1983 a.
874 1926 1036 1979 verbo
1076 1941 1188 1978 sero
1232 1925 1500 1978 derivatur
1527 1939 1718 1996 sermo,

171 2017 308 2085 quia
345 2000 552 2069 diversa
600 2024 884 2079 seruntur,
927 2024 980 2068 et
1019 2013 1391 2076 conferuntur,
1437 2015 1559 2069 hinc
1594 2030 1718 2083 pro-

175 2103 412 2170 gignitur
428 2103 648 2167 dissero,
679 2113 729 2156 et
754 2105 990 2167 disserto,
1034 2105 1174 2156 unde
1207 2103 1532 2157 dissertatio.
1560 2106 1720 2159 Asce-

175 2192 272 2244 tici
312 2191 624 2245 vocabulum
659 2191 900 2246 Gracum
932 2193 984 2244 in
1019 2193 1151 2246 duas
1189 2207 1346 2246 voces
1381 2193 1593 2247 Latinas
1630 2208 1718 2248 re-

175 2280 316 2332 solvi
363 2279 764 2356 periphrastice,
807 2281 978 2348 idque‘
1007 2281 1072 2334 de
1115 2282 1410 2335 monastica
1457 2283 1720 2336 exercita-

175 2365 327 2417 tione
374 2363 626 2432 exposui,
674 2378 771 2416 nec
822 2366 965 2416 enim
1014 2365 1172 2417 unico
1209 2360 1382 2432 potest
1426 2367 1716 2433 explicari;

177 2467 304 2504 nam
333 2468 432 2505 vox
463 2453 669 2504 ascetici
697 2452 878 2505 Graeca
908 2461 1005 2517 est,
1040 2468 1144 2504 non
1174 2464 1348 2506 autem
1381 2454 1590 2517 Latina,
1625 2455 1717 2508 sed

179 2542 234 2593 in
259 2531 654 2610 Lexicograplto
671 2541 1107 2604 Adnotationum,
1129 2543 1289 2612 inque
1311 2558 1439 2597 voce
1454 2544 1717 2611 Ἀσκησις

180 2629 336 2696 plura
363 2629 627 2696 congessi.
657 2627 986 2698 liosweydus
1013 2630 1225 2696 quidem
1251 2631 1332 2682 vir
1361 2630 1716 2697 pereruditus,

177 2729 236 2774 et
260 2720 314 2773 in
341 2719 515 2788 Belgio
545 2715 811 2788 quondam
847 2719 976 2770 mihi
1021 2719 1337 2786 peramicus,
1376 2721 1425 2771 in
1462 2717 1612 2772 Notis
1651 2720 1718 2773 ad

176 2804 496 2857 Paradisnm
542 2804 829 2859 Heraclidis
874 2805 1053 2858 laudat
1083 2799 1469 2858 '0nomasticon
1524 2807 1575 2858 in
1623 2822 1718 2859 v0-

177 2895 337 2948 cibus
371 2893 674 2957 Tractatus,
707 2902 758 2948 et
799 2892 1109 2954 Tractator;
1146 2901 1199 2946 tu
1229 2896 1465 2956 consule,
1490 2895 1531 2947 si
1567 2910 1717 2962 repe-

177 2986 293 3038 rire
337 2981 510 3051 possis
551 2968 755 3052 reapse,
803 2997 991 3051 meque
1040 2981 1248 3035 felicior
1285 2983 1480 3036 habeas
1515 2981 1716 3034 Mercu-

176 3075 322 3127 rium
360 3072 727 3127 dexteriorem.

251 3161 638 3233 Consequitur:
698 3161 801 3234 Τοῦ
850 3161 994 3214 ὁσίου
1053 3161 1257 3230 Harpe;
1313 3159 1466 3228 ἡμῶν
1527 3158 1712 3209 Νείλου

178 3252 321 3321 πρδς
372 3250 616 3317 Ἀγάθιον
668 3251 982 3319 μονάζοντα.
1034 3250 1096 3299 Ἦ
1141 3251 1276 3316 ἀρχή
1307 3264 1320 3277 ·
1353 3245 1506 3308 "Pilio;
1543 3247 1713 3314 ἔχοντι

183 3357 299 3408 μοι,
346 3355 463 3406 quae
490 3340 556 3391 ita
591 3333 845 3392 coniterti.
879 3335 1059 3389 Sancti
1095 3335 1263 3386 Patris
1300 3336 1461 3386 nostri
1503 3333 1612 3386 Nili
1642 3333 1708 3385 ad

179 3425 463 3492 Agatltium
485 3424 820 3474 monasticam
841 3423 996 3474 vitam
1015 3435 1242 3491 agentem
1263 3421 1546 3474 Peristeria
1564 3461 1578 3484 ,
1603 3423 1715 3476 sive

180 3514 462 3566 Tractatus
491 3511 550 3564 de
565 3512 835 3564 virtutibus
860 3512 1149 3564 excolendis
1171 3523 1219 3575 et
1244 3513 1382 3564 vitiis
1409 3513 1664 3580 fugiendis
1695 3529 1712 3564 :

177 3603 412 3669 exemplo
457 3601 744 3656 Peristeria:
790 3603 1094 3654 clarissima:
1143 3601 1332 3652 saeculo
1394 3616 1450 3651 eo
1487 3601 1711 3666 feminae.

179 3691 537 3760 lncipit,Cmn
566 3708 672 3742 meo
700 3709 858 3752 more,
873 3701 975 3744 etc.
997 3692 1129 3752 Quia
1163 3705 1285 3741 vero
1319 3696 1573 3742 tractatus
1600 3699 1714 3743 erat

180 3781 460 3848 prolixior,
492 3780 541 3830 iu
572 3778 635 3828 l2
660 3777 1060 3844 rpﬁpataﬁive
1093 3777 1354 3830 sectiones
1383 3792 1504 3830 eum
1534 3777 1711 3841 divisi,

179 3885 322 3939 quas
354 3870 404 3920 in
450 3869 618 3936 capita
647 3868 924 3932 subdivisi,
958 3848 1405 3935 quemadmddum
1440 3876 1491 3920 et
1521 3876 1714 3922 tracta.-

182 3968 298 4012 tum
345 3958 415 4009 De
455 3958 736 4008 monastica
788 3958 1151 4008 exercitatione
1206 3957 1258 4008 in
1313 3956 1482 4023 capita
1531 3955 1711 4008 itidem

179 4049 562 4110 distiuxeram;
597 4062 660 4098 ne
705 4060 811 4098 uno
857 4047 1043 4124 spiritu
1091 4047 1221 4098 liber
1263 4055 1404 4098 totus
1451 4046 1712 4112 perlectus

181 4134 348 4186 nimis
393 4132 632 4199 fatigaret
682 4131 951 4192 lectorem,
1003 4145 1151 4195 nere,
1197 4130 1368 4197 spatio
1397 4131 1539 4182 nullo
1565 4131 1710 4191 dato,

1817 1733 1906 1785 lux
1936 1732 2168 1805 ellulge};
2202 1743 2335 1788 teste
2368 1735 2534 1788 Paulo
2577 1734 2876 1791 Juriscons.
2911 1738 2946 1792 l.
2985 1756 2996 1790 I
3033 1739 3095 1793 D.
3134 1739 3360 1806 Dedoli

1817 1822 1943 1875 mali
1973 1832 2168 1890 except.
2215 1825 2304 1877 ubi
2341 1823 2511 1876 Gloss.
2552 1833 2600 1878 et
2653 1824 2889 1881 Institut.
2925 1813 2954 1896 ς
2985 1829 3074 1882 sed
3105 1845 3226 1893 non,
3263 1847 3357 1884 use

1815 1926 1919 1979 que
1934 1911 1996 1963 de
2023 1911 2179 1979 legat.
2211 1911 2567 1976 Quamobrem
2596 1913 2752 1966 etiam
2783 1912 3081 1982 Jurispcriti
3109 1917 3175 1970 de
3207 1933 3358 1972 more

1817 1998 2011 2051 habent
2040 1998 2248 2067 aperire
2275 2000 2463 2067 legem,
2492 2015 2651 2067 quam
2687 2001 2893 2068 publice
2924 2003 3356 2072 interpretantur,
3407 2014 3415 2019 '

1817 2088 1868 2140 in
1927 2085 2142 2156 partes,
2188 2099 2240 2142 et
2292 2089 2468 2142 Codex
2517 2088 2804 2143 Justiniani
2837 2092 2889 2144 in
2919 2091 2959 2144 ll
2986 2103 3180 2159 tomos,
3217 2095 3357 2150 Pau-

1817 2177 1967 2230 decta
1996 2191 2125 2230 vero
2157 2179 2209 2230 in
2250 2179 2349 2231 tria
2385 2178 2677 2242 volumina,
2725 2181 2850 2232 tomi
2880 2191 3055 2235 autem
3086 2183 3138 2235 in
3173 2185 3356 2250 libros,

1817 2265 1935 2318 libri
1966 2277 2218 2334 praeterea
2251 2269 2308 2327 in
2335 2268 2545 2330 titulos,
2587 2283 2677 2321 seu
2708 2270 2967 2332 rubricas,
2992 2278 3045 2324 et
3070 2273 3149 2325 lia:
3179 2274 3231 2326 in
3263 2253 3364 2328 ea:

1816 2356 2004 2422 pitula,
2041 2357 2151 2409 sive
2186 2357 2329 2424 leges
2374 2358 2785 2421 distribuuntur,
2821 2359 3049 2425 capitula
3084 2376 3270 2415 rursus
3300 2362 3357 2414 in

1815 2443 2196 2510 paragraphos.
2242 2445 2409 2497 Biblia
2437 2461 2649 2513 quoque
2683 2461 2832 2499 sacra
2870 2450 2924 2499 in
2975 2449 3197 2515 capitula
3230 2459 3358 2503 sunt

1816 2531 2115 2599 dispertita.
2143 2530 2475 2586 Peristeriam
2504 2534 2702 2598 addidi,
2727 2544 2779 2588 et
2800 2537 3180 2606 periplirastice
3200 2539 3358 2606 quid-

1816 2622 1942 2687 quid
1975 2623 2028 2674 in
2071 2630 2296 2680 tractatu
2328 2624 2716 2688 continebatur,
2757 2635 2814 2678 ut
2845 2627 3119 2682 materiem
3152 2613 3356 2684 indica-

1817 2725 1949 2772 rem,
1984 2720 2036 2763 et
2069 2725 2320 2776 causam,
2357 2720 2514 2780 quam
2553 2714 2777 2781 praebuit
2814 2716 3111 2771 clarissima
3149 2716 3352 2772 femina

1815 2799 2105 2866 plurimum
2170 2801 2563 2867 commendata,
2593 2812 2645 2856 et
2666 2804 2813 2870 juxta
2844 2819 3000 2858 suum
3027 2821 3216 2858 nomen
3248 2798 3357 2860 Cd-

1819 2889 1994 2941 lumba
2045 2904 2224 2957 pacem
2275 2893 2524 2945 nuntians
2577 2894 2753 2956 terris,
2807 2909 2906 2947 nec
2953 2895 3160 2964 ambigo
3208 2897 3356 2949 illam

1819 2976 1985 3042 ipsam
2031 2976 2216 3040 fuisse,
2255 2977 2320 3030 de
2357 2995 2456 3047 qua
2510 2981 2781 3049 lschyrion
2813 2983 3068 3037 diaconus
3107 2983 3356 3038 Ecclesia:

1813 3066 2204 3131 Alexandrina},
2239 3069 2304 3120 ad
2341 3069 2569 3122 Leonem
2616 3085 2808 3138 papam
2854 3081 2908 3125 et
2932 3073 3110 3128 Patres
3140 3076 3356 3128 concilii

1813 3153 2261 3207 Chalcedonensis
2285 3155 2336 3207 in
2357 3157 2532 3211 libello
2558 3159 2759 3212 inserto
2789 3161 2982 3214 actioni
3012 3162 3196 3224 tertiae,
3231 3178 3350 3231 pag.

1811 3239 1912 3314 252
1959 3239 2099 3293 Edit.
2132 3240 2288 3294 Rom.
2330 3242 2400 3295 ita
2452 3246 2665 3313 scripsit
2702 3246 2818 3298 :Tb
2860 3249 2965 3317 γὰρ
3001 3251 3092 3301 καὶ
3133 3250 3229 3318 τὴν
3254 3253 3354 3318 τῆς
3426 3296 3431 3302 .

1811 3325 2064 3396 λαμπρᾶς
2081 3327 2268 3402 μνείας
2285 3330 2638 3400 Περιστερίαν
2660 3337 2884 3404 πρᾶγμα
2909 3338 3077 3400 οὐδεὶς
3097 3339 3348 3406 ἠγνόησε,

1814 3417 1905 3467 καὶ
1947 3416 2177 3485 μάλιστα
2225 3417 2331 3471 τῶν
2358 3421 2702 3476 ἐνοικούντων
2733 3426 2930 3495 ταύτην
2970 3428 3066 3496 τὴν
3120 3427 3355 3496 βασιλίδα

1813 3507 1934 3558 νέαν
1969 3502 2204 3574 Ῥώμην,
2239 3509 2453 3574 ἐκείνης
2480 3513 2616 3578 ὑπὲρ
2644 3514 2740 3580 τῆς
2771 3516 2969 3583 ἑαυτῆς
2999 3517 3170 3584 ψυχῆς
3203 3520 3258 3569 ἐν
3276 3518 3352 3586 τῷ
3395 3553 3398 3555 ›

1811 3591 2135 3644 διατίθεσθαι
2195 3594 2746 3666 παρακελευσαμένης
2782 3596 3054 3668 πλείστηνῖ
3084 3603 3352 3669 ποσότητα

1812 3681 2030 3746 χρυσίου
2077 3682 2481 3766 παρασχεθῆναι
2528 3686 2639 3745 τοῖς
2685 3689 3074 3755 μοναστηρῐοις,
3121 3691 3184 3740 οὐ
3239 3691 3352 3760 μὴν

1811 3769 1943 3821 ἀλλὰ
1982 3769 2075 3821 καὶ
2123 3772 2230 3832 τοῖς
2276 3769 2492 3831 ξενεῶσι
2547 3772 2639 3824 καὶ
2681 3775 2979 3842 πτωχείοις,
3013 3779 3104 3829 καὶ
3144 3781 3352 3847 ἑτέροις

1811 3860 2001 3928 πένησι
2032 3859 2127 3928 τῆς
2140 3861 2504 3928 Αἰγυπτιακῆς
2531 3862 2709 3932 χώρας
2731 3879 2744 3928 ;
2767 3863 3065 3931 Ἀχθεσθεὶς
3083 3869 3110 3918 ὁ
3127 3869 3346 3924 εὐλαϐέ-

1813 3966 2000 4010 στσιτος
2027 3951 2162 4018 ἀνὴρ
2191 3950 2515 4019 (Διόσκορος)
2565 3952 2940 4022 Ἀλεξανδρεὺς
2983 3955 3272 4020 ἐπίσκοπος
3312 3961 3346 4030 ἢ

1812 4040 2165 4107 πατριάρχης,
2199 4039 2282 4106 ἐφ’
2312 4035 2391 4101 οἷς
2444 4042 2540 4092 οὐκ
2585 4044 2662 4102 εἰς
2704 4042 2987 4110 πρόσωπον
3042 4046 3190 4116 αὐτῷ
3217 4064 3349 4099 κατ-

1811 4127 2015 4194 ἐλειφεν
2037 4130 2439 4195 παρασκευάζει
2457 4131 2638 4182 ἐκεῖνα
2652 4133 2712 4182 τὰ
2733 4134 2985 4202 χρήματα
3004 4136 3148 4204 αὐτῷ
3177 4153 3350 4207 παρα-

181 4223 432 4291 colligerc
467 4221 552 4273 ille
602 4235 656 4272 se
711 4235 774 4272 ac
800 4220 1208 4285 interquiescere
1252 4234 1355 4272 non
1399 4228 1594 4287 posset,
1624 4234 1711 4270 ve-

1818 4219 2086 4287 σχεθῆναι,
2112 4220 2204 4271 καὶ
2228 4221 2344 4274 ἀντὶ
2368 4221 2728 4290 ἐλεημοσύνης
2755 4225 3113 4293 Θυμέλαιςκαὶ
3139 4224 3351 4297 Θεατρι-

186 4325 308 4363 rum
369 4311 630 4362 tantillum
700 4297 1058 4360 allevaretur:
1115 4323 1233 4361 nam
1286 4310 1427 4362 sicut
1481 4308 1713 4360 Rutilius

184 4398 557 4461 Numatiauus,
603 4399 694 4450 lib.
738 4413 774 4449 ιι
814 4397 1082 4449 Itinerarii
1126 4399 1335 4462 cecinit,
1550 4401 1565 4412 '

261 4511 540 4564 Intervalla
579 4511 671 4562 via:
703 4508 848 4570 fessis
877 4519 1122 4574 prcestare
1149 4510 1365 4568 videtur,
1431 4561 1434 4564 λ

329 4579 427 4640 Qui
462 4589 602 4630 notat
629 4579 903 4644 inscriptus
935 4577 1100 4627 millia
1133 4578 1292 4627 multa
1324 4577 1495 4638 lapis.'
1706 4637 1712 4645 I

185 4666 447 4720 Praefatur
492 4675 706 4718 sanctus
749 4664 1100 4733 Hieronymus
1146 4665 1288 4716 Isaia:
1325 4665 1580 4718 visimtem
1622 4680 1713 4716 ex-

185 4758 481 4826 positurus,
502 4743 677 4816 lib.tv,
703 4769 750 4806 c.
780 4757 863 4820 ll,
894 4771 948 4808 se
974 4770 1065 4822 per
1095 4764 1269 4822 partes
1295 4769 1408 4806 eam
1434 4758 1716 4820 explanare

187 4845 354 4906 velle,
402 4855 467 4892 ne
533 4840 688 4891 simul
734 4841 1003 4904 preposita
1044 4849 1199 4907 atque
1238 4839 1460 4891 disserta
1506 4840 1715 4891 lectoris

187 4925 847 4987 confundat'memoriam;
880 4927 1017 4978 idem
1053 4929 1265 4979 adnotat
1297 4928 1360 4979 ad
1395 4941 1441 4978 c.
1496 4942 1549 4977 ιιι
1580 4925 1710 4977 Jocl.

109 5085 126 5091 _
189 5022 242 5072 in
271 5015 651 5074 Nilollumine,
686 5015 795 5064 sive
822 5013 872 5063 in
916 5015 1043 5065 rivis
1074 5017 1186 5081 ejus
1225 5017 1406 5067 solitos
1440 5013 1715 5081 A‘igyptios

190 5109 406 5162 funibus
450 5119 605 5156 naves
641 5105 850 5154 trahere
892 5111 1031 5153 certa
1080 5104 1331 5157 habentes
1367 5103 1555 5170 spatia,
1599 5119 1717 5168 quae

190 5197 449 5266 appellant
495 5191 776 5249 iuniculos,
823 5201 877 5240 ut
908 5190 1070 5242 labori
1112 5189 1436 5243 defessorum
1485 5191 1714 5244 recentia

93 5270 102 5276 ’
189 5271 513 5338 trahentium
570 5279 701 5330 colla
763 5277 1046 5328 succedant
1076 5291 1099 5339 ;.
1132 5277 1400 5327 trahentes
1437 5276 1715 5330 helciarios

189 5384 347 5430 vocat
367 5389 554 5425 ettrvos
582 5370 848 5422 Salonius.
875 5368 994 5419 ltnle
1020 5367 1306 5428 Ῐιιιιιςιιιιιςι,
1331 5368 1440 5419 sive
1471 5369 1712 5435 σχοινίον,

191 5466 275 5522 ιὀι
330 5467 529 5532 σχσιῐνος
558 5463 704 5528 juxta
760 5458 1033 5526 .‘Egyptins
1080 5467 1157 5508 cst
1207 5473 1451 5511 mensura
1486 5459 1711 5523 itineris,

427 5567 704 5638 Parnm.
754 5577 865 5633 (in.
920 5572 1190 5633 LXXIX.

1815 4311 1924 4370 κοῖς
1969 4309 2173 4378 ἑτέροις
2231 4310 2566 4378 προσώποις,
2593 4312 2744 4393 ⁴ὥστε
2793 4318 2961 4385 μηδὲν
2996 4320 3091 4388 τὴν
3127 4322 3351 4374 εὐωδίαν

1813 4397 1914 4466 τὴν
1939 4399 2041 4448 ἀπὸ
2069 4402 2164 4466 τῆς
2194 4399 2380 4462 Θυσίας
2406 4405 2504 4471 τῆς
2528 4403 2780 4472 λαμπρᾶς
2814 4411 2912 4476 τὴν
2945 4411 3159 4477 μνήμην
3187 4412 3347 4477 Περι-

1816 4484 2028 4552 erepta;
2080 4487 2422 4557 ἀνενεχθῆναι
2469 4492 2602 4558 πρὸς
2648 4493 2738 4545 τὸν
2791 4495 2942 4557 Θεὸν,
2989 4482 3212 4559 τὸμόσον
3261 4497 3346 4559 ἐπ’

1814 4571 1979 4640 αὐτῷ,
2015 4573 2146 4626 ἀλλὰ
2187 4577 2390 4645 φανερὰ
2438 4580 2469 4647 ἡ
2506 4578 2756 4645 πρόθεσις
2793 4582 2999 4648 ἐκείνης
3034 4583 3342 4653 ἀπδειχθη.

1815 4660 1866 4713 ld
1912 4672 2017 4715 est:
2079 4663 2328 4716 Cancrum
2370 4666 2672 4719 clarissinue
2728 4668 2988 4719 memoria:
3052 4668 3382 4728 Peristeriar'

1816 4754 2068 4817 negotium
2118 4754 2290 4806 nullus
2331 4755 2606 4820 ignoravit,
2661 4770 2833 4806 eorum
2885 4759 3109 4810 maxime
3133 4763 3220 4829 qui
3251 4763 3346 4814 Ita-

1816 4838 1978 4890 bitare
2022 4849 2304 4909 noscuntur
2356 4843 2408 4891 in
2452 4842 2548 4892 Itac
2601 4844 2740 4907 regia
2789 4844 2912 4896 urbe
2953 4845 3102 4899 Nova
3145 4848 3345 4914 Roma;

1816 4928 1905 4978 illa
1950 4927 2163 4993 namque
2214 4943 2306 4993 pro
2363 4930 2550 4981 anima:
2605 4947 2713 4982 sua?
2757 4935 2926 4987 salute
2985 4945 3342 4990 testamentum

1816 5018 2032 5067 condens
2074 5019 2228 5081 jussit
2275 5017 2488 5068 multam
2545 5024 2888 5087 quantitatem
2930 5025 3158 5092 pecuniis
3206 5023 3343 5093 praf-

1815 5106 1940 5156 slari
1966 5105 2312 5170 monasteriis,
2343 5124 2532 5160 necnon
2563 5113 2718 5163 etiam
2743 5113 3066 5164 xenodocltiis
3092 5115 3229 5176 (sire
3251 5116 3344 5168 Ito-

1815 5192 2024 5258 spitum)
2059 5202 2107 5243 et
2144 5194 2402 5260 parochiis
2433 5198 2641 5267 (potius
2673 5198 3020 5250 mendicorum
3052 5213 3343 5268 receptacu-

1814 5281 1878 5331 lis
1899 5288 1911 5339 l
1932 5289 1991 5331 et
2023 5281 2144 5331 aliis
2173 5287 2486 5350 pauperibus
2529 5286 2855 5353 Egyptians:
2885 5289 3178 5353 prorincitc,
3208 5293 3344 5357 quod

1817 5372 2022 5420 moleste
2082 5371 2244 5436 [nens
2311 5376 2440 5426 idem
2486 5366 2930 5427 reverendissimus
2970 5378 3045 5429 vir
3103 5379 3347 5448 (Diosco—

1798 5448 1931 5527 rus)
1968 5461 2342 5516 Alrxandrinus
2387 5462 2677 5533 episcopus,
2707 5467 2808 5518 sive
2835 5468 3160 5533 patriarcha,
3193 5472 3252 5522 ob
3292 5470 3344 5522 id

2851 5579 2922 5640 4'2
