  <div class='ocr_page' id='page_1' title='image "/cluster/home/n/w/nwhite01/storage/ocr_20150623/79/pst.000005712786/717.png"; bbox 0 0 4058 6350; ppageno 0'>
   <div class='ocr_carea' id='block_1_1' title="bbox 712 336 836 396">
    <p class='ocr_par' dir='ltr' id='par_1_1' title="bbox 712 336 836 396">
     <span class='ocr_line' id='line_1_1' title="bbox 712 336 836 396; baseline 0 -1"><span class='ocrx_word' id='word_1_1' title='bbox 712 336 836 396; x_wconf 68' lang='grc'><strong>1323</strong></span> 
     </span>
    </p>
   </div>
   <div class='ocr_carea' id='block_1_2' title="bbox 1608 331 2955 417">
    <p class='ocr_par' dir='ltr' id='par_1_2' title="bbox 1608 331 2955 417">
     <span class='ocr_line' id='line_1_2' title="bbox 1608 331 2955 417; baseline -0.002 -23"><span class='ocrx_word' id='word_1_2' title='bbox 1608 335 1749 394; x_wconf 75' lang='lat' dir='ltr'><strong>JOS.</strong></span> <span class='ocrx_word' id='word_1_3' title='bbox 1788 331 2043 404; x_wconf 70' lang='lat' dir='ltr'><strong>MABUE</strong></span> <span class='ocrx_word' id='word_1_4' title='bbox 2073 332 2429 391; x_wconf 78' lang='lat' dir='ltr'><strong>SUARESII</strong></span> <span class='ocrx_word' id='word_1_5' title='bbox 2472 336 2955 417; x_wconf 70' lang='lat' dir='ltr'><strong>DlSSEll’I‘ATlU</strong></span> 
     </span>
    </p>
   </div>
   <div class='ocr_carea' id='block_1_3' title="bbox 3732 331 3871 395">
    <p class='ocr_par' dir='ltr' id='par_1_3' title="bbox 3732 331 3871 395">
     <span class='ocr_line' id='line_1_3' title="bbox 3732 331 3871 395; baseline -0.007 -1"><span class='ocrx_word' id='word_1_6' title='bbox 3732 331 3871 395; x_wconf 71' lang='lat'><strong>1324</strong></span> 
     </span>
    </p>
   </div>
   <div class='ocr_carea' id='block_1_4' title="bbox 694 437 3872 517">
    <p class='ocr_par' dir='ltr' id='par_1_4' title="bbox 694 437 3872 517">
     <span class='ocr_line' id='line_1_4' title="bbox 694 437 3872 517; baseline -0.001 -26"><span class='ocrx_word' id='word_1_7' title='bbox 694 443 828 508; x_wconf 82' lang='lat' dir='ltr'><strong>quod</strong></span> <span class='ocrx_word' id='word_1_8' title='bbox 865 444 915 517; x_wconf 77' lang='lat' dir='ltr'><strong>in</strong></span> <span class='ocrx_word' id='word_1_9' title='bbox 950 456 1163 508; x_wconf 81' lang='lat' dir='ltr'><strong>persona</strong></span> <span class='ocrx_word' id='word_1_10' title='bbox 1191 441 1301 507; x_wconf 81' lang='lat' dir='ltr'><strong>eius</strong></span> <span class='ocrx_word' id='word_1_11' title='bbox 1341 441 1445 493; x_wconf 76' lang='lat' dir='ltr'><strong>[nec</strong></span> <span class='ocrx_word' id='word_1_12' title='bbox 1486 441 1691 494; x_wconf 75' lang='lat' dir='ltr'><strong>minime</strong></span> <span class='ocrx_word' id='word_1_13' title='bbox 1726 450 1843 493; x_wconf 64' lang='lat' dir='ltr'><strong>sunt</strong></span> <span class='ocrx_word' id='word_1_14' title='bbox 1870 441 2105 501; x_wconf 77' lang='lat' dir='ltr'><strong>dimissa,</strong></span> <span class='ocrx_word' id='word_1_15' title='bbox 2153 439 2227 504; x_wconf 82' lang='lat' dir='ltr'><strong>fe-</strong></span> <span class='ocrx_word' id='word_1_16' title='bbox 2256 447 2296 500; x_wconf 83' lang='grc' dir='ltr'>Α</span> <span class='ocrx_word' id='word_1_17' title='bbox 2326 456 2430 507; x_wconf 83' lang='lat' dir='ltr'><strong>que</strong></span> <span class='ocrx_word' id='word_1_18' title='bbox 2474 442 2552 494; x_wconf 88' lang='lat' dir='ltr'><strong>vel</strong></span> <span class='ocrx_word' id='word_1_19' title='bbox 2595 458 2653 516; x_wconf 75' lang='lat' dir='ltr'><strong>se</strong></span> <span class='ocrx_word' id='word_1_20' title='bbox 2687 440 3048 508; x_wconf 85' lang='lat' dir='ltr'><strong>recipiebant,</strong></span> <span class='ocrx_word' id='word_1_21' title='bbox 3089 439 3167 492; x_wconf 81' lang='lat' dir='ltr'><strong>vel</strong></span> <span class='ocrx_word' id='word_1_22' title='bbox 3205 437 3613 492; x_wconf 82' lang='lat' dir='ltr'><strong>retrudebantur</strong></span> <span class='ocrx_word' id='word_1_23' title='bbox 3663 440 3872 507; x_wconf 76' lang='lat' dir='ltr'><strong>publici</strong></span> 
     </span>
    </p>
   </div>
   <div class='ocr_carea' id='block_1_5' title="bbox 694 529 2222 599">
    <p class='ocr_par' dir='ltr' id='par_1_5' title="bbox 694 529 2222 599">
     <span class='ocr_line' id='line_1_5' title="bbox 694 529 2222 599; baseline -0.001 -17"><span class='ocrx_word' id='word_1_24' title='bbox 694 532 761 582; x_wconf 81' lang='lat' dir='ltr'><strong>cit</strong></span> <span class='ocrx_word' id='word_1_25' title='bbox 794 532 994 583; x_wconf 82' lang='lat' dir='ltr'><strong>easdem</strong></span> <span class='ocrx_word' id='word_1_26' title='bbox 1029 532 1270 597; x_wconf 79' lang='lat' dir='ltr'><strong>pecunias</strong></span> <span class='ocrx_word' id='word_1_27' title='bbox 1304 547 1395 597; x_wconf 86' lang='lat' dir='ltr'><strong>pro</strong></span> <span class='ocrx_word' id='word_1_28' title='bbox 1423 530 1742 599; x_wconf 84' lang='lat' dir='ltr'><strong>eleemosyna</strong></span> <span class='ocrx_word' id='word_1_29' title='bbox 1768 531 1972 593; x_wconf 75' lang='lat' dir='ltr'><strong>scortis,</strong></span> <span class='ocrx_word' id='word_1_30' title='bbox 1999 547 2087 582; x_wconf 79' lang='lat' dir='ltr'><strong>seu</strong></span> <span class='ocrx_word' id='word_1_31' title='bbox 2113 529 2222 581; x_wconf 73' lang='lat' dir='ltr'><strong>sal-</strong></span> 
     </span>
    </p>
   </div>
   <div class='ocr_carea' id='block_1_6' title="bbox 696 618 2218 686">
    <p class='ocr_par' dir='ltr' id='par_1_6' title="bbox 696 618 2218 686">
     <span class='ocr_line' id='line_1_6' title="bbox 696 618 2218 686; baseline 0.001 -18"><span class='ocrx_word' id='word_1_32' title='bbox 696 619 991 681; x_wconf 84' lang='lat' dir='ltr'><strong>tatricibus,</strong></span> <span class='ocrx_word' id='word_1_33' title='bbox 1026 630 1072 671; x_wconf 85' lang='lat' dir='ltr'><strong>et</strong></span> <span class='ocrx_word' id='word_1_34' title='bbox 1105 618 1225 671; x_wconf 83' lang='lat' dir='ltr'><strong>aliis</strong></span> <span class='ocrx_word' id='word_1_35' title='bbox 1259 620 1528 671; x_wconf 82' lang='lat' dir='ltr'><strong>tltealricis</strong></span> <span class='ocrx_word' id='word_1_36' title='bbox 1559 619 1830 686; x_wconf 83' lang='lat' dir='ltr'><strong>dispartiri</strong></span> <span class='ocrx_word' id='word_1_37' title='bbox 1861 620 2130 686; x_wconf 75' lang='lat' dir='ltr'><strong>personis;</strong></span> <span class='ocrx_word' id='word_1_38' title='bbox 2165 627 2218 669; x_wconf 85' lang='lat' dir='ltr'><strong>ut</strong></span> 
     </span>
    </p>
   </div>
   <div class='ocr_carea' id='block_1_7' title="bbox 693 701 2220 775">
    <p class='ocr_par' dir='ltr' id='par_1_7' title="bbox 693 701 2220 775">
     <span class='ocr_line' id='line_1_7' title="bbox 693 701 2220 775; baseline -0.001 -17"><span class='ocrx_word' id='word_1_39' title='bbox 693 707 853 775; x_wconf 80' lang='lat'><strong>597.</strong></span> <span class='ocrx_word' id='word_1_40' title='bbox 895 723 1051 775; x_wconf 73' lang='lat' dir='ltr'><strong>neque</strong></span> <span class='ocrx_word' id='word_1_41' title='bbox 1095 706 1269 760; x_wconf 79' lang='lat' dir='ltr'><strong>odoris</strong></span> <span class='ocrx_word' id='word_1_42' title='bbox 1327 707 1619 774; x_wconf 76' lang='lat' dir='ltr'><strong>fragrantia</strong></span> <span class='ocrx_word' id='word_1_43' title='bbox 1670 708 1789 774; x_wconf 81' lang='lat' dir='ltr'><strong>fusa</strong></span> <span class='ocrx_word' id='word_1_44' title='bbox 1833 720 1896 773; x_wconf 71' lang='lat' dir='ltr'><strong>ea:</strong></span> <span class='ocrx_word' id='word_1_45' title='bbox 1960 701 2220 759; x_wconf 72' lang='lat' dir='ltr'><strong>oblatione</strong></span> 
     </span>
    </p>
   </div>
   <div class='ocr_carea' id='block_1_8' title="bbox 691 795 2219 865">
    <p class='ocr_par' dir='ltr' id='par_1_8' title="bbox 691 795 2219 865">
     <span class='ocr_line' id='line_1_8' title="bbox 691 795 2219 865; baseline 0.001 -20"><span class='ocrx_word' id='word_1_46' title='bbox 691 796 829 847; x_wconf 80' lang='lat' dir='ltr'><strong>illius</strong></span> <span class='ocrx_word' id='word_1_47' title='bbox 868 796 1172 848; x_wconf 77' lang='lat' dir='ltr'><strong>clarissima:</strong></span> <span class='ocrx_word' id='word_1_48' title='bbox 1202 798 1457 847; x_wconf 74' lang='lat' dir='ltr'><strong>memoria:</strong></span> <span class='ocrx_word' id='word_1_49' title='bbox 1484 795 1781 849; x_wconf 79' lang='lat' dir='ltr'><strong>Peristeria:</strong></span> <span class='ocrx_word' id='word_1_50' title='bbox 1827 802 2108 865; x_wconf 83' lang='lat' dir='ltr'><strong>(quantum</strong></span> <span class='ocrx_word' id='word_1_51' title='bbox 2153 797 2219 847; x_wconf 83' lang='lat' dir='ltr'><strong>ad</strong></span> 
     </span>
    </p>
   </div>
   <div class='ocr_carea' id='block_1_9' title="bbox 688 882 2220 952">
    <p class='ocr_par' dir='ltr' id='par_1_9' title="bbox 688 882 2220 952">
     <span class='ocr_line' id='line_1_9' title="bbox 688 882 2220 952; baseline 0.001 -20"><span class='ocrx_word' id='word_1_52' title='bbox 688 898 801 933; x_wconf 80' lang='lat' dir='ltr'><strong>eum</strong></span> <span class='ocrx_word' id='word_1_53' title='bbox 830 882 1109 949; x_wconf 84' lang='lat' dir='ltr'><strong>pertinuit)</strong></span> <span class='ocrx_word' id='word_1_54' title='bbox 1151 883 1307 948; x_wconf 78' lang='lat' dir='ltr'><strong>fuerit</strong></span> <span class='ocrx_word' id='word_1_55' title='bbox 1344 884 1518 935; x_wconf 84' lang='lat' dir='ltr'><strong>oblata</strong></span> <span class='ocrx_word' id='word_1_56' title='bbox 1557 882 1702 947; x_wconf 86' lang='lat' dir='ltr'><strong>Deo;</strong></span> <span class='ocrx_word' id='word_1_57' title='bbox 1732 882 1819 935; x_wconf 82' lang='lat' dir='ltr'><strong>sed</strong></span> <span class='ocrx_word' id='word_1_58' title='bbox 1848 885 1989 936; x_wconf 76' lang='lat' dir='ltr'><strong>illius</strong></span> <span class='ocrx_word' id='word_1_59' title='bbox 2016 884 2220 952; x_wconf 77' lang='lat' dir='ltr'><strong>quidem</strong></span> 
     </span>
    </p>
   </div>
   <div class='ocr_carea' id='block_1_10' title="bbox 690 970 2219 1038">
    <p class='ocr_par' dir='ltr' id='par_1_10' title="bbox 690 970 2219 1038">
     <span class='ocr_line' id='line_1_10' title="bbox 690 970 2219 1038; baseline 0.001 -15"><span class='ocrx_word' id='word_1_60' title='bbox 690 973 1017 1038; x_wconf 76' lang='lat' dir='ltr'><strong>manifestum</strong></span> <span class='ocrx_word' id='word_1_61' title='bbox 1069 974 1387 1037; x_wconf 81' lang='lat' dir='ltr'><strong>propositum</strong></span> <span class='ocrx_word' id='word_1_62' title='bbox 1443 972 1853 1023; x_wconf 78' lang='lat' dir='ltr'><strong>demonstratum</strong></span> <span class='ocrx_word' id='word_1_63' title='bbox 1905 979 2000 1023; x_wconf 77' lang='lat' dir='ltr'><strong>est.</strong></span> <span class='ocrx_word' id='word_1_64' title='bbox 2052 970 2219 1034; x_wconf 82' lang='lat' dir='ltr'><strong>Quem</strong></span> 
     </span>
    </p>
   </div>
   <div class='ocr_carea' id='block_1_11' title="bbox 652 1060 2220 1114">
    <p class='ocr_par' dir='ltr' id='par_1_11' title="bbox 652 1060 2220 1114">
     <span class='ocr_line' id='line_1_11' title="bbox 652 1060 2220 1114; baseline 0.001 -2"><span class='ocrx_word' id='word_1_65' title='bbox 652 1100 655 1103; x_wconf 57' lang='grc' dir='ltr'><strong>ρ</strong></span> <span class='ocrx_word' id='word_1_66' title='bbox 685 1062 862 1114; x_wconf 88' lang='lat' dir='ltr'><strong>locum</strong></span> <span class='ocrx_word' id='word_1_67' title='bbox 895 1075 1065 1114; x_wconf 82' lang='lat' dir='ltr'><strong>meam</strong></span> <span class='ocrx_word' id='word_1_68' title='bbox 1097 1060 1147 1112; x_wconf 92' lang='lat' dir='ltr'><strong>in</strong></span> <span class='ocrx_word' id='word_1_69' title='bbox 1191 1060 1500 1112; x_wconf 83' lang='lat' dir='ltr'><strong>memoriam</strong></span> <span class='ocrx_word' id='word_1_70' title='bbox 1569 1061 1836 1113; x_wconf 71' lang='lat' dir='ltr'><strong>revocavit</strong></span> <span class='ocrx_word' id='word_1_71' title='bbox 1878 1060 2220 1113; x_wconf 85' lang='lat' dir='ltr'><strong>doctissimus</strong></span> 
     </span>
    </p>
   </div>
   <div class='ocr_carea' id='block_1_12' title="bbox 686 1148 2220 1218">
    <p class='ocr_par' dir='ltr' id='par_1_12' title="bbox 686 1148 2220 1218">
     <span class='ocr_line' id='line_1_12' title="bbox 686 1148 2220 1218; baseline 0.001 -17"><span class='ocrx_word' id='word_1_72' title='bbox 686 1159 738 1202; x_wconf 78' lang='lat' dir='ltr'><strong>et</strong></span> <span class='ocrx_word' id='word_1_73' title='bbox 786 1150 1257 1203; x_wconf 88' lang='lat' dir='ltr'><strong>reverendissimus</strong></span> <span class='ocrx_word' id='word_1_74' title='bbox 1287 1149 1443 1203; x_wconf 88' lang='lat' dir='ltr'><strong>Pater</strong></span> <span class='ocrx_word' id='word_1_75' title='bbox 1492 1148 1823 1218; x_wconf 75' lang='lat' dir='ltr'><strong>Hyacinthus</strong></span> <span class='ocrx_word' id='word_1_76' title='bbox 1867 1148 2100 1203; x_wconf 85' lang='lat' dir='ltr'><strong>Libellus</strong></span> <span class='ocrx_word' id='word_1_77' title='bbox 2132 1164 2220 1203; x_wconf 90' lang='lat' dir='ltr'><strong>or-</strong></span> 
     </span>
    </p>
   </div>
   <div class='ocr_carea' id='block_1_13' title="bbox 685 1235 2217 1305">
    <p class='ocr_par' dir='ltr' id='par_1_13' title="bbox 685 1235 2217 1305">
     <span class='ocr_line' id='line_1_13' title="bbox 685 1235 2217 1305; baseline 0.001 -17"><span class='ocrx_word' id='word_1_78' title='bbox 685 1238 828 1290; x_wconf 87' lang='lat' dir='ltr'><strong>dinis</strong></span> <span class='ocrx_word' id='word_1_79' title='bbox 864 1236 1032 1290; x_wconf 81' lang='lat' dir='ltr'><strong>sancti</strong></span> <span class='ocrx_word' id='word_1_80' title='bbox 1078 1235 1359 1299; x_wconf 89' lang='lat' dir='ltr'><strong>Dominici,</strong></span> <span class='ocrx_word' id='word_1_81' title='bbox 1396 1238 1649 1305; x_wconf 76' lang='lat' dir='ltr'><strong>magister</strong></span> <span class='ocrx_word' id='word_1_82' title='bbox 1681 1238 1818 1291; x_wconf 87' lang='lat' dir='ltr'><strong>sacri</strong></span> <span class='ocrx_word' id='word_1_83' title='bbox 1855 1237 2057 1305; x_wconf 84' lang='lat' dir='ltr'><strong>palatii,</strong></span> <span class='ocrx_word' id='word_1_84' title='bbox 2103 1252 2217 1290; x_wconf 89' lang='lat' dir='ltr'><strong>me-</strong></span> 
     </span>
    </p>
   </div>
   <div class='ocr_carea' id='block_1_14' title="bbox 688 1326 2215 1393">
    <p class='ocr_par' dir='ltr' id='par_1_14' title="bbox 688 1326 2215 1393">
     <span class='ocr_line' id='line_1_14' title="bbox 688 1326 2215 1393; baseline 0.001 -18"><span class='ocrx_word' id='word_1_85' title='bbox 688 1326 789 1377; x_wconf 90' lang='lat' dir='ltr'><strong>rito</strong></span> <span class='ocrx_word' id='word_1_86' title='bbox 816 1326 1142 1392; x_wconf 74' lang='lat' dir='ltr'><strong>ingeniorum</strong></span> <span class='ocrx_word' id='word_1_87' title='bbox 1188 1328 1425 1377; x_wconf 88' lang='lat' dir='ltr'><strong>omnium</strong></span> <span class='ocrx_word' id='word_1_88' title='bbox 1486 1326 1808 1393; x_wconf 84' lang='lat' dir='ltr'><strong>censor,qui</strong></span> <span class='ocrx_word' id='word_1_89' title='bbox 1861 1326 2215 1391; x_wconf 80' lang='grc' dir='ltr'><strong>ὲγκυκλοπαι-</strong></span> 
     </span>
    </p>
   </div>
   <div class='ocr_carea' id='block_1_15' title="bbox 684 1412 2217 1476">
    <p class='ocr_par' dir='ltr' id='par_1_15' title="bbox 684 1412 2217 1476">
     <span class='ocr_line' id='line_1_15' title="bbox 684 1412 2217 1476; baseline 0.003 -14"><span class='ocrx_word' id='word_1_90' title='bbox 684 1412 847 1475; x_wconf 83' lang='grc' dir='ltr'><strong>δείαν,</strong></span> <span class='ocrx_word' id='word_1_91' title='bbox 882 1412 933 1463; x_wconf 78' lang='lat' dir='ltr'><strong>id</strong></span> <span class='ocrx_word' id='word_1_92' title='bbox 967 1422 1046 1465; x_wconf 90' lang='lat' dir='ltr'><strong>est</strong></span> <span class='ocrx_word' id='word_1_93' title='bbox 1075 1412 1420 1465; x_wconf 88' lang='lat' dir='ltr'><strong>scientiarum</strong></span> <span class='ocrx_word' id='word_1_94' title='bbox 1460 1413 1663 1476; x_wconf 90' lang='lat' dir='ltr'><strong>orbem,</strong></span> <span class='ocrx_word' id='word_1_95' title='bbox 1705 1422 1847 1465; x_wconf 88' lang='lat' dir='ltr'><strong>tanta</strong></span> <span class='ocrx_word' id='word_1_96' title='bbox 1900 1428 2021 1467; x_wconf 92' lang='lat' dir='ltr'><strong>cum</strong></span> <span class='ocrx_word' id='word_1_97' title='bbox 2062 1414 2217 1468; x_wconf 83' lang='lat' dir='ltr'><strong>laude</strong></span> 
     </span>
    </p>
   </div>
   <div class='ocr_carea' id='block_1_16' title="bbox 685 1501 2217 1569">
    <p class='ocr_par' dir='ltr' id='par_1_16' title="bbox 685 1501 2217 1569">
     <span class='ocr_line' id='line_1_16' title="bbox 685 1501 2217 1569; baseline 0.001 -16"><span class='ocrx_word' id='word_1_98' title='bbox 685 1501 928 1564; x_wconf 90' lang='lat' dir='ltr'><strong>confecit,</strong></span> <span class='ocrx_word' id='word_1_99' title='bbox 970 1516 1066 1553; x_wconf 91' lang='lat' dir='ltr'><strong>nec</strong></span> <span class='ocrx_word' id='word_1_100' title='bbox 1094 1502 1302 1569; x_wconf 89' lang='lat' dir='ltr'><strong>pictatis</strong></span> <span class='ocrx_word' id='word_1_101' title='bbox 1338 1502 1514 1555; x_wconf 89' lang='lat' dir='ltr'><strong>minus</strong></span> <span class='ocrx_word' id='word_1_102' title='bbox 1559 1517 1705 1569; x_wconf 58' lang='lat' dir='ltr'><strong>ergo,</strong></span> <span class='ocrx_word' id='word_1_103' title='bbox 1752 1516 1912 1569; x_wconf 85' lang='lat' dir='ltr'><strong>quam</strong></span> <span class='ocrx_word' id='word_1_104' title='bbox 1960 1502 2217 1555; x_wconf 66' lang='lat' dir='ltr'><strong>doctrinas</strong></span> 
     </span>
    </p>
   </div>
   <div class='ocr_carea' id='block_1_17' title="bbox 684 1590 2212 1657">
    <p class='ocr_par' dir='ltr' id='par_1_17' title="bbox 684 1590 2212 1657">
     <span class='ocr_line' id='line_1_17' title="bbox 684 1590 2212 1657; baseline 0.001 -15"><span class='ocrx_word' id='word_1_105' title='bbox 684 1592 881 1657; x_wconf 82' lang='lat' dir='ltr'><strong>passim</strong></span> <span class='ocrx_word' id='word_1_106' title='bbox 928 1591 1241 1643; x_wconf 88' lang='lat' dir='ltr'><strong>celebratur.</strong></span> <span class='ocrx_word' id='word_1_107' title='bbox 1287 1590 1413 1643; x_wconf 90' lang='lat' dir='ltr'><strong>Jure</strong></span> <span class='ocrx_word' id='word_1_108' title='bbox 1447 1600 1624 1643; x_wconf 87' lang='lat' dir='ltr'><strong>autem</strong></span> <span class='ocrx_word' id='word_1_109' title='bbox 1671 1590 1965 1644; x_wconf 76' lang='lat' dir='ltr'><strong>Peristerise</strong></span> <span class='ocrx_word' id='word_1_110' title='bbox 2002 1592 2212 1645; x_wconf 89' lang='lat' dir='ltr'><strong>titulum</strong></span> 
     </span>
    </p>
   </div>
   <div class='ocr_carea' id='block_1_18' title="bbox 682 1675 2211 1739">
    <p class='ocr_par' dir='ltr' id='par_1_18' title="bbox 682 1675 2211 1739">
     <span class='ocr_line' id='line_1_18' title="bbox 682 1675 2211 1739; baseline -0.002 -11"><span class='ocrx_word' id='word_1_111' title='bbox 682 1677 863 1729; x_wconf 88' lang='lat' dir='ltr'><strong>censui</strong></span> <span class='ocrx_word' id='word_1_112' title='bbox 908 1675 1300 1729; x_wconf 87' lang='lat' dir='ltr'><strong>attribuendum</strong></span> <span class='ocrx_word' id='word_1_113' title='bbox 1362 1676 1447 1728; x_wconf 77' lang='lat' dir='ltr'><strong>isti</strong></span> <span class='ocrx_word' id='word_1_114' title='bbox 1497 1676 1781 1739; x_wconf 87' lang='lat' dir='ltr'><strong>tractatui;</strong></span> <span class='ocrx_word' id='word_1_115' title='bbox 1834 1675 2031 1727; x_wconf 88' lang='lat' dir='ltr'><strong>etenim</strong></span> <span class='ocrx_word' id='word_1_116' title='bbox 2090 1689 2211 1726; x_wconf 89' lang='lat' dir='ltr'><strong>cum</strong></span> 
     </span>
    </p>
   </div>
   <div class='ocr_carea' id='block_1_19' title="bbox 2322 526 3871 595">
    <p class='ocr_par' dir='ltr' id='par_1_19' title="bbox 2322 526 3871 595">
     <span class='ocr_line' id='line_1_19' title="bbox 2322 526 3871 595; baseline 0 -15"><span class='ocrx_word' id='word_1_117' title='bbox 2322 539 2654 595; x_wconf 85' lang='lat' dir='ltr'><strong>peccatores,</strong></span> <span class='ocrx_word' id='word_1_118' title='bbox 2702 538 2757 582; x_wconf 88' lang='lat' dir='ltr'><strong>ut</strong></span> <span class='ocrx_word' id='word_1_119' title='bbox 2793 526 3055 582; x_wconf 76' lang='lat' dir='ltr'><strong>eJoanne</strong></span> <span class='ocrx_word' id='word_1_120' title='bbox 3103 527 3354 591; x_wconf 83' lang='lat' dir='ltr'><strong>Climace,</strong></span> <span class='ocrx_word' id='word_1_121' title='bbox 3407 537 3564 595; x_wconf 87' lang='lat' dir='ltr'><strong>atque</strong></span> <span class='ocrx_word' id='word_1_122' title='bbox 3612 529 3871 580; x_wconf 69' lang='lat' dir='ltr'><strong>collatore</strong></span> 
     </span>
    </p>
   </div>
   <div class='ocr_carea' id='block_1_20' title="bbox 2321 617 3867 686">
    <p class='ocr_par' dir='ltr' id='par_1_20' title="bbox 2321 617 3867 686">
     <span class='ocr_line' id='line_1_20' title="bbox 2321 617 3867 686; baseline -0.002 -14"><span class='ocrx_word' id='word_1_123' title='bbox 2321 618 2579 672; x_wconf 82' lang='lat' dir='ltr'><strong>Cassiano</strong></span> <span class='ocrx_word' id='word_1_124' title='bbox 2612 619 2806 686; x_wconf 83' lang='lat' dir='ltr'><strong>liquet;</strong></span> <span class='ocrx_word' id='word_1_125' title='bbox 2854 617 3235 671; x_wconf 75' lang='lat' dir='ltr'><strong>monachorum</strong></span> <span class='ocrx_word' id='word_1_126' title='bbox 3281 617 3574 685; x_wconf 86' lang='lat' dir='ltr'><strong>(inquam)</strong></span> <span class='ocrx_word' id='word_1_127' title='bbox 3623 619 3867 671; x_wconf 71' lang='lat' dir='ltr'><strong>emnohi-</strong></span> 
     </span>
    </p>
   </div>
   <div class='ocr_carea' id='block_1_21' title="bbox 2322 705 3876 775">
    <p class='ocr_par' dir='ltr' id='par_1_21' title="bbox 2322 705 3876 775">
     <span class='ocr_line' id='line_1_21' title="bbox 2322 705 3876 775; baseline -0.001 -17"><span class='ocrx_word' id='word_1_128' title='bbox 2322 716 2494 759; x_wconf 89' lang='lat' dir='ltr'><strong>tarum</strong></span> <span class='ocrx_word' id='word_1_129' title='bbox 2540 712 2651 760; x_wconf 78' lang='lat' dir='ltr'><strong>sive</strong></span> <span class='ocrx_word' id='word_1_130' title='bbox 2698 706 3087 775; x_wconf 88' lang='lat' dir='ltr'><strong>synoditarum,</strong></span> <span class='ocrx_word' id='word_1_131' title='bbox 3135 706 3227 772; x_wconf 89' lang='lat' dir='ltr'><strong>qui</strong></span> <span class='ocrx_word' id='word_1_132' title='bbox 3261 705 3417 758; x_wconf 87' lang='lat' dir='ltr'><strong>simul</strong></span> <span class='ocrx_word' id='word_1_133' title='bbox 3450 706 3781 769; x_wconf 68' lang='lat' dir='ltr'><strong>victitabant,</strong></span> <span class='ocrx_word' id='word_1_134' title='bbox 3810 713 3876 757; x_wconf 84' lang='lat' dir='ltr'><strong>et</strong></span> 
     </span>
    </p>
   </div>
   <div class='ocr_carea' id='block_1_22' title="bbox 2320 792 3870 863">
    <p class='ocr_par' dir='ltr' id='par_1_22' title="bbox 2320 792 3870 863">
     <span class='ocr_line' id='line_1_22' title="bbox 2320 792 3870 863; baseline 0 -16"><span class='ocrx_word' id='word_1_135' title='bbox 2320 795 2373 863; x_wconf 84' lang='lat' dir='ltr'><strong>in</strong></span> <span class='ocrx_word' id='word_1_136' title='bbox 2403 810 2685 849; x_wconf 86' lang='lat' dir='ltr'><strong>commune</strong></span> <span class='ocrx_word' id='word_1_137' title='bbox 2731 810 2825 849; x_wconf 89' lang='lat' dir='ltr'><strong>sua</strong></span> <span class='ocrx_word' id='word_1_138' title='bbox 2856 795 3036 848; x_wconf 84' lang='lat' dir='ltr'><strong>omnia</strong></span> <span class='ocrx_word' id='word_1_139' title='bbox 3079 792 3394 847; x_wconf 79' lang='lat' dir='ltr'><strong>referebant.</strong></span> <span class='ocrx_word' id='word_1_140' title='bbox 3434 794 3564 847; x_wconf 81' lang='lat' dir='ltr'><strong>Nam</strong></span> <span class='ocrx_word' id='word_1_141' title='bbox 3606 805 3870 861; x_wconf 57' lang='lat' dir='ltr'><strong>pra‘tetca</strong></span> 
     </span>
    </p>
   </div>
   <div class='ocr_carea' id='block_1_23' title="bbox 2319 880 3869 949">
    <p class='ocr_par' dir='ltr' id='par_1_23' title="bbox 2319 880 3869 949">
     <span class='ocr_line' id='line_1_23' title="bbox 2319 880 3869 949; baseline -0.001 -15"><span class='ocrx_word' id='word_1_142' title='bbox 2319 882 2550 935; x_wconf 70' lang='lat' dir='ltr'><strong>eremitaa</strong></span> <span class='ocrx_word' id='word_1_143' title='bbox 2577 880 2740 947; x_wconf 88' lang='lat' dir='ltr'><strong>fuere,</strong></span> <span class='ocrx_word' id='word_1_144' title='bbox 2772 882 2861 949; x_wconf 90' lang='lat' dir='ltr'><strong>qui</strong></span> <span class='ocrx_word' id='word_1_145' title='bbox 2889 881 3113 936; x_wconf 88' lang='lat' dir='ltr'><strong>desertis</strong></span> <span class='ocrx_word' id='word_1_146' title='bbox 3142 880 3304 949; x_wconf 75' lang='lat'><strong>598</strong></span> <span class='ocrx_word' id='word_1_147' title='bbox 3330 881 3381 933; x_wconf 92' lang='lat' dir='ltr'><strong>in</strong></span> <span class='ocrx_word' id='word_1_148' title='bbox 3406 882 3536 935; x_wconf 88' lang='lat' dir='ltr'><strong>locis</strong></span> <span class='ocrx_word' id='word_1_149' title='bbox 3564 883 3829 949; x_wconf 69' lang='lat' dir='ltr'><strong>degebant</strong></span> <span class='ocrx_word' id='word_1_150' title='bbox 3854 906 3869 943; x_wconf 85' lang='lat'><strong>;</strong></span> 
     </span>
    </p>
   </div>
   <div class='ocr_carea' id='block_1_24' title="bbox 2318 971 3869 1040">
    <p class='ocr_par' dir='ltr' id='par_1_24' title="bbox 2318 971 3869 1040">
     <span class='ocr_line' id='line_1_24' title="bbox 2318 971 3869 1040; baseline -0.001 -17"><span class='ocrx_word' id='word_1_151' title='bbox 2318 978 2371 1023; x_wconf 90' lang='lat' dir='ltr'><strong>et</strong></span> <span class='ocrx_word' id='word_1_152' title='bbox 2396 971 2745 1034; x_wconf 61' lang='lat' dir='ltr'><strong>anachoreta,</strong></span> <span class='ocrx_word' id='word_1_153' title='bbox 2781 973 2873 1040; x_wconf 89' lang='lat' dir='ltr'><strong>qui</strong></span> <span class='ocrx_word' id='word_1_154' title='bbox 2937 981 3267 1024; x_wconf 79' lang='lat' dir='ltr'><strong>recesserant</strong></span> <span class='ocrx_word' id='word_1_155' title='bbox 3313 972 3364 1023; x_wconf 90' lang='lat' dir='ltr'><strong>in</strong></span> <span class='ocrx_word' id='word_1_156' title='bbox 3408 982 3573 1032; x_wconf 87' lang='lat' dir='ltr'><strong>vasta,</strong></span> <span class='ocrx_word' id='word_1_157' title='bbox 3607 980 3661 1024; x_wconf 89' lang='lat' dir='ltr'><strong>et</strong></span> <span class='ocrx_word' id='word_1_158' title='bbox 3696 973 3869 1033; x_wconf 84' lang='lat' dir='ltr'><strong>imia,</strong></span> 
     </span>
    </p>
   </div>
   <div class='ocr_carea' id='block_1_25' title="bbox 2317 1058 3871 1132">
    <p class='ocr_par' dir='ltr' id='par_1_25' title="bbox 2317 1058 3871 1132">
     <span class='ocr_line' id='line_1_25' title="bbox 2317 1058 3871 1132; baseline 0.001 -23"><span class='ocrx_word' id='word_1_159' title='bbox 2317 1063 2709 1127; x_wconf 87' lang='lat' dir='ltr'><strong>remotioraque</strong></span> <span class='ocrx_word' id='word_1_160' title='bbox 2750 1069 2974 1114; x_wconf 80' lang='lat' dir='ltr'><strong>secreta.</strong></span> <span class='ocrx_word' id='word_1_161' title='bbox 3020 1058 3280 1127; x_wconf 78' lang='grc' dir='ltr'><strong>Σιλϐιανῷ</strong></span> <span class='ocrx_word' id='word_1_162' title='bbox 3314 1058 3625 1132; x_wconf 75' lang='grc' dir='ltr'><strong>κοινοϐιὼτῃ</strong></span> <span class='ocrx_word' id='word_1_163' title='bbox 3676 1062 3871 1113; x_wconf 53' lang='lat' dir='ltr'><strong>scribit</strong></span> 
     </span>
    </p>
   </div>
   <div class='ocr_carea' id='block_1_26' title="bbox 2318 1144 3866 1215">
    <p class='ocr_par' dir='ltr' id='par_1_26' title="bbox 2318 1144 3866 1215">
     <span class='ocr_line' id='line_1_26' title="bbox 2318 1144 3866 1215; baseline 0.003 -18"><span class='ocrx_word' id='word_1_164' title='bbox 2318 1144 2501 1209; x_wconf 87' lang='lat' dir='ltr'><strong>Nilus,</strong></span> <span class='ocrx_word' id='word_1_165' title='bbox 2541 1149 2698 1215; x_wconf 89' lang='lat' dir='ltr'><strong>epist.</strong></span> <span class='ocrx_word' id='word_1_166' title='bbox 2733 1148 2855 1211; x_wconf 73' lang='lat'><strong>507,</strong></span> <span class='ocrx_word' id='word_1_167' title='bbox 2893 1147 3054 1199; x_wconf 79' lang='lat' dir='ltr'><strong>lil).l.</strong></span> <span class='ocrx_word' id='word_1_168' title='bbox 3090 1148 3127 1199; x_wconf 84' lang='grc' dir='ltr'>Ε</span> <span class='ocrx_word' id='word_1_169' title='bbox 3154 1150 3436 1203; x_wconf 76' lang='lat' dir='ltr'><strong>coenobitis</strong></span> <span class='ocrx_word' id='word_1_170' title='bbox 3471 1151 3704 1203; x_wconf 74' lang='lat' dir='ltr'><strong>ercmitze</strong></span> <span class='ocrx_word' id='word_1_171' title='bbox 3735 1167 3866 1211; x_wconf 81' lang='lat' dir='ltr'><strong>pro-</strong></span> 
     </span>
    </p>
   </div>
   <div class='ocr_carea' id='block_1_27' title="bbox 2318 1229 3865 1303">
    <p class='ocr_par' dir='ltr' id='par_1_27' title="bbox 2318 1229 3865 1303">
     <span class='ocr_line' id='line_1_27' title="bbox 2318 1229 3865 1303; baseline 0.003 -20"><span class='ocrx_word' id='word_1_172' title='bbox 2318 1232 2518 1295; x_wconf 89' lang='lat' dir='ltr'><strong>dibant,</strong></span> <span class='ocrx_word' id='word_1_173' title='bbox 2565 1229 2729 1300; x_wconf 74' lang='lat' dir='ltr'><strong>atque</strong></span> <span class='ocrx_word' id='word_1_174' title='bbox 2773 1235 3139 1296; x_wconf 69' lang='lat' dir='ltr'><strong>anachoretze,</strong></span> <span class='ocrx_word' id='word_1_175' title='bbox 3193 1238 3267 1287; x_wconf 90' lang='lat' dir='ltr'><strong>uti</strong></span> <span class='ocrx_word' id='word_1_176' title='bbox 3312 1236 3487 1303; x_wconf 82' lang='lat' dir='ltr'><strong>prodit</strong></span> <span class='ocrx_word' id='word_1_177' title='bbox 3530 1235 3865 1294; x_wconf 84' lang='lat' dir='ltr'><strong>Cassianus.</strong></span> 
     </span>
    </p>
   </div>
   <div class='ocr_carea' id='block_1_28' title="bbox 2317 1317 3865 1389">
    <p class='ocr_par' dir='ltr' id='par_1_28' title="bbox 2317 1317 3865 1389">
     <span class='ocr_line' id='line_1_28' title="bbox 2317 1317 3865 1389; baseline 0 -18"><span class='ocrx_word' id='word_1_178' title='bbox 2317 1317 2607 1371; x_wconf 82' lang='lat' dir='ltr'><strong>Collatione</strong></span> <span class='ocrx_word' id='word_1_179' title='bbox 2663 1322 2748 1382; x_wconf 76' lang='grc'><strong>18,</strong></span> <span class='ocrx_word' id='word_1_180' title='bbox 2802 1320 2900 1373; x_wconf 79' lang='lat' dir='ltr'><strong>c.l</strong></span> <span class='ocrx_word' id='word_1_181' title='bbox 2943 1330 2994 1372; x_wconf 88' lang='lat' dir='ltr'><strong>et</strong></span> <span class='ocrx_word' id='word_1_182' title='bbox 3052 1322 3113 1384; x_wconf 72' lang='lat'><strong>2,</strong></span> <span class='ocrx_word' id='word_1_183' title='bbox 3148 1336 3177 1374; x_wconf 84' lang='lat' dir='ltr'><strong>e</strong></span> <span class='ocrx_word' id='word_1_184' title='bbox 3229 1320 3285 1373; x_wconf 90' lang='lat' dir='ltr'><strong>S.</strong></span> <span class='ocrx_word' id='word_1_185' title='bbox 3327 1320 3519 1382; x_wconf 81' lang='lat' dir='ltr'><strong>Paulo,</strong></span> <span class='ocrx_word' id='word_1_186' title='bbox 3553 1336 3669 1389; x_wconf 89' lang='lat' dir='ltr'><strong>cap.</strong></span> <span class='ocrx_word' id='word_1_187' title='bbox 3708 1338 3759 1372; x_wconf 65' lang='grc' dir='ltr'>χι</span> <span class='ocrx_word' id='word_1_188' title='bbox 3790 1322 3865 1372; x_wconf 79' lang='lat' dir='ltr'><strong>ad</strong></span> 
     </span>
    </p>
   </div>
   <div class='ocr_carea' id='block_1_29' title="bbox 2317 1406 3865 1476">
    <p class='ocr_par' dir='ltr' id='par_1_29' title="bbox 2317 1406 3865 1476">
     <span class='ocr_line' id='line_1_29' title="bbox 2317 1406 3865 1476; baseline 0.003 -19"><span class='ocrx_word' id='word_1_189' title='bbox 2317 1406 2656 1475; x_wconf 85' lang='lat' dir='ltr'><strong>llebr.,quin</strong></span> <span class='ocrx_word' id='word_1_190' title='bbox 2711 1416 2764 1459; x_wconf 87' lang='lat' dir='ltr'><strong>et</strong></span> <span class='ocrx_word' id='word_1_191' title='bbox 2817 1408 3089 1475; x_wconf 80' lang='grc' dir='ltr'><strong>στυλῆται,</strong></span> <span class='ocrx_word' id='word_1_192' title='bbox 3139 1410 3189 1461; x_wconf 88' lang='lat' dir='ltr'><strong>in</strong></span> <span class='ocrx_word' id='word_1_193' title='bbox 3240 1411 3431 1476; x_wconf 87' lang='lat' dir='ltr'><strong>quibus</strong></span> <span class='ocrx_word' id='word_1_194' title='bbox 3477 1425 3665 1476; x_wconf 78' lang='lat' dir='ltr'><strong>agmen</strong></span> <span class='ocrx_word' id='word_1_195' title='bbox 3713 1410 3865 1461; x_wconf 79' lang='lat' dir='ltr'><strong>ducit</strong></span> 
     </span>
    </p>
   </div>
   <div class='ocr_carea' id='block_1_30' title="bbox 2317 1490 3865 1563">
    <p class='ocr_par' dir='ltr' id='par_1_30' title="bbox 2317 1490 3865 1563">
     <span class='ocr_line' id='line_1_30' title="bbox 2317 1490 3865 1563; baseline 0.001 -18"><span class='ocrx_word' id='word_1_196' title='bbox 2317 1492 2553 1557; x_wconf 89' lang='lat' dir='ltr'><strong>Simeon,</strong></span> <span class='ocrx_word' id='word_1_197' title='bbox 2599 1507 2652 1547; x_wconf 86' lang='lat' dir='ltr'><strong>et</strong></span> <span class='ocrx_word' id='word_1_198' title='bbox 2688 1494 2753 1545; x_wconf 89' lang='lat' dir='ltr'><strong>de</strong></span> <span class='ocrx_word' id='word_1_199' title='bbox 2790 1495 2987 1561; x_wconf 88' lang='lat' dir='ltr'><strong>quibus</strong></span> <span class='ocrx_word' id='word_1_200' title='bbox 3020 1494 3297 1563; x_wconf 79' lang='lat' dir='ltr'><strong>Rosweyd.</strong></span> <span class='ocrx_word' id='word_1_201' title='bbox 3349 1497 3399 1547; x_wconf 89' lang='lat' dir='ltr'><strong>in</strong></span> <span class='ocrx_word' id='word_1_202' title='bbox 3439 1494 3557 1548; x_wconf 86' lang='lat' dir='ltr'><strong>Not.</strong></span> <span class='ocrx_word' id='word_1_203' title='bbox 3593 1490 3658 1547; x_wconf 70' lang='lat' dir='ltr'><strong>a&#39;d</strong></span> <span class='ocrx_word' id='word_1_204' title='bbox 3712 1494 3865 1547; x_wconf 70' lang='lat' dir='ltr'><strong>Vitas</strong></span> 
     </span>
    </p>
   </div>
   <div class='ocr_carea' id='block_1_31' title="bbox 2312 1577 3862 1664">
    <p class='ocr_par' dir='ltr' id='par_1_31' title="bbox 2312 1577 3862 1664">
     <span class='ocr_line' id='line_1_31' title="bbox 2312 1577 3862 1664; baseline 0 -30"><span class='ocrx_word' id='word_1_205' title='bbox 2312 1581 2553 1664; x_wconf 75' lang='lat' dir='ltr'><strong>_Patrum.</strong></span> <span class='ocrx_word' id='word_1_206' title='bbox 2612 1582 2748 1635; x_wconf 87' lang='lat' dir='ltr'><strong>Sunt</strong></span> <span class='ocrx_word' id='word_1_207' title='bbox 2790 1592 2842 1635; x_wconf 88' lang='lat' dir='ltr'><strong>et</strong></span> <span class='ocrx_word' id='word_1_208' title='bbox 2892 1577 3132 1651; x_wconf 60' lang='lat' dir='ltr'><strong>epistolae</strong></span> <span class='ocrx_word' id='word_1_209' title='bbox 3176 1581 3279 1636; x_wconf 84' lang='lat' dir='ltr'><strong>Nili</strong></span> <span class='ocrx_word' id='word_1_210' title='bbox 3328 1582 3590 1637; x_wconf 81' lang='lat' dir='ltr'><strong>Nicandro</strong></span> <span class='ocrx_word' id='word_1_211' title='bbox 3634 1584 3862 1655; x_wconf 73' lang='grc' dir='ltr'><strong>στυλέτῃ</strong></span> 
     </span>
    </p>
   </div>
   <div class='ocr_carea' id='block_1_32' title="bbox 2315 1672 3858 1742">
    <p class='ocr_par' dir='ltr' id='par_1_32' title="bbox 2315 1672 3858 1742">
     <span class='ocr_line' id='line_1_32' title="bbox 2315 1672 3858 1742; baseline 0 -17"><span class='ocrx_word' id='word_1_212' title='bbox 2315 1672 2583 1740; x_wconf 61' lang='lat' dir='ltr'><strong>inscriptae</strong></span> <span class='ocrx_word' id='word_1_213' title='bbox 2629 1673 2729 1725; x_wconf 61' lang='lat' dir='ltr'><strong>Hd</strong></span> <span class='ocrx_word' id='word_1_214' title='bbox 2772 1683 2824 1726; x_wconf 88' lang='lat' dir='ltr'><strong>et</strong></span> <span class='ocrx_word' id='word_1_215' title='bbox 2857 1672 2975 1736; x_wconf 74' lang='grc'><strong>115,</strong></span> <span class='ocrx_word' id='word_1_216' title='bbox 3026 1674 3115 1742; x_wconf 85' lang='lat' dir='ltr'><strong>qui</strong></span> <span class='ocrx_word' id='word_1_217' title='bbox 3150 1681 3204 1726; x_wconf 86' lang='lat' dir='ltr'><strong>et</strong></span> <span class='ocrx_word' id='word_1_218' title='bbox 3249 1675 3493 1735; x_wconf 81' lang='grc' dir='ltr'><strong>κιονιται,</strong></span> <span class='ocrx_word' id='word_1_219' title='bbox 3530 1672 3715 1727; x_wconf 85' lang='lat' dir='ltr'><strong>Latine</strong></span> <span class='ocrx_word' id='word_1_220' title='bbox 3762 1691 3858 1741; x_wconf 78' lang='lat' dir='ltr'><strong>co-</strong></span> 
     </span>
    </p>
   </div>
   <div class='ocr_carea' id='block_1_33' title="bbox 684 1739 3859 1831">
    <p class='ocr_par' dir='ltr' id='par_1_33' title="bbox 684 1739 3859 1831">
     <span class='ocr_line' id='line_1_33' title="bbox 684 1739 3859 1831; baseline 0 -16"><span class='ocrx_word' id='word_1_221' title='bbox 684 1764 829 1817; x_wconf 74' lang='lat' dir='ltr'><strong>Nilus</strong></span> <span class='ocrx_word' id='word_1_222' title='bbox 853 1778 1097 1831; x_wconf 76' lang='lat' dir='ltr'><strong>(gressus</strong></span> <span class='ocrx_word' id='word_1_223' title='bbox 1127 1764 1256 1817; x_wconf 86' lang='lat' dir='ltr'><strong>urbe</strong></span> <span class='ocrx_word' id='word_1_224' title='bbox 1282 1762 1873 1829; x_wconf 75' lang='lat' dir='ltr'><strong>Constantinopolitano</strong></span> <span class='ocrx_word' id='word_1_225' title='bbox 1908 1777 2004 1830; x_wconf 90' lang='lat' dir='ltr'><strong>pro</strong></span> <span class='ocrx_word' id='word_1_226' title='bbox 2040 1777 2209 1824; x_wconf 89' lang='lat' dir='ltr'><strong>more,</strong></span> <span class='ocrx_word' id='word_1_227' title='bbox 2246 1739 2283 1792; x_wconf 74' lang='grc' dir='ltr'><strong>Β</strong></span> <span class='ocrx_word' id='word_1_228' title='bbox 2312 1763 2581 1828; x_wconf 83' lang='lat' dir='ltr'><strong>lumnarii,</strong></span> <span class='ocrx_word' id='word_1_229' title='bbox 2612 1763 2737 1817; x_wconf 83' lang='lat' dir='ltr'><strong>dicti</strong></span> <span class='ocrx_word' id='word_1_230' title='bbox 2767 1773 2886 1817; x_wconf 90' lang='lat' dir='ltr'><strong>sunt</strong></span> <span class='ocrx_word' id='word_1_231' title='bbox 2912 1763 3263 1831; x_wconf 77' lang='grc' dir='ltr'><strong>;ἕγκλειστοι,</strong></span> <span class='ocrx_word' id='word_1_232' title='bbox 3295 1779 3386 1818; x_wconf 88' lang='lat' dir='ltr'><strong>seu</strong></span> <span class='ocrx_word' id='word_1_233' title='bbox 3414 1764 3619 1827; x_wconf 74' lang='lat' dir='ltr'><strong>reclusi,</strong></span> <span class='ocrx_word' id='word_1_234' title='bbox 3645 1766 3707 1817; x_wconf 87' lang='lat' dir='ltr'><strong>dc</strong></span> <span class='ocrx_word' id='word_1_235' title='bbox 3734 1766 3859 1831; x_wconf 81' lang='lat' dir='ltr'><strong>qui—</strong></span> 
     </span>
    </p>
   </div>
   <div class='ocr_carea' id='block_1_34' title="bbox 684 1849 2213 1918">
    <p class='ocr_par' dir='ltr' id='par_1_34' title="bbox 684 1849 2213 1918">
     <span class='ocr_line' id='line_1_34' title="bbox 684 1849 2213 1918; baseline 0.001 -16"><span class='ocrx_word' id='word_1_236' title='bbox 684 1861 740 1903; x_wconf 88' lang='lat' dir='ltr'><strong>nt</strong></span> <span class='ocrx_word' id='word_1_237' title='bbox 774 1852 947 1905; x_wconf 79' lang='lat' dir='ltr'><strong>aditus</strong></span> <span class='ocrx_word' id='word_1_238' title='bbox 992 1852 1323 1918; x_wconf 88' lang='lat' dir='ltr'><strong>importunos</strong></span> <span class='ocrx_word' id='word_1_239' title='bbox 1362 1850 1577 1915; x_wconf 85' lang='lat' dir='ltr'><strong>vitaret,</strong></span> <span class='ocrx_word' id='word_1_240' title='bbox 1616 1849 1785 1904; x_wconf 75' lang='lat' dir='ltr'><strong>cilicia</strong></span> <span class='ocrx_word' id='word_1_241' title='bbox 1820 1852 2043 1913; x_wconf 89' lang='lat' dir='ltr'><strong>scilicet,</strong></span> <span class='ocrx_word' id='word_1_242' title='bbox 2073 1852 2213 1904; x_wconf 89' lang='lat' dir='ltr'><strong>sicut</strong></span> 
     </span>
    </p>
   </div>
   <div class='ocr_carea' id='block_1_35' title="bbox 682 1940 2209 2008">
    <p class='ocr_par' dir='ltr' id='par_1_35' title="bbox 682 1940 2209 2008">
     <span class='ocr_line' id='line_1_35' title="bbox 682 1940 2209 2008; baseline -0.001 -14"><span class='ocrx_word' id='word_1_243' title='bbox 682 1957 778 2008; x_wconf 83' lang='lat' dir='ltr'><strong>ego</strong></span> <span class='ocrx_word' id='word_1_244' title='bbox 811 1941 1055 2005; x_wconf 84' lang='lat' dir='ltr'><strong>arbitror,</strong></span> <span class='ocrx_word' id='word_1_245' title='bbox 1103 1952 1155 1993; x_wconf 90' lang='lat' dir='ltr'><strong>et</strong></span> <span class='ocrx_word' id='word_1_246' title='bbox 1195 1941 1565 2003; x_wconf 83' lang='lat' dir='ltr'><strong>salutationes,</strong></span> <span class='ocrx_word' id='word_1_247' title='bbox 1597 1948 1757 2008; x_wconf 87' lang='lat' dir='ltr'><strong>atque</strong></span> <span class='ocrx_word' id='word_1_248' title='bbox 1785 1940 2077 1993; x_wconf 90' lang='lat' dir='ltr'><strong>domestica</strong></span> <span class='ocrx_word' id='word_1_249' title='bbox 2115 1954 2209 1993; x_wconf 84' lang='lat' dir='ltr'><strong>ne-</strong></span> 
     </span>
    </p>
   </div>
   <div class='ocr_carea' id='block_1_36' title="bbox 680 2018 2213 2099">
    <p class='ocr_par' dir='ltr' id='par_1_36' title="bbox 680 2018 2213 2099">
     <span class='ocr_line' id='line_1_36' title="bbox 680 2018 2213 2099; baseline 0 -20"><span class='ocrx_word' id='word_1_250' title='bbox 680 2032 819 2099; x_wconf 75' lang='lat' dir='ltr'><strong>gotia</strong></span> <span class='ocrx_word' id='word_1_251' title='bbox 889 2018 1081 2098; x_wconf 81' lang='lat' dir='ltr'><strong>(cujus</strong></span> <span class='ocrx_word' id='word_1_252' title='bbox 1106 2032 1274 2083; x_wconf 90' lang='lat' dir='ltr'><strong>instar</strong></span> <span class='ocrx_word' id='word_1_253' title='bbox 1302 2028 1550 2082; x_wconf 61' lang='lat' dir='ltr'><strong>Boethius</strong></span> <span class='ocrx_word' id='word_1_254' title='bbox 1581 2035 1875 2082; x_wconf 86' lang='lat' dir='ltr'><strong>secesserat</strong></span> <span class='ocrx_word' id='word_1_255' title='bbox 1904 2028 1956 2080; x_wconf 90' lang='lat' dir='ltr'><strong>in</strong></span> <span class='ocrx_word' id='word_1_256' title='bbox 1984 2028 2213 2081; x_wconf 69' lang='lat' dir='ltr'><strong>Aureliae</strong></span> 
     </span>
    </p>
   </div>
   <div class='ocr_carea' id='block_1_37' title="bbox 682 2116 2210 2186">
    <p class='ocr_par' dir='ltr' id='par_1_37' title="bbox 682 2116 2210 2186">
     <span class='ocr_line' id='line_1_37' title="bbox 682 2116 2210 2186; baseline 0.001 -17"><span class='ocrx_word' id='word_1_257' title='bbox 682 2126 907 2182; x_wconf 87' lang='lat' dir='ltr'><strong>montes,</strong></span> <span class='ocrx_word' id='word_1_258' title='bbox 941 2128 1097 2186; x_wconf 86' lang='lat' dir='ltr'><strong>atque</strong></span> <span class='ocrx_word' id='word_1_259' title='bbox 1125 2118 1388 2186; x_wconf 90' lang='lat' dir='ltr'><strong>Apennini</strong></span> <span class='ocrx_word' id='word_1_260' title='bbox 1424 2118 1575 2170; x_wconf 83' lang='lat' dir='ltr'><strong>villas</strong></span> <span class='ocrx_word' id='word_1_261' title='bbox 1600 2116 1810 2178; x_wconf 88' lang='lat' dir='ltr'><strong>deinde,</strong></span> <span class='ocrx_word' id='word_1_262' title='bbox 1845 2126 1901 2169; x_wconf 90' lang='lat' dir='ltr'><strong>ut</strong></span> <span class='ocrx_word' id='word_1_263' title='bbox 1932 2118 2045 2184; x_wconf 90' lang='lat' dir='ltr'><strong>ipse</strong></span> <span class='ocrx_word' id='word_1_264' title='bbox 2077 2131 2210 2185; x_wconf 77' lang='lat' dir='ltr'><strong>pra:-</strong></span> 
     </span>
    </p>
   </div>
   <div class='ocr_carea' id='block_1_38' title="bbox 683 2201 2207 2272">
    <p class='ocr_par' dir='ltr' id='par_1_38' title="bbox 683 2201 2207 2272">
     <span class='ocr_line' id='line_1_38' title="bbox 683 2201 2207 2272; baseline -0.001 -15"><span class='ocrx_word' id='word_1_265' title='bbox 683 2206 827 2257; x_wconf 85' lang='lat' dir='ltr'><strong>l’atur</strong></span> <span class='ocrx_word' id='word_1_266' title='bbox 852 2208 904 2256; x_wconf 89' lang='lat' dir='ltr'><strong>in</strong></span> <span class='ocrx_word' id='word_1_267' title='bbox 931 2204 1207 2272; x_wconf 80' lang='lat' dir='ltr'><strong>Porphyrii</strong></span> <span class='ocrx_word' id='word_1_268' title='bbox 1236 2202 1483 2271; x_wconf 77' lang='lat' dir='ltr'><strong>Dialogos</strong></span> <span class='ocrx_word' id='word_1_269' title='bbox 1512 2218 1541 2255; x_wconf 89' lang='lat' dir='ltr'><strong>a</strong></span> <span class='ocrx_word' id='word_1_270' title='bbox 1571 2201 1845 2255; x_wconf 82' lang='lat' dir='ltr'><strong>Victorino</strong></span> <span class='ocrx_word' id='word_1_271' title='bbox 1876 2202 2207 2269; x_wconf 89' lang='lat' dir='ltr'><strong>translatos),</strong></span> 
     </span>
    </p>
   </div>
   <div class='ocr_carea' id='block_1_39' title="bbox 679 2289 2208 2356">
    <p class='ocr_par' dir='ltr' id='par_1_39' title="bbox 679 2289 2208 2356">
     <span class='ocr_line' id='line_1_39' title="bbox 679 2289 2208 2356; baseline -0.002 -13"><span class='ocrx_word' id='word_1_272' title='bbox 679 2291 1114 2343; x_wconf 85' lang='lat' dir='ltr'><strong>deambulaturus</strong></span> <span class='ocrx_word' id='word_1_273' title='bbox 1139 2298 1261 2341; x_wconf 86' lang='lat' dir='ltr'><strong>ante</strong></span> <span class='ocrx_word' id='word_1_274' title='bbox 1286 2289 1550 2341; x_wconf 89' lang='lat' dir='ltr'><strong>civitatem</strong></span> <span class='ocrx_word' id='word_1_275' title='bbox 1580 2289 1633 2341; x_wconf 90' lang='lat' dir='ltr'><strong>in</strong></span> <span class='ocrx_word' id='word_1_276' title='bbox 1671 2302 1885 2356; x_wconf 77' lang='lat' dir='ltr'><strong>nemore</strong></span> <span class='ocrx_word' id='word_1_277' title='bbox 1912 2289 2208 2352; x_wconf 89' lang='lat' dir='ltr'><strong>remotiori,</strong></span> 
     </span>
    </p>
   </div>
   <div class='ocr_carea' id='block_1_40' title="bbox 679 2363 2210 2446">
    <p class='ocr_par' dir='ltr' id='par_1_40' title="bbox 679 2363 2210 2446">
     <span class='ocr_line' id='line_1_40' title="bbox 679 2363 2210 2446; baseline -0.004 -15"><span class='ocrx_word' id='word_1_278' title='bbox 679 2389 730 2431; x_wconf 82' lang='lat' dir='ltr'><strong>et</strong></span> <span class='ocrx_word' id='word_1_279' title='bbox 780 2363 1056 2446; x_wconf 76' lang='lat' dir='ltr'><strong>Agathius,</strong></span> <span class='ocrx_word' id='word_1_280' title='bbox 1080 2364 1235 2443; x_wconf 81' lang='lat' dir='ltr'><strong>quem</strong></span> <span class='ocrx_word' id='word_1_281' title='bbox 1266 2384 1417 2428; x_wconf 85' lang='lat' dir='ltr'><strong>vocat</strong></span> <span class='ocrx_word' id='word_1_282' title='bbox 1449 2375 1763 2442; x_wconf 76' lang='grc' dir='ltr'><strong>μονάζοντα.</strong></span> <span class='ocrx_word' id='word_1_283' title='bbox 1794 2374 1894 2427; x_wconf 89' lang='lat' dir='ltr'><strong>hoc</strong></span> <span class='ocrx_word' id='word_1_284' title='bbox 1921 2382 2021 2435; x_wconf 87' lang='lat' dir='ltr'><strong>est,</strong></span> <span class='ocrx_word' id='word_1_285' title='bbox 2052 2389 2210 2442; x_wconf 79' lang='lat' dir='ltr'><strong>agen—</strong></span> 
     </span>
    </p>
   </div>
   <div class='ocr_carea' id='block_1_41' title="bbox 680 2453 2208 2527">
    <p class='ocr_par' dir='ltr' id='par_1_41' title="bbox 680 2453 2208 2527">
     <span class='ocr_line' id='line_1_41' title="bbox 680 2453 2208 2527; baseline -0.003 -13"><span class='ocrx_word' id='word_1_286' title='bbox 680 2474 781 2515; x_wconf 87' lang='lat' dir='ltr'><strong>tem</strong></span> <span class='ocrx_word' id='word_1_287' title='bbox 815 2463 973 2515; x_wconf 88' lang='lat' dir='ltr'><strong>vitam</strong></span> <span class='ocrx_word' id='word_1_288' title='bbox 1012 2453 1382 2519; x_wconf 67' lang='lat' dir='ltr'><strong>monas’ticam.</strong></span> <span class='ocrx_word' id='word_1_289' title='bbox 1435 2458 1665 2527; x_wconf 78' lang='lat' dir='ltr'><strong>Degebat</strong></span> <span class='ocrx_word' id='word_1_290' title='bbox 1727 2458 1922 2526; x_wconf 87' lang='lat' dir='ltr'><strong>quippe</strong></span> <span class='ocrx_word' id='word_1_291' title='bbox 1951 2458 2208 2525; x_wconf 80' lang='lat' dir='ltr'><strong>Agathius</strong></span> 
     </span>
    </p>
   </div>
   <div class='ocr_carea' id='block_1_42' title="bbox 680 2544 2208 2612">
    <p class='ocr_par' dir='ltr' id='par_1_42' title="bbox 680 2544 2208 2612">
     <span class='ocr_line' id='line_1_42' title="bbox 680 2544 2208 2612; baseline -0.005 -9"><span class='ocrx_word' id='word_1_292' title='bbox 680 2551 898 2603; x_wconf 85' lang='lat' dir='ltr'><strong>seorsim</strong></span> <span class='ocrx_word' id='word_1_293' title='bbox 974 2547 1284 2609; x_wconf 83' lang='lat' dir='ltr'><strong>solitarius,</strong></span> <span class='ocrx_word' id='word_1_294' title='bbox 1347 2556 1397 2599; x_wconf 88' lang='lat' dir='ltr'><strong>et</strong></span> <span class='ocrx_word' id='word_1_295' title='bbox 1472 2544 1647 2598; x_wconf 87' lang='lat' dir='ltr'><strong>adhuc</strong></span> <span class='ocrx_word' id='word_1_296' title='bbox 1697 2544 1810 2597; x_wconf 81' lang='lat' dir='ltr'><strong>sive</strong></span> <span class='ocrx_word' id='word_1_297' title='bbox 1861 2544 2208 2612; x_wconf 65' lang='lat' dir='ltr'><strong>phil050phiat</strong></span> 
     </span>
    </p>
   </div>
   <div class='ocr_carea' id='block_1_43' title="bbox 679 2631 2241 2699">
    <p class='ocr_par' dir='ltr' id='par_1_43' title="bbox 679 2631 2241 2699">
     <span class='ocr_line' id='line_1_43' title="bbox 679 2631 2241 2699; baseline -0.004 -10"><span class='ocrx_word' id='word_1_298' title='bbox 679 2638 1021 2698; x_wconf 65' lang='lat' dir='ltr'><strong>Christianae,</strong></span> <span class='ocrx_word' id='word_1_299' title='bbox 1057 2636 1168 2687; x_wconf 86' lang='lat' dir='ltr'><strong>sive</strong></span> <span class='ocrx_word' id='word_1_300' title='bbox 1200 2635 1548 2686; x_wconf 88' lang='lat' dir='ltr'><strong>monaehatus</strong></span> <span class='ocrx_word' id='word_1_301' title='bbox 1596 2631 1901 2685; x_wconf 87' lang='lat' dir='ltr'><strong>tirocinium</strong></span> <span class='ocrx_word' id='word_1_302' title='bbox 1942 2632 2205 2699; x_wconf 86' lang='lat' dir='ltr'><strong>ponebat,</strong></span> <span class='ocrx_word' id='word_1_303' title='bbox 2238 2664 2241 2667; x_wconf 59' lang='grc' dir='ltr'>η</span> 
     </span>
    </p>
   </div>
   <div class='ocr_carea' id='block_1_44' title="bbox 679 2720 2202 2791">
    <p class='ocr_par' dir='ltr' id='par_1_44' title="bbox 679 2720 2202 2791">
     <span class='ocr_line' id='line_1_44' title="bbox 679 2720 2202 2791; baseline -0.003 -14"><span class='ocrx_word' id='word_1_304' title='bbox 679 2724 770 2778; x_wconf 87' lang='lat' dir='ltr'><strong>sed</strong></span> <span class='ocrx_word' id='word_1_305' title='bbox 822 2723 971 2791; x_wconf 85' lang='lat' dir='ltr'><strong>quasi</strong></span> <span class='ocrx_word' id='word_1_306' title='bbox 1020 2720 1222 2789; x_wconf 78' lang='grc' dir='ltr'><strong>μέλλων</strong></span> <span class='ocrx_word' id='word_1_307' title='bbox 1266 2720 1579 2784; x_wconf 82' lang='lat' dir='ltr'><strong>monachus,</strong></span> <span class='ocrx_word' id='word_1_308' title='bbox 1628 2720 1969 2788; x_wconf 85' lang='lat' dir='ltr'><strong>propiorlque</strong></span> <span class='ocrx_word' id='word_1_309' title='bbox 2014 2720 2202 2788; x_wconf 77' lang='lat' dir='ltr'><strong>gradu,</strong></span> 
     </span>
    </p>
   </div>
   <div class='ocr_carea' id='block_1_45' title="bbox 676 2806 2201 2878">
    <p class='ocr_par' dir='ltr' id='par_1_45' title="bbox 676 2806 2201 2878">
     <span class='ocr_line' id='line_1_45' title="bbox 676 2806 2201 2878; baseline -0.005 -14"><span class='ocrx_word' id='word_1_310' title='bbox 676 2822 729 2864; x_wconf 87' lang='lat' dir='ltr'><strong>et</strong></span> <span class='ocrx_word' id='word_1_311' title='bbox 767 2810 1001 2878; x_wconf 73' lang='lat' dir='ltr'><strong>proxime</strong></span> <span class='ocrx_word' id='word_1_312' title='bbox 1060 2807 1370 2876; x_wconf 78' lang='lat' dir='ltr'><strong>cingendus.</strong></span> <span class='ocrx_word' id='word_1_313' title='bbox 1417 2807 1580 2859; x_wconf 85' lang='lat' dir='ltr'><strong>Erant</strong></span> <span class='ocrx_word' id='word_1_314' title='bbox 1624 2806 1766 2859; x_wconf 89' lang='lat' dir='ltr'><strong>enim</strong></span> <span class='ocrx_word' id='word_1_315' title='bbox 1820 2809 2201 2859; x_wconf 82' lang='lat' dir='ltr'><strong>monachorum</strong></span> 
     </span>
    </p>
   </div>
   <div class='ocr_carea' id='block_1_46' title="bbox 680 2895 2205 2969">
    <p class='ocr_par' dir='ltr' id='par_1_46' title="bbox 680 2895 2205 2969">
     <span class='ocr_line' id='line_1_46' title="bbox 680 2895 2205 2969; baseline -0.004 -16"><span class='ocrx_word' id='word_1_316' title='bbox 680 2904 751 2955; x_wconf 88' lang='lat' dir='ltr'><strong>uti</strong></span> <span class='ocrx_word' id='word_1_317' title='bbox 792 2900 1153 2969; x_wconf 70' lang='lat' dir='ltr'><strong>pmnitentium</strong></span> <span class='ocrx_word' id='word_1_318' title='bbox 1189 2898 1378 2952; x_wconf 75' lang='lat' dir='ltr'><strong>diversi</strong></span> <span class='ocrx_word' id='word_1_319' title='bbox 1429 2896 1643 2965; x_wconf 78' lang='lat' dir='ltr'><strong>gradus,</strong></span> <span class='ocrx_word' id='word_1_320' title='bbox 1675 2895 1740 2948; x_wconf 88' lang='lat' dir='ltr'><strong>de</strong></span> <span class='ocrx_word' id='word_1_321' title='bbox 1776 2896 1971 2961; x_wconf 85' lang='lat' dir='ltr'><strong>quibus</strong></span> <span class='ocrx_word' id='word_1_322' title='bbox 2012 2897 2094 2963; x_wconf 77' lang='lat' dir='ltr'><strong>egi</strong></span> <span class='ocrx_word' id='word_1_323' title='bbox 2125 2895 2205 2947; x_wconf 81' lang='lat' dir='ltr'><strong>fu-</strong></span> 
     </span>
    </p>
   </div>
   <div class='ocr_carea' id='block_1_47' title="bbox 2312 1852 3856 1922">
    <p class='ocr_par' dir='ltr' id='par_1_47' title="bbox 2312 1852 3856 1922">
     <span class='ocr_line' id='line_1_47' title="bbox 2312 1852 3856 1922; baseline 0.001 -16"><span class='ocrx_word' id='word_1_324' title='bbox 2312 1852 2412 1906; x_wconf 89' lang='lat' dir='ltr'><strong>bus</strong></span> <span class='ocrx_word' id='word_1_325' title='bbox 2459 1852 2666 1905; x_wconf 63' lang='lat' dir='ltr'><strong>Mirmus</strong></span> <span class='ocrx_word' id='word_1_326' title='bbox 2720 1853 2846 1905; x_wconf 89' lang='lat' dir='ltr'><strong>mihi</strong></span> <span class='ocrx_word' id='word_1_327' title='bbox 2906 1868 3115 1921; x_wconf 86' lang='lat' dir='ltr'><strong>quoque</strong></span> <span class='ocrx_word' id='word_1_328' title='bbox 3183 1855 3482 1921; x_wconf 75' lang='lat' dir='ltr'><strong>perauricus</strong></span> <span class='ocrx_word' id='word_1_329' title='bbox 3542 1855 3593 1906; x_wconf 90' lang='lat' dir='ltr'><strong>in</strong></span> <span class='ocrx_word' id='word_1_330' title='bbox 3671 1854 3856 1922; x_wconf 79' lang='lat' dir='ltr'><strong>Belgio</strong></span> 
     </span>
    </p>
   </div>
   <div class='ocr_carea' id='block_1_48' title="bbox 2311 1937 3855 2008">
    <p class='ocr_par' dir='ltr' id='par_1_48' title="bbox 2311 1937 3855 2008">
     <span class='ocr_line' id='line_1_48' title="bbox 2311 1937 3855 2008; baseline 0.001 -15"><span class='ocrx_word' id='word_1_331' title='bbox 2311 1940 2417 2008; x_wconf 78' lang='lat' dir='ltr'><strong>agit</strong></span> <span class='ocrx_word' id='word_1_332' title='bbox 2466 1940 2516 1992; x_wconf 93' lang='lat' dir='ltr'><strong>in</strong></span> <span class='ocrx_word' id='word_1_333' title='bbox 2564 1937 2741 1991; x_wconf 80' lang='lat' dir='ltr'><strong>Fastis</strong></span> <span class='ocrx_word' id='word_1_334' title='bbox 2792 1939 3035 2008; x_wconf 72' lang='lat' dir='ltr'><strong>Belgicis.</strong></span> <span class='ocrx_word' id='word_1_335' title='bbox 3066 1938 3360 2007; x_wconf 87' lang='lat' dir='ltr'><strong>Hospitium</strong></span> <span class='ocrx_word' id='word_1_336' title='bbox 3410 1953 3666 1995; x_wconf 86' lang='lat' dir='ltr'><strong>memorat</strong></span> <span class='ocrx_word' id='word_1_337' title='bbox 3714 1944 3855 1995; x_wconf 83' lang='lat' dir='ltr'><strong>Gre-</strong></span> 
     </span>
    </p>
   </div>
   <div class='ocr_carea' id='block_1_49' title="bbox 2309 2027 3857 2095">
    <p class='ocr_par' dir='ltr' id='par_1_49' title="bbox 2309 2027 3857 2095">
     <span class='ocr_line' id='line_1_49' title="bbox 2309 2027 3857 2095; baseline 0.003 -16"><span class='ocrx_word' id='word_1_338' title='bbox 2309 2029 2490 2095; x_wconf 80' lang='lat' dir='ltr'><strong>gorius</strong></span> <span class='ocrx_word' id='word_1_339' title='bbox 2528 2027 2794 2082; x_wconf 88' lang='lat' dir='ltr'><strong>Turonen.</strong></span> <span class='ocrx_word' id='word_1_340' title='bbox 2849 2030 3047 2080; x_wconf 79' lang='lat' dir='ltr'><strong>Hister.</strong></span> <span class='ocrx_word' id='word_1_341' title='bbox 3095 2027 3352 2081; x_wconf 85' lang='lat' dir='ltr'><strong>Francor.</strong></span> <span class='ocrx_word' id='word_1_342' title='bbox 3385 2028 3474 2081; x_wconf 90' lang='lat' dir='ltr'><strong>lib.</strong></span> <span class='ocrx_word' id='word_1_343' title='bbox 3510 2044 3583 2091; x_wconf 89' lang='lat' dir='ltr'><strong>vt,</strong></span> <span class='ocrx_word' id='word_1_344' title='bbox 3608 2046 3656 2082; x_wconf 90' lang='lat' dir='ltr'><strong>c.</strong></span> <span class='ocrx_word' id='word_1_345' title='bbox 3696 2030 3760 2095; x_wconf 74' lang='grc' dir='ltr'><strong>σς</strong></span> <span class='ocrx_word' id='word_1_346' title='bbox 3795 2050 3810 2081; x_wconf 84' lang='grc' dir='ltr'><strong>ι</strong></span> <span class='ocrx_word' id='word_1_347' title='bbox 3833 2040 3857 2083; x_wconf 89' lang='lat' dir='ltr'><strong>t</strong></span> 
     </span>
    </p>
   </div>
   <div class='ocr_carea' id='block_1_50' title="bbox 2309 2118 3271 2185">
    <p class='ocr_par' dir='ltr' id='par_1_50' title="bbox 2309 2118 3271 2185">
     <span class='ocr_line' id='line_1_50' title="bbox 2309 2118 3271 2185; baseline 0 -15"><span class='ocrx_word' id='word_1_348' title='bbox 2309 2118 2385 2170; x_wconf 82' lang='lat' dir='ltr'><strong>De</strong></span> <span class='ocrx_word' id='word_1_349' title='bbox 2435 2120 2600 2185; x_wconf 86' lang='lat' dir='ltr'><strong>gloria</strong></span> <span class='ocrx_word' id='word_1_350' title='bbox 2658 2118 3038 2185; x_wconf 75' lang='lat' dir='ltr'><strong>confessorum,</strong></span> <span class='ocrx_word' id='word_1_351' title='bbox 3087 2133 3135 2172; x_wconf 91' lang='lat' dir='ltr'><strong>c.</strong></span> <span class='ocrx_word' id='word_1_352' title='bbox 3170 2118 3271 2184; x_wconf 86' lang='lat'><strong>97,</strong></span> 
     </span>
    </p>
   </div>
   <div class='ocr_carea' id='block_1_51' title="bbox 2308 2192 3845 2286">
    <p class='ocr_par' dir='ltr' id='par_1_51' title="bbox 2308 2192 3845 2286">
     <span class='ocr_line' id='line_1_51' title="bbox 2308 2192 3845 2286; baseline 0.001 -27"><span class='ocrx_word' id='word_1_353' title='bbox 2308 2222 2453 2286; x_wconf 57' lang='lat' dir='ltr'><strong>quos</strong></span> <span class='ocrx_word' id='word_1_354' title='bbox 2473 2217 2711 2261; x_wconf 80' lang='lat' dir='ltr'><strong>recenset</strong></span> <span class='ocrx_word' id='word_1_355' title='bbox 2741 2207 3216 2286; x_wconf 81' lang='lat' dir='ltr'><strong>PetrusJofredus</strong></span> <span class='ocrx_word' id='word_1_356' title='bbox 3250 2192 3301 2262; x_wconf 86' lang='lat' dir='ltr'><strong>in</strong></span> <span class='ocrx_word' id='word_1_357' title='bbox 3330 2208 3508 2263; x_wconf 75' lang='lat' dir='ltr'><strong>Nicaza</strong></span> <span class='ocrx_word' id='word_1_358' title='bbox 3552 2210 3845 2272; x_wconf 82' lang='lat' dir='ltr'><strong>illustrato,</strong></span> 
     </span>
    </p>
   </div>
   <div class='ocr_carea' id='block_1_52' title="bbox 2309 2284 3848 2363">
    <p class='ocr_par' dir='ltr' id='par_1_52' title="bbox 2309 2284 3848 2363">
     <span class='ocr_line' id='line_1_52' title="bbox 2309 2284 3848 2363; baseline -0.001 -15"><span class='ocrx_word' id='word_1_359' title='bbox 2309 2311 2360 2361; x_wconf 91' lang='lat' dir='ltr'><strong>p.</strong></span> <span class='ocrx_word' id='word_1_360' title='bbox 2393 2284 2524 2361; x_wconf 69' lang='lat'><strong>{05;</strong></span> <span class='ocrx_word' id='word_1_361' title='bbox 2556 2295 2844 2348; x_wconf 87' lang='lat' dir='ltr'><strong>incluserat</strong></span> <span class='ocrx_word' id='word_1_362' title='bbox 2875 2284 3003 2348; x_wconf 82' lang='lat' dir='ltr'><strong>seis</strong></span> <span class='ocrx_word' id='word_1_363' title='bbox 3031 2304 3219 2363; x_wconf 89' lang='lat' dir='ltr'><strong>sponte</strong></span> <span class='ocrx_word' id='word_1_364' title='bbox 3270 2295 3322 2347; x_wconf 91' lang='lat' dir='ltr'><strong>in</strong></span> <span class='ocrx_word' id='word_1_365' title='bbox 3360 2296 3531 2361; x_wconf 89' lang='lat' dir='ltr'><strong>turri;</strong></span> <span class='ocrx_word' id='word_1_366' title='bbox 3570 2297 3635 2348; x_wconf 89' lang='lat' dir='ltr'><strong>de</strong></span> <span class='ocrx_word' id='word_1_367' title='bbox 3672 2296 3848 2350; x_wconf 79' lang='lat' dir='ltr'><strong>Probo</strong></span> 
     </span>
    </p>
   </div>
   <div class='ocr_carea' id='block_1_53' title="bbox 2310 2380 3844 2451">
    <p class='ocr_par' dir='ltr' id='par_1_53' title="bbox 2310 2380 3844 2451">
     <span class='ocr_line' id='line_1_53' title="bbox 2310 2380 3844 2451; baseline 0.002 -18"><span class='ocrx_word' id='word_1_368' title='bbox 2310 2383 2512 2435; x_wconf 91' lang='lat' dir='ltr'><strong>incluso</strong></span> <span class='ocrx_word' id='word_1_369' title='bbox 2550 2383 2602 2434; x_wconf 92' lang='lat' dir='ltr'><strong>in</strong></span> <span class='ocrx_word' id='word_1_370' title='bbox 2642 2382 2965 2435; x_wconf 89' lang='lat' dir='ltr'><strong>monasterio</strong></span> <span class='ocrx_word' id='word_1_371' title='bbox 3001 2380 3057 2436; x_wconf 90' lang='lat' dir='ltr'><strong>S.</strong></span> <span class='ocrx_word' id='word_1_372' title='bbox 3089 2383 3245 2450; x_wconf 82' lang='lat' dir='ltr'><strong>Greg.</strong></span> <span class='ocrx_word' id='word_1_373' title='bbox 3287 2382 3356 2435; x_wconf 79' lang='grc' dir='ltr'><strong>Μ.</strong></span> <span class='ocrx_word' id='word_1_374' title='bbox 3396 2384 3553 2451; x_wconf 86' lang='lat' dir='ltr'><strong>epist.</strong></span> <span class='ocrx_word' id='word_1_375' title='bbox 3584 2384 3670 2446; x_wconf 86' lang='lat'><strong>99,</strong></span> <span class='ocrx_word' id='word_1_376' title='bbox 3715 2385 3749 2436; x_wconf 91' lang='lat' dir='ltr'><strong>l.</strong></span> <span class='ocrx_word' id='word_1_377' title='bbox 3784 2384 3844 2437; x_wconf 84' lang='lat'><strong>9.</strong></span> 
     </span>
    </p>
   </div>
   <div class='ocr_carea' id='block_1_54' title="bbox 2307 2469 3846 2545">
    <p class='ocr_par' dir='ltr' id='par_1_54' title="bbox 2307 2469 3846 2545">
     <span class='ocr_line' id='line_1_54' title="bbox 2307 2469 3846 2545; baseline 0.001 -24"><span class='ocrx_word' id='word_1_378' title='bbox 2307 2469 2632 2522; x_wconf 85' lang='lat' dir='ltr'><strong>Columnarii</strong></span> <span class='ocrx_word' id='word_1_379' title='bbox 2675 2471 2885 2523; x_wconf 89' lang='lat' dir='ltr'><strong>stabant</strong></span> <span class='ocrx_word' id='word_1_380' title='bbox 2926 2484 3084 2539; x_wconf 85' lang='lat' dir='ltr'><strong>supra</strong></span> <span class='ocrx_word' id='word_1_381' title='bbox 3118 2470 3434 2535; x_wconf 82' lang='lat' dir='ltr'><strong>Columnas;</strong></span> <span class='ocrx_word' id='word_1_382' title='bbox 3488 2472 3677 2525; x_wconf 90' lang='lat' dir='ltr'><strong>inclusi</strong></span> <span class='ocrx_word' id='word_1_383' title='bbox 3718 2488 3846 2545; x_wconf 66' lang='lat' dir='ltr'><strong>age-</strong></span> 
     </span>
    </p>
   </div>
   <div class='ocr_carea' id='block_1_55' title="bbox 2306 2557 3846 2614">
    <p class='ocr_par' dir='ltr' id='par_1_55' title="bbox 2306 2557 3846 2614">
     <span class='ocr_line' id='line_1_55' title="bbox 2306 2557 3846 2614; baseline 0.003 -4"><span class='ocrx_word' id='word_1_384' title='bbox 2306 2557 2432 2610; x_wconf 88' lang='lat' dir='ltr'><strong>bant</strong></span> <span class='ocrx_word' id='word_1_385' title='bbox 2476 2557 2531 2610; x_wconf 90' lang='lat' dir='ltr'><strong>in</strong></span> <span class='ocrx_word' id='word_1_386' title='bbox 2592 2559 2931 2612; x_wconf 82' lang='lat' dir='ltr'><strong>conclavibus</strong></span> <span class='ocrx_word' id='word_1_387' title='bbox 3001 2574 3095 2613; x_wconf 88' lang='lat' dir='ltr'><strong>seu</strong></span> <span class='ocrx_word' id='word_1_388' title='bbox 3162 2560 3518 2614; x_wconf 86' lang='lat' dir='ltr'><strong>domunculis.</strong></span> <span class='ocrx_word' id='word_1_389' title='bbox 3574 2561 3846 2614; x_wconf 88' lang='lat' dir='ltr'><strong>Philume-</strong></span> 
     </span>
    </p>
   </div>
   <div class='ocr_carea' id='block_1_56' title="bbox 2306 2633 3842 2716">
    <p class='ocr_par' dir='ltr' id='par_1_56' title="bbox 2306 2633 3842 2716">
     <span class='ocr_line' id='line_1_56' title="bbox 2306 2633 3842 2716; baseline 0.003 -19"><span class='ocrx_word' id='word_1_390' title='bbox 2306 2660 2429 2697; x_wconf 90' lang='lat' dir='ltr'><strong>num</strong></span> <span class='ocrx_word' id='word_1_391' title='bbox 2466 2646 2788 2713; x_wconf 73' lang='grc' dir='ltr'><strong>ἐγκλειστον,</strong></span> <span class='ocrx_word' id='word_1_392' title='bbox 2818 2645 2882 2699; x_wconf 89' lang='lat' dir='ltr'><strong>ad</strong></span> <span class='ocrx_word' id='word_1_393' title='bbox 2924 2633 3083 2715; x_wconf 83' lang='lat' dir='ltr'><strong>quem</strong></span> <span class='ocrx_word' id='word_1_394' title='bbox 3112 2650 3298 2702; x_wconf 89' lang='lat' dir='ltr'><strong>scribit</strong></span> <span class='ocrx_word' id='word_1_395' title='bbox 3344 2646 3529 2713; x_wconf 85' lang='lat' dir='ltr'><strong>Nilus,</strong></span> <span class='ocrx_word' id='word_1_396' title='bbox 3564 2650 3714 2716; x_wconf 88' lang='lat' dir='ltr'><strong>epist.</strong></span> <span class='ocrx_word' id='word_1_397' title='bbox 3749 2650 3842 2713; x_wconf 73' lang='grc'><strong>96,</strong></span> 
     </span>
    </p>
   </div>
   <div class='ocr_carea' id='block_1_57' title="bbox 2306 2734 3841 2804">
    <p class='ocr_par' dir='ltr' id='par_1_57' title="bbox 2306 2734 3841 2804">
     <span class='ocr_line' id='line_1_57' title="bbox 2306 2734 3841 2804; baseline 0 -19"><span class='ocrx_word' id='word_1_398' title='bbox 2306 2734 2397 2786; x_wconf 90' lang='lat' dir='ltr'><strong>lib.</strong></span> <span class='ocrx_word' id='word_1_399' title='bbox 2456 2751 2511 2798; x_wconf 84' lang='grc' dir='ltr'><strong>ιι,</strong></span> <span class='ocrx_word' id='word_1_400' title='bbox 2557 2736 2694 2788; x_wconf 89' lang='lat' dir='ltr'><strong>male</strong></span> <span class='ocrx_word' id='word_1_401' title='bbox 2746 2736 2903 2788; x_wconf 87' lang='lat' dir='ltr'><strong>vertit</strong></span> <span class='ocrx_word' id='word_1_402' title='bbox 2953 2736 3216 2803; x_wconf 87' lang='lat' dir='ltr'><strong>interpres</strong></span> <span class='ocrx_word' id='word_1_403' title='bbox 3267 2738 3483 2791; x_wconf 88' lang='lat' dir='ltr'><strong>Latinus</strong></span> <span class='ocrx_word' id='word_1_404' title='bbox 3516 2738 3841 2804; x_wconf 69' lang='grc' dir='ltr'><strong>ἔγκλειστον,</strong></span> 
     </span>
    </p>
   </div>
   <div class='ocr_carea' id='block_1_58' title="bbox 2304 2824 3844 2894">
    <p class='ocr_par' dir='ltr' id='par_1_58' title="bbox 2304 2824 3844 2894">
     <span class='ocr_line' id='line_1_58' title="bbox 2304 2824 3844 2894; baseline 0.002 -20"><span class='ocrx_word' id='word_1_405' title='bbox 2304 2826 2591 2885; x_wconf 72' lang='lat' dir='ltr'><strong>enc’listum,</strong></span> <span class='ocrx_word' id='word_1_406' title='bbox 2634 2824 2708 2877; x_wconf 86' lang='lat' dir='ltr'><strong>uti</strong></span> <span class='ocrx_word' id='word_1_407' title='bbox 2760 2833 2902 2892; x_wconf 87' lang='lat' dir='ltr'><strong>patet</strong></span> <span class='ocrx_word' id='word_1_408' title='bbox 2948 2840 2977 2877; x_wconf 88' lang='lat' dir='ltr'><strong>e</strong></span> <span class='ocrx_word' id='word_1_409' title='bbox 3025 2827 3196 2880; x_wconf 78' lang='lat' dir='ltr'><strong>verbis</strong></span> <span class='ocrx_word' id='word_1_410' title='bbox 3251 2828 3485 2894; x_wconf 66' lang='lat' dir='ltr'><strong>cpistola:</strong></span> <span class='ocrx_word' id='word_1_411' title='bbox 3515 2846 3527 2880; x_wconf 87' lang='lat'><strong>:</strong></span> <span class='ocrx_word' id='word_1_412' title='bbox 3562 2828 3697 2878; x_wconf 78' lang='grc' dir='ltr'>κατὰ</span> <span class='ocrx_word' id='word_1_413' title='bbox 3750 2828 3844 2878; x_wconf 68' lang='grc' dir='ltr'><strong>τὸν</strong></span> 
     </span>
    </p>
   </div>
   <div class='ocr_carea' id='block_1_59' title="bbox 2304 2903 3840 2982">
    <p class='ocr_par' dir='ltr' id='par_1_59' title="bbox 2304 2903 3840 2982">
     <span class='ocr_line' id='line_1_59' title="bbox 2304 2903 3840 2982; baseline 0.003 -19"><span class='ocrx_word' id='word_1_414' title='bbox 2304 2914 2641 2981; x_wconf 75' lang='grc' dir='ltr'><strong>ὲγκλεισμδν,</strong></span> <span class='ocrx_word' id='word_1_415' title='bbox 2674 2924 2725 2967; x_wconf 86' lang='lat' dir='ltr'><strong>et</strong></span> <span class='ocrx_word' id='word_1_416' title='bbox 2748 2913 2822 2982; x_wconf 81' lang='grc' dir='ltr'><strong>τῷ</strong></span> <span class='ocrx_word' id='word_1_417' title='bbox 2853 2914 3057 2982; x_wconf 77' lang='grc' dir='ltr'><strong>οἰκιδξῳ</strong></span> <span class='ocrx_word' id='word_1_418' title='bbox 3086 2903 3512 2979; x_wconf 58' lang='grc' dir='ltr'><strong>κατακλεισθείςί</strong></span> <span class='ocrx_word' id='word_1_419' title='bbox 3544 2916 3661 2967; x_wconf 83' lang='lat' dir='ltr'><strong>Erat</strong></span> <span class='ocrx_word' id='word_1_420' title='bbox 3695 2917 3840 2968; x_wconf 85' lang='lat' dir='ltr'><strong>enim</strong></span> 
     </span>
    </p>
   </div>
   <div class='ocr_carea' id='block_1_60' title="bbox 3345 2119 3853 2187">
    <p class='ocr_par' dir='ltr' id='par_1_60' title="bbox 3345 2119 3853 2187">
     <span class='ocr_line' id='line_1_60' title="bbox 3345 2119 3853 2187; baseline 0.006 -17"><span class='ocrx_word' id='word_1_421' title='bbox 3345 2119 3583 2187; x_wconf 83' lang='lat' dir='ltr'><strong>aliosque</strong></span> <span class='ocrx_word' id='word_1_422' title='bbox 3647 2120 3730 2187; x_wconf 90' lang='lat' dir='ltr'><strong>plu</strong></span> <span class='ocrx_word' id='word_1_423' title='bbox 3740 2138 3853 2186; x_wconf 71' lang='lat' dir='ltr'><strong>res,</strong></span> 
     </span>
    </p>
   </div>
   <div class='ocr_carea' id='block_1_61' title="bbox 678 2984 2210 3087">
    <p class='ocr_par' dir='ltr' id='par_1_61' title="bbox 678 2984 2201 3057">
     <span class='ocr_line' id='line_1_61' title="bbox 678 2984 2201 3057; baseline -0.004 -14"><span class='ocrx_word' id='word_1_424' title='bbox 678 2992 789 3044; x_wconf 84' lang='lat' dir='ltr'><strong>sius</strong></span> <span class='ocrx_word' id='word_1_425' title='bbox 843 2990 894 3041; x_wconf 89' lang='lat' dir='ltr'><strong>in</strong></span> <span class='ocrx_word' id='word_1_426' title='bbox 938 2988 1133 3057; x_wconf 75' lang='lat' dir='ltr'><strong>Exagio</strong></span> <span class='ocrx_word' id='word_1_427' title='bbox 1185 3000 1303 3040; x_wconf 88' lang='lat' dir='ltr'><strong>meo</strong></span> <span class='ocrx_word' id='word_1_428' title='bbox 1351 2984 1415 3039; x_wconf 86' lang='lat' dir='ltr'><strong>dc</strong></span> <span class='ocrx_word' id='word_1_429' title='bbox 1461 2984 1735 3052; x_wconf 78' lang='lat' dir='ltr'><strong>frequente</strong></span> <span class='ocrx_word' id='word_1_430' title='bbox 1790 2987 2201 3047; x_wconf 69' lang='lat' dir='ltr'><strong>eomnmnioiae,</strong></span> 
     </span>
    </p>
   </div>
   <div class='ocr_carea' id='block_1_62' title="bbox 2308 2984 3843 3087">
    <p class='ocr_par' dir='ltr' id='par_1_62' title="bbox 2308 2999 3843 3068">
     <span class='ocr_line' id='line_1_62' title="bbox 2308 2999 3843 3068; baseline 0.003 -19"><span class='ocrx_word' id='word_1_431' title='bbox 2308 2999 2538 3066; x_wconf 74' lang='lat' dir='ltr'><strong>profecto</strong></span> <span class='ocrx_word' id='word_1_432' title='bbox 2569 3000 2837 3063; x_wconf 88' lang='lat' dir='ltr'><strong>reclusus;</strong></span> <span class='ocrx_word' id='word_1_433' title='bbox 2866 3000 3072 3068; x_wconf 84' lang='lat' dir='ltr'><strong>lapsum</strong></span> <span class='ocrx_word' id='word_1_434' title='bbox 3099 3002 3196 3052; x_wconf 86' lang='lat' dir='ltr'><strong>viri</strong></span> <span class='ocrx_word' id='word_1_435' title='bbox 3246 3000 3336 3052; x_wconf 84' lang='grc' dir='ltr'><strong>τοῦ</strong></span> <span class='ocrx_word' id='word_1_436' title='bbox 3369 3000 3506 3053; x_wconf 79' lang='grc' dir='ltr'>πάνυ</span> <span class='ocrx_word' id='word_1_437' title='bbox 3538 3001 3843 3054; x_wconf 78' lang='lat' dir='ltr'><strong>observavit</strong></span> 
     </span>
    </p>
   </div>
   <div class='ocr_carea' id='block_1_63' title="bbox 677 3071 2201 3147">
    <p class='ocr_par' dir='ltr' id='par_1_63' title="bbox 677 3071 2201 3147">
     <span class='ocr_line' id='line_1_63' title="bbox 677 3071 2201 3147; baseline -0.005 -17"><span class='ocrx_word' id='word_1_438' title='bbox 677 3090 835 3147; x_wconf 84' lang='lat' dir='ltr'><strong>atque</strong></span> <span class='ocrx_word' id='word_1_439' title='bbox 868 3077 956 3131; x_wconf 90' lang='lat' dir='ltr'><strong>ubi</strong></span> <span class='ocrx_word' id='word_1_440' title='bbox 985 3076 1214 3130; x_wconf 85' lang='lat' dir='ltr'><strong>disserui</strong></span> <span class='ocrx_word' id='word_1_441' title='bbox 1251 3076 1316 3128; x_wconf 88' lang='lat' dir='ltr'><strong>de</strong></span> <span class='ocrx_word' id='word_1_442' title='bbox 1358 3074 1668 3142; x_wconf 86' lang='lat' dir='ltr'><strong>poenitentia</strong></span> <span class='ocrx_word' id='word_1_443' title='bbox 1714 3072 1950 3142; x_wconf 88' lang='lat' dir='ltr'><strong>publica,</strong></span> <span class='ocrx_word' id='word_1_444' title='bbox 1995 3086 2112 3139; x_wconf 89' lang='lat' dir='ltr'><strong>cap.</strong></span> <span class='ocrx_word' id='word_1_445' title='bbox 2149 3071 2201 3133; x_wconf 76' lang='grc'><strong>4,</strong></span> 
     </span>
    </p>
   </div>
   <div class='ocr_carea' id='block_1_64' title="bbox 675 3160 2202 3236">
    <p class='ocr_par' dir='ltr' id='par_1_64' title="bbox 675 3160 2202 3236">
     <span class='ocr_line' id='line_1_64' title="bbox 675 3160 2202 3236; baseline -0.005 -16"><span class='ocrx_word' id='word_1_446' title='bbox 675 3177 728 3220; x_wconf 76' lang='lat' dir='ltr'><strong>et</strong></span> <span class='ocrx_word' id='word_1_447' title='bbox 771 3168 983 3236; x_wconf 84' lang='lat' dir='ltr'><strong>quidam</strong></span> <span class='ocrx_word' id='word_1_448' title='bbox 1032 3164 1427 3235; x_wconf 78' lang='grc' dir='ltr'><strong>πρόσκλαυσιν,</strong></span> <span class='ocrx_word' id='word_1_449' title='bbox 1476 3179 1568 3218; x_wconf 89' lang='lat' dir='ltr'><strong>seu</strong></span> <span class='ocrx_word' id='word_1_450' title='bbox 1612 3163 1871 3231; x_wconf 87' lang='lat' dir='ltr'><strong>ploratum</strong></span> <span class='ocrx_word' id='word_1_451' title='bbox 1924 3172 1975 3215; x_wconf 89' lang='lat' dir='ltr'><strong>et</strong></span> <span class='ocrx_word' id='word_1_452' title='bbox 2023 3160 2202 3214; x_wconf 84' lang='lat' dir='ltr'><strong>ﬂetum</strong></span> 
     </span>
    </p>
   </div>
   <div class='ocr_carea' id='block_1_65' title="bbox 677 3248 2203 3320">
    <p class='ocr_par' dir='ltr' id='par_1_65' title="bbox 677 3248 2203 3320">
     <span class='ocr_line' id='line_1_65' title="bbox 677 3248 2203 3320; baseline -0.007 -12"><span class='ocrx_word' id='word_1_453' title='bbox 677 3256 931 3318; x_wconf 83' lang='lat' dir='ltr'><strong>edebant;</strong></span> <span class='ocrx_word' id='word_1_454' title='bbox 958 3253 1046 3307; x_wconf 89' lang='lat' dir='ltr'><strong>alii</strong></span> <span class='ocrx_word' id='word_1_455' title='bbox 1074 3254 1402 3320; x_wconf 89' lang='lat' dir='ltr'><strong>usurpabant</strong></span> <span class='ocrx_word' id='word_1_456' title='bbox 1422 3251 1696 3319; x_wconf 82' lang='grc' dir='ltr'><strong>ἀκρόασιν,</strong></span> <span class='ocrx_word' id='word_1_457' title='bbox 1736 3249 1848 3303; x_wconf 86' lang='lat' dir='ltr'><strong>sive</strong></span> <span class='ocrx_word' id='word_1_458' title='bbox 1881 3248 2203 3301; x_wconf 87' lang='lat' dir='ltr'><strong>audientiam</strong></span> 
     </span>
    </p>
   </div>
   <div class='ocr_carea' id='block_1_66' title="bbox 676 3338 2201 3411">
    <p class='ocr_par' dir='ltr' id='par_1_66' title="bbox 676 3338 2201 3411">
     <span class='ocr_line' id='line_1_66' title="bbox 676 3338 2201 3411; baseline -0.003 -17"><span class='ocrx_word' id='word_1_459' title='bbox 676 3345 906 3411; x_wconf 78' lang='lat' dir='ltr'><strong>deputati</strong></span> <span class='ocrx_word' id='word_1_460' title='bbox 961 3354 1077 3397; x_wconf 89' lang='lat' dir='ltr'><strong>cum</strong></span> <span class='ocrx_word' id='word_1_461' title='bbox 1135 3342 1530 3395; x_wconf 85' lang='lat' dir='ltr'><strong>eatechumcnis</strong></span> <span class='ocrx_word' id='word_1_462' title='bbox 1585 3338 1928 3392; x_wconf 89' lang='lat' dir='ltr'><strong>audientibus</strong></span> <span class='ocrx_word' id='word_1_463' title='bbox 1982 3338 2201 3391; x_wconf 87' lang='lat' dir='ltr'><strong>verbum</strong></span> 
     </span>
    </p>
   </div>
   <div class='ocr_carea' id='block_1_67' title="bbox 675 3427 2201 3495">
    <p class='ocr_par' dir='ltr' id='par_1_67' title="bbox 675 3427 2201 3495">
     <span class='ocr_line' id='line_1_67' title="bbox 675 3427 2201 3495; baseline -0.004 -10"><span class='ocrx_word' id='word_1_464' title='bbox 675 3431 902 3493; x_wconf 89' lang='lat' dir='ltr'><strong>Domini;</strong></span> <span class='ocrx_word' id='word_1_465' title='bbox 934 3430 1170 3482; x_wconf 90' lang='lat' dir='ltr'><strong>nonnulli</strong></span> <span class='ocrx_word' id='word_1_466' title='bbox 1207 3430 1553 3488; x_wconf 79' lang='grc' dir='ltr'><strong>ὐπόπτευσιν,</strong></span> <span class='ocrx_word' id='word_1_467' title='bbox 1583 3428 2001 3494; x_wconf 85' lang='lat' dir='ltr'><strong>contemplantes</strong></span> <span class='ocrx_word' id='word_1_468' title='bbox 2036 3427 2201 3495; x_wconf 90' lang='lat' dir='ltr'><strong>dispi-</strong></span> 
     </span>
    </p>
   </div>
   <div class='ocr_carea' id='block_1_68' title="bbox 674 3516 2201 3585">
    <p class='ocr_par' dir='ltr' id='par_1_68' title="bbox 674 3516 2201 3585">
     <span class='ocr_line' id='line_1_68' title="bbox 674 3516 2201 3585; baseline -0.003 -12"><span class='ocrx_word' id='word_1_469' title='bbox 674 3521 881 3573; x_wconf 85' lang='lat' dir='ltr'><strong>ciebant</strong></span> <span class='ocrx_word' id='word_1_470' title='bbox 926 3519 1143 3570; x_wconf 89' lang='lat' dir='ltr'><strong>humum</strong></span> <span class='ocrx_word' id='word_1_471' title='bbox 1188 3532 1305 3571; x_wconf 90' lang='lat' dir='ltr'><strong>cum</strong></span> <span class='ocrx_word' id='word_1_472' title='bbox 1350 3517 1769 3585; x_wconf 87' lang='lat' dir='ltr'><strong>competentibus</strong></span> <span class='ocrx_word' id='word_1_473' title='bbox 1818 3516 2201 3580; x_wconf 87' lang='lat' dir='ltr'><strong>meditahundi,</strong></span> 
     </span>
    </p>
   </div>
   <div class='ocr_carea' id='block_1_69' title="bbox 678 3601 2204 3671">
    <p class='ocr_par' dir='ltr' id='par_1_69' title="bbox 678 3601 2204 3671">
     <span class='ocr_line' id='line_1_69' title="bbox 678 3601 2204 3671; baseline -0.002 -11"><span class='ocrx_word' id='word_1_474' title='bbox 678 3626 779 3663; x_wconf 88' lang='lat' dir='ltr'><strong>non</strong></span> <span class='ocrx_word' id='word_1_475' title='bbox 836 3608 976 3660; x_wconf 79' lang='lat' dir='ltr'><strong>velut</strong></span> <span class='ocrx_word' id='word_1_476' title='bbox 1007 3606 1256 3669; x_wconf 77' lang='grc' dir='ltr'><strong>ἐπόπται,</strong></span> <span class='ocrx_word' id='word_1_477' title='bbox 1286 3604 1336 3658; x_wconf 88' lang='lat' dir='ltr'><strong>id</strong></span> <span class='ocrx_word' id='word_1_478' title='bbox 1366 3613 1447 3657; x_wconf 87' lang='lat' dir='ltr'><strong>est</strong></span> <span class='ocrx_word' id='word_1_479' title='bbox 1506 3603 1843 3671; x_wconf 89' lang='lat' dir='ltr'><strong>inspicientes</strong></span> <span class='ocrx_word' id='word_1_480' title='bbox 1878 3604 1929 3655; x_wconf 91' lang='lat' dir='ltr'><strong>in</strong></span> <span class='ocrx_word' id='word_1_481' title='bbox 1967 3601 2204 3671; x_wconf 86' lang='lat' dir='ltr'><strong>profanis</strong></span> 
     </span>
    </p>
   </div>
   <div class='ocr_carea' id='block_1_70' title="bbox 678 3690 2205 3759">
    <p class='ocr_par' dir='ltr' id='par_1_70' title="bbox 678 3690 2205 3759">
     <span class='ocr_line' id='line_1_70' title="bbox 678 3690 2205 3759; baseline -0.003 -11"><span class='ocrx_word' id='word_1_482' title='bbox 678 3697 827 3749; x_wconf 83' lang='lat' dir='ltr'><strong>Isidis</strong></span> <span class='ocrx_word' id='word_1_483' title='bbox 858 3694 1040 3758; x_wconf 87' lang='lat' dir='ltr'><strong>sacris,</strong></span> <span class='ocrx_word' id='word_1_484' title='bbox 1081 3694 1171 3747; x_wconf 83' lang='lat' dir='ltr'><strong>sed</strong></span> <span class='ocrx_word' id='word_1_485' title='bbox 1209 3692 1447 3759; x_wconf 82' lang='lat' dir='ltr'><strong>exetnplo</strong></span> <span class='ocrx_word' id='word_1_486' title='bbox 1482 3690 1755 3745; x_wconf 85' lang='lat' dir='ltr'><strong>Publicani</strong></span> <span class='ocrx_word' id='word_1_487' title='bbox 1797 3706 1903 3743; x_wconf 91' lang='lat' dir='ltr'><strong>non</strong></span> <span class='ocrx_word' id='word_1_488' title='bbox 1941 3692 2205 3744; x_wconf 86' lang='lat' dir='ltr'><strong>audebant</strong></span> 
     </span>
    </p>
   </div>
   <div class='ocr_carea' id='block_1_71' title="bbox 677 3779 2201 3855">
    <p class='ocr_par' dir='ltr' id='par_1_71' title="bbox 677 3779 2201 3855">
     <span class='ocr_line' id='line_1_71' title="bbox 677 3779 2201 3855; baseline -0.003 -20"><span class='ocrx_word' id='word_1_489' title='bbox 677 3784 913 3837; x_wconf 72' lang='lat' dir='ltr'><strong>attollere</strong></span> <span class='ocrx_word' id='word_1_490' title='bbox 938 3782 1140 3849; x_wconf 88' lang='lat' dir='ltr'><strong>oculos,</strong></span> <span class='ocrx_word' id='word_1_491' title='bbox 1173 3780 1380 3855; x_wconf 82' lang='lat' dir='ltr'><strong>obstipo</strong></span> <span class='ocrx_word' id='word_1_492' title='bbox 1414 3781 1607 3848; x_wconf 87' lang='lat' dir='ltr'><strong>capite,</strong></span> <span class='ocrx_word' id='word_1_493' title='bbox 1661 3789 1713 3832; x_wconf 83' lang='lat' dir='ltr'><strong>et</strong></span> <span class='ocrx_word' id='word_1_494' title='bbox 1744 3779 1963 3848; x_wconf 79' lang='lat' dir='ltr'><strong>ligentes</strong></span> <span class='ocrx_word' id='word_1_495' title='bbox 2000 3780 2201 3832; x_wconf 89' lang='lat' dir='ltr'><strong>lumina</strong></span> 
     </span>
    </p>
   </div>
   <div class='ocr_carea' id='block_1_72' title="bbox 678 3868 2204 3936">
    <p class='ocr_par' dir='ltr' id='par_1_72' title="bbox 678 3868 2204 3936">
     <span class='ocr_line' id='line_1_72' title="bbox 678 3868 2204 3936; baseline -0.003 -12"><span class='ocrx_word' id='word_1_496' title='bbox 678 3883 845 3936; x_wconf 70' lang='lat' dir='ltr'><strong>terrm,</strong></span> <span class='ocrx_word' id='word_1_497' title='bbox 886 3870 1090 3930; x_wconf 89' lang='lat' dir='ltr'><strong>cernui,</strong></span> <span class='ocrx_word' id='word_1_498' title='bbox 1126 3869 1230 3922; x_wconf 89' lang='lat' dir='ltr'><strong>imo</strong></span> <span class='ocrx_word' id='word_1_499' title='bbox 1275 3868 1451 3935; x_wconf 85' lang='lat' dir='ltr'><strong>potius</strong></span> <span class='ocrx_word' id='word_1_500' title='bbox 1501 3868 1826 3932; x_wconf 83' lang='grc' dir='ltr'><strong>ὑπόπτωσιν,</strong></span> <span class='ocrx_word' id='word_1_501' title='bbox 1862 3870 1981 3934; x_wconf 86' lang='lat' dir='ltr'><strong>quia</strong></span> <span class='ocrx_word' id='word_1_502' title='bbox 2028 3868 2204 3921; x_wconf 84' lang='lat' dir='ltr'><strong>ﬂecte-</strong></span> 
     </span>
    </p>
   </div>
   <div class='ocr_carea' id='block_1_73' title="bbox 681 3955 2206 4030">
    <p class='ocr_par' dir='ltr' id='par_1_73' title="bbox 681 3955 2206 4030">
     <span class='ocr_line' id='line_1_73' title="bbox 681 3955 2206 4030; baseline -0.001 -19"><span class='ocrx_word' id='word_1_503' title='bbox 681 3964 803 4013; x_wconf 87' lang='lat' dir='ltr'><strong>bant</strong></span> <span class='ocrx_word' id='word_1_504' title='bbox 832 3974 1000 4030; x_wconf 80' lang='lat' dir='ltr'><strong>genua</strong></span> <span class='ocrx_word' id='word_1_505' title='bbox 1031 3957 1274 4019; x_wconf 85' lang='lat' dir='ltr'><strong>subinde,</strong></span> <span class='ocrx_word' id='word_1_506' title='bbox 1302 3955 1440 4023; x_wconf 85' lang='lat' dir='ltr'><strong>quod</strong></span> <span class='ocrx_word' id='word_1_507' title='bbox 1465 3955 1516 4007; x_wconf 92' lang='lat' dir='ltr'><strong>in</strong></span> <span class='ocrx_word' id='word_1_508' title='bbox 1551 3957 1719 4009; x_wconf 86' lang='lat' dir='ltr'><strong>sacris</strong></span> <span class='ocrx_word' id='word_1_509' title='bbox 1748 3956 2002 4009; x_wconf 89' lang='lat' dir='ltr'><strong>diaconus</strong></span> <span class='ocrx_word' id='word_1_510' title='bbox 2031 3956 2206 4009; x_wconf 88' lang='lat' dir='ltr'><strong>adhuc</strong></span> 
     </span>
    </p>
   </div>
   <div class='ocr_carea' id='block_1_74' title="bbox 680 4044 2204 4112">
    <p class='ocr_par' dir='ltr' id='par_1_74' title="bbox 680 4044 2204 4112">
     <span class='ocr_line' id='line_1_74' title="bbox 680 4044 2204 4112; baseline -0.001 -13"><span class='ocrx_word' id='word_1_511' title='bbox 680 4049 951 4111; x_wconf 84' lang='lat' dir='ltr'><strong>inclamat,</strong></span> <span class='ocrx_word' id='word_1_512' title='bbox 1007 4045 1346 4101; x_wconf 86' lang='lat' dir='ltr'><strong>succidebant</strong></span> <span class='ocrx_word' id='word_1_513' title='bbox 1392 4045 1443 4097; x_wconf 92' lang='lat' dir='ltr'><strong>iu</strong></span> <span class='ocrx_word' id='word_1_514' title='bbox 1494 4060 1700 4112; x_wconf 77' lang='lat' dir='ltr'><strong>genua,</strong></span> <span class='ocrx_word' id='word_1_515' title='bbox 1747 4052 1800 4096; x_wconf 89' lang='lat' dir='ltr'><strong>et</strong></span> <span class='ocrx_word' id='word_1_516' title='bbox 1841 4044 1906 4098; x_wconf 89' lang='lat' dir='ltr'><strong>de</strong></span> <span class='ocrx_word' id='word_1_517' title='bbox 1947 4045 2204 4111; x_wconf 74' lang='lat' dir='ltr'><strong>geniculis</strong></span> 
     </span>
    </p>
   </div>
   <div class='ocr_carea' id='block_1_75' title="bbox 680 4132 2204 4204">
    <p class='ocr_par' dir='ltr' id='par_1_75' title="bbox 680 4132 2204 4204">
     <span class='ocr_line' id='line_1_75' title="bbox 680 4132 2204 4204; baseline 0.001 -15"><span class='ocrx_word' id='word_1_518' title='bbox 680 4138 981 4201; x_wconf 79' lang='lat' dir='ltr'><strong>adorabant,</strong></span> <span class='ocrx_word' id='word_1_519' title='bbox 1015 4136 1089 4189; x_wconf 93' lang='lat' dir='ltr'><strong>uti</strong></span> <span class='ocrx_word' id='word_1_520' title='bbox 1131 4136 1368 4204; x_wconf 87' lang='lat' dir='ltr'><strong>loquitur</strong></span> <span class='ocrx_word' id='word_1_521' title='bbox 1396 4132 1780 4197; x_wconf 87' lang='lat' dir='ltr'><strong>Tertullianus,</strong></span> <span class='ocrx_word' id='word_1_522' title='bbox 1808 4133 2126 4188; x_wconf 87' lang='lat' dir='ltr'><strong>inclinantes</strong></span> <span class='ocrx_word' id='word_1_523' title='bbox 2150 4148 2204 4191; x_wconf 84' lang='lat' dir='ltr'><strong>se</strong></span> 
     </span>
    </p>
   </div>
   <div class='ocr_carea' id='block_1_76' title="bbox 600 4221 2201 4296">
    <p class='ocr_par' dir='ltr' id='par_1_76' title="bbox 600 4221 2201 4296">
     <span class='ocr_line' id='line_1_76' title="bbox 600 4221 2201 4296; baseline 0.002 -23"><span class='ocrx_word' id='word_1_524' title='bbox 600 4238 601 4241; x_wconf 43' lang='grc' dir='ltr'><strong>η</strong></span> <span class='ocrx_word' id='word_1_525' title='bbox 678 4224 1031 4289; x_wconf 77' lang='grc' dir='ltr'><strong>γονυκλίσεσι.</strong></span> <span class='ocrx_word' id='word_1_526' title='bbox 1075 4223 1149 4277; x_wconf 87' lang='lat' dir='ltr'><strong>Ita</strong></span> <span class='ocrx_word' id='word_1_527' title='bbox 1201 4224 1385 4277; x_wconf 88' lang='lat' dir='ltr'><strong>orabat</strong></span> <span class='ocrx_word' id='word_1_528' title='bbox 1435 4232 1651 4277; x_wconf 90' lang='lat' dir='ltr'><strong>sanctus</strong></span> <span class='ocrx_word' id='word_1_529' title='bbox 1702 4221 1898 4296; x_wconf 85' lang='lat' dir='ltr'><strong>Paulus</strong></span> <span class='ocrx_word' id='word_1_530' title='bbox 1933 4238 1981 4276; x_wconf 92' lang='lat' dir='ltr'><strong>c.</strong></span> <span class='ocrx_word' id='word_1_531' title='bbox 2032 4237 2093 4278; x_wconf 86' lang='grc' dir='ltr'><strong>ιιι</strong></span> <span class='ocrx_word' id='word_1_532' title='bbox 2136 4224 2201 4277; x_wconf 85' lang='lat' dir='ltr'><strong>ad</strong></span> 
     </span>
    </p>
   </div>
   <div class='ocr_carea' id='block_1_77' title="bbox 2308 3088 3839 3145">
    <p class='ocr_par' dir='ltr' id='par_1_77' title="bbox 2308 3088 3839 3145">
     <span class='ocr_line' id='line_1_77' title="bbox 2308 3088 3839 3145; baseline 0.003 -6"><span class='ocrx_word' id='word_1_533' title='bbox 2308 3095 2359 3139; x_wconf 89' lang='lat' dir='ltr'><strong>et</strong></span> <span class='ocrx_word' id='word_1_534' title='bbox 2388 3088 2686 3140; x_wconf 81' lang='lat' dir='ltr'><strong>emendavit</strong></span> <span class='ocrx_word' id='word_1_535' title='bbox 2724 3088 3067 3142; x_wconf 85' lang='lat' dir='ltr'><strong>doctissimus</strong></span> <span class='ocrx_word' id='word_1_536' title='bbox 3105 3089 3361 3143; x_wconf 79' lang='lat' dir='ltr'><strong>Possinus</strong></span> <span class='ocrx_word' id='word_1_537' title='bbox 3390 3090 3440 3143; x_wconf 92' lang='lat' dir='ltr'><strong>in</strong></span> <span class='ocrx_word' id='word_1_538' title='bbox 3474 3091 3743 3145; x_wconf 87' lang='lat' dir='ltr'><strong>Glossario</strong></span> <span class='ocrx_word' id='word_1_539' title='bbox 3770 3094 3839 3145; x_wconf 81' lang='lat' dir='ltr'><strong>ad</strong></span> 
     </span>
    </p>
   </div>
   <div class='ocr_carea' id='block_1_78' title="bbox 2306 3173 3839 3243">
    <p class='ocr_par' dir='ltr' id='par_1_78' title="bbox 2306 3173 3839 3243">
     <span class='ocr_line' id='line_1_78' title="bbox 2306 3173 3839 3243; baseline 0.004 -18"><span class='ocrx_word' id='word_1_540' title='bbox 2306 3173 2664 3227; x_wconf 86' lang='lat' dir='ltr'><strong>Andronicum</strong></span> <span class='ocrx_word' id='word_1_541' title='bbox 2718 3174 2910 3243; x_wconf 79' lang='lat' dir='ltr'><strong>Georg.</strong></span> <span class='ocrx_word' id='word_1_542' title='bbox 2964 3177 3329 3243; x_wconf 74' lang='lat' dir='ltr'><strong>l’achymeris,</strong></span> <span class='ocrx_word' id='word_1_543' title='bbox 3373 3188 3423 3230; x_wconf 87' lang='lat' dir='ltr'><strong>et</strong></span> <span class='ocrx_word' id='word_1_544' title='bbox 3471 3178 3839 3243; x_wconf 79' lang='lat' dir='ltr'><strong>hujuscemodi</strong></span> 
     </span>
    </p>
   </div>
   <div class='ocr_carea' id='block_1_79' title="bbox 2306 3258 3835 3324">
    <p class='ocr_par' dir='ltr' id='par_1_79' title="bbox 2306 3258 3835 3324">
     <span class='ocr_line' id='line_1_79' title="bbox 2306 3258 3835 3324; baseline 0.001 -9"><span class='ocrx_word' id='word_1_545' title='bbox 2306 3264 2587 3316; x_wconf 87' lang='lat' dir='ltr'><strong>conclusos</strong></span> <span class='ocrx_word' id='word_1_546' title='bbox 2614 3263 2665 3314; x_wconf 92' lang='lat' dir='ltr'><strong>iu</strong></span> <span class='ocrx_word' id='word_1_547' title='bbox 2698 3262 2978 3324; x_wconf 90' lang='lat' dir='ltr'><strong>cubiculis,</strong></span> <span class='ocrx_word' id='word_1_548' title='bbox 3001 3271 3053 3315; x_wconf 89' lang='lat' dir='ltr'><strong>et</strong></span> <span class='ocrx_word' id='word_1_549' title='bbox 3092 3258 3349 3324; x_wconf 63' lang='grc' dir='ltr'><strong>οἰκιακοῖς</strong></span> <span class='ocrx_word' id='word_1_550' title='bbox 3397 3263 3569 3317; x_wconf 89' lang='lat' dir='ltr'><strong>dictos</strong></span> <span class='ocrx_word' id='word_1_551' title='bbox 3615 3266 3835 3317; x_wconf 80' lang='grc' dir='ltr'><strong>κουϐου-</strong></span> 
     </span>
    </p>
   </div>
   <div class='ocr_carea' id='block_1_80' title="bbox 2306 3352 3841 3420">
    <p class='ocr_par' dir='ltr' id='par_1_80' title="bbox 2306 3352 3841 3420">
     <span class='ocr_line' id='line_1_80' title="bbox 2306 3352 3841 3420; baseline 0.003 -16"><span class='ocrx_word' id='word_1_552' title='bbox 2306 3353 2568 3415; x_wconf 81' lang='grc' dir='ltr'><strong>κλεισιους</strong></span> <span class='ocrx_word' id='word_1_553' title='bbox 2619 3352 2835 3405; x_wconf 86' lang='lat' dir='ltr'><strong>adnotat</strong></span> <span class='ocrx_word' id='word_1_554' title='bbox 2884 3354 3041 3405; x_wconf 87' lang='lat' dir='ltr'><strong>etiam</strong></span> <span class='ocrx_word' id='word_1_555' title='bbox 3085 3367 3114 3404; x_wconf 67' lang='grc' dir='ltr'>(ι</span> <span class='ocrx_word' id='word_1_556' title='bbox 3156 3354 3415 3420; x_wconf 77' lang='lat' dir='ltr'><strong>scriptore</strong></span> <span class='ocrx_word' id='word_1_557' title='bbox 3472 3352 3602 3407; x_wconf 57' lang='lat' dir='ltr'><strong>Vita</strong></span> <span class='ocrx_word' id='word_1_558' title='bbox 3640 3366 3841 3408; x_wconf 72' lang='lat' dir='ltr'><strong>sancta:</strong></span> 
     </span>
    </p>
   </div>
   <div class='ocr_carea' id='block_1_81' title="bbox 2306 3440 3833 3512">
    <p class='ocr_par' dir='ltr' id='par_1_81' title="bbox 2306 3440 3833 3512">
     <span class='ocr_line' id='line_1_81' title="bbox 2306 3440 3833 3512; baseline 0.003 -21"><span class='ocrx_word' id='word_1_559' title='bbox 2306 3440 2481 3493; x_wconf 66' lang='lat' dir='ltr'><strong>Mariae</strong></span> <span class='ocrx_word' id='word_1_560' title='bbox 2504 3441 3042 3510; x_wconf 75' lang='lat' dir='ltr'><strong>junioris‘anonymo,</strong></span> <span class='ocrx_word' id='word_1_561' title='bbox 3084 3442 3264 3495; x_wconf 89' lang='lat' dir='ltr'><strong>codice</strong></span> <span class='ocrx_word' id='word_1_562' title='bbox 3296 3441 3548 3497; x_wconf 84' lang='lat' dir='ltr'><strong>Vaticano</strong></span> <span class='ocrx_word' id='word_1_563' title='bbox 3568 3444 3687 3506; x_wconf 87' lang='lat'><strong>800,</strong></span> <span class='ocrx_word' id='word_1_564' title='bbox 3714 3460 3833 3512; x_wconf 80' lang='lat' dir='ltr'><strong>pag.</strong></span> 
     </span>
    </p>
   </div>
   <div class='ocr_carea' id='block_1_82' title="bbox 2306 3529 3839 3601">
    <p class='ocr_par' dir='ltr' id='par_1_82' title="bbox 2306 3529 3839 3601">
     <span class='ocr_line' id='line_1_82' title="bbox 2306 3529 3839 3601; baseline 0.003 -21"><span class='ocrx_word' id='word_1_565' title='bbox 2306 3529 2423 3591; x_wconf 65' lang='lat'><strong>492.</strong></span> <span class='ocrx_word' id='word_1_566' title='bbox 2453 3530 2864 3597; x_wconf 84' lang='lat' dir='ltr'><strong>Opponebantur</strong></span> <span class='ocrx_word' id='word_1_567' title='bbox 2890 3541 2941 3583; x_wconf 92' lang='lat' dir='ltr'><strong>et</strong></span> <span class='ocrx_word' id='word_1_568' title='bbox 2969 3530 3327 3595; x_wconf 72' lang='grc' dir='ltr'><strong>κοινοϐιὼταις</strong></span> <span class='ocrx_word' id='word_1_569' title='bbox 3364 3533 3426 3586; x_wconf 85' lang='grc' dir='ltr'><strong>-Ιιί</strong></span> <span class='ocrx_word' id='word_1_570' title='bbox 3467 3535 3559 3601; x_wconf 87' lang='lat' dir='ltr'><strong>qui</strong></span> <span class='ocrx_word' id='word_1_571' title='bbox 3605 3535 3839 3601; x_wconf 88' lang='lat' dir='ltr'><strong>appella-</strong></span> 
     </span>
    </p>
   </div>
   <div class='ocr_carea' id='block_1_83' title="bbox 2304 3619 3835 3687">
    <p class='ocr_par' dir='ltr' id='par_1_83' title="bbox 2304 3619 3835 3687">
     <span class='ocr_line' id='line_1_83' title="bbox 2304 3619 3835 3687; baseline 0.003 -18"><span class='ocrx_word' id='word_1_572' title='bbox 2304 3619 2829 3687; x_wconf 64' lang='grc' dir='ltr'>ιιιιιιιιιιὴσυχασταὶ,</span> <span class='ocrx_word' id='word_1_573' title='bbox 2862 3619 3301 3672; x_wconf 87' lang='lat' dir='ltr'><strong>anachoretarum</strong></span> <span class='ocrx_word' id='word_1_574' title='bbox 3342 3624 3538 3687; x_wconf 83' lang='lat' dir='ltr'><strong>specie,</strong></span> <span class='ocrx_word' id='word_1_575' title='bbox 3567 3624 3784 3675; x_wconf 84' lang='lat' dir='ltr'><strong>solitarii</strong></span> <span class='ocrx_word' id='word_1_576' title='bbox 3820 3642 3835 3687; x_wconf 90' lang='lat'><strong>;</strong></span> 
     </span>
    </p>
   </div>
   <div class='ocr_carea' id='block_1_84' title="bbox 2303 3698 3839 3778">
    <p class='ocr_par' dir='ltr' id='par_1_84' title="bbox 2303 3698 3839 3778">
     <span class='ocr_line' id='line_1_84' title="bbox 2303 3698 3839 3778; baseline 0.003 -19"><span class='ocrx_word' id='word_1_577' title='bbox 2303 3716 2543 3760; x_wconf 87' lang='lat' dir='ltr'><strong>amantes</strong></span> <span class='ocrx_word' id='word_1_578' title='bbox 2581 3709 2775 3777; x_wconf 90' lang='lat' dir='ltr'><strong>quietis</strong></span> <span class='ocrx_word' id='word_1_579' title='bbox 2795 3748 2810 3773; x_wconf 92' lang='lat'><strong>,</strong></span> <span class='ocrx_word' id='word_1_580' title='bbox 2847 3708 3142 3776; x_wconf 68' lang='lat' dir='ltr'><strong>tranquillae.</strong></span> <span class='ocrx_word' id='word_1_581' title='bbox 3174 3698 3292 3761; x_wconf 66' lang='lat' dir='ltr'><strong>vita:</strong></span> <span class='ocrx_word' id='word_1_582' title='bbox 3321 3710 3589 3762; x_wconf 87' lang='lat' dir='ltr'><strong>studiosos</strong></span> <span class='ocrx_word' id='word_1_583' title='bbox 3618 3712 3839 3778; x_wconf 77' lang='lat' dir='ltr'><strong>exponit</strong></span> 
     </span>
    </p>
   </div>
   <div class='ocr_carea' id='block_1_85' title="bbox 2304 3796 3837 3865">
    <p class='ocr_par' dir='ltr' id='par_1_85' title="bbox 2304 3796 3837 3865">
     <span class='ocr_line' id='line_1_85' title="bbox 2304 3796 3837 3865; baseline 0.005 -20"><span class='ocrx_word' id='word_1_584' title='bbox 2304 3810 2573 3862; x_wconf 83' lang='lat' dir='ltr'><strong>nunquam</strong></span> <span class='ocrx_word' id='word_1_585' title='bbox 2615 3799 2743 3849; x_wconf 87' lang='lat' dir='ltr'><strong>satis</strong></span> <span class='ocrx_word' id='word_1_586' title='bbox 2775 3798 3021 3850; x_wconf 88' lang='lat' dir='ltr'><strong>laudatus</strong></span> <span class='ocrx_word' id='word_1_587' title='bbox 3062 3796 3315 3851; x_wconf 89' lang='lat' dir='ltr'><strong>Possinus</strong></span> <span class='ocrx_word' id='word_1_588' title='bbox 3354 3798 3406 3850; x_wconf 91' lang='lat' dir='ltr'><strong>in</strong></span> <span class='ocrx_word' id='word_1_589' title='bbox 3453 3799 3673 3865; x_wconf 83' lang='lat' dir='ltr'><strong>epistola</strong></span> <span class='ocrx_word' id='word_1_590' title='bbox 3733 3800 3837 3852; x_wconf 69' lang='lat'><strong>19?.</strong></span> 
     </span>
    </p>
   </div>
   <div class='ocr_carea' id='block_1_86' title="bbox 2280 3877 3831 3950">
    <p class='ocr_par' dir='ltr' id='par_1_86' title="bbox 2280 3877 3831 3950">
     <span class='ocr_line' id='line_1_86' title="bbox 2280 3877 3831 3950; baseline 0.007 -23"><span class='ocrx_word' id='word_1_591' title='bbox 2280 3877 2405 3945; x_wconf 80' lang='lat' dir='ltr'><strong>Nili</strong></span> <span class='ocrx_word' id='word_1_592' title='bbox 2448 3882 2512 3931; x_wconf 85' lang='lat' dir='ltr'><strong>ad</strong></span> <span class='ocrx_word' id='word_1_593' title='bbox 2548 3879 2795 3932; x_wconf 77' lang='lat' dir='ltr'><strong>Rufinum</strong></span> <span class='ocrx_word' id='word_1_594' title='bbox 2848 3884 3171 3950; x_wconf 76' lang='grc' dir='ltr'><strong>ἡσυχαστὴν,</strong></span> <span class='ocrx_word' id='word_1_595' title='bbox 3217 3884 3400 3936; x_wconf 90' lang='lat' dir='ltr'><strong>dubito</strong></span> <span class='ocrx_word' id='word_1_596' title='bbox 3439 3900 3503 3938; x_wconf 89' lang='lat' dir='ltr'><strong>an</strong></span> <span class='ocrx_word' id='word_1_597' title='bbox 3550 3886 3617 3937; x_wconf 90' lang='lat' dir='ltr'><strong>sit</strong></span> <span class='ocrx_word' id='word_1_598' title='bbox 3659 3885 3723 3949; x_wconf 91' lang='lat' dir='ltr'><strong>is,</strong></span> <span class='ocrx_word' id='word_1_599' title='bbox 3764 3886 3831 3938; x_wconf 85' lang='lat' dir='ltr'><strong>ad</strong></span> 
     </span>
    </p>
   </div>
   <div class='ocr_carea' id='block_1_87' title="bbox 2305 3966 3831 4037">
    <p class='ocr_par' dir='ltr' id='par_1_87' title="bbox 2305 3966 3831 4037">
     <span class='ocr_line' id='line_1_87' title="bbox 2305 3966 3831 4037; baseline 0.008 -23"><span class='ocrx_word' id='word_1_600' title='bbox 2305 3980 2460 4032; x_wconf 84' lang='lat' dir='ltr'><strong>quem</strong></span> <span class='ocrx_word' id='word_1_601' title='bbox 2494 3966 2630 4019; x_wconf 92' lang='lat' dir='ltr'><strong>idem</strong></span> <span class='ocrx_word' id='word_1_602' title='bbox 2674 3967 2885 4034; x_wconf 89' lang='lat' dir='ltr'><strong>scripsit</strong></span> <span class='ocrx_word' id='word_1_603' title='bbox 2918 3968 3033 4029; x_wconf 78' lang='lat'><strong>188,</strong></span> <span class='ocrx_word' id='word_1_604' title='bbox 3076 3969 3223 4021; x_wconf 89' lang='lat' dir='ltr'><strong>nullo</strong></span> <span class='ocrx_word' id='word_1_605' title='bbox 3256 3971 3435 4022; x_wconf 87' lang='lat' dir='ltr'><strong>addito</strong></span> <span class='ocrx_word' id='word_1_606' title='bbox 3462 3972 3714 4037; x_wconf 86' lang='lat' dir='ltr'><strong>epitheto.</strong></span> <span class='ocrx_word' id='word_1_607' title='bbox 3740 3974 3831 4026; x_wconf 85' lang='lat' dir='ltr'><strong>sed</strong></span> 
     </span>
    </p>
   </div>
   <div class='ocr_carea' id='block_1_88' title="bbox 2305 4052 3834 4122">
    <p class='ocr_par' dir='ltr' id='par_1_88' title="bbox 2305 4052 3834 4122">
     <span class='ocr_line' id='line_1_88' title="bbox 2305 4052 3834 4122; baseline 0.005 -19"><span class='ocrx_word' id='word_1_608' title='bbox 2305 4052 2589 4120; x_wconf 85' lang='lat' dir='ltr'><strong>utrobique</strong></span> <span class='ocrx_word' id='word_1_609' title='bbox 2632 4054 2738 4121; x_wconf 76' lang='lat' dir='ltr'><strong>agit</strong></span> <span class='ocrx_word' id='word_1_610' title='bbox 2775 4054 2839 4104; x_wconf 83' lang='lat' dir='ltr'><strong>de</strong></span> <span class='ocrx_word' id='word_1_611' title='bbox 2881 4054 3390 4120; x_wconf 85' lang='lat' dir='ltr'><strong>perturbationilms,</strong></span> <span class='ocrx_word' id='word_1_612' title='bbox 3418 4056 3535 4108; x_wconf 82' lang='lat' dir='ltr'><strong>sive</strong></span> <span class='ocrx_word' id='word_1_613' title='bbox 3572 4058 3834 4122; x_wconf 84' lang='lat' dir='ltr'><strong>passioni-</strong></span> 
     </span>
    </p>
   </div>
   <div class='ocr_carea' id='block_1_89' title="bbox 2305 4140 3833 4197">
    <p class='ocr_par' dir='ltr' id='par_1_89' title="bbox 2305 4140 3833 4197">
     <span class='ocr_line' id='line_1_89' title="bbox 2305 4140 3833 4197; baseline 0.002 -4"><span class='ocrx_word' id='word_1_614' title='bbox 2305 4140 2425 4194; x_wconf 84' lang='lat' dir='ltr'><strong>bus.</strong></span> <span class='ocrx_word' id='word_1_615' title='bbox 2484 4140 2643 4195; x_wconf 84' lang='lat' dir='ltr'><strong>lianc.</strong></span> <span class='ocrx_word' id='word_1_616' title='bbox 2682 4142 2922 4194; x_wconf 90' lang='lat' dir='ltr'><strong>ultimam</strong></span> <span class='ocrx_word' id='word_1_617' title='bbox 2984 4142 3205 4195; x_wconf 84' lang='lat' dir='ltr'><strong>Allatius</strong></span> <span class='ocrx_word' id='word_1_618' title='bbox 3257 4142 3500 4196; x_wconf 87' lang='lat' dir='ltr'><strong>inscribit</strong></span> <span class='ocrx_word' id='word_1_619' title='bbox 3556 4142 3833 4197; x_wconf 88' lang='lat' dir='ltr'><strong>Charitoni</strong></span> 
     </span>
    </p>
   </div>
   <div class='ocr_carea' id='block_1_90' title="bbox 2303 4234 3829 4316">
    <p class='ocr_par' dir='ltr' id='par_1_90' title="bbox 2303 4234 3829 4316">
     <span class='ocr_line' id='line_1_90' title="bbox 2303 4234 3829 4316; baseline 0.002 -30"><span class='ocrx_word' id='word_1_620' title='bbox 2303 4234 2340 4286; x_wconf 91' lang='lat' dir='ltr'><strong>l.</strong></span> <span class='ocrx_word' id='word_1_621' title='bbox 2374 4250 2451 4299; x_wconf 86' lang='lat' dir='ltr'><strong>Ill,</strong></span> <span class='ocrx_word' id='word_1_622' title='bbox 2479 4236 2633 4303; x_wconf 89' lang='lat' dir='ltr'><strong>epist.</strong></span> <span class='ocrx_word' id='word_1_623' title='bbox 2658 4236 2784 4301; x_wconf 65' lang='lat'><strong>264;</strong></span> <span class='ocrx_word' id='word_1_624' title='bbox 2820 4247 2873 4288; x_wconf 90' lang='lat' dir='ltr'><strong>at</strong></span> <span class='ocrx_word' id='word_1_625' title='bbox 2897 4234 3087 4289; x_wconf 75' lang='lat' dir='ltr'><strong>liuliuo</strong></span> <span class='ocrx_word' id='word_1_626' title='bbox 3114 4235 3413 4316; x_wconf 79' lang='lat' dir='ltr'><strong>perbrevem</strong></span> <span class='ocrx_word' id='word_1_627' title='bbox 3445 4235 3567 4289; x_wconf 71' lang='lat'><strong>263.</strong></span> <span class='ocrx_word' id='word_1_628' title='bbox 3597 4238 3829 4311; x_wconf 82' lang='lat' dir='ltr'><strong>Primam</strong></span> 
     </span>
    </p>
   </div>
   <div class='ocr_carea' id='block_1_91' title="bbox 680 4307 3832 4395">
    <p class='ocr_par' dir='ltr' id='par_1_91' title="bbox 680 4307 3832 4395">
     <span class='ocr_line' id='line_1_91' title="bbox 680 4307 3832 4395; baseline 0.002 -22"><span class='ocrx_word' id='word_1_629' title='bbox 680 4307 952 4395; x_wconf 59' lang='lat' dir='ltr'><strong>Ephesios.</strong></span> <span class='ocrx_word' id='word_1_630' title='bbox 996 4321 1046 4358; x_wconf 72' lang='grc' dir='ltr'><strong>νο</strong></span> <span class='ocrx_word' id='word_1_631' title='bbox 1080 4308 1177 4371; x_wconf 74' lang='lat' dir='ltr'><strong>N;</strong></span> <span class='ocrx_word' id='word_1_632' title='bbox 1208 4317 1260 4361; x_wconf 72' lang='lat' dir='ltr'><strong>et</strong></span> <span class='ocrx_word' id='word_1_633' title='bbox 1301 4317 1517 4362; x_wconf 71' lang='lat' dir='ltr'><strong>sanctus</strong></span> <span class='ocrx_word' id='word_1_634' title='bbox 1549 4308 1756 4373; x_wconf 78' lang='lat' dir='ltr'><strong>Petrus.</strong></span> <span class='ocrx_word' id='word_1_635' title='bbox 1786 4325 1834 4362; x_wconf 85' lang='lat' dir='ltr'><strong>c-</strong></span> <span class='ocrx_word' id='word_1_636' title='bbox 1865 4325 1916 4362; x_wconf 78' lang='lat' dir='ltr'><strong>Ix</strong></span> <span class='ocrx_word' id='word_1_637' title='bbox 1948 4311 2198 4387; x_wconf 73' lang='lat' dir='ltr'><strong>Actuum.</strong></span> <span class='ocrx_word' id='word_1_638' title='bbox 2230 4328 2275 4385; x_wconf 79' lang='grc' dir='ltr'>ι]</span> <span class='ocrx_word' id='word_1_639' title='bbox 2302 4334 2477 4377; x_wconf 85' lang='lat' dir='ltr'><strong>autem</strong></span> <span class='ocrx_word' id='word_1_640' title='bbox 2528 4326 2717 4377; x_wconf 74' lang='lat' dir='ltr'><strong>Rufino</strong></span> <span class='ocrx_word' id='word_1_641' title='bbox 2753 4326 2824 4377; x_wconf 89' lang='lat' dir='ltr'><strong>illi</strong></span> <span class='ocrx_word' id='word_1_642' title='bbox 2865 4326 2962 4393; x_wconf 91' lang='lat' dir='ltr'><strong>ipsi</strong></span> <span class='ocrx_word' id='word_1_643' title='bbox 3014 4307 3337 4395; x_wconf 73' lang='lat' dir='ltr'><strong>hesychastm</strong></span> <span class='ocrx_word' id='word_1_644' title='bbox 3379 4326 3415 4378; x_wconf 84' lang='grc' dir='ltr'>ι.</span> <span class='ocrx_word' id='word_1_645' title='bbox 3445 4339 3515 4388; x_wconf 73' lang='grc' dir='ltr'><strong>ιν,</strong></span> <span class='ocrx_word' id='word_1_646' title='bbox 3554 4307 3832 4393; x_wconf 60' lang='grc' dir='ltr'><strong>ρρῖειζδι,</strong></span> 
     </span>
    </p>
   </div>
   <div class='ocr_carea' id='block_1_92' title="bbox 681 4394 2204 4468">
    <p class='ocr_par' dir='ltr' id='par_1_92' title="bbox 681 4394 2204 4468">
     <span class='ocr_line' id='line_1_92' title="bbox 681 4394 2204 4468; baseline 0.003 -20"><span class='ocrx_word' id='word_1_647' title='bbox 681 4414 727 4448; x_wconf 80' lang='lat' dir='ltr'><strong>v.</strong></span> <span class='ocrx_word' id='word_1_648' title='bbox 771 4394 874 4460; x_wconf 71' lang='lat'><strong>40;</strong></span> <span class='ocrx_word' id='word_1_649' title='bbox 910 4395 1037 4463; x_wconf 91' lang='lat' dir='ltr'><strong>quin</strong></span> <span class='ocrx_word' id='word_1_650' title='bbox 1085 4397 1331 4461; x_wconf 80' lang='lat' dir='ltr'><strong>prostrati</strong></span> <span class='ocrx_word' id='word_1_651' title='bbox 1368 4398 1646 4462; x_wconf 82' lang='grc' dir='ltr'><strong>μετάνοιαν</strong></span> <span class='ocrx_word' id='word_1_652' title='bbox 1696 4398 1994 4466; x_wconf 81' lang='grc' dir='ltr'><strong>βάλλοντες,</strong></span> <span class='ocrx_word' id='word_1_653' title='bbox 2039 4400 2204 4468; x_wconf 84' lang='lat' dir='ltr'><strong>proji-</strong></span> 
     </span>
    </p>
   </div>
   <div class='ocr_carea' id='block_1_93' title="bbox 677 4482 2203 4553">
    <p class='ocr_par' dir='ltr' id='par_1_93' title="bbox 677 4482 2203 4553">
     <span class='ocr_line' id='line_1_93' title="bbox 677 4482 2203 4553; baseline 0.001 -14"><span class='ocrx_word' id='word_1_654' title='bbox 677 4486 886 4539; x_wconf 86' lang='lat' dir='ltr'><strong>eiebant</strong></span> <span class='ocrx_word' id='word_1_655' title='bbox 936 4497 1052 4536; x_wconf 83' lang='lat' dir='ltr'><strong>sese</strong></span> <span class='ocrx_word' id='word_1_656' title='bbox 1098 4482 1164 4534; x_wconf 87' lang='lat' dir='ltr'><strong>ad</strong></span> <span class='ocrx_word' id='word_1_657' title='bbox 1208 4483 1592 4549; x_wconf 61' lang='lat' dir='ltr'><strong>paenitentiam.</strong></span> <span class='ocrx_word' id='word_1_658' title='bbox 1647 4485 1822 4553; x_wconf 85' lang='lat' dir='ltr'><strong>Aliqui</strong></span> <span class='ocrx_word' id='word_1_659' title='bbox 1855 4487 2107 4541; x_wconf 79' lang='grc' dir='ltr'><strong>σύστασιν</strong></span> <span class='ocrx_word' id='word_1_660' title='bbox 2151 4490 2203 4542; x_wconf 88' lang='lat' dir='ltr'><strong>id</strong></span> 
     </span>
    </p>
   </div>
   <div class='ocr_carea' id='block_1_94' title="bbox 680 4569 2204 4639">
    <p class='ocr_par' dir='ltr' id='par_1_94' title="bbox 680 4569 2204 4639">
     <span class='ocr_line' id='line_1_94' title="bbox 680 4569 2204 4639; baseline 0.003 -15"><span class='ocrx_word' id='word_1_661' title='bbox 680 4583 760 4627; x_wconf 77' lang='lat' dir='ltr'><strong>est</strong></span> <span class='ocrx_word' id='word_1_662' title='bbox 784 4572 1082 4633; x_wconf 86' lang='lat' dir='ltr'><strong>stationem,</strong></span> <span class='ocrx_word' id='word_1_663' title='bbox 1117 4569 1469 4623; x_wconf 85' lang='lat' dir='ltr'><strong>consistentes</strong></span> <span class='ocrx_word' id='word_1_664' title='bbox 1508 4587 1627 4623; x_wconf 85' lang='lat' dir='ltr'><strong>cum</strong></span> <span class='ocrx_word' id='word_1_665' title='bbox 1660 4572 1920 4639; x_wconf 81' lang='lat' dir='ltr'><strong>ﬁdelibus,</strong></span> <span class='ocrx_word' id='word_1_666' title='bbox 1964 4576 2089 4629; x_wconf 92' lang='lat' dir='ltr'><strong>dum</strong></span> <span class='ocrx_word' id='word_1_667' title='bbox 2124 4592 2204 4629; x_wconf 87' lang='lat' dir='ltr'><strong>sa-</strong></span> 
     </span>
    </p>
   </div>
   <div class='ocr_carea' id='block_1_95' title="bbox 678 4659 2205 4727">
    <p class='ocr_par' dir='ltr' id='par_1_95' title="bbox 678 4659 2205 4727">
     <span class='ocr_line' id='line_1_95' title="bbox 678 4659 2205 4727; baseline 0.005 -14"><span class='ocrx_word' id='word_1_668' title='bbox 678 4661 934 4713; x_wconf 84' lang='lat' dir='ltr'><strong>crificium</strong></span> <span class='ocrx_word' id='word_1_669' title='bbox 990 4659 1379 4722; x_wconf 87' lang='lat' dir='ltr'><strong>celebraretur,</strong></span> <span class='ocrx_word' id='word_1_670' title='bbox 1434 4668 1615 4726; x_wconf 90' lang='lat' dir='ltr'><strong>postea</strong></span> <span class='ocrx_word' id='word_1_671' title='bbox 1676 4662 1958 4727; x_wconf 80' lang='grc' dir='ltr'><strong>μέστωσιν,</strong></span> <span class='ocrx_word' id='word_1_672' title='bbox 2018 4667 2070 4717; x_wconf 87' lang='lat' dir='ltr'><strong>id</strong></span> <span class='ocrx_word' id='word_1_673' title='bbox 2125 4677 2205 4719; x_wconf 90' lang='lat' dir='ltr'><strong>est</strong></span> 
     </span>
    </p>
   </div>
   <div class='ocr_carea' id='block_1_96' title="bbox 681 4748 2204 4820">
    <p class='ocr_par' dir='ltr' id='par_1_96' title="bbox 681 4748 2204 4820">
     <span class='ocr_line' id='line_1_96' title="bbox 681 4748 2204 4820; baseline 0.001 -18"><span class='ocrx_word' id='word_1_674' title='bbox 681 4749 1117 4817; x_wconf 87' lang='lat' dir='ltr'><strong>complementum</strong></span> <span class='ocrx_word' id='word_1_675' title='bbox 1167 4748 1526 4812; x_wconf 86' lang='lat' dir='ltr'><strong>adhibebant,</strong></span> <span class='ocrx_word' id='word_1_676' title='bbox 1586 4750 1801 4816; x_wconf 87' lang='lat' dir='ltr'><strong>quando</strong></span> <span class='ocrx_word' id='word_1_677' title='bbox 1850 4765 2039 4819; x_wconf 89' lang='lat' dir='ltr'><strong>nempe</strong></span> <span class='ocrx_word' id='word_1_678' title='bbox 2093 4769 2204 4820; x_wconf 69' lang='lat' dir='ltr'><strong>pm-</strong></span> 
     </span>
    </p>
   </div>
   <div class='ocr_carea' id='block_1_97' title="bbox 683 4836 2239 4907">
    <p class='ocr_par' dir='ltr' id='par_1_97' title="bbox 683 4836 2239 4907">
     <span class='ocr_line' id='line_1_97' title="bbox 683 4836 2239 4907; baseline 0.003 -19"><span class='ocrx_word' id='word_1_679' title='bbox 683 4836 956 4889; x_wconf 80' lang='lat' dir='ltr'><strong>nitcnti‘am</strong></span> <span class='ocrx_word' id='word_1_680' title='bbox 1000 4836 1364 4903; x_wconf 79' lang='lat' dir='ltr'><strong>expleverant,</strong></span> <span class='ocrx_word' id='word_1_681' title='bbox 1417 4845 1468 4889; x_wconf 89' lang='lat' dir='ltr'><strong>et</strong></span> <span class='ocrx_word' id='word_1_682' title='bbox 1499 4837 1947 4891; x_wconf 86' lang='lat' dir='ltr'><strong>reconciliationis</strong></span> <span class='ocrx_word' id='word_1_683' title='bbox 1997 4847 2239 4907; x_wconf 85' lang='lat' dir='ltr'><strong>tempus</strong></span> 
     </span>
    </p>
   </div>
   <div class='ocr_carea' id='block_1_98' title="bbox 683 4923 2199 4997">
    <p class='ocr_par' dir='ltr' id='par_1_98' title="bbox 683 4923 2199 4997">
     <span class='ocr_line' id='line_1_98' title="bbox 683 4923 2199 4997; baseline 0.005 -22"><span class='ocrx_word' id='word_1_684' title='bbox 683 4924 1071 4993; x_wconf 73' lang='lat' dir='ltr'><strong>exspectabant.</strong></span> <span class='ocrx_word' id='word_1_685' title='bbox 1103 4923 1251 4978; x_wconf 85' lang='lat' dir='ltr'><strong>Haud</strong></span> <span class='ocrx_word' id='word_1_686' title='bbox 1277 4926 1520 4978; x_wconf 85' lang='lat' dir='ltr'><strong>dissimili</strong></span> <span class='ocrx_word' id='word_1_687' title='bbox 1546 4927 1700 4979; x_wconf 89' lang='lat' dir='ltr'><strong>modo</strong></span> <span class='ocrx_word' id='word_1_688' title='bbox 1730 4936 1879 4979; x_wconf 82' lang='lat' dir='ltr'><strong>erant</strong></span> <span class='ocrx_word' id='word_1_689' title='bbox 1906 4937 1957 4981; x_wconf 88' lang='lat' dir='ltr'><strong>et</strong></span> <span class='ocrx_word' id='word_1_690' title='bbox 1986 4930 2199 4997; x_wconf 76' lang='lat' dir='ltr'><strong>gradus,</strong></span> 
     </span>
    </p>
   </div>
   <div class='ocr_carea' id='block_1_99' title="bbox 686 5011 2201 5081">
    <p class='ocr_par' dir='ltr' id='par_1_99' title="bbox 686 5011 2201 5081">
     <span class='ocr_line' id='line_1_99' title="bbox 686 5011 2201 5081; baseline 0.004 -18"><span class='ocrx_word' id='word_1_691' title='bbox 686 5013 807 5065; x_wconf 83' lang='lat' dir='ltr'><strong>sive.</strong></span> <span class='ocrx_word' id='word_1_692' title='bbox 840 5011 1051 5065; x_wconf 85' lang='lat' dir='ltr'><strong>ordines</strong></span> <span class='ocrx_word' id='word_1_693' title='bbox 1087 5014 1489 5076; x_wconf 90' lang='lat' dir='ltr'><strong>monachorum,</strong></span> <span class='ocrx_word' id='word_1_694' title='bbox 1537 5016 1625 5081; x_wconf 92' lang='lat' dir='ltr'><strong>qui</strong></span> <span class='ocrx_word' id='word_1_695' title='bbox 1676 5016 2045 5069; x_wconf 85' lang='lat' dir='ltr'><strong>vocitabantur</strong></span> <span class='ocrx_word' id='word_1_696' title='bbox 2095 5032 2201 5071; x_wconf 91' lang='lat' dir='ltr'><strong>non</strong></span> 
     </span>
    </p>
   </div>
   <div class='ocr_carea' id='block_1_100' title="bbox 688 5100 2204 5176">
    <p class='ocr_par' dir='ltr' id='par_1_100' title="bbox 688 5100 2204 5176">
     <span class='ocr_line' id='line_1_100' title="bbox 688 5100 2204 5176; baseline 0.008 -26"><span class='ocrx_word' id='word_1_697' title='bbox 688 5110 884 5154; x_wconf 89' lang='lat' dir='ltr'><strong>tantum</strong></span> <span class='ocrx_word' id='word_1_698' title='bbox 930 5100 1152 5170; x_wconf 89' lang='lat' dir='ltr'><strong>populus</strong></span> <span class='ocrx_word' id='word_1_699' title='bbox 1196 5109 1407 5154; x_wconf 85' lang='lat' dir='ltr'><strong>sanctus</strong></span> <span class='ocrx_word' id='word_1_700' title='bbox 1446 5102 1563 5167; x_wconf 87' lang='lat' dir='ltr'><strong>Dei,</strong></span> <span class='ocrx_word' id='word_1_701' title='bbox 1611 5112 1666 5157; x_wconf 88' lang='lat' dir='ltr'><strong>ut</strong></span> <span class='ocrx_word' id='word_1_702' title='bbox 1709 5105 2043 5169; x_wconf 63' lang='lat' dir='ltr'><strong>iti‘collecta,</strong></span> <span class='ocrx_word' id='word_1_703' title='bbox 2085 5124 2204 5176; x_wconf 80' lang='lat' dir='ltr'><strong>quae</strong></span> 
     </span>
    </p>
   </div>
   <div class='ocr_carea' id='block_1_101' title="bbox 691 5188 2203 5255">
    <p class='ocr_par' dir='ltr' id='par_1_101' title="bbox 691 5188 2203 5255">
     <span class='ocr_line' id='line_1_101' title="bbox 691 5188 2203 5255; baseline 0.006 -14"><span class='ocrx_word' id='word_1_704' title='bbox 691 5190 931 5244; x_wconf 84' lang='lat' dir='ltr'><strong>recitatur</strong></span> <span class='ocrx_word' id='word_1_705' title='bbox 966 5188 1309 5243; x_wconf 88' lang='lat' dir='ltr'><strong>hebdomadis</strong></span> <span class='ocrx_word' id='word_1_706' title='bbox 1346 5199 1537 5243; x_wconf 78' lang='lat' dir='ltr'><strong>sanctae</strong></span> <span class='ocrx_word' id='word_1_707' title='bbox 1574 5191 1702 5246; x_wconf 86' lang='lat' dir='ltr'><strong>feria</strong></span> <span class='ocrx_word' id='word_1_708' title='bbox 1739 5204 1907 5255; x_wconf 66' lang='lat' dir='ltr'><strong>seua,</strong></span> <span class='ocrx_word' id='word_1_709' title='bbox 1943 5211 2007 5249; x_wconf 91' lang='lat' dir='ltr'><strong>eo</strong></span> <span class='ocrx_word' id='word_1_710' title='bbox 2043 5212 2203 5252; x_wconf 85' lang='lat' dir='ltr'><strong>voca-</strong></span> 
     </span>
    </p>
   </div>
   <div class='ocr_carea' id='block_1_102' title="bbox 692 5276 2202 5347">
    <p class='ocr_par' dir='ltr' id='par_1_102' title="bbox 692 5276 2202 5347">
     <span class='ocr_line' id='line_1_102' title="bbox 692 5276 2202 5347; baseline 0.011 -21"><span class='ocrx_word' id='word_1_711' title='bbox 692 5276 812 5329; x_wconf 89' lang='lat' dir='ltr'><strong>bulo</strong></span> <span class='ocrx_word' id='word_1_712' title='bbox 841 5278 1228 5347; x_wconf 88' lang='lat' dir='ltr'><strong>comprehensi,</strong></span> <span class='ocrx_word' id='word_1_713' title='bbox 1258 5287 1309 5331; x_wconf 86' lang='lat' dir='ltr'><strong>et</strong></span> <span class='ocrx_word' id='word_1_714' title='bbox 1334 5292 1363 5329; x_wconf 82' lang='lat' dir='ltr'><strong>a</strong></span> <span class='ocrx_word' id='word_1_715' title='bbox 1398 5276 1612 5345; x_wconf 79' lang='lat' dir='ltr'><strong>reliquis</strong></span> <span class='ocrx_word' id='word_1_716' title='bbox 1660 5283 1808 5337; x_wconf 89' lang='lat' dir='ltr'><strong>laicis</strong></span> <span class='ocrx_word' id='word_1_717' title='bbox 1836 5287 2058 5340; x_wconf 83' lang='lat' dir='ltr'><strong>necdum</strong></span> <span class='ocrx_word' id='word_1_718' title='bbox 2090 5289 2202 5342; x_wconf 88' lang='lat' dir='ltr'><strong>dis-</strong></span> 
     </span>
    </p>
   </div>
   <div class='ocr_carea' id='block_1_103' title="bbox 691 5364 2201 5444">
    <p class='ocr_par' dir='ltr' id='par_1_103' title="bbox 691 5364 2201 5444">
     <span class='ocr_line' id='line_1_103' title="bbox 691 5364 2201 5444; baseline 0.013 -30"><span class='ocrx_word' id='word_1_719' title='bbox 691 5364 861 5429; x_wconf 85' lang='lat' dir='ltr'><strong>tincti,</strong></span> <span class='ocrx_word' id='word_1_720' title='bbox 904 5382 995 5435; x_wconf 90' lang='lat' dir='ltr'><strong>pro</strong></span> <span class='ocrx_word' id='word_1_721' title='bbox 1042 5368 1232 5435; x_wconf 80' lang='lat' dir='ltr'><strong>quibus</strong></span> <span class='ocrx_word' id='word_1_722' title='bbox 1276 5367 1562 5431; x_wconf 87' lang='lat' dir='ltr'><strong>orabatnr;</strong></span> <span class='ocrx_word' id='word_1_723' title='bbox 1617 5384 1799 5424; x_wconf 89' lang='lat' dir='ltr'><strong>verum</strong></span> <span class='ocrx_word' id='word_1_724' title='bbox 1845 5384 1897 5428; x_wconf 91' lang='lat' dir='ltr'><strong>et</strong></span> <span class='ocrx_word' id='word_1_725' title='bbox 1938 5376 2201 5444; x_wconf 80' lang='lat' dir='ltr'><strong>lugentes,</strong></span> 
     </span>
    </p>
   </div>
   <div class='ocr_carea' id='block_1_104' title="bbox 692 5454 2203 5533">
    <p class='ocr_par' dir='ltr' id='par_1_104' title="bbox 692 5454 2203 5533">
     <span class='ocr_line' id='line_1_104' title="bbox 692 5454 2203 5533; baseline 0.013 -32"><span class='ocrx_word' id='word_1_726' title='bbox 692 5462 843 5517; x_wconf 70' lang='lat' dir='ltr'><strong>atpie</strong></span> <span class='ocrx_word' id='word_1_727' title='bbox 886 5454 1214 5522; x_wconf 76' lang='lat' dir='ltr'><strong>plangentes,</strong></span> <span class='ocrx_word' id='word_1_728' title='bbox 1258 5465 1309 5510; x_wconf 81' lang='lat' dir='ltr'><strong>et</strong></span> <span class='ocrx_word' id='word_1_729' title='bbox 1370 5456 1421 5509; x_wconf 89' lang='lat' dir='ltr'><strong>in</strong></span> <span class='ocrx_word' id='word_1_730' title='bbox 1470 5458 1808 5521; x_wconf 89' lang='lat' dir='ltr'><strong>monasteria,</strong></span> <span class='ocrx_word' id='word_1_731' title='bbox 1865 5462 2203 5533; x_wconf 86' lang='lat' dir='ltr'><strong>claustraque</strong></span> 
     </span>
    </p>
   </div>
   <div class='ocr_carea' id='block_1_105' title="bbox 695 5543 2203 5617">
    <p class='ocr_par' dir='ltr' id='par_1_105' title="bbox 695 5543 2203 5617">
     <span class='ocr_line' id='line_1_105' title="bbox 695 5543 2203 5617; baseline 0.011 -26"><span class='ocrx_word' id='word_1_732' title='bbox 695 5545 829 5595; x_wconf 81' lang='lat' dir='ltr'><strong>velut</strong></span> <span class='ocrx_word' id='word_1_733' title='bbox 852 5544 901 5593; x_wconf 89' lang='lat' dir='ltr'><strong>in</strong></span> <span class='ocrx_word' id='word_1_734' title='bbox 931 5543 1252 5609; x_wconf 65' lang='lat' dir='ltr'><strong>poenitentiae</strong></span> <span class='ocrx_word' id='word_1_735' title='bbox 1280 5544 1580 5611; x_wconf 84' lang='lat' dir='ltr'><strong>domicilia,</strong></span> <span class='ocrx_word' id='word_1_736' title='bbox 1627 5549 1907 5617; x_wconf 79' lang='lat' dir='ltr'><strong>ergastula,</strong></span> <span class='ocrx_word' id='word_1_737' title='bbox 1943 5566 2203 5609; x_wconf 87' lang='lat' dir='ltr'><strong>carceres-</strong></span> 
     </span>
    </p>
   </div>
   <div class='ocr_carea' id='block_1_106' title="bbox 2304 4411 3830 4479">
    <p class='ocr_par' dir='ltr' id='par_1_106' title="bbox 2304 4411 3830 4479">
     <span class='ocr_line' id='line_1_106' title="bbox 2304 4411 3830 4479; baseline 0 -15"><span class='ocrx_word' id='word_1_738' title='bbox 2304 4414 2430 4479; x_wconf 88' lang='lat' dir='ltr'><strong>quin</strong></span> <span class='ocrx_word' id='word_1_739' title='bbox 2462 4421 2513 4465; x_wconf 90' lang='lat' dir='ltr'><strong>et</strong></span> <span class='ocrx_word' id='word_1_740' title='bbox 2533 4413 2689 4463; x_wconf 88' lang='lat' dir='ltr'><strong>aliam</strong></span> <span class='ocrx_word' id='word_1_741' title='bbox 2714 4413 2903 4464; x_wconf 76' lang='lat' dir='ltr'><strong>Rufino</strong></span> <span class='ocrx_word' id='word_1_742' title='bbox 2935 4411 3263 4465; x_wconf 84' lang='lat' dir='ltr'><strong>Scholastico</strong></span> <span class='ocrx_word' id='word_1_743' title='bbox 3292 4411 3377 4473; x_wconf 63' lang='lat'><strong>76&#39;,</strong></span> <span class='ocrx_word' id='word_1_744' title='bbox 3407 4412 3497 4465; x_wconf 89' lang='lat' dir='ltr'><strong>lib.</strong></span> <span class='ocrx_word' id='word_1_745' title='bbox 3523 4428 3560 4471; x_wconf 84' lang='grc' dir='ltr'>ι,</span> <span class='ocrx_word' id='word_1_746' title='bbox 3585 4413 3649 4464; x_wconf 86' lang='lat' dir='ltr'><strong>ad</strong></span> <span class='ocrx_word' id='word_1_747' title='bbox 3671 4427 3830 4479; x_wconf 88' lang='lat' dir='ltr'><strong>quem</strong></span> 
     </span>
    </p>
   </div>
   <div class='ocr_carea' id='block_1_107' title="bbox 2302 4480 3830 4567">
    <p class='ocr_par' dir='ltr' id='par_1_107' title="bbox 2302 4480 3830 4567">
     <span class='ocr_line' id='line_1_107' title="bbox 2302 4480 3830 4567; baseline -0.002 -13"><span class='ocrx_word' id='word_1_748' title='bbox 2302 4506 2458 4554; x_wconf 86' lang='lat' dir='ltr'><strong>etiam</strong></span> <span class='ocrx_word' id='word_1_749' title='bbox 2491 4511 2728 4567; x_wconf 85' lang='lat' dir='ltr'><strong>spectare</strong></span> <span class='ocrx_word' id='word_1_750' title='bbox 2770 4480 2995 4553; x_wconf 73' lang='lat' dir='ltr'><strong>arbitror</strong></span> <span class='ocrx_word' id='word_1_751' title='bbox 3022 4500 3084 4551; x_wconf 95' lang='lat'><strong>77</strong></span> <span class='ocrx_word' id='word_1_752' title='bbox 3118 4510 3170 4553; x_wconf 91' lang='lat' dir='ltr'><strong>et</strong></span> <span class='ocrx_word' id='word_1_753' title='bbox 3197 4500 3263 4553; x_wconf 91' lang='lat'><strong>78</strong></span> <span class='ocrx_word' id='word_1_754' title='bbox 3284 4538 3298 4561; x_wconf 95' lang='lat'><strong>,</strong></span> <span class='ocrx_word' id='word_1_755' title='bbox 3344 4516 3461 4567; x_wconf 82' lang='lat' dir='ltr'><strong>quae</strong></span> <span class='ocrx_word' id='word_1_756' title='bbox 3502 4513 3830 4567; x_wconf 80' lang='lat' dir='ltr'><strong>consequun-</strong></span> 
     </span>
    </p>
   </div>
   <div class='ocr_carea' id='block_1_108' title="bbox 2303 4587 3831 4655">
    <p class='ocr_par' dir='ltr' id='par_1_108' title="bbox 2303 4587 3831 4655">
     <span class='ocr_line' id='line_1_108' title="bbox 2303 4587 3831 4655; baseline -0.001 -12"><span class='ocrx_word' id='word_1_757' title='bbox 2303 4602 2426 4654; x_wconf 87' lang='lat' dir='ltr'><strong>tur;</strong></span> <span class='ocrx_word' id='word_1_758' title='bbox 2469 4589 2710 4641; x_wconf 79' lang='lat' dir='ltr'><strong>fortassis</strong></span> <span class='ocrx_word' id='word_1_759' title='bbox 2756 4596 2867 4639; x_wconf 89' lang='lat' dir='ltr'><strong>erat</strong></span> <span class='ocrx_word' id='word_1_760' title='bbox 2900 4587 3035 4639; x_wconf 88' lang='lat' dir='ltr'><strong>idem</strong></span> <span class='ocrx_word' id='word_1_761' title='bbox 3064 4587 3320 4648; x_wconf 77' lang='lat' dir='ltr'><strong>Rufinus,</strong></span> <span class='ocrx_word' id='word_1_762' title='bbox 3360 4588 3450 4654; x_wconf 89' lang='lat' dir='ltr'><strong>qui</strong></span> <span class='ocrx_word' id='word_1_763' title='bbox 3492 4603 3522 4640; x_wconf 87' lang='lat' dir='ltr'><strong>e</strong></span> <span class='ocrx_word' id='word_1_764' title='bbox 3552 4588 3665 4640; x_wconf 87' lang='lat' dir='ltr'><strong>foro</strong></span> <span class='ocrx_word' id='word_1_765' title='bbox 3707 4604 3831 4655; x_wconf 81' lang='lat' dir='ltr'><strong>pro-</strong></span> 
     </span>
    </p>
   </div>
   <div class='ocr_carea' id='block_1_109' title="bbox 2303 4672 3832 4743">
    <p class='ocr_par' dir='ltr' id='par_1_109' title="bbox 2303 4672 3832 4743">
     <span class='ocr_line' id='line_1_109' title="bbox 2303 4672 3832 4743; baseline 0.001 -13"><span class='ocrx_word' id='word_1_766' title='bbox 2303 4679 2481 4739; x_wconf 86' lang='lat' dir='ltr'><strong>diens,</strong></span> <span class='ocrx_word' id='word_1_767' title='bbox 2512 4672 2821 4743; x_wconf 70' lang='lat' dir='ltr'><strong>lo-gihtisque</strong></span> <span class='ocrx_word' id='word_1_768' title='bbox 2850 4676 3099 4741; x_wconf 87' lang='lat' dir='ltr'><strong>publicis,</strong></span> <span class='ocrx_word' id='word_1_769' title='bbox 3153 4690 3285 4742; x_wconf 86' lang='lat' dir='ltr'><strong>quas</strong></span> <span class='ocrx_word' id='word_1_770' title='bbox 3312 4714 3315 4715; x_wconf 46' lang='grc' dir='ltr'><em>ν</em></span> <span class='ocrx_word' id='word_1_771' title='bbox 3339 4676 3705 4743; x_wconf 78' lang='lat' dir='ltr'><strong>profitebatur,</strong></span> <span class='ocrx_word' id='word_1_772' title='bbox 3737 4692 3832 4731; x_wconf 77' lang='lat' dir='ltr'><strong>ex-</strong></span> 
     </span>
    </p>
   </div>
   <div class='ocr_carea' id='block_1_110' title="bbox 2302 4762 3831 4834">
    <p class='ocr_par' dir='ltr' id='par_1_110' title="bbox 2302 4762 3831 4834">
     <span class='ocr_line' id='line_1_110' title="bbox 2302 4762 3831 4834; baseline 0.004 -19"><span class='ocrx_word' id='word_1_773' title='bbox 2302 4763 2546 4831; x_wconf 88' lang='lat' dir='ltr'><strong>quirebat</strong></span> <span class='ocrx_word' id='word_1_774' title='bbox 2595 4778 2759 4816; x_wconf 75' lang='lat' dir='ltr'><strong>sacra:</strong></span> <span class='ocrx_word' id='word_1_775' title='bbox 2810 4762 3096 4830; x_wconf 74' lang='lat' dir='ltr'><strong>Scriptura:</strong></span> <span class='ocrx_word' id='word_1_776' title='bbox 3128 4772 3183 4816; x_wconf 93' lang='lat' dir='ltr'><strong>ut</strong></span> <span class='ocrx_word' id='word_1_777' title='bbox 3211 4762 3359 4816; x_wconf 88' lang='lat' dir='ltr'><strong>Nilus</strong></span> <span class='ocrx_word' id='word_1_778' title='bbox 3387 4764 3500 4819; x_wconf 86' lang='lat' dir='ltr'><strong>loca</strong></span> <span class='ocrx_word' id='word_1_779' title='bbox 3530 4766 3629 4820; x_wconf 90' lang='lat' dir='ltr'><strong>sibi</strong></span> <span class='ocrx_word' id='word_1_780' title='bbox 3656 4768 3831 4834; x_wconf 80' lang='lat' dir='ltr'><strong>expli-</strong></span> 
     </span>
    </p>
   </div>
   <div class='ocr_carea' id='block_1_111' title="bbox 2303 4842 3831 4921">
    <p class='ocr_par' dir='ltr' id='par_1_111' title="bbox 2303 4842 3831 4921">
     <span class='ocr_line' id='line_1_111' title="bbox 2303 4842 3831 4921; baseline 0.005 -17"><span class='ocrx_word' id='word_1_781' title='bbox 2303 4862 2467 4912; x_wconf 84' lang='lat' dir='ltr'><strong>caret,</strong></span> <span class='ocrx_word' id='word_1_782' title='bbox 2489 4867 2603 4905; x_wconf 89' lang='lat' dir='ltr'><strong>eam</strong></span> <span class='ocrx_word' id='word_1_783' title='bbox 2640 4842 2894 4912; x_wconf 82' lang='lat' dir='ltr'><strong>delibans,</strong></span> <span class='ocrx_word' id='word_1_784' title='bbox 2927 4862 2979 4905; x_wconf 90' lang='lat' dir='ltr'><strong>et</strong></span> <span class='ocrx_word' id='word_1_785' title='bbox 3002 4853 3053 4904; x_wconf 91' lang='lat' dir='ltr'><strong>ni</strong></span> <span class='ocrx_word' id='word_1_786' title='bbox 3078 4851 3252 4916; x_wconf 89' lang='lat' dir='ltr'><strong>fallor,</strong></span> <span class='ocrx_word' id='word_1_787' title='bbox 3282 4866 3456 4921; x_wconf 83' lang='lat' dir='ltr'><strong>posset</strong></span> <span class='ocrx_word' id='word_1_788' title='bbox 3477 4870 3594 4909; x_wconf 88' lang='lat' dir='ltr'><strong>esse</strong></span> <span class='ocrx_word' id='word_1_789' title='bbox 3619 4859 3831 4911; x_wconf 88' lang='lat' dir='ltr'><strong>celeber</strong></span> 
     </span>
    </p>
   </div>
   <div class='ocr_carea' id='block_1_112' title="bbox 2302 4940 3829 5012">
    <p class='ocr_par' dir='ltr' id='par_1_112' title="bbox 2302 4940 3829 5012">
     <span class='ocr_line' id='line_1_112' title="bbox 2302 4940 3829 5012; baseline 0.003 -18"><span class='ocrx_word' id='word_1_790' title='bbox 2302 4941 2388 4995; x_wconf 87' lang='lat' dir='ltr'><strong>ille</strong></span> <span class='ocrx_word' id='word_1_791' title='bbox 2424 4940 2752 5009; x_wconf 77' lang='lat' dir='ltr'><strong>Origcuista,</strong></span> <span class='ocrx_word' id='word_1_792' title='bbox 2781 4954 2877 4993; x_wconf 88' lang='lat' dir='ltr'><strong>nec</strong></span> <span class='ocrx_word' id='word_1_793' title='bbox 2910 4942 3049 4993; x_wconf 87' lang='lat' dir='ltr'><strong>enim</strong></span> <span class='ocrx_word' id='word_1_794' title='bbox 3084 4956 3249 4995; x_wconf 66' lang='lat' dir='ltr'><strong>aevum</strong></span> <span class='ocrx_word' id='word_1_795' title='bbox 3282 4942 3563 5011; x_wconf 72' lang='lat' dir='ltr'><strong>discrepat.</strong></span> <span class='ocrx_word' id='word_1_796' title='bbox 3595 4946 3829 5012; x_wconf 73' lang='grc' dir='ltr'><strong>Γαεριηλ</strong></span> 
     </span>
    </p>
   </div>
   <div class='ocr_carea' id='block_1_113' title="bbox 2304 5028 3827 5100">
    <p class='ocr_par' dir='ltr' id='par_1_113' title="bbox 2304 5028 3827 5100">
     <span class='ocr_line' id='line_1_113' title="bbox 2304 5028 3827 5100; baseline 0.005 -20"><span class='ocrx_word' id='word_1_797' title='bbox 2304 5029 2569 5097; x_wconf 68' lang='lat' dir='ltr'><strong>Movaxoii,</strong></span> <span class='ocrx_word' id='word_1_798' title='bbox 2603 5030 2691 5079; x_wconf 65' lang='grc' dir='ltr'>καὶ</span> <span class='ocrx_word' id='word_1_799' title='bbox 2719 5028 3014 5095; x_wconf 69' lang='grc' dir='ltr'>ἡσυχαστοῦ</span> <span class='ocrx_word' id='word_1_800' title='bbox 3049 5028 3139 5082; x_wconf 80' lang='grc' dir='ltr'><strong>τοῦ</strong></span> <span class='ocrx_word' id='word_1_801' title='bbox 3188 5029 3343 5100; x_wconf 76' lang='grc' dir='ltr'>ὅρους</span> <span class='ocrx_word' id='word_1_802' title='bbox 3371 5033 3579 5099; x_wconf 80' lang='grc' dir='ltr'>Λάτρου</span> <span class='ocrx_word' id='word_1_803' title='bbox 3600 5033 3827 5097; x_wconf 72' lang='grc' dir='ltr'><strong>,σχὸὶινιν</strong></span> 
     </span>
    </p>
   </div>
   <div class='ocr_carea' id='block_1_114' title="bbox 2306 5116 3828 5189">
    <p class='ocr_par' dir='ltr' id='par_1_114' title="bbox 2306 5116 3828 5189">
     <span class='ocr_line' id='line_1_114' title="bbox 2306 5116 3828 5189; baseline 0.003 -20"><span class='ocrx_word' id='word_1_804' title='bbox 2306 5118 2490 5185; x_wconf 84' lang='lat' dir='ltr'><strong>legitur</strong></span> <span class='ocrx_word' id='word_1_805' title='bbox 2529 5121 2579 5170; x_wconf 89' lang='lat' dir='ltr'><strong>in</strong></span> <span class='ocrx_word' id='word_1_806' title='bbox 2610 5118 2759 5170; x_wconf 87' lang='lat' dir='ltr'><strong>Scala</strong></span> <span class='ocrx_word' id='word_1_807' title='bbox 2810 5116 3027 5172; x_wconf 83' lang='lat' dir='ltr'><strong>Joannis</strong></span> <span class='ocrx_word' id='word_1_808' title='bbox 3072 5121 3336 5182; x_wconf 82' lang='lat' dir='ltr'><strong>Climaeis,</strong></span> <span class='ocrx_word' id='word_1_809' title='bbox 3374 5137 3424 5189; x_wconf 92' lang='lat' dir='ltr'><strong>p.</strong></span> <span class='ocrx_word' id='word_1_810' title='bbox 3458 5120 3581 5173; x_wconf 67' lang='lat'><strong>355.</strong></span> <span class='ocrx_word' id='word_1_811' title='bbox 3628 5119 3688 5171; x_wconf 91' lang='lat' dir='ltr'><strong>Ili</strong></span> <span class='ocrx_word' id='word_1_812' title='bbox 3733 5138 3828 5173; x_wconf 64' lang='lat' dir='ltr'><strong>nuo</strong></span> 
     </span>
    </p>
   </div>
   <div class='ocr_carea' id='block_1_115' title="bbox 2304 5196 3826 5277">
    <p class='ocr_par' dir='ltr' id='par_1_115' title="bbox 2304 5196 3826 5277">
     <span class='ocr_line' id='line_1_115' title="bbox 2304 5196 3826 5277; baseline 0.001 -20"><span class='ocrx_word' id='word_1_813' title='bbox 2304 5220 2421 5258; x_wconf 86' lang='lat' dir='ltr'><strong>men</strong></span> <span class='ocrx_word' id='word_1_814' title='bbox 2451 5207 2740 5259; x_wconf 87' lang='lat' dir='ltr'><strong>sortiuntur</strong></span> <span class='ocrx_word' id='word_1_815' title='bbox 2767 5207 2869 5256; x_wconf 82' lang='grc' dir='ltr'>ἀπὸ</span> <span class='ocrx_word' id='word_1_816' title='bbox 2902 5208 2995 5273; x_wconf 74' lang='grc' dir='ltr'><strong>τῆς</strong></span> <span class='ocrx_word' id='word_1_817' title='bbox 3036 5208 3279 5277; x_wconf 78' lang='grc' dir='ltr'><strong>ἡσυχίας,</strong></span> <span class='ocrx_word' id='word_1_818' title='bbox 3310 5209 3362 5261; x_wconf 88' lang='lat' dir='ltr'><strong>id</strong></span> <span class='ocrx_word' id='word_1_819' title='bbox 3384 5218 3462 5261; x_wconf 86' lang='lat' dir='ltr'><strong>est</strong></span> <span class='ocrx_word' id='word_1_820' title='bbox 3497 5196 3533 5259; x_wconf 49' lang='grc' dir='ltr'><strong>ιι</strong></span> <span class='ocrx_word' id='word_1_821' title='bbox 3573 5209 3741 5276; x_wconf 81' lang='lat' dir='ltr'><strong>quiete</strong></span> <span class='ocrx_word' id='word_1_822' title='bbox 3764 5225 3826 5259; x_wconf 87' lang='lat' dir='ltr'><strong>ac</strong></span> 
     </span>
    </p>
   </div>
   <div class='ocr_carea' id='block_1_116' title="bbox 2304 5288 3823 5363">
    <p class='ocr_par' dir='ltr' id='par_1_116' title="bbox 2304 5288 3823 5363">
     <span class='ocr_line' id='line_1_116' title="bbox 2304 5288 3823 5363; baseline 0.004 -19"><span class='ocrx_word' id='word_1_823' title='bbox 2304 5294 2525 5347; x_wconf 81' lang='lat' dir='ltr'><strong>silentio.</strong></span> <span class='ocrx_word' id='word_1_824' title='bbox 2553 5294 2625 5347; x_wconf 88' lang='lat' dir='ltr'><strong>De</strong></span> <span class='ocrx_word' id='word_1_825' title='bbox 2653 5296 2751 5346; x_wconf 86' lang='lat' dir='ltr'><strong>hac</strong></span> <span class='ocrx_word' id='word_1_826' title='bbox 2791 5295 2980 5347; x_wconf 81' lang='lat' dir='ltr'><strong>virtute.</strong></span> <span class='ocrx_word' id='word_1_827' title='bbox 3016 5296 3130 5350; x_wconf 88' lang='lat' dir='ltr'><strong>fuse</strong></span> <span class='ocrx_word' id='word_1_828' title='bbox 3163 5297 3555 5363; x_wconf 86' lang='lat' dir='ltr'><strong>suprascriptus</strong></span> <span class='ocrx_word' id='word_1_829' title='bbox 3592 5288 3823 5350; x_wconf 74' lang='lat' dir='ltr'><strong>leannes</strong></span> 
     </span>
    </p>
   </div>
   <div class='ocr_carea' id='block_1_117' title="bbox 2303 5371 3826 5454">
    <p class='ocr_par' dir='ltr' id='par_1_117' title="bbox 2303 5371 3826 5454">
     <span class='ocr_line' id='line_1_117' title="bbox 2303 5371 3826 5454; baseline 0.006 -23"><span class='ocrx_word' id='word_1_830' title='bbox 2303 5383 2465 5449; x_wconf 75' lang='lat' dir='ltr'><strong>gradu</strong></span> <span class='ocrx_word' id='word_1_831' title='bbox 2528 5384 2622 5445; x_wconf 69' lang='lat' dir='ltr'><strong>Q7,</strong></span> <span class='ocrx_word' id='word_1_832' title='bbox 2665 5399 2781 5450; x_wconf 70' lang='lat' dir='ltr'><strong>pag.</strong></span> <span class='ocrx_word' id='word_1_833' title='bbox 2824 5386 2945 5439; x_wconf 63' lang='lat'><strong>403.</strong></span> <span class='ocrx_word' id='word_1_834' title='bbox 2988 5386 3121 5439; x_wconf 86' lang='lat' dir='ltr'><strong>Istos</strong></span> <span class='ocrx_word' id='word_1_835' title='bbox 3162 5402 3265 5440; x_wconf 91' lang='lat' dir='ltr'><strong>non</strong></span> <span class='ocrx_word' id='word_1_836' title='bbox 3309 5371 3494 5454; x_wconf 40' lang='lat' dir='ltr'><strong>pziobat</strong></span> <span class='ocrx_word' id='word_1_837' title='bbox 3536 5384 3826 5440; x_wconf 84' lang='lat' dir='ltr'><strong>Cassianus</strong></span> 
     </span>
    </p>
   </div>
   <div class='ocr_carea' id='block_1_118' title="bbox 2303 5469 3823 5541">
    <p class='ocr_par' dir='ltr' id='par_1_118' title="bbox 2303 5469 3823 5541">
     <span class='ocr_line' id='line_1_118' title="bbox 2303 5469 3823 5541; baseline 0.003 -19"><span class='ocrx_word' id='word_1_838' title='bbox 2303 5469 2477 5522; x_wconf 67' lang='lat' dir='ltr'><strong>collnt.</strong></span> <span class='ocrx_word' id='word_1_839' title='bbox 2520 5472 2603 5531; x_wconf 74' lang='lat'><strong>18,</strong></span> <span class='ocrx_word' id='word_1_840' title='bbox 2654 5488 2701 5525; x_wconf 89' lang='lat' dir='ltr'><strong>c.</strong></span> <span class='ocrx_word' id='word_1_841' title='bbox 2750 5475 2812 5532; x_wconf 86' lang='lat'><strong>8,</strong></span> <span class='ocrx_word' id='word_1_842' title='bbox 2848 5474 2911 5525; x_wconf 93' lang='lat' dir='ltr'><strong>de</strong></span> <span class='ocrx_word' id='word_1_843' title='bbox 2949 5484 3137 5541; x_wconf 72' lang='lat' dir='ltr'><strong>quarto</strong></span> <span class='ocrx_word' id='word_1_844' title='bbox 3183 5490 3371 5541; x_wconf 76' lang='lat' dir='ltr'><strong>genere</strong></span> <span class='ocrx_word' id='word_1_845' title='bbox 3408 5480 3823 5534; x_wconf 74' lang='lat' dir='ltr'><strong>monachomm,</strong></span> 
     </span>
    </p>
   </div>
   <div class='ocr_carea' id='block_1_119' title="bbox 2302 5562 3828 5633">
    <p class='ocr_par' dir='ltr' id='par_1_119' title="bbox 2302 5562 3828 5633">
     <span class='ocr_line' id='line_1_119' title="bbox 2302 5562 3828 5633; baseline 0.005 -24"><span class='ocrx_word' id='word_1_846' title='bbox 2302 5562 2452 5627; x_wconf 76' lang='lat' dir='ltr'><strong>quasi</strong></span> <span class='ocrx_word' id='word_1_847' title='bbox 2490 5562 2709 5627; x_wconf 66' lang='lat' dir='ltr'><strong>tepidus,</strong></span> <span class='ocrx_word' id='word_1_848' title='bbox 2752 5564 2870 5630; x_wconf 82' lang='lat' dir='ltr'><strong>quia</strong></span> <span class='ocrx_word' id='word_1_849' title='bbox 2912 5565 3093 5617; x_wconf 71' lang='lat' dir='ltr'><strong>sedent</strong></span> <span class='ocrx_word' id='word_1_850' title='bbox 3135 5564 3407 5633; x_wconf 83' lang='lat' dir='ltr'><strong>(scribit),</strong></span> <span class='ocrx_word' id='word_1_851' title='bbox 3440 5580 3467 5615; x_wconf 87' lang='lat' dir='ltr'><strong>a</strong></span> <span class='ocrx_word' id='word_1_852' title='bbox 3507 5565 3720 5618; x_wconf 67' lang='lat' dir='ltr'><strong>nomine</strong></span> <span class='ocrx_word' id='word_1_853' title='bbox 3760 5568 3828 5616; x_wconf 80' lang='lat' dir='ltr'><strong>ta.</strong></span> 
     </span>
    </p>
   </div>
  </div>
