4058 6350
123 403 247 461 139.5

1256 404 1347 461 DE
1385 402 1749 459 erasmus
1788 404 1843 457 s.
1887 403 2065 461 NiLl.
2122 374 2137 395 ⁸

3108 402 3229 461 1222‘.

113 504 309 561 ceSSili,
342 510 392 551 et
438 501 713 567 patientes,
757 508 913 565 atque
962 504 1246 563 mansueti,
1301 518 1360 555 ac
1396 503 1617 553 humiles
1649 513 1686 560 Α
1722 500 2273 563 nomine‘monacbns,
2305 516 2396 556 seu
2439 504 2781 557 monasticam
2823 504 2979 555 vitam
3019 506 3232 570 degens,

113 589 358 642 aestimari
390 590 710 647 desiderant,
756 602 849 637 nec
879 588 940 636 ad
985 587 1351 652 perfectionem
1392 603 1620 655 unquam

114 678 435 743 perveniunt,
476 684 527 726 et
560 674 611 724 hi
648 674 862 724 forsitan
899 676 1150 739 appellari
1186 685 1404 738 possunt
1437 691 1621 725 rumn-

114 766 198 815 tiri
230 778 354 815 voce
386 762 694 830 Syr-rtsiana,
728 761 876 827 quasi
917 772 1166 811 cumules.
1194 764 1295 813 Sed
1334 763 1625 829 ὴσυχασταὶ

112 852 215 902 \eri
259 866 317 901 ac
370 849 515 916 probi
550 848 847 900 residebant
886 852 1142 900 mansueti
1196 864 1313 901 cum
1342 851 1548 901 silentio
1576 858 1625 901 et

111 938 286 1002 quiete
326 935 517 995 animi,
550 948 645 985 nec
689 935 861 985 minus
892 948 946 985 se
989 935 1089 999 piis
1138 936 1383 999 operibus
1414 952 1441 985 a
1466 936 1626 987 Edice—

113 1026 266 1085 bant,
299 1031 348 1075 et
396 1023 620 1088 ἄσκησιν
664 1036 870 1086 quoque
915 1022 965 1071 in
1007 1024 1252 1077 amanzlo.
1301 1024 1627 1089 colrtnloiluc

113 1110 294 1168 Deum,
324 1118 376 1159 et
426 1104 712 1175 diligendo,
756 1110 1157 1176 adjuvandoque
1203 1112 1499 1177 proximum
1547 1126 1628 1162 se-

111 1200 402 1257 ctabantur,
433 1196 690 1262 Θεοφιλεῖς
712 1195 869 1247 'crant
914 1196 1219 1257 Christiani,
1262 1198 1419 1265 599
1448 1199 1495 1249 id
1528 1206 1625 1259 est,

112 1294 369 1338 amatores
415 1283 500 1335 Dei
534 1283 639 1351 (ait
675 1284 785 1347 ipse
817 1282 1019 1334 Climax
1063 1286 1223 1350 gradu
1270 1287 1362 1351 l);
1410 1298 1629 1337 ornatur

110 1373 246 1423 enim
288 1371 449 1423 titulis
490 1372 635 1422 hisce
669 1369 982 1436 Χριστιανὸς
1014 1370 1288 1439 θεοφιλὴε,
1332 1373 1625 1439 ἐγκρατὴς,

114 1459 355 1526 μοναχός.
397 1456 623 1508 Sanctus
661 1454 831 1507 Lucas
854 1457 1213 1523 apostolorum
1255 1458 1415 1507 Actus
1456 1458 1632 1523 dirigit

110 1546 173 1598 ad
212 1545 583 1611 Theophilum,
621 1553 674 1597 et
712 1544 1003 1610 intelligere
1042 1545 1167 1595 mihi
1207 1544 1415 1595 videtur
1443 1560 1505 1595 eo
1534 1560 1629 1595 no-

110 1634 249 1686 mine
290 1631 661 1687 Christianum.
725 1631 983 1684 lisstitere
1038 1633 1249 1698 quidam
1312 1633 1626 1699 ἐγκρατεῖς,

110 1736 198 1773 aeu
231 1723 560 1773 continuantes
582 1758 598 1784 ,
644 1719 734 1787 qui
767 1726 820 1772 et
852 1720 1324 1787 ἐγκρατευόμενοι’
1359 1736 1386 1772 a
1426 1722 1627 1773 solatiis

1723 600 1810 640 aut
1876 591 1937 641 a1
1998 606 2111 641 eam
2173 592 2449 658 adspirans
2512 593 2940 660 signiﬁcabatur,
3008 595 3144 645 sicut
3184 605 3237 645 et

1722 677 2067 746 Θεραπευτοῦ,
2114 681 2161 729 id
2212 689 2293 730 est
2350 682 2625 732 servientis
2674 682 2811 739 Deo,
2869 696 2957 733 seu
2996 683 3151 744 servi,
3185 692 3236 733 et

1724 765 1903 816 famuli
1933 766 2027 817 -l)ci
2058 768 2303 831 epitheto,
2350 784 2410 819 ex
2442 769 2677 830 Philone,
2727 768 2969 837 Dionysio
3004 772 3231 835 Areopa—

1722 853 1827 919 gita
1870 854 2064 919 colligit
2113 862 2241 903 rth
2295 856 2405 921 ipso
2435 856 2551 907 Nilo
2582 866 2779 918 nostro,
2820 858 3096 909 cardinalis
3123 857 3238 908 1ὶυί-

1726 942 2000 1003 larminus,
2055 945 2085 991 Ι.
2138 957 2191 1004 u,
2232 956 2278 993 c.
2333 945 2379 993 ί.
2427 942 2497 995 De
2540 948 2795 995 monachis
2843 948 2972 1000 l'nse.
3013 946 3237 997 Consule

1726 1039 1971 1092 prater-ea
2051 1030 2274 1082 Mattltu'i
2335 1031 2549 1089 Ga'cni,
2614 1032 2943 1097 Wcstcapclli
3005 1033 3235 1098 Origines

1727 1113 2032 1163 monasticns
2073 1114 2237 1165 editas
2286 1112 2497 1181 Dilinga:
2544 1116 2670 1164 11⁵365
2710 1116 2758 1165 in
2791 1126 3014 1182 quarto;
3066 1117 3238 1183 lingv-

1728 1213 1841 1250 ncm
1875 1199 2175 1251 Menardum
2206 1200 2256 1251 in
2287 1199 2531 1267 Regulam
2564 1203 2722 1268 θῦε)
2752 1207 2916 1253 sancti
2953 1204 3235 1259 licttmltrti,

1726 1300 1773 1336 c.
1808 1302 1883 1346 tit,
1909 1288 1991 1334 ubi
2025 1288 2087 1337 de
2115 1287 2419 1354 λαυρήταις,
2449 1303 2477 1337 c
2503 1302 2550 1338 c.
2585 1289 2615 1339 5
2648 1288 2793 1337 l’ruti
2816 1288 3111 1351 Spiritum-2,
3137 1292 3239 1339 ἁπὸ

1725 1373 1828 1422 τῶν
1855 1374 2083 1441 neptim,
2120 1391 2147 1425 a
2178 1377 2321 1426 cellis
2345 1390 2550 1440 nempe,
2586 1377 2633 1425 in
2678 1378 2869 1441 quibus
2908 1379 3054 1427 turba
3096 1380 3237 1443 ipsu-

1730 1473 1843 1507 rttm
1898 1460 1946 1507 in
2001 1474 2159 1509 unum
2216 1461 2428 1510 collecta
2480 1476 2625 1509 more
2664 1461 3023 1524 religiosat'um
3083 1477 3237 1524 apuat

1726 1554 1857 1596 erat.
1888 1545 1924 1595 Ε
1952 1544 2255 1610 pnelationc
2283 1546 2488 1610 Regula}
2515 1546 2680 1595 sancti
2710 1544 2936 1595 Ferreoli
2956 1584 2967 1605 ,
2997 1546 3240 1595 diceban-

1728 1644 1811 1683 tur
1838 1642 1886 1681 et
1918 1634 2087 1691 nonni,
2121 1642 2169 1683 rt
2207 1634 2445 1699 religiosi,
2488 1642 2538 1684 ct
2578 1634 2953 1697 pl:il.:sopl1i,at
3001 1634 3146 1698 plura
3177 1635 3241 1681 de

1729 1722 2029 1788 gyrovagis,
2054 1732 2103 1772 et
2137 1722 2523 1773 circcllionilms
2564 1722 2629 1771 ibi
2657 1725 2774 1771 feni.
2808 1722 3007 1771 Arrinit
3036 1722 3097 1771 de
3125 1737 3238 1772 mu-

109 1808 355 1860 connubii
392 1815 545 1859 erant
585 1807 635 1858 hi
683 1807 903 1873 sejuncti
936 1844 949 1863 ,
988 1807 1422 1874 ἁποταττόμενοι,
1466 1811 1623 1861 vitam
1662 1789 1700 1841 Β
1730 1808 1898 1859 nacbo
1948 1804 2292 1860 Numatianus
2337 1822 2456 1860 cum
2505 1808 2782 1871 coniugi/nt
2832 1809 3105 1873 reliquisse
3158 1809 3239 1857 in-

110 1894 345 1945 ccehbem
374 1893 703 1946 alfectabant.
741 1893 1033 1953 Concilium
1066 1893 1482 1960 Cartliaginense
1522 1904 1628 1946 ter—

110 1978 237 2029 tium
268 1991 315 2029 c.
360 1977 454 2037 58,
503 1991 643 2030 anno
674 1977 871 2029 Christi
910 1978 1032 2039 597,
1068 1978 1116 2029 in
1148 1978 1398 2045 Africano
1446 1981 1627 2032 codice

110 2066 314 2117 illorum
354 2067 621 2127 meminit,
649 2076 701 2118 et
726 2065 1041 2118 Cresconius
1078 2067 1129 2117 in
1168 2066 1399 2119 Breviar.
1429 2069 1623 2127 c.2555,

108 2163 156 2205 et
178 2154 212 2205 l.
266 2169 333 2205 xx
367 2153 501 2207 Cod.
534 2152 798 2205 Theodos.
854 2152 921 2204 De
963 2154 1114 2219 episct
1150 2166 1195 2205 et
1223 2156 1343 2207 cler.
1378 2155 1464 2220 qui
1502 2172 1624 2206 cun-

108 2242 374 2292 tinentium
420 2255 479 2293 se
526 2242 712 2292 volans.
802 2241 972 2292 satine
1015 2242 1338 2307 nuncupari,
1378 2243 1461 2292 ubi
1512 2242 1625 2295 fuse

117 2330 458 2383 Seboliastes.
505 2329 821 2382 Dicebant-ur
848 2328 1005 2380 etiam
1038 2339 1368 2395 temperantes
1393 2370 1406 2391 ,
1462 2330 1626 2398 Hesy-

109 2416 259 2469 chius
303 2416 621 2483 ἐγκράτειαν
669 2418 1041 2483 interpretatur
1069 2418 1315 2483 ἄσκησινς
1348 2422 1628 2472 contende-

110 2504 232 2554 bant
274 2504 466 2571 quippe
517 2506 851 2565 continentes,
899 2518 960 2556 ex
1001 2503 1236 2557 Palladio
1280 2506 1329 2556 in
1371 2506 1626 2561 Lausiaca

108 2592 190 2642 τὸν
248 2592 344 2659 τῆς
412 2592 757 2659 ἐγκρατείας,
826 2591 917 2643 καὶ
980 2591 1194 2657 ἁγνείας
1264 2594 1625 2661 ἁναδήτασοαι

110 2680 380 2743 στέφανον,
405 2679 589 2741 idest,
614 2679 849 2731 redimiri
871 2694 1063 2732 corona
1092 2682 1444 2743 continentia‘,
1472 2693 1628 2750 atque

108 2767 388 2828 castitatis,
419 2768 625 2820 vivente
664 2768 836 2820 adhuc
863 2767 1025 2835 aliqui
1063 2769 1286 2836 conjuge
1306 2809 1320 2832 ,
1348 2771 1429 2822 vel
1458 2786 1488 2823 e
1518 2788 1627 2823 me-

107 2856 193 2908 dio
225 2857 452 2919 sublata,
483 2866 535 2909 et
568 2856 655 2908 alii
675 2856 814 2909 nulla
842 2857 997 2909 ducta
1055 2856 1192 2909 intra
1224 2859 1453 2923 privatas
1484 2860 1625 2914 :edes

108 2945 289 3013 aliqui.
331 2943 556 2998 Sanetus
586 2945 912 3012 Augustinus
941 2944 1054 2998 luse
1086 2948 1138 2997 in
1169 2948 1390 3008 epistola
1434 2948 1528 3000 l9'J
1562 2950 1624 3000 ad

108 3034 369 3086 Ecdiciam
408 3034 532 3100 agit,
563 3048 719 3100 quam
765 3033 1217 3102 religiosissimam
1254 3042 1409 3087 vocat
1444 3037 1622 3095 tiliam,

1726 1910 1912 1955 uuens,
1941 1903 1989 1946 et
2016 1903 2136 1946 nuta
2166 1905 2245 1947 est
2273 1895 2522 1946 Therasia
2553 1894 2754 1945 Paulini
2783 1910 2811 1945 c
2854 1896 3073 1961 conjuge
3107 1895 3239 1946 lar-ta

1723 1995 1911 2043 ειη-οη
1955 1982 2168 2033 consule
2213 1980 2564 2033 Justinianum
2607 1984 2971 2047 imperatorem
3032 1981 3238 2033 Novella

1726 2069 1843 2120 ηεξ.
1877 2069 2100 2121 Leonem
2143 2068 2255 2136 Aug
2316 2071 2403 2134 55,
2444 2071 2477 2120 l.
2513 2072 2683 2123 tCod.
2725 2072 2982 2123 'l‘hcodos.
3027 2072 3095 2121 De
3121 2087 3198 2121 mo
3223 2072 3242 2108 ἶ

1723 2158 1914 2217 nnc/tis;
1952 2168 2001 2207 et
2031 2158 2070 2208 'l.
2115 2174 2178 2208 xx
2218 2159 2347 2209 Coll.
2395 2160 2611 2217 colem,
2672 2159 2745 2209 De
2776 2160 2929 2224 episc.
2976 2169 3020 2209 ct
3052 2159 3239 2209 cleric:

1725 2247 1758 2295 Ι.
1800 2258 1904 2303 xu,
1956 2242 2144 2294 ibidem
2193 2242 2261 2293 De
2310 2245 2487 2309 ptrnis,
2538 2246 2621 2297 ubi
2666 2256 2800 2297 notae
2851 2252 3112 2311 praeclara!
3158 2256 3240 2297 at-

1723 2338 2004 2391 texuntur;
2046 2338 2095 2379 et
2131 2329 2268 2380 hunc
2307 2331 2530 2395 primunt
2573 2331 2951 2382 monachorum
3000 2332 3239 2399 gradmn,

1723 2420 1834 2469 sive
1875 2418 2146 2477 ordinem,
2188 2418 2297 2469 sive
2337 2420 2509 2485 potius
2550 2420 2652 2471 Deo
2680 2434 2794 2474 sese
2835 2421 3149 2481 dicantium,
3192 2435 3242 2473 ct

1724 2506 1787 2559 ad
1819 2507 2185 2558 monachatum
2227 2508 2549 2560 tendentium
2598 2509 2753 2561 limen
2790 2508 2952 2561 fuisse
2990 2510 3237 2560 arbitror.

1792 2595 2069 2649 Secundus
2102 2605 2215 2648 erat
2242 2606 2554 2658 ascetarnm,
2592 2612 2693 2647 non
2727 2598 3009 2665 generatim
3060 2611 3109 2649 ct
3142 2597 3242 2649 late

1724 2696 2071 2754 sumpturum,
2107 2702 2297 2739 ‘vcrum
2356 2687 2725 2754 particulatim,
2776 2695 2827 2737 et
2881 2686 3107 2753 proprie,
3152 2688 3241 2753 qui

1724 2775 1787 2826 ad
1836 2783 2018 2827 nutum
2069 2776 2329 2838 abbatmn,
2378 2791 2467 2828 seu
2521 2774 2885 2841 prmlcctorum
2935 2776 3244 2827 exercebant

1724 2878 1839 2916 sese
1882 2864 2131 2931 jejnniis,
2181 2864 2645 2926 meditationibus,
2701 2865 3059 2926 orationibus,
3106 2865 3242 2929 psal-

1724 2952 1943 3014 modiis,
1992 2960 2043 3004 et
2092 2951 2209 3004 aliis
2266 2954 2473 3018 pietatis
2530 2963 2581 3006 ct
2630 2954 2946 3021 poenitentia:
2993 2953 3245 3003 \‘at'almtl

1726 3039 1925 3101 «illiciis,
1946 3040 2054 3106 jam
2086 3040 2448 3103 Continentes,
2472 3041 2536 3093 dc
2564 3042 2757 3108 quibus
2787 3042 2973 3093 Petrus
3006 3041 3240 3091 D:nnian.

107 3122 295 3189 cuique
327 3121 509 3174 tribuit
532 3122 899 3185 reverentiam,
920 3123 1230 3191 vovisseque
1260 3138 1378 3176 cum
1416 3124 1627 3183 marito,
1658 3116 1699 3174 C
1732 3134 1919 3177 tractat
1957 3125 2008 3177 in
2059 3124 2314 3179 Sermone
2353 3128 2417 3179 de
2452 3138 2636 3179 sancto
2683 3126 2915 3186 Nicolao,
2957 3128 3119 3179 instar
3152 3127 3246 3198 Sa»

106 3226 135 3264 e
162 3225 267 3278 quo
297 3210 460 3263 lilium
496 3220 829 3279 susceperat,
859 3211 1232 3265 continentiam
1268 3213 1390 3276 Deo,
1426 3220 1622 3273 narrat,

110 3297 399 3364 annuitque
432 3307 489 3351 ut
520 3308 687 3365 gestet
729 3299 973 3352 vestitum
1022 3299 1386 3361 matronalem,
1427 3299 1515 3351 sed
1549 3298 1629 3349 in-

1731 3212 2080 3275 rabaitarum,
2117 3222 2206 3264 aut
2236 3212 2674 3275 Sarabaritarum,
2708 3214 2922 3265 forsitan
2956 3228 2982 3263 a
3020 3214 3243 3265 Samba-

1730 3312 1787 3349 ra
1833 3306 1993 3359 veste,
2034 3299 2097 3351 de
2140 3314 2241 3363 qua
2279 3300 2330 3351 in
2367 3301 2734 3352 dissertatione
2769 3314 2880 3351 mea
2924 3302 2987 3351 de
3034 3298 3244 3350 Faunae

108 3385 212 3437 vito
249 3386 362 3438 viro
386 3400 451 3438 ne
482 3387 742 3439 vidualem
782 3395 985 3454 gestare
1014 3396 1193 3452 pergat
1221 3386 1465 3453 prohibet
1503 3400 1626 3451 pru-
1675 3414 1705 3438 χ
1729 3387 1973 3447 disserui,
2008 3389 2095 3454 qui
2134 3396 2186 3441 et
2230 3389 2343 3441 suis
2389 3390 2439 3441 in
2486 3389 2783 3448 domiciliis.
2834 3400 2923 3441 aut
2980 3390 3180 3441 cellulis
3216 3409 3243 3440 a

106 3476 309 3528 denter.
353 3473 581 3528 Sanctus
629 3473 981 3541 Hieronymus
1018 3474 1067 3524 in
1109 3474 1347 3539 epistolis
1379 3472 1446 3525 28
1475 3482 1527 3525 et
1560 3474 1628 3526 29

108 3563 168 3614 ad
198 3562 558 3624 Theodoram,
590 3562 823 3615 insinuat
848 3561 978 3614 satis
1008 3576 1123 3614 eam
1158 3576 1274 3614 cum
1306 3558 1495 3614 marito
1528 3561 1629 3613 Ln-

107 3650 247 3703 cinio
274 3649 475 3703 Boatico
505 3659 707 3703 castam
738 3650 953 3703 duxisse
980 3651 1137 3702 vitam
1160 3688 1173 3711 ,
1206 3654 1288 3703 cui
1308 3651 1500 3704 doctor
1544 3651 1630 3702 ille

109 3718 259 3804 ponit
298 3731 643 3806 epitaphium,
680 3747 728 3791 et
771 3738 945 3791 mariti
979 3753 1095 3790 eam
1142 3740 1215 3788 uti
1252 3751 1487 3789 sororem
1532 3749 1628 3787 no-

109 3826 311 3889 minat;
344 3828 394 3878 in
422 3836 616 3879 sancta:
654 3826 871 3891 Agnetis
896 3825 1075 3875 Romae
1102 3832 1274 3876 exstat
1302 3818 1625 3890 epitaphium

109 3916 418 3975 Theodoro),
447 3930 565 3981 quae
600 3915 730 3965 vixit
764 3914 918 3971 annis
942 3914 1029 3977 ‘Zl,
1063 3914 1332 3967 mensibus
1362 3914 1410 3975 7,
1443 3913 1628 3967 diebus

105 4005 173 4057 9.3
236 4005 287 4056 in
332 4017 480 4069 pace.
536 4003 625 4056 Est
670 4004 955 4067 bisomum,
1006 4006 1053 4057 id
1088 4017 1195 4063 est,
1230 4006 1336 4057 duo
1383 4018 1627 4071 corpora,

110 4106 299 4158 nempe
346 4092 515 4157 ipsius
556 4100 610 4143 et
657 4093 831 4145 mariti
888 4091 1092 4159 Evagrii
1140 4093 1417 4146 continens
1457 4092 1630 4158 sepul-

107 4195 257 4233 crum
288 4195 407 4233 cum
441 4180 589 4233 hisce
624 4180 884 4244 versibus,
931 4189 985 4233 et
1012 4188 1135 4233 nota
1170 4180 1490 4235 consulum:

172 4302 498 4368 Amp/ilicone
525 4302 757 4369 sequitur
782 4301 941 4353 vitam
969 4300 1091 4351 dum
1118 4310 1264 4351 casta
1295 4300 1596 4377 Apltrodite,

181 4389 323 4442 Fecit
352 4392 418 4442 ad
442 4402 587 4442 astra
617 4394 772 4454 viam,
797 4390 989 4443 Christi
1013 4388 1158 4440 modo
1191 4390 1377 4455 gaudet
1398 4390 1448 4440 in
1473 4388 1626 4449 aula;
1660 4416 1701 4468 Β

182 4479 384 4531 Restitit
410 4480 514 4531 Ita'c
552 4479 739 4530 mundo
768 4494 961 4544 semper
984 4478 1205 4529 cazlestia
1230 4492 1457 4544 quazrens
1477 4517 1491 4541 ,

182 4568 389 4633 Optima
416 4568 665 4619 servatrix
708 4567 851 4633 legis,
882 4567 1099 4632 ﬁdeique
1134 4566 1400 4632 magistra,

182 4656 329 4708 Inter
354 4658 567 4707 eximios
604 4655 844 4706 Puradisi
877 4665 1052 4721 regnat
1076 4654 1254 4705 odores

183 4738 421 4802 Tempore
457 4740 697 4790 continuo
742 4748 949 4790 vernant
985 4739 1068 4787 ubi
1114 4740 1345 4804 gramina
1383 4739 1518 4795 rivis,

184 4825 329 4875 Dedit
361 4828 606 4892 egregiam
652 4829 844 4878 sanctis
886 4844 973 4892 per
1008 4826 1195 4877 su’rula
1226 4835 1457 4886 mentem,

190 4909 559 4978 Exspectatque
614 4914 773 4964 Deum
801 4931 1009 4980 superas
1036 4930 1132 4980 quo
1161 4922 1332 4977 surgat
1362 4914 1427 4962 ml
1454 4929 1627 4973 cetras,

187 5002 290 5049 lloc
316 4999 481 5061 posuit
514 5016 693 5063 corpus
731 5004 927 5053 tumulo
964 5002 1205 5053 mortalia
1233 5002 1462 5066 linquens

191 5083 539 5148 ("mutavitque
584 5085 750 5134 locum
778 5087 999 5152 conjuna;
1050 5086 1295 5154 Euagrius
1341 5102 1514 5136 orans.

256 5168 398 5221 DEP.
444 5171 656 5225 DlE.....

187 5256 474 5311 ANTONIO
509 5260 579 5310 Ψ.
622 5258 910 5311 SYAGRIO
935 5276 1107 5313 conss.
1157 5264 1266 5314 sive
1305 5277 1441 5313 anno
1477 5259 1537 5313 C.
1568 5258 1630 5313 N.

190 5347 288 5401 383
327 5344 408 5415 (E
452 5346 750 5413 l’anvinio).
882 5372 885 5373 ν

125 5460 269 5512 llanc
299 5457 455 5511 etiam
490 5473 728 5510 servasse
762 5458 1135 5510 continentiam
1176 5461 1224 5509 in
1264 5455 1507 5523 coniugio
1546 5457 1631 5507 illa

128 5550 305 5611 verba,
333 5554 478 5599 casta
506 5547 809 5612 Apin-edite,
829 5547 956 5598 satis
984 5547 1246 5607 mdieant;
1278 5553 1329 5595 et
1358 5542 1632 5609 Eragrium

132 5637 376 5691 maritum
452 5634 699 5686 Orantem
780 5633 978 5694 fuisse,
1055 5635 1165 5686 sive
1240 5631 1453 5695 ἱκέτην,
1530 5644 1633 5695 quo

1731 3494 1789 3532 sc
1838 3480 2153 3532 constructis
2193 3488 2460 3531 morantes
2505 3480 2797 3532 consistunt
2863 3480 3079 3531 arbitrio
3127 3495 3242 3540 sne,

1731 3555 1781 3618 ct
1845 3580 1977 3633 quos
2027 3567 2239 3617 damnat
2300 3565 2607 3627 Cassianus,
2644 3582 2821 3619 vocem
2884 3564 3242 3633 [Egyptiacazn

1732 3670 1954 3708 censcns
1982 3655 2361 3719 signiﬁcantem
2396 3656 2656 3717 renuitas,
2687 3656 2797 3705 sive
2822 3654 3062 3705 abbatem
3101 3652 3243 3703 retas

1731 3751 1922 3800 tantes,
1955 3742 2129 3791 collat.
2167 3740 2216 3799 8,
2249 3755 2298 3791 c.
2330 3740 2381 3799 '5,
2415 3741 2486 3790 uti
2522 3750 2739 3793 sanctus
2774 3739 3104 3797 Benedictus,
3134 3753 3179 3788 c.
3216 3740 3247 3788 5

1733 3828 1961 3894 Regula},
1999 3836 2160 3877 utcst
2186 3828 2369 3890 optimi
2400 3826 2628 3889 pessima
2665 3826 2951 3890 corruptio,
2988 3827 3109 3889 quia
3142 3838 3245 3876 non

1732 3916 2010 3968 servabant
2036 3922 2429 3978 actemosynen,
2465 3911 2575 3963 sive
2604 3910 2891 3963 nuditatem
2927 3926 3098 3962 rerum
3132 3926 3247 3962 Ozll-

1729 4004 1915 4064 nium,
1986 4009 2487 4068 paupertatemque:
2525 4008 2751 4060 arctam,
2803 4014 2895 4052 seu
2952 4000 3059 4066 (uti
3107 4004 3247 4053 canit

1730 4090 2013 4159 Horatius)
2064 4100 2338 4158 angustam
2386 4091 2709 4159 pauperiem,
2758 4105 2850 4144 nec
2878 4092 3248 4145 abdicaverant

1731 4195 1848 4234 sese
1882 4180 2337 4248 possessionibus,
2371 4194 2466 4233 nec
2500 4179 2848 4232 obedientiam
2880 4180 3249 4241 observabant,

1732 4268 1951 4323 necdum
1999 4269 2215 4336 perfecti
2266 4268 2531 4329 monachi,
2583 4270 2627 4321 si
2675 4283 2779 4321 non
2818 4269 2953 4321 ultra
2998 4284 3249 4338 propera~

1732 4364 1865 4409 rent.
1902 4355 2118 4410 Exstant
2144 4356 2244 4409 Nili
2267 4358 2331 4410 ad
2369 4357 2544 4409 varios
2578 4366 2783 4411 ascctas
2810 4358 3073 4423 epistolm;
3108 4372 3251 4408 nem-

1730 4462 1794 4515 pe
1824 4448 1859 4497 Ι.
1895 4461 1952 4510 tt,
1996 4447 2057 4499 ad
2096 4438 2427 4499 Vincentium
2478 4446 2576 4510 51,
2612 4461 2730 4514 qua:
2777 4456 3081 4499 numeratur
3112 4446 3248 4511 apud

1728 4536 2005 4589 Pessinum
2036 4536 2128 4586 ‘28l
2164 4552 2178 4599 ;
2226 4536 2288 4589 ad
2331 4534 2517 4589 Zosam
2559 4536 2741 4587 eodem
2792 4534 2881 4586 lib.
2927 4550 2982 4596 ιι,
3014 4541 3111 4583 cst
3146 4532 3246 4593 75;

1728 4623 1953 4693 denique
1980 4624 2042 4674 ad
2078 4624 2479 4683 Thaumasium,
2506 4638 2596 4676 seu
2625 4621 3004 4678 Thaumarum,
3026 4619 3114 4679 55,
3152 4619 3244 4668 lib.

1728 4729 1940 4781 ltt,qtt:1:
1970 4714 2135 4780 prima
2166 4712 2763 4778 Possino,nunc'upatur
2785 4710 2869 4760 hic
2896 4705 3246 4757 Tbauniasius

1731 4805 1782 4854 in
1824 4801 1997 4855 Indice
2041 4801 2328 4853 monachus
2357 4802 2422 4852 ab
2460 4800 2666 4851 Allatio.
2710 4795 2811 4847 Sed
2860 4791 2942 4842 adi
2988 4790 3250 4857 (benigne

1730 4889 1927 4955 lector)
1974 4888 2163 4939 librum
2212 4901 2442 4938 mearum
2486 4882 2880 4935 adnotationum
2936 4878 3245 4944 chicogra-

1730 4974 1891 5039 phum
1923 4974 1972 5024 in
2016 4985 2143 5024 voce
2184 4971 2459 5036 Ἀσκησις,
2492 4968 2565 5019 uti
2595 4966 2909 5034 praemonui.

1800 5090 2005 5153 Tertius
2034 5100 2255 5165 gradus,
2299 5106 2357 5149 ut
2389 5112 2501 5149 mea
2548 5097 2756 5163 quidem
2799 5111 2939 5149 nunc
2984 5095 3082 5145 fert
3127 5108 3247 5144 sen-

1735 5191 1917 5247 tentia,
1959 5186 2055 5237 luit
2107 5184 2473 5251 μοναζόντων,
2534 5187 2621 5251 qui
2680 5187 2835 5237 vitam
2897 5182 3243 5239 sanctiorem,

1732 5285 1885 5339 atque.
1914 5271 2254 5321 monasticnm
2304 5270 2585 5331 ducebant,
2625 5273 2911 5336 aspirantes
2941 5268 3149 5333 propias
3178 5268 3240 5316 ad

1734 5358 2133 5416 innuat-butum,
2183 5366 2235 5407 et
2285 5359 2399 5421 ejus
2439 5360 2595 5410 veluti
2647 5356 2905 5408 candidati
2940 5373 2954 5405 ε
2988 5365 3062 5424 ευρ
3108 5355 3243 5419 apud

1737 5444 1967 5495 Vrstales
2012 5442 2254 5509 profanas
2296 5444 2559 5497 Romanas
2601 5443 2863 5510 μλλιέραι
2885 5450 3006 5492 sunt
3044 5456 3247 5492 tunicu-

1735 5542 1865 5599 pataa
1909 5534 2016 5597 (uti
2054 5534 2363 5585 l’lntarcbns
2406 5530 2625 5598 asserit)
2667 5547 2782 5597 qua:
2817 5529 3025 5581 luerunt
3057 5544 3247 5581 conse-

1732 5618 1962 5671 crasioui
2011 5620 2282 5687 proximae.
2336 5618 2387 5669 ln
2432 5617 2678 5684 Epistolis
2728 5617 2958 5685 proiecto
2998 5616 3099 5669 Nili
3143 5630 3246 5670 non
