4058 6350
94 365 223 430 1329

1248 377 1345 435 DE
1378 377 1746 440 OPERIBUS
1777 381 1834 440 S.
1870 383 2047 443 NILI.

3126 379 3265 476 1330¹

85 475 690 547 prmluctione,an,uti
741 483 977 553 κωμάζω
997 526 1013 548 ,
1039 484 1294 555 ἐορτάζω,
1353 489 1613 559 χειμάζω,
1642 537 1648 550 ,

1747 496 2101 550 entationibus
2145 479 2277 551 eum.
2300 494 2611 556 admonens,
2660 505 2766 560 quo
2813 490 2942 558 ipsis
2999 488 3256 551 obsistat;

90 568 383 634 σπουδάζω,
415 570 674 639 σχολάζω,
699 571 939 637 λωϐάζω,
955 575 1193 644 πειράζω
1209 577 1504 646 emphasim
1522 580 1617 632 ba-

87 658 235 722 bere,
278 669 437 728 atque
489 661 722 716 indicare
745 664 990 718 videntur
1014 665 1260 720 affectum
1315 669 1619 736 quemdam,

86 757 138 799 et
170 748 679 815 prmensionem,sic
703 751 808 802 ἀπὸ
837 751 926 804 τοῦ
959 753 1204 821 μονάζειν
1236 755 1282 806 oi
1311 756 1625 824 μονάζοντες

87 835 338 903 erantqui
359 834 563 903 jamdiu
586 830 901 905 appetebant
923 839 1122 908 ingenti
1150 856 1272 895 cum
1295 841 1486 896 affectu
1510 859 1626 897 mo-

92 922 398 984 nachatum,
421 932 474 978 et
491 922 651 976 veluti
679 924 1046 994 pertingebant
1068 929 1220 997 quasi
1250 931 1490 998 proxime
1513 933 1629 985 cin-

88 1009 268 1074 gendi,
317 1020 368 1064 et
398 1010 775 1077 mettoproxinii
819 1029 949 1068 voce
1002 1013 1406 1070 Graeco-Latina
1459 1017 1632 1071 Juris-

90 1097 483 1161 consultorum,
513 1111 611 1165 pro
639 1098 835 1153 cinctis
860 1101 1234 1166 censebantur,
1259 1102 1632 1156 sumebantur-

90 1199 199 1252 que
247 1186 550 1253 promiscue
585 1201 682 1255 pro
712 1189 1009 1254 monachis,
1046 1190 1124 1244 uti
1170 1192 1374 1246 tirones
1451 1191 1633 1245 multis

91 1271 370 1338 Stipendiis
399 1274 643 1341 expletis,
667 1282 760 1327 aut
788 1275 1049 1345 προλυταὶ
1077 1277 1320 1345 pluribus
1345 1280 1502 1333 annis
1519 1288 1633 1333 stu-

90 1359 180 1412 dio
211 1361 641 1429 jurisprudentite
667 1363 958 1431 impensis,
1012 1366 1353 1438 continentiae
1408 1346 1632 1438 inempe,

92 1462 188 1500 seu
221 1449 481 1503 castitatis
506 1450 776 1518 specimen
805 1451 1059 1506 dederant
1109 1437 1489 1521 temperantes,
1542 1470 1634 1506 seu

91 1533 401 1606 ἐγκρατεῖς,
434 1546 488 1591 at
515 1541 865 1608 paupertatis,
895 1549 947 1594 et
975 1541 1316 1605 obedienthe,
1339 1544 1463 1595 dum
1488 1557 1637 1595 asce-

95 1637 180 1679 tas
211 1637 450 1694 egerant,
481 1636 573 1681 aut
600 1630 1023 1685 exercitatores:
1058 1631 1287 1701 denique
1340 1633 1497 1685 trium
1539 1631 1635 1684 ha-

91 1730 219 1767 rum
255 1716 668 1778 virtutum,dum
700 1717 1018 1785 μονάζοντὲς
1053 1718 1250 1785 forent,
1286 1719 1444 1789 603
1485 1718 1636 1788 quasi

95 1804 456 1857 maturitatem
489 1805 928 1873 assequebantur.

163 1932 227 1986 In
291 1936 652 1992 ecclesiastica
701 1939 927 1994 historia
987 1942 1371 1996 monachorum
1437 1945 1643 2011 species

97 2023 264 2077 variae
309 2034 739 2093 percensentur:
794 2043 894 2098 ego
934 2045 1060 2085 vero
1114 2032 1464 2086 animadverti
1520 2047 1643 2100 per-

97 2112 396 2165 scrutando
445 2112 754 2181 diligentius
797 2116 959 2171 hosce
997 2117 1260 2186 pracipue
1291 2126 1399 2172 tres
1450 2124 1645 2188 gradus

94 2215 288 2268 parum
317 2205 385 2256 ab
409 2203 528 2257 aliis
556 2204 1004 2268 observatos,imo
1029 2195 1339 2278 plerumque
1360 2209 1633 2274 confusos,

96 2298 152 2340 et
183 2289 478 2357 μονάζοντα
526 2294 747 2360 exposui
781 2304 1022 2361 agentem
1059 2297 1414 2350 monasticam
1450 2279 1636 2352 vitam.

99 2377 364 2445 Agathius
397 2378 557 2446 igitur
586 2381 690 2434 iste
715 2383 1065 2437 monasticam
1093 2385 1253 2438 vitam
1280 2400 1441 2454 agens
1465 2385 1645 2440 Nilum

102 2466 546 2522 meditabundum
577 2477 828 2543 tanquam
861 2486 927 2524 ex
959 2471 1168 2527 insidiis
1201 2474 1419 2529 adortus
1461 2486 1567 2540 est,
1593 2486 1649 2531 et

105 2571 394 2626 aggressus
419 2559 789 2625 improvisum,
816 2568 868 2615 et
890 2563 1114 2617 suadere
1136 2565 1292 2634 cmpit
1329 2578 1385 2621 ut
1409 2567 1647 2623 Ethicam

90 2638 438 2713 'quampiam,
469 2661 560 2700 seu
594 2646 842 2701 Moralem
891 2649 1313 2705 lucubrationem
1346 2655 1649 2707 conscribe-

105 2744 209 2788 ret.
242 2737 312 2788 At
337 2734 490 2790 Nilus
518 2737 570 2788 in
605 2735 945 2805 Expositione
972 2730 1305 2793 Psalmorum
1336 2751 1647 2812 occupatus,

106 2823 265 2892 cujus
325 2823 618 2893 fragmenta
672 2825 928 2879 nonnulla
979 2828 1321 2894 reperiuntur
1378 2829 1433 2881 in
1467 2829 1653 2883 codice

108 2912 405 2967 Barberino
436 2915 821 2984 manuscripto,
855 2923 909 2968 et
936 2916 1074 2985 apud
1105 2915 1401 2970 Bessonum
1459 2918 1512 2971 in
1547 2919 1650 2972 Ca-

107 3013 290 3057 tenam
331 3004 577 3073 Procopii
619 3021 776 3088 super
814 3005 1049 3059 Canticis
1087 3007 1441 3071 canticorum,
1491 3007 1651 3076 tergi-

1717 595 1771 639 et
1822 584 2057 639 forsnan‘
2096 587 2162 661 ad
2213 585 2545 639 diaconatum
2603 581 2909 652 promoveri
2969 587 3254 633 meruerat-

1720 669 1942 723 Exstant
1996 682 2050 723 et
2096 671 2284 724 lsidori
2306 669 2589 723 Pelusiotae
2623 668 2736 736 qui,
2779 665 2963 718 eodem
3023 673 3260 730 tempore

1723 760 1920 812 vixisse
1947 760 2174 821 videtur,
2206 767 2257 812 et
2283 759 2530 812 eumdem
2561 756 2871 823 magistrum
2916 753 3102 806 habuit
3142 767 3264 806 sau-

1725 854 1868 898 ctum
1887 844 2146 899 Joannem
2170 845 2244 898 Ch
2255 855 2637 914 rysostomum,
2661 843 2727 896 ad
2749 842 3012 911 Agathum
3041 840 3259 908 presby-

1728 945 1896 988 terum
1935 937 1971 988 ι.
2004 951 2040 988 t.
2092 935 2245 1003 epist.
2272 935 2395 997 270,
2431 944 2484 988 et
2515 936 2549 986 l.
2600 951 2681 996 ιιι,
2719 925 2874 1001 epist.
2906 931 2988 995 l8,
3019 931 3108 991 9.7,
3139 928 3274 1002 160,.

1724 1024 1848 1086 296,
1884 1025 2006 1088 305,
2031 1026 2144 1078 sive
2170 1023 2642 1093 Agathodaemona.
2679 1024 2757 1076 Eo
2790 1021 3041 1074 nimirum
3072 1029 3265 1084 tempo-

1728 1131 1786 1169 re
1816 1109 2010 1183 saepius
2052 1131 2082 1168 e
2112 1115 2388 1170 monachis
2416 1113 2627 1166 diaconi
2671 1113 3057 1182 deligebantur,
3103 1110 3265 1162 immo

1729 1205 2024 1272 presbyteri
2076 1213 2128 1257 et
2171 1205 2432 1272 episcopi,
2486 1212 2699 1256 auctore
2749 1201 2897 1255 card.
2940 1199 3170 1253 Barouio
3201 1199 3266 1250 ad

1731 1311 1857 1349 ann.
1891 1296 1990 1349 598
2019 1294 2081 1348 C.
2114 1294 2202 1356 N.,
2245 1304 2298 1348 et
2329 1295 2492 1362 liquet
2519 1310 2547 1347 e
2596 1294 2631 1344 Ι.
2685 1308 2853 1345 xxxii.
2891 1289 2951 1344 C.
3000 1289 3263 1342 Theodos.

1732 1385 1809 1440 De
1841 1388 2004 1455 episc.
2031 1375 2276 1439 et‘cleric.
2309 1383 2478 1438 Tanta
2507 1391 2621 1436 erat
2669 1383 3053 1436 monachorum
3087 1378 3266 1456 multi-

1733 1476 1863 1528 tudo
1891 1513 1906 1536 ,
1950 1484 2028 1528 tot
2057 1475 2300 1528 examina
2343 1487 2619 1528 servorum
2674 1471 2797 1524 Dei:
2829 1470 2943 1522 haec
2984 1469 3125 1522 enim
3171 1481 3268 1520 vox

1737 1561 1834 1627 (ut
1858 1560 1966 1625 jam
2003 1561 2182 1611 monui
2211 1560 2228 1624 )
2267 1560 2557 1612 monachos
2589 1558 2864 1627 signiﬁcat.
2896 1557 3124 1610 Sanctus
3147 1555 3273 1608 Gre-

1734 1648 1915 1715 gorius
1945 1646 2122 1705 M.lib.
2154 1664 2202 1699 x.
2234 1647 2567 1714 epist.5l,et
2594 1648 2683 1700 lib.
2717 1663 2776 1700 ιι.
2807 1646 2964 1714 epist.
3002 1646 3071 1698 ει
3102 1655 3153 1698 et
3180 1644 3270 1705 9|,

1738 1737 1828 1791 lib.
1862 1753 1954 1790 vni
1978 1747 2030 1791 et
2058 1753 2238 1790 χχχιι.
2266 1735 2357 1791 lib.
2382 1752 2470 1789 xxi
2497 1751 2543 1790 ε.
2569 1736 2896 1790 12.Sanctus
2922 1734 3275 1803 Hieronymus

1671 1814 1712 1868 Β
1740 1827 1928 1895 psalm.
1964 1828 2082 1880 155.
2113 1827 2465 1896 Θεραπευταὶ,
2497 1825 2725 1880 Sanctus
2760 1825 3040 1895 Dionysius
3075 1823 3270 1876 Eccles.

1743 1916 2055 1981 Hieran/1.;
2092 1916 2241 1971 Philo
2299 1918 2389 1970 lib.
2444 1917 2520 1969 De
2556 1919 2646 1970 vit.
2684 1915 2998 1983 contempl.;
3045 1914 3278 1967 Sanctus

1743 2009 2073 2076 Augustinus
2089 2011 2245 2078 epist.
2261 2011 2327 2062 56
2350 2027 2364 2074 ;
2387 2009 2663 2064 Ennodius
2690 2011 2727 2062 l.
2752 2009 3116 2076 tu.epist.29;
3147 2007 3273 2076 quin

1742 2110 1796 2155 et
1823 2101 2067 2153 homines
2274 2099 2385 2162 Dei,
2421 2100 2518 2152 viri
2545 2099 2668 2163 Dei;
2702 2099 2774 2152 ita
2815 2093 3036 2153 sanctus
3063 2098 3277 2149 Alexius

1743 2193 2028 2253 vocitatus,
2061 2189 2449 2258 etPorphyrius
2484 2190 2537 2242 in
2561 2187 2682 2240 Vita
2703 2189 2873 2242 sancti
2894 2188 3121 2256 Agapiti,
3146 2196 3196 2240 et
3226 2186 3276 2236 in

1745 2278 2013 2349 Martyrol.
2046 2276 2199 2330 Rom.
2228 2275 2298 2328 20
2322 2275 2569 2344 Augusti.
2603 2274 2759 2327 Anno
2789 2272 2923 2327 1658
2956 2272 3146 2324 effossa
3182 2271 3280 2322 luit

1746 2370 1847 2425 sub
1872 2368 2102 2423 statione
2123 2366 2372 2440 Cohortis
2396 2365 2759 2419 Helvetiorum
2785 2361 3042 2433 praetoria:
3069 2362 3120 2413 in
3145 2363 3279 2412 Area

1747 2455 2005 2512 Vaticana
2059 2453 2433 2523 hujuscemodi
2482 2463 2634 2510 vetus
2677 2450 2980 2519 inscriptio,
3027 2462 3183 2515 quam
3215 2445 3276 2496 ad

1747 2563 1946 2603 annum
1986 2546 2187 2600 Christi
2220 2545 2342 2611 405,
2396 2559 2537 2599 coss.
2583 2541 2889 2596 Theodosio
2922 2535 3132 2605 juniore
3173 2537 3280 2603 pri-

1749 2653 1893 2693 mum
1929 2647 1983 2691 et
2009 2637 2345 2699 Rumoridio,
2384 2633 2780 2688 eruditissimus
2811 2627 3117 2682 Holstcnius
3141 2639 3283 2676 retu-

1748 2728 1837 2780 lit:
1869 2726 2222 2790 Quintilianus
2264 2724 2412 2775 Iiomo
2447 2721 2538 2774 Dei
2588 2719 2904 2784 confirmans
2956 2715 3284 2774 Trinitatem,

1750 2833 1930 2870 amans
1963 2816 2287 2876 castitatem,
2324 2826 2565 2879 respuens
2599 2808 2847 2861 mundum
2869 2805 3142 2874 requiescet
3181 2817 3286 2853 una

1752 2905 2268 2974 cunt.......qnivixit
2296 2919 2421 2956 ann.
2443 2901 2508 2954 P.
2530 2904 2603 2956 Μ.
2625 2895 3128 2953 X.......Tlieodosio
3153 2894 3284 2958 Aug.

1752 3007 1800 3051 et
1835 2997 1899 3050 Β.
1935 2996 2023 3049 ubi
2054 2996 2199 3049 vides
2228 2992 2486 3046 castitatis
2525 3003 2781 3051 amoretn,
2812 2997 2865 3040 et
2894 2984 3077 3038 mundi
3108 2981 3286 3048 ἀθερι-

107 3073 736 3158 νενεειιιειῑιιι’,ὀειιιδαιυξ
775 3097 952 3149 saeculi
986 3096 1298 3163 nequitiam,
1338 3112 1498 3165 quam
1532 3113 1648 3151 cor-

1752 3087 2022 3151 cientiam,
2054 3085 2165 3139 sive
2186 3083 2431 3152 ἄσκησιν,
2471 3089 2523 3134 et
2545 3079 2885 3147 ἐγκράτειαν.
2929 3075 3014 3128 lsti
3046 3071 3287 3126 homines

108 3166 232 3251 rigi,
291 3198 354 3237 ac
409 3184 674 3236 emendari
707 3183 1040 3251 desperabat,
1073 3198 1192 3237 cum
1228 3199 1334 3238 non
1360 3195 1518 3250 esset,
1565 3185 1656 3255 qui

108 3271 315 3326 faceret
370 3275 567 3326 bonum
638 3288 807 3341 usque
850 3273 915 3326 ad
960 3289 1123 3326 unum
1205 3273 1243 3338 ⁸,
1289 3287 1342 3328 et
1408 3275 1657 3330 vanitatis

107 3359 323 3414 dmmon
355 3368 524 3413 terras
561 3358 807 3428 indagine
849 3361 1103 3428 cingeret,
1132 3350 1498 3430 expansisque
1527 3363 1657 3416 reti-

108 3451 216 3504 bus
247 3458 465 3504 cunctos
489 3450 743 3503 mortales
767 3450 1123 3518 illaqueassct,
1148 3450 1218 3501 ita
1243 3458 1300 3502 ut
1327 3450 1376 3502 hi
1407 3450 1658 3517 expedire

108 3553 171 3592 se
223 3553 327 3591 non
383 3547 619 3606 possent,
673 3539 749 3590 uti
826 3537 1212 3590 monachorum
1271 3533 1659 3604 antesignanus

108 3629 251 3681 alter
274 3635 492 3680 sanctus
523 3627 785 3679 Antonius
812 3625 1079 3694 quendam
1127 3626 1349 3689 viderat,
1381 3641 1427 3679 c.
1465 3625 1528 3679 2l
1560 3625 1658 3678 Le-

107 3717 292 3788 genda:
325 3715 512 3770 Claud.
544 3715 606 3767 de
633 3714 785 3767 Rata.
831 3715 1087 3783 Agathius
1129 3731 1256 3785 ergo
1320 3715 1656 3770 Perisleriam

111 3807 530 3870 commendavit,
575 3815 628 3859 et
675 3806 814 3858 hanc
867 3821 1025 3860 unam
1078 3806 1496 3873 Opposuitvitiis
1555 3806 1659 3869 late

114 3898 483 3953 crescentibus
527 3897 932 3962 exemplumque
968 3897 1152 3959 dedit;
1192 3904 1352 3962 atque
1403 3895 1538 3947 adeo
1569 3895 1650 3946 di-

115 3985 373 4046 laudavit,
413 3993 469 4034 ut
502 3990 660 4034 tanta:
717 3981 928 4034 virtutis
958 3981 1308 4034 admiratione
1367 3984 1648 4052 perculsus

115 4075 272 4129 Nilus
297 4073 540 4126 alacriter
592 4081 872 4125 tractatum
914 4071 1072 4124 istum
1104 4071 1173 4126 sit
1215 4087 1458 4136 exorsus,
1501 4082 1659 4142 atque

116 4162 430 4234 perfecerit;
477 4161 616 4214 unde
660 4177 688 4214 a
731 4162 1033 4225 Peristcria,
1066 4175 1184 4228 qum
1232 4162 1356 4214 huic
1409 4164 1655 4215 tractatui

115 4267 338 4307 causam
370 4253 656 4319 praebuisse
687 4254 911 4314 videtur,
949 4253 1155 4305 titulum
1207 4267 1322 4304 sum
1357 4261 1652 4305 mutuatus.

119 4346 185 4398 Et
243 4342 406 4395 sectio
462 4341 697 4409 quidem,
757 4357 914 4409 quam
954 4348 1129 4394 statuo
1183 4338 1466 4402 decimam,
1520 4341 1655 4405 sapit

1758 3192 1850 3232 seu
1882 3175 2018 3230 servi
2059 3171 2150 3227 Dei
2170 3171 2519 3233 definiuntur,
2548 3167 2636 3235 qui
2661 3165 2726 3219 ad
2756 3164 2944 3217 faciem
2986 3159 3290 3212 ministrant

1757 3268 2002 3322 Domino.
2062 3262 2235 3317 Homo
2304 3260 2502 3316 Grazcis
2578 3254 2959 3310 recentioribus
3012 3249 3288 3316 ἄνθρωπος

1755 3359 1916 3418 idem,
1948 3356 2039 3424 qui
2070 3367 2275 3407 servus.
2303 3348 2638 3403 Constantii].
2675 3344 2750 3395 De
2769 3342 3066 3393 administr.
3103 3338 3283 3402 imper.

1757 3446 1831 3498 La
1861 3444 2028 3499 Ccrda
2064 3451 2112 3496 c.
2145 3441 2264 3493 146.
2296 3456 2348 3491 ιι.
2384 3438 2468 3490 ιε.
2515 3435 2793 3488 Adversar.
2826 3447 2962 3483 sacr.
3000 3429 3197 3496 passim
3235 3426 3288 3477 in

1757 3534 1907 3589 libris
1954 3532 2252 3586 feudorum.
2295 3527 2464 3582 Homo
2488 3535 2568 3580 est
2598 3523 2879 3583 vassallus,
2911 3528 2962 3573 et
2999 3517 3290 3570 hominium

1757 3626 1897 3689 inde,
1935 3623 2076 3693 quod
2103 3622 2220 3675 aliis
2269 3618 2573 3685 homagium
2619 3615 2686 3668 ab
2746 3611 2878 3681 ὠμῷ
2925 3609 3083 3678 ἁγίῳ,
3125 3608 3175 3659 id
3214 3613 3293 3655 est

1759 3722 1944 3770 sancto
1971 3709 2324 3781 jurejurando
2363 3708 2613 3760 trahitur.

1830 3799 2214 3868 Suprascriptze
2261 3794 2479 3846 decima:
2529 3789 2752 3843 sectioni
2800 3787 3013 3839 adtexui
3075 3782 3294 3835 undeci~

1759 3906 1920 3952 main,
1956 3887 2042 3940 cui
2089 3885 2273 3938 titulus
2314 3891 2445 3946 erat,
2481 3881 2613 3951 Περὶ
2649 3878 2742 3930 τοῦ
2793 3875 3008 3943 Ἰωσὴφ,
3050 3874 3140 3923 καὶ
3200 3872 3297 3931 τῆς

1760 3979 2038 4037 Σωσάννας
2093 3968 2172 4026 δτί
2208 3972 2403 4041 μείζων
2439 3973 2466 4022 ὁ
2491 3968 2582 4020 τοῦ
2624 3965 2819 4033 Ἰωσὴφ
2854 3963 3000 4030 ἀγὼν
3033 3962 3127 4030 τῆς
3162 3963 3300 4012 κατὰ

1758 4070 1855 4138 τὴν
1891 4065 2157 4137 μακαρίαν
2203 4062 2498 4114 Σωσάνναν.
2529 4058 2602 4111 De
2650 4055 2894 4123 Josepho,
2924 4063 3076 4122 atque
3104 4051 3289 4105 Susan-

1760 4175 1846 4223 na,
1879 4167 2230 4223 certamenque
2279 4154 2438 4221 fuisse
2473 4150 2642 4216 majus
2672 4147 2884 4214 Iosephi
2935 4161 2991 4196 eo
3037 4143 3172 4208 quod
3203 4142 3296 4190 ad-

1761 4264 1930 4300 versus
1981 4245 2179 4297 beatam
2227 4242 2519 4294 Susannam
2548 4247 2834 4301 susceptum
2870 4233 2988 4298 fuit.
3041 4231 3294 4281 I’rteterra

1760 4333 2125 4387 duodecimam
2144 4329 2430 4383 sectionem
2454 4325 2667 4393 appinxi
2693 4341 2704 4374 :
2729 4321 2861 4389 Περὶ
2882 4320 2974 4387 τῆς
2993 4315 3299 4386 παραϐολῆς

121 4433 386 4504 epilogum
451 4431 668 4504 operis,
715 4430 827 4482 sive
891 4428 1331 4491 Conclusionem;
1393 4427 1648 4479 convertit

1756 4423 1848 4474 τοῦ
1908 4419 2256 4489 ἀμπελῶνος,
2313 4417 2405 4467 καὶ
2451 4413 2557 4465 τῶν
2606 4410 2973 4481 μισθωθέντων
3033 4405 3295 4474 ἐργατῶν,

123 4503 264 4577 enim
299 4536 415 4577 sese
440 4503 673 4588 scriptor
698 4519 764 4573 ad
822 4519 1074 4582 amicum,
1103 4519 1386 4586 Agathium
1435 4518 1655 4570 scilicet.

131 4613 323 4667 Verum
357 4624 477 4663 cum
506 4609 557 4660 in
585 4605 841 4659 Vaticano
874 4607 1057 4659 codice
1089 4606 1400 4673 reperissem
1433 4605 1661 4672 inscrip-

128 4715 242 4757 tum
303 4701 511 4754 titulum
560 4697 633 4750 De
678 4704 940 4749 beatorum
1020 4692 1429 4761 conversatione,
1508 4697 1663 4763 deque

127 4790 322 4851 diaboli
348 4786 841 4858 malignitate,illam
869 4801 1058 4839 nonam
1086 4785 1369 4839 sectionem
1399 4786 1571 4858 posui,
1589 4792 1662 4845 et,

130 4892 187 4937 ut
217 4883 272 4934 in
302 4882 475 4948 capite.
500 4881 534 4934 Ξ
564 4881 629 4933 ab
657 4880 772 4947 ipso
809 4879 925 4932 Nilo
957 4879 1125 4939 innui,
1157 4876 1491 4930 Peristeriam
1518 4891 1664 4930 eam-

129 4971 247 5024 dem
281 4967 530 5021 adnotavi
580 4983 738 5032 quam
789 4967 951 5020 variis
999 4965 1243 5018 alﬂictam
1293 4964 1565 5026 terumnis,
1608 4954 1665 5013 et

129 5057 444 5114 exercitam-'
486 5055 846 5113 antationibus
910 5055 1160 5108 afﬁrmat.
1207 5054 1284 5105 Ad
1332 5053 1472 5105 hunc
1525 5053 1664 5114 Aga-

135 5149 303 5203 thium
337 5143 581 5213 suspicor
613 5144 861 5210 scriptam
894 5159 920 5195 a
953 5143 1068 5197 Nilo
1101 5143 1378 5211 epistolam
1412 5139 1510 5193 152
1541 5139 1666 5191 Pos-

135 5238 420 5299 sinianam,
449 5235 627 5301 ibique
647 5241 921 5299 nuncupat
963 5233 1190 5285 Allatius
1225 5231 1507 5300 Agathium
1555 5230 1668 5281 dia-

138 5341 354 5387 conum,
384 5324 526 5375 illam
569 5319 845 5388 epistolam
882 5319 932 5370 in
978 5319 1111 5371 duas
1155 5319 1404 5372 dividens
1431 5317 1523 5369 lib.
1583 5330 1664 5373 ur.

137 5415 290 5482 epist.
321 5412 424 5464 2l5
446 5420 498 5462 et
521 5409 642 5464 216.
673 5423 792 5476 quae
844 5422 1113 5474 perperam
1167 5408 1218 5460 in
1275 5407 1459 5460 Graeco
1496 5403 1669 5457 Iudice

141 5511 450 5556 numeratur
481 5513 574 5565 pro
594 5498 716 5560 9J6,
746 5511 867 5549 cum
900 5496 969 5547 sit
993 5495 1212 5561 trajecta
1246 5494 1359 5547 162.
1395 5493 1576 5560 Ibique
1606 5494 1669 5545 de

216 5686 232 5716 ι
272 5680 407 5737 Psal.
436 5695 549 5740 xm,
583 5678 649 5742 5;
683 5675 819 5731 PSul.
849 5690 943 5739 ut,
969 5674 1021 5728 εὶ.

1761 4507 1900 4561 κατὰ
1954 4506 2240 4574 διαφόρους
2305 4502 2484 4571 ὥρας,
2552 4501 2626 4552 De
2687 4495 2941 4566 parabola
2979 4495 3181 4556 'vinew,
3252 4505 3297 4545 et

1763 4599 1988 4654 mercede
2048 4595 2313 4649 conductis
2384 4591 2629 4659 operariis
2686 4590 2752 4641 ad
2813 4589 2965 4641 horas
3029 4588 3295 4638 diversas.

1762 4689 2219 4757 subsequebantur
2272 4684 2466 4752 quippe
2554 4683 2670 4734 ista:
2742 4678 2861 4732 duae
2905 4675 3300 4730 lucubrationes

1763 4786 2046 4831 tractatum
2091 4772 2405 4836 Peristeriae,
2466 4779 2519 4824 et
2569 4767 2888 4837 appendices
2962 4762 3296 4813 videbantur.

1763 4866 2069 4919 Tractatum
2118 4871 2284 4918 totum
2334 4860 2580 4928 insignivi
2622 4859 2722 4910 hoc
2755 4855 2903 4908 titulo
2930 4851 3110 4904 Cra-ce
3143 4865 3155 4898 :
3192 4847 3297 4898 Τοῦ

1761 4939 1906 5009 baton
1942 4954 2144 5023 [ἰατρὸς
2165 4953 2318 5022 ἡμῶν
2335 4951 2522 5002 Νείλου
2555 4948 2685 5014 πρὸς
2713 4941 2956 5009 Ἀγάθων
2984 4940 3297 5007 μονάζοντα,

1766 5049 1868 5101 Sed
1928 5048 2074 5099 illum
2127 5044 2287 5095 latius
2341 5038 2567 5106 expandi
2609 5036 2824 5088 Latine:
2877 5030 3057 5084 Sancti
3121 5030 3298 5098 Patris

1766 5139 1928 5203 nostri
2013 5133 2125 5185 Nili
2225 5132 2292 5181 ad
2361 5111 2665 5196 Agat/tium.
2729 5123 3067 5176 monasticam
3123 5120 3299 5170 'vitum

1765 5236 1994 5296 agentem
2063 5221 2366 5282 Peristeria,
2439 5233 2527 5269 seu
2614 5214 2886 5267 Tractatus
2949 5215 3008 5262 de
3095 5210 3300 5261 virtuti-

1768 5322 1857 5370 bus
1886 5313 2196 5375 excolendis,
2228 5320 2274 5362 et
2311 5307 2452 5360 vitiis
2479 5307 2735 5374 fugiendis
2762 5301 2986 5368 exemplo
3010 5298 3300 5352 Peristeria:

1767 5406 2068 5461 durissima:
2117 5418 2175 5453 ro
2218 5398 2406 5452 stecuto
2468 5399 2691 5468 fantium.
2731 5395 2785 5445 In
2835 5392 3134 5456 sectiones,
3188 5393 3302 5444 sive
3363 5436 3372 5443 .

1766 5499 2019 5566 τμήματα
2046 5510 2113 5549 xn
2159 5493 2329 5545 divisi.
2355 5489 2530 5544 Prima
2559 5486 2791 5561 continet
2840 5485 3010 5554 capita
3059 5500 3146 5536 sex
3202 5497 3297 5534 ceu
