4122 6338
771 351 899 412 13‘2’1

1683 344 1828 401 JOS.
1869 341 2124 400 MARI/E
2165 339 2510 397 SUARESII
2552 336 3035 399 DISSEIiTATIO

3803 329 3938 390 1328

765 462 951 515 otiose,
982 467 1041 504 ac
1072 450 1186 505 sine
1215 450 1430 504 delectu
1466 447 1678 515 quidam
1712 446 1949 513 μοναχοι,
1984 443 2300 512 μονάζοντες

2360 471 2374 505 ι
2407 442 2741 507 ltosweidus,
2773 444 2828 495 in
2859 439 3189 496 Onomastico
3219 439 3286 491 ad
3324 414 3464 492 Vitas
3486 445 3781 490 sanctorum
3824 435 3937 488 Pa-

765 545 850 595 ahi
884 549 1007 594 sunt
1036 539 1302 604 inscripti,
1334 538 1404 589 ita
1436 535 1705 602 Δαὸουρίῳ
1726 574 1739 597 ,
1765 535 1876 586 sive
1917 529 2297 598 ’Δρδαὸουριῳ.

767 630 1094 683 Ardaburius
1148 627 1363 695 quidam
1403 627 1504 677 fuit
1546 625 1733 677 consul
1785 636 1925 683 anno
1957 619 2156 673 Christi
2199 617 2301 671 429

767 724 818 773 in
849 721 1092 782 Oriente,
1125 727 1178 770 at
1218 719 1270 769 in
1299 715 1585 769 Ocmdente
1624 714 1835 766 llierius
1868 713 1969 766 sub
1998 709 2318 764 Theodosio'

764 810 985 862 .luniorc
1016 817 1068 859 et
1113 806 1482 860 Valentiniano
1530 804 1593 855 lil
1629 804 1916 872 Augustis;
1968 800 2205 869 comperi
2250 808 2304 852 et

781 895 1146 964 ’Λρδαϐούριον
1194 894 1305 945 υἱὸν
1336 895 1607 960 Ἀσπαρος
1635 892 1735 944 sub
1781 890 1955 942 Leone
1982 888 2118 956 Aug.
2147 887 2302 954 Apud

773 985 1032 1044 Suitlam,
1083 982 1167 1035 hic
1220 982 1388 1049 Aspar
1456 981 1521 1033 ad
1595 971 1845 1047 patrem,
1904 993 2026 1029 cum
2107 975 2302 1029 Leonis

770 1073 907 1140 Aug.
970 1073 1121 1139 jussu
1209 1070 1365 1122 ambo
1436 1069 1840 1130 occiderentur,
1903 1064 2090 1118 Nonne
2159 1064 2306 1117 dice-

772 1165 894 1215 bam
956 1163 1044 1214 tibi
1093 1159 1369 1229 (aiebat),
1403 1157 1670 1235 (ﬁrmi).va
1712 1156 1912 1207 Λέοντα
1971 1155 2096 1223 πρϊν
2161 1152 2305 1221 ἡμᾶς

773 1251 1098 1318 armatiqui,
1161 1248 1498 1302 Comedamus
1561 1245 1812 1306 Leonem,
1884 1245 2183 1318 priusquam
2245 1241 2306 1293 de

775 1310 920 1390 nobis
958 1310 1124 1388 sumat
1164 1336 1469 1404 prandium,
1512 1331 1702 1384 Billius
1747 1331 1905 1384 refert
1947 1331 1999 1383 in
2040 1310 2305 1382 Observut.

777 1438 913 1474 sacr.
940 1437 968 1476 e
1001 1419 1329 1487 Nicephoro;
1355 1416 1486 1470 Galli
1509 1417 1693 1470 dicunt
1720 1433 1734 1469 :
1761 1415 1829 1468 Le
1857 1415 1973 1483 lyon
2002 1415 2134 1482 enﬁn
2150 1414 2303 1483 θοι

756 1525 958 1577 _mange
987 1525 1078 1561 son
1101 1509 1329 1560 maistre.
1363 1505 1658 1567 Μονάζοντι
1707 1502 1813 1556 Nili
1850 1504 2071 1572 epistola
2126 1500 2308 1555 Possi-

779 1598 937 1649 niana
976 1597 1055 1659 l3,
1083 1596 1344 1664 dirigitur,
1374 1609 1494 1664 quae
1526 1593 1662 1662 apud
1692 1592 1940 1645 Allatium
1972 1599 2056 1646 est
2080 1591 2168 1654 35,
2208 1589 2302 1642 lib.

780 1701 860 1750 ιιι,
892 1695 974 1738 est
1021 1694 1071 1738 et
1101 1683 1202 1736 246
1244 1683 1344 1736 alia
1375 1701 1388 1735 :
1444 1679 1548 1735 tam
1590 1681 1868 1745 Possinus,
1896 1694 2056 1748 quam
2085 1670 2309 1732 Allatius

780 1777 851 1828 ibi
896 1772 1186 1842 μονάζοντα
1214 1772 1439 1826 reddunt
1465 1771 1789 1834 Monachum,
1826 1778 1879 1823 at
1932 1769 2183 1837 inscripta
2209 1769 2310 1819 Εὑ-

783 1864 944 1931 ῢαλίῳ
974 1861 1251 1930 μονάζοντι
1279 1861 1346 1913 ab
1392 1860 1586 1913 Allatio
1618 1867 1890 1911 numerata
1925 1857 2011 1919 40,
2075 1857 2167 1909 lib.
2225 1871 2305 1919 ιιι,

785 1950 870 2000 ubi
912 1948 1230 2000 monachum
1262 1947 1477 2014 exponit
1511 1946 1823 2015 μονάζοντα,
1851 1944 2033 1996 eadem
2057 1951 2157 2008 est,
2191 1957 2311 2010 quae

781 2038 845 2088 9.1
873 2037 1100 2099 Possini,
1131 2037 1220 2104 qui
1256 2037 1481 2104 μοναχόν
1513 2038 1793 2098 enuntiat,
1839 2043 1892 2087 et
1934 2034 2311 2100 interpretatur

784 2126 1108 2178 monachum.
1149 2126 1396 2193 Δαμιανῷ
1423 2124 1701 2192 μονάζοτιτι
1726 2138 1808 2190 ep.
1842 2124 1961 2185 110,
1993 2117 2204 2175 Possin.
2257 2123 2310 2175 in

785 2228 846 2264 ea
879 2215 1034 2266 vertit
1063 2214 1352 2280 μονάζοντα
1387 2213 1699 2276 solitarium,
1728 2222 1782 2265 at
1816 2211 2120 2264 monachum
2175 2211 2311 2263 Alla-

787 2301 891 2353 tius
921 2301 1010 2352 lib.
1041 2317 1117 2361 ill,
1147 2303 1302 2368 epist.
1334 2299 1455 2362 154,
1487 2301 1653 2367 ipsam
1681 2301 1897 2359 locans:
1929 2299 2188 2368 Μαριανῷ
2220 2316 2313 2366 μο-

791 2391 1002 2450 νὰζοντι
1033 2392 1188 2457 epist.
1234 2388 1267 2440 Ξ
1286 2387 1345 2441 16
1371 2407 1382 2440 :
1411 2387 1634 2441 Possino
1662 2389 1838 2440 itidem
1865 2389 2157 2450 solitarium
2217 2402 2311 2439 ex-

787 2478 1018 2545 plicanti,
1048 2488 1128 2531 est
1155 2479 1242 2540 41,
1275 2477 1367 2532 lib.
1402 2493 1485 2529 tv:
1513 2477 1705 2528 Allatio
1734 2460 2034 2528 monachum
2053 2475 2308 2529 vertenti:

783 2568 949 2621 eidem
989 2568 1246 2621 Allatiana
1272 2567 1323 2632 7,
1367 2566 1458 2620 lib.
1491 2581 1561 2632 tv,
1585 2566 1784 2619 directa
1809 2574 1910 2627 est,
1941 2567 2029 2618 sed
2062 2566 2327 2616 monacho‘

787 2657 862 2710 uti
889 2656 1211 2709 Possinianze
1249 2657 1336 2718 54,
1370 2655 1455 2720 55,
1483 2654 1585 2706 227
1623 2664 1673 2707 ει
1703 2653 1824 2707 228.
1861 2652 1925 2706 Et
1967 2652 2199 2706 forsitan.
2243 2653 2308 2722 ad

788 2743 1134 2796 monasticum
1163 2757 1472 2810 progressus
1503 2743 1722 2810 gradum
1757 2741 2020 2794 Matienus
2046 2739 2218 2793 fuerat
2245 2755 2307 2793 ex

785 2834 969 2884 ordine
1018 2832 1352 2898 μονάζοντος.
1409 2833 1716 2894 Μονὰζοντα
1767 2830 2032 2898 Θεόδωρον
2083 2832 2309 2885 Allatius

786 2932 835 2973 et
868 2922 1167 2973 monac/tum
1211 2921 1435 2987 appellat
1462 2921 1512 2972 in
1542 2919 1793 2986 Epistolis
1819 2918 1921 2971 Nili
1956 2919 2046 2972 lib.
2078 2935 2157 2982 ιιι,
2193 2919 2307 2983 157,

2406 539 2562 595 trum,
2591 531 2687 584 lib.
2721 546 2774 592 x,
2806 544 2859 598 p.
2892 530 3011 594 105,
3046 528 3315 589 observat,
3343 526 3415 578 ita
3450 533 3651 589 tamen,
3683 532 3740 577 ut
3773 539 3940 592 μονα-

2399 618 2504 686 χοι,
2516 617 2764 687 νεώτεροι
2787 619 3145 671 recitarentur
3164 615 3333 679 initio,
3355 622 3405 668 et
3429 613 3640 667 interim
3662 612 3790 666 dum
3804 611 3941 665 vali-

2359 731 2366 738 -
2399 707 2521 760 dam
2545 706 2923 774 professionem
2944 705 3273 759 emitterent:
3293 703 3355 756 ad
3367 701 3658 771 νεωτέρους
3680 701 3812 754 istos
3830 699 3945 768 epi-

2401 794 2537 862 stola
2559 795 2663 850 303
2689 796 2780 848 lib.
2801 811 2856 848 ιιι
2882 794 3078 856 Allatii,
3097 802 3169 858 et,
3188 808 3308 862 quae
3335 793 3582 859 deinceps
3603 791 3941 857 subsequun-

2401 893 2489 939 tur
2513 884 2874 953 ἀνεπίγραφαι
2920 898 3090 950 usque
3121 884 3186 936 ad
3212 883 3336 936 333.
3375 881 3642 948 Mirorque
3669 880 3722 932 in
3760 877 3942 932 indice

2402 971 2666 1025 Allatiano
2704 981 3015 1041 conceptam
3047 971 3191 1024 illam
3241 970 3342 1022 303
3400 969 3492 1023 lib.
3552 984 3609 1024 ιιι
3653 969 3940 1036 epistolam

2404 1060 2539 1131 πρὸς
2566 1061 2910 1130 μονάζοντας,
2936 1061 3040 1115 nisi
3066 1061 3208 1129 quod
3253 1058 3492 1114 confudit
3519 1072 3611 1112 eos
3648 1058 3942 1123 interpres.

2406 1149 2644 1217 Denique
2683 1151 3030 1205 sacrabantur
3065 1149 3335 1212 monachi,
3383 1158 3437 1203 et
3467 1147 3680 1202 nomina
3712 1146 3933 1199 submu-

2406 1240 2608 1318 tsbant.
2637 1239 2764 1293 Erat
2790 1240 2930 1318 enim
2959 1249 3188 1293 esancto
3214 1238 3467 1307 Dionysio
3493 1238 3548 1290 in
3568 1234 3943 1290 Ecclesiastica

2412 1312 2740 1392 Hierorchia,
2772 1312 2905 1398 apex
2939 1328 3285 1398 perfectionis
3335 1329 3705 1389 monachatus,
3765 1325 3860 1378 καὶ
3907 1325 3943 1391 ἠ

2403 1414 2798 1493 τετελουμένῳν
2831 1416 3133 1486 ὑψηλοτέρα
3153 1414 3322 1480 τάξις,
3354 1423 3406 1468 ει
3439 1415 3631 1468 Suidas
3657 1404 3852 1477 refert;
3875 1411 3946 1464 de

2403 1496 2704 1568 monachis,
2766 1492 2855 1572 qui
2905 1505 3065 1558 etiam
3121 1504 3420 1569 singulares
3457 1501 3938 1568 nuncupabanlur,

2409 1592 2516 1660 agit
2544 1591 2658 1644 fuse
2683 1591 3008 1646 Scholiastes
3034 1593 3191 1660 602
3221 1594 3273 1644 in
3299 1589 3446 1644 Notis
3473 1591 3540 1644 ad
3591 1591 3625 1644 l.
3686 1603 3815 1642 Lxm
3870 1587 3938 1641 C.

2410 1680 2676 1733 Theodus.
2713 1679 2784 1732 De
2809 1681 3122 1734 decurionib.
3153 1697 3272 1748 quin
3301 1680 3368 1732 ‘26
3399 1689 3480 1734 est
3523 1680 3575 1732 in
3606 1677 3944 1732 Justinianeo

2344 1735 2382 1788 Β
2409 1769 2539 1824 Cod.
2560 1770 2681 1823 data
2711 1768 2885 1840 Beryti
2913 1785 2941 1824 a
2961 1735 3332 1825 Valentiniano
3370 1779 3423 1825 et
3440 1769 3658 1823 Valente
3682 1767 3943 1837 Augustis

2408 1861 2445 1915 1.
2474 1876 2634 1912 xxxvi
2671 1860 2729 1914 C.
2756 1859 3022 1914 Theodos.
3053 1859 3126 1913 De
3153 1860 3535 1927 cpiscop.,dala
3560 1856 3839 1912 Mediolani
3871 1854 3944 1908 ab

2407 1950 2637 2003 Arcadio
2665 1958 2718 2004 et
2758 1949 3013 2015 Honorio,
3044 1950 3153 2003 AA.
3197 1950 3425 2003 Severus
3471 1948 3676 2016 Sulpic.
3737 1946 3941 2014 dialog.

2410 2056 2450 2103 ι,
2484 2056 2533 2095 ε.
2566 2043 2616 2105 1,
2647 2041 2784 2109 apud
2816 2041 3124 2095 Gratianum
3157 2041 3206 2093 in
3242 2040 3462 2093 Decreto
3509 2037 3595 2102 16,
3646 2050 3702 2105 q.
3731 2035 3784 2086 1.
3836 2033 3945 2087 De-

2411 2127 2720 2181 scribuntur
2757 2127 3006 2181 monachi
3035 2142 3064 2180 a
3094 2126 3294 2179 Rutilio
3319 2123 3636 2179 Numatiano
3658 2122 3743 2176 bis
3770 2122 3822 2174 in
3844 2119 3944 2174 lti-

2409 2230 2601 2280 nerar,
2657 2217 2747 2270 sed
2815 2216 3016 2269 ironice
3075 2224 3366 2282 carpuntur
3418 2229 3445 2266 a
3487 2221 3676 2266 sancto
3739 2209 3946 2263 Joanne

2408 2300 2796 2370 Chrysostomo
2821 2301 3007 2354 homil.
3045 2301 3074 2353 8
3109 2301 3159 2352 in
3190 2299 3531 2363 Manlianum;
3568 2300 3634 2353 ab
3675 2298 3942 2365 Eunapio,

2408 2389 2481 2441 De
2505 2392 2590 2440 vit.
2619 2388 2962 2455 philosophor.
2995 2389 3048 2439 in
3069 2387 3302 2445 Αεαεεὶο,
3329 2402 3357 2438 a
3382 2386 3631 2440 Salviano
3650 2385 3942 2439 Massilien.

2408 2475 2501 2527 lib.
2558 2474 2630 2526 De
2658 2473 3027 2539 Providentia;
3061 2475 3116 2526 in
3148 2473 3282 2528 Vitis
3305 2474 3521 2525 Patrum
3549 2487 3580 2526 a
3613 2479 3796 2526 sancto
3822 2473 3950 2528 Hie?

2409 2579 2650 2634 ronymo,
2685 2575 2737 2617 et
2761 2565 2900 2627 aliis,
2931 2579 3064 2632 quos
3106 2564 3313 2633 collegit
3359 2564 3623 2630 ediditque
3660 2563 3819 2617 simul
3873 2561 3942 2614 Β.

2407 2651 2467 2705 Ρ.
2529 2651 2858 2720 Rosweydus
2914 2653 3022 2720 jam
3059 2668 3089 2704 a
3120 2667 3202 2706 me
3247 2652 3512 2714 laudatus,
3544 2650 3947 2719 illustravittu

2407 2737 2856 2792 adnotationibus.
2891 2736 2964 2792 De
2990 2737 3232 2791 laudibus
3254 2737 3416 2790 eremi
3470 2744 3645 2790 exstat
3699 2734 3944 2804 Epistola

2413 2825 2664 2879 Eucherii
2701 2826 2940 2894 episc0pi
2961 2824 3330 2894 Lugdunensis
3363 2823 3428 2877 ad
3454 2822 3715 2876 Hilarium
3749 2837 3945 2876 mona-

2408 2912 2568 2966 chum
2604 2913 2839 2975 Lirinen.
2877 2915 2928 2967 in
2960 2928 3064 2982 qua
3085 2911 3428 2966 imitabantur
3451 2912 3571 2981 (ait)
3603 2911 3943 2965 solitariieos

787 3011 905 3072 158,
944 3010 1062 3072 159,
1099 3010 1216 3062 160.
1243 3007 1591 3071 AtPossinus
1619 3006 1863 3074 Epistolis
1894 3007 2010 3069 115,
2045 3006 2306 3073 114,115,

2360 3019 2379 3076 ς
2410 3004 2475 3056 de
2505 3005 2700 3070 quibus
2726 3004 3012 3072 Apostolus
3041 3003 3229 3056 scribit
3256 3002 3308 3055 in
3343 3000 3511 3069 Epist.
3564 3001 3629 3054 ad
3687 3000 3942 3054 Hebraeos

790 3099 906 3161 116,
944 3098 1186 3165 μονοιχόν,
1222 3106 1274 3149 et
1303 3095 1488 3149 Latine
1533 3094 1866 3157 monac/mm;
1901 3093 2119 3160 cpistola
2170 3105 2310 3148 certe

788 3186 887 3238 460
915 3200 1073 3253 penes
1125 3184 1376 3259 Allatium
1410 3181 1618 3238 brevior
1645 3190 1747 3245 est,
1795 3197 1951 3249 quam
1987 3184 2124 3250 apud
2178 3182 2309 3238 Pos-

789 3274 964 3324 sinum
1011 3273 1129 3325 116.
1164 3273 1417 3325 Eumdem
1449 3269 1786 3324 Theodorum
1824 3269 2049 3338 μοναχὸν
2097 3287 2308 3325 nuncu-

790 3371 894 3425 pat,
925 3371 975 3410 et
1029 3362 1181 3412 vertit
1208 3361 1433 3411 Allzitius
1461 3359 1555 3410 lib.
1593 3372 1651 3421 ιι,
1683 3357 1923 3423 epistolis
1952 3357 2040 3420 65,
2079 3357 2165 3422 76,
2217 3361 2307 3413 sed

789 3446 948 3507 c125,
984 3446 1072 3496 lib.
1096 3461 1176 3506 ιν,
1206 3460 1322 3510 qua:
1367 3445 1609 3508 adempta
1667 3451 1748 3493 est
1778 3441 1875 3493 116
1919 3443 2164 3506 Possini;
2225 3448 2310 3497 cui

791 3547 976 3586 rursus
1009 3530 1338 3598 adjungcnda
1367 3537 1468 3588 est,
1498 3527 1625 3594 quin
1656 3527 1832 3593 potius
1895 3536 2034 3580 esset
2091 3530 2310 3582 delenda

793 3624 900 3688 ipsa
930 3617 1027 3670 160
1055 3619 1228 3670 Allatii
1269 3624 1514 3684 tanquam
1536 3611 1539 3613 ’
1561 3629 1682 3681 pars
1715 3615 1934 3682 repetita
1963 3614 2120 3682 hujus
2175 3616 2307 3682 116;

790 3718 840 3760 ct
884 3708 1141 3759 Allatiana
1174 3705 1263 3769 25,
1295 3704 1388 3758 lib.
1425 3719 1496 3756 tv.
1521 3703 1754 3772 Εὐγενίῳ
1777 3703 2070 3769 μονάζοντι,
2090 3705 2312 3772 epistola

792 3795 890 3849 1οἓ
925 3794 1132 3847 Possiui
1168 3803 1250 3846 est
1292 3791 1578 3859 inscripta;
1618 3791 1906 3842 solitarium
1967 3792 2010 3844 is
2064 3792 2306 3858 reddidit,

776 3883 1011 3935 -Allatius
1034 3881 1334 3933 monachum
1365 3880 1455 3932 lib.
1497 3893 1612 3943 xm,
1647 3879 1799 3945 epist.
1834 3879 1953 3931 147.
1993 3878 2308 3934 Monacnum

790 3970 1023 4037 profecto
1059 3970 1267 4021 vocavit
1295 3969 1344 4018 in
1378 3968 1534 4020 titulo
1561 3967 1903 4034 epistolarum
1936 3969 2054 4030 175,
2112 3971 2209 4021 176
2259 3980 2311 4022 et

793 4057 911 4118 182,
968 4058 1126 4123 inque
1151 4055 1237 4107 illa
1269 4054 1381 4122 ipsa
1411 4054 1509 4120 175
1553 4056 1784 4108 nondum
1835 4056 1977 4108 illum
2036 4071 2308 4110 emensum

793 4143 958 4196 fuisse
1014 4157 1181 4196 annos
1239 4143 1559 4209 quindecim,
1601 4144 1816 4210 μονήρει
1862 4142 1958 4210 βίῳ
2001 4144 2309 4212 ὲνοικούμε-

797 4249 903 4294 νον,
955 4233 1004 4282 id
1054 4239 1153 4294 est,
1204 4231 1531 4282 insistentem
1583 4235 1700 4282 vitae
1753 4231 2057 4285 monasticze
2107 4233 2306 4296 tradit;

2406 3094 2651 3160 superius
2681 3094 2837 3147 allato
2859 3109 2908 3147 c.
2926 3085 3225 3156 n,errantes
3246 3095 3301 3144 in
3319 3093 3656 3156 montibus,et
3678 3092 3940 3158 speluncis

2408 3184 2729 3251 cavernisquc
2778 3191 2926 3236 teme
2955 3182 3175 3246 abditos,
3217 3182 3398 3249 quibus
3428 3180 3611 3248 dignus
3671 3195 3772 3230 non
3821 3188 3942 3230 erat

2409 3270 2649 3323 mundus.
2680 3270 2810 3324 Vide
2834 3270 3158 3338 Tristanum,
3194 3277 3320 3320 tom.
3346 3269 3390 3320 11
3441 3266 3644 3319 Histor.
3675 3267 3823 3319 Rom.
3875 3281 3946 3318 ea:

2409 3358 2784 3426 Numismntis,
2823 3371 2876 3426 p.
2909 3355 3039 3422 155,
3071 3357 3136 3409 de
3184 3354 3458 3408 monachis
3485 3367 3777 3422 eorumque
3823 3354 3941 3407 cei-

2410 3449 2563 3512 lulis;
2595 3457 2647 3501 et
2676 3448 2987 3501 feminarum
3017 3445 3339 3510 monastriae,
3360 3442 3944 3508 moniales,sauctimo-

2409 3536 2594 3599 niales,
2628 3535 2828 3587 ancillis
2848 3535 2957 3598 Dei,
2987 3544 3039 3587 et
3060 3534 3175 3601 ,Deo
3199 3536 3399 3607 devotae
3424 3534 3653 3603 virgines
3671 3533 3945 3586 vocaban-

2411 3629 2514 3684 tur,
2549 3621 2746 3688 passim
2779 3622 2912 3688 apud
2960 3630 3202 3674 sanctum
3258 3620 3590 3689 Gregorium,
3643 3621 3732 3688 qui
3774 3621 3810 3671 Ι.
3861 3635 3941 3684 ιν,

2408 3708 2564 3775 epist.
2604 3708 2664 3759 l3
2695 3709 2759 3762 de
2788 3709 2961 3762 insula
3003 3707 3276 3775 Capraria,
3309 3706 3374 3759 de
3419 3707 3590 3760 insula
3642 3705 3938 3773 Gorgonia,

2409 3800 2576 3865 deque
2607 3798 2884 3851 monachis
2913 3798 3099 3850 insulae
3129 3797 3316 3850 Montis
3346 3795 3564 3860 Christi,
3610 3794 3704 3848 lib.
3744 3810 3758 3847 ι
3803 3794 3935 3847 Dia-

2407 3887 2510 3956 log.
2548 3903 2596 3941 c.
2625 3889 2710 3940 49.
2754 3887 2979 3942 Sanctus
3009 3888 3288 3956 Gregorius
3321 3887 3683 3940 Nazianzenus
3715 3887 3770 3938 in
3804 3884 3941 3939 Pon-

2378 3972 2520 4026 ‘tum
2555 3973 2839 4040 profectus,
2865 3976 2987 4026 dum
3020 3974 3153 4042 fugit
3180 3974 3564 4041 episcopatum,
3587 3972 3939 4041 philosopha-

2409 4073 2494 4114 tus
2523 4072 2603 4114 est
2643 4077 2762 4115 cum
2792 4063 3006 4128 Basilio,
3050 4072 3272 4130 uterque
3297 4062 3437 4130 leges
3489 4064 3606 4116 tulit
3661 4063 3784 4115 vitae
3823 4075 3947 4115 mo-

2409 4152 2644 4213 nasticae,
2675 4153 2744 4204 uti
2778 4161 3014 4206 recenset
3042 4151 3229 4204 Billius
3265 4153 3318 4204 in
3350 4151 3465 4219 ejus
3508 4151 3662 4215 Vita;
3698 4152 3786 4204 hic
3813 4165 3941 4203 san-

2407 4251 2524 4294 ctus
2561 4240 2865 4307 Gregorius,
2898 4249 3036 4293 orat.
3059 4240 3127 4292 20
3159 4241 3208 4293 in
3243 4240 3450 4293 laudem
3498 4240 3667 4298 sancti
3727 4238 3937 4301 Basilii,

794 4319 1130 4384 nudecolligo
1143 4327 1247 4368 tam
1275 4317 1327 4367 in
1352 4317 1656 4385 ἐγκρατείᾳ,
1684 4333 1775 4370 seu
1801 4320 2307 4387 continentia.quam

2360 4329 2380 4378 )
2411 4330 2744 4382 commendat
2777 4331 2939 4381 vitam
2989 4328 3357 4391 monasticam,
3387 4343 3440 4395 p.
3495 4326 3626 4391 567;
3655 4336 3708 4379 et
3729 4382 3742 4387 _
3765 4327 3816 4378 in
3869 4326 3930 4378 21

795 4407 843 4455 in
870 4407 1112 4471 ἀσκήσει,
1132 4414 1222 4454 aut
1240 4404 1616 4456 exercitatione
1636 4403 1800 4457 fuisse
1820 4407 1881 4458 de
1898 4422 2061 4470 more,
2086 4410 2311 4475 spatium

795 4492 1051 4559 temporis
1073 4479 1730 4557 impendere,sicutan‘nos
1752 4493 2094 4558 probationis,
2117 4495 2196 4547 vel
2223 4511 2311 4549 no-

793 4585 1029 4646 vitiatus,
1061 4582 1169 4632 imo
1195 4588 1247 4632 et
1289 4579 1346 4631 in
1371 4579 1467 4648 βίῳ
1497 4579 1798 4646 μονάζοντι,
1839 4582 2026 4634 sivein
2058 4583 2307 4636 llonazo-

791 4674 880 4724 nio
903 4675 1024 4742 (qua
1062 4684 1211 4755 yoce-
1231 4669 1301 4720 uti
1339 4677 1465 4735 puto
1494 4667 1753 4720 Alciatum
1790 4667 1841 4719 in
1869 4670 2112 4721 versione
2140 4671 2306 4733 Graeci

793 4762 1239 4831 Epigrammatis).
1293 4759 1540 4813 Addenda
1588 4768 1668 4811 est
1708 4756 1999 4811 Theodosia
2059 4759 2309 4825 μονάζου-

793 4867 880 4915 σει,
919 4851 1001 4902 cui
1037 4848 1183 4902 Nilus
1210 4848 1394 4900 scribit
1449 4846 1541 4898 lib.
1577 4861 1635 4906 ιι,
1660 4845 1814 4912 epist.
1848 4844 1969 4906 116,
2005 4844 2140 4910 apud
2163 4846 2311 4896 Alla-

794 4940 939 4997 tium,
978 4936 1067 5002 qui
1097 4935 1366 4987 monialem
1400 4935 1592 4998 vertit;
1625 4934 1936 4986 hortabatur
1989 4948 2104 4985 eam
2137 4931 2306 4993 Nilus,

791 5042 855 5077 ne
881 5031 1133 5092 praecepta
1163 5024 1290 5075 viris
1321 5025 1371 5074 in
1404 5024 1625 5077 ecclesia
1653 5023 1855 5088 tradere
1904 5023 2138 5083 auderet,
2194 5035 2310 5074 eos-

791 5130 893 5179 que
923 5113 1186 5166 desineret
1213 5104 1421 5163 docere.
1453 5111 1493 5162 E
1522 5112 1894 5181 suprascr-iptis
1921 5113 2080 5180 igitur
2108 5111 2308 5178 liquido

792 5211 932 5267 palcl
985 5199 1306 5268 μονάζοντας
1332 5195 1514 5261 fuisse,
1564 5200 1653 5266 qui
1699 5201 1936 5266 proxime
1990 5199 2309 5252 accedebant

792 5291 855 5341 ad
887 5289 1238 5341 monachatus
1264 5285 1670 5361 professionem,
1724 5304 1843 5340 cum
1869 5297 2041 5340 autem
2073 5289 2136 5340 ad
2167 5287 2306 5339 illam

793 5371 1219 5438 admittebantur,
1273 5374 1627 5427 induebamur
1673 5375 1959 5438 schemate,
2016 5391 2108 5429 seu
2165 5385 2310 5429 veste

793 5451 994 5529 novitii,
1045 5483 1161 5535 qua:
1190 5467 1394 5528 diversa
1424 5458 1642 5527 erat,'ac
1668 5466 1914 5519 distincta
1955 5467 2021 5519 ab
2066 5482 2147 5532 ea,
2204 5482 2306 5535 qua

792 5555 1168 5620 vestiebantur,
1196 5570 1315 5608 cum
1363 5554 1602 5607 monachi
1630 5551 1843 5620 perfecti
1876 5553 2186 5617 evadebant,
2219 5555 2300 5608 'uti

2409 4418 2645 4470 oratione
2677 4418 2728 4468 in
2759 4417 2966 4469 laudem
2998 4417 3167 4469 sancti
3190 4415 3490 4480 Athanasii,
3516 4430 3569 4484 p.
3598 4414 3720 4476 589,
3748 4416 3800 4466 in
3822 4430 3942 4469 ora-

2411 4508 2555 4558 tione
2589 4506 2780 4571 prima,
2817 4519 2867 4571 p.
2897 4504 2982 4565 44,
3014 4511 3068 4556 et
3094 4505 3145 4554 in
3180 4503 3414 4556 Carmin.
3441 4518 3494 4570 p.
3527 4502 3687 4566 1370;
3722 4503 3774 4554 in
3804 4503 3940 4557 deli-

2411 4590 2608 4640 nitione
2632 4597 2766 4640 orat.
2809 4588 2891 4650 12,
2940 4603 2991 4654 p.
3032 4587 3168 4652 459;
3201 4586 3382 4640 Carm.
3413 4589 3478 4640 ad
3501 4583 3659 4641 {ictas
3683 4591 3935 4644 monach.

2410 4690 2461 4741 p.
2491 4673 2625 4726 l30‘2
2654 4673 2871 4736 ει1515,
2887 4673 2950 4724 ad
2986 4673 3274 4726 monachos
3303 4673 3356 4724 in
3383 4672 3638 4726 coenobiis
3664 4673 3936 4742 degentes,

2409 4764 2471 4812 ad
2505 4759 2819 4813 Hcllenium.
2856 4761 3082 4814 Sanctus
3123 4760 3452 4828 Augustinus
3503 4763 3794 4815 monachos
3846 4778 3938 4816 no-

2411 4850 2749 4903 minatservas
2784 4849 2897 4911 Dei,
2931 4850 3086 4938 epist;
3118 4848 3184 4899 7O
3212 4851 3519 4917 etpassim;
3554 4859 3606 4903 et
3633 4851 3938 4904 monachis-

2409 4953 2550 4990 mum
2581 4937 2738 4989 simul
2770 4951 2890 4990 cum
2924 4937 3182 5003 baptismo
3212 4940 3464 5006 suscepit,
3495 4948 3550 4990 ut
3599 4939 3787 5004 probat
3839 4937 3938 4992 Ri-

2409 5029 2546 5092 vius,
2588 5028 2679 5079 lib.
2712 5043 2746 5089 ι,
2791 5041 2906 5092 cap.
2937 5025 3115 5092 l,§32
3168 5025 3269 5078 Vit.
3317 5029 3482 5078 sancti
3538 5026 3850 5092 Augustini,
3885 5037 3937 5078 et

2408 5117 2696 5170 amicitiam
2729 5129 2848 5167 cum
2881 5115 3116 5167 Eudoxio
3165 5116 3353 5168 abbate
3389 5115 3783 5169 Cellulanorum
3828 5113 3934 5166 Ca-

2409 5206 2599 5272 praria:
2625 5205 2811 5257 insula:
2834 5203 2997 5255 coluit
3028 5203 3181 5270 epist.
3207 5203 3292 5266 81,
3326 5213 3378 5255 ει
3401 5201 3628 5254 instituit
3652 5199 3766 5267 ipse
3818 5216 3936 5252 mo—

2411 5296 2627 5358 nachos,
2665 5295 2832 5360 deque
2871 5309 3027 5361 opere
3081 5293 3291 5350 illorum
3346 5288 3541 5344 "librum
3593 5292 3932 5356 conscripsit.

2409 5380 2591 5435 Rivius
2624 5384 2687 5435 de
2714 5383 2852 5450 ipso,
2885 5381 2911 5450 §
2939 5382 2994 5445 ‘2,
3021 5381 3155 5443 ε.’1,
3181 5380 3272 5432 lib.
3304 5395 3386 5441 ιιι,
3425 5367 3629 5430 sanctas
3661 5378 3932 5443 formicas.

2407 5476 2459 5518 et
2508 5478 2712 5520 sanctas
2743 5485 2859 5534 apes
2899 5467 3188 5519 monachos
3215 5466 3496 5532 compellat
3534 5466 3670 5517 idem
3713 5473 3934 5516 sam-tus

2407 5555 2609 5609 (lector.
2657 5555 2826 5609 Verba
2876 5557 3086 5624 quidem
3133 5555 3309 5611 Graeca
3338 5570 3456 5609 cum
3513 5569 3800 5621 paragoge,
3838 5566 3930 5605 seu
