  <div class='ocr_page' id='page_1' title='image "/cluster/home/n/w/nwhite01/storage/ocr_20150623/79/pst.000005712786/722.png"; bbox 0 0 4122 6338; ppageno 0'>
   <div class='ocr_carea' id='block_1_1' title="bbox 124 362 3316 445">
    <p class='ocr_par' dir='ltr' id='par_1_1' title="bbox 124 362 3316 445">
     <span class='ocr_line' id='line_1_1' title="bbox 124 362 3316 445; baseline 0.007 -19"><span class='ocrx_word' id='word_1_1' title='bbox 124 362 280 429; x_wconf 70' lang='grc' dir='ltr'><strong>13ἓ9</strong></span> <span class='ocrx_word' id='word_1_2' title='bbox 1307 377 1403 436; x_wconf 86' lang='lat' dir='ltr'><strong>DE</strong></span> <span class='ocrx_word' id='word_1_3' title='bbox 1435 378 1805 441; x_wconf 80' lang='lat' dir='ltr'><strong>OPERIBUS</strong></span> <span class='ocrx_word' id='word_1_4' title='bbox 1835 384 1893 443; x_wconf 90' lang='lat' dir='ltr'><strong>S.</strong></span> <span class='ocrx_word' id='word_1_5' title='bbox 1928 385 2105 445; x_wconf 87' lang='lat' dir='ltr'><strong>NILI.</strong></span> <span class='ocrx_word' id='word_1_6' title='bbox 2645 381 2649 386; x_wconf 75' lang='grc'><em>’</em></span> <span class='ocrx_word' id='word_1_7' title='bbox 3183 383 3316 445; x_wconf 81' lang='lat'><strong>1330</strong></span> 
     </span>
    </p>
   </div>
   <div class='ocr_carea' id='block_1_2' title="bbox 114 475 1700 564">
    <p class='ocr_par' dir='ltr' id='par_1_2' title="bbox 114 475 1700 560">
     <span class='ocr_line' id='line_1_2' title="bbox 114 475 1700 560; baseline 0.011 -31"><span class='ocrx_word' id='word_1_8' title='bbox 114 475 749 546; x_wconf 64' lang='lat' dir='ltr'><strong>pmiuctione,a€w,uti</strong></span> <span class='ocrx_word' id='word_1_9' title='bbox 799 483 1072 552; x_wconf 79' lang='grc' dir='ltr'><strong>κωμάζω,</strong></span> <span class='ocrx_word' id='word_1_10' title='bbox 1098 485 1353 555; x_wconf 78' lang='grc' dir='ltr'><strong>ἑορτάζω,</strong></span> <span class='ocrx_word' id='word_1_11' title='bbox 1410 490 1700 560; x_wconf 72' lang='grc' dir='ltr'><strong>χειμάζω,</strong></span> 
     </span>
    </p>
   </div>
   <div class='ocr_carea' id='block_1_3' title="bbox 1818 475 3313 564">
    <p class='ocr_par' dir='ltr' id='par_1_3' title="bbox 1818 483 3313 564">
     <span class='ocr_line' id='line_1_3' title="bbox 1818 483 3313 564; baseline -0.002 -17"><span class='ocrx_word' id='word_1_12' title='bbox 1818 499 2159 552; x_wconf 76' lang='lat' dir='ltr'><strong>:ntatiouibus</strong></span> <span class='ocrx_word' id='word_1_13' title='bbox 2202 483 2334 553; x_wconf 18' lang='lat' dir='ltr'><strong>eum,</strong></span> <span class='ocrx_word' id='word_1_14' title='bbox 2358 496 2668 559; x_wconf 86' lang='lat' dir='ltr'><strong>admonens,</strong></span> <span class='ocrx_word' id='word_1_15' title='bbox 2717 509 2824 564; x_wconf 88' lang='lat' dir='ltr'><strong>quo</strong></span> <span class='ocrx_word' id='word_1_16' title='bbox 2870 493 3000 562; x_wconf 88' lang='lat' dir='ltr'><strong>ipsis</strong></span> <span class='ocrx_word' id='word_1_17' title='bbox 3056 491 3313 555; x_wconf 78' lang='lat' dir='ltr'><strong>obsistat;</strong></span> 
     </span>
    </p>
   </div>
   <div class='ocr_carea' id='block_1_4' title="bbox 121 567 1700 654">
    <p class='ocr_par' dir='ltr' id='par_1_4' title="bbox 121 567 1674 647">
     <span class='ocr_line' id='line_1_4' title="bbox 121 567 1674 647; baseline 0.011 -30"><span class='ocrx_word' id='word_1_18' title='bbox 121 567 442 633; x_wconf 73' lang='grc' dir='ltr'><strong>στωυδάζω,</strong></span> <span class='ocrx_word' id='word_1_19' title='bbox 473 570 732 639; x_wconf 80' lang='grc' dir='ltr'><strong>σχολάζω,</strong></span> <span class='ocrx_word' id='word_1_20' title='bbox 757 572 998 637; x_wconf 79' lang='grc' dir='ltr'><strong>λωσάζω,</strong></span> <span class='ocrx_word' id='word_1_21' title='bbox 1013 575 1251 645; x_wconf 79' lang='grc' dir='ltr'><strong>πειράζω</strong></span> <span class='ocrx_word' id='word_1_22' title='bbox 1267 578 1561 647; x_wconf 86' lang='lat' dir='ltr'><strong>emphasim</strong></span> <span class='ocrx_word' id='word_1_23' title='bbox 1580 581 1674 634; x_wconf 85' lang='lat' dir='ltr'><strong>ba-</strong></span> 
     </span>
    </p>
   </div>
   <div class='ocr_carea' id='block_1_5' title="bbox 1818 567 3311 654">
    <p class='ocr_par' dir='ltr' id='par_1_5' title="bbox 1818 584 3311 654">
     <span class='ocr_line' id='line_1_5' title="bbox 1818 584 3311 654; baseline -0.003 -15"><span class='ocrx_word' id='word_1_24' title='bbox 1818 596 1828 640; x_wconf 80' lang='lat' dir='ltr'><strong>t</strong></span> <span class='ocrx_word' id='word_1_25' title='bbox 1879 586 2115 641; x_wconf 83' lang='lat' dir='ltr'><strong>forsnan&#39;</strong></span> <span class='ocrx_word' id='word_1_26' title='bbox 2153 589 2220 641; x_wconf 87' lang='lat' dir='ltr'><strong>ad</strong></span> <span class='ocrx_word' id='word_1_27' title='bbox 2270 588 2602 642; x_wconf 90' lang='lat' dir='ltr'><strong>diaconatum</strong></span> <span class='ocrx_word' id='word_1_28' title='bbox 2660 584 2965 654; x_wconf 79' lang='lat' dir='ltr'><strong>promoveri</strong></span> <span class='ocrx_word' id='word_1_29' title='bbox 3026 591 3311 636; x_wconf 84' lang='lat' dir='ltr'><strong>meruerat-</strong></span> 
     </span>
    </p>
   </div>
   <div class='ocr_carea' id='block_1_6' title="bbox 118 656 3317 739">
    <p class='ocr_par' dir='ltr' id='par_1_6' title="bbox 118 656 3317 739">
     <span class='ocr_line' id='line_1_6' title="bbox 118 656 3317 739; baseline 0.002 -29"><span class='ocrx_word' id='word_1_30' title='bbox 118 656 291 720; x_wconf 80' lang='lat' dir='ltr'><strong>bere,</strong></span> <span class='ocrx_word' id='word_1_31' title='bbox 337 669 496 739; x_wconf 88' lang='lat' dir='ltr'><strong>atque</strong></span> <span class='ocrx_word' id='word_1_32' title='bbox 546 662 780 716; x_wconf 89' lang='lat' dir='ltr'><strong>indicare</strong></span> <span class='ocrx_word' id='word_1_33' title='bbox 803 665 1048 719; x_wconf 81' lang='lat' dir='ltr'><strong>videnlur</strong></span> <span class='ocrx_word' id='word_1_34' title='bbox 1073 665 1318 721; x_wconf 70' lang='lat' dir='ltr'><strong>affectum</strong></span> <span class='ocrx_word' id='word_1_35' title='bbox 1373 671 1676 737; x_wconf 84' lang='lat' dir='ltr'><strong>quemdam,</strong></span> <span class='ocrx_word' id='word_1_36' title='bbox 1778 671 1999 725; x_wconf 84' lang='lat' dir='ltr'><strong>Exstant</strong></span> <span class='ocrx_word' id='word_1_37' title='bbox 2054 683 2107 725; x_wconf 86' lang='lat' dir='ltr'><strong>et</strong></span> <span class='ocrx_word' id='word_1_38' title='bbox 2155 660 2646 726; x_wconf 56' lang='lat' dir='ltr'><strong>IsidoriPelusiota‘.</strong></span> <span class='ocrx_word' id='word_1_39' title='bbox 2680 671 2792 738; x_wconf 92' lang='lat' dir='ltr'><strong>qui,</strong></span> <span class='ocrx_word' id='word_1_40' title='bbox 2836 668 3020 722; x_wconf 90' lang='lat' dir='ltr'><strong>eodem</strong></span> <span class='ocrx_word' id='word_1_41' title='bbox 3081 677 3317 734; x_wconf 80' lang='lat' dir='ltr'><strong>tempore</strong></span> 
     </span>
    </p>
   </div>
   <div class='ocr_carea' id='block_1_7' title="bbox 119 748 1700 826">
    <p class='ocr_par' dir='ltr' id='par_1_7' title="bbox 119 748 1683 825">
     <span class='ocr_line' id='line_1_7' title="bbox 119 748 1683 825; baseline 0.008 -28"><span class='ocrx_word' id='word_1_42' title='bbox 119 753 182 798; x_wconf 87' lang='lat' dir='ltr'><strong>et</strong></span> <span class='ocrx_word' id='word_1_43' title='bbox 219 748 640 814; x_wconf 83' lang='lat' dir='ltr'><strong>protensionem,</strong></span> <span class='ocrx_word' id='word_1_44' title='bbox 658 749 736 804; x_wconf 84' lang='lat' dir='ltr'><strong>sic</strong></span> <span class='ocrx_word' id='word_1_45' title='bbox 761 751 866 802; x_wconf 80' lang='grc' dir='ltr'><strong>ἀπὸ</strong></span> <span class='ocrx_word' id='word_1_46' title='bbox 895 752 984 804; x_wconf 72' lang='grc' dir='ltr'><strong>τοῦ</strong></span> <span class='ocrx_word' id='word_1_47' title='bbox 1018 754 1262 821; x_wconf 78' lang='grc' dir='ltr'><strong>μονάζειν</strong></span> <span class='ocrx_word' id='word_1_48' title='bbox 1293 757 1340 807; x_wconf 81' lang='lat' dir='ltr'><strong>oi</strong></span> <span class='ocrx_word' id='word_1_49' title='bbox 1368 757 1683 825; x_wconf 81' lang='grc' dir='ltr'><strong>μονάζοντες</strong></span> 
     </span>
    </p>
   </div>
   <div class='ocr_carea' id='block_1_8' title="bbox 1818 748 3320 826">
    <p class='ocr_par' dir='ltr' id='par_1_8' title="bbox 1818 757 3320 826">
     <span class='ocr_line' id='line_1_8' title="bbox 1818 757 3320 826; baseline -0.004 -14"><span class='ocrx_word' id='word_1_50' title='bbox 1818 761 1977 814; x_wconf 88' lang='lat' dir='ltr'><strong>ixisse</strong></span> <span class='ocrx_word' id='word_1_51' title='bbox 2005 761 2231 823; x_wconf 89' lang='lat' dir='ltr'><strong>videtur,</strong></span> <span class='ocrx_word' id='word_1_52' title='bbox 2263 770 2315 814; x_wconf 87' lang='lat' dir='ltr'><strong>et</strong></span> <span class='ocrx_word' id='word_1_53' title='bbox 2341 762 2587 814; x_wconf 89' lang='lat' dir='ltr'><strong>eumdem</strong></span> <span class='ocrx_word' id='word_1_54' title='bbox 2617 759 2928 826; x_wconf 88' lang='lat' dir='ltr'><strong>magistrum</strong></span> <span class='ocrx_word' id='word_1_55' title='bbox 2973 757 3160 810; x_wconf 91' lang='lat' dir='ltr'><strong>habuit</strong></span> <span class='ocrx_word' id='word_1_56' title='bbox 3198 771 3320 810; x_wconf 89' lang='lat' dir='ltr'><strong>san-</strong></span> 
     </span>
    </p>
   </div>
   <div class='ocr_carea' id='block_1_9' title="bbox 120 831 3316 917">
    <p class='ocr_par' dir='ltr' id='par_1_9' title="bbox 120 831 3316 917">
     <span class='ocr_line' id='line_1_9' title="bbox 120 831 3316 917; baseline 0.003 -33"><span class='ocrx_word' id='word_1_57' title='bbox 120 835 397 902; x_wconf 81' lang='lat' dir='ltr'><strong>erantqui</strong></span> <span class='ocrx_word' id='word_1_58' title='bbox 417 833 621 903; x_wconf 79' lang='lat' dir='ltr'><strong>jamdiu</strong></span> <span class='ocrx_word' id='word_1_59' title='bbox 643 831 959 904; x_wconf 81' lang='lat' dir='ltr'><strong>appetebant</strong></span> <span class='ocrx_word' id='word_1_60' title='bbox 981 840 1180 909; x_wconf 76' lang='lat' dir='ltr'><strong>ingenti</strong></span> <span class='ocrx_word' id='word_1_61' title='bbox 1208 856 1329 896; x_wconf 88' lang='lat' dir='ltr'><strong>cum</strong></span> <span class='ocrx_word' id='word_1_62' title='bbox 1352 843 1543 897; x_wconf 66' lang='lat' dir='ltr'><strong>affectu</strong></span> <span class='ocrx_word' id='word_1_63' title='bbox 1566 860 1682 898; x_wconf 91' lang='lat' dir='ltr'><strong>mo-</strong></span> <span class='ocrx_word' id='word_1_64' title='bbox 1782 855 1925 900; x_wconf 90' lang='lat' dir='ltr'><strong>ctum</strong></span> <span class='ocrx_word' id='word_1_65' title='bbox 1944 846 2202 901; x_wconf 81' lang='lat' dir='ltr'><strong>Joannem</strong></span> <span class='ocrx_word' id='word_1_66' title='bbox 2227 847 2694 917; x_wconf 87' lang='lat' dir='ltr'><strong>Chrysostomum,</strong></span> <span class='ocrx_word' id='word_1_67' title='bbox 2717 846 2784 900; x_wconf 87' lang='lat' dir='ltr'><strong>ad</strong></span> <span class='ocrx_word' id='word_1_68' title='bbox 2805 845 3068 914; x_wconf 87' lang='lat' dir='ltr'><strong>Agathum</strong></span> <span class='ocrx_word' id='word_1_69' title='bbox 3097 844 3316 912; x_wconf 83' lang='lat' dir='ltr'><strong>presby-</strong></span> 
     </span>
    </p>
   </div>
   <div class='ocr_carea' id='block_1_10' title="bbox 126 921 3330 1006">
    <p class='ocr_par' dir='ltr' id='par_1_10' title="bbox 126 921 3330 1006">
     <span class='ocr_line' id='line_1_10' title="bbox 126 921 3330 1006; baseline 0.004 -35"><span class='ocrx_word' id='word_1_70' title='bbox 126 921 457 984; x_wconf 78' lang='lat' dir='ltr'><strong>nacliatum,</strong></span> <span class='ocrx_word' id='word_1_71' title='bbox 478 931 532 978; x_wconf 93' lang='lat' dir='ltr'><strong>et</strong></span> <span class='ocrx_word' id='word_1_72' title='bbox 549 923 709 977; x_wconf 87' lang='lat' dir='ltr'><strong>veluti</strong></span> <span class='ocrx_word' id='word_1_73' title='bbox 736 925 1103 994; x_wconf 77' lang='lat' dir='ltr'><strong>pertingebant</strong></span> <span class='ocrx_word' id='word_1_74' title='bbox 1126 929 1278 997; x_wconf 90' lang='lat' dir='ltr'><strong>quasi</strong></span> <span class='ocrx_word' id='word_1_75' title='bbox 1307 932 1547 998; x_wconf 81' lang='lat' dir='ltr'><strong>proxime</strong></span> <span class='ocrx_word' id='word_1_76' title='bbox 1570 934 1686 987; x_wconf 85' lang='lat' dir='ltr'><strong>cin-</strong></span> <span class='ocrx_word' id='word_1_77' title='bbox 1785 946 1953 990; x_wconf 89' lang='lat' dir='ltr'><strong>terum</strong></span> <span class='ocrx_word' id='word_1_78' title='bbox 1992 939 2027 989; x_wconf 90' lang='grc' dir='ltr'><strong>Ι.</strong></span> <span class='ocrx_word' id='word_1_79' title='bbox 2061 953 2097 990; x_wconf 92' lang='grc' dir='ltr'>ι.</span> <span class='ocrx_word' id='word_1_80' title='bbox 2149 938 2302 1005; x_wconf 85' lang='lat' dir='ltr'><strong>epist.</strong></span> <span class='ocrx_word' id='word_1_81' title='bbox 2329 938 2452 1000; x_wconf 71' lang='lat'>270,</span> <span class='ocrx_word' id='word_1_82' title='bbox 2488 947 2540 990; x_wconf 91' lang='lat' dir='ltr'><strong>et</strong></span> <span class='ocrx_word' id='word_1_83' title='bbox 2572 939 2606 988; x_wconf 94' lang='lat' dir='ltr'><strong>l.</strong></span> <span class='ocrx_word' id='word_1_84' title='bbox 2656 953 2738 998; x_wconf 90' lang='grc' dir='ltr'>ιιι,</span> <span class='ocrx_word' id='word_1_85' title='bbox 2775 929 2930 1004; x_wconf 87' lang='lat' dir='ltr'><strong>epist.</strong></span> <span class='ocrx_word' id='word_1_86' title='bbox 2962 934 3045 998; x_wconf 77' lang='grc'><strong>18,</strong></span> <span class='ocrx_word' id='word_1_87' title='bbox 3076 935 3164 996; x_wconf 76' lang='lat'><strong>9.7,</strong></span> <span class='ocrx_word' id='word_1_88' title='bbox 3197 932 3330 1006; x_wconf 58' lang='lat'><strong>160,</strong></span> 
     </span>
    </p>
   </div>
   <div class='ocr_carea' id='block_1_11' title="bbox 123 1009 3321 1094">
    <p class='ocr_par' dir='ltr' id='par_1_11' title="bbox 123 1009 3321 1094">
     <span class='ocr_line' id='line_1_11' title="bbox 123 1009 3321 1094; baseline 0 -22"><span class='ocrx_word' id='word_1_89' title='bbox 123 1009 325 1073; x_wconf 71' lang='grc' dir='ltr'><strong>εεηάἰ,</strong></span> <span class='ocrx_word' id='word_1_90' title='bbox 374 1020 426 1064; x_wconf 73' lang='grc' dir='ltr'>ει</span> <span class='ocrx_word' id='word_1_91' title='bbox 456 1010 834 1077; x_wconf 68' lang='lat' dir='ltr'><strong>&quot;leuoproxinii</strong></span> <span class='ocrx_word' id='word_1_92' title='bbox 877 1028 1007 1068; x_wconf 89' lang='lat' dir='ltr'><strong>voce</strong></span> <span class='ocrx_word' id='word_1_93' title='bbox 1059 1013 1464 1071; x_wconf 70' lang='lat' dir='ltr'><strong>Graeco-Latina</strong></span> <span class='ocrx_word' id='word_1_94' title='bbox 1516 1017 1688 1071; x_wconf 88' lang='lat' dir='ltr'><strong>Juris-</strong></span> <span class='ocrx_word' id='word_1_95' title='bbox 1781 1025 1904 1088; x_wconf 74' lang='lat'><strong>296,</strong></span> <span class='ocrx_word' id='word_1_96' title='bbox 1941 1026 2062 1090; x_wconf 76' lang='lat'><strong>503,</strong></span> <span class='ocrx_word' id='word_1_97' title='bbox 2088 1027 2200 1080; x_wconf 85' lang='lat' dir='ltr'><strong>sive</strong></span> <span class='ocrx_word' id='word_1_98' title='bbox 2227 1024 2698 1094; x_wconf 68' lang='lat' dir='ltr'><strong>Agathodazmona.</strong></span> <span class='ocrx_word' id='word_1_99' title='bbox 2735 1027 2813 1079; x_wconf 83' lang='lat' dir='ltr'><strong>Eo</strong></span> <span class='ocrx_word' id='word_1_100' title='bbox 2847 1024 3098 1078; x_wconf 88' lang='lat' dir='ltr'><strong>nimirum</strong></span> <span class='ocrx_word' id='word_1_101' title='bbox 3129 1032 3321 1088; x_wconf 90' lang='lat' dir='ltr'><strong>tempo-</strong></span> 
     </span>
    </p>
   </div>
   <div class='ocr_carea' id='block_1_12' title="bbox 125 1097 1700 1197">
    <p class='ocr_par' dir='ltr' id='par_1_12' title="bbox 125 1097 1689 1166">
     <span class='ocr_line' id='line_1_12' title="bbox 125 1097 1689 1166; baseline 0.005 -20"><span class='ocrx_word' id='word_1_102' title='bbox 125 1097 541 1160; x_wconf 88' lang='lat' dir='ltr'><strong>consultorum,</strong></span> <span class='ocrx_word' id='word_1_103' title='bbox 571 1111 668 1165; x_wconf 89' lang='lat' dir='ltr'><strong>pro</strong></span> <span class='ocrx_word' id='word_1_104' title='bbox 696 1097 892 1152; x_wconf 89' lang='lat' dir='ltr'><strong>cinctis</strong></span> <span class='ocrx_word' id='word_1_105' title='bbox 917 1101 1292 1166; x_wconf 85' lang='lat' dir='ltr'><strong>censebantur,</strong></span> <span class='ocrx_word' id='word_1_106' title='bbox 1315 1103 1689 1156; x_wconf 86' lang='lat' dir='ltr'><strong>sumebantur-</strong></span> 
     </span>
    </p>
   </div>
   <div class='ocr_carea' id='block_1_13' title="bbox 1818 1097 3322 1197">
    <p class='ocr_par' dir='ltr' id='par_1_13' title="bbox 1818 1111 3322 1185">
     <span class='ocr_line' id='line_1_13' title="bbox 1818 1111 3322 1185; baseline -0.004 -15"><span class='ocrx_word' id='word_1_107' title='bbox 1818 1132 1843 1170; x_wconf 88' lang='lat' dir='ltr'><strong>e</strong></span> <span class='ocrx_word' id='word_1_108' title='bbox 1873 1111 2066 1185; x_wconf 59' lang='lat' dir='ltr'><strong>saepius</strong></span> <span class='ocrx_word' id='word_1_109' title='bbox 2109 1133 2139 1169; x_wconf 85' lang='lat' dir='ltr'><strong>e</strong></span> <span class='ocrx_word' id='word_1_110' title='bbox 2169 1111 2444 1175; x_wconf 82' lang='lat' dir='ltr'><strong>monachis</strong></span> <span class='ocrx_word' id='word_1_111' title='bbox 2472 1116 2683 1169; x_wconf 86' lang='lat' dir='ltr'><strong>diaconi</strong></span> <span class='ocrx_word' id='word_1_112' title='bbox 2727 1116 3114 1185; x_wconf 71' lang='lat' dir='ltr'><strong>deﬁgebantur,</strong></span> <span class='ocrx_word' id='word_1_113' title='bbox 3160 1115 3322 1166; x_wconf 85' lang='lat' dir='ltr'><strong>immo</strong></span> 
     </span>
    </p>
   </div>
   <div class='ocr_carea' id='block_1_14' title="bbox 126 1188 1700 1281">
    <p class='ocr_par' dir='ltr' id='par_1_14' title="bbox 126 1188 1690 1254">
     <span class='ocr_line' id='line_1_14' title="bbox 126 1188 1690 1254; baseline 0.008 -20"><span class='ocrx_word' id='word_1_114' title='bbox 126 1197 255 1251; x_wconf 81' lang='lat' dir='ltr'><strong>que</strong></span> <span class='ocrx_word' id='word_1_115' title='bbox 302 1188 608 1251; x_wconf 91' lang='lat' dir='ltr'><strong>promiscue</strong></span> <span class='ocrx_word' id='word_1_116' title='bbox 642 1202 738 1254; x_wconf 91' lang='lat' dir='ltr'><strong>pro</strong></span> <span class='ocrx_word' id='word_1_117' title='bbox 769 1188 1066 1253; x_wconf 82' lang='lat' dir='ltr'><strong>monachis,</strong></span> <span class='ocrx_word' id='word_1_118' title='bbox 1104 1191 1180 1244; x_wconf 94' lang='lat' dir='ltr'><strong>uti</strong></span> <span class='ocrx_word' id='word_1_119' title='bbox 1228 1193 1430 1246; x_wconf 89' lang='lat' dir='ltr'><strong>tirones</strong></span> <span class='ocrx_word' id='word_1_120' title='bbox 1508 1192 1690 1246; x_wconf 90' lang='lat' dir='ltr'><strong>multis</strong></span> 
     </span>
    </p>
   </div>
   <div class='ocr_carea' id='block_1_15' title="bbox 1818 1188 3323 1281">
    <p class='ocr_par' dir='ltr' id='par_1_15' title="bbox 1818 1203 3323 1274">
     <span class='ocr_line' id='line_1_15' title="bbox 1818 1203 3323 1274; baseline -0.002 -17"><span class='ocrx_word' id='word_1_121' title='bbox 1818 1207 2081 1273; x_wconf 81' lang='lat' dir='ltr'><strong>resbyteri</strong></span> <span class='ocrx_word' id='word_1_122' title='bbox 2132 1215 2184 1259; x_wconf 90' lang='lat' dir='ltr'><strong>et</strong></span> <span class='ocrx_word' id='word_1_123' title='bbox 2228 1207 2488 1274; x_wconf 86' lang='lat' dir='ltr'><strong>episcopi,</strong></span> <span class='ocrx_word' id='word_1_124' title='bbox 2541 1215 2755 1258; x_wconf 89' lang='lat' dir='ltr'><strong>auctore</strong></span> <span class='ocrx_word' id='word_1_125' title='bbox 2805 1205 2953 1259; x_wconf 88' lang='lat' dir='ltr'><strong>card.</strong></span> <span class='ocrx_word' id='word_1_126' title='bbox 2997 1203 3227 1257; x_wconf 89' lang='lat' dir='ltr'><strong>Baronio</strong></span> <span class='ocrx_word' id='word_1_127' title='bbox 3258 1203 3323 1254; x_wconf 89' lang='lat' dir='ltr'><strong>ad</strong></span> 
     </span>
    </p>
   </div>
   <div class='ocr_carea' id='block_1_16' title="bbox 128 1269 1700 1364">
    <p class='ocr_par' dir='ltr' id='par_1_16' title="bbox 128 1269 1689 1345">
     <span class='ocr_line' id='line_1_16' title="bbox 128 1269 1689 1345; baseline 0.005 -23"><span class='ocrx_word' id='word_1_128' title='bbox 128 1269 428 1337; x_wconf 77' lang='lat' dir='ltr'><strong>stipendiis</strong></span> <span class='ocrx_word' id='word_1_129' title='bbox 456 1273 700 1340; x_wconf 82' lang='lat' dir='ltr'><strong>expletis,</strong></span> <span class='ocrx_word' id='word_1_130' title='bbox 724 1282 817 1327; x_wconf 90' lang='lat' dir='ltr'><strong>aut</strong></span> <span class='ocrx_word' id='word_1_131' title='bbox 845 1274 1106 1344; x_wconf 75' lang='grc' dir='ltr'>προλυταὶ</span> <span class='ocrx_word' id='word_1_132' title='bbox 1134 1278 1377 1345; x_wconf 88' lang='lat' dir='ltr'><strong>pluribus</strong></span> <span class='ocrx_word' id='word_1_133' title='bbox 1401 1281 1559 1333; x_wconf 87' lang='lat' dir='ltr'><strong>annis</strong></span> <span class='ocrx_word' id='word_1_134' title='bbox 1575 1289 1689 1334; x_wconf 86' lang='lat' dir='ltr'><strong>stn-</strong></span> 
     </span>
    </p>
   </div>
   <div class='ocr_carea' id='block_1_17' title="bbox 1818 1269 3319 1364">
    <p class='ocr_par' dir='ltr' id='par_1_17' title="bbox 1823 1269 3319 1364">
     <span class='ocr_line' id='line_1_17' title="bbox 1823 1269 3319 1364; baseline -0.005 -15"><span class='ocrx_word' id='word_1_135' title='bbox 1823 1313 1913 1350; x_wconf 92' lang='lat' dir='ltr'><strong>nn.</strong></span> <span class='ocrx_word' id='word_1_136' title='bbox 1947 1269 2046 1351; x_wconf 51' lang='lat'><strong>398</strong></span> <span class='ocrx_word' id='word_1_137' title='bbox 2077 1296 2138 1350; x_wconf 88' lang='lat' dir='ltr'><strong>C.</strong></span> <span class='ocrx_word' id='word_1_138' title='bbox 2170 1269 2274 1358; x_wconf 45' lang='grc' dir='ltr'><strong>Ν..-</strong></span> <span class='ocrx_word' id='word_1_139' title='bbox 2301 1306 2354 1350; x_wconf 90' lang='lat' dir='ltr'><strong>et</strong></span> <span class='ocrx_word' id='word_1_140' title='bbox 2385 1269 2548 1364; x_wconf 77' lang='lat' dir='ltr'><strong>liquet</strong></span> <span class='ocrx_word' id='word_1_141' title='bbox 2575 1313 2603 1349; x_wconf 92' lang='lat' dir='ltr'><strong>e</strong></span> <span class='ocrx_word' id='word_1_142' title='bbox 2652 1297 2687 1347; x_wconf 93' lang='lat' dir='ltr'><strong>l.</strong></span> <span class='ocrx_word' id='word_1_143' title='bbox 2742 1311 2910 1348; x_wconf 67' lang='grc' dir='ltr'><strong>χχχιι.</strong></span> <span class='ocrx_word' id='word_1_144' title='bbox 2947 1293 3008 1348; x_wconf 90' lang='lat' dir='ltr'><strong>C.</strong></span> <span class='ocrx_word' id='word_1_145' title='bbox 3056 1293 3319 1346; x_wconf 84' lang='lat' dir='ltr'><strong>Theodos.</strong></span> 
     </span>
    </p>
   </div>
   <div class='ocr_carea' id='block_1_18' title="bbox 127 1358 1700 1458">
    <p class='ocr_par' dir='ltr' id='par_1_18' title="bbox 127 1358 1688 1449">
     <span class='ocr_line' id='line_1_18' title="bbox 127 1358 1688 1449; baseline 0.007 -39"><span class='ocrx_word' id='word_1_146' title='bbox 127 1358 234 1411; x_wconf 92' lang='lat' dir='ltr'><strong>dio</strong></span> <span class='ocrx_word' id='word_1_147' title='bbox 267 1359 697 1428; x_wconf 76' lang='lat' dir='ltr'><strong>jurisprudentite</strong></span> <span class='ocrx_word' id='word_1_148' title='bbox 723 1362 1015 1430; x_wconf 91' lang='lat' dir='ltr'><strong>impensis,</strong></span> <span class='ocrx_word' id='word_1_149' title='bbox 1068 1366 1409 1440; x_wconf 66' lang='lat' dir='ltr'><strong>continentia</strong></span> <span class='ocrx_word' id='word_1_150' title='bbox 1462 1383 1688 1449; x_wconf 41' lang='lat' dir='ltr'><strong>.nempe,</strong></span> 
     </span>
    </p>
   </div>
   <div class='ocr_carea' id='block_1_19' title="bbox 1818 1358 3322 1458">
    <p class='ocr_par' dir='ltr' id='par_1_19' title="bbox 1818 1376 3322 1455">
     <span class='ocr_line' id='line_1_19' title="bbox 1818 1376 3322 1455; baseline -0.004 -17"><span class='ocrx_word' id='word_1_151' title='bbox 1818 1387 1865 1441; x_wconf 77' lang='lat' dir='ltr'><strong>)e</strong></span> <span class='ocrx_word' id='word_1_152' title='bbox 1897 1389 2054 1455; x_wconf 85' lang='lat' dir='ltr'><strong>episc.</strong></span> <span class='ocrx_word' id='word_1_153' title='bbox 2087 1376 2332 1441; x_wconf 53' lang='grc' dir='ltr'><strong>εἴσιθι-ἔα</strong></span> <span class='ocrx_word' id='word_1_154' title='bbox 2365 1386 2533 1440; x_wconf 88' lang='lat' dir='ltr'><strong>Tanta</strong></span> <span class='ocrx_word' id='word_1_155' title='bbox 2562 1394 2677 1439; x_wconf 90' lang='lat' dir='ltr'><strong>erat</strong></span> <span class='ocrx_word' id='word_1_156' title='bbox 2724 1385 3109 1438; x_wconf 84' lang='lat' dir='ltr'><strong>monachorum</strong></span> <span class='ocrx_word' id='word_1_157' title='bbox 3143 1382 3322 1435; x_wconf 88' lang='lat' dir='ltr'><strong>multi-</strong></span> 
     </span>
    </p>
   </div>
   <div class='ocr_carea' id='block_1_20' title="bbox 131 1449 1700 1537">
    <p class='ocr_par' dir='ltr' id='par_1_20' title="bbox 131 1449 1689 1521">
     <span class='ocr_line' id='line_1_20' title="bbox 131 1449 1689 1521; baseline 0.006 -23"><span class='ocrx_word' id='word_1_158' title='bbox 131 1460 244 1498; x_wconf 81' lang='lat' dir='ltr'><strong>seu</strong></span> <span class='ocrx_word' id='word_1_159' title='bbox 275 1449 537 1502; x_wconf 81' lang='lat' dir='ltr'><strong>castitatis</strong></span> <span class='ocrx_word' id='word_1_160' title='bbox 562 1449 832 1516; x_wconf 89' lang='lat' dir='ltr'><strong>specimen</strong></span> <span class='ocrx_word' id='word_1_161' title='bbox 861 1450 1115 1504; x_wconf 89' lang='lat' dir='ltr'><strong>dederant</strong></span> <span class='ocrx_word' id='word_1_162' title='bbox 1166 1462 1545 1521; x_wconf 89' lang='lat' dir='ltr'><strong>temperantes,</strong></span> <span class='ocrx_word' id='word_1_163' title='bbox 1598 1470 1689 1507; x_wconf 81' lang='lat' dir='ltr'><strong>seu</strong></span> 
     </span>
    </p>
   </div>
   <div class='ocr_carea' id='block_1_21' title="bbox 1818 1449 3324 1537">
    <p class='ocr_par' dir='ltr' id='par_1_21' title="bbox 1818 1458 3324 1537">
     <span class='ocr_line' id='line_1_21' title="bbox 1818 1458 3324 1537; baseline -0.003 -9"><span class='ocrx_word' id='word_1_164' title='bbox 1818 1477 1919 1529; x_wconf 85' lang='lat' dir='ltr'><strong>udo</strong></span> <span class='ocrx_word' id='word_1_165' title='bbox 1947 1515 1962 1537; x_wconf 91' lang='lat'><strong>,</strong></span> <span class='ocrx_word' id='word_1_166' title='bbox 2006 1486 2084 1529; x_wconf 89' lang='lat' dir='ltr'><strong>tot</strong></span> <span class='ocrx_word' id='word_1_167' title='bbox 2113 1477 2355 1530; x_wconf 90' lang='lat' dir='ltr'><strong>examina</strong></span> <span class='ocrx_word' id='word_1_168' title='bbox 2399 1489 2674 1530; x_wconf 84' lang='lat' dir='ltr'><strong>servorum</strong></span> <span class='ocrx_word' id='word_1_169' title='bbox 2729 1473 2852 1527; x_wconf 88' lang='lat' dir='ltr'><strong>Dei:</strong></span> <span class='ocrx_word' id='word_1_170' title='bbox 2885 1473 2998 1525; x_wconf 66' lang='lat' dir='ltr'><strong>haec</strong></span> <span class='ocrx_word' id='word_1_171' title='bbox 3039 1458 3199 1525; x_wconf 14' lang='lat' dir='ltr'><strong>enim.</strong></span> <span class='ocrx_word' id='word_1_172' title='bbox 3227 1485 3324 1523; x_wconf 89' lang='lat' dir='ltr'><strong>vox</strong></span> 
     </span>
    </p>
   </div>
   <div class='ocr_carea' id='block_1_22' title="bbox 130 1531 1700 1630">
    <p class='ocr_par' dir='ltr' id='par_1_22' title="bbox 130 1531 1693 1606">
     <span class='ocr_line' id='line_1_22' title="bbox 130 1531 1693 1606; baseline 0.006 -22"><span class='ocrx_word' id='word_1_173' title='bbox 130 1531 457 1604; x_wconf 77' lang='grc' dir='ltr'><strong>ἐγκρατεῖς,</strong></span> <span class='ocrx_word' id='word_1_174' title='bbox 489 1545 544 1590; x_wconf 92' lang='lat' dir='ltr'><strong>at</strong></span> <span class='ocrx_word' id='word_1_175' title='bbox 571 1541 922 1606; x_wconf 86' lang='lat' dir='ltr'><strong>paupertatis,</strong></span> <span class='ocrx_word' id='word_1_176' title='bbox 951 1549 1003 1594; x_wconf 91' lang='lat' dir='ltr'><strong>et</strong></span> <span class='ocrx_word' id='word_1_177' title='bbox 1031 1541 1372 1605; x_wconf 56' lang='lat' dir='ltr'><strong>obedientix,</strong></span> <span class='ocrx_word' id='word_1_178' title='bbox 1396 1544 1520 1595; x_wconf 91' lang='lat' dir='ltr'><strong>dum</strong></span> <span class='ocrx_word' id='word_1_179' title='bbox 1544 1558 1693 1596; x_wconf 83' lang='lat' dir='ltr'><strong>asce-</strong></span> 
     </span>
    </p>
   </div>
   <div class='ocr_carea' id='block_1_23' title="bbox 1818 1531 3330 1630">
    <p class='ocr_par' dir='ltr' id='par_1_23' title="bbox 1833 1558 3330 1630">
     <span class='ocr_line' id='line_1_23' title="bbox 1833 1558 3330 1630; baseline -0.001 -18"><span class='ocrx_word' id='word_1_180' title='bbox 1833 1569 1890 1613; x_wconf 87' lang='lat' dir='ltr'><strong>ut</strong></span> <span class='ocrx_word' id='word_1_181' title='bbox 1914 1561 2022 1626; x_wconf 89' lang='lat' dir='ltr'><strong>jam</strong></span> <span class='ocrx_word' id='word_1_182' title='bbox 2059 1563 2238 1613; x_wconf 90' lang='lat' dir='ltr'><strong>monui</strong></span> <span class='ocrx_word' id='word_1_183' title='bbox 2268 1562 2284 1626; x_wconf 91' lang='lat'>)</span> <span class='ocrx_word' id='word_1_184' title='bbox 2322 1563 2612 1615; x_wconf 85' lang='lat' dir='ltr'><strong>monachos</strong></span> <span class='ocrx_word' id='word_1_185' title='bbox 2644 1561 2920 1630; x_wconf 83' lang='lat' dir='ltr'><strong>significat.</strong></span> <span class='ocrx_word' id='word_1_186' title='bbox 2952 1561 3180 1614; x_wconf 82' lang='lat' dir='ltr'><strong>Sanctus</strong></span> <span class='ocrx_word' id='word_1_187' title='bbox 3202 1558 3330 1612; x_wconf 86' lang='lat' dir='ltr'><strong>Gre-</strong></span> 
     </span>
    </p>
   </div>
   <div class='ocr_carea' id='block_1_24' title="bbox 135 1629 3326 1717">
    <p class='ocr_par' dir='ltr' id='par_1_24' title="bbox 135 1629 3326 1717">
     <span class='ocr_line' id='line_1_24' title="bbox 135 1629 3326 1717; baseline 0.002 -23"><span class='ocrx_word' id='word_1_188' title='bbox 135 1635 234 1678; x_wconf 69' lang='grc' dir='ltr'><strong>ιδε</strong></span> <span class='ocrx_word' id='word_1_189' title='bbox 266 1635 506 1717; x_wconf 55' lang='lat' dir='ltr'><strong>egerant.</strong></span> <span class='ocrx_word' id='word_1_190' title='bbox 537 1635 629 1717; x_wconf 61' lang='lat' dir='ltr'><strong>aut</strong></span> <span class='ocrx_word' id='word_1_191' title='bbox 656 1629 1079 1717; x_wconf 50' lang='lat' dir='ltr'><strong>exercitum”:</strong></span> <span class='ocrx_word' id='word_1_192' title='bbox 1114 1630 1343 1700; x_wconf 79' lang='lat' dir='ltr'><strong>denique</strong></span> <span class='ocrx_word' id='word_1_193' title='bbox 1396 1633 1554 1686; x_wconf 72' lang='lat' dir='ltr'><strong>trium</strong></span> <span class='ocrx_word' id='word_1_194' title='bbox 1594 1632 1691 1684; x_wconf 75' lang='lat' dir='ltr'><strong>ha-</strong></span> <span class='ocrx_word' id='word_1_195' title='bbox 1790 1649 1971 1716; x_wconf 86' lang='lat' dir='ltr'><strong>gorius</strong></span> <span class='ocrx_word' id='word_1_196' title='bbox 2000 1647 2178 1708; x_wconf 74' lang='grc' dir='ltr'>ιι.ιιι›.</span> <span class='ocrx_word' id='word_1_197' title='bbox 2210 1665 2258 1700; x_wconf 85' lang='lat' dir='ltr'><strong>x.</strong></span> <span class='ocrx_word' id='word_1_198' title='bbox 2289 1650 2622 1716; x_wconf 74' lang='lat' dir='ltr'><strong>epist.51,et</strong></span> <span class='ocrx_word' id='word_1_199' title='bbox 2649 1629 2738 1703; x_wconf 75' lang='lat' dir='ltr'><strong>ub.</strong></span> <span class='ocrx_word' id='word_1_200' title='bbox 2773 1667 2832 1703; x_wconf 87' lang='grc' dir='ltr'>ιι.</span> <span class='ocrx_word' id='word_1_201' title='bbox 2863 1650 3020 1717; x_wconf 87' lang='lat' dir='ltr'><strong>epist.</strong></span> <span class='ocrx_word' id='word_1_202' title='bbox 3058 1650 3127 1702; x_wconf 73' lang='lat' dir='ltr'><strong>at</strong></span> <span class='ocrx_word' id='word_1_203' title='bbox 3158 1659 3209 1702; x_wconf 91' lang='lat' dir='ltr'><strong>et</strong></span> <span class='ocrx_word' id='word_1_204' title='bbox 3237 1648 3326 1709; x_wconf 87' lang='lat' dir='ltr'><strong>9t,</strong></span> 
     </span>
    </p>
   </div>
   <div class='ocr_carea' id='block_1_25' title="bbox 130 1715 1700 1813">
    <p class='ocr_par' dir='ltr' id='par_1_25' title="bbox 130 1715 1692 1789">
     <span class='ocr_line' id='line_1_25' title="bbox 130 1715 1692 1789; baseline 0.004 -24"><span class='ocrx_word' id='word_1_205' title='bbox 130 1728 272 1766; x_wconf 85' lang='lat' dir='ltr'><strong>rum</strong></span> <span class='ocrx_word' id='word_1_206' title='bbox 309 1715 724 1776; x_wconf 88' lang='lat' dir='ltr'><strong>virtutum,dum</strong></span> <span class='ocrx_word' id='word_1_207' title='bbox 755 1716 1073 1784; x_wconf 78' lang='grc' dir='ltr'><strong>μονάζοντὲς</strong></span> <span class='ocrx_word' id='word_1_208' title='bbox 1109 1717 1306 1785; x_wconf 82' lang='lat' dir='ltr'><strong>forent,</strong></span> <span class='ocrx_word' id='word_1_209' title='bbox 1342 1719 1500 1789; x_wconf 75' lang='lat'><strong>603</strong></span> <span class='ocrx_word' id='word_1_210' title='bbox 1541 1719 1692 1788; x_wconf 87' lang='lat' dir='ltr'><strong>quasi</strong></span> 
     </span>
    </p>
   </div>
   <div class='ocr_carea' id='block_1_26' title="bbox 1818 1715 3331 1813">
    <p class='ocr_par' dir='ltr' id='par_1_26' title="bbox 1818 1715 3331 1807">
     <span class='ocr_line' id='line_1_26' title="bbox 1818 1715 3331 1807; baseline 0.001 -17"><span class='ocrx_word' id='word_1_211' title='bbox 1818 1738 1884 1792; x_wconf 89' lang='lat' dir='ltr'><strong>ib.</strong></span> <span class='ocrx_word' id='word_1_212' title='bbox 1918 1754 2009 1792; x_wconf 85' lang='lat' dir='ltr'><strong>vttt</strong></span> <span class='ocrx_word' id='word_1_213' title='bbox 2034 1749 2086 1792; x_wconf 91' lang='lat' dir='ltr'><strong>et</strong></span> <span class='ocrx_word' id='word_1_214' title='bbox 2113 1754 2293 1791; x_wconf 71' lang='grc' dir='ltr'>χχχιιι.</span> <span class='ocrx_word' id='word_1_215' title='bbox 2320 1715 2413 1793; x_wconf 77' lang='lat' dir='ltr'><strong>lib.</strong></span> <span class='ocrx_word' id='word_1_216' title='bbox 2436 1755 2527 1792; x_wconf 67' lang='grc' dir='ltr'>χιι</span> <span class='ocrx_word' id='word_1_217' title='bbox 2553 1753 2598 1792; x_wconf 85' lang='lat' dir='ltr'><strong>c.</strong></span> <span class='ocrx_word' id='word_1_218' title='bbox 2625 1715 2951 1793; x_wconf 72' lang='lat' dir='ltr'><strong>12.Sanctus</strong></span> <span class='ocrx_word' id='word_1_219' title='bbox 2977 1737 3331 1807; x_wconf 68' lang='lat' dir='ltr'><strong>Hieronymus</strong></span> 
     </span>
    </p>
   </div>
   <div class='ocr_carea' id='block_1_27' title="bbox 135 1804 1700 1904">
    <p class='ocr_par' dir='ltr' id='par_1_27' title="bbox 135 1804 983 1872">
     <span class='ocr_line' id='line_1_27' title="bbox 135 1804 983 1872; baseline 0.008 -20"><span class='ocrx_word' id='word_1_220' title='bbox 135 1804 512 1855; x_wconf 87' lang='lat' dir='ltr'><strong>maturitatem</strong></span> <span class='ocrx_word' id='word_1_221' title='bbox 544 1804 983 1872; x_wconf 81' lang='lat' dir='ltr'><strong>assequebantur.</strong></span> 
     </span>
    </p>
   </div>
   <div class='ocr_carea' id='block_1_28' title="bbox 1818 1804 3326 1904">
    <p class='ocr_par' dir='ltr' id='par_1_28' title="bbox 1818 1804 3326 1898">
     <span class='ocr_line' id='line_1_28' title="bbox 1818 1804 3326 1898; baseline 0.001 -19"><span class='ocrx_word' id='word_1_222' title='bbox 1818 1827 1984 1882; x_wconf 72' lang='lat' dir='ltr'><strong>isahn.</strong></span> <span class='ocrx_word' id='word_1_223' title='bbox 2019 1829 2138 1882; x_wconf 79' lang='grc'><strong>155.</strong></span> <span class='ocrx_word' id='word_1_224' title='bbox 2169 1828 2521 1898; x_wconf 72' lang='grc' dir='ltr'>θεραπευταὶ,</span> <span class='ocrx_word' id='word_1_225' title='bbox 2552 1828 2780 1884; x_wconf 88' lang='lat' dir='ltr'><strong>Sanctus</strong></span> <span class='ocrx_word' id='word_1_226' title='bbox 2817 1829 3096 1898; x_wconf 81' lang='lat' dir='ltr'><strong>Dionysius</strong></span> <span class='ocrx_word' id='word_1_227' title='bbox 3131 1804 3326 1880; x_wconf 61' lang='lat' dir='ltr'><strong>Eri-tes.</strong></span> 
     </span>
    </p>
   </div>
   <div class='ocr_carea' id='block_1_29' title="bbox 1799 1917 3334 1987">
    <p class='ocr_par' dir='ltr' id='par_1_29' title="bbox 1799 1917 3334 1987">
     <span class='ocr_line' id='line_1_29' title="bbox 1799 1917 3334 1987; baseline 0.001 -18"><span class='ocrx_word' id='word_1_228' title='bbox 1799 1917 2111 1982; x_wconf 82' lang='lat' dir='ltr'><strong>Ilierarclt.;</strong></span> <span class='ocrx_word' id='word_1_229' title='bbox 2147 1917 2296 1973; x_wconf 85' lang='lat' dir='ltr'><strong>Philo</strong></span> <span class='ocrx_word' id='word_1_230' title='bbox 2353 1920 2444 1973; x_wconf 92' lang='lat' dir='ltr'><strong>lib.</strong></span> <span class='ocrx_word' id='word_1_231' title='bbox 2500 1919 2575 1972; x_wconf 88' lang='lat' dir='ltr'><strong>De</strong></span> <span class='ocrx_word' id='word_1_232' title='bbox 2611 1922 2700 1973; x_wconf 84' lang='lat' dir='ltr'><strong>vit.</strong></span> <span class='ocrx_word' id='word_1_233' title='bbox 2739 1919 3052 1987; x_wconf 78' lang='lat' dir='ltr'><strong>contempL;</strong></span> <span class='ocrx_word' id='word_1_234' title='bbox 3100 1917 3334 1972; x_wconf 86' lang='lat' dir='ltr'><strong>Sanctus</strong></span> 
     </span>
    </p>
   </div>
   <div class='ocr_carea' id='block_1_30' title="bbox 1798 2009 3328 2080">
    <p class='ocr_par' dir='ltr' id='par_1_30' title="bbox 1798 2009 3328 2080">
     <span class='ocr_line' id='line_1_30' title="bbox 1798 2009 3328 2080; baseline 0 -18"><span class='ocrx_word' id='word_1_235' title='bbox 1798 2009 2129 2077; x_wconf 81' lang='lat' dir='ltr'><strong>Augustinus</strong></span> <span class='ocrx_word' id='word_1_236' title='bbox 2144 2013 2301 2080; x_wconf 88' lang='lat' dir='ltr'><strong>epist.</strong></span> <span class='ocrx_word' id='word_1_237' title='bbox 2316 2013 2419 2076; x_wconf 85' lang='lat'><strong>56;</strong></span> <span class='ocrx_word' id='word_1_238' title='bbox 2443 2012 2718 2066; x_wconf 88' lang='lat' dir='ltr'><strong>Ennodius</strong></span> <span class='ocrx_word' id='word_1_239' title='bbox 2745 2013 2782 2065; x_wconf 93' lang='lat' dir='ltr'><strong>l.</strong></span> <span class='ocrx_word' id='word_1_240' title='bbox 2807 2013 3056 2080; x_wconf 85' lang='lat' dir='ltr'><strong>ttt.epist.</strong></span> <span class='ocrx_word' id='word_1_241' title='bbox 3071 2012 3172 2072; x_wconf 69' lang='lat'><strong>99;</strong></span> <span class='ocrx_word' id='word_1_242' title='bbox 3202 2012 3328 2080; x_wconf 76' lang='lat' dir='ltr'><strong>quin</strong></span> 
     </span>
    </p>
   </div>
   <div class='ocr_carea' id='block_1_31' title="bbox 1797 2093 3333 2171">
    <p class='ocr_par' dir='ltr' id='par_1_31' title="bbox 1797 2093 3333 2171">
     <span class='ocr_line' id='line_1_31' title="bbox 1797 2093 3333 2171; baseline -0.003 -15"><span class='ocrx_word' id='word_1_243' title='bbox 1797 2110 1851 2156; x_wconf 89' lang='lat' dir='ltr'><strong>et</strong></span> <span class='ocrx_word' id='word_1_244' title='bbox 1878 2102 2123 2154; x_wconf 87' lang='lat' dir='ltr'><strong>homines</strong></span> <span class='ocrx_word' id='word_1_245' title='bbox 2329 2101 2440 2163; x_wconf 85' lang='lat' dir='ltr'><strong>Dei,</strong></span> <span class='ocrx_word' id='word_1_246' title='bbox 2475 2102 2572 2154; x_wconf 87' lang='lat' dir='ltr'><strong>viri</strong></span> <span class='ocrx_word' id='word_1_247' title='bbox 2599 2103 2723 2166; x_wconf 86' lang='lat' dir='ltr'><strong>Dei;</strong></span> <span class='ocrx_word' id='word_1_248' title='bbox 2757 2103 2828 2155; x_wconf 89' lang='lat' dir='ltr'><strong>ita</strong></span> <span class='ocrx_word' id='word_1_249' title='bbox 2869 2097 3091 2156; x_wconf 80' lang='lat' dir='ltr'><strong>sanctus</strong></span> <span class='ocrx_word' id='word_1_250' title='bbox 3117 2102 3333 2152; x_wconf 77' lang='lat' dir='ltr'><strong>Alcxius</strong></span> 
     </span>
    </p>
   </div>
   <div class='ocr_carea' id='block_1_32' title="bbox 1799 2189 3332 2260">
    <p class='ocr_par' dir='ltr' id='par_1_32' title="bbox 1799 2189 3332 2260">
     <span class='ocr_line' id='line_1_32' title="bbox 1799 2189 3332 2260; baseline -0.005 -14"><span class='ocrx_word' id='word_1_251' title='bbox 1799 2194 2082 2255; x_wconf 87' lang='lat' dir='ltr'><strong>vocitatus,</strong></span> <span class='ocrx_word' id='word_1_252' title='bbox 2116 2201 2168 2246; x_wconf 94' lang='lat' dir='ltr'><strong>et</strong></span> <span class='ocrx_word' id='word_1_253' title='bbox 2182 2191 2504 2260; x_wconf 86' lang='lat' dir='ltr'><strong>Porphyrius</strong></span> <span class='ocrx_word' id='word_1_254' title='bbox 2539 2193 2592 2244; x_wconf 91' lang='lat' dir='ltr'><strong>in</strong></span> <span class='ocrx_word' id='word_1_255' title='bbox 2616 2189 2736 2244; x_wconf 81' lang='lat' dir='ltr'><strong>Vita</strong></span> <span class='ocrx_word' id='word_1_256' title='bbox 2757 2192 2928 2244; x_wconf 84' lang='lat' dir='ltr'><strong>sancti</strong></span> <span class='ocrx_word' id='word_1_257' title='bbox 2949 2191 3176 2259; x_wconf 85' lang='lat' dir='ltr'><strong>Agapiti,</strong></span> <span class='ocrx_word' id='word_1_258' title='bbox 3201 2199 3251 2244; x_wconf 88' lang='lat' dir='ltr'><strong>et</strong></span> <span class='ocrx_word' id='word_1_259' title='bbox 3281 2190 3332 2240; x_wconf 86' lang='lat' dir='ltr'><strong>in</strong></span> 
     </span>
    </p>
   </div>
   <div class='ocr_carea' id='block_1_33' title="bbox 1801 2275 3335 2350">
    <p class='ocr_par' dir='ltr' id='par_1_33' title="bbox 1801 2275 3335 2350">
     <span class='ocr_line' id='line_1_33' title="bbox 1801 2275 3335 2350; baseline -0.007 -15"><span class='ocrx_word' id='word_1_260' title='bbox 1801 2279 2068 2350; x_wconf 74' lang='lat' dir='ltr'><strong>Martyrol.</strong></span> <span class='ocrx_word' id='word_1_261' title='bbox 2101 2278 2254 2332; x_wconf 80' lang='lat' dir='ltr'><strong>Rom.</strong></span> <span class='ocrx_word' id='word_1_262' title='bbox 2283 2277 2353 2330; x_wconf 77' lang='lat'><strong>20</strong></span> <span class='ocrx_word' id='word_1_263' title='bbox 2376 2278 2624 2346; x_wconf 77' lang='lat' dir='ltr'><strong>Augusti.</strong></span> <span class='ocrx_word' id='word_1_264' title='bbox 2659 2277 2814 2330; x_wconf 82' lang='lat' dir='ltr'><strong>Anno</strong></span> <span class='ocrx_word' id='word_1_265' title='bbox 2844 2275 2977 2330; x_wconf 79' lang='grc'><strong>1658</strong></span> <span class='ocrx_word' id='word_1_266' title='bbox 3011 2275 3201 2328; x_wconf 75' lang='lat' dir='ltr'><strong>effossa</strong></span> <span class='ocrx_word' id='word_1_267' title='bbox 3237 2275 3335 2325; x_wconf 85' lang='lat' dir='ltr'><strong>fuit</strong></span> 
     </span>
    </p>
   </div>
   <div class='ocr_carea' id='block_1_34' title="bbox 1800 2364 3334 2442">
    <p class='ocr_par' dir='ltr' id='par_1_34' title="bbox 1800 2364 3334 2442">
     <span class='ocr_line' id='line_1_34' title="bbox 1800 2364 3334 2442; baseline -0.008 -16"><span class='ocrx_word' id='word_1_268' title='bbox 1800 2371 1902 2426; x_wconf 87' lang='lat' dir='ltr'><strong>sub</strong></span> <span class='ocrx_word' id='word_1_269' title='bbox 1928 2370 2157 2425; x_wconf 89' lang='lat' dir='ltr'><strong>statione</strong></span> <span class='ocrx_word' id='word_1_270' title='bbox 2178 2368 2426 2442; x_wconf 87' lang='lat' dir='ltr'><strong>Cohortis</strong></span> <span class='ocrx_word' id='word_1_271' title='bbox 2452 2367 2814 2421; x_wconf 86' lang='lat' dir='ltr'><strong>Helvetiorum</strong></span> <span class='ocrx_word' id='word_1_272' title='bbox 2840 2364 3097 2436; x_wconf 73' lang='lat' dir='ltr'><strong>praetoriae</strong></span> <span class='ocrx_word' id='word_1_273' title='bbox 3125 2365 3174 2416; x_wconf 92' lang='lat' dir='ltr'><strong>in</strong></span> <span class='ocrx_word' id='word_1_274' title='bbox 3199 2367 3334 2415; x_wconf 80' lang='lat' dir='ltr'><strong>Area</strong></span> 
     </span>
    </p>
   </div>
   <div class='ocr_carea' id='block_1_35' title="bbox 1803 2449 3331 2525">
    <p class='ocr_par' dir='ltr' id='par_1_35' title="bbox 1803 2449 3331 2525">
     <span class='ocr_line' id='line_1_35' title="bbox 1803 2449 3331 2525; baseline -0.01 -12"><span class='ocrx_word' id='word_1_275' title='bbox 1803 2457 2060 2513; x_wconf 79' lang='lat' dir='ltr'><strong>Vaticana</strong></span> <span class='ocrx_word' id='word_1_276' title='bbox 2114 2455 2487 2525; x_wconf 86' lang='lat' dir='ltr'><strong>hujuscemodi</strong></span> <span class='ocrx_word' id='word_1_277' title='bbox 2537 2466 2689 2512; x_wconf 83' lang='lat' dir='ltr'><strong>vetus</strong></span> <span class='ocrx_word' id='word_1_278' title='bbox 2732 2453 3034 2523; x_wconf 90' lang='lat' dir='ltr'><strong>inscriptio,</strong></span> <span class='ocrx_word' id='word_1_279' title='bbox 3082 2465 3237 2518; x_wconf 84' lang='lat' dir='ltr'><strong>quam</strong></span> <span class='ocrx_word' id='word_1_280' title='bbox 3270 2449 3331 2499; x_wconf 83' lang='lat' dir='ltr'><strong>nd</strong></span> 
     </span>
    </p>
   </div>
   <div class='ocr_carea' id='block_1_36' title="bbox 1802 2539 3334 2614">
    <p class='ocr_par' dir='ltr' id='par_1_36' title="bbox 1802 2539 3334 2614">
     <span class='ocr_line' id='line_1_36' title="bbox 1802 2539 3334 2614; baseline -0.01 -11"><span class='ocrx_word' id='word_1_281' title='bbox 1802 2565 2000 2604; x_wconf 90' lang='lat' dir='ltr'><strong>annum</strong></span> <span class='ocrx_word' id='word_1_282' title='bbox 2041 2548 2241 2603; x_wconf 90' lang='lat' dir='ltr'><strong>Christi</strong></span> <span class='ocrx_word' id='word_1_283' title='bbox 2274 2548 2397 2614; x_wconf 78' lang='grc'><strong>405,</strong></span> <span class='ocrx_word' id='word_1_284' title='bbox 2451 2562 2593 2602; x_wconf 83' lang='lat' dir='ltr'><strong>coss.</strong></span> <span class='ocrx_word' id='word_1_285' title='bbox 2638 2544 2943 2599; x_wconf 90' lang='lat' dir='ltr'><strong>Theodosio</strong></span> <span class='ocrx_word' id='word_1_286' title='bbox 2976 2539 3187 2608; x_wconf 79' lang='lat' dir='ltr'><strong>iuniore</strong></span> <span class='ocrx_word' id='word_1_287' title='bbox 3227 2541 3334 2606; x_wconf 82' lang='lat' dir='ltr'><strong>pri-</strong></span> 
     </span>
    </p>
   </div>
   <div class='ocr_carea' id='block_1_37' title="bbox 1803 2631 3338 2705">
    <p class='ocr_par' dir='ltr' id='par_1_37' title="bbox 1803 2631 3338 2705">
     <span class='ocr_line' id='line_1_37' title="bbox 1803 2631 3338 2705; baseline -0.011 -11"><span class='ocrx_word' id='word_1_288' title='bbox 1803 2655 1948 2694; x_wconf 91' lang='lat' dir='ltr'><strong>mum</strong></span> <span class='ocrx_word' id='word_1_289' title='bbox 1984 2648 2037 2693; x_wconf 91' lang='lat' dir='ltr'><strong>et</strong></span> <span class='ocrx_word' id='word_1_290' title='bbox 2063 2638 2399 2701; x_wconf 85' lang='lat' dir='ltr'><strong>Rumoridio,</strong></span> <span class='ocrx_word' id='word_1_291' title='bbox 2438 2636 2834 2691; x_wconf 89' lang='lat' dir='ltr'><strong>eruditissimus</strong></span> <span class='ocrx_word' id='word_1_292' title='bbox 2864 2631 3338 2705; x_wconf 52' lang='lat' dir='ltr'><strong>Holsteninsretua</strong></span> 
     </span>
    </p>
   </div>
   <div class='ocr_carea' id='block_1_38' title="bbox 1803 2718 3339 2792">
    <p class='ocr_par' dir='ltr' id='par_1_38' title="bbox 1803 2718 3339 2792">
     <span class='ocr_line' id='line_1_38' title="bbox 1803 2718 3339 2792; baseline -0.011 -10"><span class='ocrx_word' id='word_1_293' title='bbox 1803 2729 1892 2782; x_wconf 88' lang='lat' dir='ltr'><strong>lit:</strong></span> <span class='ocrx_word' id='word_1_294' title='bbox 1924 2728 2276 2792; x_wconf 80' lang='lat' dir='ltr'><strong>Quintilianus</strong></span> <span class='ocrx_word' id='word_1_295' title='bbox 2319 2727 2466 2777; x_wconf 83' lang='lat' dir='ltr'><strong>homo</strong></span> <span class='ocrx_word' id='word_1_296' title='bbox 2501 2724 2592 2776; x_wconf 91' lang='lat' dir='ltr'><strong>Dei</strong></span> <span class='ocrx_word' id='word_1_297' title='bbox 2642 2722 2958 2788; x_wconf 79' lang='lat' dir='ltr'><strong>conﬁrmans</strong></span> <span class='ocrx_word' id='word_1_298' title='bbox 3010 2718 3339 2777; x_wconf 77' lang='lat' dir='ltr'><strong>Trinitatem,</strong></span> 
     </span>
    </p>
   </div>
   <div class='ocr_carea' id='block_1_39' title="bbox 1805 2808 3340 2881">
    <p class='ocr_par' dir='ltr' id='par_1_39' title="bbox 1805 2808 3340 2881">
     <span class='ocr_line' id='line_1_39' title="bbox 1805 2808 3340 2881; baseline -0.01 -9"><span class='ocrx_word' id='word_1_299' title='bbox 1805 2835 1985 2872; x_wconf 86' lang='lat' dir='ltr'><strong>amans</strong></span> <span class='ocrx_word' id='word_1_300' title='bbox 2018 2819 2340 2878; x_wconf 75' lang='lat' dir='ltr'><strong>castitatem,</strong></span> <span class='ocrx_word' id='word_1_301' title='bbox 2379 2829 2619 2881; x_wconf 84' lang='lat' dir='ltr'><strong>respuens</strong></span> <span class='ocrx_word' id='word_1_302' title='bbox 2653 2811 2900 2864; x_wconf 86' lang='lat' dir='ltr'><strong>mundum</strong></span> <span class='ocrx_word' id='word_1_303' title='bbox 2922 2808 3196 2876; x_wconf 72' lang='lat' dir='ltr'><strong>requiescet</strong></span> <span class='ocrx_word' id='word_1_304' title='bbox 3236 2821 3340 2856; x_wconf 82' lang='lat' dir='ltr'><strong>una</strong></span> 
     </span>
    </p>
   </div>
   <div class='ocr_carea' id='block_1_40' title="bbox 217 1930 1698 2012">
    <p class='ocr_par' dir='ltr' id='par_1_40' title="bbox 217 1930 1698 2012">
     <span class='ocr_line' id='line_1_40' title="bbox 217 1930 1698 2012; baseline 0.008 -27"><span class='ocrx_word' id='word_1_305' title='bbox 217 1930 280 1986; x_wconf 89' lang='lat' dir='ltr'><strong>In</strong></span> <span class='ocrx_word' id='word_1_306' title='bbox 347 1935 707 1991; x_wconf 82' lang='lat' dir='ltr'><strong>ecclesiastica</strong></span> <span class='ocrx_word' id='word_1_307' title='bbox 756 1938 982 1993; x_wconf 85' lang='lat' dir='ltr'><strong>historia</strong></span> <span class='ocrx_word' id='word_1_308' title='bbox 1043 1943 1426 1996; x_wconf 89' lang='lat' dir='ltr'><strong>monachorum</strong></span> <span class='ocrx_word' id='word_1_309' title='bbox 1493 1945 1698 2012; x_wconf 89' lang='lat' dir='ltr'><strong>species</strong></span> 
     </span>
    </p>
   </div>
   <div class='ocr_carea' id='block_1_41' title="bbox 138 2022 1698 2101">
    <p class='ocr_par' dir='ltr' id='par_1_41' title="bbox 138 2022 1698 2101">
     <span class='ocr_line' id='line_1_41' title="bbox 138 2022 1698 2101; baseline 0.008 -28"><span class='ocrx_word' id='word_1_310' title='bbox 138 2022 319 2076; x_wconf 65' lang='lat' dir='ltr'><strong>varie</strong></span> <span class='ocrx_word' id='word_1_311' title='bbox 364 2033 794 2091; x_wconf 87' lang='lat' dir='ltr'><strong>percensentur:</strong></span> <span class='ocrx_word' id='word_1_312' title='bbox 849 2042 948 2097; x_wconf 85' lang='lat' dir='ltr'><strong>ego</strong></span> <span class='ocrx_word' id='word_1_313' title='bbox 989 2044 1114 2084; x_wconf 88' lang='lat' dir='ltr'><strong>vero</strong></span> <span class='ocrx_word' id='word_1_314' title='bbox 1169 2032 1519 2086; x_wconf 85' lang='lat' dir='ltr'><strong>animadverti</strong></span> <span class='ocrx_word' id='word_1_315' title='bbox 1575 2048 1698 2101; x_wconf 90' lang='lat' dir='ltr'><strong>per-</strong></span> 
     </span>
    </p>
   </div>
   <div class='ocr_carea' id='block_1_42' title="bbox 140 2110 1700 2189">
    <p class='ocr_par' dir='ltr' id='par_1_42' title="bbox 140 2110 1700 2189">
     <span class='ocr_line' id='line_1_42' title="bbox 140 2110 1700 2189; baseline 0.01 -28"><span class='ocrx_word' id='word_1_316' title='bbox 140 2110 450 2163; x_wconf 83' lang='lat' dir='ltr'><strong>scrutando</strong></span> <span class='ocrx_word' id='word_1_317' title='bbox 501 2110 809 2180; x_wconf 85' lang='lat' dir='ltr'><strong>diligentius</strong></span> <span class='ocrx_word' id='word_1_318' title='bbox 851 2115 1014 2170; x_wconf 87' lang='lat' dir='ltr'><strong>hosce</strong></span> <span class='ocrx_word' id='word_1_319' title='bbox 1053 2117 1315 2186; x_wconf 66' lang='lat' dir='ltr'><strong>praecipue</strong></span> <span class='ocrx_word' id='word_1_320' title='bbox 1344 2126 1454 2173; x_wconf 89' lang='lat' dir='ltr'><strong>tres</strong></span> <span class='ocrx_word' id='word_1_321' title='bbox 1506 2125 1700 2189; x_wconf 78' lang='lat' dir='ltr'><strong>gradus</strong></span> 
     </span>
    </p>
   </div>
   <div class='ocr_carea' id='block_1_43' title="bbox 135 2195 1688 2278">
    <p class='ocr_par' dir='ltr' id='par_1_43' title="bbox 135 2195 1688 2278">
     <span class='ocr_line' id='line_1_43' title="bbox 135 2195 1688 2278; baseline 0.01 -29"><span class='ocrx_word' id='word_1_322' title='bbox 135 2213 343 2267; x_wconf 78' lang='lat' dir='ltr'><strong>parum</strong></span> <span class='ocrx_word' id='word_1_323' title='bbox 372 2204 440 2255; x_wconf 88' lang='lat' dir='ltr'><strong>ab</strong></span> <span class='ocrx_word' id='word_1_324' title='bbox 463 2202 582 2256; x_wconf 90' lang='lat' dir='ltr'><strong>aliis</strong></span> <span class='ocrx_word' id='word_1_325' title='bbox 610 2203 1058 2268; x_wconf 87' lang='lat' dir='ltr'><strong>observatos,imo</strong></span> <span class='ocrx_word' id='word_1_326' title='bbox 1085 2195 1393 2278; x_wconf 82' lang='lat' dir='ltr'><strong>plerumque</strong></span> <span class='ocrx_word' id='word_1_327' title='bbox 1415 2209 1688 2276; x_wconf 90' lang='lat' dir='ltr'><strong>confusos,</strong></span> 
     </span>
    </p>
   </div>
   <div class='ocr_carea' id='block_1_44' title="bbox 138 2279 1691 2361">
    <p class='ocr_par' dir='ltr' id='par_1_44' title="bbox 138 2279 1691 2361">
     <span class='ocr_line' id='line_1_44' title="bbox 138 2279 1691 2361; baseline 0.008 -22"><span class='ocrx_word' id='word_1_328' title='bbox 138 2296 203 2340; x_wconf 84' lang='lat' dir='ltr'><strong>et</strong></span> <span class='ocrx_word' id='word_1_329' title='bbox 236 2287 533 2356; x_wconf 75' lang='grc' dir='ltr'><strong>μονὰζοντα</strong></span> <span class='ocrx_word' id='word_1_330' title='bbox 581 2293 801 2358; x_wconf 80' lang='lat' dir='ltr'><strong>exposui</strong></span> <span class='ocrx_word' id='word_1_331' title='bbox 836 2304 1077 2361; x_wconf 86' lang='lat' dir='ltr'><strong>agentem</strong></span> <span class='ocrx_word' id='word_1_332' title='bbox 1114 2297 1468 2350; x_wconf 87' lang='lat' dir='ltr'><strong>monasticam</strong></span> <span class='ocrx_word' id='word_1_333' title='bbox 1503 2279 1691 2352; x_wconf 83' lang='lat' dir='ltr'><strong>vitam.</strong></span> 
     </span>
    </p>
   </div>
   <div class='ocr_carea' id='block_1_45' title="bbox 141 2375 1700 2455">
    <p class='ocr_par' dir='ltr' id='par_1_45' title="bbox 141 2375 1700 2455">
     <span class='ocr_line' id='line_1_45' title="bbox 141 2375 1700 2455; baseline 0.009 -27"><span class='ocrx_word' id='word_1_334' title='bbox 141 2375 419 2444; x_wconf 79' lang='lat' dir='ltr'><strong>Agathius</strong></span> <span class='ocrx_word' id='word_1_335' title='bbox 451 2377 611 2445; x_wconf 86' lang='lat' dir='ltr'><strong>igitur</strong></span> <span class='ocrx_word' id='word_1_336' title='bbox 640 2380 745 2434; x_wconf 92' lang='lat' dir='ltr'><strong>iste</strong></span> <span class='ocrx_word' id='word_1_337' title='bbox 770 2383 1119 2436; x_wconf 91' lang='lat' dir='ltr'><strong>monasticam</strong></span> <span class='ocrx_word' id='word_1_338' title='bbox 1147 2385 1308 2438; x_wconf 90' lang='lat' dir='ltr'><strong>vitam</strong></span> <span class='ocrx_word' id='word_1_339' title='bbox 1335 2400 1496 2455; x_wconf 88' lang='lat' dir='ltr'><strong>agens</strong></span> <span class='ocrx_word' id='word_1_340' title='bbox 1520 2385 1700 2442; x_wconf 88' lang='lat' dir='ltr'><strong>Nilum</strong></span> 
     </span>
    </p>
   </div>
   <div class='ocr_carea' id='block_1_46' title="bbox 144 2465 1704 2542">
    <p class='ocr_par' dir='ltr' id='par_1_46' title="bbox 144 2465 1704 2542">
     <span class='ocr_line' id='line_1_46' title="bbox 144 2465 1704 2542; baseline 0.009 -24"><span class='ocrx_word' id='word_1_341' title='bbox 144 2465 600 2520; x_wconf 89' lang='lat' dir='ltr'><strong>meditahundum</strong></span> <span class='ocrx_word' id='word_1_342' title='bbox 631 2475 882 2542; x_wconf 88' lang='lat' dir='ltr'><strong>tanquam</strong></span> <span class='ocrx_word' id='word_1_343' title='bbox 915 2485 982 2524; x_wconf 84' lang='lat' dir='ltr'><strong>ex</strong></span> <span class='ocrx_word' id='word_1_344' title='bbox 1014 2471 1222 2527; x_wconf 91' lang='lat' dir='ltr'><strong>insidiis</strong></span> <span class='ocrx_word' id='word_1_345' title='bbox 1255 2474 1474 2529; x_wconf 89' lang='lat' dir='ltr'><strong>adortus</strong></span> <span class='ocrx_word' id='word_1_346' title='bbox 1515 2486 1621 2541; x_wconf 85' lang='lat' dir='ltr'><strong>est,</strong></span> <span class='ocrx_word' id='word_1_347' title='bbox 1648 2487 1704 2532; x_wconf 90' lang='lat' dir='ltr'><strong>ct</strong></span> 
     </span>
    </p>
   </div>
   <div class='ocr_carea' id='block_1_47' title="bbox 148 2557 1702 2634">
    <p class='ocr_par' dir='ltr' id='par_1_47' title="bbox 148 2557 1702 2634">
     <span class='ocr_line' id='line_1_47' title="bbox 148 2557 1702 2634; baseline 0.012 -27"><span class='ocrx_word' id='word_1_348' title='bbox 148 2570 447 2624; x_wconf 80' lang='lat' dir='ltr'><strong>aggressus</strong></span> <span class='ocrx_word' id='word_1_349' title='bbox 472 2557 843 2625; x_wconf 87' lang='lat' dir='ltr'><strong>improvisum,</strong></span> <span class='ocrx_word' id='word_1_350' title='bbox 870 2567 922 2615; x_wconf 89' lang='lat' dir='ltr'><strong>et</strong></span> <span class='ocrx_word' id='word_1_351' title='bbox 944 2563 1168 2617; x_wconf 90' lang='lat' dir='ltr'><strong>suadere</strong></span> <span class='ocrx_word' id='word_1_352' title='bbox 1189 2566 1346 2634; x_wconf 65' lang='lat' dir='ltr'><strong>coepit</strong></span> <span class='ocrx_word' id='word_1_353' title='bbox 1383 2579 1439 2622; x_wconf 93' lang='lat' dir='ltr'><strong>ut</strong></span> <span class='ocrx_word' id='word_1_354' title='bbox 1463 2567 1702 2624; x_wconf 80' lang='lat' dir='ltr'><strong>Ethicam</strong></span> 
     </span>
    </p>
   </div>
   <div class='ocr_carea' id='block_1_48' title="bbox 131 2637 1703 2712">
    <p class='ocr_par' dir='ltr' id='par_1_48' title="bbox 131 2637 1703 2712">
     <span class='ocr_line' id='line_1_48' title="bbox 131 2637 1703 2712; baseline 0.008 -16"><span class='ocrx_word' id='word_1_355' title='bbox 131 2637 492 2712; x_wconf 64' lang='lat' dir='ltr'><strong>&#39;quampiam,</strong></span> <span class='ocrx_word' id='word_1_356' title='bbox 523 2660 613 2699; x_wconf 89' lang='lat' dir='ltr'><strong>seu</strong></span> <span class='ocrx_word' id='word_1_357' title='bbox 647 2646 897 2700; x_wconf 82' lang='lat' dir='ltr'><strong>Moralem</strong></span> <span class='ocrx_word' id='word_1_358' title='bbox 945 2649 1368 2705; x_wconf 86' lang='lat' dir='ltr'><strong>lucubrationem</strong></span> <span class='ocrx_word' id='word_1_359' title='bbox 1400 2655 1703 2708; x_wconf 90' lang='lat' dir='ltr'><strong>conscribe-</strong></span> 
     </span>
    </p>
   </div>
   <div class='ocr_carea' id='block_1_49' title="bbox 149 2733 1701 2812">
    <p class='ocr_par' dir='ltr' id='par_1_49' title="bbox 149 2733 1701 2812">
     <span class='ocr_line' id='line_1_49' title="bbox 149 2733 1701 2812; baseline 0.006 -25"><span class='ocrx_word' id='word_1_360' title='bbox 149 2742 263 2787; x_wconf 82' lang='lat' dir='ltr'><strong>ret.</strong></span> <span class='ocrx_word' id='word_1_361' title='bbox 297 2735 366 2786; x_wconf 83' lang='lat' dir='ltr'><strong>At</strong></span> <span class='ocrx_word' id='word_1_362' title='bbox 391 2733 544 2789; x_wconf 82' lang='lat' dir='ltr'><strong>Nilus</strong></span> <span class='ocrx_word' id='word_1_363' title='bbox 572 2736 624 2788; x_wconf 93' lang='lat' dir='ltr'><strong>in</strong></span> <span class='ocrx_word' id='word_1_364' title='bbox 659 2735 999 2805; x_wconf 83' lang='lat' dir='ltr'><strong>Expositione</strong></span> <span class='ocrx_word' id='word_1_365' title='bbox 1026 2737 1358 2794; x_wconf 87' lang='lat' dir='ltr'><strong>Psalmorum</strong></span> <span class='ocrx_word' id='word_1_366' title='bbox 1389 2753 1701 2812; x_wconf 85' lang='lat' dir='ltr'><strong>occupatus,</strong></span> 
     </span>
    </p>
   </div>
   <div class='ocr_carea' id='block_1_50' title="bbox 150 2822 1706 2895">
    <p class='ocr_par' dir='ltr' id='par_1_50' title="bbox 150 2822 1706 2895">
     <span class='ocr_line' id='line_1_50' title="bbox 150 2822 1706 2895; baseline 0.005 -19"><span class='ocrx_word' id='word_1_367' title='bbox 150 2822 320 2890; x_wconf 85' lang='lat' dir='ltr'><strong>cujus</strong></span> <span class='ocrx_word' id='word_1_368' title='bbox 378 2823 671 2892; x_wconf 83' lang='lat' dir='ltr'><strong>fragmenta</strong></span> <span class='ocrx_word' id='word_1_369' title='bbox 725 2825 982 2878; x_wconf 90' lang='lat' dir='ltr'><strong>nonnulla</strong></span> <span class='ocrx_word' id='word_1_370' title='bbox 1032 2828 1375 2895; x_wconf 88' lang='lat' dir='ltr'><strong>reperiuntur</strong></span> <span class='ocrx_word' id='word_1_371' title='bbox 1407 2830 1486 2882; x_wconf 81' lang='lat' dir='ltr'><strong>in</strong></span> <span class='ocrx_word' id='word_1_372' title='bbox 1521 2831 1706 2884; x_wconf 90' lang='lat' dir='ltr'><strong>codice</strong></span> 
     </span>
    </p>
   </div>
   <div class='ocr_carea' id='block_1_51' title="bbox 153 2897 1700 2985">
    <p class='ocr_par' dir='ltr' id='par_1_51' title="bbox 153 2909 1700 2985">
     <span class='ocr_line' id='line_1_51' title="bbox 153 2909 1700 2985; baseline 0.006 -22"><span class='ocrx_word' id='word_1_373' title='bbox 153 2911 458 2966; x_wconf 81' lang='lat' dir='ltr'><strong>Barberino</strong></span> <span class='ocrx_word' id='word_1_374' title='bbox 490 2914 874 2983; x_wconf 90' lang='lat' dir='ltr'><strong>manuscripto,</strong></span> <span class='ocrx_word' id='word_1_375' title='bbox 909 2923 962 2968; x_wconf 92' lang='lat' dir='ltr'><strong>et</strong></span> <span class='ocrx_word' id='word_1_376' title='bbox 990 2917 1128 2985; x_wconf 85' lang='lat' dir='ltr'><strong>apud</strong></span> <span class='ocrx_word' id='word_1_377' title='bbox 1159 2909 1455 2971; x_wconf 87' lang='lat' dir='ltr'><strong>Bessonum</strong></span> <span class='ocrx_word' id='word_1_378' title='bbox 1511 2919 1566 2972; x_wconf 92' lang='lat' dir='ltr'><strong>in</strong></span> <span class='ocrx_word' id='word_1_379' title='bbox 1601 2920 1700 2974; x_wconf 89' lang='lat' dir='ltr'><strong>Ca-</strong></span> 
     </span>
    </p>
   </div>
   <div class='ocr_carea' id='block_1_52' title="bbox 1818 2897 3338 2985">
    <p class='ocr_par' dir='ltr' id='par_1_52' title="bbox 1818 2897 3338 2976">
     <span class='ocr_line' id='line_1_52' title="bbox 1818 2897 3338 2976; baseline -0.012 -15"><span class='ocrx_word' id='word_1_380' title='bbox 1818 2908 2322 2976; x_wconf 78' lang='lat' dir='ltr'><strong>:um.......quiuixit</strong></span> <span class='ocrx_word' id='word_1_381' title='bbox 2351 2922 2475 2958; x_wconf 86' lang='lat' dir='ltr'><strong>ann.</strong></span> <span class='ocrx_word' id='word_1_382' title='bbox 2498 2904 2562 2956; x_wconf 93' lang='lat' dir='ltr'><strong>P.</strong></span> <span class='ocrx_word' id='word_1_383' title='bbox 2584 2907 2657 2958; x_wconf 83' lang='grc' dir='ltr'><strong>Μ.</strong></span> <span class='ocrx_word' id='word_1_384' title='bbox 2679 2899 3181 2956; x_wconf 84' lang='lat' dir='ltr'><strong>X.......Tlteodosio</strong></span> <span class='ocrx_word' id='word_1_385' title='bbox 3207 2897 3338 2962; x_wconf 73' lang='lat' dir='ltr'><strong>Aug.</strong></span> 
     </span>
    </p>
   </div>
   <div class='ocr_carea' id='block_1_53' title="bbox 152 2985 1700 3088">
    <p class='ocr_par' dir='ltr' id='par_1_53' title="bbox 152 3003 1700 3088">
     <span class='ocr_line' id='line_1_53' title="bbox 152 3003 1700 3088; baseline 0.003 -32"><span class='ocrx_word' id='word_1_386' title='bbox 152 3012 344 3056; x_wconf 81' lang='lat' dir='ltr'><strong>tenam</strong></span> <span class='ocrx_word' id='word_1_387' title='bbox 385 3003 630 3073; x_wconf 87' lang='lat' dir='ltr'><strong>Procopii</strong></span> <span class='ocrx_word' id='word_1_388' title='bbox 672 3020 829 3088; x_wconf 68' lang='lat' dir='ltr'><strong>super</strong></span> <span class='ocrx_word' id='word_1_389' title='bbox 868 3005 1102 3060; x_wconf 87' lang='lat' dir='ltr'><strong>Canticis</strong></span> <span class='ocrx_word' id='word_1_390' title='bbox 1141 3007 1495 3072; x_wconf 89' lang='lat' dir='ltr'><strong>canticorum,</strong></span> <span class='ocrx_word' id='word_1_391' title='bbox 1545 3009 1700 3077; x_wconf 87' lang='lat' dir='ltr'><strong>tergi-</strong></span> 
     </span>
    </p>
   </div>
   <div class='ocr_carea' id='block_1_54' title="bbox 1818 2985 3339 3088">
    <p class='ocr_par' dir='ltr' id='par_1_54' title="bbox 1818 2985 3339 3072">
     <span class='ocr_line' id='line_1_54' title="bbox 1818 2985 3339 3072; baseline -0.012 -20"><span class='ocrx_word' id='word_1_392' title='bbox 1818 3009 1855 3052; x_wconf 66' lang='lat' dir='ltr'><strong>tt</strong></span> <span class='ocrx_word' id='word_1_393' title='bbox 1889 2999 1953 3052; x_wconf 87' lang='lat' dir='ltr'><strong>R.</strong></span> <span class='ocrx_word' id='word_1_394' title='bbox 1987 2998 2076 3051; x_wconf 88' lang='lat' dir='ltr'><strong>ubi</strong></span> <span class='ocrx_word' id='word_1_395' title='bbox 2108 2999 2254 3052; x_wconf 86' lang='lat' dir='ltr'><strong>vides</strong></span> <span class='ocrx_word' id='word_1_396' title='bbox 2281 2995 2540 3072; x_wconf 84' lang='lat' dir='ltr'><strong>castitatis</strong></span> <span class='ocrx_word' id='word_1_397' title='bbox 2579 3007 2834 3054; x_wconf 88' lang='lat' dir='ltr'><strong>amorem,</strong></span> <span class='ocrx_word' id='word_1_398' title='bbox 2866 3000 2918 3043; x_wconf 88' lang='lat' dir='ltr'><strong>et</strong></span> <span class='ocrx_word' id='word_1_399' title='bbox 2947 2987 3130 3041; x_wconf 91' lang='lat' dir='ltr'><strong>mundi</strong></span> <span class='ocrx_word' id='word_1_400' title='bbox 3162 2985 3339 3052; x_wconf 64' lang='lat' dir='ltr'><strong>despi~</strong></span> 
     </span>
    </p>
   </div>
   <div class='ocr_carea' id='block_1_55' title="bbox 152 3075 1700 3178">
    <p class='ocr_par' dir='ltr' id='par_1_55' title="bbox 152 3075 1700 3178">
     <span class='ocr_line' id='line_1_55' title="bbox 152 3075 1700 3178; baseline 0.003 -32"><span class='ocrx_word' id='word_1_401' title='bbox 152 3075 789 3178; x_wconf 64' lang='lat' dir='ltr'><strong>versaltatur,&#39;causatus</strong></span> <span class='ocrx_word' id='word_1_402' title='bbox 828 3097 1006 3149; x_wconf 65' lang='lat' dir='ltr'><strong>saeculi</strong></span> <span class='ocrx_word' id='word_1_403' title='bbox 1040 3097 1352 3164; x_wconf 87' lang='lat' dir='ltr'><strong>nequitiam,</strong></span> <span class='ocrx_word' id='word_1_404' title='bbox 1391 3113 1552 3166; x_wconf 88' lang='lat' dir='ltr'><strong>quam</strong></span> <span class='ocrx_word' id='word_1_405' title='bbox 1585 3114 1700 3152; x_wconf 91' lang='lat' dir='ltr'><strong>cor-</strong></span> 
     </span>
    </p>
   </div>
   <div class='ocr_carea' id='block_1_56' title="bbox 1818 3075 3341 3178">
    <p class='ocr_par' dir='ltr' id='par_1_56' title="bbox 1818 3075 3341 3154">
     <span class='ocr_line' id='line_1_56' title="bbox 1818 3075 3341 3154; baseline -0.012 -10"><span class='ocrx_word' id='word_1_406' title='bbox 1818 3090 2075 3152; x_wconf 84' lang='lat' dir='ltr'><strong>:ientiam,</strong></span> <span class='ocrx_word' id='word_1_407' title='bbox 2107 3088 2218 3140; x_wconf 85' lang='lat' dir='ltr'><strong>sive</strong></span> <span class='ocrx_word' id='word_1_408' title='bbox 2239 3086 2484 3154; x_wconf 83' lang='grc' dir='ltr'><strong>ἄσκησιν,</strong></span> <span class='ocrx_word' id='word_1_409' title='bbox 2525 3091 2576 3136; x_wconf 91' lang='lat' dir='ltr'><strong>et</strong></span> <span class='ocrx_word' id='word_1_410' title='bbox 2598 3082 2938 3150; x_wconf 74' lang='grc' dir='ltr'><strong>ἐγκράτειαν.</strong></span> <span class='ocrx_word' id='word_1_411' title='bbox 2981 3079 3067 3131; x_wconf 91' lang='lat' dir='ltr'><strong>lsti</strong></span> <span class='ocrx_word' id='word_1_412' title='bbox 3100 3075 3341 3130; x_wconf 76' lang='lat' dir='ltr'><strong>homines</strong></span> 
     </span>
    </p>
   </div>
   <div class='ocr_carea' id='block_1_57' title="bbox 151 3163 3343 3256">
    <p class='ocr_par' dir='ltr' id='par_1_57' title="bbox 151 3163 3343 3256">
     <span class='ocr_line' id='line_1_57' title="bbox 151 3163 3343 3256; baseline -0.007 -22"><span class='ocrx_word' id='word_1_413' title='bbox 151 3164 287 3250; x_wconf 66' lang='lat' dir='ltr'><strong>rigi,</strong></span> <span class='ocrx_word' id='word_1_414' title='bbox 344 3197 407 3236; x_wconf 88' lang='lat' dir='ltr'><strong>ac</strong></span> <span class='ocrx_word' id='word_1_415' title='bbox 462 3183 727 3235; x_wconf 81' lang='lat' dir='ltr'><strong>emendari</strong></span> <span class='ocrx_word' id='word_1_416' title='bbox 761 3183 1093 3250; x_wconf 86' lang='lat' dir='ltr'><strong>desperabat,</strong></span> <span class='ocrx_word' id='word_1_417' title='bbox 1126 3199 1388 3239; x_wconf 90' lang='lat' dir='ltr'><strong>cumnon</strong></span> <span class='ocrx_word' id='word_1_418' title='bbox 1408 3163 1572 3251; x_wconf 76' lang='lat' dir='ltr'><strong>esset,</strong></span> <span class='ocrx_word' id='word_1_419' title='bbox 1619 3187 1711 3256; x_wconf 89' lang='lat' dir='ltr'><strong>qui</strong></span> <span class='ocrx_word' id='word_1_420' title='bbox 1743 3163 1760 3166; x_wconf 44' lang='grc'><em>’</em></span> <span class='ocrx_word' id='word_1_421' title='bbox 1812 3194 1904 3234; x_wconf 86' lang='lat' dir='ltr'><strong>seu</strong></span> <span class='ocrx_word' id='word_1_422' title='bbox 1935 3177 2072 3232; x_wconf 90' lang='lat' dir='ltr'><strong>servi</strong></span> <span class='ocrx_word' id='word_1_423' title='bbox 2113 3174 2203 3230; x_wconf 92' lang='lat' dir='ltr'><strong>Dei</strong></span> <span class='ocrx_word' id='word_1_424' title='bbox 2224 3173 2573 3235; x_wconf 81' lang='lat' dir='ltr'><strong>deﬁniuntur,</strong></span> <span class='ocrx_word' id='word_1_425' title='bbox 2601 3170 2689 3238; x_wconf 88' lang='lat' dir='ltr'><strong>qui</strong></span> <span class='ocrx_word' id='word_1_426' title='bbox 2714 3167 2778 3222; x_wconf 89' lang='lat' dir='ltr'><strong>ad</strong></span> <span class='ocrx_word' id='word_1_427' title='bbox 2809 3167 2998 3220; x_wconf 81' lang='lat' dir='ltr'><strong>faciem</strong></span> <span class='ocrx_word' id='word_1_428' title='bbox 3039 3163 3343 3256; x_wconf 74' lang='lat' dir='ltr'><strong>ministrant</strong></span> 
     </span>
    </p>
   </div>
   <div class='ocr_carea' id='block_1_58' title="bbox 154 3251 3341 3341">
    <p class='ocr_par' dir='ltr' id='par_1_58' title="bbox 154 3251 3341 3341">
     <span class='ocr_line' id='line_1_58' title="bbox 154 3251 3341 3341; baseline -0.004 -18"><span class='ocrx_word' id='word_1_429' title='bbox 154 3271 368 3325; x_wconf 83' lang='lat' dir='ltr'><strong>faceret</strong></span> <span class='ocrx_word' id='word_1_430' title='bbox 423 3273 620 3324; x_wconf 88' lang='lat' dir='ltr'><strong>bonum</strong></span> <span class='ocrx_word' id='word_1_431' title='bbox 691 3288 861 3341; x_wconf 86' lang='lat' dir='ltr'><strong>usque</strong></span> <span class='ocrx_word' id='word_1_432' title='bbox 903 3273 968 3325; x_wconf 88' lang='lat' dir='ltr'><strong>ad</strong></span> <span class='ocrx_word' id='word_1_433' title='bbox 1014 3289 1176 3326; x_wconf 91' lang='lat' dir='ltr'><strong>unum</strong></span> <span class='ocrx_word' id='word_1_434' title='bbox 1258 3274 1297 3339; x_wconf 74' lang='grc' dir='ltr'><strong>ί,</strong></span> <span class='ocrx_word' id='word_1_435' title='bbox 1344 3287 1395 3328; x_wconf 86' lang='lat' dir='ltr'><strong>et</strong></span> <span class='ocrx_word' id='word_1_436' title='bbox 1462 3251 1711 3331; x_wconf 72' lang='lat' dir='ltr'><strong>vanitatis</strong></span> <span class='ocrx_word' id='word_1_437' title='bbox 1812 3269 2055 3324; x_wconf 89' lang='lat' dir='ltr'><strong>Domino.</strong></span> <span class='ocrx_word' id='word_1_438' title='bbox 2115 3265 2288 3318; x_wconf 87' lang='lat' dir='ltr'><strong>Homo</strong></span> <span class='ocrx_word' id='word_1_439' title='bbox 2357 3263 2556 3318; x_wconf 69' lang='lat' dir='ltr'><strong>Graecis</strong></span> <span class='ocrx_word' id='word_1_440' title='bbox 2630 3256 3012 3313; x_wconf 86' lang='lat' dir='ltr'><strong>recentioribus</strong></span> <span class='ocrx_word' id='word_1_441' title='bbox 3065 3251 3341 3319; x_wconf 66' lang='grc' dir='ltr'><strong>ἄνθρωπος</strong></span> 
     </span>
    </p>
   </div>
   <div class='ocr_carea' id='block_1_59' title="bbox 153 3341 3336 3431">
    <p class='ocr_par' dir='ltr' id='par_1_59' title="bbox 153 3341 3336 3431">
     <span class='ocr_line' id='line_1_59' title="bbox 153 3341 3336 3431; baseline -0.008 -19"><span class='ocrx_word' id='word_1_442' title='bbox 153 3357 376 3412; x_wconf 65' lang='lat' dir='ltr'><strong>daemon</strong></span> <span class='ocrx_word' id='word_1_443' title='bbox 408 3367 576 3413; x_wconf 86' lang='lat' dir='ltr'><strong>terras</strong></span> <span class='ocrx_word' id='word_1_444' title='bbox 613 3357 860 3429; x_wconf 84' lang='lat' dir='ltr'><strong>indagine</strong></span> <span class='ocrx_word' id='word_1_445' title='bbox 901 3361 1156 3429; x_wconf 81' lang='lat' dir='ltr'><strong>cingeret,</strong></span> <span class='ocrx_word' id='word_1_446' title='bbox 1186 3351 1552 3431; x_wconf 76' lang='lat' dir='ltr'><strong>expansisque</strong></span> <span class='ocrx_word' id='word_1_447' title='bbox 1581 3365 1710 3417; x_wconf 83' lang='lat' dir='ltr'><strong>reti-</strong></span> <span class='ocrx_word' id='word_1_448' title='bbox 1809 3361 1969 3419; x_wconf 90' lang='lat' dir='ltr'><strong>idem,</strong></span> <span class='ocrx_word' id='word_1_449' title='bbox 2001 3359 2092 3425; x_wconf 93' lang='lat' dir='ltr'><strong>qui</strong></span> <span class='ocrx_word' id='word_1_450' title='bbox 2123 3370 2328 3409; x_wconf 86' lang='lat' dir='ltr'><strong>servus.</strong></span> <span class='ocrx_word' id='word_1_451' title='bbox 2356 3350 2691 3405; x_wconf 81' lang='lat' dir='ltr'><strong>Constantia.</strong></span> <span class='ocrx_word' id='word_1_452' title='bbox 2727 3346 2802 3398; x_wconf 87' lang='lat' dir='ltr'><strong>De</strong></span> <span class='ocrx_word' id='word_1_453' title='bbox 2823 3345 3119 3397; x_wconf 67' lang='lat' dir='ltr'><strong>adtttittislt&#39;.</strong></span> <span class='ocrx_word' id='word_1_454' title='bbox 3155 3341 3336 3431; x_wconf 78' lang='lat' dir='ltr'><strong>imper.</strong></span> 
     </span>
    </p>
   </div>
   <div class='ocr_carea' id='block_1_60' title="bbox 154 3430 3341 3518">
    <p class='ocr_par' dir='ltr' id='par_1_60' title="bbox 154 3430 3341 3518">
     <span class='ocr_line' id='line_1_60' title="bbox 154 3430 3341 3518; baseline -0.007 -16"><span class='ocrx_word' id='word_1_455' title='bbox 154 3449 270 3502; x_wconf 79' lang='lat' dir='ltr'><strong>bus</strong></span> <span class='ocrx_word' id='word_1_456' title='bbox 301 3457 518 3503; x_wconf 90' lang='lat' dir='ltr'><strong>cunctos</strong></span> <span class='ocrx_word' id='word_1_457' title='bbox 542 3449 796 3503; x_wconf 87' lang='lat' dir='ltr'><strong>mortales</strong></span> <span class='ocrx_word' id='word_1_458' title='bbox 820 3449 1176 3518; x_wconf 88' lang='lat' dir='ltr'><strong>illaqueassct,</strong></span> <span class='ocrx_word' id='word_1_459' title='bbox 1201 3450 1271 3501; x_wconf 90' lang='lat' dir='ltr'><strong>ita</strong></span> <span class='ocrx_word' id='word_1_460' title='bbox 1297 3458 1354 3502; x_wconf 91' lang='lat' dir='ltr'><strong>ut</strong></span> <span class='ocrx_word' id='word_1_461' title='bbox 1380 3451 1430 3502; x_wconf 86' lang='lat' dir='ltr'><strong>hi</strong></span> <span class='ocrx_word' id='word_1_462' title='bbox 1461 3430 1711 3518; x_wconf 78' lang='lat' dir='ltr'><strong>expedire</strong></span> <span class='ocrx_word' id='word_1_463' title='bbox 1810 3447 1884 3500; x_wconf 90' lang='lat' dir='ltr'><strong>La</strong></span> <span class='ocrx_word' id='word_1_464' title='bbox 1914 3446 2080 3501; x_wconf 81' lang='lat' dir='ltr'><strong>Certla</strong></span> <span class='ocrx_word' id='word_1_465' title='bbox 2117 3453 2166 3498; x_wconf 83' lang='lat' dir='ltr'><strong>c.</strong></span> <span class='ocrx_word' id='word_1_466' title='bbox 2199 3443 2316 3495; x_wconf 75' lang='grc'><strong>146.</strong></span> <span class='ocrx_word' id='word_1_467' title='bbox 2349 3458 2401 3493; x_wconf 89' lang='grc' dir='ltr'>ιι.</span> <span class='ocrx_word' id='word_1_468' title='bbox 2437 3441 2521 3492; x_wconf 71' lang='grc'><strong>12.</strong></span> <span class='ocrx_word' id='word_1_469' title='bbox 2569 3439 2846 3491; x_wconf 82' lang='lat' dir='ltr'><strong>Adversar.</strong></span> <span class='ocrx_word' id='word_1_470' title='bbox 2879 3450 3015 3486; x_wconf 87' lang='lat' dir='ltr'><strong>sacr.</strong></span> <span class='ocrx_word' id='word_1_471' title='bbox 3052 3433 3250 3499; x_wconf 86' lang='lat' dir='ltr'><strong>passim</strong></span> <span class='ocrx_word' id='word_1_472' title='bbox 3288 3430 3341 3480; x_wconf 89' lang='lat' dir='ltr'><strong>in</strong></span> 
     </span>
    </p>
   </div>
   <div class='ocr_carea' id='block_1_61' title="bbox 154 3520 3342 3606">
    <p class='ocr_par' dir='ltr' id='par_1_61' title="bbox 154 3520 3342 3606">
     <span class='ocr_line' id='line_1_61' title="bbox 154 3520 3342 3606; baseline -0.008 -15"><span class='ocrx_word' id='word_1_473' title='bbox 154 3552 224 3591; x_wconf 81' lang='lat' dir='ltr'><strong>se</strong></span> <span class='ocrx_word' id='word_1_474' title='bbox 277 3552 379 3590; x_wconf 91' lang='lat' dir='ltr'><strong>non</strong></span> <span class='ocrx_word' id='word_1_475' title='bbox 437 3546 671 3606; x_wconf 89' lang='lat' dir='ltr'><strong>possent,</strong></span> <span class='ocrx_word' id='word_1_476' title='bbox 726 3539 801 3590; x_wconf 87' lang='lat' dir='ltr'><strong>uti</strong></span> <span class='ocrx_word' id='word_1_477' title='bbox 878 3537 1265 3590; x_wconf 82' lang='lat' dir='ltr'><strong>monachorum</strong></span> <span class='ocrx_word' id='word_1_478' title='bbox 1324 3532 1712 3605; x_wconf 81' lang='lat' dir='ltr'><strong>antesignanus</strong></span> <span class='ocrx_word' id='word_1_479' title='bbox 1811 3536 1960 3591; x_wconf 86' lang='lat' dir='ltr'><strong>libris</strong></span> <span class='ocrx_word' id='word_1_480' title='bbox 2007 3534 2304 3588; x_wconf 86' lang='lat' dir='ltr'><strong>feudorum.</strong></span> <span class='ocrx_word' id='word_1_481' title='bbox 2347 3530 2517 3584; x_wconf 92' lang='lat' dir='ltr'><strong>Homo</strong></span> <span class='ocrx_word' id='word_1_482' title='bbox 2541 3538 2621 3582; x_wconf 89' lang='lat' dir='ltr'><strong>est</strong></span> <span class='ocrx_word' id='word_1_483' title='bbox 2651 3526 2931 3586; x_wconf 85' lang='lat' dir='ltr'><strong>vassallus,</strong></span> <span class='ocrx_word' id='word_1_484' title='bbox 2963 3532 3015 3576; x_wconf 89' lang='lat' dir='ltr'><strong>et</strong></span> <span class='ocrx_word' id='word_1_485' title='bbox 3051 3520 3342 3574; x_wconf 88' lang='lat' dir='ltr'><strong>hominium</strong></span> 
     </span>
    </p>
   </div>
   <div class='ocr_carea' id='block_1_62' title="bbox 156 3612 3346 3694">
    <p class='ocr_par' dir='ltr' id='par_1_62' title="bbox 156 3612 3346 3694">
     <span class='ocr_line' id='line_1_62' title="bbox 156 3612 3346 3694; baseline -0.005 -14"><span class='ocrx_word' id='word_1_486' title='bbox 156 3627 304 3680; x_wconf 83' lang='lat' dir='ltr'><strong>alter</strong></span> <span class='ocrx_word' id='word_1_487' title='bbox 327 3635 544 3680; x_wconf 89' lang='lat' dir='ltr'><strong>sanctus</strong></span> <span class='ocrx_word' id='word_1_488' title='bbox 575 3627 837 3678; x_wconf 88' lang='lat' dir='ltr'><strong>Antonius</strong></span> <span class='ocrx_word' id='word_1_489' title='bbox 865 3625 1132 3693; x_wconf 80' lang='lat' dir='ltr'><strong>quendam</strong></span> <span class='ocrx_word' id='word_1_490' title='bbox 1180 3626 1402 3689; x_wconf 83' lang='lat' dir='ltr'><strong>viderat,</strong></span> <span class='ocrx_word' id='word_1_491' title='bbox 1433 3641 1480 3680; x_wconf 91' lang='lat' dir='ltr'><strong>c.</strong></span> <span class='ocrx_word' id='word_1_492' title='bbox 1519 3626 1581 3679; x_wconf 78' lang='lat' dir='ltr'><strong>2l</strong></span> <span class='ocrx_word' id='word_1_493' title='bbox 1613 3625 1711 3679; x_wconf 85' lang='lat' dir='ltr'><strong>Le-</strong></span> <span class='ocrx_word' id='word_1_494' title='bbox 1811 3627 1950 3690; x_wconf 88' lang='lat' dir='ltr'><strong>inde,</strong></span> <span class='ocrx_word' id='word_1_495' title='bbox 1988 3625 2128 3694; x_wconf 88' lang='lat' dir='ltr'><strong>quod</strong></span> <span class='ocrx_word' id='word_1_496' title='bbox 2155 3624 2272 3677; x_wconf 84' lang='lat' dir='ltr'><strong>aliis</strong></span> <span class='ocrx_word' id='word_1_497' title='bbox 2322 3621 2625 3688; x_wconf 83' lang='lat' dir='ltr'><strong>homagium</strong></span> <span class='ocrx_word' id='word_1_498' title='bbox 2672 3618 2738 3670; x_wconf 87' lang='lat' dir='ltr'><strong>ab</strong></span> <span class='ocrx_word' id='word_1_499' title='bbox 2799 3613 2930 3684; x_wconf 84' lang='grc' dir='ltr'><strong>ὠμῷ</strong></span> <span class='ocrx_word' id='word_1_500' title='bbox 2978 3612 3136 3681; x_wconf 82' lang='grc' dir='ltr'><strong>ἁγίῳ,</strong></span> <span class='ocrx_word' id='word_1_501' title='bbox 3179 3612 3228 3662; x_wconf 90' lang='lat' dir='ltr'><strong>id</strong></span> <span class='ocrx_word' id='word_1_502' title='bbox 3266 3616 3346 3658; x_wconf 74' lang='lat' dir='ltr'><strong>est</strong></span> 
     </span>
    </p>
   </div>
   <div class='ocr_carea' id='block_1_63' title="bbox 156 3710 2665 3786">
    <p class='ocr_par' dir='ltr' id='par_1_63' title="bbox 156 3710 2665 3786">
     <span class='ocr_line' id='line_1_63' title="bbox 156 3710 2665 3786; baseline -0.004 -17"><span class='ocrx_word' id='word_1_503' title='bbox 156 3715 344 3786; x_wconf 70' lang='lat' dir='ltr'><strong>gender:</strong></span> <span class='ocrx_word' id='word_1_504' title='bbox 377 3715 564 3769; x_wconf 84' lang='lat' dir='ltr'><strong>Claud.</strong></span> <span class='ocrx_word' id='word_1_505' title='bbox 597 3715 658 3766; x_wconf 87' lang='lat' dir='ltr'><strong>de</strong></span> <span class='ocrx_word' id='word_1_506' title='bbox 685 3713 837 3766; x_wconf 83' lang='lat' dir='ltr'><strong>Rata.</strong></span> <span class='ocrx_word' id='word_1_507' title='bbox 883 3715 1140 3783; x_wconf 82' lang='lat' dir='ltr'><strong>Agathius</strong></span> <span class='ocrx_word' id='word_1_508' title='bbox 1181 3731 1309 3785; x_wconf 86' lang='lat' dir='ltr'><strong>ergo</strong></span> <span class='ocrx_word' id='word_1_509' title='bbox 1373 3716 1709 3771; x_wconf 88' lang='lat' dir='ltr'><strong>Peristeriam</strong></span> <span class='ocrx_word' id='word_1_510' title='bbox 1811 3724 1997 3772; x_wconf 91' lang='lat' dir='ltr'><strong>sancto</strong></span> <span class='ocrx_word' id='word_1_511' title='bbox 2024 3711 2377 3782; x_wconf 87' lang='lat' dir='ltr'><strong>jurejurando</strong></span> <span class='ocrx_word' id='word_1_512' title='bbox 2417 3710 2665 3762; x_wconf 82' lang='lat' dir='ltr'><strong>trahitur.</strong></span> 
     </span>
    </p>
   </div>
   <div class='ocr_carea' id='block_1_64' title="bbox 159 3786 3346 3873">
    <p class='ocr_par' dir='ltr' id='par_1_64' title="bbox 159 3786 3346 3873">
     <span class='ocr_line' id='line_1_64' title="bbox 159 3786 3346 3873; baseline -0.009 -10"><span class='ocrx_word' id='word_1_513' title='bbox 159 3807 582 3869; x_wconf 86' lang='lat' dir='ltr'><strong>commendavit,</strong></span> <span class='ocrx_word' id='word_1_514' title='bbox 627 3814 680 3858; x_wconf 90' lang='lat' dir='ltr'><strong>et</strong></span> <span class='ocrx_word' id='word_1_515' title='bbox 728 3805 866 3858; x_wconf 87' lang='lat' dir='ltr'><strong>hanc</strong></span> <span class='ocrx_word' id='word_1_516' title='bbox 920 3821 1078 3860; x_wconf 89' lang='lat' dir='ltr'><strong>unam</strong></span> <span class='ocrx_word' id='word_1_517' title='bbox 1131 3808 1379 3873; x_wconf 91' lang='lat' dir='ltr'><strong>opposuit</strong></span> <span class='ocrx_word' id='word_1_518' title='bbox 1406 3807 1549 3859; x_wconf 87' lang='lat' dir='ltr'><strong>vitiis</strong></span> <span class='ocrx_word' id='word_1_519' title='bbox 1608 3807 1711 3870; x_wconf 87' lang='lat' dir='ltr'><strong>late</strong></span> <span class='ocrx_word' id='word_1_520' title='bbox 1883 3801 2266 3870; x_wconf 72' lang='lat' dir='ltr'><strong>Suprascripta:</strong></span> <span class='ocrx_word' id='word_1_521' title='bbox 2313 3797 2531 3849; x_wconf 74' lang='lat' dir='ltr'><strong>decima:</strong></span> <span class='ocrx_word' id='word_1_522' title='bbox 2581 3792 2804 3845; x_wconf 88' lang='lat' dir='ltr'><strong>sectioni</strong></span> <span class='ocrx_word' id='word_1_523' title='bbox 2853 3789 3065 3842; x_wconf 85' lang='lat' dir='ltr'><strong>adtexui</strong></span> <span class='ocrx_word' id='word_1_524' title='bbox 3127 3786 3346 3839; x_wconf 85' lang='lat' dir='ltr'><strong>undeci-</strong></span> 
     </span>
    </p>
   </div>
   <div class='ocr_carea' id='block_1_65' title="bbox 164 3875 1700 3963">
    <p class='ocr_par' dir='ltr' id='par_1_65' title="bbox 164 3895 1700 3963">
     <span class='ocr_line' id='line_1_65' title="bbox 164 3895 1700 3963; baseline -0.003 -12"><span class='ocrx_word' id='word_1_525' title='bbox 164 3897 535 3951; x_wconf 87' lang='lat' dir='ltr'><strong>crescentibus</strong></span> <span class='ocrx_word' id='word_1_526' title='bbox 579 3897 984 3962; x_wconf 88' lang='lat' dir='ltr'><strong>exemplumque</strong></span> <span class='ocrx_word' id='word_1_527' title='bbox 1020 3896 1204 3959; x_wconf 89' lang='lat' dir='ltr'><strong>dedit;</strong></span> <span class='ocrx_word' id='word_1_528' title='bbox 1245 3904 1405 3963; x_wconf 84' lang='lat' dir='ltr'><strong>atque</strong></span> <span class='ocrx_word' id='word_1_529' title='bbox 1456 3895 1590 3947; x_wconf 88' lang='lat' dir='ltr'><strong>adeo</strong></span> <span class='ocrx_word' id='word_1_530' title='bbox 1622 3897 1700 3947; x_wconf 75' lang='lat' dir='ltr'><strong>(li-</strong></span> 
     </span>
    </p>
   </div>
   <div class='ocr_carea' id='block_1_66' title="bbox 1818 3875 3349 3963">
    <p class='ocr_par' dir='ltr' id='par_1_66' title="bbox 1818 3875 3349 3953">
     <span class='ocr_line' id='line_1_66' title="bbox 1818 3875 3349 3953; baseline -0.014 -8"><span class='ocrx_word' id='word_1_531' title='bbox 1818 3907 1973 3953; x_wconf 88' lang='lat' dir='ltr'><strong>mam,</strong></span> <span class='ocrx_word' id='word_1_532' title='bbox 2009 3889 2094 3942; x_wconf 89' lang='lat' dir='ltr'><strong>cui</strong></span> <span class='ocrx_word' id='word_1_533' title='bbox 2141 3887 2325 3941; x_wconf 86' lang='lat' dir='ltr'><strong>titulus</strong></span> <span class='ocrx_word' id='word_1_534' title='bbox 2365 3893 2497 3949; x_wconf 87' lang='lat' dir='ltr'><strong>erat,</strong></span> <span class='ocrx_word' id='word_1_535' title='bbox 2533 3884 2665 3953; x_wconf 74' lang='grc' dir='ltr'><strong>Περὶ</strong></span> <span class='ocrx_word' id='word_1_536' title='bbox 2701 3880 2794 3933; x_wconf 81' lang='grc' dir='ltr'><strong>τοῦ</strong></span> <span class='ocrx_word' id='word_1_537' title='bbox 2846 3878 3060 3946; x_wconf 82' lang='grc' dir='ltr'><strong>Ἰωσὴφ,</strong></span> <span class='ocrx_word' id='word_1_538' title='bbox 3102 3877 3192 3927; x_wconf 85' lang='grc' dir='ltr'>καὶ</span> <span class='ocrx_word' id='word_1_539' title='bbox 3252 3875 3349 3935; x_wconf 72' lang='grc' dir='ltr'><strong>τῆς</strong></span> 
     </span>
    </p>
   </div>
   <div class='ocr_carea' id='block_1_67' title="bbox 165 3966 1700 4052">
    <p class='ocr_par' dir='ltr' id='par_1_67' title="bbox 165 3981 1700 4052">
     <span class='ocr_line' id='line_1_67' title="bbox 165 3981 1700 4052; baseline -0.001 -14"><span class='ocrx_word' id='word_1_540' title='bbox 165 3984 425 4045; x_wconf 80' lang='lat' dir='ltr'><strong>laudavit,</strong></span> <span class='ocrx_word' id='word_1_541' title='bbox 464 3992 520 4034; x_wconf 87' lang='lat' dir='ltr'><strong>ut</strong></span> <span class='ocrx_word' id='word_1_542' title='bbox 553 3989 711 4033; x_wconf 76' lang='lat' dir='ltr'><strong>tantae</strong></span> <span class='ocrx_word' id='word_1_543' title='bbox 770 3981 980 4034; x_wconf 84' lang='lat' dir='ltr'><strong>virtutis</strong></span> <span class='ocrx_word' id='word_1_544' title='bbox 1010 3981 1361 4035; x_wconf 87' lang='lat' dir='ltr'><strong>admiratione</strong></span> <span class='ocrx_word' id='word_1_545' title='bbox 1420 3985 1700 4052; x_wconf 90' lang='lat' dir='ltr'><strong>perculsus</strong></span> 
     </span>
    </p>
   </div>
   <div class='ocr_carea' id='block_1_68' title="bbox 1818 3966 3351 4052">
    <p class='ocr_par' dir='ltr' id='par_1_68' title="bbox 1818 3966 3351 4043">
     <span class='ocr_line' id='line_1_68' title="bbox 1818 3966 3351 4043; baseline -0.014 -10"><span class='ocrx_word' id='word_1_546' title='bbox 1818 3980 2090 4040; x_wconf 82' lang='grc' dir='ltr'><strong>Σωσάννας</strong></span> <span class='ocrx_word' id='word_1_547' title='bbox 2145 3977 2224 4028; x_wconf 83' lang='grc' dir='ltr'><strong>ὅτι</strong></span> <span class='ocrx_word' id='word_1_548' title='bbox 2259 3974 2454 4043; x_wconf 79' lang='grc' dir='ltr'><strong>μείζων</strong></span> <span class='ocrx_word' id='word_1_549' title='bbox 2490 3974 2517 4024; x_wconf 83' lang='grc' dir='ltr'>ὁ</span> <span class='ocrx_word' id='word_1_550' title='bbox 2543 3971 2635 4022; x_wconf 85' lang='grc' dir='ltr'><strong>τοῦ</strong></span> <span class='ocrx_word' id='word_1_551' title='bbox 2677 3968 2871 4036; x_wconf 81' lang='grc' dir='ltr'><strong>Ἰωσὴφ</strong></span> <span class='ocrx_word' id='word_1_552' title='bbox 2907 3967 3052 4034; x_wconf 85' lang='grc' dir='ltr'><strong>ἀγὼν</strong></span> <span class='ocrx_word' id='word_1_553' title='bbox 3085 3966 3179 4033; x_wconf 82' lang='grc' dir='ltr'><strong>τῆς</strong></span> <span class='ocrx_word' id='word_1_554' title='bbox 3215 3967 3351 4016; x_wconf 50' lang='lat' dir='ltr'><strong>mre.</strong></span> 
     </span>
    </p>
   </div>
   <div class='ocr_carea' id='block_1_69' title="bbox 166 4071 1712 4143">
    <p class='ocr_par' dir='ltr' id='par_1_69' title="bbox 166 4071 1712 4143">
     <span class='ocr_line' id='line_1_69' title="bbox 166 4071 1712 4143; baseline -0.001 -15"><span class='ocrx_word' id='word_1_555' title='bbox 166 4073 324 4128; x_wconf 69' lang='lat' dir='ltr'><strong>Nilus</strong></span> <span class='ocrx_word' id='word_1_556' title='bbox 349 4072 592 4124; x_wconf 90' lang='lat' dir='ltr'><strong>alacriter</strong></span> <span class='ocrx_word' id='word_1_557' title='bbox 643 4081 924 4124; x_wconf 87' lang='lat' dir='ltr'><strong>tractatum</strong></span> <span class='ocrx_word' id='word_1_558' title='bbox 966 4071 1124 4125; x_wconf 93' lang='lat' dir='ltr'><strong>istum</strong></span> <span class='ocrx_word' id='word_1_559' title='bbox 1156 4071 1225 4126; x_wconf 92' lang='lat' dir='ltr'><strong>sit</strong></span> <span class='ocrx_word' id='word_1_560' title='bbox 1268 4087 1511 4137; x_wconf 85' lang='lat' dir='ltr'><strong>exorsus,</strong></span> <span class='ocrx_word' id='word_1_561' title='bbox 1554 4083 1712 4143; x_wconf 87' lang='lat' dir='ltr'><strong>atque</strong></span> 
     </span>
    </p>
   </div>
   <div class='ocr_carea' id='block_1_70' title="bbox 168 4161 1708 4232">
    <p class='ocr_par' dir='ltr' id='par_1_70' title="bbox 168 4161 1708 4232">
     <span class='ocr_line' id='line_1_70' title="bbox 168 4161 1708 4232; baseline -0.001 -16"><span class='ocrx_word' id='word_1_562' title='bbox 168 4161 481 4232; x_wconf 73' lang='lat' dir='ltr'><strong>perfecerit;</strong></span> <span class='ocrx_word' id='word_1_563' title='bbox 528 4161 668 4214; x_wconf 83' lang='lat' dir='ltr'><strong>unde</strong></span> <span class='ocrx_word' id='word_1_564' title='bbox 711 4177 740 4213; x_wconf 89' lang='lat' dir='ltr'><strong>a</strong></span> <span class='ocrx_word' id='word_1_565' title='bbox 783 4162 1086 4225; x_wconf 90' lang='lat' dir='ltr'><strong>Pcristcria,</strong></span> <span class='ocrx_word' id='word_1_566' title='bbox 1119 4176 1237 4228; x_wconf 71' lang='lat' dir='ltr'><strong>qua:</strong></span> <span class='ocrx_word' id='word_1_567' title='bbox 1285 4163 1409 4216; x_wconf 91' lang='lat' dir='ltr'><strong>huic</strong></span> <span class='ocrx_word' id='word_1_568' title='bbox 1461 4165 1708 4217; x_wconf 87' lang='lat' dir='ltr'><strong>tractatui</strong></span> 
     </span>
    </p>
   </div>
   <div class='ocr_carea' id='block_1_71' title="bbox 167 4252 1706 4318">
    <p class='ocr_par' dir='ltr' id='par_1_71' title="bbox 167 4252 1706 4318">
     <span class='ocr_line' id='line_1_71' title="bbox 167 4252 1706 4318; baseline 0 -13"><span class='ocrx_word' id='word_1_569' title='bbox 167 4267 389 4305; x_wconf 80' lang='lat' dir='ltr'><strong>causam</strong></span> <span class='ocrx_word' id='word_1_570' title='bbox 422 4252 707 4318; x_wconf 63' lang='lat' dir='ltr'><strong>praibuisse</strong></span> <span class='ocrx_word' id='word_1_571' title='bbox 739 4253 962 4313; x_wconf 87' lang='lat' dir='ltr'><strong>videtur,</strong></span> <span class='ocrx_word' id='word_1_572' title='bbox 1001 4253 1207 4305; x_wconf 88' lang='lat' dir='ltr'><strong>titulum</strong></span> <span class='ocrx_word' id='word_1_573' title='bbox 1260 4267 1375 4304; x_wconf 88' lang='lat' dir='ltr'><strong>sum</strong></span> <span class='ocrx_word' id='word_1_574' title='bbox 1411 4263 1706 4306; x_wconf 88' lang='lat' dir='ltr'><strong>mutuatus.</strong></span> 
     </span>
    </p>
   </div>
   <div class='ocr_carea' id='block_1_72' title="bbox 172 4339 1708 4409">
    <p class='ocr_par' dir='ltr' id='par_1_72' title="bbox 172 4339 1708 4409">
     <span class='ocr_line' id='line_1_72' title="bbox 172 4339 1708 4409; baseline -0.003 -13"><span class='ocrx_word' id='word_1_575' title='bbox 172 4344 238 4396; x_wconf 80' lang='lat' dir='ltr'><strong>Et</strong></span> <span class='ocrx_word' id='word_1_576' title='bbox 295 4341 458 4394; x_wconf 80' lang='lat' dir='ltr'><strong>sectio</strong></span> <span class='ocrx_word' id='word_1_577' title='bbox 513 4340 749 4408; x_wconf 87' lang='lat' dir='ltr'><strong>quidem,</strong></span> <span class='ocrx_word' id='word_1_578' title='bbox 809 4356 966 4409; x_wconf 88' lang='lat' dir='ltr'><strong>quam</strong></span> <span class='ocrx_word' id='word_1_579' title='bbox 1005 4348 1180 4394; x_wconf 88' lang='lat' dir='ltr'><strong>statuo</strong></span> <span class='ocrx_word' id='word_1_580' title='bbox 1235 4339 1518 4403; x_wconf 89' lang='lat' dir='ltr'><strong>decimam,</strong></span> <span class='ocrx_word' id='word_1_581' title='bbox 1573 4342 1708 4407; x_wconf 90' lang='lat' dir='ltr'><strong>sapit</strong></span> 
     </span>
    </p>
   </div>
   <div class='ocr_carea' id='block_1_73' title="bbox 1811 4054 3340 4140">
    <p class='ocr_par' dir='ltr' id='par_1_73' title="bbox 1811 4054 3340 4140">
     <span class='ocr_line' id='line_1_73' title="bbox 1811 4054 3340 4140; baseline -0.013 -17"><span class='ocrx_word' id='word_1_582' title='bbox 1811 4071 1908 4140; x_wconf 82' lang='grc' dir='ltr'><strong>τὴν</strong></span> <span class='ocrx_word' id='word_1_583' title='bbox 1943 4067 2210 4139; x_wconf 75' lang='grc' dir='ltr'>μακαρίαν</span> <span class='ocrx_word' id='word_1_584' title='bbox 2255 4064 2550 4116; x_wconf 84' lang='grc' dir='ltr'><strong>Σωσάνναν,</strong></span> <span class='ocrx_word' id='word_1_585' title='bbox 2581 4061 2655 4113; x_wconf 89' lang='lat' dir='ltr'><strong>De</strong></span> <span class='ocrx_word' id='word_1_586' title='bbox 2702 4058 2946 4126; x_wconf 80' lang='lat' dir='ltr'><strong>Joseplto,</strong></span> <span class='ocrx_word' id='word_1_587' title='bbox 2976 4066 3128 4125; x_wconf 83' lang='lat' dir='ltr'><strong>atque</strong></span> <span class='ocrx_word' id='word_1_588' title='bbox 3156 4054 3340 4108; x_wconf 87' lang='lat' dir='ltr'><strong>Susan-</strong></span> 
     </span>
    </p>
   </div>
   <div class='ocr_carea' id='block_1_74' title="bbox 1814 4146 3348 4226">
    <p class='ocr_par' dir='ltr' id='par_1_74' title="bbox 1814 4146 3348 4226">
     <span class='ocr_line' id='line_1_74' title="bbox 1814 4146 3348 4226; baseline -0.014 -13"><span class='ocrx_word' id='word_1_589' title='bbox 1814 4178 1900 4226; x_wconf 88' lang='lat' dir='ltr'><strong>na,</strong></span> <span class='ocrx_word' id='word_1_590' title='bbox 1932 4169 2281 4225; x_wconf 83' lang='lat' dir='ltr'><strong>certamenque</strong></span> <span class='ocrx_word' id='word_1_591' title='bbox 2330 4157 2489 4223; x_wconf 75' lang='lat' dir='ltr'><strong>fuisse</strong></span> <span class='ocrx_word' id='word_1_592' title='bbox 2525 4152 2694 4219; x_wconf 82' lang='lat' dir='ltr'><strong>majus</strong></span> <span class='ocrx_word' id='word_1_593' title='bbox 2725 4149 2936 4217; x_wconf 82' lang='lat' dir='ltr'><strong>Joseplti</strong></span> <span class='ocrx_word' id='word_1_594' title='bbox 2986 4164 3043 4199; x_wconf 92' lang='lat' dir='ltr'><strong>eo</strong></span> <span class='ocrx_word' id='word_1_595' title='bbox 3088 4146 3223 4212; x_wconf 84' lang='lat' dir='ltr'><strong>quod</strong></span> <span class='ocrx_word' id='word_1_596' title='bbox 3255 4146 3348 4194; x_wconf 84' lang='lat' dir='ltr'><strong>ad-</strong></span> 
     </span>
    </p>
   </div>
   <div class='ocr_carea' id='block_1_75' title="bbox 1814 4233 3346 4304">
    <p class='ocr_par' dir='ltr' id='par_1_75' title="bbox 1814 4233 3346 4304">
     <span class='ocr_line' id='line_1_75' title="bbox 1814 4233 3346 4304; baseline -0.014 -2"><span class='ocrx_word' id='word_1_597' title='bbox 1814 4267 1983 4303; x_wconf 79' lang='lat' dir='ltr'><strong>versus</strong></span> <span class='ocrx_word' id='word_1_598' title='bbox 2033 4247 2231 4299; x_wconf 85' lang='lat' dir='ltr'><strong>beatam</strong></span> <span class='ocrx_word' id='word_1_599' title='bbox 2279 4243 2571 4296; x_wconf 83' lang='lat' dir='ltr'><strong>Susannam</strong></span> <span class='ocrx_word' id='word_1_600' title='bbox 2599 4250 2886 4304; x_wconf 82' lang='lat' dir='ltr'><strong>susceptum</strong></span> <span class='ocrx_word' id='word_1_601' title='bbox 2922 4236 3039 4301; x_wconf 81' lang='lat' dir='ltr'><strong>fuit.</strong></span> <span class='ocrx_word' id='word_1_602' title='bbox 3093 4233 3346 4284; x_wconf 70' lang='lat' dir='ltr'><strong>l’rteterru</strong></span> 
     </span>
    </p>
   </div>
   <div class='ocr_carea' id='block_1_76' title="bbox 1813 4319 3350 4396">
    <p class='ocr_par' dir='ltr' id='par_1_76' title="bbox 1813 4319 3350 4396">
     <span class='ocr_line' id='line_1_76' title="bbox 1813 4319 3350 4396; baseline -0.014 -8"><span class='ocrx_word' id='word_1_603' title='bbox 1813 4336 2177 4389; x_wconf 84' lang='lat' dir='ltr'><strong>duodecimam</strong></span> <span class='ocrx_word' id='word_1_604' title='bbox 2196 4331 2482 4385; x_wconf 88' lang='lat' dir='ltr'><strong>sectionem</strong></span> <span class='ocrx_word' id='word_1_605' title='bbox 2506 4327 2718 4396; x_wconf 83' lang='lat' dir='ltr'><strong>appinxi</strong></span> <span class='ocrx_word' id='word_1_606' title='bbox 2745 4343 2756 4376; x_wconf 92' lang='lat'><strong>:</strong></span> <span class='ocrx_word' id='word_1_607' title='bbox 2781 4324 2912 4392; x_wconf 81' lang='grc' dir='ltr'><strong>Περὶ</strong></span> <span class='ocrx_word' id='word_1_608' title='bbox 2933 4323 3026 4389; x_wconf 85' lang='grc' dir='ltr'><strong>τῆς</strong></span> <span class='ocrx_word' id='word_1_609' title='bbox 3044 4319 3350 4389; x_wconf 64' lang='grc' dir='ltr'>παραϐολῆς</span> 
     </span>
    </p>
   </div>
   <div class='ocr_carea' id='block_1_77' title="bbox 172 4409 1700 4503">
    <p class='ocr_par' dir='ltr' id='par_1_77' title="bbox 172 4429 1700 4503">
     <span class='ocr_line' id='line_1_77' title="bbox 172 4429 1700 4503; baseline -0.005 -16"><span class='ocrx_word' id='word_1_610' title='bbox 172 4431 437 4503; x_wconf 76' lang='lat' dir='ltr'><strong>epilogum</strong></span> <span class='ocrx_word' id='word_1_611' title='bbox 501 4430 717 4496; x_wconf 89' lang='lat' dir='ltr'><strong>operis,</strong></span> <span class='ocrx_word' id='word_1_612' title='bbox 766 4430 878 4482; x_wconf 84' lang='lat' dir='ltr'><strong>sive</strong></span> <span class='ocrx_word' id='word_1_613' title='bbox 943 4429 1383 4491; x_wconf 82' lang='lat' dir='ltr'><strong>Conclusionem;</strong></span> <span class='ocrx_word' id='word_1_614' title='bbox 1445 4429 1700 4480; x_wconf 86' lang='lat' dir='ltr'><strong>convertit</strong></span> 
     </span>
    </p>
   </div>
   <div class='ocr_carea' id='block_1_78' title="bbox 1818 4409 3346 4503">
    <p class='ocr_par' dir='ltr' id='par_1_78' title="bbox 1818 4409 3346 4491">
     <span class='ocr_line' id='line_1_78' title="bbox 1818 4409 3346 4491; baseline -0.012 -15"><span class='ocrx_word' id='word_1_615' title='bbox 1818 4425 1901 4476; x_wconf 76' lang='grc' dir='ltr'><strong>τοῦ</strong></span> <span class='ocrx_word' id='word_1_616' title='bbox 1961 4421 2308 4491; x_wconf 81' lang='grc' dir='ltr'><strong>ἀμπελῶνος,</strong></span> <span class='ocrx_word' id='word_1_617' title='bbox 2365 4418 2456 4470; x_wconf 77' lang='grc' dir='ltr'><strong>καὶ</strong></span> <span class='ocrx_word' id='word_1_618' title='bbox 2503 4416 2608 4469; x_wconf 82' lang='grc' dir='ltr'><strong>τῶν</strong></span> <span class='ocrx_word' id='word_1_619' title='bbox 2658 4413 3024 4483; x_wconf 79' lang='grc' dir='ltr'><strong>μισθωθέντων</strong></span> <span class='ocrx_word' id='word_1_620' title='bbox 3085 4409 3346 4477; x_wconf 71' lang='grc' dir='ltr'><strong>ἐργατῶν,</strong></span> 
     </span>
    </p>
   </div>
   <div class='ocr_carea' id='block_1_79' title="bbox 174 4503 1707 4587">
    <p class='ocr_par' dir='ltr' id='par_1_79' title="bbox 174 4503 1707 4587">
     <span class='ocr_line' id='line_1_79' title="bbox 174 4503 1707 4587; baseline -0.005 -11"><span class='ocrx_word' id='word_1_621' title='bbox 174 4525 315 4576; x_wconf 90' lang='lat' dir='ltr'><strong>enim</strong></span> <span class='ocrx_word' id='word_1_622' title='bbox 350 4536 466 4576; x_wconf 88' lang='lat' dir='ltr'><strong>sese</strong></span> <span class='ocrx_word' id='word_1_623' title='bbox 491 4503 724 4587; x_wconf 75' lang='lat' dir='ltr'><strong>scriptor</strong></span> <span class='ocrx_word' id='word_1_624' title='bbox 750 4519 815 4573; x_wconf 87' lang='lat' dir='ltr'><strong>ad</strong></span> <span class='ocrx_word' id='word_1_625' title='bbox 873 4519 1126 4582; x_wconf 90' lang='lat' dir='ltr'><strong>amicum,</strong></span> <span class='ocrx_word' id='word_1_626' title='bbox 1155 4519 1438 4586; x_wconf 81' lang='lat' dir='ltr'><strong>Agathiutn</strong></span> <span class='ocrx_word' id='word_1_627' title='bbox 1488 4519 1707 4572; x_wconf 80' lang='lat' dir='ltr'><strong>scilicet.</strong></span> 
     </span>
    </p>
   </div>
   <div class='ocr_carea' id='block_1_80' title="bbox 181 4605 1713 4674">
    <p class='ocr_par' dir='ltr' id='par_1_80' title="bbox 181 4605 1713 4674">
     <span class='ocr_line' id='line_1_80' title="bbox 181 4605 1713 4674; baseline -0.005 -12"><span class='ocrx_word' id='word_1_628' title='bbox 181 4611 374 4665; x_wconf 81' lang='lat' dir='ltr'><strong>Verum</strong></span> <span class='ocrx_word' id='word_1_629' title='bbox 408 4623 528 4662; x_wconf 92' lang='lat' dir='ltr'><strong>cum</strong></span> <span class='ocrx_word' id='word_1_630' title='bbox 557 4607 608 4660; x_wconf 93' lang='lat' dir='ltr'><strong>in</strong></span> <span class='ocrx_word' id='word_1_631' title='bbox 636 4605 892 4659; x_wconf 80' lang='lat' dir='ltr'><strong>Vaticano</strong></span> <span class='ocrx_word' id='word_1_632' title='bbox 926 4607 1108 4660; x_wconf 86' lang='lat' dir='ltr'><strong>codice</strong></span> <span class='ocrx_word' id='word_1_633' title='bbox 1139 4606 1452 4673; x_wconf 86' lang='lat' dir='ltr'><strong>reperissem</strong></span> <span class='ocrx_word' id='word_1_634' title='bbox 1485 4606 1713 4674; x_wconf 89' lang='lat' dir='ltr'><strong>inscrip-</strong></span> 
     </span>
    </p>
   </div>
   <div class='ocr_carea' id='block_1_81' title="bbox 177 4693 1715 4764">
    <p class='ocr_par' dir='ltr' id='par_1_81' title="bbox 177 4693 1715 4764">
     <span class='ocr_line' id='line_1_81' title="bbox 177 4693 1715 4764; baseline -0.005 -9"><span class='ocrx_word' id='word_1_635' title='bbox 177 4714 294 4756; x_wconf 90' lang='lat' dir='ltr'><strong>tum</strong></span> <span class='ocrx_word' id='word_1_636' title='bbox 353 4700 562 4754; x_wconf 91' lang='lat' dir='ltr'><strong>titulum</strong></span> <span class='ocrx_word' id='word_1_637' title='bbox 612 4697 684 4750; x_wconf 91' lang='lat' dir='ltr'><strong>De</strong></span> <span class='ocrx_word' id='word_1_638' title='bbox 729 4703 991 4749; x_wconf 82' lang='lat' dir='ltr'><strong>beatorum</strong></span> <span class='ocrx_word' id='word_1_639' title='bbox 1071 4693 1481 4762; x_wconf 77' lang='lat' dir='ltr'><strong>conversatione,</strong></span> <span class='ocrx_word' id='word_1_640' title='bbox 1559 4698 1715 4764; x_wconf 84' lang='lat' dir='ltr'><strong>deque</strong></span> 
     </span>
    </p>
   </div>
   <div class='ocr_carea' id='block_1_82' title="bbox 176 4785 1714 4859">
    <p class='ocr_par' dir='ltr' id='par_1_82' title="bbox 176 4785 1714 4859">
     <span class='ocr_line' id='line_1_82' title="bbox 176 4785 1714 4859; baseline -0.006 -16"><span class='ocrx_word' id='word_1_641' title='bbox 176 4789 373 4850; x_wconf 74' lang='lat' dir='ltr'><strong>diaboli</strong></span> <span class='ocrx_word' id='word_1_642' title='bbox 399 4785 892 4858; x_wconf 76' lang='lat' dir='ltr'><strong>malignitate,iilam</strong></span> <span class='ocrx_word' id='word_1_643' title='bbox 920 4801 1109 4840; x_wconf 86' lang='lat' dir='ltr'><strong>nonam</strong></span> <span class='ocrx_word' id='word_1_644' title='bbox 1137 4786 1421 4839; x_wconf 82' lang='lat' dir='ltr'><strong>sectionem</strong></span> <span class='ocrx_word' id='word_1_645' title='bbox 1451 4787 1622 4859; x_wconf 88' lang='lat' dir='ltr'><strong>posui,</strong></span> <span class='ocrx_word' id='word_1_646' title='bbox 1641 4793 1714 4847; x_wconf 89' lang='lat' dir='ltr'><strong>et,</strong></span> 
     </span>
    </p>
   </div>
   <div class='ocr_carea' id='block_1_83' title="bbox 178 4876 1716 4947">
    <p class='ocr_par' dir='ltr' id='par_1_83' title="bbox 178 4876 1716 4947">
     <span class='ocr_line' id='line_1_83' title="bbox 178 4876 1716 4947; baseline -0.005 -13"><span class='ocrx_word' id='word_1_647' title='bbox 178 4891 239 4935; x_wconf 93' lang='lat' dir='ltr'><strong>ut</strong></span> <span class='ocrx_word' id='word_1_648' title='bbox 271 4881 323 4932; x_wconf 76' lang='lat' dir='ltr'><strong>in</strong></span> <span class='ocrx_word' id='word_1_649' title='bbox 353 4881 526 4947; x_wconf 86' lang='lat' dir='ltr'><strong>capite</strong></span> <span class='ocrx_word' id='word_1_650' title='bbox 550 4881 585 4933; x_wconf 73' lang='lat'><strong>2</strong></span> <span class='ocrx_word' id='word_1_651' title='bbox 615 4881 680 4932; x_wconf 91' lang='lat' dir='ltr'><strong>ab</strong></span> <span class='ocrx_word' id='word_1_652' title='bbox 708 4880 823 4947; x_wconf 84' lang='lat' dir='ltr'><strong>ipso</strong></span> <span class='ocrx_word' id='word_1_653' title='bbox 861 4879 976 4932; x_wconf 85' lang='lat' dir='ltr'><strong>Nilo</strong></span> <span class='ocrx_word' id='word_1_654' title='bbox 1007 4879 1177 4940; x_wconf 85' lang='lat' dir='ltr'><strong>innui,</strong></span> <span class='ocrx_word' id='word_1_655' title='bbox 1209 4876 1544 4930; x_wconf 87' lang='lat' dir='ltr'><strong>Peristeriam</strong></span> <span class='ocrx_word' id='word_1_656' title='bbox 1569 4892 1716 4931; x_wconf 86' lang='lat' dir='ltr'><strong>eam-</strong></span> 
     </span>
    </p>
   </div>
   <div class='ocr_carea' id='block_1_84' title="bbox 178 4956 1717 5032">
    <p class='ocr_par' dir='ltr' id='par_1_84' title="bbox 178 4956 1717 5032">
     <span class='ocr_line' id='line_1_84' title="bbox 178 4956 1717 5032; baseline -0.006 -9"><span class='ocrx_word' id='word_1_657' title='bbox 178 4969 298 5023; x_wconf 86' lang='lat' dir='ltr'><strong>dem</strong></span> <span class='ocrx_word' id='word_1_658' title='bbox 332 4965 580 5020; x_wconf 84' lang='lat' dir='ltr'><strong>aantavi</strong></span> <span class='ocrx_word' id='word_1_659' title='bbox 631 4982 789 5032; x_wconf 88' lang='lat' dir='ltr'><strong>quam</strong></span> <span class='ocrx_word' id='word_1_660' title='bbox 840 4967 1002 5020; x_wconf 89' lang='lat' dir='ltr'><strong>variis</strong></span> <span class='ocrx_word' id='word_1_661' title='bbox 1050 4965 1295 5018; x_wconf 76' lang='lat' dir='ltr'><strong>alﬂictam</strong></span> <span class='ocrx_word' id='word_1_662' title='bbox 1344 4964 1617 5028; x_wconf 74' lang='lat' dir='ltr'><strong>aerumnis,</strong></span> <span class='ocrx_word' id='word_1_663' title='bbox 1659 4956 1717 5015; x_wconf 83' lang='lat' dir='ltr'><strong>et</strong></span> 
     </span>
    </p>
   </div>
   <div class='ocr_carea' id='block_1_85' title="bbox 178 5053 1715 5116">
    <p class='ocr_par' dir='ltr' id='par_1_85' title="bbox 178 5053 1715 5116">
     <span class='ocr_line' id='line_1_85' title="bbox 178 5053 1715 5116; baseline -0.007 -2"><span class='ocrx_word' id='word_1_664' title='bbox 178 5056 495 5114; x_wconf 77' lang='lat' dir='ltr'><strong>exercitam-‘</strong></span> <span class='ocrx_word' id='word_1_665' title='bbox 537 5055 896 5112; x_wconf 53' lang='lat' dir='ltr'><strong>natationibus</strong></span> <span class='ocrx_word' id='word_1_666' title='bbox 960 5055 1212 5108; x_wconf 79' lang='lat' dir='ltr'><strong>affirmat.</strong></span> <span class='ocrx_word' id='word_1_667' title='bbox 1258 5054 1336 5106; x_wconf 86' lang='lat' dir='ltr'><strong>Ad</strong></span> <span class='ocrx_word' id='word_1_668' title='bbox 1383 5053 1524 5105; x_wconf 91' lang='lat' dir='ltr'><strong>hunc</strong></span> <span class='ocrx_word' id='word_1_669' title='bbox 1576 5054 1715 5116; x_wconf 77' lang='lat' dir='ltr'><strong>Aga—</strong></span> 
     </span>
    </p>
   </div>
   <div class='ocr_carea' id='block_1_86' title="bbox 183 5140 1718 5212">
    <p class='ocr_par' dir='ltr' id='par_1_86' title="bbox 183 5140 1718 5212">
     <span class='ocr_line' id='line_1_86' title="bbox 183 5140 1718 5212; baseline -0.007 -10"><span class='ocrx_word' id='word_1_670' title='bbox 183 5147 354 5202; x_wconf 88' lang='lat' dir='ltr'><strong>thium</strong></span> <span class='ocrx_word' id='word_1_671' title='bbox 387 5143 631 5212; x_wconf 89' lang='lat' dir='ltr'><strong>suspicor</strong></span> <span class='ocrx_word' id='word_1_672' title='bbox 663 5144 912 5209; x_wconf 84' lang='lat' dir='ltr'><strong>seriptam</strong></span> <span class='ocrx_word' id='word_1_673' title='bbox 944 5160 971 5195; x_wconf 91' lang='lat' dir='ltr'><strong>a</strong></span> <span class='ocrx_word' id='word_1_674' title='bbox 1003 5143 1119 5198; x_wconf 86' lang='lat' dir='ltr'><strong>Nilo</strong></span> <span class='ocrx_word' id='word_1_675' title='bbox 1152 5143 1429 5212; x_wconf 82' lang='lat' dir='ltr'><strong>epistolam</strong></span> <span class='ocrx_word' id='word_1_676' title='bbox 1464 5141 1562 5194; x_wconf 69' lang='lat'><strong>152</strong></span> <span class='ocrx_word' id='word_1_677' title='bbox 1592 5140 1718 5192; x_wconf 87' lang='lat' dir='ltr'><strong>Pos-</strong></span> 
     </span>
    </p>
   </div>
   <div class='ocr_carea' id='block_1_87' title="bbox 183 5231 1719 5301">
    <p class='ocr_par' dir='ltr' id='par_1_87' title="bbox 183 5231 1719 5301">
     <span class='ocr_line' id='line_1_87' title="bbox 183 5231 1719 5301; baseline -0.007 -9"><span class='ocrx_word' id='word_1_678' title='bbox 183 5237 470 5298; x_wconf 88' lang='lat' dir='ltr'><strong>sinianam,</strong></span> <span class='ocrx_word' id='word_1_679' title='bbox 499 5234 677 5300; x_wconf 91' lang='lat' dir='ltr'><strong>ibique</strong></span> <span class='ocrx_word' id='word_1_680' title='bbox 697 5241 972 5299; x_wconf 89' lang='lat' dir='ltr'><strong>nuncupat</strong></span> <span class='ocrx_word' id='word_1_681' title='bbox 1014 5233 1242 5286; x_wconf 84' lang='lat' dir='ltr'><strong>Allatius</strong></span> <span class='ocrx_word' id='word_1_682' title='bbox 1277 5232 1558 5301; x_wconf 82' lang='lat' dir='ltr'><strong>Agathium</strong></span> <span class='ocrx_word' id='word_1_683' title='bbox 1606 5231 1719 5282; x_wconf 84' lang='lat' dir='ltr'><strong>dia-</strong></span> 
     </span>
    </p>
   </div>
   <div class='ocr_carea' id='block_1_88' title="bbox 185 5319 1716 5388">
    <p class='ocr_par' dir='ltr' id='par_1_88' title="bbox 185 5319 1716 5388">
     <span class='ocr_line' id='line_1_88' title="bbox 185 5319 1716 5388; baseline -0.006 -11"><span class='ocrx_word' id='word_1_684' title='bbox 185 5339 404 5386; x_wconf 80' lang='lat' dir='ltr'><strong>conum,</strong></span> <span class='ocrx_word' id='word_1_685' title='bbox 433 5323 576 5375; x_wconf 89' lang='lat' dir='ltr'><strong>illam</strong></span> <span class='ocrx_word' id='word_1_686' title='bbox 619 5319 896 5388; x_wconf 87' lang='lat' dir='ltr'><strong>epistolam</strong></span> <span class='ocrx_word' id='word_1_687' title='bbox 932 5319 983 5370; x_wconf 92' lang='lat' dir='ltr'><strong>in</strong></span> <span class='ocrx_word' id='word_1_688' title='bbox 1029 5319 1163 5372; x_wconf 86' lang='lat' dir='ltr'><strong>duas</strong></span> <span class='ocrx_word' id='word_1_689' title='bbox 1206 5321 1455 5374; x_wconf 29' lang='lat' dir='ltr'><strong>dividens.</strong></span> <span class='ocrx_word' id='word_1_690' title='bbox 1483 5319 1575 5371; x_wconf 91' lang='lat' dir='ltr'><strong>lib.</strong></span> <span class='ocrx_word' id='word_1_691' title='bbox 1634 5332 1716 5374; x_wconf 69' lang='grc' dir='ltr'>ιιι.</span> 
     </span>
    </p>
   </div>
   <div class='ocr_carea' id='block_1_89' title="bbox 185 5405 1720 5481">
    <p class='ocr_par' dir='ltr' id='par_1_89' title="bbox 185 5405 1720 5481">
     <span class='ocr_line' id='line_1_89' title="bbox 185 5405 1720 5481; baseline -0.005 -15"><span class='ocrx_word' id='word_1_692' title='bbox 185 5413 340 5481; x_wconf 77' lang='lat' dir='ltr'><strong>epist.</strong></span> <span class='ocrx_word' id='word_1_693' title='bbox 371 5410 474 5464; x_wconf 71' lang='lat' dir='ltr'><strong>2l5</strong></span> <span class='ocrx_word' id='word_1_694' title='bbox 496 5419 548 5462; x_wconf 90' lang='lat' dir='ltr'><strong>et</strong></span> <span class='ocrx_word' id='word_1_695' title='bbox 571 5408 692 5464; x_wconf 74' lang='grc'><strong>216.</strong></span> <span class='ocrx_word' id='word_1_696' title='bbox 723 5423 843 5476; x_wconf 73' lang='lat' dir='ltr'><strong>quce</strong></span> <span class='ocrx_word' id='word_1_697' title='bbox 894 5423 1164 5474; x_wconf 85' lang='lat' dir='ltr'><strong>perperam</strong></span> <span class='ocrx_word' id='word_1_698' title='bbox 1219 5409 1270 5461; x_wconf 89' lang='lat' dir='ltr'><strong>in</strong></span> <span class='ocrx_word' id='word_1_699' title='bbox 1326 5408 1510 5462; x_wconf 63' lang='lat' dir='ltr'><strong>Graeco</strong></span> <span class='ocrx_word' id='word_1_700' title='bbox 1547 5405 1720 5458; x_wconf 86' lang='lat' dir='ltr'><strong>Indice</strong></span> 
     </span>
    </p>
   </div>
   <div class='ocr_carea' id='block_1_90' title="bbox 188 5494 1719 5565">
    <p class='ocr_par' dir='ltr' id='par_1_90' title="bbox 188 5494 1719 5565">
     <span class='ocr_line' id='line_1_90' title="bbox 188 5494 1719 5565; baseline -0.007 -9"><span class='ocrx_word' id='word_1_701' title='bbox 188 5510 500 5556; x_wconf 88' lang='lat' dir='ltr'><strong>numeratur</strong></span> <span class='ocrx_word' id='word_1_702' title='bbox 531 5513 624 5565; x_wconf 88' lang='lat' dir='ltr'><strong>pro</strong></span> <span class='ocrx_word' id='word_1_703' title='bbox 643 5497 766 5561; x_wconf 73' lang='lat' dir='ltr'><strong>‘2l6,</strong></span> <span class='ocrx_word' id='word_1_704' title='bbox 797 5511 917 5549; x_wconf 90' lang='lat' dir='ltr'><strong>cum</strong></span> <span class='ocrx_word' id='word_1_705' title='bbox 951 5496 1019 5547; x_wconf 86' lang='lat' dir='ltr'><strong>sit</strong></span> <span class='ocrx_word' id='word_1_706' title='bbox 1043 5495 1264 5563; x_wconf 85' lang='lat' dir='ltr'><strong>trajecta</strong></span> <span class='ocrx_word' id='word_1_707' title='bbox 1297 5495 1410 5549; x_wconf 69' lang='lat'><strong>162.</strong></span> <span class='ocrx_word' id='word_1_708' title='bbox 1447 5494 1627 5562; x_wconf 85' lang='lat' dir='ltr'><strong>Ibique</strong></span> <span class='ocrx_word' id='word_1_709' title='bbox 1657 5495 1719 5547; x_wconf 86' lang='lat' dir='ltr'><strong>tle</strong></span> 
     </span>
    </p>
   </div>
   <div class='ocr_carea' id='block_1_91' title="bbox 264 5675 1072 5742">
    <p class='ocr_par' dir='ltr' id='par_1_91' title="bbox 264 5675 1072 5742">
     <span class='ocr_line' id='line_1_91' title="bbox 264 5675 1072 5742; baseline -0.007 -7"><span class='ocrx_word' id='word_1_710' title='bbox 264 5685 282 5715; x_wconf 56' lang='grc'><strong>¹›</strong></span> <span class='ocrx_word' id='word_1_711' title='bbox 321 5679 456 5734; x_wconf 77' lang='lat' dir='ltr'><strong>Psal.</strong></span> <span class='ocrx_word' id='word_1_712' title='bbox 485 5694 598 5739; x_wconf 78' lang='lat' dir='ltr'><strong>xm,</strong></span> <span class='ocrx_word' id='word_1_713' title='bbox 632 5677 699 5742; x_wconf 77' lang='lat'><strong>3;</strong></span> <span class='ocrx_word' id='word_1_714' title='bbox 734 5675 870 5731; x_wconf 76' lang='lat' dir='ltr'><strong>PSul.</strong></span> <span class='ocrx_word' id='word_1_715' title='bbox 901 5690 994 5740; x_wconf 75' lang='grc' dir='ltr'>ιιι,</span> <span class='ocrx_word' id='word_1_716' title='bbox 1021 5675 1072 5729; x_wconf 77' lang='lat'><strong>‘2.</strong></span> 
     </span>
    </p>
   </div>
   <div class='ocr_carea' id='block_1_92' title="bbox 1814 4498 3349 4576">
    <p class='ocr_par' dir='ltr' id='par_1_92' title="bbox 1814 4498 3349 4576">
     <span class='ocr_line' id='line_1_92' title="bbox 1814 4498 3349 4576; baseline -0.01 -14"><span class='ocrx_word' id='word_1_717' title='bbox 1814 4510 1953 4563; x_wconf 83' lang='grc' dir='ltr'>κατὰ</span> <span class='ocrx_word' id='word_1_718' title='bbox 2007 4509 2293 4576; x_wconf 82' lang='grc' dir='ltr'><strong>διαφόρους</strong></span> <span class='ocrx_word' id='word_1_719' title='bbox 2356 4505 2535 4574; x_wconf 80' lang='grc' dir='ltr'>ὥρας,</span> <span class='ocrx_word' id='word_1_720' title='bbox 2603 4503 2678 4555; x_wconf 78' lang='lat' dir='ltr'><strong>De</strong></span> <span class='ocrx_word' id='word_1_721' title='bbox 2739 4498 2993 4568; x_wconf 85' lang='lat' dir='ltr'><strong>parabola</strong></span> <span class='ocrx_word' id='word_1_722' title='bbox 3030 4498 3232 4560; x_wconf 72' lang='lat' dir='ltr'><strong>‘vineaz,</strong></span> <span class='ocrx_word' id='word_1_723' title='bbox 3303 4509 3349 4549; x_wconf 87' lang='lat' dir='ltr'><strong>et</strong></span> 
     </span>
    </p>
   </div>
   <div class='ocr_carea' id='block_1_93' title="bbox 1815 4591 3346 4663">
    <p class='ocr_par' dir='ltr' id='par_1_93' title="bbox 1815 4591 3346 4663">
     <span class='ocr_line' id='line_1_93' title="bbox 1815 4591 3346 4663; baseline -0.007 -10"><span class='ocrx_word' id='word_1_724' title='bbox 1815 4602 2040 4655; x_wconf 86' lang='lat' dir='ltr'><strong>mercede</strong></span> <span class='ocrx_word' id='word_1_725' title='bbox 2101 4598 2365 4652; x_wconf 81' lang='lat' dir='ltr'><strong>conductis</strong></span> <span class='ocrx_word' id='word_1_726' title='bbox 2435 4595 2681 4663; x_wconf 83' lang='lat' dir='ltr'><strong>operariis</strong></span> <span class='ocrx_word' id='word_1_727' title='bbox 2737 4593 2803 4644; x_wconf 79' lang='lat' dir='ltr'><strong>ad</strong></span> <span class='ocrx_word' id='word_1_728' title='bbox 2864 4593 3016 4644; x_wconf 85' lang='lat' dir='ltr'><strong>horas</strong></span> <span class='ocrx_word' id='word_1_729' title='bbox 3080 4591 3346 4643; x_wconf 79' lang='lat' dir='ltr'><strong>diversas.</strong></span> 
     </span>
    </p>
   </div>
   <div class='ocr_carea' id='block_1_94' title="bbox 1814 4679 3352 4758">
    <p class='ocr_par' dir='ltr' id='par_1_94' title="bbox 1814 4679 3352 4758">
     <span class='ocr_line' id='line_1_94' title="bbox 1814 4679 3352 4758; baseline -0.012 -13"><span class='ocrx_word' id='word_1_730' title='bbox 1814 4691 2271 4758; x_wconf 89' lang='lat' dir='ltr'><strong>subsequebantur</strong></span> <span class='ocrx_word' id='word_1_731' title='bbox 2323 4687 2518 4754; x_wconf 87' lang='lat' dir='ltr'><strong>quippe</strong></span> <span class='ocrx_word' id='word_1_732' title='bbox 2606 4687 2721 4737; x_wconf 75' lang='lat' dir='ltr'><strong>ista:</strong></span> <span class='ocrx_word' id='word_1_733' title='bbox 2793 4682 2913 4735; x_wconf 73' lang='lat' dir='ltr'><strong>dua:</strong></span> <span class='ocrx_word' id='word_1_734' title='bbox 2957 4679 3352 4734; x_wconf 71' lang='lat' dir='ltr'><strong>lucubrationes</strong></span> 
     </span>
    </p>
   </div>
   <div class='ocr_carea' id='block_1_95' title="bbox 1815 4765 3347 4840">
    <p class='ocr_par' dir='ltr' id='par_1_95' title="bbox 1815 4765 3347 4840">
     <span class='ocr_line' id='line_1_95' title="bbox 1815 4765 3347 4840; baseline -0.012 -8"><span class='ocrx_word' id='word_1_735' title='bbox 1815 4788 2098 4832; x_wconf 82' lang='lat' dir='ltr'><strong>tractatum</strong></span> <span class='ocrx_word' id='word_1_736' title='bbox 2143 4775 2456 4838; x_wconf 70' lang='lat' dir='ltr'><strong>Peristeriaz,</strong></span> <span class='ocrx_word' id='word_1_737' title='bbox 2518 4782 2570 4826; x_wconf 90' lang='lat' dir='ltr'><strong>et</strong></span> <span class='ocrx_word' id='word_1_738' title='bbox 2621 4771 2940 4840; x_wconf 84' lang='lat' dir='ltr'><strong>appendices</strong></span> <span class='ocrx_word' id='word_1_739' title='bbox 3013 4765 3347 4817; x_wconf 86' lang='lat' dir='ltr'><strong>videbantur.</strong></span> 
     </span>
    </p>
   </div>
   <div class='ocr_carea' id='block_1_96' title="bbox 1815 4851 3347 4930">
    <p class='ocr_par' dir='ltr' id='par_1_96' title="bbox 1815 4851 3347 4930">
     <span class='ocr_line' id='line_1_96' title="bbox 1815 4851 3347 4930; baseline -0.012 -11"><span class='ocrx_word' id='word_1_740' title='bbox 1815 4867 2120 4921; x_wconf 85' lang='lat' dir='ltr'><strong>Tractatum</strong></span> <span class='ocrx_word' id='word_1_741' title='bbox 2169 4874 2334 4919; x_wconf 88' lang='lat' dir='ltr'><strong>totum</strong></span> <span class='ocrx_word' id='word_1_742' title='bbox 2385 4863 2630 4930; x_wconf 74' lang='lat' dir='ltr'><strong>insigniri</strong></span> <span class='ocrx_word' id='word_1_743' title='bbox 2673 4862 2773 4913; x_wconf 94' lang='lat' dir='ltr'><strong>hoc</strong></span> <span class='ocrx_word' id='word_1_744' title='bbox 2806 4858 2954 4911; x_wconf 91' lang='lat' dir='ltr'><strong>titulo</strong></span> <span class='ocrx_word' id='word_1_745' title='bbox 2982 4855 3161 4906; x_wconf 54' lang='lat' dir='ltr'><strong>Graece</strong></span> <span class='ocrx_word' id='word_1_746' title='bbox 3195 4868 3206 4901; x_wconf 90' lang='lat'>:</span> <span class='ocrx_word' id='word_1_747' title='bbox 3243 4851 3347 4902; x_wconf 73' lang='grc' dir='ltr'><strong>Τοῦ</strong></span> 
     </span>
    </p>
   </div>
   <div class='ocr_carea' id='block_1_97' title="bbox 1813 4941 3347 5024">
    <p class='ocr_par' dir='ltr' id='par_1_97' title="bbox 1813 4941 3347 5024">
     <span class='ocr_line' id='line_1_97' title="bbox 1813 4941 3347 5024; baseline -0.011 -16"><span class='ocrx_word' id='word_1_748' title='bbox 1813 4941 1958 5009; x_wconf 56' lang='lat' dir='ltr'><strong>eota»</strong></span> <span class='ocrx_word' id='word_1_749' title='bbox 1993 4956 2195 5024; x_wconf 80' lang='grc' dir='ltr'><strong>[ἰατρὸς</strong></span> <span class='ocrx_word' id='word_1_750' title='bbox 2216 4955 2369 5023; x_wconf 79' lang='grc' dir='ltr'><strong>ἡμῶν</strong></span> <span class='ocrx_word' id='word_1_751' title='bbox 2387 4953 2573 5004; x_wconf 75' lang='grc' dir='ltr'><strong>Νείλου</strong></span> <span class='ocrx_word' id='word_1_752' title='bbox 2605 4951 2736 5016; x_wconf 81' lang='grc' dir='ltr'><strong>πρὸς</strong></span> <span class='ocrx_word' id='word_1_753' title='bbox 2764 4944 3007 5012; x_wconf 76' lang='grc' dir='ltr'><strong>Ἀγὰϐιον</strong></span> <span class='ocrx_word' id='word_1_754' title='bbox 3035 4943 3347 5010; x_wconf 78' lang='grc' dir='ltr'>μονάζοντα,</span> 
     </span>
    </p>
   </div>
   <div class='ocr_carea' id='block_1_98' title="bbox 1818 5033 3349 5108">
    <p class='ocr_par' dir='ltr' id='par_1_98' title="bbox 1818 5033 3349 5108">
     <span class='ocr_line' id='line_1_98' title="bbox 1818 5033 3349 5108; baseline -0.014 -5"><span class='ocrx_word' id='word_1_755' title='bbox 1818 5050 1920 5103; x_wconf 87' lang='lat' dir='ltr'><strong>Sed</strong></span> <span class='ocrx_word' id='word_1_756' title='bbox 1979 5049 2126 5100; x_wconf 89' lang='lat' dir='ltr'><strong>illum</strong></span> <span class='ocrx_word' id='word_1_757' title='bbox 2179 5046 2338 5096; x_wconf 90' lang='lat' dir='ltr'><strong>latius</strong></span> <span class='ocrx_word' id='word_1_758' title='bbox 2392 5040 2617 5108; x_wconf 74' lang='lat' dir='ltr'><strong>expandi</strong></span> <span class='ocrx_word' id='word_1_759' title='bbox 2660 5039 2875 5090; x_wconf 87' lang='lat' dir='ltr'><strong>Latine:</strong></span> <span class='ocrx_word' id='word_1_760' title='bbox 2928 5033 3108 5088; x_wconf 86' lang='lat' dir='ltr'><strong>Sancti</strong></span> <span class='ocrx_word' id='word_1_761' title='bbox 3173 5033 3349 5101; x_wconf 66' lang='lat' dir='ltr'><strong>Patris</strong></span> 
     </span>
    </p>
   </div>
   <div class='ocr_carea' id='block_1_99' title="bbox 1817 5114 3349 5204">
    <p class='ocr_par' dir='ltr' id='par_1_99' title="bbox 1817 5114 3349 5204">
     <span class='ocr_line' id='line_1_99' title="bbox 1817 5114 3349 5204; baseline -0.012 -14"><span class='ocrx_word' id='word_1_762' title='bbox 1817 5141 1979 5204; x_wconf 82' lang='lat' dir='ltr'><strong>nostri</strong></span> <span class='ocrx_word' id='word_1_763' title='bbox 2063 5134 2176 5187; x_wconf 83' lang='lat' dir='ltr'><strong>Nili</strong></span> <span class='ocrx_word' id='word_1_764' title='bbox 2275 5133 2342 5182; x_wconf 85' lang='lat' dir='ltr'><strong>ad</strong></span> <span class='ocrx_word' id='word_1_765' title='bbox 2412 5114 2715 5198; x_wconf 39' lang='lat' dir='ltr'><strong>Agat/tium.</strong></span> <span class='ocrx_word' id='word_1_766' title='bbox 2780 5126 3118 5179; x_wconf 87' lang='lat' dir='ltr'><strong>monasticam</strong></span> <span class='ocrx_word' id='word_1_767' title='bbox 3175 5124 3349 5172; x_wconf 55' lang='lat' dir='ltr'><strong>mitam</strong></span> 
     </span>
    </p>
   </div>
   <div class='ocr_carea' id='block_1_100' title="bbox 1816 5213 3350 5298">
    <p class='ocr_par' dir='ltr' id='par_1_100' title="bbox 1816 5213 3350 5298">
     <span class='ocr_line' id='line_1_100' title="bbox 1816 5213 3350 5298; baseline -0.012 -16"><span class='ocrx_word' id='word_1_768' title='bbox 1816 5238 2044 5298; x_wconf 78' lang='lat' dir='ltr'><strong>agentem</strong></span> <span class='ocrx_word' id='word_1_769' title='bbox 2114 5222 2416 5284; x_wconf 81' lang='lat' dir='ltr'><strong>Pcristcria,</strong></span> <span class='ocrx_word' id='word_1_770' title='bbox 2489 5235 2576 5270; x_wconf 81' lang='lat' dir='ltr'><strong>seu</strong></span> <span class='ocrx_word' id='word_1_771' title='bbox 2664 5216 2936 5269; x_wconf 84' lang='lat' dir='ltr'><strong>Tractatus</strong></span> <span class='ocrx_word' id='word_1_772' title='bbox 2999 5218 3058 5266; x_wconf 83' lang='lat' dir='ltr'><strong>de</strong></span> <span class='ocrx_word' id='word_1_773' title='bbox 3146 5213 3350 5263; x_wconf 84' lang='lat' dir='ltr'><strong>virtuti-</strong></span> 
     </span>
    </p>
   </div>
   <div class='ocr_carea' id='block_1_101' title="bbox 1819 5301 3352 5377">
    <p class='ocr_par' dir='ltr' id='par_1_101' title="bbox 1819 5301 3352 5377">
     <span class='ocr_line' id='line_1_101' title="bbox 1819 5301 3352 5377; baseline -0.011 -5"><span class='ocrx_word' id='word_1_774' title='bbox 1819 5323 1908 5372; x_wconf 85' lang='lat' dir='ltr'><strong>bus</strong></span> <span class='ocrx_word' id='word_1_775' title='bbox 1937 5314 2246 5377; x_wconf 75' lang='lat' dir='ltr'><strong>excolet&#39;ttlis,</strong></span> <span class='ocrx_word' id='word_1_776' title='bbox 2278 5321 2324 5363; x_wconf 87' lang='lat' dir='ltr'><strong>et</strong></span> <span class='ocrx_word' id='word_1_777' title='bbox 2361 5309 2502 5361; x_wconf 85' lang='lat' dir='ltr'><strong>vitiis</strong></span> <span class='ocrx_word' id='word_1_778' title='bbox 2529 5308 2786 5375; x_wconf 78' lang='lat' dir='ltr'><strong>fugiendis</strong></span> <span class='ocrx_word' id='word_1_779' title='bbox 2813 5304 3036 5369; x_wconf 65' lang='lat' dir='ltr'><strong>exemplo</strong></span> <span class='ocrx_word' id='word_1_780' title='bbox 3061 5301 3352 5356; x_wconf 71' lang='lat' dir='ltr'><strong>Peristeriw</strong></span> 
     </span>
    </p>
   </div>
   <div class='ocr_carea' id='block_1_102' title="bbox 1818 5395 3422 5470">
    <p class='ocr_par' dir='ltr' id='par_1_102' title="bbox 1818 5395 3422 5470">
     <span class='ocr_line' id='line_1_102' title="bbox 1818 5395 3422 5470; baseline -0.009 -9"><span class='ocrx_word' id='word_1_781' title='bbox 1818 5408 2119 5462; x_wconf 74' lang='lat' dir='ltr'><strong>ctarissimte</strong></span> <span class='ocrx_word' id='word_1_782' title='bbox 2168 5420 2225 5454; x_wconf 73' lang='lat' dir='ltr'><strong>eo</strong></span> <span class='ocrx_word' id='word_1_783' title='bbox 2269 5401 2455 5454; x_wconf 77' lang='lat' dir='ltr'><strong>steculo</strong></span> <span class='ocrx_word' id='word_1_784' title='bbox 2517 5400 2741 5470; x_wconf 71' lang='lat' dir='ltr'><strong>fantium.</strong></span> <span class='ocrx_word' id='word_1_785' title='bbox 2781 5397 2834 5447; x_wconf 94' lang='lat' dir='ltr'><strong>ln</strong></span> <span class='ocrx_word' id='word_1_786' title='bbox 2885 5395 3184 5459; x_wconf 85' lang='lat' dir='ltr'><strong>sectiones,</strong></span> <span class='ocrx_word' id='word_1_787' title='bbox 3238 5396 3353 5447; x_wconf 87' lang='lat' dir='ltr'><strong>sive</strong></span> <span class='ocrx_word' id='word_1_788' title='bbox 3413 5441 3422 5447; x_wconf 87' lang='lat'><strong>.</strong></span> 
     </span>
    </p>
   </div>
   <div class='ocr_carea' id='block_1_103' title="bbox 1818 5487 3346 5568">
    <p class='ocr_par' dir='ltr' id='par_1_103' title="bbox 1818 5487 3346 5568">
     <span class='ocr_line' id='line_1_103' title="bbox 1818 5487 3346 5568; baseline -0.01 -17"><span class='ocrx_word' id='word_1_789' title='bbox 1818 5501 2070 5568; x_wconf 72' lang='grc' dir='ltr'>τμήματα</span> <span class='ocrx_word' id='word_1_790' title='bbox 2096 5512 2164 5550; x_wconf 69' lang='grc' dir='ltr'>χιι</span> <span class='ocrx_word' id='word_1_791' title='bbox 2210 5494 2380 5547; x_wconf 81' lang='lat' dir='ltr'><strong>divisi.</strong></span> <span class='ocrx_word' id='word_1_792' title='bbox 2406 5491 2580 5545; x_wconf 82' lang='lat' dir='ltr'><strong>Prima</strong></span> <span class='ocrx_word' id='word_1_793' title='bbox 2609 5488 2841 5541; x_wconf 89' lang='lat' dir='ltr'><strong>continet</strong></span> <span class='ocrx_word' id='word_1_794' title='bbox 2890 5487 3060 5556; x_wconf 88' lang='lat' dir='ltr'><strong>capita</strong></span> <span class='ocrx_word' id='word_1_795' title='bbox 3109 5503 3195 5538; x_wconf 74' lang='lat' dir='ltr'><strong>sex</strong></span> <span class='ocrx_word' id='word_1_796' title='bbox 3252 5501 3346 5537; x_wconf 74' lang='lat' dir='ltr'><strong>ceu</strong></span> 
     </span>
    </p>
   </div>
  </div>
