4122 6338
771 209 891 273 1331

1651 223 1789 279 JUS.
1840 226 2092 282 MARI/E
2128 226 2468 284 SUAl’tESll
2509 227 2983 287 DlSSERTATIO

3773 219 3911 282 1332

764 325 1148 386 Praefationem,
1188 326 1416 377 secunda
1470 334 1533 380 de
1582 335 1925 398 temperantia
1958 336 2065 388 sive
2117 336 2281 388 absti-
2312 343 2352 396 Α
2386 340 2537 391 nibus
2570 341 2849 409 egentibus
2906 338 3245 405 suppeditans
3295 336 3572 393 auxilium.
3611 347 3717 386 non
3745 347 3922 385 cessa-

761 412 957 470 nentia,
997 425 1111 476 cap.
1162 412 1423 479 quinque;
1476 417 1624 467 tertia
1673 422 1733 468 de
1786 434 1918 471 vana
1968 423 2162 486 gioria,
2198 438 2285 473 ca-

764 497 864 560 pita
915 497 1039 558 tria;
1076 509 1258 562 quarta
1289 501 1351 551 de
1380 501 1625 562 lectione,
1653 514 1703 555 et
1740 509 1994 568 oratione,
2024 523 2138 575 cap.
2171 525 2287 576 sep-

768 584 1081 647 temdecim;
1123 588 1484 653 quinta.quod
1528 591 1715 643 animae
1762 597 2044 646 amantium
2073 597 2287 649 divitias

766 670 883 720 vita:
916 672 1117 736 rupidte
1146 689 1282 739 :Pgre
1309 675 1429 725 iiinc
1471 677 1787 731 divellttntur
1818 681 1867 731 in
1913 681 2037 732 liora
2068 684 2250 733 mortis
2275 720 2288 742 ,

765 774 878 824 cap.
918 762 1048 813 tria:
1084 771 1248 823 sexta,
1286 764 1421 828 quod
1454 766 1640 817 merito
1662 768 1974 833 puniuntur,
2004 771 2092 835 qui
2126 768 2290 819 facul-

766 856 898 897 tates
928 849 1223 913 promiscue
1251 838 1649 920 quibuscunque
1678 856 1995 922 relinquunt,
2016 872 2130 924 cap.
2156 859 2291 921 duo;

767 940 984 1001 septima
1019 938 1082 988 de
1108 937 1208 996 bis,
1241 941 1327 1004 qui
1361 939 1408 989 in
1448 950 1682 1008 tempore
1734 944 1918 995 mortis
1954 947 2149 996 nullam
2181 960 2290 997 sua:

767 1026 950 1076 salutis
978 1040 1156 1076 (tu'am
1206 1028 1418 1089 habent,
1452 1028 1541 1080 sed
1586 1039 1637 1081 et
1665 1039 1975 1083 testamenta
2007 1034 2295 1085 scribentes

764 1114 951 1177 jubere
1002 1128 1056 1166 se
1096 1114 1279 1167 dicunt
1332 1114 1397 1166 de
1427 1117 1507 1167 bis
1556 1132 1780 1183 quorum
1832 1128 2140 1185 potestatem
2190 1134 2294 1172 non

772 1202 979 1264 habent,
1023 1218 1139 1268 cap.
1177 1205 1454 1267 undecim;
1510 1215 1693 1257 Octava
1730 1207 1793 1258 de:
1821 1208 2134 1281 luerctlibus,
2180 1223 2294 1275 cap.

770 1304 930 1339 unum
956 1305 968 1349 ;
997 1305 1152 1349 nom),
1176 1292 1475 1355 suggillatio
1504 1308 1710 1350 eorum.
1730 1294 1817 1359 qui
1846 1302 2149 1347 testamenta
2171 1297 2300 1347 scri-

769 1373 919 1429 bunt.
958 1389 1071 1438 cap.
1104 1374 1315 1435 decem;
1362 1374 1566 1427 decima
1618 1377 1687 1429 de
1722 1379 1995 1430 beatorum
2025 1395 2301 1433 conversa-

772 1462 805 1509 ti
849 1478 933 1523 uc,
976 1477 1091 1527 (ap.
1142 1473 1368 1529 septem;
1414 1464 1688 1516 undecima
1766 1480 1879 1532 cap.
1949 1466 2127 1533 viginti
2170 1468 2299 1528 tria;

772 1566 999 1615 quorum
1034 1551 1305 1617 aliquibus
1337 1552 1472 1604 tituli
1504 1561 1629 1603 sunt
1657 1553 1924 1619 impositi;
1964 1552 2297 1614 duodecima,

774 1652 891 1703 cap.
927 1637 1194 1689 tredecim.

839 1722 1161 1789 OpuSculum
1190 1722 1289 1775 Nili
1322 1723 1485 1774 locavi
1516 1724 1758 1787 subinde,
1789 1724 1925 1791 quod
1960 1726 2298 1779 inscribitur:

773 1810 910 1879 Πρὸς
1004 1812 1097 1875 τὴν
1158 1814 1691 1879 σεμνοπρεπεστάτην
1758 1814 1971 1880 Μάγναν
2048 1816 2142 1881 τὴν
2192 1816 2305 1867 διάο

774 1916 921 1949 :z-wov
970 1898 1247 1967 Ἀγκύρας.
1279 1899 1439 1965 Λόγος
1466 1903 1588 1967 περὶ
1624 1903 2014 1969 ἀκτημνιῖύνης.
2054 1904 2133 1953 Ad
2167 1919 2313 1955 rene-

778 1990 975 2039 ralione
1022 1987 1370 2053 diquissimam
1439 1988 1682 2055 Magnum
1736 1990 2079 2041 diaronissam
2127 1992 2306 2056 Ancy-

780 2087 882 2135 NB,
928 2082 1173 2123 tractu/us
1213 2073 1271 2124 de
1319 2074 1605 2136 voluntaria
1646 2073 1977 2141 paupertate,
2025 2078 2136 2129 sive
2178 2076 2307 2128 nihil

780 2160 1115 2223 possidendo.
1149 2159 1470 2226 Principium
1498 2160 1680 2227 πρώην
1720 2160 2054 2228 μέν.ιΝηρει·
2083 2164 2305 2230 quidem.

777 2247 1018 2316 Magnam
1052 2249 1231 2299 vocavi
1261 2264 1361 2298 non
1397 2248 1735 2315 Magnesiam,
1771 2259 1987 2303 secutus
2018 2250 2302 2305 Vaticanus

780 2337 990 2389 codices
1013 2335 1113 2388 655
1138 2346 1188 2388 et
1220 2336 1371 2398 “Si,
1392 2346 1442 2388 et
1472 2336 1775 2389 lleraclilen
1792 2338 1948 2406 (ςθῇ
1973 2339 2025 2389 in
2052 2338 2307 2391 Paradiso

781 2441 831 2479 c.
862 2426 945 2487 55,
980 2442 1070 2479 seu
1103 2425 1392 2478 Palladium
1422 2426 1471 2477 in
1505 2425 1701 2477 Hister.
1728 2426 1982 2479 Lunsiuca
2002 2443 2050 2481 c.
2080 2429 2196 2491 l5l,
2221 2429 2309 2493 qui

783 2514 1023 2582 Magnam
1056 2522 1287 2578 vocant;
1336 2525 1388 2567 et
1416 2514 1680 2571 Palladius
1717 2516 1927 2582 quidem
1987 2515 2080 2568 lib.
2110 2530 2201 2567 vni
2239 2516 2311 2567 De

781 2604 873 2653 vit.
907 2600 1141 2663 Patrum,
1171 2602 1366 2655 relatus
1395 2618 1445 2670 p.
1476 2604 1594 2666 776,
1621 2604 1696 2654 sic
1724 2604 1910 2655 habet:
1953 2621 1969 2651 t
2003 2602 2055 2653 In
2096 2603 2308 2654 civitate

784 2692 990 2756 Ancyra
1023 2682 1233 2758 (estea
1274 2690 1576 2759 metropolis
1616 2691 1835 2743 Galatia:
1866 2692 1917 2743 in
1952 2690 2075 2743 Asia
2113 2691 2312 2743 liliuore

785 2777 1129 2830 celeberrima
1161 2778 1361 2846 synodo
1407 2779 1536 2832 inibi
1571 2778 1748 2831 habita
1805 2793 1942 2831 anno
1985 2779 2045 2831 C.
2085 2777 2147 2830 Ν.
2188 2778 2311 2840 514,

786 2866 897 2919 sive
958 2874 1014 2918 ut
1066 2868 1388 2934 Rosweydus
1451 2868 1524 2920 ibi
1557 2869 1769 2921 adnutat
1806 2884 1835 2921 e
1891 2884 2018 2933 ms.,
2072 2868 2311 2923 Ctesarea

786 2953 1131 3020 Cappadociae
1176 2969 1226 3021 p.
1275 2954 1407 3021 792)
1464 2964 1587 3008 sunt
1656 2955 1831 3006 multa:
1898 2955 2108 3021 quidem
2195 2956 2311 3009 alia:

787 3041 1017 3107 virgines
1043 3080 1056 3103 ,
1107 3058 1293 3109 nempe
1322 3043 1387 3095 ad
1417 3044 1596 3095 decem
1638 3044 1798 3093 millia
1835 3043 1973 3111 (duo
2006 3042 2168 3094 millia
2214 3042 2313 3097 Ile-

790 3128 971 3182 raclidi
1018 3138 1069 3183 et
1116 3131 1371 3199 amplius)
1410 3147 1529 3199 qua:
1574 3142 1907 3194 exercentur,
1955 3140 2006 3185 ct
2054 3132 2105 3183 in
2168 3132 2313 3185 omni

789 3218 1000 3271 virtutis
1031 3219 1364 3273 institutione
1394 3222 1636 3280 militant,
1690 3235 1983 3287 omnesque
2014 3231 2313 3287 tenqmram

794 3311 881 3361 ti:e
910 3308 1113 3374 legibus
1172 3309 1325 3361 clara:
1354 3318 1406 3362 et
1440 3310 1681 3377 insignes
1720 3308 1949 3371 feminae,
1978 3318 2030 3361 ct
2079 3308 2314 3361 divinum

794 3408 1058 3451 certamen
1095 3398 1269 3449 studio
1319 3414 1513 3465 magno
1572 3405 1943 3464 exsequentes,
1996 3398 2129 3448 inter
2184 3412 2318 3463 quas

796 3486 1145 3553 principatum
1174 3486 1375 3537 obtinet
1405 3487 1456 3537 in
1492 3486 1683 3552 pietate
1717 3483 1905 3549 Magna
1941 3484 2316 3537 honestissima

799 3571 992 3625 t't-mina
1044 3581 1097 3623 ct
1151 3574 1491 3639 probissima,
1522 3588 1681 3645 quam
1709 3574 1887 3626 nescio
1927 3575 2050 3640 quid
2092 3574 2189 3625 sim
2222 3589 2319 3625 no-

800 3658 1116 3717 minaturus,
1170 3657 1446 3723 virginem,
1479 3675 1543 3707 an
1576 3659 1786 3709 viduam
1813 3658 1835 3708 ἲ
1866 3674 1895 3709 a
1934 3667 2100 3711 matre
2129 3659 2321 3726 quippe

803 3760 891 3810 per
926 3745 1168 3795 vimvim
1208 3745 1511 3811 conjuncta,
1557 3760 1675 3796 cum
1725 3753 1896 3797 tamen
1935 3745 2116 3798 fefellit
2162 3748 2322 3799 variis

802 3833 1045 3884 ittescans
1073 3832 1433 3895 dilationibus,
1448 3843 1499 3883 et
1519 3835 1756 3899 corporis
1779 3836 1989 3886 morbos
2010 3844 2320 3899 prmtexcns,

804 3935 829 3969 a
878 3918 1235 3984 corruptionis
1266 3917 1391 3969 vitio
1428 3918 1629 3984 integra
1682 3928 1733 3971 et
1791 3920 1984 3971 intacta
2015 3919 2324 3985 permansit,

806 4018 863 4061 ut
890 4010 1071 4063 dicunt
1113 4009 1227 4075 ejus
1261 4010 1580 4072 necessarii;
1628 4023 1854 4075 cumque
1887 4010 2041 4077 paulo
2073 4018 2189 4077 post
2233 4009 2323 4060 de-

804 4098 1053 4150 cessisset
1097 4099 1213 4162 cjus
1265 4100 1505 4162 maritus,
1561 4100 1795 4151 omuiunt
1845 4100 1999 4151 simul
2052 4100 2186 4151 facta
2246 4109 2326 4153 est

807 4188 969 4239 lneres
1000 4185 1175 4243 unica,
1259 4196 1310 4235 et
1335 4188 1709 4252 temporalibus
1738 4196 2067 4239 commutatus
2113 4198 2327 4251 aeterna,

813 4274 915 4326 Deo
944 4285 1101 4327 totum
1150 4277 1375 4341 seipsam
1424 4274 1635 4336 obtulit,
1672 4288 1875 4324 sumine
1928 4288 2104 4323 curant
2139 4290 2326 4339 gerens

809 4362 929 4412 \itu:
984 4378 1099 4427 qua:
1128 4379 1332 4428 semper
1362 4371 1555 4424 manet,
1589 4362 1701 4414 suis
1729 4360 1936 4411 famulis
1960 4359 2329 4411 honestissime

812 4446 1095 4510 imperans,
1146 4446 1339 4510 degens
1373 4446 1801 4507 laboriosissime,
1841 4453 1892 4495 et
1925 4458 2081 4510 agens
2127 4444 2329 4510 plenam

814 4534 1207 4598 temperantiam
1259 4533 1656 4590 monachorum,
1703 4534 1753 4582 in
1802 4546 2082 4597 congressu
2116 4542 2217 4582 tam
2248 4546 2332 4583 sc-

817 4634 957 4680 vera,
1000 4630 1056 4670 ut
1106 4621 1274 4685 ipsum
1308 4620 1422 4687 ejus
1479 4629 1745 4685 aSpcctum
1792 4620 2329 4670 ICVL‘IL‘l't‘ltllll‘Clizltll

815 4708 1239 4759 excellentissimi
1270 4708 1503 4775 episcopi
1535 4715 1747 4773 propter
1774 4705 2030 4771 insigni-tn
2068 4706 2331 4769 pietatem,

818 4812 879 4848 ac
908 4796 1227 4861 religionem.
1270 4801 1437 4863 At‘pte
1480 4800 1593 4864 ipsa
1622 4796 1830 4863 quidem
1889 4810 2331 4861 supervacaneam

820 4894 871 4935 οἱ
896 4885 1109 4935 nimiam
1128 4899 1283 4951 nputn
1306 4890 1577 4941 materiam
1603 4886 1923 4953 paupertatis
1948 4888 2063 4951 igne
2094 4898 2336 4935 consum-

827 4973 961 5037 psit;
998 4989 1116 5040 qua:
1162 4983 1331 5025 autem
1368 4986 1681 5042 supererant
1728 4992 1783 5026 ea
1802 4975 2072 5026 constituit
2115 4974 2177 5025 ad
2214 4973 2337 5023 sub-

830 5061 1259 5113 ministrationem
1312 5066 1665 5125 monasteriis,
1719 5064 1977 5125 ccclesiis,
2024 5061 2340 5129 pauperibus

831 5150 1241 5213 transeuntibus,
1277 5150 1557 5217 episcopis,
1603 5154 1871 5219 Orplmuis,
1922 5152 2113 5214 viduis,
2149 5161 2200 5205 et
2230 5166 2341 5203 Olll-

902 5373 955 5423 Γ)
996 5367 1117 5420 Vith
1166 5369 1199 5419 Ι.
1239 5371 1267 5421 3
1302 5367 1335 5421 (ζ

839 5436 1039 5503 Apim.

1414 5371 1590 5424 lli-od
1644 5369 1803 5434 ὒνβό
1857 5384 1898 5417 ιι
1944 5372 2039 5420 ἔην.
2072 5372 2201 5421 Imm
2248 5384 2288 5421 et
2338 5372 2395 5423 l7
2446 5375 2604 5440 l'pist.
2669 5373 2966 5443 Symtnacb.
3020 5372 3069 5422 ill

2389 428 2475 479 bat
2512 429 2750 481 lnlariter
2790 426 3079 493 dispartiri,
3129 436 3180 478 et
3228 424 3433 491 operari
3463 423 3708 487 pietatem
3739 419 3920 472 laten-

2389 525 2487 575 ter,
2545 523 2597 564 et
2650 528 2739 579 per
2791 527 2869 573 se,
2925 520 2977 564 et
3030 526 3125 578 per
3180 525 3362 564 servon
3409 507 3752 563 ﬁdelissimos
3792 522 3807 558 :
3855 504 3923 556 ab

2392 601 2617 654 ceclesia
2649 616 2753 671 non
2784 599 3052 663 recedens,
3083 607 3243 652 noctu
3283 597 3532 660 maxime,
3567 597 3619 649 in
3668 594 3925 650 omnibus

2391 703 2645 742 exercens
2672 702 2728 741 sc
2750 698 2961 755 propter
2982 701 3125 752 spem
3154 684 3291 753 ejus,
3315 700 3433 753 qua:
3462 698 3582 737 vere
3610 692 3711 747 est,
3743 683 3919 744 vita.)

2392 774 2456 826 Et
2510 776 2691 827 eadem
2739 772 3041 827 Heraclides
3085 773 3261 826 verbis
3283 770 3553 839 paululum
3600 769 3923 831 immutatis,

2395 880 2496 916 non
2559 880 2767 917 sensu:
2826 862 3023 930 hlagnze
3071 875 3262 914 nomen
3326 860 3578 913 Romanis
3636 867 3843 917 notum,
3873 864 3927 909 et

2397 954 2701 1012 usurpatum
2754 943 2871 1007 luit,
2902 940 2961 995 et
2990 940 3195 1007 Magnia
3238 940 3429 995 Urbica
3483 938 3734 991 Maxentii
3779 939 3922 1004 Aug.

2398 1048 2550 1094 uxor,
2591 1034 2726 1099 apud
2757 1031 3132 1098 Spanltemium
3177 1030 3229 1081 in
3268 1027 3539 1092 Nummis;
3569 1036 3617 1079 et
3654 1028 3709 1078 in
3738 1023 3928 1079 inscri-

2398 1124 2573 1189 ptione
2605 1123 2863 1181 Romana,
2893 1120 2943 1170 in
2965 1119 3085 1169 villa
3116 1116 3321 1169 Felicia:
3357 1114 3689 1167 Pallavieinae
3710 1130 3725 1164 :
3748 1112 3813 1164 D.
3849 1110 3923 1162 Η.

2400 1209 2611 1275 Magnia
2641 1210 2806 1277 Tyche
2841 1207 2955 1274 fecit
2985 1206 3082 1260 sibi
3108 1214 3153 1256 et
3179 1203 3316 1257 karia
3344 1204 3449 1254 suis
3473 1200 3531 1253 Τ.
3560 1201 3771 1267 Magnio
3792 1203 3929 1263 Any-

2399 1308 2503 1350 ceto
2528 1310 2573 1350 et
2598 1297 2655 1349 T.
2689 1296 2895 1363 Magnio
2919 1290 3184 1361 Eutychio,
3206 1304 3253 1344 et
3278 1290 3343 1354 Q.
3370 1289 3522 1340 Tillio
3546 1286 3825 1355 Figuliauo
3847 1290 3931 1337 be-

2400 1385 2784 1443 nemcrentibus,
2816 1391 2862 1433 et
2893 1381 3129 1440 Libertis,
3164 1375 3581 1440 Libertabusque,
3612 1373 3931 1441 posterisque

2398 1486 2570 1522 eorum
2612 1468 2682 1520 11.
2708 1466 2784 1519 Μ.
2812 1466 2875 1517 ο.
2914 1463 2989 1517 JI.
3040 1464 3102 1514 Α.
3140 1462 3212 1529 (id
3248 1470 3347 1514 est.
3385 1478 3398 1513 :
3438 1458 3570 1510 Iluic
3604 1464 3930 1509 monumento

2402 1558 2546 1610 dolus
2580 1558 2741 1608 mulus
2794 1553 3007 1621 abesto.)
3054 1551 3183 1604 Item
3226 1555 3279 1604 T.
3310 1548 3529 1603 Claudio
3560 1546 3853 1607 Honorato,
3882 1553 3929 1595 et

2403 1649 2635 1701 Claudia:
2654 1645 2917 1697 Marcella:
2946 1644 3123 1694 amicis
3150 1639 3462 1708 fidelissimis
3480 1653 3599 1689 vasa
3621 1633 3933 1687 obrendaria

2401 1738 2527 1797 dua,
2560 1737 2677 1786 item
2708 1731 2922 1785 olicuria
2952 1734 3054 1782 tria
3083 1728 3452 1782 introeuntibus
3473 1734 3615 1791 parte
3641 1725 3928 1791 dextera...

2402 1826 2645 1891 orefecit,
2688 1832 2733 1873 et
2793 1821 3016 1888 donavit.
3080 1815 3396 1869 Obrendaria
3459 1810 3931 1879 corbeshquibus

2404 1912 2663 1965 vindemia
2704 1910 2957 1969 defertur,
3007 1908 3143 1972 apud
3175 1903 3501 1956 Lombardos
3523 1901 3627 1954 dici
3655 1902 3856 1959 solent,
3880 1908 3932 1950 et

2404 2002 2540 2053 dolia
2574 1998 2793 2059 vinaria,
2825 2012 2915 2050 seu
2946 2010 3111 2062 capue.
3140 1994 3490 2045 Nominantur
3517 1991 3570 2042 iu
3593 1988 3930 2042 Gruter-inuis

2407 2087 2843 2155 lnscriptionibus
2882 2082 3075 2150 Magna
3137 2080 3338 2141 lronia,
3389 2078 3629 2146 Magneia
3669 2076 3930 2143 jucunda,

2403 2176 2687 2245 Magnesia,
2719 2173 2929 2241 Magnia
2964 2170 3022 2223 Τ.
3059 2170 3122 2222 L.
3144 2170 3330 2233 Met/te,
3368 2167 3686 2231 Maxintiola,
3744 2165 3931 2226 Statis,

2405 2274 2457 2318 et
2495 2264 2550 2315 S.
2583 2261 2843 2329 blagnilus
2875 2260 2955 2311 bis
3008 2266 3190 2323 terque
3220 2264 3665 2309 commemoratur
3711 2252 3767 2305 in
3796 2251 3935 2304 hlar-

2409 2352 2667 2422 tyrologio
2713 2332 2929 2401 Lucano
2972 2346 3038 2399 ab
3064 2344 3499 2412 eloquentissimo
3534 2351 3588 2395 et
3620 2340 3934 2395 doctissimo

2406 2439 2751 2494 Florentinio.
2797 2436 2866 2487 Λα
2898 2434 3087 2501 Magna
3142 2430 3318 2484 vocari
3378 2430 3552 2497 potuit
3603 2428 3840 2494 Magnia,
3886 2434 3936 2477 et

2410 2526 2667 2593 Magnisia
2702 2533 2753 2576 et
2785 2520 3109 2589 Magnisillu,
3148 2534 3241 2571 seu
3268 2517 3529 2584 Magnesia
3556 2525 3609 2568 et
3634 2512 3937 2581 Magncailla

2410 2612 2849 2683 ὑποκοριστικῶς.
2875 2612 2934 2661 υἱ
2965 2609 3069 2676 γὰρ
3098 2605 3323 2674 ἐρῶντες
3361 2602 3577 2675 subeam
3614 2602 3778 2670 606
3812 2602 3934 2660 τοὺς

2409 2704 2709 2773 ἐρωμένους
2729 2696 2998 2768 ἐρωτικῶς
3016 2696 3079 2747 δι’
3103 2692 3480 2761 ὑποκορισμῶν
3495 2691 3697 2750 καλεῖν,
3722 2704 3753 2741 e
3774 2688 3935 2741 Suida

2411 2796 2461 2843 in
2495 2789 2818 2860 εὐριπεδιον’
2850 2787 2921 2838 ita
2960 2784 3218 2837 Romulus
3268 2790 3319 2834 et
3346 2779 3670 2848 Augustulus
3717 2776 3936 2830 delicia-

2337 2907 2377 2959 ρ
2413 2893 2529 2930 rum
2555 2888 2715 2928 causa
2745 2883 2798 2926 et
2848 2869 3243 2930 blanditiarum,
3279 2868 3331 2918 in
3376 2864 3571 2932 quibus
3611 2860 3937 2915 diminutivis

2414 2962 2633 3017 Rtunani
2666 2960 2913 3027 majestas
2948 2956 3151 3024 imperii
3180 2955 3278 3009 fuit
3309 2954 3567 3009 diminuta
3597 2952 3682 3022 (').
3715 2949 3791 3003 De
3825 2950 3936 3003 dia-

2411 3052 2634 3105 conissis
2672 3048 2788 3101 fuse
2835 3047 2885 3097 in
2915 3045 3003 3097 lib.
3054 3043 3477 3110 Lexicograpbo,
3521 3030 3693 3107 deque
3756 3053 3937 3105 σεμνο-

2412 3136 2782 3207 πρεπεστάτης
2842 3132 3093 3199 epitheto.
3154 3129 3431 3183 Tractatus
3477 3128 3578 3181 iste
3633 3133 3938 3180 numeratur

2414 3226 2676 3280 secundus
2716 3224 2766 3274 in
2812 3220 2996 3273 codice
3023 3216 3279 3270 Vaticano
3306 3216 3461 3277 M34,
3496 3214 3634 3267 unde
3683 3212 3935 3279 subsequi

2414 3329 2533 3367 eum
2564 3311 2825 3366 decuisset
2865 3311 3145 3360 tractatum
3176 3304 3249 3356 De
3271 3302 3566 3357 menastiea
3598 3287 3935 3353 exercitatio-

2417 3419 2501 3463 ne,
2550 3409 2609 3452 ut
2660 3399 2830 3465 prima
2879 3395 3034 3447 verba
3066 3393 3299 3446 indicant
3345 3391 3523 3444 etiam.
3560 3390 3625 3442 At
3673 3389 3728 3441 in
3763 3387 3938 3442 codice

2416 3486 2707 3549 Barbcrino
2743 3498 2846 3535 ms.
2902 3494 3264 3547 compererant
3316 3486 3437 3545 post
3464 3476 3631 3539 illum,
3664 3486 3937 3529 tractatum

2416 3575 2481 3629 de
2511 3572 2795 3625 virtutibus
2844 3578 2897 3622 et
2937 3567 3078 3620 vitiis
3107 3568 3366 3618 directqu
3400 3566 3465 3617 ad
3504 3565 3786 3632 Agatbium
3806 3603 3821 3626 ,
3851 3578 3935 3615 seu

2414 3662 2778 3722 Pcristeriam,
2809 3657 3036 3724 ideoque
3071 3654 3290 3717 inserui,
3338 3652 3521 3721 religio
3550 3665 3783 3719 namque
3817 3650 3963 3713 mibi,

2418 3753 2517 3806 fuit
2567 3752 2804 3803 ordinem
2860 3748 3161 3814 scriptionis
3194 3746 3246 3797 in
3289 3744 3522 3797 editione
3553 3758 3658 3795 non
3710 3755 3935 3796 servare.

2432 3837 2829 3906 Ἀκτημοσύνην
2862 3836 3146 3902 potuissem
3183 3843 3381 3886 vertere
3408 3848 3528 3886 cum
3558 3831 3819 3885 Cassiano
3850 3844 3939 3880 uu-

2421 3929 2634 3982 ditatem
2658 3940 2852 3987 rerum,
2886 3924 2963 3976 vel
2992 3923 3264 3975 enuntiare
3295 3922 3479 3974 Latino
3505 3920 3769 3974 vocabulo
3792 3918 3935 3969 Acte-

2426 4030 2721 4078 mosvnem,
2739 4012 2828 4065 sed
2845 4008 3168 4077 expressisse
3191 4007 3502 4060 concinnius
3519 4006 3809 4058 arbitratus
3831 4017 3935 4058 sunt

2428 4098 2781 4159 voluntariam
2811 4107 3195 4169 paupertatem,
3229 4112 3323 4150 seu
3355 4095 3487 4148 nihil
3516 4096 3813 4163 possidere.

2360 4194 2405 4247 υ
2497 4193 2702 4259 Excipit
2729 4197 3008 4243 tractatum
3040 4189 3177 4238 hunc
3201 4185 3264 4237 de
3288 4192 3591 4252 paupertate
3634 4182 3843 4243 'ﬂOtxb;
3864 4178 3937 4229 λό-

2431 4300 2542 4348 γος,
2592 4281 2681 4331 καὶ
2724 4275 3045 4343 πολυμερὴς,
3080 4276 3135 4324 ὲν
3195 4266 3238 4337 ᾧ
3262 4270 3528 4323 νουθεσίαι
3572 4265 3936 4334 πνευματικαὶ,

2434 4373 2483 4423 id
2513 4380 2591 4423 est
2626 4370 2895 4421 Tructutns
2924 4363 3152 4427 moralis,
3181 4372 3228 4415 et
3272 4361 3609 4427 multifarius,
3640 4360 3691 4407 in
3723 4373 3821 4423 quo
3849 4354 3939 4420 spi-

2436 4458 2646 4509 tituales
2667 4466 2782 4505 sunt
2802 4454 3211 4511 adnionitioucs;
3242 4456 3293 4498 et
3318 4445 3578 4511 capitibus
3602 4450 3832 4508 quatuor
3854 4438 3937 4489 alr

2436 4545 2675 4596 solvitur.
2720 4542 3039 4608 Principium
3095 4544 3172 4588 cst
3220 4530 3541 4598 πολυμερὴς,
3573 4529 3664 4578 καὶ
3701 4526 3938 4594 πολύτρο-

2438 4650 2533 4692 πος
2566 4631 2865 4699 πρόκειται.
2904 4630 3012 4681 lloc
3042 4625 3355 4694 epusculum
3384 4630 3464 4673 est
3510 4618 3664 4688 quasi
3692 4618 3874 4671 concio
3894 4622 3938 4666 et

2437 4721 2747 4775 admonitio.

2508 4812 2675 4863 Erunt
2711 4808 2800 4875 qui
2844 4814 3024 4873 putent
3065 4818 3145 4855 me
3198 4810 3370 4855 actum
3422 4800 3614 4864 egisse,
3643 4796 3766 4863 quia
3807 4794 3935 4843 Ἔπι-

2441 4901 2630 4965 κτήτου
2661 4894 2984 4963 ἐγχειρίδιον,
3015 4908 3103 4945 seu
3151 4892 3437 4943 Manualcm
3497 4889 3684 4938 librutn
3716 4880 3933 4949 Epicteti.

2435 4983 2584 5051 quasi
2613 4982 2861 5033 crambcn
2892 4988 3151 5029 recaetam
3184 4974 3382 5028 intexui
3415 4971 3512 5023 Nili
3540 4968 3827 5035 opusculis,
3851 4978 3934 5015 nec

2438 5050 2620 5140 ignoro
2677 5066 2961 5134 abjudicari
3012 5065 3125 5116 Nilo
3169 5064 3321 5115 istam
3358 5058 3811 5118 lucubrationum;
3850 5050 3932 5103 sed

2436 5162 2523 5229 qui
2556 5156 2939 5226 pt'ascipitanter
2978 5155 3139 5206 tulere
3169 5150 3480 5205 sententiam
3526 5147 3699 5231 istam,
3744 5158 3807 5197 ne
3829 5140 3933 5209 qui-

3170 5366 3356 5431 2,19»
3432 5364 3665 5429 υίεψιῖηο
3754 5356 3932 5413 νὶίίὶνίι)
