4122 6338
213 347 231 404 t
267 334 380 409 ea
422 363 437 373 ·

208 453 240 503 tl

212 543 323 595 llus
370 548 493 597 illud
526 558 670 615 opus'
698 566 726 603 a
772 552 892 606 Nilo
936 557 1230 621 cuneisum,
1286 568 1337 612 et
1384 562 1754 631 interpolatum

210 640 325 721 tam
379 648 643 702 accurate,
690 638 844 692 siculi
884 646 1208 714 praescripsi,
1263 647 1382 702 Nilo
1414 652 1597 720 utique
1635 653 1758 721 jure

211 720 603 779 vindicassent.
633 724 763 781 Nam
793 745 914 783 cum
943 731 1165 800 Epicteti
1189 738 1317 791 liber
1340 738 1496 795 fusus
1524 720 1685 805 esset,
1704 754 1757 798 et

209 808 513 903 CupiOsUSﬂ
540 814 878 885 liberiorque,
932 823 1005 874 uti
1040 836 1362 893 compertum
1397 830 1593 886 habent
1638 836 1757 903 qui-

210 912 436 986 cunque
465 901 811 957 illustrissimi
869 908 1267 982 doctissimique
1320 916 1576 986 Stephani
1628 901 1755 978 Cra.

210 983 290 1035 dii
327 987 565 1039 codicem
596 1000 869 1045 exaratum
902 997 1129 1062 calamo,
1156 1012 1209 1054 et
1236 983 1634 1076 perantiquum,
1668 1028 1760 1080 op-

213 1074 364 1127 timae
416 1077 496 1144 (si
537 1078 657 1145 quis
706 1078 839 1133 alius
865 1084 978 1150 est)
1031 1097 1186 1153 noue,
1235 1098 1287 1144 et
1337 1074 1524 1148 aurum
1576 1074 1758 1153 contra

210 1164 594 1218 a‘stimandum
652 1170 1046 1237 pervolverunt,
1106 1185 1158 1229 et
1214 1193 1336 1233 cum
1400 1183 1555 1238 editis
1611 1187 1760 1241 libris

211 1264 604 1316 compararunt
640 1271 652 1305 :
687 1258 833 1310 illum
902 1259 1124 1328 Epicteti
1172 1264 1580 1324 Commentariis
1648 1275 1760 1329 suis

213 1340 509 1428 illustravit
544 1342 705 1395 fetum
735 1344 992 1403 Arrianus
1019 1350 1232 1407 Adriani
1286 1357 1506 1425 Augusti
1536 1361 1626 1428 qui
1650 1377 1761 1416 {evo

211 1427 416 1483 florens
445 1431 753 1497 παράπλους
781 1439 1120 1506 conscripsit,
1161 1452 1211 1495 et
1258 1427 1563 1500 Alexandri
1589 1449 1759 1519 Magni

216 1514 434 1583 Vitam;
490 1535 662 1589 neque
700 1538 826 1577 vero
870 1525 1163 1582 libcllulum
1220 1517 1389 1596 illum,
1433 1537 1522 1602 qui
1563 1514 1758 1606 passim

212 1606 469 1659 manibus
520 1612 757 1663 omniutn
806 1617 1007 1678 teritur,
1067 1620 1217 1686 quasi
1250 1636 1388 1675 verae
1430 1623 1619 1679 Stoica:
1646 1629 1761 1695 phi-

215 1692 481 1760 l050phia:
539 1713 734 1753 succus
795 1716 1097 1768 expressus,
1154 1715 1316 1775 utque
1364 1692 1760 1769 alehimiei-lo-

211 1792 480 1849 quuntur,
532 1784 712 1849 Elixir,
762 1790 1019 1857 cujusque
1068 1793 1410 1865 principium,
1457 1801 1561 1853 τῶν
1595 1803 1759 1856 ὄντων

214 1870 285 1919 τὰ
320 1870 419 1938 μέν
470 1873 613 1925 ἐστιν
648 1875 732 1942 ἐφ’
786 1878 944 1945 ἡμῖν,
993 1881 1039 1933 id
1091 1893 1173 1937 est
1207 1869 1554 1941 exsistentium
1590 1909 1758 1945 rerum

212 1963 457 2027 quwdam
485 1975 601 2016 sunt
626 1968 675 2018 in
713 1969 872 2032 nobis,
912 1966 1179 2036 Epictetus
1223 1975 1292 2028 ita
1326 1982 1618 2045 contexuit,
1676 1984 1759 2036 ille

214 2050 513 2139 Linquitur)
544 2052 834 2117 Epictetus,
890 2062 980 2126 qui
1045 2071 1194 2139 ortus
1222 2062 1484 2133 Hierapoli
1521 2068 1759 2139 Phrygiae

216 2135 587 2201 Epaphrodito
607 2141 829 2195 Neronis
854 2136 1075 2214 Augusti
1109 2147 1325 2205 Liberto
1354 2154 1536 2209 scrviit
1578 2135 1759 2211 Romae

212 2234 269 2275 et
304 2223 590 2281 Domitiani
621 2230 843 2298 Augusti
876 2235 1150 2291 dominatu
1192 2240 1445 2307 offensus,
1485 2246 1565 2297 vel
1605 2248 1671 2298 ob
1700 2246 1755 2301 S.

212 2314 555 2377 (IntiStiltum,
576 2336 681 2385 quo
714 2324 847 2387 pulsi
883 2324 1095 2378 fuerunt
1124 2327 1174 2379 in
1196 2330 1415 2396 patriam
1434 2334 1754 2402 philosophi,

218 2416 272 2488 in
303 2418 421 2453 eam
458 2420 720 2468 reversus,
758 2412 805 2460 in
833 2410 1066 2478 Nicopoli
1096 2419 1289 2486 oppido
1317 2419 1459 2488 Epiri
1490 2424 1756 2478 Novmha-

213 2486 426 2551 bitavit,
459 2500 509 2544 et
540 2508 854 2559 permanens
895 2501 957 2551 ad
991 2498 1060 2554 ill.
1088 2503 1340 2557 Antonini
1362 2486 1607 2576 tempora
1639 2527 1757 2578 per-

211 2578 390 2641 venit,
428 2589 492 2655 ⁹ιιι
533 2582 795 2637 aﬂirmant
846 2587 1038 2641 Suitlas
1089 2601 1142 2643 et
1182 2592 1423 2660 "Angelus
1460 2597 1755 2653 Politianus

212 2672 267 2715 tu
304 2667 525 2733 cpistola
559 2671 768 2736 prmlixa
799 2689 861 2725 ex
904 2674 964 2728 A.
997 2675 1162 2732 Gellio
1207 2692 1260 2733 et
1296 2682 1434 2735 aliis.
1487 2683 1756 2752 Epaphro-

209 2754 361 2807 ditus
399 2764 574 2808 autem
606 2757 832 2814 Neronis
861 2762 1128 2827 Libertus,
1165 2776 1216 2820 et
1248 2784 1276 2821 a
1307 2769 1541 2837 Libetlis,
1570 2783 1619 2826 et
1650 2776 1756 2827 τῶν

212 2843 704 2911 σωματοφυλάκων.
725 2846 774 2900 id
799 2848 878 2902 ρει
905 2855 1143 2919 corporis
1174 2858 1502 2925 custodibus,
1537 2862 1625 2929 qui
1656 2862 1757 2917 Ne-

210 2943 403 2982 ronem
438 2930 490 2984 in
523 2936 900 2991 consciscenda
932 2941 1031 2993 sibi
1061 2952 1231 2997 morte
1257 2944 1478 3013 adjuvit,
1512 2964 1540 3000 e
1568 2951 1756 3003 Sueto-

210 3016 309 3069 nio
368 3019 420 3070 in
475 3019 702 3083 Nerone,
752 3039 815 3079 ac
838 3024 1159 3092 Domitiano,
1207 3040 1259 3084 et
1291 3032 1495 3098 Tacito,
1540 3036 1630 3088 lib.
1664 3053 1750 3098 xv,

208 3106 407 3157 Annal.
422 3106 805 3164 condemnatus
822 3112 915 3166 fuit
934 3115 1049 3167 idco
1066 3130 1094 3167 a
1112 3116 1573 3172 Domitiano.Sunt
1592 3123 1751 3191 607

208 3193 279 3245 de
311 3195 414 3246 isto
446 3194 671 3263 aliisque
726 3202 1130 3268 cognominibus
1165 3203 1537 3273 Epaphroditis
1588 3210 1751 3282 pluri-

210 3298 318 3335 mae
348 3282 719 3363 inscriptiones
747 3289 885 3356 apud
912 3290 1219 3348 Gruterum.
1265 3294 1494 3363 Sanctus
1560 3298 1777 3356 Paulus.

212 3373 266 3424 in
302 3354 455 3440 epist.
490 3374 554 3426 ad
577 3354 959 3445 Pliilippchses,
986 3396 1035 3434 c.
1066 3396 1123 3442 tt.
1159 3398 1208 3435 v.
1242 3384 1331 3449 25,
1352 3358 1591 3441 meminit
1616 3354 1755 3457 Epa;

210 3461 721 3528 phroditil‘ratris,et
748 3470 1127 3535 cooperatoris,
1158 3481 1209 3524 et
1234 3475 1613 3530 commilitonis
1642 3477 1751 3540 sui,

211 3548 455 3615 ipsorum
494 3561 670 3604 autem
705 3556 953 3621 apostoli,
983 3557 1031 3608 id
1083 3569 1181 3620 est,
1216 3568 1273 3613 ut
1330 3563 1581 3630 arbitror,
1636 3565 1754 3634 epi-

208 3639 385 3705 scopi,
403 3654 557 3707 quem
588 3644 943 3697 necessarium
962 3646 1286 3703 existimavit
1317 3652 1525 3707 mittere
1551 3654 1615 3707 ad
1638 3669 1757 3711 eos-

210 3724 364 3787 dem,
396 3734 449 3779 et
476 3742 664 3781 rursus
701 3743 748 3782 c.
786 3743 857 3794 Iv,
893 3745 944 3784 ν.
987 3731 1075 3798 22,
1160 3738 1429 3806 accepisse
1454 3755 1511 3794 se
1560 3740 1756 3797 fatetur

209 3816 286 3870 ab
319 3817 453 3884 ipso,
486 3834 603 3887 qua:
638 3819 708 3873 illi
741 3821 1036 3887 miserant;
1072 3832 1125 3876 et
1150 3827 1348 3883 salutat
1396 3842 1492 3882 eos
1536 3831 1752 3885 nomine

212 3905 450 3957 maxime
478 3905 712 3970 illorum,
750 3908 841 3973 qui
864 3910 929 3960 de
982 3909 1209 3963 Caesaris
1238 3910 1399 3965 domo
1429 3923 1576 3976 sunt,
1617 3931 1749 3969 sau-

211 4000 458 4056 ctorum;
488 3994 625 4045 hanc
646 3995 710 4046 ad
740 3994 1105 4065 Philippenses
1157 4001 1440 4068 Epistulam
1497 4007 1749 4076 scriptam

210 4083 384 4136 fuisse
402 4082 581 4136 Romae
599 4100 692 4151 per
716 4086 1155 4155 Epaphroditum,
1181 4093 1547 4151 Theodorctus
1568 4108 1750 4154 auctor

210 4178 319 4223 est.
346 4170 646 4225 Cardinalis
673 4173 931 4229 Barnuius
955 4177 1006 4229 in
1041 4176 1189 4234 Notis
1217 4180 1280 4233 ad
1304 4181 1571 4252 Martyrol.
1594 4184 1746 4240 Rom.

209 4261 301 4312 die
334 4260 398 4311 29.
426 4260 616 4325 Martii,
645 4263 1061 4331 Epaphroditum
1091 4269 1398 4341 episcopum
1439 4272 1744 4328 Terrae-inm

1413 362 1505 422 DE
1534 325 1917 424 'orsmsus
1952 368 2010 425 s.
2050 368 2231 426 NlLI.

248 472 338 505 em
468 459 736 549 breviculo
783 462 1077 531 rccitatam,
1114 466 1155 521 si
1190 469 1544 536 dispexissent
1590 486 1755 528 attcu~
1788 482 1832 537 Α
1861 478 2025 544 cium,
2055 488 2148 531 aut
2174 477 2341 547 Pugio
2377 492 2435 531 ex
2479 477 2581 542 his.
2619 482 2734 547 qum
2780 481 3061 549 reliquerat
3095 484 3379 545 Epictetus.

3204 422 3207 425 .
3254 371 3381 433 133i-

1858 576 1911 619 et
1984 567 2243 635 ampliora
2323 582 2384 620 ea
2470 568 2635 621 fuisse
2706 571 3094 623 convincuntur
3161 581 3268 625 tum
3353 589 3384 627 e

1857 654 2039 708 codice
2078 655 2460 724 suprascripto,
2495 664 2602 708 tmn
2630 671 2660 708 e
2706 655 3115 713 Commentariis
3140 659 3380 726 Arriani,

1857 751 1911 795 et
1936 742 2100 810 liquet
2128 758 2193 795 ex
2230 743 2288 795 A.
2322 742 2507 807 Gellio,
2551 753 2604 796 et
2634 742 2835 796 Joanne
2874 745 3118 809 Stobaeo;
3147 761 3240 800 nec
3287 764 3381 799 ex-

1854 839 1961 885 stat
2009 833 2060 884 in
2091 831 2396 885 Enchiridio
2426 832 3058 887 celeberrimumetfatum
3095 834 3241 898 illud,
3276 852 3383 903 quo

1858 927 1967 973 tota
2039 920 2155 989 ejus
2233 921 2564 989 philosophia
2646 914 2968 985 contiitetur,
3026 921 3210 990 ἀνέχου
3292 925 3385 974 καὶ

1858 1008 2082 1078 ἀπέχου.
2148 1009 2342 1062 Verum
2370 1010 2626 1063 hactenus
2648 1009 2995 1063 desideratur.
3027 1010 3175 1063 Nilus
3208 1018 3381 1061 autem

1850 1097 2171 1153 'Ethnicismi
2228 1116 2406 1153 mevos
2463 1109 2515 1153 et
2558 1098 2795 1153 maculas
2850 1101 3083 1160 sustulit,
3136 1100 3385 1167 pleraque

1859 1192 2169 1249 resecando,
2203 1199 2362 1257 atque
2417 1190 2688 1252 mutando,
2743 1189 2897 1257 plane
2948 1200 3136 1257 aptans
3164 1204 3385 1256 opuscu-

1858 1279 1965 1330 lum
1995 1277 2320 1343 Christiano,
2350 1280 2498 1354 quiq
2526 1288 2577 1331 et
2619 1281 2880 1333 monacho
2932 1278 3379 1340 accommodavit;

1854 1378 1975 1431 quae
2005 1365 2203 1431 turpia,
2249 1380 2367 1433 quae
2390 1364 2779 1432 superstitiosa,
2815 1366 2893 1417 vel
2925 1365 3274 1418 idololatriam
3298 1381 3382 1417 sa-

1856 1453 2071 1520 piebant
2112 1453 2321 1517 delevit,
2363 1434 2469 1505 iino
2524 1461 2576 1506 et
2602 1453 2851 1506 Socratis
2904 1468 3095 1507 nomen
3139 1454 3381 1513 sustulit;

1858 1537 2116 1609 Paulique
2162 1542 2440 1608 supposuit
2498 1541 2755 1609 Apostoh,
2792 1552 2949 1610 atque
2980 1543 3197 1596 omnino
3230 1558 3381 1594 suum

1855 1626 2050 1680 elfecit.
2090 1626 2282 1695 Itaque
2322 1630 2458 1681 sicut
2487 1628 2613 1681 illud
2645 1632 2779 1681 inter
2828 1631 3084 1697 opuscula
3109 1628 3209 1681 Nili
3234 1630 3386 1682 adin-

1858 1700 2131 1777 veueram,
2169 1717 2247 1769 sic
2277 1718 2570 1783 dereliqui.
2599 1718 2969 1785 rationemque
3023 1718 3239 1771 reddam
3295 1732 3383 1769 co-

1859 1805 2062 1872 piosius
2105 1805 2156 1857 in
2196 1804 2663 1869 Adnotalionihus,
2695 1806 2783 1858 ubi
2816 1807 2879 1859 de
2911 1813 3123 1859 amante
3148 1807 3384 1859 Platonis

1871 1894 2145 1947 veritatem
2178 1895 2473 1949 Theosebio
2534 1896 2870 1964 philosopho,
2910 1896 2999 1962 qui
3075 1890 3385 1948 Antoninia-

1857 1998 1939 2036 ηπ
1966 1984 2353 2047 lucubrationis
2380 1985 2447 2037 de
2476 1999 2534 2038 se
2558 1986 2701 2052 ipso,
2737 2000 2835 2051 seu
2855 1986 2919 2037 de
2951 1983 3069 2037 Vita
3095 1999 3189 2038 sua
3218 1985 3384 2036 inter—

1858 2071 2083 2139 polator,
2120 2071 2230 2126 sive
2272 2080 2551 2138 cxcerptor
2581 2073 2787 2125 videtur
2816 2075 2867 2124 in
2914 2072 3242 2141 Ἐγχειριδίῳ
3266 2072 3383 2123 δευ-

1822 2180 1824 2185 ν
1853 2160 1993 2229 τέρῳ
2034 2161 2374 2230 Ἐπικτήτου,
2400 2157 2542 2229 Quod
2566 2162 2883 2228 conscripsit
2915 2162 3076 2214 multa
3115 2176 3145 2213 e
3188 2160 3382 2214 scholis
3456 2206 3460 2210 .

1856 2248 2077 2316 Epicteti
2132 2249 2391 2314 delibans,
2420 2264 2513 2304 seu
2556 2265 2586 2304 e
2643 2250 2861 2313 seholio,
2919 2265 3091 2317 agam.
3151 2249 3385 2302 Theose—

1858 2338 1999 2390 hium
2045 2340 2111 2391 ab
2151 2339 2370 2405 Apamia
2410 2339 2623 2392 civitate
2647 2339 2782 2392 Asia:
2814 2339 3127 2393 translatum
3157 2338 3221 2390 ad
3280 2337 3386 2390 Eu-

1841 2423 2199 2493 doxiopolim,
2251 2440 2371 2494 qua:
2393 2426 2592 2479 dudum
2643 2426 2936 2479 Salembria
2981 2434 3218 2487 vocatur,
3272 2441 3381 2478 mc—

1856 2522 2027 2585 morat
2058 2514 2322 2578 Auxilius,
2365 2514 2457 2567 lib.
2484 2530 2497 2567 t
2529 2513 2604 2567 De
2629 2515 3037 2568 ordinationibus
3066 2531 3095 2566 α
3132 2511 3379 2567 Formosa

1854 2616 1987 2667 papa
2026 2601 2201 2668 factis,
2240 2618 2287 2656 e.
2334 2618 2369 2657 ιι
2399 2621 2412 2668 ;
2444 2611 2496 2657 et
2522 2603 2707 2669 lih.ln,
2746 2617 2794 2656 c.
2818 2596 3255 2678 22,,episcopum
3283 2620 3297 2665 ;
3326 2592 3383 2655 et

1854 2690 2245 2758 Eudoxiazpolis
2264 2692 2670 2760 nuncupabatur
2700 2693 2987 2762 Selymbria
3008 2694 3193 2747 civitas
3219 2692 3384 2744 Thra-

1855 2779 1950 2831 ciae
1994 2780 2299 2847 provinciae,
2354 2790 2459 2834 act.
2508 2779 2785 2836 lConcilii
2830 2783 3219 2837 Chalcedonen.
3262 2799 3379 2851 pag.

1854 2866 1977 2921 401.
2010 2868 2250 2922 Concilio
2283 2869 2876 2937 Constantinopolitano
2910 2870 3010 2924 sub
3048 2870 3272 2924 Damaso
3295 2886 3383 2936 pa-

1856 2972 1919 3025 pa
1951 2971 2091 3011 anno
2121 2958 2180 3010 C.
2220 2956 2283 3010 N.
2308 2958 2426 3021 581,
2458 2959 2772 3027 subscripsit
2835 2960 2971 3012 inter
3028 2960 3159 3014 alios
3208 2958 3378 3011 Theo-

1781 3066 1820 3120 ε
1855 3047 2034 3100 sehius
2066 3047 2347 3113 episcopus
2376 3044 2799 3101 Pbilomeliensis
2827 3048 3110 3116 provincia:
3174 3046 3380 3116 Pisitlim

1856 3147 1945 3199 per
1977 3131 2199 3186 Bassum
2221 3132 2588 3201 presbyterum
2620 3131 2812 3202 Lyciae,
2846 3148 2898 3202 p.
2922 3132 3045 3197 9.40,
3080 3147 3227 3185 num.
3283 3132 3382 3183 119

1854 3223 1907 3276 in
1959 3224 2104 3277 calce
2141 3221 2455 3283 Crabbiana:
2490 3221 2789 3293 Editionis;
2840 3238 2907 3276 an
2951 3222 3057 3276 hic
3097 3222 3380 3275 translatus

1853 3308 2077 3371 inde’sit
2107 3308 2523 3377 Eudoxlaepolim
2546 3311 2708 3379 608
2737 3325 2841 3363 nou
2877 3310 3109 3363 arbitror
3138 3310 3383 3378 indagan-

1852 3397 2013 3461 dum;
2042 3412 2159 3448 nam
2194 3396 2390 3449 diserte
2413 3397 2702 3450 translatus
2732 3397 3031 3465 abApamla
3050 3398 3381 3460 enuntiatur,

1853 3500 1948 3539 nec
1978 3500 2047 3539 an
2076 3487 2142 3540 sit
2188 3484 2532 3538 Antoniniani
2562 3486 3025 3553 opusculi'sector,
3058 3486 3202 3553 quod
3231 3488 3379 3554 prin-

1850 3574 2022 3642 cipem
2059 3573 2229 3635 decet,
2263 3587 2370 3627 non
2418 3574 2598 3627 minus
2658 3589 2819 3643 quam
2875 3573 3095 3643 Epicteti
3144 3574 3380 3626 Manuale

1851 3663 2040 3717 civem.
2072 3662 2220 3717 Nilus
2247 3662 2412 3717 abbas
2438 3663 2625 3718 scribit
2645 3660 2963 3730 Theosebio,
2993 3664 3148 3731 epist.
3172 3662 3256 3723 15,
3287 3662 3377 3715 lib.

1851 3765 1888 3804 ll
1923 3751 1993 3804 De
2029 3751 2227 3803 duabus
2260 3751 2407 3803 oliuis
2441 3752 2613 3809 aureis
2652 3752 2789 3817 apud
2853 3749 3166 3801 Zachariam
3193 3766 3237 3802 c.
3305 3764 3376 3812 tv,

1849 3853 1984 3906 quas
2031 3837 2259 3906 explicat
2290 3837 2624 3893 Christianos
2657 3853 2720 3892 ex
2755 3836 2989 3891 llebraais
3038 3845 3089 3891 et
3114 3837 3376 3906 gentibus.
3424 3870 3427 3873 η

1847 3925 2168 3980 Jamdudum
2193 3926 2440 3996 equidem
2478 3929 2690 3981 animus
2730 3935 2812 3982 est
2842 3941 2989 3980 meas
3028 3941 3092 3979 eo
3125 3927 3190 3978 de
3242 3941 3378 3992 0ptt~

1848 4018 1999 4072 sculo
2026 4026 2180 4071 notas
2217 4019 2463 4087 evulgare
2486 4036 2500 4072 :
2529 4017 2719 4072 Suidas
2742 4015 2979 4069 meminit
3005 4015 3143 4068 illius
3174 4016 3225 4068 in
3249 4017 3379 4067 Επε-

1848 4125 2060 4178 κτητος,
2092 4117 2142 4162 et
2179 4108 2407 4163 Mericus
2435 4108 2782 4163 Casaubonus
2801 4113 2984 4159 narrat
3034 4105 3086 4159 in
3121 4106 3259 4160 notis
3312 4108 3376 4172 ad

1849 4198 2103 4251 Antonini
2130 4198 2315 4251 libros.

1919 4285 2132 4351 Subjcci
2186 4283 2554 4337 Narrationem
2600 4283 2845 4337 monachi
2876 4282 3108 4347 Pachon,
3140 4296 3255 4350 quae.
3276 4281 3377 4337 La—

208 4358 425 4411 censet;
460 4360 513 4402 at
541 4350 729 4404 Petrus
758 4352 822 4405 de
847 4350 1119 4408 Natalibus
1149 4356 1241 4408 lib.
1274 4373 1341 4421 vt,
1376 4373 1424 4411 c.
1466 4360 1561 4413 100
1639 4363 1744 4415 lla-

1817 4374 1823 4406 l
1852 4373 1959 4425 tinc
1988 4374 2199 4440 quidem
2232 4388 2385 4428 versa
2417 4372 2516 4426 fuit
2545 4366 2572 4426 ἐι
2604 4372 2866 4428 Gentiauo
2890 4371 3116 4425 Herveto
3149 4385 3178 4421 e
3197 4369 3378 4423 Graeco

209 4439 364 4501 ιιι-ξω,
389 4440 499 4491 sive
525 4439 804 4493 Andriacze
844 4443 1092 4497 Ecclesia:
1134 4444 1437 4510 praefectum
1508 4464 1750 4503 autumat

210 4543 245 4576 ιε
306 4524 567 4577 Dorotheo
594 4525 783 4580 abbate
817 4526 867 4579 in
898 4529 1115 4595 synOpsi
1153 4530 1217 4581 de
1257 4529 1323 4581 72
1350 4531 1625 4602 discipulis
1648 4534 1750 4587 Do-

212 4613 366 4665 mini.
398 4613 477 4666 Ad
504 4628 625 4667 eum
657 4630 759 4669 non
806 4615 1074 4684 pertinere
1094 4617 1409 4674 crediderim
1446 4624 1746 4695 inscriptio-

214 4718 358 4766 nem,
386 4718 475 4758 seu
499 4704 847 4774 epitaphium,
878 4706 1021 4773 quod
1062 4706 1119 4759 in
1152 4723 1275 4763 arca
1328 4727 1629 4768 marmorea
1664 4732 1749 4769 se-

211 4780 435 4858 pulcrali
462 4795 687 4849 incisum
719 4796 841 4865 legi,
872 4798 932 4849 Θ.
959 4798 1347 4851 Κ.ΑΥΡ11ΛΙΩ
1384 4802 1747 4872 Ἐπαφροδίτῳ

213 4882 434 4950 Συμϐἱῳ
459 4884 751 4941 ΑΝΤΩΝΙΑ
780 4886 1007 4958 Βαλέρια
1027 4888 1206 4957 ξοηκε.
1244 4887 1367 4940 Erat
1398 4890 1527 4943 illud
1578 4892 1631 4945 in
1662 4908 1747 4945 ar-

214 4972 574 5040 chiepiscopio
604 4974 964 5043 Lugdunensi,
998 4988 1050 5032 et
1083 4972 1462 5048 inspiciebatur
1486 4981 1743 5049 insculpta

214 5066 375 5115 Ceres
400 5063 449 5114 in
489 5077 669 5126 curru,
710 5080 866 5131 quem
928 5068 1207 5123 trahebant
1258 5084 1478 5138 angues,
1536 5070 1746 5138 perqui-

219 5170 340 5208 rens
368 5154 525 5207 tiliam
546 5152 915 5221 Proserpinam
948 5172 976 5209 a
1006 5157 1231 5212 Plutone
1279 5167 1504 5225 raptam.
1566 5158 1665 5212 Sed
1718 5176 1747 5214 e

218 5245 405 5297 semita
454 5243 695 5296 inviam.
732 5244 1009 5298 Contraxit
1065 5247 1287 5315 Epicteti
1352 5262 1486 5313 opus
1539 5256 1745 5314 vastum

220 5330 525 5400 Simpliems
554 5334 899 5403 philosophus
928 5336 1097 5389 hostis
1132 5337 1574 5391 Christianormn.
1611 5338 1749 5393 sicut

224 5426 421 5477 amiens
460 5427 601 5487 olim,
626 5425 929 5492 multiplicis
994 5426 1077 5477 vir
1136 5427 1376 5481 lectionis
1426 5425 1748 5493 Theophilus

220 5512 539 5579 Raynaudus
572 5515 621 5565 in
658 5516 758 5590 lib.
784 5515 855 5567 De
894 5516 1021 5567 bono
1052 5517 1291 5583 regimine
1315 5516 1555 5575 aduolat,
1594 5522 1661 5569 ita
1692 5530 1747 5568 ut

218 5593 562 5655 Dachiridion
596 5588 766 5656 solum
808 5618 948 5658 esset
995 5607 1055 5657 ad
1105 5621 1336 5669 manum,
1410 5607 1500 5659 sed
1562 5588 1742 5675 chta-

1848 4475 2116 4525 sermone,
2151 4463 2489 4530 referturque
2524 4464 2573 4515 in
2627 4478 2673 4515 c.
2711 4463 2776 4515 29
2825 4459 3073 4511 Historia:
3112 4456 3377 4511 Lausim‘w

1847 4546 2067 4603 Palladii
2118 4567 2145 4602 a
2182 4550 2327 4605 ιιι».
2376 4550 2692 4619 lloswcydo,
2748 4550 2837 4601 lib.
2895 4562 2985 4600 vut
3036 4546 3107 4598 De
3143 4545 3240 4598 Vit.
3271 4548 3376 4600 Pa-

1849 4650 2005 4702 trum,
2041 4641 2129 4708 qui
2160 4628 2381 4710 Evagrio
2414 4642 2579 4707 ipsam
2607 4639 2811 4703 tribuit,
2834 4638 2996 4704 .cujus
3024 4652 3073 4695 et
3106 4642 3232 4693 alias
3261 4644 3372 4689 ten-

1850 4718 2074 4780 tationes
2106 4727 2263 4779 refert
2305 4744 2335 4780 e
2371 4742 2419 4780 c.
2442 4727 2510 4779 86
2561 4726 2803 4790 Palladii,
2844 4722 2896 4782 et
2930 4731 2980 4782 in
3010 4729 3171 4792 notis,
3228 4742 3371 4778 num.

1850 4816 1912 4867 70
1940 4827 1991 4869 et
2022 4818 2140 4880 155,
2168 4817 2258 4870 sed
2276 4824 2328 4869 ct
2368 4817 2547 4871 Gratce
2574 4818 2767 4872 ibidem
2802 4819 3011 4887 legitur,
3077 4832 3127 4870 c.
3185 4830 3373 4881 nempe

1847 4904 1912 4957 86
1970 4905 2259 4959 Lausiacm.
2292 4903 2545 4968 Quamvis
2602 4892 2824 4959 luxuria:
2859 4905 3060 4957 crimen
3082 4904 3214 4957 adeo
3241 4918 3371 4955 con-

1849 5000 2082 5044 temnere
2115 4992 2356 5045 videatur
2390 4992 2688 5044 d:emonum
2722 4992 2967 5059 princeps
3011 4990 3240 5051 Lucifer,
3270 4990 3371 5043 sic-

1850 5082 1977 5135 utei
2007 5082 2167 5147 aliqui
2207 5083 2293 5132 alii
2351 5081 2571 5144 diaboli,
2630 5082 2755 5148 quia
2813 5095 3077 5135 memores
3143 5080 3371 5143 antiqiue

1846 5187 1953 5223 sua:
1986 5167 2274 5221 nobilitatis
2303 5167 2428 5219 illud
2458 5167 2828 5235 dedignantur,
2861 5168 2969 5221 imo
3021 5182 3116 5219 nec
3171 5167 3371 5216 dmino-

1849 5248 1970 5307 num
2022 5253 2273 5321 princeps
2305 5254 2555 5322 dignatus
2584 5254 2653 5307 sit
2682 5254 2748 5307 de.
2776 5254 2865 5307 illo
2892 5255 3158 5306 Christum
3196 5251 3370 5303 Domi-

1849 5358 1969 5394 num
1999 5349 2202 5394 tentare
2232 5342 2283 5394 in
2328 5341 2561 5403 deserto,
2596 5341 3047 5410 quemadmodum
3083 5358 3145 5393 ex
3202 5344 3363 5407 Inagi-

1846 5432 1968 5483 sitis
2008 5430 2184 5481 retulit
2222 5440 2443 5482 sanctus
2476 5429 2712 5483 Thomas
2764 5429 3028 5495 Aquinas,
3071 5430 3373 5497 Tlteologiai

1847 5518 2171 5569 Srlmlasticm
2187 5518 2657 5583 praestantissimus
2686 5500 3029 5580 architectus,
3054 5518 3139 5570 lib.
3164 5532 3214 5577 v,
3235 5531 3280 5568 c.
3303 5516 3362 5568 2|

1853 5606 1919 5657 Dc
1948 5606 2236 5667 u-mtitionc
2259 5607 2580 5673 principum;
2619 5604 2816 5660 conscii
2848 5617 3020 5659 tamen
3057 5605 3369 5674 perduellio—
