4122 6338
722 338 855 433 1335

1490 382 1491 385 ‘
1548 359 1553 368 ’
1600 354 1745 448 10s.
1783 389 2041 449 suum
2076 391 2423 453 SUARESII
2461 364 2939 457 nrsssn'rirto

3725 393 3867 457 I336

675 474 678 477 V
716 482 802 536 πίε
854 474 1030 538 ἀπίω
1074 467 1291 557 maligni
1340 489 1561 559 spiritus
1615 492 1763 562 ipsos
1808 499 2118 564 monachos,
2184 509 2237 553 et
2264 506 2307 559 Α
2338 503 2475 556 tibus
2513 505 2755 569 alnotat;
2779 514 2833 559 et
2865 507 2938 559 ad
2963 518 3153 558 mnus
3192 502 3609 571 impositionem,
3646 508 3870 568 δρομο-

715 578 1082 645 auachorelas,
1114 579 1221 635 imo
1244 598 1596 654 quoscunque
1648 588 1732 655 pie
1755 590 1963 645 vivendi
2020 596 2251 649 modum.

713 675 989 747 capessere
1036 678 1250 733 norunt,
1284 685 1390 724 non
1415 672 1516 725 alia
1549 674 1717 742 magis
1764 676 2033 741 illecebra,
2075 695 2229 747 quam

711 746 1066 815 impudicitiam
1107 767 1203 807 seu
1236 753 1605 813 fornicationis
1630 760 1905 829 decipere,
1944 746 2105 833 atque
2164 767 2232 821 ab

709 833 951 888 instituto
980 845 1216 893 avertere
1244 850 1525 902 conantur.
1556 846 1912 901 meretricium
1960 849 2065 903 illis
2121 850 2233 904 bel-

708 919 818 971 lum
848 920 1187 987 intentantes,
1212 940 1310 979 nec
1341 942 1433 981 eos
1465 930 1820 997 solummodo,
1849 935 1942 1003 qui
1962 937 2133 990 relatis
2178 939 2229 990 in

705 1006 837 1061 flore
882 1012 1123 1078 corporis
1167 1013 1342 1082 vigent
1371 1017 1579 1083 robore,
1614 1035 1796 1072 verum
1823 1030 1877 1075 et
1921 1024 2071 1076 senio
2101 1039 2231 1077 con-

704 1095 872 1151 fectos
904 1098 1187 1155 identidem
1218 1105 1614 1173 aggrediuntur.
1650 1106 1841 1161 Narrat
1880 1118 2099 1163 sanctus
2118 1110 2229 1163 Au-

703 1186 949 1252 gustinus
968 1189 1033 1241 de
1063 1190 1275 1245 homine
1303 1203 1489 1262 agente
1522 1195 1788 1263 octoginta
1808 1206 2034 1264 quatuor
2059 1212 2227 1253 anites

701 1274 795 1339 qui
832 1275 1217 1353 religiosecum
1259 1280 1483 1349 conjuge
1529 1272 1778 1349 religio'sa
1811 1284 2016 1337 vixerat
2057 1299 2230 1339 annos

700 1361 790 1425 24,
823 1376 943 1415 eum
966 1364 1158 1430 emisse
1193 1368 1569 1423 ad-libidinem
1602 1372 1703 1425 sibi
1776 1372 2081 1440 lyristriam,
2130 1371 2225 1425 lib.

708 1464 770 1503 ιιι
814 1450 1065 1506 Adversus
1095 1452 1388 1521 lulianum,
1433 1473 1488 1510 ιι.
1511 1458 1633 1511 36L
1661 1458 1803 1511 Adeo
1824 1459 1966 1511 nulla
1995 1468 2078 1512 est
2098 1468 2227 1513 aetas

701 1538 956 1603 immunis
995 1541 1063 1595 ab
1084 1536 1290 1597 infestis
1316 1542 1615 1597 daemonum
1643 1545 1783 1598 circa
1804 1545 2077 1598 luxuriam
2140 1547 2223 1599 in-

700 1628 873 1692 sidiis,
911 1644 1046 1697 quas
1074 1630 1149 1684 illi
1181 1640 1327 1687 tanto
1356 1640 1579 1687 struunt
1606 1634 1879 1689 molimine
1906 1634 2038 1688 viris
2071 1635 2225 1687 undi-

699 1732 804 1783 que
823 1720 1085 1787 prtecipue
1108 1720 1388 1789 religiosis.
1422 1722 1494 1775 De
1517 1722 1696 1775 divina
1724 1716 2078 1787 Providentia,
2109 1738 2228 1789 quae

700 1806 889 1858 cedere
912 1806 1121 1861 videtur
1152 1807 1207 1861 in
1232 1808 1374 1862 lucta
1405 1818 1599 1865 contra.
1650 1808 1934 1871 Venerem.
1986 1819 2039 1863 et
2095 1825 2221 1878 per-

699 1892 864 1946 mittit
890 1895 1159 1947 hominem
1186 1894 1515 1963 spiritualem
1538 1883 1599 1950 ea
1642 1896 1853 1960 lmdari,
1884 1906 1945 1950 ut
1971 1907 2225 1966 agnoscat

697 1977 951 2031 vilitatem
992 1993 1141 2032 suam
1166 2017 1181 2041 ,
1238 1978 1535 2037 Diadochus
1564 1982 1849 2051 episcopus
1876 1983 2127 2038 Photices
2165 1986 2219 2038 in

698 2060 863 2128 Epiro
888 2072 1063 2138 vetere
1114 2064 1455 2137 lllyricicap.
1484 2066 1551 2122 99
1583 2066 1900 2123 Sermonum
1936 2069 2110 2125 fusius
2127 2086 2221 2125 ex-

696 2165 924 2218 ponens.
962 2151 1319 2216 Quamobrem
1345 2164 1398 2210 et
1441 2159 1595 2209 istam
1624 2157 1986 2211 narrationem
2032 2174 2221 2212 mona-

697 2238 786 2291 chi
814 2237 1024 2292 Pachon
1053 2241 1231 2295 denuo
1264 2242 1497 2296 inserere
1545 2257 1652 2294 non
1702 2242 1963 2317 dubitavi,
2023 2259 2057 2298 e
2116 2261 2238 2313 qua-

696 2327 856 2393 plaue
870 2329 1035 2396 liquet
1052 2329 1202 2398 alapa
1215 2328 1385 2400 fugari
1404 2331 1719 2394 daemonem,
1735 2339 1794 2385 ut
1808 2333 1945 2401 apud
1976 2344 2219 2399 sanctum

698 2414 1007 2482 Gregorium
1041 2415 1286 2485 magnum
1315 2417 1368 2470 in
1396 2403 1599 2486 θεατάς.
1639 2418 1677 2472 r.
1712 2434 1770 2483 ιι,
1802 2433 1850 2472 c.
1872 2418 1959 2482 se,
1999 2421 2241 2475 traditur-

697 2504 764 2556 de
789 2510 974 2557 sancto
1005 2504 1320 2570 Benedicto;
1357 2514 1410 2560 et
1458 2507 1601 2570 inde,
1663 2522 1785 2560 cum
1831 2520 2219 2563 sacramentum

699 2591 1119 2647 confirmationis
1143 2593 1570 2657 administratur,
1598 2594 1736 2648 solet
1780 2596 2066 2663 episcopus
2106 2598 2241 2650 ala-

701 2693 823 2746 pam
853 2679 1142 2748 obsignatis
1169 2679 1424 2749 infligere,
1442 2682 1599 2750 quasi
1620 2680 1915 2734 daemonem
1942 2684 2228 2737 iilirmita-

703 2770 773 2823 tis
826 2769 882 2821 in
927 2769 1030 2823 lldc
1059 2777 1218 2837 atque
1266 2770 1721 2839 pusillanimitatis
1776 2772 2071 2839 expellens.
2122 2772 2226 2826 Ca-

701 2857 1036 2926 vendumque
1087 2873 1295 2927 semper
1338 2868 1420 2913 est
1476 2874 1503 2911 a
1534 2842 1818 2913 mutatione
1887 2858 2255 2929 inpudicitia

703 2958 1167 3015 quantumcunque
1187 2934 1368 3000 affecta
1402 2948 1571 3002 simus
1600 2957 1770 3011 atate,
1800 2949 2088 3017 tardusque
2110 2965 2227 3003 san-

703 3033 1123 3105 guishebescat,
1157 3043 1209 3087 et
1238 3032 1459 3102 frigeant
1487 3034 1624 3087 vires
1681 3033 1835 3086 clleto
1897 3034 1949 3085 in
1980 3047 2219 3101 corpore.

704 3121 934 3192 Ursinus
959 3124 1232 3200 presbyter
1280 3123 1331 3174 in
1385 3122 1615 3199 Ecclesia
1676 3121 1879 3175 Nursiae
1928 3121 2226 3186 ordinatus,

705 3226 827 3262 eum
858 3197 1064 3277 longam
1093 3212 1208 3263 vita:
1233 3197 1497 3277 implesset
1526 3218 1755 3271 aetatem,
1789 3210 2009 3277 jamque
2066 3211 2229 3264 mori-

704 3296 916 3349 lmndus
936 3297 1154 3365 jacerct.
1191 3298 1388 3366 conjux
1428 3299 1545 3367 ejus
1578 3298 1912 3365 Presbytero,
1954 3312 2117 3366 quam
2175 3307 2233 3352 ut

707 3399 942 3438 sororem
967 3386 1217 3456 diligebat
1249 3387 1433 3455 procul
1486 3401 1516 3440 a
1545 3401 1602 3441 se
1658 3395 1940 3450 remotam,
2009 3400 2233 3455 quaeque

707 3491 975 3543 nunquam
1036 3477 1100 3529 ad
1159 3491 1280 3528 eum
1344 3484 1639 3531 accesserat
1686 3474 1846 3543 609
1897 3475 2107 3539 exinde,
2140 3490 2232 3529 ve-

708 3562 807 3620 nit.
900 3572 952 3615 et
1067 3563 1328 3616 resolutos
1409 3570 1556 3615 artus
1652 3563 1932 3629 aspiciens,
2012 3562 2234 3628 ipsoque

710 3652 1059 3714 conclamato,
1103 3651 1349 3718 apposuit
1401 3664 1582 3702 aurem
1625 3650 1689 3700 ad
1739 3648 2235 3716 nares,exploratu-

712 3754 770 3793 ra
787 3741 941 3796 vitale
957 3741 1219 3807 spiramen
1236 3754 1302 3792 an
1314 3738 1487 3793 adhuc
1499 3739 1720 3803 inesset;
1745 3746 1854 3790 tum
1880 3737 1966 3792 ille
1984 3736 2238 3804 colligens

710 3843 917 3889 vocem,
948 3829 1337 3896 fugientemque
1352 3828 1507 3881 veluti
1531 3842 1781 3880 revocans
1807 3826 2036 3879 animam
2058 3824 2234 3880 excla-

716 3918 875 3969 mavit
902 3936 921 3970 -:
950 3916 1153 3970 Recede
1177 3932 1205 3967 a
1242 3930 1341 3977 me,
1374 3915 1581 3979 mulier,
1615 3915 1906 3967 etiamnum
1941 3901 2069 3968 vivit
2088 3910 2231 3983 igni-

713 4006 885 4057 culus.
946 4004 1121 4058 Refert
1187 4004 1298 4058 haec
1333 4005 1556 4072 ipsemet
1592 4014 1807 4057 sanctus
1851 4003 2011 4071 Creg.
2051 4003 2144 4056 lib.
2182 4019 2231 4055 iv

717 4094 1055 4161 Dialogorum
1085 4106 1203 4159 cap.
1239 4092 1539 4145 undecimo.
1584 4092 1918 4159 Agnoscebat
1966 4091 2234 4158 capularis

715 4197 871 4235 senex
921 4181 1112 4234 veteris
1157 4179 1381 4233 ﬂammae
1427 4179 1641 4247 vestigia
1702 4179 1753 4230 in
1805 4168 2145 4232 semimortua
2185 4184 2236 4229 et

674 4298 675 4301 η
714 4273 955 4324 fnncrata
998 4285 1177 4324 carne.
1217 4268 1459 4337 Episc0pi
1499 4277 1667 4322 autem
1716 4267 1999 4335 colaphum
2043 4267 2235 4334 impin-

2254 3078 2297 3134 C

2332 593 2505 645 lorum
2529 609 2677 648 more
2717 595 3095 659 revocandam,
3130 594 3267 647 sicut
3306 592 3357 644 in
3404 590 3554 644 novis
3583 589 3865 653 militibus,

2331 678 2610 734 Durandus
2656 681 2767 735 fieri
2803 682 3022 735 solitum
3062 688 3125 735 ut
3158 677 3522 748 percutiuntur
3560 674 3759 743 prodit,
3813 684 3871 728 et

2330 765 2383 816 in
2421 766 2588 819 servis
2624 767 2716 833 qui
2749 767 3217 820 manumittuntur.
3255 766 3389 816 Hinc
3418 781 3434 816 :
3459 762 3667 829 pulsata
3690 762 3870 827 fronte

2328 852 2537 925 recedit.
2585 852 2645 906 Et
2673 869 2699 903 εκ
2731 851 2798 905 1η
2840 856 3000 907 civem
3040 853 3256 906 rubuere
3292 867 3453 920 genta,
3504 850 3648 905 canit
3700 849 3871 904 (τηλυ-

2328 938 2518 992 dianus
2547 938 2620 992 De
2652 941 2931 995 consulatu
2967 950 3155 1009 quarto
3177 939 3431 1002 Honorii;
3453 953 3575 991 nam
3599 938 3866 991 videtnon-

2328 1031 2415 1076 tur
2452 1020 2680 1092 aSserti,
2741 1027 2829 1096 qui
2888 1025 3374 1090 conﬁrmabantur,
3425 1027 3477 1078 in
3535 1026 3899 1099 libertatem,
3958 1045 3975 1054 ε

2326 1110 2635 1167 Vicecomes
2654 1114 2844 1167 ibidem
2860 1116 3039 1168 laudat
3057 1124 3295 1168 sanctum
3315 1113 3561 1166 Basilium
3582 1111 3861 1164 Ere/torrat.

2324 1200 2395 1251 ad
2411 1199 2662 1266 Baptism.
2681 1221 2699 1252 ι
2719 1204 2846 1269 quin
2865 1204 3071 1270 alapam
3088 1192 3311 1269 queque
3331 1202 3539 1268 plagam
3563 1209 3854 1252 extremam
3868 1222 3884 1254 ι

2326 1302 2605 1357 servorum
2626 1303 2721 1354 pro
2740 1289 3053 1343 liberatione
3071 1289 3250 1342 omnis
3270 1288 3322 1339 in
3340 1287 3577 1339 futurmn
3603 1287 3839 1341 infamia
3864 1328 3882 1353 ,

2324 1387 2385 1426 ac
2418 1374 2594 1441 probri
2616 1374 2841 1428 libenter
2861 1375 3135 1430 sustines?
3165 1394 3183 1427 ι
3224 1382 3367 1429 certe
3392 1374 3638 1428 Christus
3674 1371 3828 1425 Domi
3844 1404 3887 1426 .-

2325 1474 2426 1513 nus
2458 1447 2624 1528 alapis
2645 1476 2811 1516 caesus
2844 1462 2944 1515 fuit
2978 1479 2993 1527 ;
3021 1470 3075 1516 et
3107 1470 3323 1515 sanctus
3350 1460 3546 1531 Paulus
3598 1460 3788 1512 scribit
3840 1460 3902 1515 ιι,

2325 1544 2445 1601 Cor.
2480 1549 2511 1601 α
2547 1563 2605 1609 ιι,
2644 1564 2697 1601 v.
2723 1548 2791 1600 20
2822 1567 2836 1602 :
2869 1548 3165 1609 Sustinetis,
3210 1548 3257 1601 si
3284 1552 3399 1613 quis
3432 1548 3485 1599 in
3516 1546 3713 1613 faciem
3765 1566 3791 1601 ι·
3825 1567 3887 1604 os

2331 1632 2517 1696 cedit;
2547 1631 2613 1684 de
2648 1632 2816 1685 servis
2852 1632 3218 1696 manumissis,
3261 1633 3353 1699 qui
3390 1631 3629 1697 percussi
3663 1633 3783 1700 alap
3816 1637 3886 1704 is,

2322 1720 2509 1773 isidor.
2543 1719 2811 1787 Hispalerr.
2846 1721 2881 1773 l.
2913 1719 2982 1773 lX
3006 1712 3254 1789 Etymol.,
3287 1734 3337 1774 c.
3360 1719 3445 1773 De
3464 1721 3679 1774 civibus.
3717 1719 3775 1771 Bt
3802 1739 3887 1779 η-

2325 1808 2432 1861 tius
2467 1809 2522 1860 in
2556 1806 2730 1874 Tapic.
2773 1800 3017 1864 Valerius
3054 1806 3220 1862 Proh.
3248 1808 3324 1860 De
3360 1808 3514 1861 notis.
3563 1808 3751 1863 Donat.
3823 1812 3883 1865 in

2325 1894 2543 1962 Adelph.
2567 1903 2619 1948 et
2646 1893 3116 1963 Hermogenianus.
3146 1893 3493 1961 Rhapismata
3519 1891 3744 1947 Justinia
3783 1911 3885 1950 nus

2324 1981 2547 2048 appellat
2578 1981 2852 2049 colaphos,
2896 1981 3104 2052 quibus,
3148 1980 3301 2034 liberi
3330 1980 3486 2041 credi,
3519 1994 3642 2033 eum
3667 1993 3738 2032 ιιι
3768 1998 3886 2036 lan-

2322 2067 2647 2134 ciparentur,
2678 2075 3089 2130 consueverunt,
3114 2068 3151 2121 ι.
3174 2067 3268 2120 ult.
3297 2083 3325 2118 c
3345 2105 3369 2119 ..
3387 2068 3450 2118 de
3482 2067 3729 2133 emaneipt
3758 2071 3887 2122 itio-

2330 2152 2503 2217 iu'bus,
2555 2160 2605 2205 et
2648 2152 2851 2205 novella
2895 2151 2985 2205 82.
3029 2150 3267 2219 Opinor,
3312 2150 3462 2219 quod
3503 2150 3890 2218 abdicationis

2324 2254 2488 2308 genus
2499 2240 2761 2309 quoddam
2775 2254 2894 2294 esse
2908 2239 3202 2293 videbatur.
3226 2238 3493 2293 Cornutus
3518 2243 3575 2292 in
3587 2237 3709 2293 Pera
3736 2243 3887 2309 rium,

2322 2341 2523 2380 servos.
2545 2327 2726 2390 tradit,
2760 2327 2976 2396 quando
3006 2328 3527 2391 manumitterentur,
3564 2326 3697 2381 cadi
3763 2326 3890 2400 per...

2323 2416 2550 2483 cutique-
2566 2413 2750 2469 solitos
2766 2414 2942 2482 alapa,
2972 2422 3028 2469 et
3052 2413 3366 2482 circumagi,
3393 2422 3554 2482 atque
3570 2415 3691 2467 conl
3715 2408 3889 2472 irma’-

2324 2492 2517 2556 bantur
2561 2502 2632 2554 ita
2678 2501 2850 2555 liberi.
2899 2503 3232 2566 Rotomanus
3282 2500 3336 2553 in
3393 2498 3776 2567 ϐοιωτιεπιιιν,
3817 2506 3889 2561 ιο

2326 2589 2717 2658 uerbuigniﬁe.
2740 2587 3050 2654 Balduinus,
3089 2591 3144 2642 in
3188 2587 3489 2643 Iustiniano
3515 2597 3663 2657 putat
3718 2595 3890 2661 ῥαπί-

2326 2695 2505 2747 σματα
2528 2678 2635 2731 ista
2654 2670 2970 2731 fuisseictu's
3001 2668 3245 2733 vindicta
3288 2692 3384 2731 seu
3418 2676 3634 2745 virgula
3685 2689 3889 2748 prasto-

2325 2766 2447 2827 rite;
2464 2780 2584 2817 nam
2604 2763 2846 2832 ῥαπίζειν
2863 2764 3125 2833 significat
3140 2771 3193 2818 ct
3204 2764 3489 2833 ῥαϐδίζειν.
3503 2763 3631 2831 Cuja
3662 2782 3710 2821 c.
3723 2766 3821 2820 lib.
3837 2767 3886 2822 V

2330 2852 2597 2906 Observat.
2622 2851 2742 2904 Jar.
2770 2866 2820 2905 c.
2856 2851 2941 2904 l5.
2969 2851 3351 2916 Gothofredus,
3383 2852 3450 2905 ad
3477 2851 3531 2904 d.
3558 2849 3626 2902 Nc
3645 2855 3884 2918 iveilam,
3958 2920 3965 2926 η

2327 2957 2447 3010 qum
2477 2941 2770 2995 Autltentic.
2804 2938 2983 2994 collat.
3013 2940 3068 3001 6,
3092 2941 3172 2993 tit.
3202 2940 3255 3004 9,
3288 2938 3609 2992 inscribitur.
3630 2982 3642 3005 ,
3672 2939 3887 2994 Consti-

2329 3030 2479 3093 tutio,
2508 3045 2623 3097 qua:
2640 3028 2998 3097 dignitatibus,
3024 3038 3081 3081 et
3101 3028 3395 3095 episcopatu
3418 3026 3623 3078 liberat.
3654 3045 3686 3080 ι
3704 3032 3885 3097 patria

2327 3128 2575 3189 potestate
2602 3119 2655 3171 in
2686 3133 2739 3172 v.
2781 3118 2967 3186 alapis,
2998 3117 3089 3171 ubi
3115 3117 3539 3185 Glossographus
3569 3129 3885 3174 “omnem.

2327 3210 2504 3264 dinem
2552 3200 2706 3262 istam
2742 3194 3563 3275 alaparum‘in'desponsatione7
3592 3208 3882 3262 mulierum

2329 3296 2527 3350 servari
2541 3295 2797 3347 Bononia:
2825 3293 3067 3348 alilrmat.
3099 3292 3482 3356 Tertullianus,
3511 3291 3556 3344 D
3576 3290 3884 3362 espictacu-
3946 3314 3949 3315 ν

2328 3383 2414 3447 lis,
2445 3383 2719 3450 alaparum
2746 3390 2749 3393 '
2776 3380 3127 3436 contumelias
3164 3380 3317 3442 dixit,
3350 3379 3562 3447 quibus.
3595 3383 3882 3436 utebantur

2331 3473 2383 3527 in
2421 3472 2861 3534 manumissione,
2895 3470 3035 3525 unde
3053 3469 3383 3525 Claudianus
3410 3469 3606 3525 felices
3650 3471 3880 3540 injurias

2331 3564 2581 3630 appellat,
2624 3560 2847 3616 Vossius
2889 3562 2957 3615 in
2984 3560 3207 3631 colapho
3242 3559 3471 3629 Etymol.
3504 3560 3757 3615 lClossar.
3785 3560 3878 3615 lu-

2330 3644 2517 3718 scripsi
2550 3651 2709 3719 610
2742 3650 3101 3704 narrationem
3135 3650 3292 3704 istam
3337 3664 3494 3702 mona
3512 3650 3593 3703 ehi
3613 3650 3828 3705 Pachon
3854 3670 3875 3707 :

2329 3740 2586 3807 Διήγησις
2634 3736 2726 3789 τοῦ
2772 3736 2933 3805 ἁγίου
2972 3736 3163 3788 Νείλου
3215 3736 3341 3805 περὶ
3395 3737 3597 3805 Πάχων
3639 3738 3877 3808 πόλεμον

2289 3837 2291 3841 ’
2330 3827 2576 3896 πορνικὸν
2606 3827 2904 3895 πάσχοντος,
2927 3825 3015 3877 καὶ
3040 3824 3312 3883 νικῶντος.
3342 3822 3563 3893 Ἔτεροι
3594 3824 3651 3875 δὲ
3692 3824 3879 3890 λέγου-

2332 3933 2414 3967 σιν
2460 3911 2595 3967 εἶναι
2643 3913 2735 3967 τοῦ
2775 3913 3071 3982 Εὑαγρῑου,
3117 3911 3314 3981 ὁμοίως
3368 3910 3426 3963 δὲ
3473 3914 3509 3965 ὁ,
3545 3913 3660 3979 μετ’
3700 3912 3874 3981 αὐτὴν

2333 4000 2661 4066 Δογματικὺς
2692 3999 2871 4065 λόγος.
2910 3998 3161 4050 Narratio
3190 4000 3356 4050 sancti
3398 3996 3517 4050 Nili
3557 3999 3621 4051 de
3657 3998 3872 4053 Padum

2331 4090 2553 4154 patiente
2598 4086 2788 4139 bellum
2831 4086 3195 4149 meretricium,
3233 4094 3281 4137 ct
3314 4088 3560 4139 vincente.
3608 4088 3717 4140 Alii
3748 4104 3871 4141 vero

2331 4177 2507 4229 dicunt
2538 4173 2749 4242 Evagrii
2791 4189 2918 4235 esse,
2966 4183 3024 4225 ut
3067 4174 3262 4241 pariter
3289 4183 3335 4227 et
3372 4175 3458 4237 qui
3486 4185 3602 4242 post
3648 4192 3760 4228 eam
3790 4194 3873 4233 se»

2332 4267 2508 4335 quitur
2562 4280 2729 4316 sermo
2758 4262 3095 4330 Dogmaticus
3125 4279 3142 4315 :
3174 4271 3284 4316 erat
3314 4262 3368 4314 in
3400 4277 3499 4317 nis.
3522 4263 3715 4316 Codice
3742 4265 3871 4317 titu-

714 4365 847 4424 gunt
874 4354 1200 4408 confirmatis
1244 4364 1353 4407 tum
1390 4356 1744 4421 suprascripta
1777 4353 1843 4407 de
1887 4369 2070 4416 (sarisa,
2122 4365 2230 4406 tum
2266 4371 2307 4424 υ
2334 4354 2415 4407 lus
2437 4352 2529 4404 τοῦ
2558 4352 2713 4417 ἁγίου
2744 4352 2968 4420 Evagrio
2998 4350 3319 4418 adscriptus,
3345 4364 3501 4419 quem
3544 4350 3732 4415 delevi,
3771 4366 3875 4405 no-

715 4447 873 4496 rtiam
905 4453 963 4495 ut
991 4451 1317 4507 assuescant,
1350 4442 1439 4509 qui
1465 4452 1851 4509 sacramentum
1892 4443 2030 4495 istud
2063 4444 2231 4495 susci-

633 4558 638 4562 -
716 4528 886 4602 piunt,
918 4533 1101 4599 alapis,
1128 4541 1181 4586 et
1219 4532 1514 4596 tormentis,
1545 4543 1665 4597 quae
1689 4527 1893 4599 tyranni
1947 4545 2235 4583 consueve-

722 4628 841 4672 rant
864 4618 1130 4673 Christum
1174 4622 1545 4675 confitentibus
1584 4614 1795 4683 inferre,
1843 4636 1972 4673 neve
2010 4621 2237 4688 ignomi-

719 4713 826 4768 nia,
862 4725 962 4776 qua
990 4709 1306 4761 notabantur
1332 4711 1397 4761 ab
1438 4711 1692 4771 Ethnicis,
1738 4711 2127 4773 erubescerent,
2160 4710 2235 4762 uti

720 4798 884 4849 ιϊΙύιι
933 4797 1216 4865 episcopus
1260 4796 1526 4849 Mimatcn.
1576 4798 1886 4849 thillrlmlls
1934 4799 2234 4860 Durnmltls,

723 4887 814 4937 ub.
867 4899 916 4935 vt
966 4885 1254 4938 Rationalis
1298 4882 1516 4937 divindr.
1549 4886 1756 4951 o/ﬁcior.
1788 4886 1825 4950 Ῑ.
1876 4884 1997 4947 211ιῖ,
2051 4886 2153 4938 col.
2200 4901 2235 4936 ι.

721 4968 880 5025 Cani.
910 4972 1148 5027 Bellarm.
1182 4984 1309 5027 tom.
1343 4991 1379 5027 ιι
1408 4985 1608 5027 contra.
1650 4976 1684 5025 l.
1725 4990 1780 5035 ιι,
1810 4990 1855 5025 ι’.
1886 4973 1936 5035 5,
1984 4974 2055 5023 ait
2080 4988 2239 5040 quar-

724 5076 829 5114 tam
848 5064 1210 5114 caeremoniam
1236 5064 1285 5114 in
1308 5064 1723 5116 continuationis
1744 5054 2075 5115 Sucramcnto
2101 5076 2239 5121 esse,

724 5161 782 5199 nt
813 5152 1177 5202 continuatum
1207 5153 1484 5219 episc0pus
1521 5167 1676 5203 manu
1703 5152 1885 5203 leviter
1920 5151 2106 5211 credat,
2136 5165 2241 5217 quo

730 5220 983 5305 intelligat
1034 5253 1090 5291 se
1153 5248 1334 5290 contra
1382 5228 1831 5306 ignominiatn'et
1871 5240 2086 5291 verbera
2149 5254 2243 5305 pro

725 5328 937 5377 Christo
988 5326 1199 5378 ferenda
1235 5326 1495 5392 pra-cipue
1523 5338 1782 5379 armatum
1831 5328 2099 5394 patientia.
2133 5329 2239 5378 All-

726 5418 802 5466 oit
841 5414 1134 5475 Dnrnndus,
1168 5415 1432 5469 memoriae
1461 5414 1508 5465 id
1556 5429 1709 5466 eausa
1742 5416 1871 5478 lleri,
1909 5424 1965 5466 ut
1999 5417 2244 5483 obsigna-

729 5511 814 5550 tns
843 5500 1164 5563 retur-detur,
1213 5516 1339 5552 neve
1366 5500 1558 5552 oblivio
1602 5500 1936 5567 subrepet-ct;
1970 5503 2110 5568 quod
2162 5501 2245 5553 Vi-
2284 5487 2289 5491 ’

731 5604 986 5655 etcomes,
1016 5593 1101 5643 lib.
1131 5606 1186 5651 ll,
1220 5607 1264 5644 r.
1296 5590 1352 5645 1'2
1390 5591 1458 5642 De
1496 5592 1662 5660 :itttirj.
1696 5585 2111 5659 Con/irritationir
2148 5592 2243 5644 lli-

2336 4449 2522 4509 tasquc
2559 4439 3201 4494 consulendas'admonui
3236 4457 3249 4491 :
3280 4438 3462 4507 incipit
3507 4439 3719 4508 συνέση,
3755 4439 3871 4494 To-

2333 4546 2421 4581 mo
2462 4528 2501 4581 ll
2533 4530 2860 4582 Bibliotheca;
2894 4528 3109 4581 Patrum
3141 4527 3573 4593 Greece-Latine,
3607 4544 3662 4593 ρ.
3707 4529 3870 4582 1010.

2337 4621 2608 4672 Habentur
2647 4620 2757 4672 haec
2793 4621 2951 4671 etiam
2996 4619 3172 4672 omnia
3202 4620 3384 4672 Graece
3416 4634 3531 4685 cap.
3566 4618 3745 4671 itidem
3776 4612 3884 4685 86,

2338 4709 2427 4762 ubi
2463 4708 2671 4776 Evagrii
2731 4708 3064 4775 Origenistae,
3112 4709 3267 4760 istius
3306 4706 3527 4769 scilicet,
3559 4722 3741 4775 opera,
3772 4724 3879 4762 seu

2336 4799 2551 4850 Librum
2591 4806 2801 4849 exstare
2845 4796 3133 4861 adnotatur
3170 4796 3263 4848 lih.
3292 4811 3344 4858 v,
3380 4805 3436 4848 et.
3454 4795 3734 4849 laudantur
3776 4796 3878 4851 So-

2337 4899 2506 4942 crates
2535 4887 2625 4938 lih.
2658 4902 2707 4939 ιν
2732 4885 2869 4940 Hist.
2909 4903 2956 4940 c.
2992 4887 3073 4947 l8,
3112 4886 3393 4939 Sozomen.
3416 4886 3505 4938 lib.
3533 4901 3602 4951 vr,
3624 4901 3672 4940 c.
3697 4887 3790 4952 30,
3818 4899 3874 4942 et

2336 4978 2665 5044 Nicephorus
2688 4976 2890 5028 Callisti
2912 4977 3083 5035 Iib.xt.
3114 4990 3161 5027 c.
3180 4975 3266 5028 42.
3290 4974 3471 5043 incipit
3491 4977 3648 5030 etiam
3676 4978 3878 5046 Πάχων

2337 5084 2419 5127 τις
2446 5066 2662 5133 ὀνόματι
2694 5064 2818 5133 περὶ
2847 5064 2911 5115 τὰ
2940 5064 3294 5131 ὲὸδομήκοντα
3327 5065 3518 5132 ἐλάσας
3556 5067 3649 5133 ἔτη
3676 5064 3875 5117 ἐκαθέ-

2340 5154 2459 5216 ζετο
2490 5157 2546 5205 ἐν
2573 5155 2781 5222 Σκήτει,
2813 5162 2866 5208 et
2889 5153 3083 5204 desinit
3110 5153 3206 5204 οὐκ
3230 5153 3311 5205 ἔτι
3341 5156 3580 5222 ῆγγισεν.
3627 5151 3751 5207 Haec
3777 5169 3877 5206 au-

2345 5250 2445 5291 tem
2476 5241 2703 5293 llistoria
2733 5239 2988 5291 Lausiaca
3019 5254 3046 5290 a
3071 5239 3305 5293 Palladio
3346 5241 3528 5295 Galata
3573 5238 3876 5307 Helenopo-

2345 5329 2505 5381 litano
2539 5328 2746 5394 (civitas
2796 5341 2914 5379 esse
2952 5326 3209 5397 Bithyniae
3252 5328 3465 5393 dicitur)
3503 5327 3755 5395 episcopo
3806 5330 3875 5383 ad

2345 5418 2573 5471 Lausum
2600 5417 2939 5487 praepositum
2973 5419 3167 5487 scripta
3206 5429 3306 5480 est,
3334 5418 3421 5485 qui
3455 5416 3722 5472 Palladius
3747 5434 3880 5473 con-

2345 5506 2620 5560 suetudine
2642 5505 2983 5574 snprascripti
3013 5504 3239 5573 Evagrii,
3266 5520 3420 5572 quem
3448 5504 3648 5557 adierat
3670 5506 3722 5558 in
3748 5521 3875 5559 ere-

2296 5606 2299 5607 '
2346 5611 2451 5657 mu,
2488 5593 2729 5665 Origenis
2768 5594 2994 5649 infectus
3031 5593 3321 5659 erroribus,
3368 5592 3544 5646 Nitriae
3583 5595 3879 5663 triennium
