4122 6338
210 362 231 424 l
256 360 359 425 λεα-

1382 357 1476 418 DE
1516 357 1898 418 OPERIBUS
1936 359 1976 417 S
2036 358 2210 419 NlLlL

3239 354 3375 419 1338

207 469 343 536 egit,
385 463 508 518 inde
554 462 889 517 Palaestinam
947 460 1227 534 prolectus-
1261 460 1480 515 Paulam
1531 464 1753 518 illismet
1783 473 1821 524 Α
1854 459 2068 526 tiarum,
2121 472 2334 516 centum
2372 462 2424 516 in
2470 463 2696 532 capitula
2739 461 3000 531 digestum
3042 461 3378 515 anaclioretis

214 543 560 621 conrumpere
593 552 788 607 frustra
824 559 1069 613 conatus,
1095 549 1380 604 obnitente
1407 560 1592 604 sancto
1622 550 1748 603 Hie-

215 658 469 712 ronymo,
521 641 818 710 Bithyniam
853 641 1002 703 adiit,
1026 653 1202 707 seque
1233 639 1520 692 insinuavit
1561 645 1750 692 sancto

215 732 414 785 ,ιπηιιί
449 731 850 803 Chrysostomo,
884 744 912 781 a
947 743 1054 795 quo
1098 743 1234 781 anno
1271 727 1468 781 Christi
1501 728 1626 790 409,
1655 729 1752 782 de-

220 821 452 895 sinatus
493 815 557 869 ad
587 816 846 884 synodum
891 814 1523 882 Constantinopolitanatn
1550 814 1620 868 22
1640 814 1753 883 epi-

225 920 532 974 scoporum,
557 914 611 956 et
641 901 758 955 inde
789 903 1008 954 Romam
1041 903 1103 953 ad
1132 901 1490 954 Innocentium
1515 903 1750 970 primum

227 1011 442 1064 papam,
471 1008 578 1061 quo
610 991 815 1044 videtur
844 1004 937 1057 pro
954 988 1165 1055 Pelagio
1194 990 1413 1043 rediisse
1445 1005 1585 1043 anno
1610 992 1746 1056 H7;

227 1086 283 1135 in
312 1083 548 1135 Siciliam
581 1079 778 1132 dicitur
816 1085 967 1130 antea
1013 1078 1221 1129 venisse
1253 1091 1372 1130 cum
1405 1076 1628 1130 Melania
1661 1092 1747 1131 se-

227 1174 401 1234 niore,
432 1181 590 1234 atque
622 1167 763 1218 illius
800 1163 1103 1226 comitibus,
1131 1177 1270 1215 anno
1295 1162 1414 1225 408,
1454 1177 1572 1229 qua:
1610 1176 1751 1214 anno

226 1261 335 1313 572
385 1259 670 1326 Egyptum
741 1255 948 1307 adierat
1001 1268 1120 1305 cum
1186 1250 1391 1304 Rnﬂino
1436 1249 1749 1303 Monachum

228 1349 476 1417 professo
510 1344 926 1411 :IiierOsolymis
943 1342 1131 1396 deinde
1159 1356 1278 1394 cum
1317 1340 1502 1394 eodem
1536 1355 1566 1392 a
1597 1340 1753 1406 Didy-

227 1454 319 1492 mo
343 1452 482 1492 caeco
506 1449 715 1489 errores
737 1434 985 1485 hauserat
1016 1428 1605 1502 Origenis,’quospanno
1653 1426 1756 1480 597

201 1527 455 1578 'Romam
513 1522 754 1583 tendens,
808 1533 1054 1588 spargere
1104 1517 1351 1580 tentavit;
1395 1517 1534 1568 unde
1579 1514 1756 1568 Palla-

226 1616 381 1666 dium
403 1620 555 1665 vocat
582 1609 922 1662 mulierosum
958 1606 1193 1659 Isidorus
1219 1604 1482 1658 Pelusiota
1504 1602 1757 1669 epist.281

232 1704 328 1755 lb.
365 1700 545 1754 n.lste
572 1705 746 1751 autem
779 1695 1044 1748 Palladius
1075 1694 1266 1764 passim
1298 1694 1446 1746 audit
1477 1691 1614 1760 apud
1655 1691 1752 1745 SS.

1853 553 2200 620 inscriptum;
2246 561 2373 615 erat
2399 553 2542 606 enim
2565 560 2616 607 et
2655 553 2766 620 ipse
2796 551 3034 604 Bullinus
3070 551 3286 618 perinde
3311 565 3375 603 ac

1852 638 2106 708 Evagrius
2146 643 2441 696 monachus
2467 642 2565 711 (uti
2594 642 2835 710 superius
2859 639 3051 704 innui),
3088 639 3211 689 item
3246 652 3376 702 pau-

1852 743 1949 782 cas
1972 728 2277 782 Sententias
2309 730 2460 784 valde
2497 732 2754 784 obscuras
2782 729 3162 782 monachorum
3200 724 3396 778 cordio'

1854 819 1956 872 bus
1979 819 2106 873 solis
2151 821 2551 893 cognoscibiles,
2602 835 2736 888 quas
2781 819 2999 871 forsitan
3041 816 3377 869 Commenta-

1854 907 1992 961 rium
2017 907 2324 962 Gnosticum
2345 919 2498 961 vocat
2535 906 2800 969 Socrates,
2825 907 3024 959 Histor.
3044 902 3238 954 Eccles.
3268 902 3302 952 l.
3326 913 3375 951 Iv

1856 1012 1906 1050 c.
1932 998 2014 1059 18,
2045 997 2330 1061 Pallad-ius,
2354 997 2723 1062 Climacusque
2746 1001 3069 1056 memorant;
3100 992 3143 1044 is
3173 989 3234 1041 ad
3263 1002 3376 1039 mo-

1853 1087 2056 1140 nachos
2089 1094 2204 1138 erat
2226 1085 2479 1148 directus,
2509 1085 2692 1136 dubito
2716 1099 2782 1136 ne
2810 1085 2915 1136 sint
2939 1080 3219 1148 Κεφάλαια
3247 1093 3376 1143 γνω-

1858 1175 2018 1227 στικὰ
2065 1173 2331 1241 Εὐαγρίου
2403 1171 2665 1241 μοναχοῦ,
2714 1187 2832 1239 qua:
2884 1176 3230 1223 numerantur
3273 1165 3330 1216 Gl
3358 1202 3374 1226 ,

1853 1278 2076 1334 qumque
2111 1258 2240 1314 verti
2276 1263 2505 1316 eGraeco
2537 1263 2693 1314 etiam
2741 1264 2850 1327 ipse
2905 1260 2957 1311 in
3003 1257 3268 1318 Latinum,
3297 1255 3379 1306 in-

1855 1357 2182 1424 cipiuntque,
2227 1355 2254 1403 ὁ
2296 1354 2522 1419 Χριστὸς
2548 1390 2562 1413 ,
2696 1351 2792 1419 μέν
2829 1351 2942 1400 ὲστι
2967 1347 3217 1416 Χριστὸς,
3271 1344 3378 1410 ἔχει

1855 1445 1949 1516 τὴν
1979 1442 2308 1511 γνῶσινλτὴν
2355 1442 2602 1508 οὐσιώδη,
2642 1449 2743 1497 etc.
2791 1438 3057 1500 Christus,
3098 1450 3195 1503 quo
3233 1444 3381 1501 pacto

1857 1535 2061 1603 quidem
2085 1533 2318 1587 Christus
2343 1540 2438 1593 est,
2476 1530 2624 1582 habet
2665 1529 3002 1595 cognitionem
3043 1522 3376 1576 essentialem.

1860 1624 2085 1689 Evagrio
2106 1632 2249 1677 certe
2282 1621 2584 1672 tribuuntur
2616 1619 2667 1670 itt
2698 1618 2892 1670 Codice
2921 1614 3225 1672 Barbarino,
3253 1619 3306 1664 et
3325 1609 3378 1661 in

1861 1710 2116 1764 Vaticano
2143 1709 2242 1763 653
2283 1710 2549 1762 desinunt.
2568 1707 2609 1757 Τ
2613 1708 2647 1758 ὰ
2666 1706 2720 1757 δὲ
2738 1704 2861 1772 τρία
2903 1701 3133 1770 καθαρὰ,
3174 1699 3383 1752 ἀνείδεα

233 1783 618 1859 Hieronymum
646 1828 661 1850 ,
709 1795 762 1840 et
801 1785 1172 1853 Epiphanium,
1211 1783 1539 1852 Origenista,
1591 1789 1645 1834 et
1692 1781 1758 1834 ad

1858 1801 1913 1852 δὲ
1943 1802 2108 1851 εἴκοσι
2135 1800 2294 1852 ὀκτώ.
2333 1799 2388 1851 ld
2432 1807 2532 1858 est,
2567 1795 2686 1848 Tres
2728 1811 2843 1847 vero
2874 1793 3069 1845 notitia:
3096 1804 3268 1856 parte;
3302 1790 3384 1837 in-

232 1897 395 1947 qnem
438 1885 647 1933 exstant
687 1876 853 1929 sancti
898 1871 1000 1925 Nili
1044 1873 1278 1940 epistola:
1314 1872 1431 1926 duae
1478 1871 1542 1924 ad
1579 1869 1761 1924 Mona-

235 1972 421 2030 chum,
456 1981 644 2034 nempe
676 1965 794 2025 153,
825 1955 915 2016 lib.
952 1979 1011 2024 ιι,
1045 1962 1201 2014 Allat.
1231 1962 1284 2014 in
1314 1975 1417 2028 qua
1464 1975 1586 2013 eum
1617 1974 1764 2013 com-

237 2069 386 2126 parat
421 2054 662 2108 Jonatltas
688 2052 985 2120 degustanti
1014 2051 1117 2104 mel
1143 2050 1435 2118 spirituale,
1467 2059 1519 2102 et
1550 2049 1765 2110 τελείως

236 2146 660 2214 κεκαθαρμενον,
678 2145 728 2201 id
753 2137 1091 2210 est,perl’ecte
1119 2149 1398 2209 purgatum
1428 2141 1521 2192 ait.
1547 2137 1611 2203 ,1η
1639 2138 1764 2202 alia,

209 2238 443 2290 ~srilicet
485 2235 604 2296 154,
635 2234 860 2284 allirmat
904 2245 1024 2284 eum
1065 2228 1345 2298 ἀναζητεῖν
1369 2282 1380 2286 _
1400 2227 1603 2296 ὑψηλὰς
1633 2226 1768 2279 θεω-

242 2329 386 2395 ρίας,
419 2327 686 2393 requirere
722 2324 856 2376 altas
886 2322 1378 2386 contemplationes,
1409 2319 1544 2373 l'orte
1569 2334 1690 2371 eum
1713 2319 1766 2372 in

208 2407 211 2409 ’
243 2425 425 2468 metue
451 2415 654 2474 Nitrize,
692 2422 869 2479 atque
894 2410 1174 2474 solitudine
1223 2418 1518 2462 moraretur
1543 2426 1555 2460 :
1580 2408 1772 2476 legitur

239 2516 292 2558 ct
331 2507 422 2558 lib.
449 2521 524 2558 nt.
546 2505 694 2571 epist.
722 2502 847 2564 259,
876 2502 939 2554 ad
963 2500 1255 2552 Palladium
1280 2491 1671 2568 Presbyterum,
1701 2513 1766 2550 an

239 2594 538 2648 eumdem?
577 2593 642 2645 de
692 2592 821 2652 Deo,
857 2592 946 2658 qui
1001 2597 1253 2644 exoratus
1276 2589 1531 2657 dispertiit
1579 2583 1770 2653 impias

241 2683 597 2750 cogitationes
615 2719 630 2745 ,
659 2680 927 2732 Palladius
952 2678 1209 2746 (induam)
1239 2679 1290 2730 in
1317 2692 1378 2730 ea
1405 2676 1657 2730 Lausiaca
1682 2676 1774 2726 mi-

241 2772 410 2824 riﬁcis
434 2769 580 2822 eﬂ'ert
613 2768 853 2821 laudibus
870 2766 1148 2833 Evagrium
1185 2764 1462 2819 Ponticum
1488 2779 1520 2817 e
1550 2764 1772 2818 .civitate

243 2861 540 2921 lberorum,
574 2857 881 2925 quze'circa
930 2855 1193 2908 Euxinum
1250 2854 1350 2907 sita
1400 2863 1479 2907 est
1517 2854 1567 2906 in
1604 2854 1772 2906 Ponto

200 2988 214 2995 .
241 2949 494 3009 Amasite,
528 2946 607 2998 vel
628 2943 997 3010 Ilelenoponti,
1024 2957 1126 2995 non
1157 2942 1210 2994 in
1248 2941 1641 3002 Polemoniaco,
1675 2957 1770 2993 na-

239 3045 359 3087 tum
390 3052 403 3087 :
437 3035 558 3086 hinc
606 3043 819 3086 sanctus
855 3032 1206 3098 Hieronymus
1237 3029 1638 3099 Hyperboritam
1683 3045 1771 3094 ap-

245 3121 442 3188 pellat,
507 3118 805 3186 Presbyteri
863 3117 1058 3179 tllinm,
1108 3116 1356 3167 lectorem
1413 3115 1710 3166 ordinatum
1743 3130 1772 3166 a

241 3221 436 3263 salicto
458 3208 649 3261 Basilio
677 3207 920 3274 episcopo
959 3205 1213 3257 Caesareae
1257 3204 1322 3256 ad
1359 3205 1621 3271 Argaeum,
1663 3215 1772 3256 tum

239 3297 528 3348 diaconum
573 3294 872 3360 promotum
923 3308 950 3343 a
1002 3300 1185 3345 sancto
1224 3277 1480 3360 Gregorio
1525 3291 1774 3344 Nazianz.

240 3387 336 3452 qui
384 3386 448 3437 ad
502 3384 787 3438 concilium
828 3382 1474 3449 Constantinopolitatutm
1519 3383 1775 3436 accedens

240 3489 389 3525 anno
425 3474 514 3526 58l
558 3473 792 3526 habitum
851 3486 879 3523 a
928 3471 1028 3523 150
1059 3470 1344 3538 episcopis,
1377 3470 1429 3521 in
1459 3485 1628 3537 eoque
1657 3484 1776 3522 con-

243 3564 488 3614 ﬁrmatus
539 3561 945 3624 ConstantinOp.
998 3559 1296 3625 episcopus,
1357 3553 1588 3608 Maximo
1619 3556 1777 3624 Cyni-

243 3665 312 3700 co
340 3650 601 3714 deposito,
647 3657 696 3698 ct
729 3644 956 3711 Spiritus
1014 3645 1181 3713 sancti
1230 3645 1439 3696 decreta
1481 3642 1775 3706 divinitate,

237 3738 392 3802 juxta
435 3737 679 3788 volumen
710 3734 923 3786 Patrum
981 3732 1407 3795 occidentalium,
1459 3731 1523 3783 de
1570 3745 1675 3797 quo
1725 3731 1777 3781 in

242 3830 465 3879 (latione
481 3828 669 3894 quinto
686 3827 840 3895 611
863 3825 1057 3891 agitur,
1079 3823 1285 3889 reliquit
1305 3821 1607 3888 Evagrium,
1631 3833 1778 3870 com-

245 3917 618 3981 tnettdavitque
633 3930 743 3966 suci
763 3914 932 3964 essuri
955 3926 1051 3962 suo
1069 3909 1332 3961 Nectario.
1349 3907 1443 3959 Hic
1455 3915 1629 3958 autem
1645 3903 1781 3959 Eva-

243 3997 395 4070 grins
444 4000 739 4063 discipulus
794 3996 960 4048 sancti
1000 3993 1155 4062 Greg.
1195 3993 1450 4047 Nazianz.
1495 3998 1781 4056 censetur,

244 4093 429 4157 lapsus
471 4099 644 4140 tamen
695 4087 747 4138 in
786 4083 1030 4152 Origenis
1064 4090 1260 4136 sectam
1322 4082 1386 4134 ab
1416 4095 1501 4132 an.
1541 4079 1662 4142 579,
1692 4078 1782 4130 Di-

245 4181 406 4246 dynto
464 4178 714 4238 docente;
751 4175 840 4227 sed
890 4189 1008 4228 cum
1055 4170 1516 4238 Constantinopoli
1571 4167 1781 4221 diaconi

250 4266 558 4332 fungeretur
586 4278 826 4326 munere,
860 4263 929 4314 ibi
964 4271 1286 4328 pertentatus
1319 4259 1385 4311 ab
1416 4271 1581 4310 uxore
1607 4257 1781 4324 cujus-

1862 1891 2048 1955 fermes
2078 1905 2212 1949 vero,
2243 1888 2330 1940 s’eu
2375 1885 2652 1939 invisibiles
2701 1883 2876 1952 viginti
2921 1891 3054 1933 octo.
3098 1874 3385 1931 Sententia:
3475 1935 3479 1938 ι

1869 1990 2046 2034 autem
2079 1977 2299 2030 forsitan
2332 1984 2484 2028 erant
2516 1974 2616 2026 illa:
2640 1981 2872 2033 centum,
2911 1979 3044 2038 quas
3067 1984 3186 2021 mox
3214 1964 3386 2032 subji-

1864 2071 1947 2122 cio
1973 2081 2193 2120 numero
2223 2066 2307 2128 15,
2333 2064 2396 2117 14
2441 2072 2492 2115 et
2522 2063 2608 2120 15,
2643 2059 3035 2126 praeferuntque
3073 2057 3280 2108 titulum
3297 2069 3388 2104 xe-

1863 2157 2100 2225 φαλαίων
2125 2155 2206 2222 λγ⁹
2246 2154 2386 2206 κατὰ
2415 2149 2730 2205 ἀκολουθίαν
2757 2166 2771 2201 :
2799 2149 2852 2200 id
2891 2158 2992 2208 est.
3029 2148 3255 2212 capitum
3295 2142 3386 2206 55,

1864 2263 1955 2315 per
1967 2246 2160 2316 gradus
2175 2243 2421 2312 quosdam
2440 2236 2977 2311 instarconsequentite
2998 2234 3387 2300 dispositorum,

1866 2344 1978 2386 tum
2008 2331 2294 2385 νουθεσιῶν
2312 2327 2686 2397 πνευματικῶν
2715 2325 2830 2378 κατ’
2857 2323 3156 2390 ἀλφάὸητον
3184 2321 3386 2388 ἕτερον,

1868 2419 2233 2488 Spiritualium
2267 2415 2672 2468 admanitionum
2724 2410 3002 2464 secundum
3046 2405 3387 2474 alphabetum,

1867 2510 2124 2571 alterum;
2169 2501 2649 2572 com—putanturque
2693 2502 2794 2552 illae
2816 2499 2905 2551 25.
2949 2499 3170 2550 Dcmum
3200 2493 3389 2547 subse-
3423 2492 3429 2500 '

1869 2607 2099 2668 quuntur
2125 2597 2242 2650 alite
2276 2610 2466 2661 nempe
2509 2589 2814 2651 Sententia},
2859 2583 3390 2645 autAdmonitiones,

1868 2684 2275 2755 ἕτεραιγνῶμαι
2294 2683 2327 2749 ἢ
2344 2681 2626 2738 νουθεσίαι,
2660 2685 3109 2739 numerantur-que
3136 2671 3221 2723 26.
3250 2670 3398 2722 Prin-

1871 2777 2064 2843 cipium
2083 2771 2444 2839 Capitulorum
2467 2778 2576 2820 est:
2595 2764 2803 2832 ίκτερός
2835 2765 2978 2814 ἐστιν
2995 2760 3107 2823 ἕξις
3119 2759 3359 2829 χειρίστη
3375 2799 3392 2822 ,

1871 2866 1925 2918 id
1955 2871 2057 2926 est,
2094 2858 2304 2912 Morbus
2343 2863 2589 2924 arquatus
2629 2861 2704 2905 est
2746 2850 2950 2920 habitus
2979 2849 3226 2913 pessimus
3253 2864 3268 2900 :
3297 2845 3398 2897 ini—

1873 2955 2003 3006 tium
2036 2950 2256 3002 alterius
2285 2943 2562 3012 Alpliabeti
2595 2940 3014 2994 admonitionum
3042 2936 3394 3004 spiritualium

1874 3042 1951 3094 sic
1978 3049 2056 3090 est
2074 3043 2404 3102 conceptum,
2433 3032 2625 3084 ἄτοπόν
2643 3033 2773 3089 ἐστι,
2805 3028 2857 3080 id
2881 3035 2960 3080 est
2986 3026 3265 3078 absurdum
3288 3033 3398 3076 est:

1873 3128 2100 3194 denique
2139 3110 2399 3190 incipiunt
2445 3120 2560 3172 alia
2584 3117 2876 3181 ,sententite
2920 3114 3057 3182 ἀρχὴ
3089 3113 3321 3180 ἀγάπης,
3349 3111 3399 3163 id

1875 3228 1979 3278 est,
2033 3211 2345 3282 principium
2389 3207 2683 3269 charitatis,
2718 3205 3091 3270 continentqne
3136 3195 3404 3253 Abeceda-

1877 3306 2014 3356 rium
2045 3302 2289 3368 amplius,
2325 3309 2376 3350 et
2407 3297 2662 3349 collectus
2707 3307 2960 3368 numerus
2992 3285 3221 3357 capitum
3257 3288 3324 3340 55
3353 3297 3405 3340 et

1875 3395 1943 3447 25
1971 3404 2018 3445 et
2047 3392 2116 3443 9.6
2135 3365 2375 3454 exsurgit
2402 3385 2467 3438 ad
2491 3385 2557 3436 84
2580 3401 2593 3446 ;
2621 3383 2813 3450 quibus
2842 3383 2885 3434 si
2904 3365 3159 3446 adjeceris
3184 3378 3251 3430 25
3281 3393 3403 3430 νου-

1849 3484 2078 3544 ”θεσίας,
2130 3483 2240 3535 sive
2278 3478 2496 3547 γνώμας
2549 3476 2872 3544 δογματικὰς
2924 3474 3039 3526 κατ’
3078 3471 3402 3540 ἀλφάϐητον,

1875 3587 1994 3640 (ιιιτε
2023 3571 2089 3622 ab
2130 3567 2422 3622 llolstcinio
2457 3566 2792 3619 vindicantur
2841 3575 3024 3613 omnes
3067 3559 3310 3625 Evagrio,
3355 3564 3438 3636 et

1879 3662 2196 3714 inchoantur
2230 3655 2425 3725 ζ’Ᾱρχὴ
2453 3655 2658 3721 σοφίας,
2687 3653 2768 3707 vel
2817 3649 3105 3718 σωτηρίας,
3140 3647 3409 3702 adnotavit

1880 3751 2021 3805 enim
2059 3750 2136 3801 vir
2185 3750 2373 3799 doctus
2433 3746 2560 3798 istas
2603 3743 2820 3808 γνώμας
2864 3739 3175 3797 sententias.
3229 3744 3319 3788 aut
3362 3735 3407 3788 si

1881 3838 2034 3889 malis
2069 3831 2362 3893 νουθεσίας,
2412 3831 2505 3879 καὶ
2550 3826 2811 3893 κεφάλαια
2838 3861 2853 3885 ,
2900 3824 2950 3876 id
2977 3833 3058 3876 est
3095 3822 3410 3873 Admonitio-

1880 3941 1964 3978 ncs
2007 3936 2052 3976 et
2103 3920 2346 3987 Capitula
2390 3917 2599 3986 Evagrii
2651 3915 2818 3982 Opera
2862 3928 3001 3975 esse,
3033 3926 3124 3964 seu
3166 3909 3411 3980 παραινέ-

1883 4031 2012 4076 σεις,
2054 4013 2104 4066 id
2135 4021 2213 4065 est
2242 4010 2400 4079 612
2418 4006 2834 4066 Adhortationes,
2859 4017 2921 4053 ex
2947 4000 3289 4068 inscriptione
3316 4015 3410 4050 an-

1884 4096 2170 4165 tiquissimi
2200 4096 2400 4148 codicis
2429 4093 2540 4144 BB.
2577 4090 2676 4145 BB.
2726 4089 2789 4142 Et
2812 4089 2936 4157 quia
2991 4087 3227 4154 ejusdem
3279 4085 3415 4136 Eva-

1885 4187 1982 4256 grii
2023 4185 2242 4239 nomine
2269 4184 2462 4252 passim
2515 4171 2748 4235 ciiantur
2783 4179 2835 4231 in
2865 4177 3070 4229 Melissa
3097 4173 3262 4227 sancti
3302 4172 3414 4224 Ma-

1883 4275 2036 4334 ximi,
2067 4282 2116 4325 et
2154 4271 2392 4333 Antonii,
2439 4271 2540 4322 etsi
2572 4267 2690 4318 Nilo
2735 4260 3095 4317 inscribantur
3127 4260 3176 4311 iit
3220 4259 3416 4310 Biblio-

250 4358 374 4409 datn
411 4370 439 4407 e
478 4355 758 4421 praefectis,
796 4362 848 4406 et
877 4355 991 4405 visu
1029 4353 1244 4404 territus
1270 4350 1482 4423 cogitur
1531 4351 1779 4401 excedere

1858 4388 1860 4407 ι
1889 4365 2041 4416 theca
2075 4360 2323 4412 Veterum
2352 4360 2566 4412 Patrum
2596 4354 2985 4410 Graeco-Latina
3019 4351 3239 4402 Parisiis
3275 4349 3416 4401 edita

252 4445 708 4511 divinoimpulsn.
744 4442 1018 4494 Melaniaut
1067 4443 1245 4507 itaque
1292 4440 1556 4492 seniorem
1605 4437 1786 4489 invisit

254 4533 634 4602 Hierosolymis
667 4541 983 4591 versantem,
1025 4539 1077 4582 et
1107 4529 1326 4602 adhmsit
1356 4528 1435 4592 ei;
1471 4542 1698 4592 cumque
1731 4525 1784 4577 in

256 4630 502 4681 morbum
546 4627 838 4689 incidisset,
881 4625 1100 4677 Melania
1132 4623 1300 4675 induit
1341 4636 1460 4674 eum
1497 4620 1674 4672 habitu
1709 4619 1789 4688 (ut

253 4721 523 4774 Palladius
562 4719 770 4777 asserit)
805 4705 1120 4777 monastico,
1144 4725 1195 4766 et
1227 4714 1427 4765 dimisit
1451 4714 1513 4765 ad
1555 4721 1784 4765 montem

258 4807 462 4869 Nitriae,
518 4809 606 4859 ubi
670 4823 761 4875 per
806 4807 1076 4860 biennium
1121 4815 1478 4874 contuieratus
1524 4813 1636 4865 est;
1677 4813 1784 4854 tum
1821 4822 1830 4831 κ

260 4897 391 4949 abiit
423 4898 471 4975 in
506 4897 867 4957 solitudinem,
906 4896 1081 4962 ibique
1110 4908 1277 4946 annos
1299 4893 1698 4960 qtiatuurdecim
1734 4891 1784 4941 in

256 4987 443 5042 Celliis
472 4987 622 5043 Vixit,
670 4987 920 5037 insistens
949 4984 1165 5052 jejuniis
1195 4991 1247 5036 ct
1293 4983 1645 5041 orationibus,
1677 4982 1790 5032 lon-

231 5090 489 5142 gamque
516 5073 796 5139 complevit
839 5082 1080 5125 aetatem:
1113 5072 1409 5140 composuit
1441 5072 1694 5138 plurimos
1730 5069 1762 5118 li

263 5166 410 5217 bt'os.
446 5157 606 5221 Οὗτος
631 5160 828 5227 ἔγραψε
858 5162 1104 5230 διάφορα,
1137 5163 1229 5213 καὶ
1270 5162 1561 5228 ὑπόμνημα
1593 5160 1666 5218 si;
1693 5155 1792 5218 ’τὰς

264 5252 565 5320 Παροιμίας
598 5250 684 5301 τοῦ
723 5249 1070 5316 Σολομῶντος.
1103 5251 1201 5301 Iste
1230 5251 1436 5317 scripsit
1479 5249 1705 5304 diversa.
1746 5259 1796 5300 et

268 5338 722 5394 Commentarium
787 5337 834 5386 in
888 5336 1167 5386 Proverbia
1229 5336 1528 5387 Salomonis
1585 5334 1796 5400 (inquit

272 5413 484 5494 Sitidas)
514 5426 576 5478 ad
609 5424 839 5492 virgines
888 5425 994 5491 Deo
1025 5413 1282 5482 sacratas,
1319 5425 1549 5476 libellum
1580 5437 1796 5490 compe-

271 5525 465 5573 tenlcm
495 5514 644 5568 sexui
668 5522 717 5565 et
741 5513 999 5577 religioni,
1024 5528 1048 5560 a
1076 5511 1280 5562 llullino
1304 5513 1607 5579 presbytero
1637 5513 1799 5578 Aqui-

277 5609 461 5670 leiensi
495 5621 701 5660 \ClStlltl
741 5607 791 5658 in
825 5604 1091 5669 Latinum,
1113 5605 1245 5657 sicut
1274 5614 1320 5656 et
1351 5605 1540 5655 lllJl'lltll
1575 5603 1800 5657 Senten-

1887 4465 2026 4505 anno
2063 4447 2222 4508 1624,
2249 4461 2436 4514 nempe
2462 4444 2645 4513 viginti
2670 4453 2774 4496 tres
2805 4451 3082 4510 postremae
3113 4438 3272 4492 simul
3298 4453 3415 4490 cum

1839 4569 1844 4574 -
1889 4539 2007 4591 aliis
2041 4537 2168 4596 206,
2204 4551 2337 4602 quas
2385 4535 2498 4601 ipse
2539 4532 2715 4594 omisi,
2756 4529 2876 4598 quia
2915 4529 3076 4581 vertit
3114 4542 3207 4580 eas
3256 4526 3418 4578 Zinus

1889 4629 2282 4694 suprascripttts
2308 4624 2515 4682 Latine,
2548 4620 2884 4688 Venetiisque
2913 4617 3422 4687 promulgavitanno

1891 4718 2044 4778 15η,
2085 4725 2136 4767 et
2177 4707 2455 4781 incipiunt,
2485 4711 2647 4763 Φόϐον
2673 4710 2759 4779 ἔχε
2793 4709 2945 4771 Θεοῦ,
2975 4709 3024 4762 id
3056 4715 3154 4766 est,
3189 4706 3420 4754 timorem

1890 4807 2014 4858 habe
2056 4805 2147 4858 Dei
2178 4822 2194 4863 :
2225 4814 2274 4857 et
2305 4806 2355 4856 lll
2382 4801 2665 4855 Parisicnsi
2706 4800 2937 4853 edi'ione
2969 4796 3146 4849 Graece
3184 4806 3246 4845 ac
3276 4789 3420 4842 Lati-

1894 4911 1958 4948 ne
1983 4895 2141 4947 simul
2182 4903 2425 4956 exstant;
2463 4890 2748 4943 Latinitate
2793 4896 2966 4937 autem
3002 4879 3194 4932 donavi
3226 4879 3290 4930 35
3317 4868 3421 4930 Can

1893 4986 2078 5052 pitula,
2127 4983 2478 5035 Ahecedarias
2516 4979 2705 5030 alteras
2743 4971 3131 5026 admonitiones
3155 4969 3243 5053 .25
3271 4978 3322 5022 et
3353 4967 3422 5020 26

1895 5077 2204 5136 sententias,
2237 5088 2353 5137 qua:
2385 5085 2487 5122 una
2537 5082 2656 5119 cum
2695 5063 2876 5132 viginti
2929 5062 3098 5114 ll‘lllUS
3132 5062 3422 5123 exsurgunt

1895 5167 1960 5220 ad
1992 5164 2128 5222 107;
2183 5167 2508 5225 possuntque
2561 5153 2846 5205 Sententia:
2899 5149 2999 5200 illae
3041 5156 3248 5201 centum
3304 5156 3422 5195 esse

1896 5250 2127 5317 Evagrii,
2155 5231 2298 5314 quas
2322 5244 2562 5296 llullinus
2582 5241 2765 5292 Latine
2801 5239 2976 5300 vertit,
3004 5240 3138 5289 sicut
3168 5233 3283 5283 aliae
3317 5243 3423 5281 mo-

1901 5340 2192 5392 nachorum
2226 5322 2484 5387 cordibus
2510 5329 2894 5398 coguoscibiles
2922 5326 3165 5375 videntur
3196 5334 3312 5373 esss
3332 5334 3424 5368 κε-

1881 5426 2097 5493 φάλαια
2141 5421 2412 5473 ι’νωστικὰ
2462 5418 2708 5487 Evagrii,
2761 5411 3099 5482 quantumvis
3151 5408 3214 5461 ad
3271 5420 3420 5459 oram

1903 5511 2247 5578 manuscriptt
2274 5509 2470 5562 Codicis
2494 5503 2786 5563 Barberini,
2805 5517 2956 5568 equo
2985 5497 3244 5562 exscripta
3271 5501 3417 5553 sunt,

1902 5603 2162 5672 “ppidum
2187 5602 2251 5653 sit
2280 5617 2338 5654 ea
2360 5600 2410 5652 in
2444 5599 2621 5652 codice
2648 5593 2897 5645 Vaticano
2925 5588 3050 5642 MM
3080 5575 3422 5650 ἀνεπίγραφα
