4122 6338
731 263 860 349 1339

1613 245 1767 322 ‘JUS.
1803 264 2059 323 MARLE
2095 266 2441 324 SUANESII
2488 264 2971 324 DISSERTATIO

3752 265 3894 329 13.10

720 376 996 438 exsistere,
1045 381 1245 427 etesse
1297 371 1423 436 Nili,
1470 372 1535 425 ab
1569 372 1812 440 ipsemet,
1868 390 2037 443 neque
2084 375 2255 435 fallor,
2292 382 2333 434 Α
2429 373 2639 441 Evagrii
2673 364 2907 441 quidem,
2938 381 2989 425 ct
3016 370 3117 424 Nili
3150 372 3399 439 opuscula
3426 373 3495 424 ita
3538 383 3662 426 sunt
3691 383 3889 443 per-mi-

724 462 1037 523 llolsteinio,
1062 462 1153 531 qui
1190 472 1363 516 tamen
1409 463 1520 515 lare
1571 463 1751 515 omnia
1794 464 2007 516 demum
2048 464 2255 530 Evagtii

672 532 678 553 ’
723 572 843 611 esse
876 556 1006 608 vult.
1040 555 1167 608 Utut
1203 554 1294 619 sit,
1328 554 1726 609 lucubrationes
1757 555 1914 609 hasce
1960 556 2094 609 duas
2125 557 2258 606 Eva-

728 646 849 713 grii.
881 659 1001 711 quzc
1038 644 1102 697 ad
1146 644 1515 706 anachoretas,
1559 652 1612 697 et
1641 644 1937 699 monachos
1973 645 2253 711 pertinent,

725 734 970 786 Bullinus
1009 735 1381 800 interpretatus
1405 741 1502 793 est,
1541 732 1611 783 liti
1636 732 1890 785 Libellum
1914 730 1980 783 ad
2016 729 2258 798 Virgines

725 819 836 871 Deo
874 820 1113 883 devotas,
1152 819 1281 887 quin
1322 828 1373 872 ct
1399 818 1697 871 Ductrinam
1750 829 1924 884 aptam
1962 819 2080 871 vitae
2112 834 2258 870 com-

725 908 905 961 munis
934 907 1237 969 caenobitis,
1284 916 1335 959 et
1374 905 1641 975 Synoditis
1670 906 1735 959 ad
1785 905 2055 974 Virginem
2100 905 2258 959 Mela—

722 997 867 1048 niam
892 996 958 1047 ab
995 996 1179 1048 eodem
1214 995 1438 1064 Evagrio
1460 997 1688 1064 scriptae,
1720 994 1858 1049 sicut
1888 1005 2105 1049 sanctus
2133 994 2256 1048 Ilie-

722 1096 978 1149 ronyntus
1008 1089 1265 1145 testatur;
1291 1081 1507 1149 insuper
1539 1083 1728 1134 librum
1768 1082 1840 1135 De
1872 1084 1988 1135 vitis
2012 1082 2252 1144 Patrum,

722 1170 769 1220 si
801 1169 1071 1236 qna'lides
1095 1170 1390 1233 Gennadio,
1420 1183 1471 1223 et
1501 1181 1621 1224 octo
1642 1172 1975 1239 libros,quos
2005 1172 2258 1240 opposuit

723 1259 985 1326 Evagrius
1015 1259 1269 1314 adversus
1300 1268 1420 1314 octo
1451 1261 1821 1328 principalium
1853 1261 2099 1315 vitiorum
2130 1278 2256 1331 sug-

723 1344 1025 1411 geSIioues,
1076 1361 1213 1414 quos
1261 1347 1570 1400 Gennadius
1618 1349 1800 1415 jussus
1848 1347 2034 1401 Latine
2080 1350 2255 1403 reddi-

720 1431 1117 1500 ditzprtetcrea
1164 1433 1413 1496 Librum,
1462 1451 1551 1488 seu
1603 1436 1929 1490 Sententiam
1979 1438 2105 1507 περὶ
2155 1438 2254 1506 τῆς

719 1521 1005 1583 ἀπαθείας,
1039 1523 1103 1576 de
1154 1523 1583 1591 iutpassibilitate
1609 1565 1625 1589 ,
1658 1526 1769 1579 sive
1802 1526 2253 1594 imperturbahili-

720 1620 847 1673 tate,
880 1611 977 1678 qui
1022 1610 1321 1679 Pelagianis
1350 1629 1534 1666 ansam
1582 1616 1824 1683 prtebnit,
1868 1632 2093 1682 quorum
2126 1632 2254 1685 ope-

2360 471 2459 523 sta,
2494 470 2546 515 ct
2579 462 2797 526 inserta,
2830 476 2893 514 ne
2924 461 3095 514 dicant
3129 462 3350 515 confusa
3398 462 3449 513 in
3480 463 3716 530 antiquis
3734 468 3889 520 codi-

2358 552 2511 604 cibus
2557 551 2761 603 calamo
2813 551 3065 614 exaratis,
3119 559 3175 602 ut
3206 566 3342 617 a'gre
3385 550 3616 604 discerni
3659 554 3891 619 possint,

2362 639 2696 707 arduumque
2722 638 3103 705 sitdijudicarc
3148 638 3211 690 ad
3245 654 3400 706 quem
3441 654 3503 691 ex
3538 640 3620 693 his
3654 654 3717 693 ea
3767 658 3889 710 spe-

2356 736 2499 781 ctent
2522 726 2859 779 librariorum
2886 740 3070 778 errore
3090 726 3270 779 titulos
3292 741 3565 795 perperam
3586 728 3886 782 inscriben-

2359 816 2489 869 tium
2525 834 2538 870 :
2570 816 2737 884 stylus
2770 816 2881 884 ipse
2908 829 3268 881 compressus,
3308 826 3359 867 et
3393 816 3443 867 in
3468 825 3675 870 arctnm
3705 818 3889 871 coiens

2358 906 2410 958 in
2439 906 2705 974 capitulis,
2738 903 3038 967 sententiis,
3081 913 3240 971 atque
3283 903 3529 959 brevibus
3572 905 3890 958 admonitio—

2356 993 2514 1047 nibus
2541 1009 2646 1045 non
2685 1002 2765 1045 est
2794 994 2925 1046 satis
2955 1003 3133 1045 certus
3194 1006 3257 1045 ac
3296 1000 3442 1045 tutus
3469 993 3645 1056 index,
3691 995 3887 1046 chara-

2354 1092 2572 1152 cterquc
2600 1082 2848 1137 dictionis
2893 1084 3274 1149 nonnunquam
3307 1083 3465 1135 etiam
3514 1083 3685 1137 fusius
3715 1099 3888 1137 exun-

2354 1169 2533 1222 dantis
2556 1168 2774 1221 miuime
2819 1167 3015 1235 arguit,
3041 1166 3290 1234 clareque
3315 1166 3559 1234 patefacit
3589 1177 3883 1233 auctorem,

2363 1257 2547 1310 eadem
2573 1256 2638 1309 de
2679 1256 2923 1319 materia,
2954 1255 3139 1309 eadem
3169 1263 3346 1319 :etate,
3382 1256 3435 1307 in
3464 1255 3645 1308 eadem
3682 1256 3889 1323 profes—

2355 1346 2503 1398 sione
2542 1344 2909 1398 disserentem.
2954 1343 3038 1396 llle
3069 1344 3180 1412 ipse
3219 1342 3481 1407 Socrates,
3514 1344 3603 1412 qui
3648 1344 3778 1395 vixit
3797 1359 3886 1406 eo,

2351 1448 2458 1502 quo
2491 1432 2641 1486 Nilus
2671 1441 2723 1485 et
2760 1432 3017 1500 Evagrius
3053 1432 3276 1486 ﬂoruere
3322 1432 3889 1492 smculo,tribuitl".va-

2352 1521 2469 1591 ες·ἱο
2514 1521 2704 1573 librant
2751 1522 2821 1574 De
2848 1522 3068 1574 ascetira
3109 1523 3236 1583 vita,
3276 1520 3387 1575 sive
3428 1520 3737 1586 asceticu’m,
3763 1537 3887 1575 cum

2354 1619 2531 1663 tamen
2560 1609 2738 1663 nullus
2781 1610 3047 1662 inlicictur
3090 1608 3265 1662 Nilum
3293 1609 3409 1678 ejus
3446 1620 3714 1664 auctorem
3745 1624 3885 1663 esse.

720 1713 837 1748 rum
862 1707 1062 1765 septem
1086 1699 1345 1767 interpres
1362 1699 1581 1755 Latinus
1607 1703 1703 1755 fuit
1722 1704 1980 1766 nummis,
2005 1706 2068 1757 ad
2091 1683 2252 1773 quem
2284 1683 2325 1735 Β
2357 1698 2582 1766 Evagrio
2606 1711 2816 1765 quoque
2845 1699 3182 1752 ascribuntur
3201 1698 3300 1752 150
3325 1698 3618 1759 sententiae.
3642 1707 3696 1750 et
3713 1699 3886 1765 capita

716 1786 1023 1855 ἠσυχαστὴν
1078 1788 1292 1855 scripsit
1347 1789 1515 1853 Nilus,
1562 1791 1637 1842 uti
1692 1792 1935 1857 superius
1980 1793 2253 1854 adnotavi,

717 1867 807 1941 qui
842 1873 1086 1942 Origenis
1112 1891 1322 1944 quoque
1345 1878 1509 1933 libros
1536 1879 1685 1933 Latio
1710 1881 1871 1943 dedit,
1901 1882 1993 1933 sed
2027 1880 2252 1935 infelici-

720 1974 836 2028 ter;
880 1980 1000 2016 nam
1046 1955 1173 2017 tanti
1206 1966 1325 2028 viri,
1377 1982 1502 2035 quo,
1553 1969 1639 2021 ubi
1680 1970 1811 2022 bene
1868 1969 2055 2031 sensit,
2096 1985 2253 2022 nemo

718 2053 931 2111 melius,
974 2054 1064 2106 ubi
1096 2054 1253 2118 male,
1289 2071 1445 2108 nemo
1476 2057 1647 2125 pejus,
1680 2072 1889 2111 errores
1937 2058 2166 2118 imbibit,
2200 2066 2252 2111 et

713 2153 805 2193 eos
838 2142 997 2195 tutari
1026 2143 1150 2197 dum
1178 2153 1423 2204 conatur.
1458 2138 1636 2212 lapsus
1666 2157 1747 2199 cst
1774 2148 2016 2214 turpiter.
2053 2162 2115 2199 ac
2146 2147 2252 2214 glo-

714 2228 825 2291 riae,
854 2246 1015 2296 quam
1046 2250 1076 2285 e
1106 2233 1346 2286 versione
1368 2233 1614 2286 flistoria:
1640 2234 2003 2287 ecclesiastico:
2032 2233 2247 2288 Eusebii

710 2311 1082 2379 Cresariensis,
1110 2318 1194 2370 cui
1228 2317 1363 2373 duos
1391 2319 1556 2371 libros
1600 2319 1845 2381 attexuit,
1874 2329 2059 2387 totque
2089 2318 2249 2373 Volu-

714 2401 922 2454 tninum
946 2402 1045 2455 SS.
1078 2403 1280 2468 Basilii,
1308 2406 1547 2474 Gregorii
1573 2404 1911 2467 Nazianzeni.
1933 2416 1987 2460 et
2019 2409 2245 2460 aliorum

658 2488 663 2493 ’
708 2489 811 2543 sibi
856 2499 1251 2558 construxerat,
1295 2495 1565 2547 cumulum
1592 2496 1757 2549 diruit
1806 2494 1905 2548 hoc
1955 2497 2123 2563 lapsu,
2156 2496 2249 2549 de-

712 2588 956 2633 mortuus
990 2580 1039 2633 in
1091 2582 1303 2647 Sicilia;
1354 2594 1539 2637 sancto
1571 2583 1895 2653 Hieronymo
1930 2582 2123 2646 indice,
2156 2586 2246 2647 qui

708 2686 831 2723 cum
858 2668 1169 2742 ‘Scorpittm,
1196 2682 1249 2725 et
1284 2668 1584 2726 Grunnium
1610 2682 1784 2735 vocat,
1811 2683 1865 2729 et
1909 2674 2096 2741 scribit
2126 2673 2246 2727 Tri-

711 2757 908 2810 nacriae
950 2758 1114 2810 humo
1160 2761 1327 2825 premi
1377 2760 1513 2813 inter
1543 2757 1862 2814 Enceladum
1901 2770 1955 2814 et
2008 2761 2247 2833 Pal-phy-

715 2846 874 2908 tium,
904 2845 955 2897 in
980 2848 1207 2912 primum
1236 2845 1686 2899 Contmcntariuut
1707 2849 1773 2901 ad
1801 2848 1991 2904 Ezech.
2024 2852 2075 2903 in
2101 2854 2243 2906 Prae-

650 2940 653 2944 '
714 2936 805 2987 fat.
856 2936 919 2988 ad
956 2934 1301 2989 Eustochium
1334 2945 1463 2989 tom.
1495 2936 1594 3000 IV,
1631 2953 1747 3007 pag.
1775 2940 1897 2999 330,
1932 2940 1983 2993 id
2033 2949 2134 3003 est,
2178 2943 2245 2996 ad

712 3024 952 3077 JEInam.
1001 3025 1300 3078 (Iardinalis
1339 3025 1600 3080 Baronius
1648 3027 1933 3081 verisimile
1986 3037 2138 3095 putat
2183 3024 2281 3084 eo?

715 3112 982 3165 Bullinum
1024 3128 1146 3166 cum
1188 3112 1412 3165 Melania
1434 3112 1760 3182 confugisse,
1793 3124 1949 3182 capta
1987 3115 2153 3168 Roma
2179 3118 2247 3170 ad

714 3217 841 3253 ann.
870 3200 931 3255 C.
960 3200 1083 3255 Mil.
1133 3200 1336 3254 Laudat
1376 3216 1497 3255 cum
1537 3212 1754 3273 sanctus
1785 3202 2059 3265 Paulinus,
2088 3207 2244 3272 epist.

714 3293 747 3343 υ
792 3291 856 3341 ad
891 3290 1171 3355 Severum,
1217 3290 1509 3359 scribitque
1543 3292 1608 3345 ad
1640 3292 1883 3346 eumdem
1915 3294 2072 3361 epist.
2099 3295 2163 3346 47
2196 3306 2249 3349 et

713 3380 802 3433 48.
851 3364 1276 3457 Or-igcnistarum
1306 3372 1702 3450 antesignanus
1748 3380 1851 3437 fuit
1895 3368 2144 3447 habitus,
2192 3386 2245 3437 in

715 3484 874 3537 quem
915 3479 1134 3526 sanctus
1172 3466 1525 3539 Hieronymus
1555 3457 1680 3527 olim
1723 3474 1902 3527 socius
1934 3475 2244 3543 et‘amicus,

718 3558 914 3627 stylum
944 3558 1078 3609 adeo
1105 3558 1296 3610 acerbe
1318 3557 1597 3625 .stringere
1641 3554 1860 3613 coactus
1917 3571 2017 3616 est.
2053 3554 2249 3615 Dolen-

661 3632 669 3640 ‘
716 3648 845 3700 dum
892 3646 1132 3714 profecto
1169 3646 1234 3699 de
1270 3645 1509 3716 Didymi,
1551 3646 1806 3712 Melaniae,
1834 3648 2077 3713 Palladii,
2113 3649 2249 3703 Lva-

718 3736 837 3803 grii,
880 3733 1184 3802 Rullinique
1224 3736 1551 3799 casibus,~et
1587 3736 1766 3789 stellas
1830 3738 1992 3791 hasce
2019 3740 2251 3796 caducas

718 3822 970 3876 Ecclesia:
1006 3822 1199 3876 deflere
1235 3823 1549 3877 deberemus
1582 3824 1838 3889 amarius,
1881 3825 1981 3879 nisi
2011 3828 2246 3894 suspica-

718 3926 899 3962 rentur
927 3911 994 3962 ab
1026 3911 1108 3963 his
1142 3906 1386 3963 nontam
1420 3921 1679 3979 proterve,
1711 3920 1922 3980 tamque
1960 3915 2247 3981 pertinaci-

717 4009 798 4051 ter
820 4013 1009 4064 pravns
1036 3996 1278 4067 Origenis
1302 3999 1579 4066 Opinioues
1607 3999 1771 4053 fuisse
1790 4000 2057 4063 defensae,
2090 4000 2248 4071 613
2266 4058 2287 4070 ,

709 4087 963 4158 ’quantvis
980 4097 1036 4140 ut
1052 4102 1223 4147 scena:
1240 4089 1517 4153 servirent,
1538 4090 1615 4141 ira
1628 4098 1987 4143 transversum
2006 4093 2126 4152 acti,
2142 4108 2248 4145 cer-

719 4178 973 4244 tandiun
995 4175 1260 4240 studio,et
1275 4177 1451 4229 calore
1467 4176 1737 4242 fuerint,et
1755 4179 1966 4232 nomine
1988 4180 2244 4249 Pamphili

2272 2984 2313 3038 C

2356 1794 2474 1839 octo
2517 1776 2776 1839 adversus
2822 1796 2941 1839 octo
2993 1786 3328 1847 vitiositates,
3362 1802 3480 1854 qua:
3507 1786 3690 1838 Latine
3732 1788 3890 1839 vertit

2353 1875 2530 1926 omnia
2562 1874 2902 1936 Gennadius,
2934 1888 2998 1926 au
3025 1872 3299 1928 Bullinus?
3324 1889 3426 1926 non
3450 1883 3625 1943 autem
3659 1874 3791 1926 liber
3820 1876 3889 1929 de

2356 1958 2489 2015 Vitis
2518 1960 2759 2022 Patrum,
2791 1962 2841 2014 in
2873 1962 3066 2029 quibus
3105 1944 3308 2015 tantum
3330 1962 3573 2015 laudatur
3603 1961 3885 2030 Evagrius,

2354 2059 2412 2103 ut
2468 2051 2575 2103 vult
2618 2050 2945 2120 Rosweydus
2989 2048 3039 2101 in
3082 2048 3393 2103 Lausiacatn
3445 2048 3686 2111 Palladii,
3732 2060 3788 2102 et
3834 2052 3889 2102 in

2352 2143 2740 2211 prolegomenis
2784 2143 2848 2194 ad
2884 2140 3030 2195 Vitas
3065 2139 3303 2192 Patrum.
3336 2138 3389 2189 In
3424 2138 3670 2192 confesso
3707 2147 3889 2191 autem

2348 2241 2429 2287 est
2456 2231 2704 2291 omnibus
2732 2232 2921 2284 harum
2965 2230 3063 2283 150
3088 2229 3496 2291 sententiarum,
3524 2228 3664 2282 sicut
3687 2236 3739 2280 ct
3764 2228 3891 2281 libri

2349 2318 2603 2370 adversus
2623 2323 2744 2367 octo
2762 2315 3081 2371 vitiositates
3109 2322 3383 2365 auctorem
3400 2326 3518 2365 esse
3536 2309 3733 2363 Nilum.
3756 2311 3892 2364 Vide

2349 2408 2671 2461 cardinalem
2726 2406 3009 2459 Baronium
3067 2404 3121 2457 in
3160 2413 3272 2456 not.
3323 2403 3389 2456 ad
3452 2402 3917 2471 Martyrologium,

2351 2496 2668 2559 Romanum,
2710 2494 3051 2549 Possevinum
3090 2493 3391 2547 illum‘cum
3428 2491 3755 2545 Antiocheno
3790 2493 3895 2545 nti-

2348 2596 2605 2640 scentem.
2637 2584 2904 2654 Quidquid
2938 2585 3023 2650 sit,
3054 2586 3164 2638 sive
3192 2584 3321 2637 alter
3349 2582 3417 2635 ab
3460 2582 3627 2636 altero
3660 2583 3731 2635 sit
3766 2597 3890 2637 mu-

2349 2682 2551 2737 tuatus,
2582 2675 2801 2745 damnat
2821 2673 3101 2743 Evagrinm
3126 2672 3357 2725 Joannes
3383 2671 3672 2732 Climaeus,
3711 2680 3766 2723 et
3800 2663 3893 2723 in;

2346 2763 2785 2833 sipientissimum
2831 2761 3077 2831 appellat.
3122 2770 3175 2814 et
3216 2758 3615 2827 τδνθεηλάτην,
3648 2757 3697 2810 id
3721 2764 3823 2818 est.
3854 2772 3889 2809 a

2348 2852 2487 2905 inata
2532 2852 2629 2905 Dei
2670 2852 2860 2920 spiritu
2917 2851 3172 2927 agitatum
3218 2850 3366 2916 grad.
3412 2849 3508 2910 14,
3534 2862 3588 2916 p.
3616 2846 3739 2901 203.
3780 2845 3890 2899 Sed

2349 2955 2468 2993 mox
2492 2940 2765 3009 copiosius
2797 2940 2897 2993 hac
2925 2940 2990 2993 de
3016 2938 3237 2992 mistura
3259 2938 3521 3001 tractabo,
3544 2937 3715 3005 deque
3740 2935 3893 3005 capi-

2348 3029 2492 3103 tibus
2519 3030 2774 3085 adversus
2802 3037 2927 3083 octo
2961 3028 3109 3082 vitia.
3538 3093 3545 3099 ,

2412 3116 2661 3172 Occurrit
2679 3119 2819 3171 enim
2843 3116 3094 3185 ἐπιστολὴ
3118 3117 3418 3186 δογματικὴ
3440 3114 3566 3187 περὶ
3593 3116 3692 3184 τῆς
3726 3114 3893 3182 ἁγίας

2346 3208 2571 3276 Τριάδος
2596 3207 2730 3275 πρὸς
2762 3208 2885 3267 τοὺς
2916 3208 2976 3259 ιν
3012 3206 3228 3276 πατρίδι
3255 3206 3578 3275 μονάζοντας
3624 3205 3783 3275 quin

2348 3296 2403 3346 ἐν
2436 3291 2993 3345 Κωνσταντινουπόλει
3012 3290 3147 3360 μετὰ
3177 3289 3271 3343 τοῦ
3303 3292 3568 3363 μακαρίου
3594 3291 3894 3360 Γρηγορίω

2344 3380 2714 3451 Ναζιανζηνοῦ
2744 3380 2775 3450 ἢ
2823 3376 3140 3433 ἐπισκόπου’
3160 3378 3496 3442 Ναζιάνζου,
3531 3380 3644 3432 sive
3684 3380 3895 3446 δογμα-

2345 3470 2493 3532 τικδς
2514 3470 2690 3538 λόγος.
2725 3478 2784 3523 ιιι
2813 3469 3005 3537 legitur
3047 3470 3101 3522 in
3134 3468 3462 3522 Narrationis
3495 3466 3709 3521 Paehon
3760 3468 3894 3537 Epi-

2347 3561 2564 3624 graphe,
2600 3558 2804 3625 incipit,
2831 3558 3089 3620 πολλάκις
3112 3549 3489 3626 ἐθαύμασα,’τί
3521 3557 3715 3626 δήποτε
3749 3557 3895 3625 πρὸς

2347 3645 2511 3713 ὑμᾶς.
2562 3644 2708 3712 δωρε
2744 3630 2935 3713 εωρέιιέ
2973 3646 3261 3699 admiratus
3301 3646 3400 3714 fui,
3440 3662 3535 3698 cur
3570 3646 3778 3697 tandem
3818 3648 3891 3699 ad

2349 3750 2456 3787 vos.
2496 3732 2709 3788 Titulus
2735 3743 2912 3787 autem
2945 3734 3114 3787 editus
3149 3741 3230 3787 est
3252 3741 3306 3786 et
3340 3734 3391 3786 in
3421 3732 3664 3786 Latinum
3697 3750 3893 3789 versus

2335 3823 2584 3891 trajectis
2607 3824 2991 3892 aliquantisper
3013 3823 3210 3885 verbis,
3246 3831 3438 3876 etcum
3473 3831 3730 3876 tractatus
3754 3839 3898 3876 nun-

2346 3912 2530 3980 cupari
2569 3914 2865 3977 debuisset,
2894 3912 3068 3966 dictus
3099 3923 3180 3966 est
3213 3909 3413 3975 Sermo,
3453 3912 3554 3964 sive
3586 3911 3895 3979 dogmatica

2350 4000 2585 4066 Epistola
2614 4001 2676 4052 de
2704 4008 2888 4052 sancta
2920 4000 3173 4054 Trinitate
3204 4001 3271 4052 ad
3315 4016 3423 4063 eos,
3449 4002 3537 4069 qui
3562 3999 3723 4071 615
3772 4018 3895 4054 mo-

2348 4091 2599 4142 nasticam
2646 4090 2806 4140 vitam
2844 4088 3034 4156 degunt
3084 4088 3138 4139 in
3174 4089 3366 4153 patria,
3398 4088 3522 4141 dum
3572 4102 3707 4142 esset
3745 4091 3898 4143 Cou-

2347 4176 2689 4245 stamiuopoli
2716 4192 2833 4229 cum
2873 4177 3017 4229 beato
3042 4176 3291 4246 Gregorio
3318 4177 3555 4245 episcopo
3599 4175 3893 4243 Nazianzi,

720 4266 970 4333 martyris
1007 4280 1103 4333 pro
1149 4279 1215 4318 eo
1264 4265 1571 4335 Apologiam
1613 4266 1832 4319 ediderit
1868 4267 2150 4333 EUSt’iiiUS,
2195 4280 2248 4324 ct
2282 4278 2320 4328 υ
2346 4282 2434 4319 seu
2465 4265 2803 4319 Nazianzeno
2833 4266 3129 4333 :potuissct
3155 4265 3259 4319 dici
3286 4265 3630 4333 dogmaticus,
3654 4279 3747 4319 seu
3772 4266 3894 4335 dig-

717 4353 978 4415 Bullinus,
1013 4355 1103 4419 qui
1134 4340 1270 4408 duas
1296 4355 1349 4408 in
1396 4354 1637 4409 salictum
1688 4355 2065 4426 Hieronymum
2103 4360 2248 4433 inve-

718 4444 889 4495 ctivas
918 4445 1076 4495 ttiam
1106 4444 1308 4515 cﬂ'udit,
1353 4444 1544 4513 Sulpit.
1579 4446 1759 4500 Sever.
1808 4449 2003 4516 dialog.
2034 4466 2069 4513 ι,
2112 4465 2159 4503 c.
2191 4452 2243 4516 3,

717 4542 771 4583 ct
792 4533 915 4585 licet
943 4533 1187 4587 absurda:
1238 4543 1292 4587 et
1323 4535 1521 4587 insanae
1556 4534 1749 4589 fuerint
1782 4536 2115 4605 Origcniante
2146 4540 2247 4595 illae
2276 4516 2285 4526 ⁹

720 4629 997 4677 manantes
1022 4638 1053 4676 e
1098 4623 1429 4691 philosophia
1459 4624 1691 4679 Platonis
1721 4630 2010 4694 sententias,
2034 4647 2135 4683 non
2166 4640 2246 4698 ta:-

720 4729 840 4768 men
858 4713 1079 4766 omnino
1099 4713 1360 4766 damnata:
1382 4712 1593 4766 fuerunt
1619 4723 1741 4767 ante
1760 4705 2007 4783 Vigilfum
2032 4734 2242 4786 papam,

719 4803 796 4855 uti
830 4803 1183 4857 Cassiodorus
1228 4802 1443 4863 asserit,
1481 4812 1535 4855 et
1562 4811 1683 4856 ante
1710 4805 1949 4871 quintam
1983 4807 2242 4875 synodum

720 4894 773 4943 in
809 4893 953 4944 calce
979 4908 1096 4944 can.
1129 4892 1191 4952 ll,
1227 4903 1331 4945 tam
1358 4891 1572 4957 diserte,
1600 4901 1658 4945 ut
1686 4890 1939 4961 Origenes
1969 4894 2247 4949 haereticus

720 4990 1029 5035 censeretur
1063 4984 1293 5049 penitus,
1337 4996 1457 5035 cum
1492 4982 1778 5050 praesertim
1810 4982 1929 5048 ejus
1960 4997 2118 5048 Opera
2152 4984 2246 5037 fal-

720 5079 833 5121 sata
866 5068 1029 5122 fuisse
1052 5070 1387 5134 dicerentur;
1417 5086 1519 5138 qua
1550 5071 1614 5126 tle
1642 5068 1699 5125 re
1726 5070 1959 5125 Joannes
1990 5072 2167 5133 Picus,
2194 5082 2244 5127 et

720 5158 990 5211 Gilbertus
1031 5150 1401 5212 Genehrardus
1436 5160 1743 5213 consulendi
1776 5172 1921 5226 sunt,
1967 5172 2019 5215 et
2062 5177 2247 5216 recen-

723 5247 886 5299 ti0res
901 5245 1135 5307 Binetus,
1163 5243 1473 5306 ﬂailoixius.
1512 5260 1559 5301 et
1588 5249 1773 5302 Petrus
1796 5250 1974 5303 Daniel
2004 5249 2243 5315 liuetius,

723 5334 814 5399 qui
846 5342 969 5385 ante
1014 5333 1295 5387 triennium
1326 5331 1599 5405 Rotomagi
1650 5336 1857 5389 duobus
1902 5339 2058 5391 tomis
2098 5354 2243 5405 qua:-

728 5421 938 5486 cunque
1005 5420 1223 5488 reperiri
1280 5427 1564 5488 potuerunt
1620 5422 1861 5491 Origenis
1906 5427 2241 5495 scriptiones,

726 5504 903 5563 Gra‘ec
946 5510 1233 5579 Latineque
1257 5509 1557 5579 publicavit,
1592 5519 1643 5562 et
1671 5512 2131 5577 adornavitnutis.

2350 4359 2594 4421 maticus,
2623 4356 2713 4411 sed
2752 4355 2943 4410 retinui
2971 4354 3249 4408 lectionem
3287 4350 3588 4423 dogmatici.
3640 4353 3893 4417 Quatuor

2347 4464 2539 4517 genera
2574 4447 2820 4511 docendi,
2855 4446 2969 4501 sive
2996 4444 3374 4517 interpretandi
3406 4457 3610 4497 sacram
3639 4442 3892 4511 Scriptur-

2347 4554 2461 4609 ram
2504 4546 2844 4591 recensentur
2879 4554 2893 4587 :
2936 4535 3166 4603 primum
3213 4532 3696 4602 estdOgmaticum,
3724 4535 3889 4600 quasi

2348 4613 2723 4689 decretorium,
2756 4624 2984 4680 alterum
3015 4625 3426 4695 προστακτικὸν,
3459 4626 3572 4678 sive
3606 4623 3889 4691 imperati-

2346 4730 2493 4773 vum.
2526 4714 2744 4768 tertiunt
2787 4713 3075 4791 ὁριστικὸν,
3111 4712 3643 4791 deﬁniendo’nempe,
3690 4727 3752 4765 ac
3786 4713 3889 4767 de-

2346 4804 2712 4868 terminando;
2760 4790 3007 4872 quartum
3056 4790 3460 4870 propheticum,
3492 4801 3885 4865 denuntiando,

2348 4902 2502 4961 atque
2524 4893 2878 4962 praedicendo.
2909 4891 3205 4956 Διεξοδικόν
3228 4902 3310 4945 est
3338 4890 3495 4949 etiam
3513 4890 3759 4954 docendi,
3786 4908 3886 4946 seu

2347 4983 2611 5037 scribendi
2659 4997 2827 5051 genus
2885 4980 2958 5044 id,
3005 4994 3111 5048 quo
3174 4979 3259 5035 res
3308 4968 3592 5035 narrantur
3621 4991 3888 5048 perpetuo

2346 5057 2504 5126 cursu
2526 5071 2808 5125 orationis.
2830 5069 3027 5139 Dogma
3044 5070 3292 5125 delinitur
3310 5087 3340 5123 a
3374 5070 3544 5124 Psello
3562 5069 3614 5120 in
3636 5069 3888 5123 oratione

2346 5164 2415 5217 4-2
2440 5164 2609 5217 sancti
2636 5161 2875 5230 Gregorii
2903 5157 3217 5214 Na7ianzeni
3248 5176 3299 5229 p.
3326 5161 3429 5214 939
3448 5199 3462 5222 ,
3491 5159 3566 5212 rei
3598 5159 3797 5221 dubia},
3830 5167 3888 5212 ct.

2346 5263 2703 5305 controversae
2728 5258 2845 5318 post
2872 5260 3172 5303 accuratam
3218 5250 3616 5317 inquisitionem
3647 5262 3887 5314 pronun-

2345 5342 2473 5394 tiata
2499 5340 2779 5394 sententia.
2805 5340 3079 5399 Vocantur
3108 5340 3353 5407 dogmata
3379 5338 3572 5405 placita
3614 5350 3882 5390 sectarum

2348 5444 2375 5480 a
2403 5438 2586 5484 sancto
2612 5431 2942 5498 Augustino.
2982 5430 3017 5481 I.
3051 5435 3092 5489 ι,’
3118 5444 3165 5481 c.
3199 5427 3281 5492 10,
3325 5428 3525 5492 Quiut.
3550 5425 3881 5495 Evangelia;

2350 5519 2427 5572 sic
2480 5517 2733 5589 Dogmata
2778 5516 3089 5572 .llcdii‘orum
3133 5534 3159 5570 τι
3209 5528 3391 5572 sancto
3441 5517 3759 5584 Hieronymo
3811 5517 3880 5568 ad
