4122 6338
717 345 849 408 1343

1612 353 1756 412 JOS.
1798 355 2056 413 MARI/E
2097 356 2447 418 SUARESII
2483 361 2966 420 DISSERTATIO

3736 355 3875 419 134!

709 455 1060 518 exhibuerat;
1099 456 1316 510 abbates
1344 471 1553 525 quoque
1585 469 1742 527 atque
1780 461 1901 513 laici
1936 461 2234 516 Professio—
2259 468 2305 523 Α
2333 468 2524 533 opinor
2568 468 2821 534 scriptam
2850 465 3138 534 Epistolam
3168 461 3266 517 251
3318 462 3410 514 lib.
3447 477 3461 514 ι
3495 461 3684 516 lsidori
3711 463 3878 517 Pelu-

711 560 806 597 nes
826 545 1121 608 ediderunt,
1146 555 1199 598 et
1230 547 1637 601 transmiserunt
1669 564 1836 616 papae,
1864 558 1923 603 ut
1949 550 2231 619 Gregorius

709 633 989 688 Panzanus
1017 637 1296 703 episcopus
1333 635 1561 689 blileten.
1607 637 1660 690 in
1715 655 1813 691 ms.
1859 638 2235 695 Dissertatione

710 720 778 772 de
807 721 1103 774 obedientia
1131 724 1364 789 pontifici
1384 723 1612 776 Maximo
1634 725 1870 778 exhiberi
1897 727 2052 779 solita
2083 742 2113 780 a
2146 743 2234 780 re—

710 811 865 880 gibus
893 829 907 863 :
941 823 1181 865 recenset
1199 815 1269 866 ita
1309 813 1528 867 Flaccus
1555 816 1796 880 Albinus,
1834 818 1948 871 sive
1978 819 2238 890 Alcuinns

711 915 847 962 eam,
879 916 1036 968 quam
1085 904 1437 969 promulgavit
1491 904 1550 955 [ι.
1581 905 1637 958 Ρ.
1671 904 1987 960 Franciscus
2029 908 2238 961 Chime-

713 986 854 1050 tius,
897 987 1119 1040 Divione
1163 989 1296 1041 1656
1336 991 1386 1041 in
1422 991 1474 1042 -1,
1511 992 1584 1044 lla
1635 991 1912 1046 Heraelius
1951 995 2239 1062 imperator

711 1078 852 1130 circa
884 1078 1362 1143 Monothclismum,
1384 1097 1488 1134 seu'
1508 1084 1830 1137 voluntatem
1852 1085 2061 1138 unicam
2086 1086 2240 1140 Chri-

713 1167 779 1218 sti
800 1167 948 1232 ;jure
962 1166 1228 1237 damnavit
1246 1170 1384 1221 illam
1403 1169 1633 1224 Joannes
1653 1187 1781 1238 papa
1808 1173 1858 1223 in
1875 1174 2097 1241 synodo,
2115 1184 2168 1229 et
2185 1177 2238 1229 in

712 1255 954 1321 epistola,
986 1273 1142 1324 quam
1169 1260 1381 1327 scripsit
1411 1261 1473 1311 ad
1503 1259 1906 1314 Constantinum
1925 1263 1990 1316 A.
2020 1278 2049 1317 e
2070 1262 2240 1318 Theo—

713 1335 904 1410 phane,
948 1353 997 1397 et
1034 1345 1295 1401 Cedreno.
1328 1347 1391 1400 Et
1434 1347 1719 1413 imperator
1754 1365 1918 1405 ausus
1967 1362 2105 1404 arma
2149 1351 2238 1406 Dei

717 1445 930 1483 manum
960 1433 1262 1498 admovere,
1298 1437 1468 1505 instar
1496 1435 1654 1499 Ozias,
1683 1449 1735 1490 et
1773 1438 2045 1492 thuribulo
2083 1454 2242 1506 super

719 1517 880 1569 altare
908 1519 1286 1586 thymiamatis,
1324 1521 1463 1573 Velut
1504 1521 1680 1585 Ozias,
1720 1524 1912 1578 misere
1945 1525 2238 1586 cruciatus,

717 1616 768 1659 ct
791 1623 1072 1673 percussus
1104 1610 1316 1672 interiit,
1348 1602 1484 1664 sicut
1519 1612 1642 1666 Saul
1665 1614 1854 1666 offerre
1879 1613 2239 1667 holocaustum

714 1700 768 1743 et
814 1693 1029 1758 paciﬁca
1061 1695 1202 1764 (R'g.
1234 1697 1322 1749 lib.
1357 1697 1375 1749 l
1405 1714 1451 1752 c.
1485 1714 1602 1758 xm,
1639 1707 1690 1751 et
1721 1700 1812 1751 lib.
1845 1698 1905 1760 ll,
1938 1713 2052 1766 cap.
2076 1717 2163 1766 vr;
2189 1710 2240 1755 et

2335 554 2485 606 siotze
2512 554 2583 606 De
2626 553 2769 606 Veste
2794 552 3052 616 Ludibrii,
3088 550 3176 602 ubi
3211 550 3500 603 Diaconum
3529 564 3650 602 eum
3697 550 3878 603 nomi-

2331 651 2454 705 nat;
2479 650 2532 695 ct
2576 641 2796 695 forsitan
2838 641 2902 693 ad
2944 641 3062 708 ejus
3092 647 3331 707 patrem,
3373 647 3456 690 est
3504 638 3671 706 ipsius
3699 638 3875 692 sancti

2332 728 2565 796 Gregorii
2605 728 2924 782 Nazianzeni
2954 728 3108 796 epist.
3150 727 3270 779 155.
3325 726 3419 779 Est
3436 733 3489 778 et
3528 727 3664 779 inter
3700 726 3878 794 Opera

2333 817 2649 871 Nazianzeni
2676 819 2742 871 de
2783 819 2885 870 ﬁde
2913 817 3123 871 Nictena
3164 824 3446 875 tractatus,
3476 830 3567 868 seu
3594 814 3879 869 Confessio

2335 907 2452 959 ﬁdei
2485 908 2537 958 in
2567 908 2803 961 oratione
2833 907 2929 970 50,
2963 904 3170 958 Rullino
3201 902 3519 972 Presbytero
3567 901 3758 955 Latino
3785 903 3880 955 in-

2337 1005 2593 1063 terprete,
2634 1010 2682 1063 p.
2725 994 2879 1048 1006.
2920 993 2985 1047 Et
3024 1002 3149 1048 sunt
3195 993 3316 1045 duae
3343 991 3641 1050 orationes,
3685 1002 3882 1057 nempe

2335 1085 2395 1138 51
2427 1093 2479 1137 ct
2515 1084 2616 1144 52.
2651 1085 2715 1137 ad
2753 1083 3066 1136 Cledonium
3101 1082 3470 1150 presbyterum
3508 1078 3573 1131 de
3596 1077 3881 1144 Capitibus

2336 1173 2488 1236 ﬁdei,
2534 1188 2652 1240 quae
2689 1170 2919 1239 conferri
2960 1178 3183 1238 possunt
3217 1182 3337 1221 cum
3365 1167 3468 1221 isto
3492 1176 3746 1231 tractatu,
3777 1180 3880 1219 seu

2335 1254 2558 1327 epistOla
2590 1260 2832 1327 Evagrii;
2875 1260 3012 1312 sicut
3051 1268 3104 1312 et
3137 1257 3309 1311 oratio
3339 1257 3407 1310 49
3439 1257 3508 1310 de
3545 1255 3679 1318 ﬁde,
3717 1254 3882 1321 cujus

2337 1349 2596 1416 interpres
2628 1348 2728 1401 fuit
2757 1348 2891 1401 idem
2923 1346 3186 1411 Bullinus,
3220 1361 3272 1413 p.
3295 1346 3418 1399 997.
3442 1343 3669 1396 Amabat
3695 1353 3879 1396 autem

2338 1447 2464 1492 suos
2499 1438 2756 1490 diaconos
2783 1444 2999 1490 sanctus
3043 1434 3330 1510 Gregorius
3365 1431 3734 1486 Nazianzenus
3761 1470 3776 1492 ,
3825 1441 3884 1484 et

2339 1527 2722 1590 coodiaconos,
2757 1533 2813 1577 ut
2846 1524 3072 1593 appellat
3097 1534 3149 1577 et
3178 1521 3471 1590 Eugenium
3493 1562 3507 1584 ,
3539 1533 3697 1588 atque
3723 1535 3882 1573 com-

2339 1617 2557 1668 mendat
2587 1607 2890 1668 Euthalium
2925 1613 3085 1681 epist.
3123 1612 3221 1666 158
3247 1621 3302 1665 et
3343 1613 3461 1665 159.
3512 1609 3753 1678 Synodos
3780 1624 3884 1662 au-

2343 1714 2443 1758 tem
2467 1701 2922 1768 ConstantinOpoli
2949 1703 3082 1756 duas
3107 1705 3232 1754 tunc
3250 1700 3456 1753 habitas
3499 1698 3662 1751 fuisse
3691 1699 3753 1750 ad
3777 1712 3885 1751 an-

716 1778 1037 1848 Pnralipom.
1089 1784 1180 1835 lib.
1210 1784 1274 1846 ll,
1313 1801 1430 1852 tap.
1474 1802 1632 1850 xxvr;
1672 1785 1727 1845 S.
1761 1765 2112 1854 Augustinus,
2144 1765 2235 1844 lib.
2267 1765 2312 1823 Β
2343 1810 2467 1848 num
2497 1810 2526 1846 a
2554 1791 2616 1845 C.
2647 1791 2710 1842 N.
2743 1765 2837 1843 38l
2872 1790 3132 1857 sagaciter
3158 1788 3340 1841 Binius
3374 1788 3428 1839 in
3461 1785 3612 1839 Nouis
3645 1787 3708 1839 ad
3732 1786 3884 1838 Con-

716 1883 820 1920 xvn
853 1869 925 1919 De
954 1871 1156 1923 civitate
1191 1871 1302 1934 Dei,
1333 1888 1448 1939 cap.
1482 1875 1533 1937 4,
1557 1882 1608 1926 et
1635 1874 1702 1927 ibi
1724 1874 2241 1945 Coqua:us),praesu-

715 1969 888 2019 mens,
915 1965 960 2008 et
994 1959 1260 2025 prephetaa
1289 1976 1502 2023 munus,
1548 1970 1707 2030 atque
1748 1965 2038 2019 sacerdotis
2088 1981 2244 2019 usur-

719 2058 870 2109 pans,
917 2046 1154 2112 abiectus
1184 2047 1281 2100 fuit
1303 2065 1332 2102 a
1368 2048 1496 2102 Deo.
1547 2051 1613 2102 At
1641 2051 1807 2105 multo
1840 2052 2048 2108 felicius
2080 2070 2244 2123 expo-

717 2135 823 2184 suit
857 2148 1008 2186 snam
1046 2135 1224 2188 Fidem
1250 2139 1565 2191 catholicam
1593 2139 1945 2205 Justinianus,
1983 2152 2041 2195 ut
2083 2159 2240 2213 sape-

716 2221 831 2274 rius
856 2223 1155 2277 observavi.
1188 2224 1465 2278 Mittebant
1495 2227 1764 2292 pontifices
1793 2229 1931 2282 Max.
1957 2230 2104 2285 Fidei
2134 2233 2243 2285 for-

722 2309 922 2362 mulam
964 2312 1028 2363 ad
1053 2312 1186 2366 alios
1207 2313 1505 2381 episcopos,
1541 2326 1592 2367 et
1633 2315 1700 2370 ad
1746 2317 1854 2370 AA.
1887 2327 1945 2372 ut
1996 2320 2092 2387 ipsi
2125 2337 2241 2376 eam

713 2399 1179 2466 amplecti-rentur,
1208 2410 1260 2455 et
1285 2413 1666 2472 sequerentur;
1701 2415 1755 2464 at
1791 2411 2021 2476 episcopi
2053 2411 2162 2474 alii,
2192 2421 2244 2464 et

711 2487 824 2570 A_A.
863 2490 927 2542 ad
957 2492 1228 2556 pontiﬁces
1266 2492 1544 2560 Maximos,
1577 2509 1633 2549 ut
1660 2497 1732 2550 illi
1772 2515 1888 2551 eam
1927 2502 2241 2568 comproba-

713 2585 855 2640 rent,
895 2579 940 2631 si
969 2595 1098 2632 sana
1154 2591 1334 2646 esset;
1376 2584 1458 2635 vel
1499 2588 1826 2654 corrigerent
1872 2590 1916 2641 si
1972 2605 2240 2656 perversa,

710 2664 830 2719 fuse
860 2664 1136 2722 Ferrarius
1183 2670 1235 2721 in
1281 2669 1372 2723 lib.
1410 2669 1484 2724 De
1528 2675 1704 2742 Antiq.
1738 2676 2000 2740 epistolar.
2040 2677 2240 2732 Eccles.

709 2770 904 2822 genen,
922 2759 1212 2823 praesertim
1238 2759 1328 2811 lib.
1357 2776 1415 2824 ιι,
1441 2775 1489 2813 c.
1521 2760 1571 2813 6.
1611 2762 1798 2816 Verum
1829 2775 1886 2819 ut
1915 2778 2149 2820 revertar
2174 2769 2241 2822 ad

710 2843 1062 2913 dogmaticam
1097 2847 1252 2899 istam
1297 2849 1597 2915 epistolam,
1639 2852 1718 2904 vel
1745 2867 2077 2915 sermonem,
2131 2844 2245 2908 sive

2339 1883 2458 1937 cilia
2481 1880 2838 1934 subodoratus
2858 1889 2955 1933 est.
2979 1872 3234 1942 Primam,
3258 1876 3309 1929 in
3332 1891 3436 1944 qua
3459 1875 3686 1928 Maximo
3711 1875 3883 1944 Cyni-

2339 1984 2403 2024 co
2433 1969 2640 2021 intruso
2659 1967 2934 2035 depulsoe
2958 1965 3080 2020 sede
3100 1963 3686 2030 ConstantinOpolitana
3702 2003 3717 2027 ,
3743 1961 3887 2017 Gre-

2339 2055 2522 2124 gorius
2540 2053 2938 2116 Nazianzenus,
2966 2052 3058 2121 qui
3089 2051 3492 2105 administrarat
3520 2050 3686 2115 illam,
3713 2064 3885 2117 quam

2340 2144 2561 2211 regebat
2600 2143 2915 2210 jamdudum
2963 2141 3029 2195 ab
3081 2155 3170 2193 an.
3215 2138 3318 2192 379
3360 2138 3465 2206 (uti
3500 2146 3723 2191 testatur
3763 2140 3890 2206 ipse

2341 2233 2630 2302 Gregorius
2669 2234 2723 2284 in
2769 2230 2966 2284 lambis
3002 2231 3065 2282 de
3106 2213 3236 2282 Vita‘
3260 2245 3389 2288 sua.
3439 2243 3489 2294 p.
3517 2227 3614 2295 15)
3641 2227 3886 2280 delectus

2339 2320 2440 2374 fuit
2469 2340 2482 2374 ε
2518 2322 2610 2374 illo
2638 2319 2904 2388 (inquam)
2936 2319 3191 2380 Maximo,
3221 2320 3309 2384 qui
3334 2318 3385 2368 in
3421 2317 3603 2369 habitu
3635 2316 3762 2368 idoli
3793 2315 3886 2367 in-

2341 2411 2590 2474 cedebat,
2641 2410 2693 2464 id
2750 2420 2832 2462 est
2882 2409 3170 2477 palliatus,
3216 2416 3274 2458 ut
3321 2395 3527 2459 erudite
3575 2403 3888 2457 Holstenius

2298 2541 2300 2543 .
2341 2497 2592 2560 adnotat,
2623 2511 2676 2562 p.
2699 2493 2800 2547 259
2843 2497 2895 2546 in
2928 2488 3142 2546 Calfect.
3175 2491 3408 2544 Romana
3446 2491 3594 2558 (qua:
3627 2491 3890 2544 beneﬁcio

2341 2579 2772 2646 splendidissimo
2796 2579 3128 2632 emin‘entiss.
3157 2576 3437 2630 cardinalis
3470 2575 3744 2629 Barberini
3777 2576 3887 2628 bo-

2342 2683 2413 2722 no
2462 2669 2715 2723 Ecclesia:
2752 2669 2861 2721 nati
2911 2666 3134 2720 feliciter
3164 2667 3332 2719 lucem
3375 2664 3627 2734 aspexit)
3662 2680 3691 2717 e
3718 2662 3892 2716 Caele—

2342 2756 2482 2810 stino
2530 2771 2705 2823 papa,
2737 2767 2791 2807 et
2821 2755 3140 2809 Tertullian.
3185 2763 3238 2808 et
3280 2755 3396 2806 Act.
3443 2752 3542 2807 SS.
3585 2751 3785 2818 Perpet.
3830 2760 3893 2806 et

2342 2843 2551 2897 Felicit.
2576 2844 2768 2911 quibus
2793 2844 2984 2905 addam
3014 2857 3254 2896 sanctum
3291 2841 3648 2910 Augustinum
3673 2879 3689 2903 ,
3718 2850 3885 2896 tract.

711 2941 1014 2997 tractatum,
1048 2935 1300 3004 ἐπιστολὴ
1331 2952 1559 3005 namque
1605 2941 1818 3006 dicitur,
1850 2950 2007 3010 atque
2048 2942 2200 3010 λόγος
2224 2983 2239 3007 ,

2343 2934 2408 2997 7,
2448 2950 2566 3002 cap.
2607 2950 2620 2986 l
2668 2934 2721 2986 in
2761 2932 3030 3000 Evangelii
3066 2930 3288 2984 Joannis
3314 2931 3660 2999 Expositione
3697 2947 3747 2998 p.
3776 2933 3888 2997 21,

710 3021 1020 3074 crediderim
1056 3023 1199 3092 illius
1247 3026 1844 3098 auclorenLEvagrium,
1887 3031 1974 3098 qui
2024 3035 2086 3084 ad
2124 3034 2241 3085 dia-
2268 3055 2312 3114 ρ
2342 3025 2436 3078 ubi
2480 3025 2692 3078 novisse
2733 3036 2791 3076 se
2835 3022 3020 3076 scribit
3066 3022 3250 3088 aliquo
3315 3029 3551 3088 tempore
3587 3021 3729 3074 illius
3765 3023 3888 3089 pal-

710 3119 958 3161 conatum
989 3120 1270 3176 provectus
1293 3113 1390 3167 fuit
1414 3131 1442 3167 a
1469 3126 1650 3170 sancto
1673 3117 1926 3186 Gregorio
1955 3119 2243 3174 Nazianze-
2280 3111 2321 3132 ἶ
2345 3116 2452 3168 liati
2483 3115 2592 3183 (sic
2619 3114 2761 3168 enim
2799 3111 3074 3182 legendum
3105 3119 3185 3165 est
3213 3125 3309 3178 pro
3343 3111 3535 3179 pileato
3563 3112 3889 3180 utrobique)

716 3213 806 3272 no,
841 3208 895 3252 ut
923 3201 1235 3267 prmdicarct
1281 3203 1443 3270 (quod
1488 3213 1602 3256 erat
1641 3221 1833 3260 munus
1879 3208 2240 3272 diaconoruin,

711 3285 868 3352 idque
915 3287 965 3338 in
1017 3289 1354 3343 ordinatione
1404 3291 1638 3357 ipsorum
1690 3294 1844 3347 hodie
1893 3311 2104 3363 quoque
2141 3297 2245 3351 illis

710 3375 1104 3445 committitur);
1137 3394 1306 3446 neque
1339 3395 1461 3433 vero
1496 3381 1682 3435 licebat
1716 3382 1798 3437 his
1825 3385 2110 3451 praalicare
2143 3387 2244 3439 nisi

711 3463 890 3524 ﬁdem,
929 3481 1086 3532 quam
1124 3453 1522 3532 profitebantur,
1551 3480 1806 3533 tenerent,
1841 3483 1895 3526 ut
1931 3490 2046 3527 eam
2077 3491 2243 3544 popu-

711 3550 778 3604 lis
804 3557 1198 3618 annnntiarent,
1227 3560 1352 3623 quin
1379 3557 1692 3628 Episcopum
1717 3562 2084 3616 custodiebant
2110 3580 2243 3616 con-

713 3642 1014 3694 cionanlem
1046 3683 1058 3704 ,
1104 3662 1168 3698 ne
1209 3647 1331 3712 quid
1387 3648 1483 3713 ipsi
1533 3649 1796 3703 excideret
1833 3651 1934 3703 nisi
1989 3651 2243 3704 orthodo—

713 3746 837 3782 xum
884 3740 936 3794 et
983 3732 1126 3786 Fidei
1183 3736 1375 3803 regulis
1423 3751 1753 3804 consonum;
1816 3741 1955 3792 unde
2001 3739 2244 3795 Clemens

713 3819 766 3870 in
791 3809 1205 3878 Constitutionib.
1242 3827 1468 3893 Apostol.
1521 3830 1608 3882 lib.
1636 3846 1692 3893 ιι,
1729 3845 1777 3882 c.
1813 3830 1898 3890 6l,
1926 3830 2243 3900 Episcopum

714 3905 1064 3961 Gubernatori
1095 3911 1319 3976 confert,
1347 3914 1604 3967 Diaconos
1633 3917 1829 3970 nautis.
1864 3917 1920 3970 S.
1967 3918 2245 3989 Dionysius

715 3996 968 4051 diaconos
1034 4010 1357 4068 purgantes,
1412 4003 1688 4072 episcopos
1752 4008 2084 4073 perﬁcientes
2138 4023 2244 4060 vo-

718 4093 843 4148 rat,
897 4096 1150 4153 erantque
1212 4093 1458 4143 custodes
1519 4092 1711 4145 Levita:
1770 4095 2132 4156 tabernaculi,
2188 4105 2246 4148 ut

716 4172 859 4227 Elias
903 4175 953 4227 in
991 4177 1301 4238 orationem
1338 4180 1359 4230 1
1423 4182 1588 4234 sancti
1642 4181 1880 4249 Gregorii
1924 4182 2242 4238 Nazianzeni

719 4272 864 4314 notat
909 4280 959 4330 p.
1016 4266 1150 4331 157;
1203 4270 1356 4334 quasi
1407 4269 1544 4322 oculi
1601 4273 2002 4339 episcoporum,
2054 4274 2240 4328 Isidor.

2343 3201 2668 3254 sacerdotem
2705 3200 2888 3252 solere
2913 3199 3087 3251 dicere
3120 3217 3132 3252 :
3181 3198 3243 3251 Et
3289 3199 3400 3265 ipse
3435 3199 3678 3265 palliatus
3717 3198 3890 3251 Chri-

2342 3290 2546 3342 stianus
2590 3299 2705 3353 est;
2754 3289 2806 3341 id
2844 3297 2926 3340 est
2969 3287 3215 3355 Serapis,
3265 3289 3419 3355 cujus
3465 3288 3665 3343 idolum
3713 3287 3888 3355 pallio

2343 3379 2729 3431 amiciebatur:
2767 3377 2948 3430 ethoc
2975 3389 3092 3439 est,
3127 3378 3268 3444 quod
3308 3379 3357 3429 in
3402 3379 3621 3444 epistola
3659 3377 3888 3431 Adriani

2343 3469 2404 3519 A.
2460 3467 2598 3536 apud
2640 3466 2926 3535 Vopiscum
2975 3465 3318 3528 enuntiatur,
3364 3465 3579 3534 Serapis
3616 3465 3892 3520 Christia—

2343 3570 2466 3607 IIIIS.

2410 3641 2534 3693 Fuit
2572 3643 2806 3710 synodus
2851 3643 3114 3706 secunda,
3162 3642 3216 3694 in
3257 3656 3362 3710 qua
3417 3656 3537 3696 sese
3590 3641 3888 3696 abdicante

2344 3737 2527 3782 sancto
2544 3728 2798 3798 Gregorio
2818 3727 3174 3793 Nazianzeno,
3193 3741 3245 3785 et
3271 3732 3536 3799 episcopis
3555 3730 3890 3796 junioribus,

2341 3817 2436 3886 qui
2480 3826 2855 3886 pertraxerunt
2894 3818 2958 3872 ad
3000 3833 3057 3871 se
3087 3819 3220 3871 alios
3251 3822 3523 3880 seniores,
3566 3819 3894 3884 subrogatus

2341 3907 2389 3960 ei
2421 3907 2519 3959 fuit
2544 3907 2842 3972 Nectarius,
2868 3909 2932 3961 ad
2954 3923 3110 3976 quem
3138 3918 3188 3960 et
3218 3909 3328 3976 ipse
3356 3916 3570 3961 sanctus
3593 3907 3893 3974 Gregorius

2344 3997 2524 4063 dirigit
2555 3998 2850 4054 orationem
2890 3998 2976 4060 46,
3010 4001 3061 4050 in
3093 4013 3194 4066 qua
3225 3999 3463 4065 deplorat
3495 3999 3740 4051 Ecclesia:
3775 4009 3895 4051 sta-

2347 4095 2454 4139 tum
2486 4087 2770 4153 ipsumque
2799 4087 3061 4146 hortatur,
3097 4096 3155 4138 ut
3191 4090 3419 4140 haereses
3470 4095 3897 4154 conrpeseat_,-et

2344 4178 2638 4232 bwreticos.
2699 4175 2774 4227 Eo
2821 4189 2946 4228 sane
2992 4175 3214 4226 consilio
3273 4190 3402 4228 usus
3448 4175 3722 4229 Nectarius
3761 4192 3891 4230 cum

2343 4263 2606 4334 episcopis
2648 4262 2744 4315 150
2785 4262 2802 4332 (
2839 4270 2915 4314 tot
2953 4263 3094 4314 enim
3143 4269 3530 4324 convenerant,
3567 4273 3616 4314 et
3641 4261 3894 4335 diversa-

717 4350 1000 4412 I‘elusiota,
1053 4355 1204 4418 epist.
1245 4356 1332 4419 '29,
1377 4357 1464 4410 lib.
1523 4375 1558 4411 ι.
1604 4358 1714 4411 Non
1767 4362 1962 4413 mirum
2018 4363 2174 4431 igitur
2201 4365 2240 4418 si
2279 4354 2318 4406 D
2350 4357 2538 4407 bantur
2566 4351 3057 4427 Constantinopoli.)
3089 4350 3349 4402 Eucherio
3389 4359 3437 4402 et
3469 4348 3687 4418 Syagrio
3717 4365 3892 4411 coss.,

713 4439 952 4508 ejusdem
1007 4439 1422 4506 Evpositionem,
1467 4460 1562 4496 seu
1618 4445 2018 4500 Professionem‘
2059 4460 2242 4517 protu-

718 4529 839 4580 lerit
891 4526 1146 4597 Fragrius
1181 4529 1461 4592 Diaconos,
1503 4547 1621 4584 cum
1664 4520 1954 4602 praasertim
2002 4551 2066 4588 eo
2116 4547 2246 4589 tem-

718 4629 846 4681 pore
888 4617 1120 4684 synodus
1156 4617 1438 4671 haberetur
1483 4615 1977 4689 Constantinopoli,
2021 4637 2246 4675 consum-

715 4703 873 4770 617
935 4703 1207 4770 verintque
1248 4696 1456 4758 diaconi
1508 4709 1757 4763 assistere
1789 4753 1802 4774 ,
1850 4725 1911 4762 ac
1943 4711 2246 4764 ministrare

717 4793 831 4845 suis
870 4793 1130 4860 episcopis
1174 4811 1187 4845 :

718 4882 1087 4935 Alexandrinas
1133 4882 1382 4936 Ecclesia:
1430 4885 1732 4939 Alexandro
1771 4889 2020 4955 episcopo
2065 4891 2248 4942 aderat

719 4970 858 5036 apud
887 4968 1148 5024 Nieaanam
1175 4972 1458 5040 synodum;
1495 4982 1627 5027 teste
1645 4973 1841 5043 Severo
1858 4975 2084 5040 Sulpitio
2102 4977 2190 5029 lib.
2213 4995 2245 5030 ιι

720 5057 876 5111 θαι-τ.
890 5059 1158 5114 Histor.Et
1173 5063 1651 5133 [ιίηοὰνιστορησια
1668 5064 1865 5118 infandi
1889 5065 2248 5119 limresiareha!

720 5147 1146 5213 deprehenditur,
1171 5162 1223 5204 et
1245 5153 1552 5206 confutatur
1574 5195 1588 5218 ,
1619 5151 1716 5222 qui
1745 5167 1984 5209 sanctum
2020 5157 2252 5209 Athana-

723 5236 858 5287 sium
895 5235 1121 5290 Nicaeus:
1163 5236 1376 5307 Synodo
1421 5241 1697 5308 praefuisse
1743 5244 1992 5296 somniat.
2040 5242 2250 5309 Legitur

724 5332 870 5376 tomo
913 5323 934 5374 ι
974 5325 1206 5392 Opernm
1251 5329 1418 5380 sancti
1452 5329 1688 5398 Gregorii
1713 5329 2028 5383 Nazianzcni
2069 5330 2250 5385 Oratio

709 5401 811 5472 '45,
866 5411 930 5464 ad
986 5413 1264 5482 Evagrium
1309 5418 1663 5479 monachum,
1711 5419 1866 5471 istum
1905 5419 2070 5483 forte,
2123 5420 2248 5471 dum

727 5496 898 5550 adhuc
927 5499 1230 5553 diaconatui
1267 5517 1372 5554 non
1405 5500 1590 5553 fuisset
1617 5503 1883 5568 initiatus,
1918 5505 2248 5572 interrogan-

683 5565 831 5664 dum
877 5588 948 5642 De
992 5589 1306 5653 Dirim'tate,
1362 5607 1413 5658 p.
1462 5589 1697 5643 988.'Ad
1748 5565 1916 5659 ipsum
1967 5565 2244 5660 Evagriunt

1233 4793 1303 4846 ita
1353 4809 1567 4851 sanctus
1616 4799 1940 4852 Athanasius
1988 4801 2272 4857 diaconus.

2349 4445 2460 4497 sive
2511 4456 2648 4494 anno
2690 4456 2718 4491 a
2749 4440 2818 4493 C.
2857 4439 2918 4492 N.
2956 4420 3074 4501 581,
3127 4453 3155 4490 a
3200 4453 3380 4491 mense
3412 4437 3546 4490 Maio
3585 4437 3648 4489 ad
3702 4438 3731 4488 7
3764 4437 3894 4491 ldus

2347 4531 2515 4583 Julias
2544 4531 2800 4598 synodum
2833 4529 3016 4580 habuit
3041 4527 3422 4581 (ccui'nenicam
3445 4566 3458 4589 ,
3495 4525 3669 4594 quoad
3685 4525 3895 4604 ‘Oriea-

2351 4633 2452 4671 tem
2483 4619 2760 4687 (Chronic.
2794 4617 3041 4671 llistoric.
3070 4617 3199 4669 Cod.
3224 4614 3600 4681 Theodosian.)
3633 4623 3683 4664 et
3710 4612 3893 4666 Mace-

2350 4708 2609 4760 donianos
2662 4708 3000 4774 potissimum
3061 4705 3362 4765 damnans,
3423 4701 3652 4768 Spiritus
3711 4700 3893 4754 sancti

2351 4797 2678 4850 divinitatem
2723 4794 3050 4854 inﬁciantes,
3104 4792 3304 4846 sarcire
3335 4798 3560 4843 conatus
3599 4800 3680 4841 est
3723 4789 3892 4842 dissi-

2352 4887 2436 4938 dia
2475 4884 2750 4946 Ecclesiae,
2791 4883 2953 4950 618
2987 4892 3275 4947 pacemque
3305 4876 3612 4930 conciliare.
3661 4874 3716 4928 ln
3756 4874 3890 4928 llol-

2353 4974 2528 5027 stcinii
2557 4972 2771 5040 quidem
2821 4972 3206 5036 Diagratnmate
3243 4965 3637 5018 chronotactico
3670 4966 3891 5031 pontifi—

2353 5059 2749 5115 catns'Damasi
2779 5097 2792 5118 ,
2822 5055 2964 5124 quod
3030 5053 3166 5104 inter
3193 5053 3308 5119 ejus
3347 5052 3570 5106 schedas
3613 5061 3888 5118 repertum

2353 5146 2606 5199 inscrtum
2644 5145 2742 5196 fuit
2775 5142 3024 5193 Romana:
3056 5137 3360 5190 Collectioni
3387 5177 3400 5201 ,
3440 5151 3490 5202 p.
3521 5135 3613 5188 30l
3642 5174 3654 5197 ,
3687 5136 3754 5186 ad
3791 5150 3890 5187 au-

2355 5251 2478 5291 num
2507 5236 2628 5294 438,
2661 5234 2887 5284 locatum
2910 5229 3192 5281 concilium
3216 5224 3600 5282 (ecumenicum
3626 5221 3888 5277 Constarr
3979 5299 3988 5311 Ι

2355 5326 2760 5393 tinopolitannm
2791 5320 3022 5372 habitum
3057 5334 3238 5372 mense
3260 5315 3398 5369 Maio
3419 5354 3433 5376 ,
3474 5313 3686 5366 Maximi
3721 5324 3892 5366 teme-

2354 5416 2481 5467 ritas
2538 5415 2838 5465 damnatur.
2897 5408 3183 5481 Gregorius
3249 5404 3609 5471 episcopatum
3666 5401 3892 5468 deponit

2356 5511 2562 5569 propter
2587 5499 2898 5554 discordiam
2926 5497 3328 5563 episcoporum,
3361 5491 3599 5572 Meletius
3619 5489 3890 5544 Constan-

2356 5591 2571 5656 tinopoli
2617 5589 2865 5650 moritur,
2916 5586 3163 5639 suffectus
3202 5582 3484 5635 Flavianus
3515 5580 3886 5648 episcopatum
