4122 6338
233 309 380 377 1345

1379 316 1472 375 DE
1524 315 1892 375 OPERIBUS
1929 317 1987 374 S.
2027 317 2207 374 NILI.

3257 315 3390 382 134⁸1

225 421 355 490 ejus
376 421 816 489 suscipitviventc
834 419 1072 486 Paulino,
1087 405 1326 491 Gregorii
1350 424 1467 478 loco
1482 423 1760 480 Nectarius
1788 429 1830 483 Α
1863 424 1936 476 thi
1963 439 2144 476 eremo
2177 423 2373 491 passim
2407 431 2579 492 agitur
2609 425 2661 478 in
2713 424 2838 477 Vitis
2870 425 3124 490 Patrum,
3156 427 3247 481 ubi
3275 430 3395 495 pin-

222 507 481 575 eligitur;
524 523 640 575 qua:
658 509 834 561 omnia
855 523 1228 576 congeruntur,
1248 512 1321 564 uti
1348 513 1506 565 simul
1527 512 1694 579 facta,
1714 522 1768 566 et

226 599 414 646 tamen
427 594 649 655 multum
669 595 918 662 temporis
932 597 1249 662 intercessit,
1269 598 1394 651 dum
1412 607 1628 652 sanctus
1645 598 1769 652 Gre-

223 681 416 747 gorius
431 681 638 735 clavum
658 681 904 736 Ecclesiae
926 685 1094 736 tenuit
1111 721 1126 745 ,
1150 685 1477 753 tentavitquc
1495 686 1764 740 Orientem

203 766 506 824 Occidenti
532 787 718 825 rursus
737 771 960 840 jungere
979 812 994 835 ,
1027 786 1089 826 ac
1118 773 1333 827 collisas
1363 775 1604 842 regiones
1628 775 1766 828 ans

221 855 612 910 schismatibus
662 871 724 910 ac
763 859 1050 911 haeresihus
1066 859 1132 911 ad
1153 874 1326 911 arcem
1349 853 1634 928 Religionis
1655 859 1764 912 Ro-

221 957 443 996 manam
460 942 770 1006 Ecclesiam,
784 946 1125 1015 polaremque
1146 948 1348 999 stellam
1366 948 1647 1011 reducere;
1669 963 1762 1000 ne-

219 1029 520 1098 quidquam
554 1041 728 1084 tamen
757 1049 771 1083 :
813 1040 868 1084 et
890 1033 1010 1086 ideo
1032 1032 1355 1102 distinguere
1376 1034 1508 1086 duas
1533 1033 1762 1103 synodos

220 1127 326 1182 par
353 1126 463 1170 est:
499 1119 742 1185 quamvis
767 1119 818 1170 in
837 1120 975 1172 notis
995 1134 1046 1187 p.
1071 1119 1174 1172 260
1195 1159 1207 1182 ,
1240 1121 1304 1171 ad
1324 1120 1530 1173 Damasi
1554 1119 1763 1188 Episto-

171 1191 182 1197 ’
221 1199 337 1254 Iam
361 1203 623 1267 observet,
644 1204 781 1257 istud
811 1205 1089 1258 concilium
1119 1205 1577 1273 Constantinopoli
1601 1208 1761 1260 colle-

220 1299 375 1344 ctum
410 1291 478 1344 ad
517 1292 941 1346 substituendum
973 1292 1424 1360 Constantinopoli
1455 1295 1759 1360 episcopum

221 1376 446 1432 Maximi
467 1381 604 1444 vice,
623 1381 713 1450 qui
731 1380 903 1435 fuerat
928 1382 1198 1445 exclusus,
1231 1380 1390 1435 fuisse
1414 1383 1751 1450 particulare.

223 1468 382 1534 Quod
404 1479 581 1524 autem
602 1470 1150 1541 appingitEeclesiam
1174 1473 1464 1525 Romanam
1487 1489 1758 1541 nunquam

221 1558 280 1611 id
316 1559 566 1614 habuisse
583 1575 678 1628 pro
702 1562 959 1631 generali,
984 1561 1048 1614 de
1075 1563 1246 1629 primo
1271 1561 1638 1624 concederem,
1665 1563 1756 1615 sed

224 1661 335 1699 non
364 1647 429 1701 de
456 1649 718 1713 secundo;
753 1649 892 1717 quod
921 1664 1015 1716 pro
1037 1649 1263 1716 generali
1289 1649 1550 1701 nominari
1584 1649 1758 1703 vidca-

1861 511 2180 580 guescebant
2216 506 2454 578 speCiosa
2492 513 2706 575 deserti,
2731 523 2784 565 ct
2815 513 3130 565 lzctabantur
3157 515 3388 578 deserta,

1859 610 1912 653 et
1940 601 2079 652 invia
2110 637 2126 663 ,
2160 609 2214 653 et
2237 601 2536 655 exsultabat
2563 594 2796 654 solitudo
2816 640 2829 661 ,
2881 602 3030 667 juxta
3075 603 3387 656 vaticinium

1859 688 2006 741 Isaia:
2042 703 2091 742 c.
2120 703 2261 758 xxxv
2282 729 2296 752 ,
2321 704 2370 740 v.
2404 689 2463 753 1,
2494 704 2610 742 eam
2641 688 2995 742 incolentibus
3018 691 3248 758 undique
3268 708 3392 745 1110·

1859 777 2147 828 nachorum
2186 775 2520 829 examinibus
2545 814 2558 837 ,
2607 783 2666 829 et-
2697 777 3139 830 anachoretarnm
3175 781 3387 834 turmis.

1860 863 2136 932 Scythiaca
2172 865 2335 932 regio,
2363 873 2543 929 postea
2575 863 2769 926 Sectis,
2810 865 2892 918 vel
2923 865 3083 934 Scitis
3109 869 3388 934 appellata,

1859 931 1943 1003 ibi
1979 965 2135 1004 mons
2177 931 2261 1004 est
2297 951 2463 1003 Sectis
2487 990 2502 1013 ,
2550 951 2642 1004 ubi
2680 931 3083 1021 philosophatus
3120 931 3198 1008 est
3230 960 3391 1009 Arse-

1859 1039 1980 1093 nius
2022 1039 2078 1091 S.
2106 1039 2168 1092 Β.
2205 1039 2261 1091 E.
2298 1039 2448 1090 card.
2467 1038 2531 1108 (1)
2549 1038 2616 1092 de
2643 1054 2750 1106 quo
2779 1041 2844 1093 19
2867 1041 2990 1093 Julii
3028 1044 3077 1094 in
3112 1043 3387 1112 Martyrol.

1855 1127 2220 1194 suprascripto
2241 1165 2255 1188 ,
2285 1133 2341 1178 et
2358 1140 2514 1193 quem
2543 1126 2734 1179 accola:
2773 1126 2994 1180 Nitriam
3018 1143 3228 1189 vocant,
3265 1133 3389 1198 quia

1856 1218 2004 1271 vicus
2039 1218 2252 1284 quidam
2295 1217 2343 1268 ei
2371 1217 2573 1270 vicinus
2611 1228 2726 1282 est,
2782 1218 2832 1270 in
2867 1234 2972 1286 quo
3003 1218 3209 1271 Nitrum
3240 1223 3391 1273 colli-

1855 1290 1997 1373 gitur
2033 1324 2047 1358 :
2087 1307 2279 1359 ibidem
2325 1308 2646 1358 monasteria
2689 1307 2933 1374 contigua
2982 1324 3086 1360 non
3137 1312 3387 1375 pauciora

1855 1408 2016 1460 quam
2052 1393 2139 1458 50,
2175 1408 2402 1461 quorum
2427 1395 2670 1447 monachi
2709 1395 2901 1457 simul,
2938 1396 3017 1448 vel
3045 1398 3265 1449 seorsim
3299 1399 3392 1448 ha-

1855 1483 2024 1534 bitant
2050 1500 2064 1546 ,
2094 1491 2148 1535 et
2179 1481 2459 1549 Niccplior.
2493 1482 2693 1534 Callisti
2739 1497 2787 1534 c.
2833 1483 2900 1536 38
2924 1521 2939 1544 ,
2984 1484 3075 1536 lih.
3105 1500 3141 1537 11
3186 1486 3389 1538 Hister.

1857 1568 2054 1622 Eccles.
2083 1572 2235 1622 Anno
2269 1567 2455 1622 salutis
2488 1570 2708 1636 publicae
2739 1570 3204 1637 septingentesimo
3234 1572 3390 1638 quin-

1855 1657 2163 1725 quagesimo
2201 1674 2263 1711 cx
2293 1672 2552 1724 responso
2581 1657 2849 1711 Zachariae
2889 1658 3150 1723 pontificis
3174 1656 3390 1710 Maximi

223 1736 403 1802 tunibi
424 1775 440 1800 9
465 1746 519 1790 ει
543 1737 594 1792 in
615 1737 948 1806 proressione
967 1736 1087 1790 ﬁdei
1109 1736 1400 1790 Romanor.
1426 1737 1753 1804 pontificum.
1787 1731 1827 1783 Β
1855 1744 2185 1798 Childcricus
2206 1787 2220 1809 ,
2260 1753 2352 1798 aut
2397 1744 2697 1797 Hildericus
2730 1759 2818 1797 rex
2864 1743 3186 1796 Francorum
3221 1759 3248 1796 ο
3283 1744 3391 1796 Me-

219 1828 296 1880 At
311 1842 526 1881 manum
543 1828 607 1882 de
623 1829 797 1882 tabula
819 1844 832 1878 :
856 1828 985 1882 satis
1004 1828 1296 1895 hucusque.
1310 1826 1519 1881 Interim
1537 1829 1756 1893 Evagrio

220 1914 625 1971 Professionem
655 1917 809 1971 istam
841 1917 1020 1980 tribui,
1042 1930 1071 1969 a
1101 1930 1206 1983 quo
1228 1928 1443 1969 sanctus
1467 1915 1615 1969 Nilus
1640 1931 1754 1969 eam

221 2003 460 2072 excepit,
513 2020 773 2072 suamque
802 2004 992 2058 fecisse
1024 2003 1228 2058 videtur
1248 2041 1263 2067 ,
1291 2006 1416 2057 dum
1447 2006 1758 2073 comproba-

220 2091 324 2153 vit,
351 2101 403 2145 et
429 2095 703 2148 monachis
733 2085 847 2147 suis
871 2093 1252 2153 observandam
1272 2094 1437 2158 misit,
1465 2103 1523 2147 ut
1549 2094 1757 2161 opinor,

220 2181 454 2249 ideoque
490 2180 608 2236 Nilo
645 2184 963 2238 vindicatur.
993 2184 1034 2235 A
1059 2190 1243 2238 san’cto
1267 2184 1518 2252 Gregorio
1541 2182 1760 2237 Nazian-

220 2283 362 2322 zeno
388 2269 576 2328 hausta
617 2269 823 2337 fuerat,
855 2281 908 2324 et
936 2271 1208 2336 derivata,
1237 2285 1302 2326 cx
1331 2273 1610 2340 colloquiis
1638 2287 1759 2327 cum

219 2371 290 2410 eo
316 2355 544 2424 habitis,
579 2360 652 2413 uti
681 2360 869 2428 legitur
895 2360 950 2438 in
984 2359 1299 2414 Praefatione
1331 2362 1395 2415 ad
1426 2361 1720 2414 monachus
1742 2400 1756 2425 ,

220 2447 320 2513 qui
363 2456 516 2500 erant
556 2448 607 2499 in
649 2450 969 2514 solitudine,
1005 2453 1439 2521 quam‘patriam
1487 2451 1756 2504 nominat:

222 2545 352 2583 nam
381 2546 594 2585 eremus
619 2541 700 2585 est
723 2533 891 2598 patria
909 2547 1051 2596 vera,
1072 2537 1352 2600 solumque
1373 2534 1548 2586 natale
1577 2549 1762 2587 mona-

221 2624 473 2686 chorum,
498 2623 588 2676 uhi
623 2623 818 2675 mortui
849 2623 1064 2686 mundo,
1086 2621 1406 2690 Christoque
1427 2624 1536 2676 nati
1569 2620 1758 2676 nomen

221 2705 522 2777 dederunt,
567 2719 620 2765 et
653 2713 857 2765 vivunt.
903 2713 966 2765 Hi
1001 2727 1124 2765 vero
1163 2713 1404 2765 monachi
1443 2712 1760 2766 revocabant

223 2801 401 2868 ipsum
428 2810 698 2852 auctorem
723 2839 738 2863 ,
766 2799 858 2868 qui
887 2815 1104 2853 causam
1138 2815 1300 2853 morte
1329 2801 1606 2868 praetendit
1630 2799 1760 2855 Gre-

222 2889 363 2958 gorii
405 2889 724 2942 Nazianzeni
771 2890 1210 2943 consuetudinem
1237 2926 1252 2951 ,
1299 2905 1362 2944 ac
1413 2889 1756 2953 Doctrinam,

224 2980 514 3045 monetque
540 2978 681 3039 illos,
711 2985 767 3030 ut
794 2986 1016 3064 caveant
1039 2986 1068 3030 a
1096 2978 1403 3042 Philistseis,
1431 2977 1760 3032 Macedonia-
1784 3008 1826 3064 ο

223 3063 314 3117 nis
341 3060 548 3131 nempe,
579 3063 668 3130 qui
701 3057 916 3131 Spiritui
946 3073 1128 3117 sancto
1158 3064 1531 3132 abjudicabant
1568 3066 1759 3119 divini-

229 3162 433 3217 tatem;
486 3152 729 3205 Haarctici
782 3155 972 3221 quippe
1014 3156 1305 3208 monachos
1360 3155 1663 3222 simplices,
1707 3164 1761 3208 et

222 3241 537 3308 plerumque
571 3240 761 3293 idiotas
795 3227 1010 3295 inlicere
1058 3243 1169 3296 suis
1194 3243 1465 3296 erroribus
1486 3245 1757 3295 conaban-

225 3339 336 3383 tur.
367 3330 517 3396 llinc,
548 3330 672 3390 licet
704 3329 792 3382 diu
821 3342 975 3397 post,
1009 3333 1246 3399 queritur
1273 3342 1493 3385 sanctus
1520 3332 1754 3398 Fulgen-

226 3421 336 3473 tius
366 3429 532 3472 terras
557 3418 839 3472 Thebaida;
864 3420 1093 3487 regionis
1122 3420 1172 3471 in
1206 3419 1434 3487 Egypto
1456 3435 1484 3472 a
1515 3435 1753 3473 commu-

224 3510 388 3562 nione
418 3508 554 3562 beati
582 3508 722 3561 Petri
749 3508 818 3562 ob
845 3509 1096 3575 perfidam
1121 3508 1509 3563 dissensionem
1541 3515 1771 3576 separa-'

225 3606 344 3659 tas,
393 3597 469 3650 uti
509 3597 704 3651 certior
749 3595 921 3650 factus
967 3595 1137 3650 fuerat
1182 3598 1248 3650 al)
1275 3583 1753 3664 Eulalio‘episcopo

229 3687 587 3757 Syracusano,
610 3702 730 3741 cum
757 3686 983 3754 migrare
1033 3700 1093 3738 ac
1119 3698 1333 3751 pergere
1357 3684 1754 3750 concupisceret

223 3777 293 3828 ad
323 3787 608 3828 extremam
644 3775 785 3826 illius
818 3787 1054 3826 eremum
1086 3788 1100 3822 :
1160 3767 1382 3821 afﬁrmat
1407 3771 1508 3821 hoc
1531 3769 1751 3821 Cartha-

225 3862 464 3930 ginensis
497 3860 744 3913 Ecclesia:
769 3859 1026 3912 diaconus
1054 3855 1356 3910 Ferrandus
1400 3857 1449 3908 in
1487 3855 1602 3907 l'ita
1629 3843 1752 3909 san-

224 3952 296 4003 cti
333 3949 596 4017 Fulgentii
620 3988 633 4011 ,
666 3962 712 4002 c.
755 3946 851 4007 i2,
892 3961 945 4014 p.
980 3945 1111 4008 222,
1144 3946 1209 3997 ad
1238 3960 1383 3997 num.
1429 3945 1459 3995 6
1494 3943 1616 3996 anni
1649 3942 1750 3994 456

224 4039 442 4095 (20111111.
481 4038 672 4089 Baron.
717 4051 769 4104 p.
802 4035 939 4099 650,
969 4049 1059 4087 eas
1098 4020 1302 4086 scilicet
1345 4034 1398 4086 in
1442 4031 1751 4098 solitudines

222 4127 488 4195 deportati
514 4125 880 4179 haeresiarcha:
916 4122 1252 4190 decipiebant
1289 4120 1669 4179 anachoretas,
1699 4125 1752 4169 et

227 4214 518 4268 illudebant
541 4211 816 4265 monachis
847 4210 1053 4262 vicinis.
1105 4207 1381 4260 Nestorius
1426 4204 1707 4257 damnatus
1731 4241 1746 4266 ,

1855 1833 2016 1884 rowei
2066 1834 2230 1900 stirpe
2262 1833 2480 1886 ultimus
2509 1834 2779 1899 depositus
2803 1842 2903 1892 est,
2932 1847 3198 1899 regnoque
3221 1831 3391 1882 Fran-

1855 1934 2038 1973 c0rum
2071 1921 2217 1973 abire
2254 1921 2468 1989 jussus,
2521 1929 2572 1972 et
2621 1928 2863 1972 attonsus
2911 1920 3205 1972 monastico
3243 1934 3390 1972 more

1857 2019 2101 2062 retrusus
2147 2008 2244 2061 fuit
2291 2011 2344 2061 in
2383 2011 2761 2061 monasterium
2805 2009 2970 2061 sancti
3015 2007 3248 2070 Bertini,
3279 2007 3388 2060 sive

1856 2100 2025 2151 sancti
2055 2098 2344 2151 Audomari
2372 2114 2386 2160 ;
2426 2105 2476 2148 et
2511 2112 2601 2162 per
2631 2097 2837 2149 diversa
2870 2093 3088 2147 latibula
3125 2103 3392 2148 monasteo

1858 2190 2061 2240 riorum
2096 2189 2427 2247 diversatns,
2466 2186 2671 2237 tandem
2716 2185 2844 2238 obiit
2879 2185 2929 2237 in
2968 2184 3256 2245 Sithicnsi,
3298 2199 3386 2237 an.

1858 2257 1977 2329 754.
2029 2274 2111 2328 Jo.
2160 2274 2274 2327 Iac.
2321 2272 2545 2325 Chimet.
2589 2273 2638 2325 in
2681 2271 2923 2324 Anastas.
2964 2269 3283 2334 Childerici,
3335 2271 3388 2322 in

1859 2365 2027 2418 Sithia
2069 2376 2200 2429 ,scu
2248 2362 2438 2426 Sithii;
2484 2362 2585 2415 hoc
2629 2361 2810 2414 datum
2859 2360 3030 2413 fuerat
3078 2360 3270 2412 nomen
3313 2360 3388 2412 illi

1857 2456 2133 2517 ccenohio,
2188 2455 2239 2504 in
2284 2468 2390 2520 quo
2416 2451 2765 2517 versabantur
2800 2449 3046 2501 monachi
3092 2448 3388 2516 persimilcs

1859 2543 2074 2596 Sithicis
2103 2540 2362 2608 Egyptiis
2391 2539 2564 2606 quoad
2608 2538 2931 2589 institutum.
2965 2537 3113 2602 Apud
3140 2536 3384 2588 Godefri-

1857 2627 1980 2681 dum
2011 2611 2403 2679 lienschcnium
2448 2623 2727 2677 Societatis
2754 2621 2902 2675 Iesu.
2956 2623 3377 2690 Dcportahantur

1857 2715 2120 2784 quondam
2158 2712 2337 2766 Oasim
2369 2710 2704 2765 confessores
2729 2709 3015 2761 Christiani
3046 2710 3145 2762 sub
3172 2707 3386 2762 Iuliano

1857 2805 2019 2873 impio
2045 2810 2305 2872 apostata,
2332 2817 2481 2855 num.
2517 2799 2636 2862 562,
2663 2814 2714 2867 p.
2749 2799 2833 2851 42.
2866 2797 3052 2851 Baron.
3088 2797 3162 2850 Ibi
3194 2797 3387 2851 Calen-

1857 2898 1982 2952 dion
2012 2896 2302 2949 catholicus
2330 2893 2610 2961 episcopus
2641 2890 2957 2942 Antiochcn.
2987 2887 3158 2940 fuerat
3192 2889 3388 2955 relega-

1859 2996 1966 3048 tus,
1998 2984 2291 3052 maiestatis
2323 2990 2604 3036 accusatus
2636 2994 2771 3032 anno
2800 2977 2900 3030 482
2925 2976 3150 3042 ,Baron.
3170 2992 3220 3045 p.
3251 2977 3383 3040 355;

1857 3084 1912 3127 at
1944 3074 2131 3139 deinde
2164 3072 2351 3139 impii,
2386 3081 2436 3123 et
2463 3067 2726 3129 haeretici,
2761 3065 3029 3119 Severiani
3054 3106 3066 3129 ,
3096 3065 3383 3132 Acephali,

1853 3172 1903 3215 ct
1941 3133 2029 3214 sin
2067 3161 2179 3228 jam
2225 3157 2517 3212 enumerati
2548 3174 2562 3207 :
2609 3156 2688 3209 sic
2721 3155 3102 3227 monachorum
3136 3153 3283 3206 cella:
3323 3153 3379 3205 in

1853 3249 2136 3314 speluncas
2172 3254 2241 3302 τοι
2270 3245 2458 3312 spelaea
2478 3243 2748 3296 latronum
2784 3255 2948 3293 versa:
2978 3247 3120 3292 sunt.
3153 3241 3384 3308 Agamus

1852 3334 1989 3401 quod
2019 3333 2216 3394 instat,
2250 3331 2292 3384 si
2325 3346 2580 3383 monuero
2613 3328 2894 3397 Evagrium
2929 3327 3211 3380 diaconum
3240 3327 3386 3380 ordi-

1853 3431 2032 3472 natum
2063 3433 2090 3469 a
2119 3425 2306 3471 sancto
2333 3415 2588 3484 Gregorio
2615 3414 2884 3482 Theologo
2917 3412 3262 3477 Nazianzcno,
3292 3429 3384 3466 cn-
3415 3466 3417 3468 .

1848 3508 1937 3577 jus
1966 3516 2079 3560 erat
2107 3505 2422 3574 discipulus,
2455 3516 2574 3574 post
2606 3504 2721 3572 ejus
2747 3503 3035 3556 discessum
3066 3518 3093 3554 a
3122 3502 3383 3556 Consum-

1852 3597 2199 3663 tinopolitana
2238 3593 2404 3655 urbe,
2456 3593 2698 3643 relictum
2747 3581 2875 3641 inihi
2918 3589 3269 3650 remansisse,
3326 3598 3380 3639 111

1847 3683 2092 3737 Nectario
2112 3675 2418 3736 "successori
2461 3679 2512 3729 in
2540 3678 2663 3730 sede
2692 3677 2837 3728 illius
2869 3676 3116 3727 Ecclesia:
3149 3675 3212 3726 ad
3250 3677 3378 3744 deg—

1848 3785 1988 3828 mata
2021 3773 2361 3841 disquirenda
2391 3778 2528 3823 esset
2573 3768 2917 3834 adiumento;
2958 3766 3035 3818 sic
3073 3767 3136 3817 ad
3180 3780 3378 3818 annum

1846 3862 1978 3925 581,
2011 3859 2296 3914 cardinalis
2336 3855 2595 3908 Baronius
2622 3849 2898 3912 Observat,
2938 3851 3117 3918 11.,448
3147 3851 3375 3912 Annat.;

1848 3964 1944 4002 nec
1965 3949 2106 4011 enim
2143 3942 2270 3999 satis
2301 3945 2512 3997 illorum
2536 3943 2874 4019 peritus‘crat
2902 3937 3196 3993 Nectarius.
3230 3939 3378 3993 Desi-

1849 4036 1922 4089 nit
1945 4037 2044 4093 iste
2074 4041 2327 4086 tractatus
2358 4032 2410 4084 in
2440 4031 2611 4083 verbis
2636 4069 2651 4094 ,
2692 4029 2782 4079 καὶ
2825 4028 2864 4096 ,ἠ
2899 4026 3155 4094 παροιμία
3207 4028 3371 4096 φησί,

1845 4135 1895 4177 et
1925 4123 2255 4175 Pr‘o‘verbium
2288 4129 2526 4173 testatur.
2710 4132 2713 4134 '

1918 4232 2163 4286 Suecedit
2219 4227 2320 4282 Nili
2383 4228 2462 4286 at;
2509 4220 2840 4294 διαφέρουσιν
2908 4223 3014 4276 τῶν
3059 4227 3114 4275 ὲν
3163 4223 3373 4274 πόλεσιν

224 4311 278 4354 et
307 4301 358 4353 in
398 4299 640 4353 exsilium
676 4298 871 4350 missus
906 4297 956 4348 in
986 4294 1107 4348 Oasi
1152 4293 1393 4345 habitare
1422 4291 1748 4358 dignoscitur

1847 4321 2168 4389 οἰκουμένων
2219 4320 2266 4370 οἱ
2310 4320 2367 4369 ὲν
2409 4317 2627 4386 ἐρήμοις
2665 4291 3034 4383 ἧσυχάξοντες,
3089 4312 3237 4374 Quod
3280 4328 3371 4366 e1:-

229 4390 431 4459 (inquit
461 4387 737 4441 Liberatus
760 4386 810 4437 in
843 4383 1106 4436 Breviario
1130 4379 1562 4434 Nestorianorum
1585 4394 1636 4446 p.
1660 4379 1743 4442 53,

227 4485 357 4529 tom.
409 4473 451 4526 lI
482 4473 700 4527 Concill.
752 4478 804 4525 et
853 4471 1097 4522 Socrates
1138 4466 1274 4534 apud
1332 4463 1746 4525 Cassiodorum,

226 4567 352 4618 l.xu
393 4564 542 4616 Hist.
570 4561 797 4629 Tripart.
833 4574 881 4612 c.
914 4557 999 4627 5),
1033 4557 1169 4609 sicut
1197 4551 1516 4608 daemonium
1555 4552 1621 4604 ab
1651 4565 1748 4604 an-

229 4653 346 4714 gelo
375 4649 638 4718 Raphaele
675 4647 948 4714 religatum
972 4643 1142 4696 fuerat
1179 4641 1228 4692 in
1255 4640 1465 4693 deserto
1488 4637 1746 4704 superiori

228 4735 476 4806 Egypti,
512 4736 691 4806 Iohia:
723 4745 838 4803 c’ap.
884 4735 935 4796 8,
968 4747 1016 4782 v.
1039 4731 1091 4783 4.
1123 4728 1408 4783 Monachus
1438 4725 1658 4794 Scythas
1692 4725 1744 4776 in

225 4805 389 4896 619
439 4805 843 4890 septemtrione,
873 4822 958 4874 ubi
996 4819 1280 4872 etiamnum
1325 4813 1621 4867 Nestoriani
1655 4814 1746 4863 de-

227 4921 395 4981 gunt,
437 4909 528 4962 sed
574 4907 929 4976 Eutychianos
967 4903 1250 4959 cardinalis
1298 4901 1433 4953 idem
1483 4897 1744 4949 Baronius

230 5004 490 5052 memorat
513 4994 858 5046 tumultuatos
883 4994 1038 5044 etiam
1066 4992 1318 5043 adversus
1344 4997 1617 5054 paternum
1639 4997 1742 5055 an-

229 5088 444 5141 tistitem
457 5066 816 5142 Tomitannm,
832 5087 884 5130 et
901 5081 1079 5142 turbas
1093 5079 1247 5129 etiam
1270 5074 1525 5128 excitasse
1540 5069 1738 5131 Roma),

229 5177 292 5229 ad
320 5159 526 5232 annum,
555 5171 684 5234 519,
716 5183 769 5236 υ.
811 5167 878 5219 58
910 5174 962 5216 et
991 5165 1086 5216 46;
1107 5166 1247 5222 Idem
1272 5164 1388 5215 fuse
1413 5161 1518 5228 agit
1554 5159 1613 5208 de
1642 5156 1742 5207 Oa-

230 5266 377 5318 sibus
403 5271 518 5320 tam,
539 5258 768 5328 majore,
796 5269 950 5322 quam
980 5253 1184 5304 minore
1215 5290 1228 5311 ,
1264 5252 1314 5301 in
1339 5247 1491 5313 Notis
1518 5244 1582 5297 ad
1611 5244 1744 5296 Mar-

232 5333 546 5420 tyrologium
583 5344 874 5394 Romanum
905 5339 988 5390 die
1013 5336 1075 5388 12
1100 5334 1262 5385 Junii.
1296 5333 1509 5420 Insuper
1541 5339 1742 5391 etqeru-

232 5418 526 5504 ditissimus
552 5431 799 5484 Nicolaus
830 5426 1086 5478 Antonius
1107 5462 1121 5484 ,
1168 5423 1258 5474 lib.
1287 5421 1358 5472 De
1382 5418 1560 5471 exsilio
1597 5433 1646 5479 I,
1688 5432 1736 5468 c.

235 5530 318 5594 N,
343 5544 394 5581 n.
422 5528 482 5580 14
505 5535 556 5581 ct
586 5513 924 5590 sequentibus
944 5557 957 5581 ,
994 5517 1076 5568 ubi
1111 5523 1160 5567 et
1193 5509 1255 5565 tle
1281 5512 1473 5581 Gypso.
1518 5510 1587 5563 De
1613 5511 1740 5576 Scy-

1846 4412 2056 4470 cellunt,
2086 4411 2172 4478 qui
2200 4409 2354 4460 vitam
2376 4416 2534 4474 agunt
2562 4403 2894 4472 tranquillam
2917 4401 3130 4455 desertis
3159 4403 3209 4453 in
3241 4401 3370 4454 soli-

1847 4500 2142 4562 tudinibus,
2187 4513 2294 4564 pra:
2334 4498 2407 4548 his
2443 4497 2531 4563 qui
2574 4494 2806 4571 habitant
2850 4494 2902 4544 in
2948 4491 3186 4552 urbibus;
3211 4492 3366 4556 quem

1845 4591 2051 4643 titulum
2085 4589 2156 4641 ita
2203 4587 2489 4655 contraxi;
2519 4585 2591 4638 De
2626 4582 2926 4652 praenuntia
2975 4573 3364 4642 monachorum,

1844 4697 1954 4744 seu,
1992 4680 2124 4747 quod
2149 4680 2212 4731 iis
2236 4716 2250 4739 ,
2281 4678 2368 4745 qui
2391 4676 2622 4728 habitant
2666 4660 2965 4744 iri-urbibus
2985 4669 3366 4734 prwstantiorec

1842 4771 1946 4822 sint
1979 4771 2326 4838 quiescentes,
2367 4775 2415 4818 et
2450 4765 2657 4816 silentes
2695 4764 2746 4812 in
2795 4759 2972 4830 arentis
2995 4795 3011 4820 ,
3055 4756 3150 4807 etsi
3192 4755 3365 4806 multis
3395 4777 3397 4782 ·

1841 4845 2126 4923 inexpertis
2158 4854 2476 4906 contrarium
2526 4850 2779 4900 videatur.
2827 4843 3013 4911 Incipit
3046 4843 3144 4897 iste
3171 4851 3366 4894 tracta-

1844 4957 1963 5000 tus:
1996 4933 2196 5010 Τέχνης
2230 4941 2325 5009 μὲν
2359 4936 2657 5004 ἁπάσης·ἐὰ
2690 4933 2908 5002 texitqu
2928 4970 2943 4993 ,
2991 4932 3044 4985 id
3071 4940 3151 4984 est
3175 4971 3190 4994 ,
3223 4929 3367 4981 Artis

1840 5048 2039 5116 quidem
2080 5042 2237 5111 620
2275 5039 2515 5104 cujusque
2553 5035 2824 5102 artificia:
2862 5028 3086 5095 desinit,
3121 5031 3362 5095 αἰώνιον,

1841 5147 1890 5198 id
1925 5152 2004 5197 est
2030 5151 2300 5193 ’σείει-1111111.
2339 5138 2491 5190 Certe
2523 5136 2851 5188 Theodosius
2898 5131 3116 5198 Magnus
3160 5131 3223 5180 A.
3267 5137 3362 5188 ut,

1838 5233 2140 5300 quicunque
2190 5227 2289 5281 sub
2332 5224 2661 5292 professione
2712 5216 2950 5276 monachi
2985 5215 3362 5284 reperiuntur,

1837 5323 2041 5374 deserta
2085 5318 2196 5369 loca
2218 5353 2232 5377 ,
2263 5325 2314 5367 et
2335 5324 2509 5368 vastas
2539 5311 2847 5374 solitudines
2871 5305 3054 5382 sequi,
3083 5315 3244 5372 atque.
3271 5305 3366 5356 ha.

1837 5424 2004 5475 bitare
2050 5421 2168 5473 illos
2209 5419 2478 5486 jusserat,
2529 5416 2640 5482 lege
2672 5411 2791 5486 data
2838 5411 2871 5462 5
2913 5412 3047 5463 Non.
3092 5404 3360 5491 septemb.

1839 5510 2057 5565 Verona:
2081 5499 2447 5561 Valentiniano
2477 5502 2538 5554 Α.
2567 5499 2630 5552 IV
2647 5510 2700 5552 et
2731 5497 2970 5551 Neoterio
2995 5508 3162 5554 coss..
3190 5490 3244 5547 id
3280 5509 3360 5548 est
