4122 6338
597 442 605 450 .
649 383 780 449 1247

1525 380 1648 456 JOS
1705 375 1955 436 MARUE
1987 370 2337 434 SUARESII
2370 361 2852 428 DISSERTATIO

3638 341 3770 404 1313

646 509 784 547 anno
809 491 868 544 (ἒ.
989 489 1110 549 590,
1138 502 1198 542 cx
1225 484 1369 539 card.
1397 482 1643 543 Baronio,
1674 498 1726 534 ιι.
1754 482 1840 539 47.
1869 479 1954 532 18.
1980 477 2161 529 Exstat
2190 485 2228 532 Α
2267 480 2476 533 verum,
2510 471 2562 523 in
2588 468 2779 537 primis
2800 467 2966 525 deem,
2990 461 3139 529 juxta
3165 457 3359 511 Christi
3388 455 3591 508 Domini
3615 455 3778 507 verba

647 598 708 634 ea
743 583 790 632 in
819 580 946 631 Col.
971 577 1229 630 Theodos.
1258 575 1356 626 sub
1379 574 1591 625 nomine
1617 573 1777 637 irnpp.
1805 565 2156 621 Valentiniani

650 669 912 720 'I'heodos.
947 674 999 717 ct
1024 663 1232 716 Arcadii
1276 661 1384 720 AA.
1436 659 1498 710 ad
1541 658 1816 726 Tatianum
1853 652 2154 721 prtel'ecmm

645 754 891 821 prmtorio
917 751 1164 804 Orientis.
1189 747 1287 800 Sed
1322 747 1452 823 idem
1481 743 1808 796 Theodosius
1834 756 1947 792 eam
1978 736 2160 804 viginti

648 852 765 907 post
796 840 1064 891 mensibus
1085 837 1364 895 revocavit,
1395 843 1444 886 et
1467 832 1734 898 antiquata
1758 829 1948 894 priore,
1978 839 2164 877 mona—

646 929 762 981 chis
793 929 988 979 liberos
1025 927 1074 977 in
1102 924 1298 991 Oppida
1327 921 1540 988 largitur
1572 919 1840 985 ingressus
1859 953 1872 975 ,
1906 914 2016 980 lege
2044 912 2166 964 data

649 1018 714 1069 15
748 1016 861 1067 Κειι.
899 1015 1014 1065 Maii
1046 1010 1516 1077 Constantinopoli,
1552 1007 1740 1065 Arcatl.
1769 1003 1832 1056 A.
1863 1001 1929 1054 XI
1951 1009 2004 1053 et
2034 998 2168 1053 Rul-

649 1108 754 1156 lino
783 1117 923 1155 coss.
959 1103 1067 1152 sive
1092 1116 1212 1150 ann.
1243 1098 1302 1149 C.
1328 1096 1388 1148 N.
1421 1096 1523 1148 592
1551 1110 1610 1144 ex
1645 1091 1888 1149 Barouio,
1912 1103 2031 1162 curn
2062 1100 2169 1153 quo

652 1175 883 1258 iniquius
918 1189 1231 1256 digladiatur
1270 1184 1588 1237 Scholiastes
1621 1179 1749 1231 Coll.
1773 1177 2039 1229 .Theodos.
2083 1172 2196 1234 ln-,

651 1286 831 1344 crepat
883 1286 1054 1327 autem
1101 1283 1151 1324 et
1206 1271 1524 1323 monastrias
1573 1267 1650 1326 εἰς
1709 1265 1858 1315 πόλιν
1910 1262 2172 1327 φοιτώσας

656 1367 817 1432 συχνά
855 1365 1084 1416 Isidorus
1113 1361 1423 1420 Pelusiotes,
1451 1359 1541 1407 lib.
1596 1370 1646 1417 I,
1682 1353 1835 1420 epist.
1866 1351 1986 1402 367.
2025 1345 2175 1399 Unde

653 1457 922 1505 tilattsura:
969 1452 1114 1502 initia
1151 1447 1538 1515 deprehemlere
1575 1443 1880 1494 facillimum
1913 1449 2033 1490 est:
2070 1436 2176 1486 imo

652 1555 822 1606 neque
856 1537 1130 1591 (ιωιιοιιὶιιιε
1173 1540 1413 1601 poterant
1445 1530 1694 1596 evagari,
1735 1543 1782 1579 c.
1824 1525 2033 1594 quidam
2082 1522 2176 1580 16,

653 1645 708 1696 q.
769 1631 826 1687 1.
889 1643 917 1679 e
955 1642 1075 1680 can.
1125 1628 1192 1676 23
1235 1623 1458 1674 (lmtcilii
1501 1617 1887 1672 Chalcedonen.
1948 1628 2065 1666 can.
2116 1610 2179 1662 16

651 1717 872 1769 Concilii
919 1715 1171 1766 Turonen.
1213 1711 1418 1762 secundi
1455 1726 1468 1771 ;
1511 1709 1562 1759 in
1607 1705 1830 1774 Synopsi
1882 1702 2176 1760 Basilicon,

2255 578 2301 616 c.
2334 577 2421 614 χιχ
2447 559 2696 619 lllattltaei,
2735 567 2788 609 et
2813 562 3002 606 secuta:
3031 550 3308 603 consilium
3341 546 3561 613 apostoli
3593 543 3741 596 Pauli
3765 582 3784 602 .

2256 667 2302 706 c.
2336 668 2406 704 vlt
2442 653 2620 717 prima:
2651 649 2717 702 ad
2749 645 2980 698 Corinth.
3019 656 3136 694 cum
3175 655 3333 692 sexus
3371 638 3442 690 sit
3468 635 3698 704 fragilis,
3730 643 3785 685 et

2260 755 2324 793 ne
2371 741 2565 807 passim
2614 743 2864 802 vagantes
2905 731 3096 784 laedant
3147 727 3449 794 opinionem
3498 723 3781 783 Ecclesiae,

2258 841 2378 879 can.
2407 827 2474 878 55
2501 824 2714 878 Concilii
2748 821 2883 873 tertii
2916 815 3351 882 Carthaginenais.
3408 810 3637 865 Sanctus
3665 811 3786 864 Ilie-

2261 929 2513 983 ronymus
2540 913 2608 964 ita
2634 909 2975 963 Eustochium
3007 904 3227 957 all‘atur:
3255 920 3272 952 ι
3312 902 3527 969 Semper
3559 907 3611 953 te
3634 899 3789 953 culti-

2262 1005 2363 1057 culi
2397 1003 2469 1056 tui
2505 1008 2705 1056 secreta
2737 997 3075 1065 custodiant,
3102 1006 3306 1059 semper
3341 988 3582 1056 Sponsus
3609 999 3784 1041 tecum

2266 1091 2545 1144 claudatur
2575 1088 2892 1142 intrinsecus
2912 1126 2925 1147 ,
2951 1096 3053 1138 etc.
3088 1081 3222 1135 Nolo
3255 1089 3302 1132 te
3341 1079 3606 1142 Sponsum
3637 1089 3786 1143 quae-

2258 1177 2382 1233 rere
2414 1195 2506 1246 per
2537 1179 2737 1245 plateas
2758 1216 2772 1238 ,
2803 1174 2934 1226 foris
2960 1180 3218 1240 vagantur
3251 1168 3426 1221 stulte
3465 1165 3693 1234 virgines
3715 1201 3728 1221 .
3761 1181 3781 1211 ι

2270 1269 2360 1320 lib.
2394 1282 2469 1328 ιι,
2518 1268 2673 1334 epist.
2720 1265 2812 1328 i7;
2871 1272 2921 1316 et
2965 1262 3102 1314 inter
3144 1271 3364 1311 munera
3409 1254 3583 1309 oll‘erri
3633 1253 3788 1305 solita

2272 1353 2502 1405 velandis
2529 1351 2813 1420 virginibus
2842 1349 3020 1401 sellam
3062 1352 3302 1398 numerat
3323 1379 3337 1400 ,
3369 1350 3426 1393 ut
3458 1341 3600 1408 virgo
3642 1338 3791 1388 foras

2273 1442 2427 1508 pedes
2466 1456 2567 1492 non
2601 1447 2837 1499 moveat,
2877 1436 2966 1488 lib.
3000 1450 3036 1496 ι,
3069 1435 3222 1500 epist.
3252 1431 3314 1482 11
3358 1429 3418 1480 ad
3465 1427 3787 1479 Marcellam.

2276 1530 2435 1581 Erant
2474 1528 2632 1579 etiam
2686 1512 2953 1591 nonnullae
2994 1522 3248 1584 reclnsze,
3296 1527 3353 1570 ut
3398 1514 3692 1568 Alexandra
3735 1512 3788 1562 in

2277 1623 2616 1668 monumento
2635 1653 2650 1675 ,
2681 1612 2915 1664 Palladio
2947 1619 3107 1673 teste,
3131 1606 3316 1668 Maria,
3345 1603 3524 1664 Thais,
3559 1610 3611 1652 et
3638 1598 3790 1674 Pela-

2277 1703 2359 1772 gia
2399 1703 2448 1753 in
2475 1701 2709 1754 Cellulis.
2744 1699 2996 1768 Photius,
3037 1697 3124 1749 lib.
3161 1711 3176 1747 ι
3221 1692 3507 1745 Nomocan.
3540 1704 3587 1741 c.
3617 1687 3670 1749 4,
3699 1684 3788 1737 ubi

651 1805 742 1857 lib.
777 1820 824 1854 tv
845 1842 861 1865 ,
905 1819 952 1855 c.
1247 1801 1304 1863 1;
1344 1761 1541 1851 Concil.
1573 1761 1848 1846 Ilz'edldensis
1875 1834 1888 1856 ,
1920 1808 2042 1844 can.
2077 1788 2177 1860 19;
2213 1761 2251 1812 Β
2278 1761 2582 1848 Italsamon,
2612 1785 2692 1837 tit.
2715 1783 2801 1844 90,
2831 1764 2878 1834 c.
2911 1782 2930 1832 1
2970 1790 3019 1833 et
3046 1795 3164 1833 ean.
3200 1779 3297 1830 ult.
3327 1775 3544 1840 Concilii
3573 1771 3793 1840 Mognn-

653 1892 971 1960 Agat/tensis,
1004 1904 1119 1940 can.
1148 1888 1214 1941 58
1238 1925 1252 1950 ,
1285 1895 1373 1938 aut
1405 1901 1434 1937 e
1469 1882 1792 1936 monasterio
1820 1880 1999 1942 exire,
2031 1884 2177 1929 extra

657 1981 798 2047 quini
844 1979 1135 2031 monachus
1179 1985 1259 2029 est
1301 1975 1438 2028 sicut
1476 1973 1638 2042 piscis
1673 1976 1822 2022 extra
1868 1983 2091 2036 aquam,
2127 1971 2177 2020 et

659 2070 766 2122 vita
793 2080 935 2121 caret
955 2108 970 2130 ,
998 2075 1128 2118 teste
1152 2066 1287 2132 Papa
1318 2061 1512 2128 Engeo.
1542 2075 1660 2113 can.
1695 2057 1896 2110 Placuit
1923 2056 2006 2117 16,
2036 2071 2088 2122 q.
2119 2055 2164 2106 1.

661 2159 802 2210 Addc
832 2171 952 2208 can.
993 2153 1258 2218 G'Concil.
1292 2151 1558 2211 Toletani,
1597 2149 1822 2200 edictmn
1863 2145 2172 2212 Luitprandi

653 2246 792 2313 regis
832 2243 1299 2310 Longoliardorum
1323 2279 1338 2301 ,
1374 2240 1453 2290 tit.
1482 2239 1554 2296 2'2
1579 2247 1630 2288 et
1663 2237 1760 2299 75;
1809 2247 1964 2302 atque
1996 2234 2171 2287 Theo-

652 2332 778 2398 phili
815 2325 1376 2391 Constantinopolitani
1417 2325 1783 2390 imperatoris,
1825 2323 1876 2373 in
1911 2323 1998 2374 lib.
2045 2321 2164 2373 Jur.

579 2469 581 2471 .
655 2417 952 2479 0riental.;
1003 2415 1208 2466 conatit.
1259 2411 1293 2462 2
1341 2409 1416 2460 De
1440 2410 1799 2459 monachorum
1852 2410 2162 2473 expolitione.

654 2505 878 2554 Sanetus
933 2498 1275 2559 Benedictus,
1341 2508 1390 2545 c.
1450 2493 1481 2545 5
1528 2491 1732 2558 Regulw
1786 2491 1999 2543 damnat
2056 2505 2164 2541 tuo--

606 2602 610 2608 '
652 2592 850 2643 naebos
869 2588 1191 2657 Cyr-ovagos,
1220 2599 1353 2652 quos
1376 2581 1558 2634 Petrus
1593 2580 1828 2632 Darniani
1854 2581 2037 2632 miscet
2052 2594 2170 2631 cum

653 2677 973 2740 Sarabaitis;
1019 2684 1070 2727 et
1112 2673 1363 2742 Syneaius
1392 2671 1544 2739 epist.
1587 2669 1687 2730 67,
1721 2668 1800 2721 Ad
1841 2667 2173 2734 Theophilum

652 2773 921 2831 nuncupat
950 2762 1262 2814 Vacantivos
1286 2799 1300 2819 ,
1330 2758 1393 2810 de
1425 2759 1617 2826 quibus
1647 2756 1892 2822 superius
1927 2757 2130 2820 egimus
2155 2771 2168 2805 :

651 2854 944 2922 quibusque
985 2857 1202 2917 possunt
1241 2847 1450 2914 adiungi
1496 2844 1846 2905 Gallodromi,
1886 2855 1935 2896 et
1967 2843 2170 2910 Spano-

652 2937 821 2991 dromi
847 2978 861 3000 ,
899 2950 1123 3002 quorum
1157 2935 1352 2986 mentio
1391 2933 1442 2984 in
1473 2932 1606 2983 Vitis
1641 2929 1888 2992 Patrum,
1932 2929 2170 2981 Cll'CUIII'

652 3029 921 3088 cellioncs,
955 3024 1290 3076 Circclliones
1311 3061 1324 3084 ,
1356 3029 1408 3072 et
1439 3019 1738 3087 Aganastici
1785 3017 1920 3084 apud
1960 3016 2170 3068 Donati-

653 3125 794 3174 stas,
835 3114 900 3165 de
946 3113 1138 3178 quibus
1191 3111 1246 3161 S.
1291 3107 1566 3174 Augustin.
1611 3108 1662 3156 in
1710 3106 1898 3172 psalm.
1941 3117 2169 3163 cxxxiv,

653 3219 707 3271 p.
739 3201 860 3255 556.
893 3197 974 3252 Uti
1000 3199 1063 3250 de
1087 3198 1309 3267 Stylitis,
1339 3212 1428 3247 seu
1461 3194 1700 3256 Ciouitis,
1729 3191 2171 3252 etColumnariis,

654 3293 823 3357 deque
851 3287 1104 3349 Reclusis,
1134 3302 1163 3338 e
1187 3283 1441 3350 Gregorio
1468 3283 1734 3334 Turonen.
1769 3281 1859 3333 lib.
1890 3295 1937 3330 vi
1973 3279 2172 3330 Hister.

659 3376 850 3428 Franc.
883 3392 930 3429 c.
958 3378 989 3427 ϋ
1013 3385 1063 3427 et
1089 3376 1152 3433 ὃς
1195 3374 1360 3439 Deque
1388 3372 1551 3438 gloria
1580 3370 1949 3436 ronfossorum,
1977 3384 2024 3420 c.
2056 3367 2170 3428 105,

658 3461 748 3513 ubi
784 3475 885 3510 non
915 3459 1084 3509 solum
1117 3456 1434 3520 IlospEtium,
1469 3454 1558 3503 sed
1589 3463 1640 3502 et
1664 3453 1976 3516 Eparchium
2005 3450 2171 3500 Julia-

659 3559 893 3610 nnmqne
930 3550 1203 3600 recenset,
1251 3539 1323 3589 uti
1361 3538 1629 3588 Palladius
1657 3551 1705 3588 c.
1737 3537 1830 3586 1—H
1885 3535 2172 3591 Lausiacm,

663 3633 1023 3695 Eustathium;
1062 3639 1113 3682 ct
1141 3626 1466 3694 Nicephorus
1498 3619 1729 3686 Callisti,
1773 3624 1862 3674 lib.
1897 3636 2003 3684 λιν,
2036 3637 2083 3674 c.
2110 3621 2169 3673 51

666 3726 806 3777 Eccl.
849 3723 1045 3775 llistor.
1081 3721 1402 3779 Simeonem,
1437 3724 1591 3782 atque
1622 3713 1926 3765 Datiielem:
1966 3699 2026 3765 ac
2055 3711 2176 3780 Gly—

660 3830 750 3868 cas
780 3811 967 3865 Annal.
998 3821 1126 3863 tom.
1162 3807 1224 3862 IV
1254 3826 1266 3861 :
1305 3808 1393 3861 sed
1426 3817 1478 3858 et
1509 3815 1724 3858 sanctus
1750 3805 2034 3873 Gregorius
2062 3803 2171 3856 Ma-

660 3912 794 3971 gnth
825 3901 1179 3954 Seruodinunt
1210 3886 1501 3961 inclusum;
1533 3911 1755 3963 quorum
1784 3894 1894 3947 vice
1923 3909 2061 3946 nunc.
2084 3896 2174 3947 110-

662 3999 778 4042 rent
802 3989 1226 4042 Cantaldulenses
1257 3986 1358 4039 sub
1398 3985 1593 4052 Regula
1636 3984 1805 4036 sancti
1857 3982 2130 4034 llomnaldi
2158 4019 2174 4042 ,

661 4089 713 4133 et
749 4077 1154 4131 Carthusienses
1195 4090 1260 4128 ex
1300 4075 1540 4127 lnstituto
1578 4073 1745 4126 sancti
1783 4071 2076 4134 Brunonis,
2111 4072 2176 4124 de

661 4164 855 4230 quibus
889 4161 1055 4214 Lucas
1079 4163 1129 4213 in
1163 4161 1510 4225 llonuialdina
1541 4160 1627 4211 lih.
1655 4175 1705 4221 ν,
1741 4174 1787 4210 c.
1816 4157 1868 4219 6,
1904 4168 1950 4211 et
1988 4158 2175 4213 Petrus

661 4249 964 4316 Cluniacen.
1005 4250 1156 4314 epist.
1193 4248 1286 4311 1‘2,
1317 4249 1404 4299 lib.
1444 4264 1517 4304 vr.
1567 4247 1622 4299 S.
1660 4249 1911 4300 Antoniu.
1965 4255 2100 4312 part.
2137 4261 2172 4298 ιι

2279 1876 2435 1926 tinea.
2488 1871 2672 1927 Patres
2728 1887 2840 1926 aevo
2889 1869 3142 1936 Arnulphi
3199 1863 3534 1933 imperatoris
3590 1861 3788 1913 nullam

2277 1961 2624 2024 monacham,
2676 1975 2768 2012 sen
2813 1958 3098 2012 Ascetriam
3145 1970 3173 2007 a
3205 1952 3524 2006 monasterio
3556 1945 3793 2000 abstrahi

2279 2047 2550 2114 patiuntur
2588 2085 2602 2110 ,
2664 2048 2771 2099 imo
2825 2044 3068 2099 claustris
3125 2041 3436 2110 regulariter
3501 2033 3790 2101 constringi

2277 2139 2546 2200 mandant,
2579 2148 2631 2190 et
2667 2136 2989 2204 permittitur
3023 2134 3293 2200 ingressus
3330 2142 3426 2197 pro
3462 2125 3638 2180 missis
3669 2132 3792 2176 tan-

2282 2237 2389 2280 tum
2442 2228 2569 2279 viris
2623 2227 2856 2295 probatae
2900 2224 3046 2286 vitae,
3090 2237 3152 2274 ac
3194 2221 3371 2272 'a'tatis
3421 2223 3676 2284 provectae
3723 2211 3790 2264 ad

2278 2318 2592 2370 monasteria
2615 2354 2628 2377 ,
2666 2331 2784 2370 can.
2820 2315 2888 2368 58
2930 2311 3127 2365 Conril.
3165 2295 3439 2375 ‘Epaunen.
3488 2303 3563 2357 Ita
3606 2309 3789 2358 sancta

2275 2401 2498 2454 Cir-saria
2529 2416 2695 2469 usque
2721 2401 2785 2452 ad
2812 2401 2949 2451 diem
2977 2397 3229 2450 transitus
3261 2410 3364 2447 non
3395 2406 3602 2461 egressa
3649 2389 3788 2452 fuit,

2275 2505 2370 2544 nec
2404 2491 2516 2555 ejus
2571 2503 2819 2551 sorores,
2869 2485 2996 2538 Vita:
3018 2485 3182 2538 sancti
3229 2482 3443 2536 Caesarii
3494 2481 3790 2533 Arclatens.

2271 2581 2529 2646 st-t‘iptore
2577 2586 2846 2630 narrante.
2891 2573 3226 2628 Innocentius
3263 2570 3328 2623 IV
3374 2570 3613 2622 Pontifex
3647 2568 3786 2621 Max.

2267 2670 2419 2735 epist.
2446 2667 2542 2719 139
2562 2708 2575 2730 ,
2607 2682 2747 2718 anno
2777 2664 3107 2732 pontiﬁcatus
3136 2678 3180 2714 vr
3212 2704 3226 2726 ,
3257 2661 3474 2722 scribit,
3503 2659 3791 2712 sanctimo-

2270 2755 2432 2806 niales
2471 2755 2619 2820 quasi
2661 2753 2806 2804 vivas
2851 2753 2900 2803 in
2935 2750 3254 2802 monasterio
3287 2748 3557 2815 sepultas,
3590 2746 3790 2798 mundo

2268 2853 2502 2896 mortuas
2540 2842 2711 2904 vivere
2732 2841 2945 2893 Christo
2964 2881 2977 2902 ,
3021 2839 3228 2904 illisque
3253 2847 3554 2904 perpetuam
3579 2835 3791 2888 clausu-

2269 2942 2378 2979 ram
2409 2926 2595 2978 indixit
2618 2923 2923 2977 Bonifacius
2950 2916 3076 2986 Vlll,
3107 2938 3223 2990 cap.
3250 2920 3566 2973 Periculosa:
3586 2928 3693 2986 ext.
3713 2917 3791 2970 De

2225 3059 2238 3075 ,
2271 3025 2391 3064 sint.
2426 3015 2584 3079 regni.
2615 3013 2706 3064 lib.
2733 3027 2783 3063 νι
2804 3049 2817 3071 ,
2864 3010 2950 3062 ubi
2988 3010 3108 3062 licet
3141 3009 3372 3062 Joannes
3399 3008 3620 3061 Andr-etc
3647 3017 3792 3062 notet

2275 3103 2410 3154 istud
2458 3100 2744 3165 capitulum
2801 3100 2851 3150 in
2898 3097 3324 3165 regnthancize
3371 3113 3474 3151 non
3519 3097 3680 3150 fuisse
3708 3112 3791 3150 re-

2273 3199 2506 3255 ceptum,-
2540 3202 2686 3253 reges
2729 3195 2903 3237 tamen
2939 3185 3261 3236 Francorum
3297 3184 3574 3251 episcopos
3608 3183 3791 3237 admo-

2273 3287 2430 3342 nent,
2487 3288 2543 3328 ut
2583 3278 2860 3345 diligenter
2886 3283 3117 3327 .cavcant
3159 3276 3460 3326 clausuram
3503 3275 3790 3327 sanctimo-

2273 3369 2487 3420 nialium
2525 3369 2755 3427 servari,
2795 3365 2984 3420 Codice
3023 3363 3372 3426 IIt’Ill'It'IaIIO,
3409 3363 3499 3413 lib.
3531 3376 3581 3424 ι,
3615 3362 3696 3415 tit.
3726 3363 3784 3414 11

2275 3457 2345 3508 De
2376 3458 2598 3522 religios.
2637 3464 2734 3507 art.
2765 3453 2798 3505 8
2832 3463 2883 3506 et
2923 3454 2954 3506 9
2977 3493 2990 3515 ,
3025 3453 3304 3505 Ilrouehel.
3343 3453 3392 3504 in
3426 3451 3638 3503 Basilio.
3669 3450 3786 3502 Jur.

2276 3542 2513 3594 Francia.
2550 3552 2602 3593 et
2627 3544 2679 3592 in
2704 3543 2994 3607 Conferant.
3021 3543 3366 3609 Imperatores
3390 3542 3546 3593 etiam
3571 3540 3790 3592 Germa-

2275 3631 2376 3681 nici
2419 3631 2469 3681 in
2508 3628 2748 3681 Comitiis
2787 3631 3100 3695 Augustam,
3151 3629 3176 3696 §
3221 3628 3563 3684 Martialibus.
3598 3631 3678 3680 tit.
3720 3629 3790 3679 De

2274 3728 2546 3770 inonaster.
2581 3725 2631 3770 et
2656 3717 2838 3770 Patres
2871 3717 3006 3770 sacri
3039 3717 3226 3768 concil.
3255 3715 3491 3767 Tuident.
3523 3729 3658 3767 sess.
3681 3715 3750 3766 9.5
3772 3754 3786 3773 .

2273 3822 2319 3861 e.
2354 3810 2386 3862 5
2421 3808 2492 3860 De
2523 3812 2790 3874 ναίω-κιαι.
2841 3816 2893 3859 et
2935 3805 3207 3874 pontiﬁces
3237 3803 3358 3857 Pius
3381 3805 3418 3856 V
3448 3805 3790 3872 Gregoriique

2272 3897 2386 3948 XIII
2420 3905 2472 3949 ct
2501 3897 2622 3957 XV,
2663 3906 2806 3962 parte
2835 3896 3064 3948 secunda
3094 3894 3305 3946 Bullarii
3330 3934 3343 3956 ,
3380 3894 3516 3946 bulla
3551 3894 3615 3955 8,
3649 3908 3791 3946 anno

2275 3987 2426 4061 1566,
2453 3995 2505 4039 et
2530 3986 2667 4038 bulla
2697 3985 2749 4047 8,
2777 4000 2901 4036 ann.
2933 3983 3086 4045 1579.,
3114 3993 3165 4036 et
3193 3984 3329 4034 bulla
3365 3983 3448 4044 18,
3480 3997 3605 4035 ann.
3635 3983 3787 4037 1622.

2275 4075 2504 4129 Sanetus
2536 4074 2757 4126 Carolus
2787 4072 3109 4125 Borronneus
3139 4071 3194 4123 S.
3226 4073 3287 4123 Il.
3318 4072 3376 4125 Ε.
3405 4072 3710 4135 cardinalis,
3735 4083 3792 4125 et

2274 4165 2701 4232 archiepisc0pns
2728 4162 3100 4215 lllediolauens.
3123 4163 3173 4213 in
3199 4151 3388 4214 concil.
3420 4161 3785 4228 provim-ialih.

2274 4253 2363 4305 lib.
2394 4266 2445 4304 vt
2471 4289 2487 4314 ,
2521 4252 2606 4304 tit.
2637 4250 2710 4303 Dc
2737 4249 2976 4302 clausura
3008 4249 3216 4300 ntonial.
3250 4265 3303 4300 ιι.
3329 4248 3427 4310 59;
3457 4250 3790 4317 Canegianus

663 4337 902 4388 Chronic.
954 4337 1032 4386 tit.
1067 4336 1162 4395 15,
1201 4350 1248 4386 c.
1274 4337 1341 4385 ‘22
1362 4375 1375 4394 ,
1417 4351 1468 4401 p.
1497 4335 1584 4385 89..
1615 4335 1812 4388 Alanus
1847 4339 1910 4388 de
1942 4335 2086 4402 Rupe
2123 4339 2174 4386 in
2209 4337 2249 4389 D
2275 4341 2698 4406 archiepiscopus
2731 4340 2964 4405 Aquens.
3013 4339 3063 4389 in
3099 4338 3404 4405 provinciali
3430 4339 3663 4406 synodo,
3690 4351 3790 4388 ari-

663 4426 875 4480 Ordinis
923 4424 1253 4476 Carthusiani
1297 4423 1691 4490 Pixerogativis,
1724 4423 2055 4477 Justinianus
2107 4427 2169 4478 A.

663 4513 850 4565 litt\‘L'II.
885 4510 986 4561 9:23
1022 4508 1092 4560 De
1115 4512 1215 4560 dir.
1251 4509 1392 4561 Eccl.
1430 4511 1685 4575 Capitul,
1723 4512 1879 4563 relata
1914 4514 2089 4567 collat.
2119 4513 2169 4574 9,

662 4603 746 4653 tit.
789 4602 858 4652 Ue
889 4598 1078 4651 sanctis
1122 4597 1363 4663 episeOp.,
1407 4598 1617 4649 mandat
1666 4601 2026 4652 sanctissimos
2064 4600 2173 4666 epi-

662 4704 851 4756 scopos
874 4689 1104 4740 locorum
1139 4685 1429 4753 providere,
1454 4695 1510 4737 ut
1534 4701 1700 4752 neque
1722 4688 1982 4740 monachi.
2007 4701 2176 4752 neque

663 4779 930 4832 monacho:
966 4779 1290 4830 cTrcnmeant
1319 4775 1596 4837 civitates;
1639 4775 1876 4840 idemque
1913 4775 2094 4825 statuit
2125 4775 2174 4825 in

662 4867 697 4919 l.
731 4864 1046 4917 Generaliter
1079 4865 1145 4916 110
1169 4904 1181 4925 ,
1231 4878 1277 4916 c.
1319 4861 1394 4914 De
1423 4865 1574 4929 episc.
1607 4872 1653 4913 et
1687 4863 1857 4913 cleric.
1891 4875 2046 4928 quam
2081 4861 2177 4911 sub

662 4955 851 5008 Leonis
879 4954 1088 5004 nurnine
1117 4955 1336 5020 Augusti
1366 4953 1521 5006 refert
1555 4952 1835 5006 Gratianus
1869 4967 1915 5005 c.
1952 4951 2175 5004 (ἐσκατα-
2224 5012 2230 5014 Ἴ

661 5045 776 5094 liter
798 5044 888 5104 16,
919 5059 970 5108 q.
1009 5043 1054 5091 l.

730 5132 880 5196 Quod
909 5132 952 5183 si
981 5138 1181 5180 veteres
1209 5138 1368 5192 “0;?ch
1399 5128 1586 5181 Veneri
1621 5129 1978 5194 ascripserunt
2005 5137 2176 5179 testu-

664 5217 835 5270 dinem
859 5259 873 5279 ,
908 5226 965 5268 ut
999 5218 1292 5269 indicarent
1321 5215 1566 5266 mulieres
1591 5215 1748 5267 domo
1785 5216 1965 5280 pedem
1991 5215 2176 5266 ellerrc

669 5321 767 5356 non
826 5307 1054 5365 debere,
1132 5303 1221 5355 sed
1299 5301 1437 5371 sicut
1513 5303 1705 5353 animal
1780 5305 1934 5370 621
2004 5301 2174 5364 illud,

667 5390 1005 5455 οἱκοφὺλακες
1039 5404 1174 5451 esse,
1207 5387 1450 5440 custodes
1479 5386 1753 5442 domorum
1789 5407 1799 5440 :
1834 5391 1883 5441 id
1917 5405 2038 5444 vero
2066 5406 2177 5444 mo-

669 5477 882 5538 nachas,
918 5477 1111 5544 Deique
1141 5477 1359 5542 puellas,
1390 5475 1459 5526 uti
1490 5482 1679 5525 vocant
1705 5476 1882 5530 Patres
1913 5478 2177 5534 Toletanm

667 5561 850 5630 synodi
882 5564 1078 5628 primae,
1109 5579 1155 5615 c.
1179 5563 1229 5622 6,
1258 5563 1365 5630 jam
1399 5562 1628 5624 laudato,
1657 5576 1774 5629 qua:
1800 5578 1854 5617 se
1884 5564 1988 5620 Deo
2017 5568 2178 5621 (levo-

2275 4442 2340 4479 no
2368 4427 2499 4479 1585
2519 4466 2534 4488 ,
2565 4425 2645 4478 tit.
2689 4425 2756 4476 De
2783 4423 3124 4484 monialibus;
3158 4423 3441 4475 eardinalis
3475 4422 3787 4483 Taurusius,

2273 4514 2698 4578 architqtiseopus
2740 4513 3088 4563 Avenionens.
3127 4511 3177 4562 in
3225 4511 3531 4577 provinciali
3581 4523 3789 4575 quemue

2274 4603 2472 4670 synodo
2498 4616 2634 4652 anno
2669 4601 2782 4662 157,
2817 4600 2895 4650 tit.
2931 4599 2997 4649 De
3017 4592 3541 4649 sanetimonialibﬁde
3563 4612 3786 4664 quarum

2274 4689 2435 4739 variis
2464 4687 2714 4738 institutis
2742 4684 2926 4738 Petrus
2953 4685 3190 4736 Damiani
3221 4685 3366 4736 card.
3391 4683 3617 4737 Ostiens.
3651 4701 3697 4738 c.
3731 4688 3785 4749 9,

2275 4790 2457 4842 opusc.
2527 4773 2610 4826 5i).
2675 4773 2867 4826 Verum
2916 4775 3002 4826 fel.
3053 4788 3208 4826 mem.
3261 4773 3689 4840 vigilantissimus
3717 4788 3787 4828 -οι

2275 4862 2645 4931 integerrimus
2697 4863 2914 4912 antistes
2965 4861 3106 4914 card.
3162 4861 3416 4914 Antonius
3447 4863 3786 4928 Barberinus,

2272 4951 2311 5001 C
2333 4951 2688 5017 'pttt‘cinm‘ttttt
2721 4949 2902 5006 decus,
2937 4947 3307 5015 Senogalliensi
3343 4949 3393 5000 in
3425 4951 3628 5018 synodo
3658 4965 3788 5004 con-

2275 5039 2569 5090 stitutiones
2620 5051 2715 5102 pro
2757 5035 3070 5087 monialilnas
3110 5036 3283 5088 sanxit
3316 5037 3784 5098 accuratissimas,

2276 5142 2390 5190 qum
2416 5125 2556 5192 typis
2584 5131 2795 5174 exstant
2815 5121 2983 5174 editae.
3278 5178 3282 5181 _

2315 5213 2699 5280 .Subscquitur
2749 5211 2839 5261 τοῦ
2889 5211 3045 5264 αὑτοῦ
3101 5213 3380 5279 (Νείλου)
3436 5214 3603 5279 Λόγος
3658 5214 3786 5281 πρὸς

2274 5304 2525 5370 Εὐλόγιον
2554 5300 3055 5372 μάναχον,Ε]α.ςιίειιι
3082 5301 3193 5353 Nili
3226 5303 3495 5354 Tractatns
3524 5303 3592 5353 ad
3623 5300 3785 5353 Eulo-

2273 5393 2411 5462 qium
2447 5394 2780 5454 nt'ouachum,
2816 5391 2866 5442 in
2904 5405 3012 5458 quo
3045 5389 3285 5458 Capitula
3307 5431 3322 5452 ,
3364 5407 3456 5444 seu
3503 5389 3787 5442 St‘l'lllOIIPS

2275 5479 2466 5533 diversi
2504 5495 2532 5531 a
2578 5495 2660 5533 me
2702 5495 2794 5548 per
2820 5481 2987 5545 capita
3033 5479 3097 5531 5i
3127 5481 3296 5532 divisi.
3351 5481 3530 5547 622‘
3567 5478 3782 5543 Incipit,

2275 5570 2338 5620 Οἰ
2368 5568 2453 5620 τὸν
2485 5569 2724 5635 οὐράνιον
2760 5567 2929 5634 χῶρον
2957 5566 3230 5633 νεμόμενοι
3262 5583 3273 5595 ·
3331 5566 3431 5628 Qui
3478 5565 3668 5616 (calcati
3701 5563 3784 5616 rli-
