4122 6338
185 353 327 418 lilio

1334 360 1425 417 DE
1461 360 1826 417 OPEIUBUS
1861 361 1919 416 S.
1955 356 2127 417 N111.

3224 356 3353 417 1350

177 476 453 515 versamur
508 464 559 514 iu
605 463 750 527 loro;
804 473 855 516 et
898 465 1031 517 desit
1056 464 1126 526 it,
1167 466 1230 518 τὰ
1264 467 1318 518 δὲ
1372 470 1584 541 ῥήματά
1623 485 1722 534 μου
1753 478 1794 528 Α
1826 469 1949 521 Item
1990 466 2316 535 superiorem
2354 473 2633 518 tractatum
2682 462 2755 516 De
2792 472 2905 516 octo
2938 464 3130 516 vitiosis
3161 464 3353 531 cogita-

175 552 447 618 τηρήσαις
482 554 546 618 σῇ
580 551 791 619 καρδίᾳ.
823 553 898 603 Tu
932 569 1047 604 vero
1072 570 1178 605 mea
1202 554 1464 606 observato
1499 559 1645 607 verba
1671 557 1721 605 in

178 638 341 690 corde
372 648 456 689 tuo
486 678 500 699 ,
534 650 634 691 etc.
675 639 949 711 Eulogium
984 654 1157 694 autem
1216 643 1362 695 illum
1403 647 1719 697 monachum

178 727 504 780 crediderint
543 727 735 793 fuisse,
762 730 826 780 ad
866 746 1019 794 quem
1069 732 1253 783 scribit
1292 731 1522 783 Isidorus
1568 732 1690 783 Ριιιιι

178 814 384 876 siotes,
414 817 503 869 lib.
540 832 588 874 ι,
625 818 779 882 epist.
813 816 912 869 257
956 817 1026 869 De
1054 818 1164 870 luce
1192 820 1618 887 ιιιαιιιιίιιιιλὲ89
1655 821 1724 871 De

178 900 387 965 Cruce;
421 902 523 954 5l2
566 902 635 954 De
664 902 788 971 lege,
824 906 909 957 ubi
959 906 1120 957 lector
1152 907 1492 970 inscribitur,
1527 908 1616 958 lib.
1653 926 1684 981 rt
1707 947 1720 970 ,

178 987 345 1053 epist.
386 988 449 1038 77
479 999 529 1040 et
562 989 648 1050 85,
682 989 961 1057 Presbyter
991 1004 1361 1059 nuncupatur,
1393 1003 1445 1047 et
1472 995 1575 1046 202
1594 1033 1608 1057 ,
1635 996 1725 1047 de-

182 1075 353 1140 nique
390 1077 482 1129 lib.
518 1093 609 1138 III,
649 1080 800 1145 epist.
823 1078 935 1132 -184
977 1088 1029 1130 et
1070 1080 1191 1132 ‘256.
1236 1080 1380 1134 lluttc
1422 1090 1630 1140 autem,
1660 1084 1722 1133 ad

180 1178 348 1231 quem
378 1163 527 1217 Nlus
555 1166 732 1233 dirigit
766 1167 923 1219 istum
954 1169 1143 1221 librum
1175 1181 1444 1222 CCIISCI'Em
1480 1170 1722 1223 eumdem

180 1266 307 1305 esse
333 1290 348 1315 ,
378 1254 469 1320 qui
503 1252 725 1305 Joannis
769 1257 1179 1324 archiepiscopi,
1225 1273 1315 1310 seu
1357 1259 1521 1321 sancti
1557 1259 1725 1327 Chry-

182 1343 413 1392 soswmi
456 1341 1029 1409 Constatntinopolitani
1078 1346 1390 1411 patriarcha:
1432 1347 1725 1412 discipulus

183 1436 241 1478 et
269 1430 543 1496 presbyter
576 1431 671 1481 luit
700 1468 714 1491 ,
753 1432 1024 1484 abstinens
1048 1473 1062 1495 ,
1096 1442 1252 1499 atque
1281 1434 1564 1499 jejunans;
1597 1435 1726 1485 dici—

183 1524 382 1583 tttrque
411 1518 603 1571 adiisse
627 1509 868 1571 abbatem
897 1519 1089 1588 .loseplt
1120 1524 1169 1572 in
1203 1522 1318 1572 loco
1345 1563 1357 1584 ,
1392 1524 1479 1590 qui
1509 1534 1726 1575 vocatur

183 1599 463 1669 Pnnepho,
488 1605 553 1654 ab
583 1604 1047 1667 incertoauctore,
1077 1608 1165 1658 lib.
1194 1622 1245 1669 ν,
1268 1607 1339 1659 De
1363 1609 1451 1660 vit.
1484 1607 1723 1671 Patrum,

182 1690 345 1757 cujus
364 1690 858 1759 Latiuusinterpres
881 1693 1235 1762 estPelagius,
1252 1706 1295 1745 ι’*
1322 1697 1530 1749 lib.vnI.
1556 1697 1726 1763 Atque

1825 559 2053 609 tionibus
2083 598 2097 620 ,
2134 557 2287 623 cujus
2316 555 2473 623 623
2508 554 2714 607 initium
2744 562 2843 615 est,
2877 553 2937 604 de
2965 553 3107 621 gula,
3138 568 3188 618 p.
3216 551 3351 610 975.-

1823 646 2051 711 reperies
2086 645 2137 695 in
2165 644 2282 697 eod.
2314 644 2500 709 quinto
2532 650 2898 709 tomo;qucm
2928 642 3090 693 alium
3136 654 3253 693 esse
3288 639 3357 689 ab

1821 744 1938 786 octo
1970 734 2118 785 libris
2143 774 2156 795 ,
2191 748 2325 799 quos
2370 732 2616 799 opposuit
2664 731 2917 799 Evagrius
2960 730 3209 783 adversus
3234 739 3357 781 octo

1824 823 2190 889 principalium
2238 822 2483 873 vitiorum
2522 822 2884 887 suggestiones
2912 858 2925 881 ,
2969 819 3250 879 existimo,
3303 825 3358 868 et

1821 910 1886 962 de
1913 925 2019 977 quo
2057 912 2302 976 superius
2327 909 2427 974 egi.
2464 906 2615 959 Certe
2647 890 2812 959 bestia
2839 946 2853 969 ,
2910 906 2974 959 de
3007 921 3106 972 qua
3139 912 3357 958 sanctus

1821 996 2054 1049 Joannes
2098 996 2282 1049 Scribit
2322 1011 2368 1045 c.
2407 995 2467 1046 l7
2510 994 2840 1061 Apocalypsis
2866 1032 2880 1057 ,
2926 1002 3123 1059 septem
3178 987 3359 1043 habuit

1823 1100 2020 1139 cornua
2050 1125 2065 1148 ,
2120 1094 2169 1136 et
2219 1084 2458 1135 diabolus
2504 1092 2699 1149 septem
2750 1082 2982 1149 suggerit
3035 1080 3196 1149 vitia,
3238 1094 3357 1144 quze

1823 1170 2136 1230 criminnlia,
2170 1176 2225 1219 ttt
2257 1178 2467 1234 peccata
2504 1167 2744 1233 capitalia
2781 1165 3142 1227 nominantur,
3177 1172 3228 1214 et
3250 1162 3383 1213 vel»

1824 1266 1881 1308 ut
1915 1258 2074 1323 l-ytlra
2122 1255 2378 1320 septiceps
2404 1293 2417 1316 ,
2464 1253 2544 1304 his
2576 1251 2806 1317 assurgit
2860 1251 3118 1301 adversus
3149 1247 3311 1299 De.qu
3340 1262 3355 1297 :

1830 1345 2138 1411 principalia
2175 1344 2329 1394 etiam
2368 1350 2519 1393 vocat
2557 1341 2741 1391 Petrus
2774 1339 3101 1390 Lotnlardtts
3128 1376 3140 1397 ,
3184 1336 3277 1386 llll.
3320 1348 3358 1385 ιι

1827 1434 2232 1493 Sententiarum,
2267 1432 2595 1483 distinction.
2627 1430 2712 1492 44,
2748 1437 2797 1481 et
2823 1435 3093 1478 enumerat
3119 1440 3147 1481 c
3176 1432 3359 1476 sancto

1824 1522 2076 1591 Gregorio
2111 1520 2298 1588 Magno
2332 1521 2380 1569 in
2420 1518 2595 1571 Exodo
2619 1558 2633 1581 ,
2680 1526 2772 1568 aut
2827 1516 3003 1582 potius
3046 1512 3355 1570 Ezechiele,

1825 1612 1930 1663 imo
1959 1626 2017 1663 ex
2057 1626 2146 1662 xm
2183 1608 2450 1660 Moralium
2479 1624 2492 1669 ;
2543 1618 2593 1659 et
2631 1605 2700 1657 ait
2732 1620 2760 1657 c
2787 1604 3167 1671 Chrysostomo
3192 1599 3361 1664 signi-

1827 1700 1976 1750 ticata
2011 1697 2175 1750 fuisse
2211 1698 2259 1746 in
2295 1704 2494 1763 septem
2528 1693 2752 1761 populis,
2793 1691 2883 1758 qui
2912 1698 3101 1741 terram
3127 1689 3357 1754 promis—

185 1779 436 1833 fortassis
464 1780 622 1845 idem,
655 1782 743 1847 qui
770 1783 1276 1835 comntunieantiuIn
1309 1795 1510 1838 mentes
1542 1786 1725 1851 digno-
1758 1781 1793 1832 Β
1824 1787 2009 1851 sionis,
2050 1802 2206 1853 quam
2246 1783 2383 1838 Deus
2425 1783 2601 1836 lsraeli
2634 1780 2896 1848 pollicitus
2928 1778 3117 1839 fuerat,
3148 1775 3353 1829 detine-

182 1867 391 1931 scebat,
418 1876 470 1920 et
497 1868 561 1920 de
587 1883 695 1936 quo
728 1868 990 1933 lillflllllls,
1019 1872 1052 1923 Ι.
1082 1886 1113 1922 ιι
1132 1911 1146 1933 ,
1175 1887 1221 1923 c.
1244 1872 1337 1934 Μ,
1375 1873 1721 1934 Sozomenus,

182 1958 223 2009 l.
252 1971 344 2019 Vl,
390 1971 437 2007 c.
469 1956 575 2021 28;
617 1957 921 2011 Cassiodor.
959 1959 1160 2012 Hister.
1209 1958 1433 2025 Tripart.
1491 1961 1524 2011 I.
1584 1975 1678 2012 \‘lll
1707 2001 1720 2026 ,

183 2060 235 2095 c.
268 2044 293 2094 1
322 2060 338 2107 ;
370 2041 652 2111 Nicephor.
692 2044 729 2097 l.
767 2060 815 2097 xI
838 2084 854 2110 ,
886 2059 933 2098 c.
961 2046 1047 2097 54.
1099 2046 1204 2099 Nec
1232 2049 1373 2098 enim
1414 2046 1548 2099 ratio
1585 2056 1717 2099 tem-

184 2132 337 2197 poris
373 2131 589 2198 patitur,
626 2142 682 2185 ut
713 2133 782 2185 sit
815 2133 899 2185 ille
932 2134 1220 2186 monachus
1247 2120 1655 2201 Alexandrinus,
1696 2150 1726 2189 e

184 2219 524 2273 Scholastico
551 2260 564 2283 ,
620 2221 709 2288 qui
740 2222 801 2273 ad
841 2231 1081 2275 sanctum
1116 2214 1401 2276 Antonium
1453 2227 1720 2291 perrexit,

182 2309 256 2362 de
283 2322 391 2376 quo
418 2310 689 2363 Palladius
708 2352 721 2373 ,
753 2326 801 2363 e.
832 2311 900 2363 9.6
935 2310 1208 2365 Lausiaca:
1230 2354 1242 2376 ,
1287 2324 1336 2365 et
1367 2314 1602 2367 Incertus
1627 2328 1723 2366 au-

185 2408 345 2465 ctor,
380 2400 470 2453 lib.
500 2412 571 2453 vtt
613 2399 685 2452 De
716 2401 807 2453 vit.
852 2401 1070 2452 Patrum
1101 2443 1115 2464 ,
1152 2403 1304 2465 cujus
1343 2404 1601 2470 interpres
1629 2405 1726 2456 fuit.

186 2486 537 2541 Paschasius.
574 2490 754 2555 Itaque
783 2491 1049 2557 colligitur
1086 2506 1147 2543 es
1197 2492 1294 2544 ista
1338 2494 1682 2558 inscriptione
1708 2531 1720 2554 ,

185 2574 369 2628 Nilum
400 2591 533 2641 tero,
562 2592 669 2644 quo
698 2576 949 2640 Isidorus,
976 2578 1246 2645 Eulogius,
1279 2579 1551 2647 Agathius,
1587 2580 1723 2631 Eva-

186 2664 364 2731 grius,
389 2672 441 2716 et
467 2665 558 2717 alii
588 2664 871 2729 vixerunt,
913 2664 1177 2720 ﬂoruisse.
1209 2665 1372 2719 Ornat
1398 2676 1537 2719 certe
1569 2667 1726 2718 Eulo-

187 2750 339 2818 gium
390 2751 551 2803 istum
615 2750 813 2818 insigni
871 2751 1057 2821 Elogio
1118 2754 1299 2806 beatus
1353 2752 1540 2819 Nilus,
1598 2755 1723 2806 dum

190 2837 404 2907 μύστην
460 2837 569 2890 τῶν
613 2838 819 2907 ἀρετῶν
873 2852 1179 2908 nuncupat,
1225 2844 1311 2909 qui
1374 2842 1471 2895 fuit
1533 2842 1724 2910 impul-

188 2940 321 2987 sor,
372 2933 426 2979 et
459 2926 849 2995 ὲργοδιώκτης,
911 2938 968 2981 ιιι
1030 2944 1163 2997 opus
1236 2931 1373 2982 istud
1430 2931 1721 2983 conscribe-

188 3022 307 3080 ret,
340 3025 524 3068 auctor
564 3015 814 3069 nimirum
835 3056 851 3078 ,
892 3028 1050 3070 exuta
1082 3018 1279 3071 tumida
1313 3019 1489 3071 earnis
1519 3020 1723 3071 sarcina

186 3097 542 3167 cele_brandus
570 3135 583 3161 ,
618 3098 759 3151 unde
785 3100 950 3165 ipsius
983 3114 1039 3154 se
1080 3102 1408 3153 commendat
1437 3101 1720 3170 sullragiis.

263 3205 554 3275 Subjicitur
587 3208 677 3259 τοῦ
707 3208 867 3260 αὑτοῦ
899 3209 915 3278 (
941 3208 1123 3261 Νείλου
1153 3208 1377 3277 nempe)
1414 3210 1563 3275 λόγος
1594 3208 1725 3276 πρὸς

188 3294 284 3346 τὸν
309 3294 465 3347 αὐτὸν
497 3295 743 3362 Εὑλόγιον
773 3297 898 3366 περὶ
929 3296 1024 3357 τὰς
1054 3295 1497 3361 ἁντιξύγους“τῶν
1526 3296 1724 3363 ἀρετῶν

189 3384 408 3445 κακίας.
452 3384 699 3451 Ejusdem
727 3386 870 3453 (Nili
903 3386 1147 3453 scilicet)
1195 3387 1261 3437 ad
1289 3386 1517 3436 eumdem
1564 3383 1723 3436 Eulo-

189 3475 334 3541 gium
364 3475 503 3525 circa
540 3475 667 3527 vitia
697 3474 968 3527 virtutibus
997 3476 1246 3542 apposita,
1278 3483 1368 3524 aut
1416 3473 1488 3523 uti
1536 3473 1564 3523 ll
1586 3473 1723 3538 gitur

189 3566 249 3618 in
281 3564 462 3619 Graeco
503 3564 678 3619 Indice
723 3567 847 3635 περὶ
900 3567 1002 3618 τῶν
1042 3566 1332 3632 ἀντιζύγων
1373 3567 1475 3617 τῶν
1521 3566 1723 3632 ἀρετῶν

189 3654 436 3718 κακιῶν,
476 3654 551 3707 De
576 3656 712 3708 vitiis
737 3697 751 3721 ,
803 3671 921 3723 qua:
955 3666 1073 3707 sunt
1119 3657 1351 3723 opposita
1408 3654 1680 3707 virtutibus
1704 3670 1722 3706 :

191 3745 416 3813 incipit,
469 3748 756 3813 ἀναγκαῖον
802 3746 1034 3815 ἠγοῦμαι
1082 3747 1174 3798 καὶ
1223 3746 1317 3806 τὰς
1362 3744 1673 3809 ἀντιζύγους
1706 3781 1720 3804 ,

191 3832 560 3887 Necessarium
583 3836 809 3886 arbitror
835 3835 1063 3899 opposita
1089 3848 1303 3901 quoque,
1336 3832 1529 3885 desinit
1553 3833 1603 3884 in
1642 3835 1723 3885 lllS

189 3923 369 3975 verbis
398 3921 693 3991 θελήματος
717 3920 878 3974 αὑτοῦ
908 3920 1080 3982 εὖοδος
1104 3960 1119 3983 ,
1159 3921 1435 3974 voluntatis
1481 3937 1588 3975 sate
1627 3922 1724 3973 iter

187 4010 349 4075 facile
386 4024 405 4062 :
442 4019 689 4078 quatuor.
720 4011 980 4077 capitibus
1031 4010 1347 4072 absolvitur,
1397 4020 1448 4065 et
1502 4026 1722 4065 enume-

170 4104 382 4165 rantur
412 4096 537 4148 vitia
570 4110 780 4161 novem,
815 4098 1136 4164 totidemque
1164 4097 1401 4162 virtutes,
1430 4100 1576 4152 deest
1597 4100 1723 4166 quid

189 4183 266 4237 sit
283 4182 527 4248 ἀφθονία,
556 4184 605 4237 id
626 4193 706 4238 est
726 4226 738 4248 ,
765 4201 860 4236 non
892 4184 1191 4249 invidentia,
1224 4187 1342 4252 quid
1366 4185 1717 4254 ὑπερηφανία,

189 4272 321 4340 quid
350 4271 666 4334 ταπείνωσις
688 4310 702 4333 ,
751 4288 841 4325 seu
880 4272 1123 4338 superbia
1145 4312 1160 4336 ,
1197 4281 1245 4323 et
1275 4273 1538 4323 humilitas
1565 4290 1578 4337 ;
1628 4276 1716 4325 sed

1826 1877 1952 1928 bant
1980 1895 1990 1927 :
2027 1851 2089 1927 es
2122 1874 2205 1927 his
2237 1874 2385 1942 quasi
2417 1882 2614 1940 septem
2644 1869 2880 1922 fontibus
2910 1875 3114 1919 cuncta:
3149 1865 3367 1916 animae
3447 1851 3452 1857 ’

1825 1982 1940 2017 rum
1971 1952 2259 2017 mortifera:
2290 1965 2601 2032 corruptela:
2640 1962 2934 2015 dimanant.
2977 1959 3234 2010 Dicuntur
3270 1970 3392 2009 ea-o

1823 2053 2173 2123 pitalia,quia
2198 2068 2260 2105 ex
2290 2052 2370 2104 his
2401 2052 2577 2104 omnia
2606 2050 2739 2101 mala
2766 2048 3048 2109 oriuntur;
3079 2054 3129 2096 et
3155 2044 3358 2096 nullum

1826 2155 1906 2196 est
1951 2144 2189 2205 malum,
2236 2132 2375 2209 quod
2422 2155 2530 2192 non
2582 2140 2759 2192 trahat
2796 2136 3052 2219 originem
3086 2136 3152 2185 ab
3180 2124 3359 2199 aliquo

1824 2232 2078 2298 ipsorum.
2110 2229 2385 2297 Cupiditas
2420 2228 2631 2295 quidem
2676 2236 2759 2280 est
2793 2226 2942 2286 radix
2975 2224 3215 2275 omnittm
3241 2235 3361 2272 nta-

1826 2318 1993 2371 lorttm
2027 2318 2075 2369 in
2104 2317 2462 2381 exsecutione,
2495 2315 2649 2368 siculi
2672 2314 2919 2382 superbia
2950 2312 3158 2364 initium
3188 2310 3360 2362 omnis

1825 2409 2023 2476 peccati
2056 2408 2225 2475 quoad
2250 2405 2626 2469 intentionem;
2663 2414 2785 2457 sunt
2807 2413 2979 2456 tamen
3005 2402 3087 2454 illa
3114 2414 3312 2468 septeni
3340 2417 3354 2451 :

1825 2497 1997 2549 inanis
2024 2496 2205 2564 gloria,
2237 2495 2334 2555 ira,
2360 2492 2554 2546 invidia
2575 2527 2590 2553 ,
2623 2491 2797 2543 acetlia
2836 2488 3161 2545 veLtristitia
3186 2526 3201 2551 ,
3229 2500 3357 2538 ava-

1826 2584 1967 2647 ritia,
1994 2582 2382 2651 gastrimargia,
2412 2594 2503 2632 seu
2534 2580 2672 2646 gula,
2708 2588 2759 2629 et,
2789 2576 3019 2629 luxuria.
3052 2573 3191 2626 Fuse
3224 2573 3355 2641 pits-

1825 2672 1994 2725 simus
2052 2678 2103 2723 ct
2131 2670 2345 2722 doctiss.
2378 2667 2601 2721 Carolus
2634 2664 2981 2719 Thomassius
3014 2661 3239 2717 clericus
3271 2677 3358 2714 rc-

1824 2761 2021 2830 gularis
2053 2781 2066 2824 -,
2114 2775 2272 2828 quem
2309 2772 2533 2811 veneror
2580 2757 2647 2811 ob
2688 2756 2817 2809 istas
2844 2756 3014 2825 dotes,
3053 2753 3106 2806 in
3155 2752 3356 2805 Arbore

1825 2849 2081 2903 Doctrina:
2115 2850 2283 2901 sancti
2318 2847 2553 2900 Thomas.
2586 2846 2658 2900 De
2696 2845 2872 2899 accdia
2912 2841 3355 2907 Diadochus,epi—

1825 2930 2015 3004 scapus
2042 2935 2285 2991 Pbotices
2333 2935 2385 2987 in
2419 2932 2576 3001 Epiro
2605 2933 2795 2987 veteris
2824 2930 3035 2999 lllyrici,
3059 2930 3146 2996 qui
3178 2928 3353 2979 tim-uit

1826 3041 1964 3079 anno
1984 3025 2043 3078 C.
2070 3024 2127 3078 N.
2158 3025 2280 3088 590,
2300 3039 2347 3079 c.
2377 3024 2464 3076 58.
2498 3022 2672 3092 Ipsam
2693 3022 2933 3074 dividunt
2962 3018 3187 3073 moralcs
3211 3017 3354 3069 theo-

1827 3112 1927 3179 logi
1985 3114 2035 3164 in
2089 3128 2227 3174 cam,
2267 3126 2383 3179 quae
2414 3121 2592 3178 torpor
2621 3118 2704 3162 est
2744 3117 2795 3160 et
2833 3106 3044 3160 trediutn
3095 3106 3349 3173 bonorntn

1823 3216 2062 3266 Operttm,
2097 3210 2148 3253 et
2179 3202 2228 3252 in
2258 3201 2421 3262 illam,
2450 3213 2567 3265 quae
2593 3197 2822 3264 pondere
2847 3194 3076 3262 quodam
3104 3198 3352 3264 aggravat

1825 3290 2049 3341 tristitia:
2080 3290 2366 3341 humanum
2398 3273 2666 3343 anitnum',
2710 3285 2962 3336 inducens
3004 3279 3349 3348 pusillanimi-

1824 3380 1979 3424 talem
2025 3383 2075 3424 et
2125 3372 2568 3439 desperationem.
2610 3368 2745 3421 Fuse
2786 3368 2850 3419 de
2882 3366 3022 3418 vitiis
3057 3363 3347 3416 monacho-

1823 3477 1937 3513 rntn
1967 3452 2153 3514 Petrus
2191 3460 2471 3513 cardinalis
2494 3458 2730 3513 Damiani
2754 3499 2769 3524 ,
2793 3472 2976 3522 epttse.
3006 3457 3039 3509 2
3076 3460 3146 3508 De
3172 3453 3346 3506 δαναιιί

1822 3560 2135 3617 contemptu,
2160 3551 2247 3617 qui
2274 3550 2446 3617 gulam
2472 3550 2667 3601 omittit
2694 3549 2830 3599 inter
2856 3545 3103 3615 capitalia
3131 3552 3345 3613 peccata

1826 3640 1913 3691 lib.
1958 3639 2032 3690 De
2059 3639 2199 3689 lteris
2232 3640 2486 3688 canonicis
2513 3653 2527 3699 ;
2566 3646 2737 3688 tamen
2776 3637 3023 3688 lloratius
3048 3675 3063 3699 ,
3102 3634 3344 3686 ethnicus
3376 3662 3379 3665 λ

1814 3714 1875 3781 et
1897 3727 2185 3795 Epicureus
2228 3739 2426 3792 septem
2470 3710 2818 3777 catinumerat
2860 3725 3002 3777 hisce
3048 3725 3292 3778 versibus
3324 3758 3341 3783 ,

1822 3817 1910 3868 lib.
1948 3831 1958 3866 I
1989 3855 2002 3877 ,
2052 3815 2205 3881 epist.
2234 3814 2257 3865 1
2289 3854 2307 3878 ,
2343 3812 2409 3863 ad
2449 3812 2774 3865 .lla'ccnatem
2800 3828 2819 3866 :
3262 3876 3263 3881 η

1924 3898 2105 3952 Fervet
2141 3902 2388 3966 avaritia,
2424 3900 2708 3968 miseraque
2741 3902 2978 3968 cupidine
3006 3910 3202 3967 pectus,

1821 3986 2009 4040 deinde
2042 4002 2055 4037 :

1923 4095 2158 4159 Invidus,
2190 4098 2489 4161 iracundus,
2520 4098 2681 4161 iners,
2718 4098 2941 4160 vinosus,
2977 4104 3197 4147 amator.

1886 4185 1955 4240 At
1980 4187 2131 4257 plura
2169 4187 2451 4240 Gratianus
2488 4188 2540 4239 in
2576 4187 2791 4240 Decreto
2825 4186 2889 4238 ad
2931 4194 2978 4238 c.
3008 4184 3176 4237 Unum
3214 4168 3337 4237 ara—

1822 4275 1955 4326 rium
1982 4274 2051 4327 25
2095 4273 2243 4335 dist.,
2280 4283 2572 4327 recensete
2612 4282 2795 4327 sancto
2824 4273 3120 4341 Augustino
3160 4277 3336 4329 homi-

191 4360 308 4412 haec
337 4359 571 4427 suppleri
615 4360 861 4412 videntur
884 4360 1055 4425 quoad
1103 4359 1226 4410 vitia
1279 4359 1327 4409 in
1376 4367 1597 4411 tractatu
1635 4374 1717 4412 se—
1748 4355 1790 4408 D
1820 4362 1887 4413 lia
1913 4362 1976 4413 de
2004 4362 2122 4428 igne
2150 4363 2470 4429 purgatorin,
2503 4377 2595 4415 seu
2630 4363 2965 4428 transitorio,
2999 4364 3109 4418 sive
3136 4382 3336 4419 sermo-

191 4447 375 4514 quenti
400 4487 414 4509 ,
450 4447 537 4499 cui
572 4447 753 4499 titulus
782 4454 860 4499 est
886 4487 899 4510 ,
945 4446 1046 4497 Τοῦ
1077 4444 1235 4498 αὐτοῦ
1280 4447 1405 4513 περὶ
1434 4445 1537 4497 τῶν
1576 4445 1715 4498 ὀκτὼ

192 4537 516 4603 πνευμάτων
541 4534 636 4602 τῆς
662 4535 947 4603 πονηρίας,
991 4532 1234 4595 Eiusdem
1261 4533 1385 4600 (Nili
1442 4534 1712 4602 nimirum)

190 4621 273 4674 De
324 4634 436 4675 octo
480 4622 741 4691 spiritibus
767 4622 1016 4687 malitiae;
1068 4630 1118 4674 et
1166 4621 1387 4688 incipit,
1444 4621 1570 4689 περὶ
1620 4620 1716 4688 τῆς

188 4713 655 4780 γαστριμαργίας,
720 4713 768 4765 id
820 4722 940 4775 est,
988 4712 1047 4763 de
1098 4711 1254 4777 gula.
1306 4712 1413 4762 sive
1457 4710 1711 4778 ingluvie,

187 4797 364 4866 ἀρχὴ,
421 4800 784 4868 καρποφορίας
833 4799 986 4861 ἄνθος
1009 4836 1023 4860 ,
1054 4799 1104 4851 Itl
1131 4804 1239 4860 est,
1270 4797 1575 4863 principium
1598 4797 1713 4865 fru-

189 4893 303 4937 ctus
355 4886 599 4952 a/Icrcntli
661 4887 810 4953 ﬂos;
859 4883 1189 4960 desinit,xa‘t
1241 4883 1453 4945 πολλαῖς
1503 4885 1715 4952 ἀρεταῖς

189 4973 532 5042 φαιδρύνεται
578 4976 893 5035 ταπείνωσις
939 4976 1158 5044 ἀνδρὸς,
1220 4984 1266 5027 et
1312 4973 1406 5025 viri
1451 4971 1713 5024 humilitas

190 5063 370 5114 multis
431 5063 714 5130 resplendet
768 5064 1043 5115 virtutibus
1067 5105 1081 5127 ,
1115 5065 1167 5117 in
1195 5064 1362 5131 capita
1392 5063 1452 5117 l9
1482 5061 1714 5116 dissecai-

188 5161 295 5205 tur.
326 5150 547 5205 Exstant
594 5152 805 5219 quidem
848 5152 1113 5204 Orationes
1157 5161 1275 5205 octo
1322 5150 1505 5204 Latine
1546 5154 1711 5204 sancti

188 5236 294 5291 Nili
331 5240 585 5293 adversus
636 5238 795 5303 vitia,
852 5246 995 5290 tomo
1036 5235 1107 5300 V,
1141 5246 1288 5304 parte
1321 5253 1355 5289 ιι
1392 5237 1713 5290 Bibliotheca:

189 5328 417 5381 Patrum
446 5331 499 5382 in
549 5310 780 5383 editione
813 5326 1118 5381 Coloniensi
1168 5340 1309 5380 anno
1352 5316 1502 5380 lGl8.
1544 5325 1709 5395 Incip.

190 5419 299 5472 Hoc
341 5428 416 5469 est
460 5408 789 5486 proﬁciendi,
824 5419 884 5471 de
920 5419 1078 5486 gula,
1108 5427 1207 5472 etc.
1252 5433 1303 5487 p.
1340 5420 1459 5483 969,
1503 5420 1602 5473 col.
1642 5422 1708 5485 1,

188 5506 240 5559 in
278 5504 366 5558 fol.
399 5506 622 5560 Eosdem
654 5508 809 5559 vertit
862 5509 913 5558 in
963 5507 1207 5559 Latinum
1259 5507 1444 5581 Petrus
1495 5506 1711 5562 Franci-

1815 4464 1880 4503 ne
1906 4450 1965 4501 41
2002 4448 2067 4501 de
2095 4442 2318 4510 sanctis,
2349 4458 2400 4502 et
2425 4450 2457 4501 4
2486 4449 2550 4503 de
2574 4451 2854 4505 animabus
2886 4453 3116 4506 fidelium
3144 4455 3333 4507 del‘nn-

1813 4547 2037 4591 ctarutu.
2070 4535 2236 4589 Graeci
2262 4536 2416 4615 modo
2437 4523 2716 4592 numerant
2748 4550 2864 4593 octo
2885 4581 2899 4603 ,
2926 4541 3085 4595 modo
3115 4555 3329 4611 novt-In,

1813 4636 1870 4679 ut
1916 4628 1965 4679 in
2016 4626 2160 4681 hisce
2205 4627 2518 4699 tractatibus
2547 4630 2897 4699 perspicitur;
2932 4633 3066 4682 unde
3106 4622 3329 4680 libenter

1811 4702 2159 4767 cxclamarcin
2189 4730 2307 4768 cum
2335 4730 2454 4784 rege
2478 4696 2892 4782 P/saltc,‘Delicta
2917 4717 3028 4783 quis
3050 4715 3328 4782 intelligit?

1811 4799 1986 4869 (Psal.
2017 4817 2180 4866 ινιιι,
2215 4802 2334 4871 12.)
2370 4802 2424 4856 ln
2458 4800 2688 4859 editione
2721 4802 3014 4857 Coloniensi
3069 4806 3327 4857 tractatus

1810 4889 1909 4942 iste
1956 4889 2028 4943 De
2074 4901 2185 4942 octo
2230 4893 2425 4944 vitiosis
2485 4892 2868 4959 cogitationibus
2926 4898 3099 4943 exstat
3142 4889 3327 4945 Latine

1812 4991 1929 5047 cum
1970 4977 2297 5041 Praafatione,
2342 4977 2497 5043 cujus
2522 4976 2795 5030 exordium
2835 4991 2845 5024 :
2883 4975 2953 5027 De
2983 4985 3095 5028 octo
3128 4978 3325 5030 vitiosis

1810 5068 2242 5135 cogitationibus,
2285 5080 2370 5117 seu
2411 5064 2757 5130 aﬂ'ectiouibus
2794 5054 3010 5117 scriber’e
3053 5067 3323 5118 instituen-

1812 5165 1903 5220 tes,
1925 5165 2023 5209 etc.
2048 5163 2155 5206 tum
2186 5152 2367 5220 incipit
2391 5170 2403 5205 :
2437 5150 2500 5203 Ut
2526 5152 2732 5221 frugum
2750 5155 3055 5222 principium
3081 5153 3198 5225 μορ,
3218 5163 3317 5205 etc.

1809 5244 1957 5297 valde
1984 5243 2205 5295 diversae
2231 5249 2352 5295 sunt
2384 5242 2578 5307 periodi
2604 5260 2618 5307 ;
2656 5244 2745 5297 sed
2776 5246 2999 5309 scriptor
3031 5251 3152 5294 octo
3197 5244 3319 5297 vitia

1808 5332 2112 5399 exsequitur
2131 5330 2380 5397 persimili
2399 5331 2580 5388 ordine
2601 5332 2886 5400 'prtetixum
2907 5338 2985 5383 est
3004 5331 3319 5386 distichum:

1910 5444 2043 5494 Area
2078 5422 2213 5510 rigat
2244 5440 2396 5495 Nilus
2430 5444 2635 5511 fluvius.
2668 5441 2754 5495 sed
2781 5449 2986 5508 pectora
3017 5447 3184 5493 sermo

1977 5511 2057 5561 Ex
2089 5508 2322 5568 nionaclti
2357 5508 2472 5564 Nili
2498 5508 2584 5579 qui
2612 5511 2729 5577 [luit
2764 5526 2881 5572 ore,
2908 5512 3061 5577 ‘I'igat.

184 5609 313 5648 steus
357 5582 522 5650 Ziuus
578 5597 628 5648 in
673 5597 902 5650 editione
934 5596 1127 5653 Veneta
1179 5598 1230 5650 in
1278 5598 1345 5662 8,
1383 5614 1522 5650 anno
1554 5599 1702 5653 1574.
1804 5599 1902 5664 Qut
1931 5601 2065 5655 volet
2093 5602 2379 5655 versionem
2407 5601 2543 5652 illam
2574 5600 2830 5671 consulet,
2855 5615 2970 5668 qua:
3000 5601 3151 5663 longe
3172 5601 3325 5657 abest
3385 5601 3389 5605 ’
