4122 6338
760 233 889 298 1351

1650 235 1796 294 JOS.
1833 233 2087 293 MARLE
2123 236 2468 294 SUARESII
2509 237 2994 295 DISSERTATIO

3773 234 3927 296 I352

756 356 785 393 a
827 350 968 394 textu
1007 338 1189 392 Graeco
1224 338 1619 409 czbcodicis
1661 339 1955 392 Barberini.
1990 337 2146 390 Forte
2187 340 2272 402 is,
2306 351 2348 401 Α
2376 342 2508 394 dunt
2540 343 2662 394 alia:
2690 341 2950 395 inchoata:
2976 339 3140 392 Φόϐον
3169 339 3254 408 ἔχε
3287 302 3461 402 Θεοῦ,
3492 339 3556 391 ad
3594 339 3721 404 Ἀθ,
3759 357 3928 395 eom—

754 435 848 495 qui
883 428 1058 492 vertit,
1109 427 1269 479 alium
1320 428 1552 479 codicem
1598 427 1863 479 diversum
1908 435 2094 478 nactus
2123 435 2277 490 crat,

755 514 837 564 vel
873 514 1140 580 indulgere
1169 513 1368 564 amavit
1395 528 1458 564 ac
1505 513 1750 565 velilicari
1774 512 1987 579 eloquio
2011 526 2132 564 suo.
2170 510 2281 579 Ego

755 601 949 667 quippe
982 616 1102 652 cum
1155 601 1256 653 [ide
1299 615 1507 652 summa
1554 600 1832 664 transtuli,
1874 600 2015 652 sicut
2043 600 2280 676 eiusdem

755 685 858 738 Nili
896 697 1178 738 tractatum
1226 685 1300 737 De
1350 689 1606 750 oratione,
1649 701 1744 738 seu
1785 685 1879 735 τοῦ
1927 685 2086 735 αὐτοῦ
2130 684 2286 749 λόγον

757 775 890 841 Περ).
914 774 1010 840 τῆς
1035 773 1334 840 προσευχῆς
1363 775 1441 834 εἰς
1476 779 1586 840 ρνγ’
1599 772 1864 839 κεφάλαια
1889 770 2303 838 διειλημμένον,

758 862 812 913 in
868 850 1101 929 capitula
1148 862 1248 914 155
1297 862 1629 914 distinctum.
1681 862 1981 912 Conversus
2012 859 2183 910 luerat
2229 859 2282 909 in

759 949 1005 1001 Latinum
1053 951 1151 1001 iste
1194 959 1447 1002 tractatus
1491 965 1522 1002 a
1574 947 1855 1000 Francisco
1882 933 2187 1006 Turriano.
2234 955 2285 998 et
2341 945 2345 949 ’

766 1037 945 1087 editus
975 1037 1274 1103 Antuerpize
1307 1039 1355 1086 in
1396 1039 1565 1088 lucem
1591 1039 1726 1098 apud
1757 1037 2053 1088 Plautinum
2092 1035 2143 1085 in
2180 1033 2246 1084 12
2269 1070 2284 1091 ,

765 1131 875 1173 tum
904 1138 931 1172 a
963 1122 1264 1189 Margarino
1291 1122 1502 1189 Bignazo
1521 1161 1536 1184 ,
1585 1131 1637 1174 et
1683 1121 1813 1173 Zino
1849 1119 2242 1200 Venetiis‘l574
2268 1136 2282 1183 ;

763 1211 891 1278 quin
920 1219 972 1262 et
1001 1212 1051 1262 in
1083 1211 1400 1262 Bibliotheca
1426 1210 1641 1261 Patrum
1670 1209 1904 1261 Coloniae
1942 1225 1997 1276 p.
2031 1208 2152 1260 950.
2181 1209 2285 1261 Ve-

763 1312 880 1348 rum
912 1297 1238 1348 desideratur
1270 1306 1442 1348 textus
1500 1294 1733 1358 Graecus,
1769 1303 1821 1346 et
1851 1293 2032 1346 Latine
2081 1291 2286 1346 Graece-

761 1397 866 1448 que
897 1383 1249 1446 prooemium,
1279 1381 1420 1449 quod
1470 1381 1554 1434 hic
1588 1382 1835 1447 apposui,
1869 1382 2118 1448 quodque
2148 1381 2281 1432 inri-

763 1472 840 1537 pit
867 1470 1198 1537 Πυρέττοντά
1250 1486 1315 1536 με
1343 1507 1359 1530 ,
1401 1470 1450 1520 id
1484 1477 1585 1529 est,
1621 1467 2012 1521 Febricitantem
2046 1485 2140 1520 me.
2187 1466 2288 1519 lni-

762 1559 892 1608 tinm
933 1565 1106 1608 autem
1166 1565 1453 1617 tractatus,
1504 1571 1596 1607 seu
1648 1556 1878 1622 capitum
1930 1562 2049 1614 est,
2101 1555 2165 1604 Εἴ
2206 1570 2287 1613 τις

761 1644 994 1709 βούλοιτο
1026 1682 1040 1706 ,
1081 1641 1138 1695 Si
1175 1644 1286 1711 quis
1318 1644 1573 1704 voluerit;
1610 1642 1874 1694 clauditur
1913 1651 1966 1694 et
2005 1643 2106 1693 hac
2146 1642 2286 1692 line:

760 1733 1007 1800 Εὖρηκας
1029 1735 1348 1800 προσευχήν.
1382 1731 1626 1784 Invenisti
1654 1732 1936 1783 orationem
1965 1747 1981 1796 ;
2007 1740 2060 1784 et
2093 1731 2146 1781 in
2174 1745 2290 1782 ver-

759 1828 909 1877 sione
942 1839 1055 1876 niea
1091 1823 1222 1875 forte
1259 1826 1421 1874 lector
1445 1832 1693 1890 agnoscet
1716 1822 2030 1890 πιστοτέρας
2055 1859 2070 1882 ,
2113 1824 2154 1874 si
2185 1836 2289 1873 non

759 1908 1062 1974 σοψωτέρας
1115 1907 1396 1975 φροντίδας
1425 1909 1707 1975 δευτέρας;
1751 1910 1800 1962 id
1829 1917 1909 1962 est
1932 1948 1945 1972 ,
1977 1905 2286 1969 Fideliores,

759 2008 804 2048 et
827 1993 1159 2063 sapientiores
1189 1996 1436 2048 secundas
1460 2010 1632 2048 curas.

827 2084 1050 2138 Omissis
1085 2085 1287 2150 aliquot
1311 2085 1583 2150 opusculis
1604 2119 1618 2144 ,
1646 2083 1711 2135 de
1735 2082 1929 2150 quibus
1959 2097 2083 2136 mox
2116 2082 2287 2136 disse-

761 2187 906 2232 ram,
954 2171 1151 2236 subjeci
1208 2171 1299 2228 τοῦ
1347 2171 1506 2220 αὑτοῦ
1569 2169 1839 2238 (Νείλου)
1877 2170 2140 2236 κεφάλαια
2206 2170 2286 2232 κζ’

760 2257 1179 2326 Ιιερὶδιαφόρων
1233 2248 1482 2325 -ἶπονηρῶν
1512 2255 1816 2323 λογισμῶν,
1855 2255 2098 2321 Ejusdem
2137 2255 2289 2324 (Nili

760 2345 974 2414 nempe)
1012 2345 1243 2412 capitula
1281 2344 1347 2396 27
1397 2344 1473 2395 De
1505 2344 1717 2396 diversis
1749 2343 1988 2410 malignis
2019 2344 2287 2411 cogitatio-

759 2436 906 2486 nibus
959 2443 1044 2490 εει
1101 2434 1184 2486 hic
1219 2425 1476 2486 tractatus
1507 2433 1748 2485 connecti
1786 2432 1967 2506 debuit
2005 2433 2122 2484 aliis
2155 2432 2288 2483 duo-

759 2525 858 2575 bus
891 2516 1135 2590 superius
1164 2522 1439 2585 collocatis
1461 2561 1476 2587 ,
1511 2529 1563 2572 et
1593 2535 1656 2572 ex
1699 2520 1780 2573 his
1827 2518 2047 2572 forsitan
2076 2520 2286 2586 collegit

761 2624 910 2660 suam
941 2610 1237 2662 versionem
1260 2609 1413 2675 quasi
1458 2615 1730 2660 centonem
1759 2622 2041 2667 consuens,
2068 2609 2144 2659 vel
2173 2595 2282 2659 cin-

761 2712 886 2748 num
921 2705 1221 2765 contexens
1245 2687 1429 2749 auctor
1454 2735 1468 2760 ,
1512 2704 1603 2748 aut
1631 2696 1889 2762 interpres
1919 2702 2176 2748 tractatus
2213 2694 2287 2746 De

760 2793 873 2836 octo
912 2784 1108 2835 vitiosis
1147 2784 1536 2854 cogitationibus
1581 2782 1814 2834 insertus
1841 2779 2142 2834 Coloniensi
2170 2780 2284 2832 edi-

2338 535 2343 540 ·
2379 519 2668 569 ἐπισκόπου
2742 521 2835 569 καὶ

2347 605 2733 672 ηπαραίνεσις,
2790 604 2842 657 id
2902 612 3021 667 est,
3086 602 3200 654 Nili
3276 605 3498 670 episcopi
3559 616 3610 655 et
3668 616 3927 673 mmst

2380 430 2575 496 putatis
2622 430 2763 493 istis,
2793 445 2912 497 quae
2939 437 3286 485 numerantur
3310 429 3380 481 26
3405 429 3507 481 sub
3535 429 3688 481 titulo
3717 431 3923 483 Νείλου

2906 517 3168 584 μάρτυρος
3233 517 3502 581 κεφάλαια
3553 555 3569 580 ,
3657 519 3819 587 διε
3884 520 3926 586 ἢ

2379 693 2647 760 capitula,
2693 709 2783 746 seu
2827 692 3137 744 exlmrtatio.
3171 691 3451 743 Abundant
3489 690 3542 743 in
3571 692 3752 744 codice
3780 693 3926 744 Bar-

2381 782 2704 851 bet-incisus
2728 779 3081 834 beatitudines
3122 779 3254 847 (vide
3280 765 3436 844 supra
3483 780 3762 842 col.126l,
3797 780 3922 847 ιλ).

2450 870 2700 922 Arbitror
2742 880 2794 922 et
2841 870 3172 936 adjungenda
3230 867 3475 933 capitulis
3523 869 3626 920 illis
3674 870 3832 922 editis
3866 871 3924 919 in

2385 967 2531 1010 torno
2563 957 2600 1008 ll
2631 958 2765 1010 Bibl.
2798 955 3208 1010 Graec-Latina:
3237 955 3525 1008 Parisiensi
3572 956 3623 1007 id
3670 959 3808 1022 quod
3846 957 3906 1009 ib

2381 1050 2719 1102 desideratur
2755 1055 2874 1116 post
2901 1062 3018 1114 cap.
3056 1040 3210 1099 97'et
3237 1045 3497 1098 Graece‘iu
3549 1046 3668 1096 cod.
3718 1046 3899 1096 Brsrbe

2383 1140 2501 1191 rino
2557 1138 2746 1204 reperi.
2819 1136 2965 1204 (Hoc
3023 1135 3364 1202 fragmentum
3410 1136 3690 1199 'rosuimns
3754 1147 3924 1196 supra

2383 1230 2484 1280 col.
2517 1229 2671 1288 1257,
2703 1226 2790 1278 ubi
2823 1226 2987 1277 locum
3017 1223 3427 1288 opportuniorem
3457 1219 3696 1286 obtinet.)
3721 1246 3725 1259 ι

2454 1317 2494 1366 Τ
2505 1315 2554 1365 ῡῦ
2567 1312 2903 1383 Bacch-:06
2919 1313 2975 1360 ἐν
2987 1311 3154 1376 ἁγίοις
3166 1306 3284 1361 Πατ
3292 1309 3378 1376 pb;
3399 1309 3429 1376 ἠ
3436 1309 3548 1375 μῶν
3560 1307 3745 1358 Νείλου
3767 1306 3924 1374 [παρ’

2385 1406 2488 1476 aly;
2512 1421 2584 1466 ιις
2633 1403 2765 1472 πρὸς
2800 1400 3076 1466 Μοναχοὺς
3111 1398 3449 1476 supponitur,
3486 1397 3640 1462 cujus
3677 1397 3919 1458 initium,

2399 1488 2705 1552 'Anaolav,
2741 1485 2792 1538 id
2822 1495 2921 1546 est,
2958 1483 3441 1550 intemperantiam;
3473 1481 3592 1533 linis
3623 1481 3752 1548 μηδὲ
3788 1497 3922 1530 συν-

2387 1577 2472 1626 εστ-
2512 1592 2580 1625 ῖιν
2619 1573 2796 1633 καλὸν,
2825 1573 2872 1625 id
2893 1579 2993 1634 est,
3024 1587 3182 1638 neque
3212 1586 3325 1626 cum
3354 1586 3412 1622 eo
3441 1572 3697 1621 comedere
3723 1570 3922 1621 bonum

2389 1677 2479 1715 est.
2524 1661 2799 1714 Tractatus
2833 1660 3009 1727 hujus,
3031 1659 3140 1712 sive
3171 1657 3512 1710 Institutionis
3543 1660 3610 1708 ad
3635 1658 3926 1710 monachos

2389 1754 2620 1818 ejusdem
2663 1751 2830 1804 sancti
2865 1749 3035 1801 Patris
3062 1749 3226 1801 nostri
3256 1747 3362 1800 Nili
3388 1747 3699 1814 principium
3731 1748 3779 1799 in
3822 1745 3927 1799 Vi-

2389 1843 2458 1894 tis
2490 1841 2701 1893 Patrum
2735 1838 2991 1891 lleriberti
3023 1837 3300 1904 Rovaeydi
3327 1852 3378 1902 p.
3407 1835 3529 1898 598,
3564 1836 3773 1888 nomine
3795 1835 3928 1888 lau-

2387 1931 2544 1983 datur
2574 1919 2834 1996 ‘Eragrii;
2883 1927 2934 1978 in
2975 1924 3204 1979 editione
3240 1923 3353 1975 Zini
3391 1933 3444 1976 et
3483 1924 3536 1976 in
3583 1923 3920 1977 Bibliotheca

2387 2026 2688 2071 sanctorum
2720 2017 2933 2068 Patrum
2965 2027 3162 2066 excusa
3203 2011 3436 2065 Colonia:
3467 2012 3635 2065 sancti
3673 2009 3773 2064 Nili
3811 2013 3916 2066 ab-

2385 2104 2523 2158 batis
2543 2118 2663 2156 cum
2693 2101 2843 2171 titulo
2872 2103 3132 2168 reperitur
3157 2115 3210 2167 p.
3241 2099 3362 2152 968.
3395 2098 3519 2151 Eam
3547 2098 3766 2167 Evagrio
3793 2099 3918 2150 vin-

2386 2193 2527 2245 dicat
2565 2189 2882 2242 Hoisteinius
2908 2203 2938 2240 e
2959 2173 3323 2254 iuanuscripto
3354 2185 3454 2237 BB.
3477 2186 3578 2238 ΒΒ.
3614 2187 3702 2253 qui
3741 2188 3915 2240 multa

2387 2278 2569 2330 deesse
2605 2275 2831 2343 capitula
2864 2273 3158 2326 observavit
3195 2253 3483 2340 supplenda
3525 2288 3588 2326 ex
3629 2274 3740 2340 ipso
3769 2274 3913 2325 Eva-
3963 2253 3975 2264 ’

2387 2363 2521 2429 grio,
2542 2362 2658 2430 quae
2685 2363 2733 2413 in
2761 2360 2860 2414 alio
2883 2359 3059 2412 codice
3080 2358 3417 2411 Bibliotheca:
3438 2357 3539 2412 BB.
3568 2359 3667 2411 sub
3699 2357 3910 2426 Evagrii

2385 2451 2598 2504 nomine
2630 2450 2903 2516 comperit.
2929 2447 3036 2515 Ego
3066 2461 3189 2500 vero
3225 2461 3326 2500 non
3356 2447 3590 2500 dubitavi
3628 2448 3753 2514 quin
3781 2461 3916 2500 san-

2386 2551 2473 2595 cto
2519 2539 2637 2592 Nilo
2687 2539 3050 2601 inscriberem,
3091 2552 3119 2590 a
3153 2551 3258 2605 quo
3290 2536 3569 2605 Evagrium
3607 2545 3908 2590 mutuatum

2387 2630 2546 2682 fuisse
2578 2627 2886 2692 crediderim
2913 2626 3081 2688 facile,
3123 2627 3195 2678 uti
3222 2608 3693 2693 φίλων’τά’πάντα
3728 2625 3907 2686 κοινὰ,

2385 2716 2461 2769 sic
2485 2715 2636 2779 λόγον
2681 2711 2996 2782 δογματίκὺν
3023 2712 3088 2764 ab
3121 2713 3359 2779 Evagrio,
3386 2712 3492 2763 imo
3511 2726 3540 2764 a
3573 2710 3628 2763 S.
3653 2712 3910 2780 Gregorio

2387 2802 2718 2856 Nazianzeno
2769 2802 2994 2868 sumpsit
3041 2799 3094 2852 S.
3144 2799 3315 2861 Nilus,
3360 2800 3448 2853 sed
3490 2797 3661 2852 fusius
3695 2800 3746 2850 in
3785 2797 3908 2854 Vite

762 2870 1080 2937 ti0ni.,Certe
1110 2871 1161 2921 lii
1193 2879 1298 2923 tres
1328 2877 1580 2940 tractatus
1610 2868 1748 2920 circa
1776 2868 1957 2918 eadem
1989 2875 2282 2927 versantur,
2313 2907 2352 2960 C
2386 2893 2496 2959 ipsa
2519 2891 2574 2944 s.
2602 2891 2701 2942 Nm
2723 2890 3096 2943 demonstrabo
3119 2889 3292 2942 Nilum
3316 2889 3365 2940 in
3392 2888 3638 2955 capitula,
3659 2887 3772 2940 vim
3798 2887 3912 2951 svi;

760 2959 1002 3025 quamvis
1034 2959 1086 3010 in
1121 2956 1478 3023 manuscripto
1510 2955 1799 3008 Barherino
1831 2955 2172 3020 interpositus
2216 2955 2285 3005 sit

761 3055 1020 3098 tractatus
1061 3045 1124 3097 de
1171 3043 1435 3107 oratione,
1491 3043 1617 3094 mihi
1658 3041 1840 3110 religio
1892 3039 1992 3092 fuit
2043 3041 2282 3093 ordinem

723 3155 728 3158 ·
760 3134 970 3188 Codicis
1007 3133 1203 3185 exarati
1250 3133 1452 3197 calamo
1485 3130 1845 3184 inter-vertere.
1902 3115 2130 3181 Initium,
2161 3140 2239 3181 est
2269 3147 2282 3186 ;

763 3223 881 3273 Τῶν
916 3222 1293 3290 ἀντικειμένων
1352 3221 1612 3287 δαιμόνων
1657 3222 1724 3287 τῇ
1770 3220 2036 3287 πρακτικῇ
2076 3218 2125 3269 id
2172 3227 2284 3282 cst,

771 3309 812 3360 E
849 3310 1161 3359 dit-monibus
1225 3304 1470 3372 oppositis
1523 3307 1700 3356 actius
1755 3305 1907 3366 vitae;
1953 3313 2007 3355 ει
2055 3304 2285 3365 desinit,

765 3391 840 3448 Οὖ
896 3396 986 3446 καὶ
1052 3394 1372 3462 ρυσθείημεν
1423 3393 1598 3458 χάριτι
1651 3389 1740 3439 τοῦ
1802 3389 2069 3462 Χριστοῦ,
2135 3397 2285 3440 ctc.;

765 3487 805 3536 Α
835 3499 931 3550 quo
956 3470 1224 3533 liberemur
1251 3481 1416 3547 gratia
1441 3478 1634 3531 Christi
1661 3517 1674 3541 ,
1707 3487 1806 3529 ctc.
2047 3472 2053 3479 ’

837 3571 1021 3624 Addidi
1064 3569 1151 3620 τοῦ
1187 3569 1346 3620 αὐτοῦ
1393 3566 1654 3632 κεφάλαια.
1678 3564 1758 3631 λγ’
1783 3563 1900 3615 κατ’
1939 3562 2248 3614 ἀκολουθίαν
2272 3602 2286 3626 ,

767 3659 818 3712 id
857 3667 978 3720 est,
1031 3657 1274 3724 Ejusdem
1315 3655 1543 3721 capitula
1581 3655 1648 3707 53
1670 3693 1683 3717 ,
1713 3669 1802 3720 per
1827 3653 2018 3719 gradus
2044 3640 2289 3719 ~quosdam

766 3748 1011 3811 disposita
1039 3745 1425 3812 comequentiw.
1453 3742 1709 3810 Incipiunt
1744 3757 1803 3794 ea
1829 3757 1843 3792 :
1865 3741 2069 3810 ἴκτερός
2110 3743 2250 3792 ἐστιν
2271 3779 2287 3805 ,

767 3835 816 3885 id
852 3843 963 3896 est,
993 3832 1202 3884 Morbus
1227 3841 1496 3900 arquatus,
1538 3845 1626 3882 seu
1664 3830 1825 3896 regius
1853 3838 1925 3880 est
1951 3843 1964 3890 ς
1999 3831 2286 3880 terminan-

770 3931 853 3973 tur
875 3961 889 3984 ,
931 3919 1274 3972 καταϐάλλειν
1324 3917 1735 3985 πεπιστευμέναι
1764 3953 1778 3977 ,
1826 3930 1940 3982 qua:
1971 3924 2193 3981 prassunt
2223 3914 2291 3965 ad

765 4000 1093 4076 repellendos.
1131 4005 1233 4060 ista
1265 4017 1614 4060 conscelanea
1650 4013 1775 4057 sunt
1804 4003 2089 4070 persimilia
2122 4002 2289 4054 sancti

767 4093 1006 4145 Eucherii
1044 4094 1475 4160 Expositionibus
1513 4090 1838 4144 brevissimis
1866 4103 2030 4142 sacra:
2054 4088 2290 4155 Scriptu—

2391 2980 2552 3030 ritalis
2579 2979 2891 3030 documenta
2913 2978 3237 3029 contraxisse
3259 2976 3598 3044 peritissime,
3629 2987 3683 3028 ut
3706 2978 3792 3043 qui
3818 2993 3911 3026 κε·

2391 3066 2686 3134 φαλαιὼτου
2746 3065 3009 3132 epitheton
3068 3063 3191 3116 inde
3230 3060 3496 3125 meruerit,
3540 3071 3592 3114 et
3636 3063 3687 3113 in
3727 3069 3910 3115 eremo

2391 3153 2592 3206 diutius
2647 3159 2911 3205 versatum
2959 3165 3078 3203 cum
3121 3149 3394 3202 monachis
3425 3164 3484 3200 ea
3517 3149 3765 3201 diuturno
3805 3165 3909 3201 usu

2391 3242 2656 3303 calluisse,
2682 3239 2770 3306 qui
2812 3251 2996 3305 nempe
3019 3236 3282 3304 specimen
3312 3235 3600 3303 prudentia:
3635 3249 3742 3288 suae
3772 3238 3910 3302 poli-

2392 3329 2507 3380 ticae
2533 3328 2583 3378 in
2614 3326 2921 3393 praefectura
2944 3325 3087 3378 urbis
3107 3324 3699 3390 Constantinopolitana:
3727 3324 3913 3390 patriae

2394 3427 2503 3464 suae
2559 3426 2680 3462 cum
2731 3411 3054 3477 imperatori,
3088 3420 3198 3464 tum
3240 3411 3581 3480 p0pula'ribus
3631 3411 3741 3465 suis
3772 3427 3912 3480 pra:-

2393 3501 2597 3562 huerat,
2634 3500 2793 3552 etiam
2843 3500 2894 3551 in
2938 3500 3218 3553 solitudine
3255 3511 3359 3554 tam
3401 3504 3697 3566 CtBllOililiS,
3747 3517 3911 3569 quam

2393 3588 2722 3642 anachoretis
2751 3588 2971 3641 consilia
3010 3588 3353 3640 saluberrima
3378 3589 3818 3641 subministravit.

2460 3677 2682 3730 Adtexui
2731 3676 2833 3727 Τοῦ
2886 3677 3044 3729 αὐτοῦ
3101 3677 3242 3728 ὁσίου
3280 3667 3501 3746 Πατρὸξ
3532 3676 3681 3744 ἡμῶν
3718 3677 3910 3728 Νείλου

2395 3765 2609 3832 γνώμας
2640 3767 2743 3816 ἀπα
2763 3765 2947 3829 γούσας
2969 3766 3073 3816 τῶν
3099 3766 3367 3835 φθαρτῶν,
3396 3767 3487 3818 καὶ
3511 3765 3778 3839 κολλώσας
3800 3768 3915 3824 τοῖς

2393 3851 2678 3920 ἀφθάρτοις
2736 3851 2824 3902 ⁹τὸν
2881 3853 3175 3919 ἄνθρωπον.
3229 3853 3472 3920 Ejusdem
3524 3856 3684 3907 sancti
3738 3853 3913 3906 Patris

2395 3941 2554 3991 nostri
2584 3937 2698 3990 Nili
2724 3941 2997 3991 sententias
3032 3930 3378 3992 abstrahentes
3413 3957 3442 3992 a
3470 3937 3914 4008 'corruptibib'bus,

2393 4041 2438 4081 et
2491 4028 2743 4079 hominem
2806 4028 3270 4094 incorruptibilibus
3321 4030 3715 4098 agglutinantes.
3759 4032 3917 4084 Hunc

2396 4118 2603 4184 quidcm
2657 4118 2862 4169 titulum
2916 4116 3201 4170 Sententiis
3238 4118 3365 4179 illis,
3402 4133 3534 4186 quas
3577 4121 3915 4186 praetermisi,

767 4195 880 4272 ne,
914 4193 1029 4241 qua:
1050 4180 1323 4272 leg-untur“
1351 4180 1402 4228 in
1422 4176 1696 4272 Piriuensi
1735 4176 2086 4272 Chronologia
2116 4177 2290 4272 relatae
2323 4200 2363 4252 ι)
2394 4176 2515 4272 q'uia
2541 4204 2650 4271 jam
2685 4205 2989 4271 proﬂabant
3022 4206 3175 4258 edim
3211 4176 3388 4258 (ἰτεέο
3418 4176 3491 4258 'ac
3529 4176 3708 4258 ulline
3735 4207 3783 4257 in
3825 4176 3917 4256 BI;

767 4280 797 4316 a
826 4261 1100 4316 Vincentio
1128 4263 1360 4326 Barrali;
1389 4264 1666 4331 allegorice
1696 4264 1908 4330 quippe,
1937 4273 2094 4329 atque
2123 4263 2286 4315 auda-

768 4363 878 4402 cter
901 4390 915 4415 ,
949 4361 1002 4404 ει
1039 4350 1358 4418 tropol0gice
1386 4364 1468 4402 res
1497 4350 1723 4416 explicat
1755 4364 1935 4402 sacras
1955 4389 1969 4412 ,
2015 4361 2065 4402 et
2093 4352 2291 4403 morbis

766 4439 1003 4507 corporis
1033 4437 1369 4505 aegritudines
1388 4435 1682 4486 animorum
1717 4437 2016 4488 assimilans
2043 4437 2292 4504 explanat

767 4540 856 4578 cas
891 4524 965 4577 uti
1011 4521 1265 4591 spiritalis
1310 4522 1556 4573 medicus.
1593 4517 1778 4583 Nilus,
1824 4522 1927 4573 illis
1965 4522 2219 4574 adhibens
2263 4537 2291 4573 e

769 4615 943 4666 Libris
981 4613 1146 4667 sacris
1176 4612 1484 4678 deprompta
1527 4609 1928 4660 medicamenta.
1972 4605 2290 4662 Praeter-misi

767 4703 859 4753 τοῦ
891 4702 1052 4772 aii-toﬁ
1082 4701 1351 4760 νουθεσίας
1390 4698 1753 4767 πνευματικὰς
1780 4696 1919 4748 κατὰ
1946 4698 2246 4764 ἀλφάόητον
2277 4739 2290 4761 ,

770 4803 998 4856 quorum
1054 4789 1330 4841 exordium
1361 4828 1375 4852 ,
1427 4787 1565 4857 ἀρχὴ
1616 4787 1822 4854 σοφίας,
1882 4789 1971 4836 καὶ
2029 4788 2291 4853 σωτηρίας

772 4881 804 4945 ἡ
839 4875 1061 4928 σεαυτοῦ
1097 4877 1471 4941 κατάγνωσις;
1514 4877 1563 4927 id
1603 4886 1718 4937 est,
1764 4874 2009 4941 Ejusdem
2041 4877 2292 4927 Admoni-

771 4969 931 5018 tiones
954 4964 1244 5030 spirituales
1269 4965 1443 5016 ordine
1464 4951 1776 5031 alphabetico
1794 5005 1806 5027 ,
1830 4981 2054 5033 quorum
2085 4967 2289 5018 initium

772 5066 869 5121 est,
899 5056 1215 5124 Principium
1257 5055 1519 5118 sapientiae
1563 5064 1610 5105 et
1641 5057 1825 5107 salutis
1853 5066 1927 5107 est
1963 5059 2043 5109 sui
2075 5072 2292 5107 accusa-

775 5148 842 5195 tio
875 5147 1065 5210 ipsius;
1102 5153 1154 5196 at
1202 5143 1320 5194 linis
1361 5150 1466 5202 est,
1493 5126 1662 5194 '0er
1709 5147 1797 5195 mi.
1829 5145 2073 5212 γλώσσης
2122 5147 2291 5213 μέγας

774 5233 800 5282 ὁ
831 5234 1082 5291 κίνδυνος.
1113 5232 1362 5294 Aurium,
1392 5242 1434 5281 et
1471 5229 1654 5296 lingua:
1702 5248 1938 5298 magnum
1977 5244 2048 5286 est
2087 5236 2290 5299 pericu-

772 5317 875 5364 lum
898 5331 912 5378 ;
936 5318 1054 5382 quia
1093 5317 1251 5368 editas
1278 5325 1400 5368 sunt
1422 5314 1600 5368 Greece
1629 5325 1783 5381 atque
1809 5319 1989 5371 Latine
2015 5321 2065 5371 in
2093 5321 2289 5373 Biblio-

773 5404 921 5451 theca
946 5395 1344 5454 Graeco-Laiina
1360 5412 1663 5455 sanctorum
1689 5404 1901 5455 Patrum
1931 5415 2070 5458 tomo
2095 5423 2285 5459 secun-

771 5493 840 5544 do
874 5491 1119 5544 editionis
1152 5491 1434 5548 Parisicus.
1468 5485 1636 5560 162$,
1675 5495 1765 5546 fcl.
1810 5495 1973 5559 1168,
2017 5505 2069 5551 ει
2103 5511 2289 5560 succc-

2395 4293 2650 4344 bliotheca
2683 4301 2983 4345 sanctorum
3013 4292 3227 4345 Patrum
3270 4292 3556 4353 Parisiens.
3585 4307 3725 4344 anno
3757 4291 3915 4350 H325.
3961 4314 3988 4366 ς

2393 4389 2534 4430 tomo
2578 4381 2615 4430 ll
2666 4381 2790 4431 edit.
2821 4380 2874 4432 in
2902 4379 2992 4432 [οι.
3031 4395 3149 4448 pag.
3195 4381 3340 4444 1168,
3380 4367 3444 4432 ex
3487 4381 3918 4447 0rthodoxogra~
3966 4367 3978 4386 ’

2393 4466 2510 4530 phis
2541 4465 2593 4514 in
2631 4463 2932 4526 Germania,
2959 4467 3228 4531 praeﬁxum
3260 4465 3432 4517 lerunt
3464 4473 3516 4516 et
3546 4471 3654 4518 ista!
3686 4464 3916 4517 Senten-

2394 4549 2495 4607 tia},
2537 4549 2625 4600 sed
2661 4549 2807 4599 valde
2841 4548 3121 4612 diﬂ'erunt;
3165 4549 3616 4614 incipiuntenim,
3656 4550 3797 4621 Ὁδὸς
3837 4554 3917 4614 εις

2389 4636 2582 4704 ἀρετὴν
2611 4636 2805 4703 ἀγαθὴ,
2833 4637 2924 4689 καί
2949 4636 3198 4704 σύντομος
3226 4639 3256 4705 ἡ
3284 4635 3374 4687 τοῦ
3400 4637 3511 4704 βίου
3543 4639 3700 4705 φυγή,
3730 4638 3778 4691 id
3808 4649 3913 4700 est,

2401 4719 2492 4772 Viti
2519 4722 2718 4771 virtutis
2746 4721 2875 4772 bona
2921 4731 2965 4773 et
2998 4724 3199 4775 courisa
3221 4734 3302 4775 cst‘
3321 4725 3580 4777 swcularis
3615 4728 3728 4779 rita
3754 4727 3915 4796 fuga;

2373 4810 2638 4862 desinunt
2690 4827 2811 4862 vero
2867 4811 3258 4881 ἀπολλυμένων,
3311 4817 3359 4868 id
3402 4825 3503 4879 est,
3550 4818 3914 4883 pereuntium;

2393 4900 2503 4952 istae
2533 4909 2878 4951 numerantur
2918 4900 3031 4962 154,
3070 4902 3169 4953 illa:
3215 4919 3336 4955 vero
3369 4904 3484 4967 2:29,
3534 4907 3648 4971 plus
3695 4906 3913 4968 minus;
3981 4917 3984 4920 ’

2392 4998 2441 5039 et
2470 4989 2581 5040 ista:
2608 4988 2810 5040 collatae
2843 4987 3046 5042 fuerunt
3070 4993 3186 5044 com
3220 4994 3492 5046 codicibus
3522 4991 3792 5047 Vaticanis
3812 4993 3918 5047 653

2390 5100 2441 5142 et
2468 5091 2632 5144 1434:
2663 5100 2819 5158 atque.
2848 5092 2946 5144 illa:
2969 5074 3311 5160 praeferebant
3336 5095 3494 5147 etiam
3522 5095 3730 5146 titulum
3761 5095 3914 5164 Παρ-

2390 5193 2655 5256 αινέσεων,
2682 5193 2711 5259 ἢ
2736 5193 3044 5258 Κεφιλαίων
3073 5197 3351 5263 διαφόρων,
3385 5197 3436 5248 id
3466 5205 3564 5257 cst,
3587 5194 3916 5246 Admonitio-

2391 5311 2530 5358 num,
2553 5312 2636 5347 seu
2671 5295 3023 5364 Capitulorum
3060 5299 3215 5366 627
3247 5298 3917 5365 diversorum:saepiusque

2393 5393 2562 5446 lucem
2594 5407 2905 5461 aspcxcrunt
2935 5412 3138 5460 recusa,
3180 5397 3491 5451 Franckera:
3514 5397 3692 5450 Graece
3731 5398 3916 5450 itidem

2397 5510 2459 5548 ac
2487 5493 2667 5553 Latine
2693 5498 2743 5550 in
2771 5498 2852 5563 12,
2877 5513 3015 5554 anno
3044 5499 3194 5554 l608.
3230 5499 3524 5568 Stephanus
3551 5498 3825 5569 Schuning
3858 5515 3917 5555 ea
