4122 6338
236 310 377 388 1353

1412 326 1507 386 DE
1545 318 1918 389 OPEBIBUS
1955 329 2014 388 S.
2035 330 2226 390 NILI.

3271 332 3400 397 1354

229 441 297 482 se
347 424 648 482 traduxisse
681 416 940 498 glorians.
986 427 1038 483 et
1081 426 1399 485 testimoniis
1435 440 1546 486 tum
1580 433 1769 493 sacris.

1843 479 1845 489 ι
1875 441 2018 505 ματα
2034 438 2112 498 είς
2129 435 2229 506 τὴν
2252 435 2521 508 ἀναίρεσιν
2542 438 2644 491 τῶν
2662 442 2718 496 ἐν
2739 439 2862 510 Σινᾷ
2877 443 2970 502 καὶ
2999 440 3206 496 Ῥαιθοῦ
3237 444 3405 511 ἁγίων

229 521 352 567 tum
373 508 616 583 profanis
645 514 965 578 illustrasse,
995 513 1175 584 potius
1208 515 1319 585 ipsa
1348 518 1573 575 multum
1600 518 1773 574 Calvi-

228 601 384 656 niani
423 595 648 657 furfuris
679 602 990 673 inspergens
1023 604 1345 675 inquinavit.

300 688 624 745 Coronidem
650 684 799 746 hisce
824 682 1292 751 lucubrationibus
1311 683 1530 751 Niliacis
1549 696 1773 767 imposui

225 792 541 834 sermonem
592 777 731 834 beati
777 779 880 835 Nili
929 783 982 836 in
1037 775 1251 838 eﬂ’atum
1314 784 1445 839 illud
1503 773 1775 855 Evangelii

227 867 378 935 quod
413 868 542 922 dicit
581 885 596 922 :
633 859 786 922 Nunc
816 870 905 943 qui
935 869 1086 924 liabet
1139 872 1426 938 sacculum,
1451 874 1600 928 tollat
1627 876 1775 929 simi-

226 954 356 1008 liter
400 964 450 1008 et
499 971 697 1024 peram,
734 944 793 1012 et,
826 944 915 1026 qui
964 974 1066 1012 non
1110 960 1280 1026 habet,
1324 962 1506 1017 vendat
1557 963 1777 1032 pallium

227 1057 410 1108 suum,
437 1053 486 1097 et
512 1053 652 1098 emat
668 1037 924 1114 gladium.
952 1047 1046 1102 Sic
1066 1056 1246 1102 autem
1279 1065 1338 1103 se
1368 1051 1525 1106 habet
1556 1043 1774 1108 Graece:

227 1129 409 1196 Λόγος
441 1130 536 1183 τοῦ
585 1132 854 1202 μακαρίου
887 1133 1082 1187 Νείλου
1107 1136 1187 1198 είς
1209 1135 1268 1190 τὺ
1293 1127 1455 1206 ῥητὸν
1480 1137 1574 1192 τοῦ
1599 1138 1778 1208 Εὐαγ-

227 1217 415 1284 γελίου
468 1213 557 1302 τὸ.
587 1220 810 1289 φάσκον.
850 1221 981 1297 λΝῦν
1016 1225 1046 1276 ὁ
1095 1223 1251 1299 ἔχωνς
1277 1212 1554 1295 βαλάντιον
1595 1230 1779 1302 ἀράτω

226 1307 435 1375 ὁμοίως
482 1291 578 1361 οιαὶ
626 1311 826 1378 πήραν,
852 1291 968 1364 ’καὶ
1006 1311 1036 1364 ὁ
1075 1291 1155 1383 μῆ
1192 1291 1348 1382 ξέσον,
1387 1291 1691 1386 maneatis
1720 1315 1780 1371 τὸ

232 1394 454 1464 ἱμάτιον
499 1395 684 1461 αὐτοῦ,
727 1399 821 1451 καὶ
862 1394 1183 1470 ἀγορασάτω
1215 1401 1505 1472 μάχαιραν.
1539 1402 1660 1459 Fuit
1691 1405 1781 1461 hic

227 1497 417 1539 sermo
451 1486 753 1554 exscriptus
787 1502 818 1541 e
846 1489 1034 1543 codice
1068 1489 1375 1559 Cassinensi
1417 1493 1781 1562 manuscripto

227 1585 388 1627 num.
449 1569 590 1638 978,
649 1575 702 1628 in
767 1575 954 1631 codice
1019 1575 1260 1647 Gregorii
1299 1565 1640 1635 'Naztanaeni
1696 1581 1781 1636 in-

227 1669 432 1727 quarto
473 1677 639 1731 prope
680 1661 862 1718 linem.
902 1663 1110 1733 Incipit,
1165 1666 1238 1719 Τὸ
1285 1668 1639 1737 προκείμενον
1679 1671 1777 1740 ρη.

227 1751 348 1814 τόν,
391 1751 443 1804 id
497 1759 602 1816 est,
656 1751 988 1820 Propositum
1040 1754 1298 1822 stratum;
1337 1759 1650 1812 terminatur
1694 1759 1779 1814 his
1806 1741 1851 1797 Β

229 1838 435 1902 verbis,
476 1839 574 1893 Διὰ
620 1837 817 1903 παντὸς
862 1840 1235 1912 φυλασσομένη
1273 1842 1544 1910 ιὺλάσεισ,
1577 1845 1630 1900 id
1671 1854 1776 1915 est,

227 1923 572 1994 Custodiente
591 1923 782 1994 pietate
802 1937 1064 1997 perpetuo.
1271 1977 1274 1979 Α
1333 1969 1345 1978 .
1377 1990 1380 1993 _

307 2011 444 2068 Sunt
469 2021 524 2066 et
552 2013 640 2066 alii
663 2027 938 2077 sermones
964 2013 1088 2077 Nili,
1111 2016 1335 2080 scilicet,
1359 2017 1469 2074 duo
1491 2021 1774 2085 contracti,

227 2113 332 2154 seu
387 2101 568 2168 potius
610 2115 802 2156 eorum
854 2103 1100 2171 epitomis
1154 2105 1210 2158 in
1252 2104 1444 2160 festum
1500 2106 1776 2163 Paschalis

227 2185 397 2250 diem,
427 2195 480 2242 et
519 2194 627 2242 tres
672 2187 730 2257 in
769 2189 1151 2245 Asoensionem
1183 2191 1414 2258 Domini,
1455 2197 1592 2264 apud
1633 2196 1775 2259 Pho-

227 2273 368 2327 tium
393 2275 445 2327 in
468 2275 832 2347 Μυριοὸίόλῳ,
861 2292 956 2333 seu
984 2279 1307 2351 Βιϐλιοθήκῃ
1328 2282 1511 2336 codice
1533 2283 1657 2349 206,
1679 2299 1775 2355 pa-

226 2363 359 2431 gina
393 2363 516 2428 εδδ,
549 2379 684 2433 quos
715 2354 900 2422 inune
927 2368 1084 2422 vertit
1113 2370 1355 2424 Andreas
1392 2371 1648 2429 Scltottus
1678 2354 1776 2429 So.

225 2451 444 2508 cietatis
469 2451 616 2518 Iesu,
638 2454 767 2508 mihi
795 2457 954 2511 etiam
983 2455 1036 2511 in
1065 2457 1248 2528 Belgio
1268 2467 1446 2524 notus,
1468 2467 1523 2516 et
1551 2475 1776 2530 conjun-

223 2532 674 2606 ctissimus,‘nun
704 2544 1038 2598 humanitate
1058 2546 1257 2610 minus,
1293 2563 1454 2616 quam
1492 2549 1775 2605 humanio-

223 2642 354 2682 rum
383 2630 677 2684 litterarum
703 2631 892 2700 peritis
917 2633 1411 2688 commendandus:
1436 2636 1540 2692 illas
1559 2638 1775 2706 quando

223 2718 388 2772 editae
423 2727 550 2772 sunt
572 2719 753 2774 Graece
791 2719 859 2774 ab
892 2719 1200 2776 Hmschelio
1229 2736 1318 2776 an.
1351 2722 1478 2778 1601
1519 2724 1775 2794 Augustas

225 2805 635 2862 Vindelicorum
667 2809 718 2863 in
744 2808 895 2875 lolio,
920 2817 976 2864 et
1009 2810 1212 2874 Grazce,
1239 2805 1532 2882 Latineque
1558 2815 1626 2870 ab
1653 2815 1774 2870 illo-

223 2906 341 2950 met
373 2896 612 2960 Sclielte,
648 2898 974 2969 scholiisque
1010 2900 1277 2955 auctiores
1316 2903 1629 2970 prodierunt
1673 2919 1772 2959 an-

223 2995 305 3036 no
347 2981 483 3035 1655
543 2981 858 3052 Rothomagi
900 2995 1114 3053 quoque
1166 2985 1220 3039 in
1257 2985 1416 3053 lolio;
1460 2988 1533 3041 ibi
1566 2997 1691 3043 sunt
1719 3000 1772 3044 et

227 3071 386 3133 locta,
418 3085 510 3124 seu
556 3079 806 3139 excerpta
855 3086 886 3126 e
927 3069 1190 3141 capitibus
1224 3074 1325 3128 155
1389 3074 1668 3133 Tractatus
1701 3077 1768 3132 de

225 3158 495 3222 oratione,
527 3158 592 3211 de
619 3173 732 3226 quo
762 3156 1010 3227 superius
1050 3160 1130 3227 egi
1160 3161 1351 3230 pagina
1386 3159 1508 3226 624,
1533 3163 1626 3217 sed
1663 3178 1768 3218 nu-

227 3261 378 3301 mero
430 3246 528 3300 201
587 3245 835 3300 Ριιοιίιιιιὶ
895 3246 1190 3318 Myriubibli
1244 3259 1452 3306 tantum
1502 3251 1718 3306 titulum
1748 3294 1764 3318 ,

215 3351 624 3405 «numerumque.
648 3338 902 3412 capitum,
920 3338 1332 3406 comperiJicet
1365 3341 1589 3396 Photius
1617 3341 1768 3409 judi-

217 3424 368 3477 cium
399 3423 535 3479 ferat
559 3434 740 3494 postea
769 3425 1057 3488 cotilerens
1079 3429 1202 3480 eum
1226 3441 1348 3480 cum
1372 3427 1624 3482 Disdochi
1654 3427 1767 3496 epi-

219 3511 373 3576 δεορί
416 3509 663 3564 Photices
697 3509 1118 3575 deﬁnitionibus,
1147 3519 1201 3565 et
1220 3512 1504 3581 capitibus,
1536 3530 1766 3584 cumque

218 3597 384 3651 Marci
432 3601 691 3652 monachi
725 3599 1017 3662 Asceticis;
1059 3607 1128 3654 at.
1158 3617 1304 3654 num.
1343 3601 1466 3655 276.
1495 3601 1762 3660 Prommia

218 3685 558 3742 Gratianum,
584 3693 786 3734 μισ-ιιῖδιτι
805 3701 1018 3734 ιιιυιιιιιιι
1040 3703 1088 3735 ιιι
1113 3685 1397 3746 Pascliate:
1427 3698 1532 3743 tam
1559 3692 1763 3759 primae,

218 3786 381 3836 quam
415 3769 578 3822 tertia:
600 3770 832 3824 humilia:
861 3774 931 3822 de
951 3774 1147 3826 Christi
1166 3773 1518 3839 Ascensione,
1546 3788 1598 3830 et
1625 3779 1761 3832 alia-

219 3844 738 3925 ruutCompendia:
767 3871 944 3924 neque
981 3872 1067 3912 me
1096 3858 1350 3915 cohibere
1378 3878 1597 3930 possum
1629 3867 1758 3936 quin

221 3945 312 3999 hic
340 3943 538 3998 Nicolai
565 3943 784 3999 Antonii
813 3945 914 3998 viri
947 3960 1221 4016 nunquam
1252 3952 1382 4004 satis
1420 3952 1618 4006 laudati
1661 3954 1755 4009 lib.

222 4037 299 4084 De
320 4030 522 4095 exsilio,
557 4031 981 4086 observationem
1007 4034 1059 4087 in
1085 4035 1222 4088 hanc
1245 4038 1451 4091 tertiam
1484 4039 1754 4094 homiliam

216 4119 773 4174 ascribam..Sanctus
820 4118 995 4185 Nilus,
1033 4138 1198 4190 agens
1224 4125 1289 4179 de
1319 4125 1502 4180 Enoch
1533 4137 1584 4182 et
1619 4126 1753 4193 Elia;

215 4211 404 4264 scribit
431 4225 445 4262 :
477 4209 710 4278 Κατέχει
741 4211 850 4280 γὰρ
881 4209 1097 4274 τούτους
1127 4214 1154 4265 ὁ
1181 4210 1426 4284 Πλάστης
1462 4217 1520 4268 ἐν
1546 4216 1752 4286 σώματι

1874 524 2127 595 Πατέρων
2150 526 2228 589 είς
2249 525 2528 581 Θεόδουλον
2553 529 2643 581 τὸν
2667 530 2775 581 ulla:
2804 531 2965 585 αὑτοῦ
2986 549 3003 563 ⁸
3025 532 3138 587 Nili
3167 537 3403 588 ninam-lii

1872 612 2101 666 eremita:
2122 612 2486 680 Narrationes,
2507 618 2689 686 quibus
2707 620 2869 673 caedes
2887 622 3250 675 monachorum
3269 640 3404 675 moi»

1874 702 1940 753 tis
1958 699 2118 764 Siue,
2136 712 2183 756 et
2201 703 2416 770 Rhaitu,
2433 716 2481 759 et
2497 707 2763 773 captivitas
2786 700 3032 772 Theoduli
3045 710 3402 777 liliidescribt-

1875 797 1995 857 tur;
2035 808 2158 848 nam
2204 795 2416 850 titulum
2448 795 2693 852 Latinum
2726 799 2794 853 ita
2823 802 3054 870 concipit
3093 818 3154 855 ex
3197 801 3402 865 Graeco,

1865 887 2035 955 ’quem
2067 887 2221 942 aliter
2246 888 2490 944 inscribit
2522 890 2588 944 Il.
2620 891 2774 946 Pater
2805 891 3060 947 Pessinus
3098 891 3224 944 mihi
3263 906 3407 944 sem-
3499 941 3508 944 _

1874 988 1969 1042 per
1993 967 2324 1040 laudandus,
2358 987 2412 1033 et
2451 980 2504 1033 in
2541 990 2741 1050 septem
2775 980 3017 1036 distinxit
3046 978 3405 1034 Narrationes.

1876 1059 2014 1118 Tum
2035 1063 2126 1118 τοῦ
2153 1068 2212 1120 ὲν
2240 1053 2411 1136 ἁγίοις
2439 1070 2644 1141 Πατρὸς
2674 1071 2825 1140 ἡμῶν
2848 1071 3036 1124 Νείλου
3063 1070 3152 1123 τοῦ
3176 1070 3410 1139 πρεσϐυ-

1874 1149 2030 1221 τέρου
2057 1153 2137 1215 είς
2177 1153 2454 1210 Ἀλὸιανδν
2479 1156 2651 1225 λόγος.
2679 1157 2861 1213 Sancti
2891 1158 3074 1213 Patris
3107 1159 3268 1211 nostri
3293 1155 3408 1209 Nili

1874 1242 2173 1311 presbyteri,
2201 1244 2255 1297 in
2278 1244 2561 1299 Albianum
2588 1247 2791 1312 Oratio,
2813 1247 2986 1303 Vitam
3012 1249 3108 1302 viri
3135 1248 3411 1303 sanctissi-

1875 1329 1947 1382 mi
1987 1330 2339 1388 descrihendo
2387 1344 2438 1389 ct
2485 1338 2907 1392 cununcndando
2955 1354 2972 1392 :
3020 1353 3138 1406 quae
3196 1335 3410 1407 quidem

1876 1417 2049 1486 Opera
2099 1419 2281 1476 Graece
2360 1421 2654 1495 Latineque
2706 1440 2960 1481 conversa
3016 1442 3138 1481 cum
3194 1427 3411 1482 Parisiis

1877 1507 2174 1576 prodierint
2206 1525 2299 1568 an.
2327 1513 2483 1576 H339,
2530 1515 2583 1569 in
2609 1513 2660 1580 4,
2689 1517 2947 1587 attingere
2979 1517 3242 1588 piaculum
3284 1533 3412 1573 cen-

1876 1588 2176 1651 sui.'Notis
2208 1599 2406 1670 quippe
2437 1601 2517 1655 vir
2556 1602 2695 1658 idem
2735 1619 2961 1675 magnus
3005 1620 3066 1659 ea
3107 1605 3411 1669 illustravit,

1878 1778 2077 1832 tamen,
2110 1779 2170 1825 ut
2195 1772 2420 1844 Veneris
2454 1775 2575 1830 (Iule
2608 1778 2676 1830 ab
2698 1777 2881 1846 Apelle
2911 1780 3145 1834 nondum
3168 1781 3413 1849 perlectu-

1874 1860 2137 1926 tabulam,
2191 1863 2289 1932 ipsi
2331 1865 2709 1934 perﬁciendam
2765 1868 3251 1940 absolvendamque
3301 1875 3414 1927 suis

1875 1949 2130 2005 omnibus
2154 1953 2394 2008 numeris
2421 1954 2684 2024 relinquo,
2711 1955 2848 2012 Plin.
2886 1960 2958 2013 lib
2982 1975 3142 2027 xxxv,
3181 1977 3230 2016 c.
3264 1962 3328 2016 l0
3361 1973 3415 2016 ct

1879 2036 1966 2100 11,
1986 2037 2162 2100 Cicer.
2193 2048 2246 2092 et
2267 2038 2503 2097 Etruscae
2519 2033 2781 2100 facundiae
2797 2047 2998 2114 pharus
3012 2048 3233 2104 Carolus
3253 2050 3415 2108 Datus

1877 2122 1930 2176 in
1947 2120 2069 2179 Vita
2084 2125 2282 2194 Apellis
2299 2143 2350 2197 p.
2373 2129 2527 2192 97,et
2550 2131 2602 2185 in
2625 2131 3090 2198 Adnotationibus,
3111 2151 3164 2205 p.
3186 2137 3414 2209 I45,'qui

1875 2212 1959 2270 Vir
2001 2215 2399 2273 illustrissimus
2428 2221 2711 2290 omnigena
2750 2224 2941 2291 plenus
2972 2235 3055 2280 est
3090 2228 3411 2282 eruditione.

1877 2298 2067 2371 Incipit
2095 2301 2390 2360 bis'verbis
2428 2323 2444 2361 :
2471 2297 2776 2378 ’Δλώμενὸς
2803 2311 2911 2379 ἐγὼ
2942 2315 3078 2382 μετὰ
3110 2318 3204 2382 τὴν
3232 2317 3414 2386 ἔφοδον

1875 2389 1979 2442 τῶν
2006 2390 2300 2463 Βαρϐάρων
2321 2412 2335 2425 ο
2362 2397 2413 2449 id
2443 2405 2547 2469 est,
2576 2397 2916 2455 Errabundus
2962 2419 3052 2472 ego
3075 2417 3187 2470 post
3218 2404 3415 2460 Barba-

1878 2494 2053 2533 rorum
2083 2482 2329 2550 infestum
2360 2487 2657 2541 adventum.
2687 2490 2890 2545 Desinit
2926 2493 2977 2546 in
3011 2494 3143 2560 Inec,
3180 2491 3245 2564 ἦς
3278 2499 3415 2550 ἀπο.

1877 2568 2089 2634 λαῦσαι,
2119 2573 2214 2626 καὶ
2237 2575 2354 2635 νῦν,
2382 2577 2473 2628 καὶ
2506 2580 2563 2631 ἐν
2595 2580 2671 2648 τῷ
2695 2581 2937 2649 μέλλοντι
2972 2583 3126 2637 αἰῶνι
3151 2601 3165 2616 ’
3219 2588 3269 2641 id
3310 2600 3409 2654 est,

1871 2673 1975 2724 qua
2007 2661 2296 2730 perfruaris
2328 2673 2376 2715 et
2402 2680 2554 2730 nunc,
2599 2669 2728 2720 etin
2755 2670 2934 2736 futuro
2975 2674 3184 2730 saeculo.
3217 2675 3291 2731 De
3311 2679 3410 2733 ista

1871 2749 2182 2808 incursione
2231 2753 2540 2821 Barbaries,
2586 2769 2640 2813 et
2686 2775 2793 2830 quo
2841 2771 3079 2834 tempore
3131 2769 3411 2841 contigerit

1874 2839 1987 2905 illa,
2015 2840 2133 2897 fuse
2162 2842 2216 2896 in
2243 2845 2415 2914 ipsius
2442 2845 2546 2901 Nili
2577 2849 2713 2904 Vita.
3209 2847 3212 2850 ’

1942 2929 2211 3002 Epistolas
2255 2936 2419 2990 etiam
2473 2935 2576 2992 Nili
2615 2955 2722 2996 non
2757 2942 2991 3012 inserui;
3052 2946 3164 3018 ipse
3214 2952 3407 3021 quippe

1795 3031 1838 3090 ο
1869 3022 2125 3082 Pessinus
2162 3028 2475 3086 eas-Graece
2514 3031 2809 3104 Latineque
2851 3038 3147 3106 publicarat
3183 3040 3406 3099 Parisiis

1872 3113 2029 3181 1657,
2062 3116 2115 3169 in
2160 3127 2372 3187 quarto,
2412 3134 2534 3176 cum
2570 3123 2746 3191 Notis,
2784 3126 2891 3183 lmo
2932 3140 2984 3182 et
3023 3129 3130 3185 Leo
3156 3132 3400 3199 AIL’tIIIIS,

1868 3203 1960 3272 qui
1989 3203 2208 3261 Graeciae
2244 3211 2388 3266 illius
2418 3214 2700 3282 naturalis,
2726 3231 2908 3285 verna,
2938 3229 2992 3275 et
3029 3224 3311 3291 genuinus,
3339 3242 3402 3281 ac

1865 3291 2037 3360 ipsius
2064 3297 2264 3353 ocellus
2287 3313 2317 3351 a
2340 3315 2422 3354 me
2439 3301 3028 3384 jamdiu‘nuncupatus,
3050 3315 3398 3384 externisque

1864 3381 2226 3451 praeferendus
2250 3388 2546 3455 videbatur,
2572 3381 2753 3449 Iio‘mze
2778 3401 2914 3468 typis
2946 3381 3247 3461 Burberinis

1862 3472 2028 3528 stolas
2063 3489 2206 3528 anno
2233 3475 2387 3542 l668,
2420 3478 2473 3534 in
2508 3480 2635 3537 lolio
2660 3489 3011 3559 promulgavit
3049 3496 3278 3562 easdem,
3305 3472 3394 3554 sed

1861 3563 2115 3621 adauctas
2150 3576 2203 3620 et
2254 3568 2405 3624 libris
2461 3572 2629 3629 tribus
2668 3575 2948 3635 distinctas
2972 3583 3037 3637 ad
3075 3586 3241 3653 lOGI;
3274 3605 3393 3643 cum

1864 3655 2025 3708 variis
2064 3656 2381 3713 lectionibus
2423 3659 2476 3714 in
2512 3667 2868 3723 narrationem
2910 3673 3070 3727 caedis
3103 3680 3392 3733 monacho-

1860 3759 2003 3807 rum,
2031 3755 2086 3799 et
2111 3746 2345 3803 Diatriba
2369 3751 2434 3804 de
2454 3751 2608 3816 Nilis,
2636 3769 2927 3825 eorumque
2958 3763 3188 3830 scriptis,
3216 3776 3268 3819 et
3294 3785 3388 3822 sua

1858 3834 2102 3886 versione
2133 3834 2340 3900 Latina,
2374 3849 2424 3891 et
2461 3840 2613 3896 unica
2649 3844 2846 3911 notula,
2869 3846 3149 3918 Indiceque
3172 3854 3386 3922 duplici,

1833 3922 2129 3976 hominum
2158 3924 2361 3979 scilicet
2379 3941 2564 3982 eorum
2591 3929 2654 3982 ad
2686 3946 2820 3999 quos
2846 3933 3146 4002 diriguntur
3178 3939 3387 4009 Epism.

1855 4011 1939 4073 lie,
1973 4026 2036 4066 ac
2077 4014 2371 4068 initiorum.
2421 4016 2564 4072 Inter
2607 4017 2735 4074 is'tas
2779 4021 3041 4092 Epistolas
3093 4027 3386 4088 Allatianas

1853 4109 1980 4154 sunt
2017 4103 2084 4178 53
2115 4106 2278 4176 variis
2300 4106 2589 4177 inscriptae,
2627 4127 2745 4180 quas
2784 4113 2837 4167 in
2874 4114 3058 4170 codice
3097 4117 3385 4178 Barberinn

1849 4191 1953 4246 sub
1981 4208 2085 4246 una
2114 4199 2470 4262 continentur,
2503 4216 2618 4269 pag.
2655 4203 2771 4264 165.
2803 4218 2922 4258 cum
2951 4206 3052 4263 hoc
3077 4210 3248 4276 titulo,
3276 4216 3381 4269 Τοῦ
3433 4250 3438 4256 ~

212 4297 552 4366 ψυχαγωγῶν
592 4298 688 4367 τὴν
719 4299 992 4370 ὲξὸριστον
1028 4297 1206 4368 φύσιν.
1247 4301 1304 4363 ὃς
1341 4281 1431 4354 καὶ
1479 4281 1750 4374 μετὰντὴν
1782 4326 1827 4382 ο
1849 4281 2003 4382 ίτίέυ
2029 4284 2220 4382 δείλοτέ
2253 4286 2502 4359 ἐπιστολὴ
2527 4290 2721 4360 ἔχουσα
2768 4310 2887 4363 κεφο
2915 4296 3014 4363 νγύ
3048 4297 3227 4376 δσηςιί
3260 4304 3382 4359 Nili

216 4384 500 4455 ὑπερόριον
526 4387 700 4456 φυγὴν
728 4388 889 4458 π’ἀὶιν
918 4390 1013 4452 είς,
1040 4389 1151 4443 sive
1179 4391 1274 4457 τῆς
1296 4391 1606 4455 ἀθανασίας,
1636 4393 1748 4448 sive

1851 4376 2089 4445 Epistola
2116 4379 2305 4434 habens
2334 4385 2508 4449 capita
2547 4386 2635 4439 55.
2670 4388 2855 4457 Incipit
2884 4406 2896 4442 :
2946 4392 3068 4445 Ἐὰν
3101 4397 3284 4466 μηδείς
3320 4417 3379 4452 σε

211 4476 310 4545 τὴν
350 4475 634 4539 ἀθάνατον,
686 4478 971 4544 ἐπανάγων
1019 4478 1305 4532 πολιτείαν.
1350 4481 1405 4533 Id
1455 4489 1555 4544 est,
1595 4481 1748 4557 Tenet

212 4562 306 4615 Iros
353 4561 568 4616 Creator
607 4567 908 4629 incorpore,
933 4573 1177 4618 naturam
1215 4567 1532 4622 exsulantem
1565 4583 1745 4622 causo-

209 4654 349 4716 lans,
367 4655 454 4722 qui
475 4656 629 4706 etiam
645 4664 757 4721 post
784 4655 1023 4708 exsilium
1048 4655 1194 4709 illam
1208 4657 1392 4710 iterum
1412 4662 1744 4712 restituturus

206 4744 279 4795 sit
321 4743 720 4808 inmortalitati,
766 4761 852 4799 seu
888 4753 1004 4814 post
1039 4746 1216 4814 fugam
1257 4758 1406 4802 extra
1453 4749 1600 4816 ﬁnes,
1641 4750 1743 4801 im-

209 4816 549 4883 mortalitatis
579 4834 1102 4888 statui-restituturus
1141 4837 1243 4899 sit;
1281 4836 1597 4905 praefertque
1623 4855 1743 4891 rer-

209 4917 416 4972 sionem
473 4919 715 4984 Schutti,
777 4918 1006 4978 versinni
1069 4924 1320 4980 Desiderii
1374 4922 1605 4980 ileraldi‘
1648 4927 1740 4980 lib.

205 5007 685 5074 Adversariorum,
721 5013 810 5078 qui
852 5014 1194 5083 ψυχαγωγῶν
1228 5031 1408 5070 vocem
1442 5015 1741 5068 reddiderat

215 5111 455 5156 evocans.
476 5097 633 5167 cujus
673 5101 970 5164 sententiae,
996 5101 1195 5156 Nicolai
1220 5117 1426 5172 nempe,
1457 5101 1594 5155 ultro
1617 5101 1742 5156 sub-

208 5179 405 5241 scribe.
1016 5256 1018 5258 ν
1525 5206 1528 5209 ·

278 5272 544 5330 Hactenus
578 5272 804 5331 indicari
835 5276 1004 5348 Opera
1028 5275 1083 5333 S.
1112 5278 1235 5346 Nili,
1264 5299 1381 5352 quae
1427 5283 1476 5335 in
1510 5282 1612 5336 hoc
1646 5287 1734 5336 νο-

207 5364 387 5418 lumen
408 5367 671 5435 congessi.
699 5383 840 5422 nunc
860 5384 942 5435 ea,
961 5385 1079 5437 quae
1101 5373 1434 5440 platea-misi,
1464 5387 1739 5428 recensere

209 5469 383 5526 opera:
411 5459 633 5523 pretium
672 5461 820 5514 duxi.

278 5543 333 5596 In
351 5547 534 5613 primis
548 5540 736 5600 Νείλου
760 5551 1073 5616 μονάζοντος
1092 5555 1255 5624 628
1271 5554 1524 5622 ἐρημίτου
1548 5554 1735 5623 Διηγή·

524 5664 784 5751 Ριτιιοι.
837 5668 948 5727 Gn.
1009 5668 1294 5727 LXXIX.

1843 4465 2010 4536 διώκῃ
2068 4467 2324 4537 τύραννος
2364 4471 2579 4542 Ἕλλην,
2606 4474 2722 4529 Etsi
2756 4479 2927 4533 nullus
2966 4492 3013 4534 te
3046 4465 3380 4553 persequatur

1845 4562 2096 4622 tyrannus
2129 4556 2384 4628 Gentilis;
2414 4577 2572 4631 quam
2604 4568 2866 4622 concisam
2889 4575 3174 4640 comperio,
3210 4587 3259 4629 ct
3293 4568 3377 4632 ἰησ-

1845 4652 1922 4732 ter
1951 4645 2296 4705 Possinianas
2329 4654 2576 4716 num.il.
2607 4673 2726 4728 pag.
2753 4660 2838 4719 69,
2869 4663 3119 4718 directam
3145 4666 3207 4718 ad
3240 4668 3377 4721 Pha-

1843 4734 2154 4792 rismanium
2190 4756 2358 4812 ttsque
2388 4745 2451 4798 ad
2483 4749 2809 4822 στρατιώτης
2830 4753 2918 4805 τοῦ
2944 4755 3189 4823 Χριστοῦ.
3224 4759 3369 4826 Apud

1841 4825 2090 4881 Allatium
2123 4831 2212 4886 lib.
2252 4849 2327 4900 tu,
2353 4836 2577 4904 epistola
2602 4835 2688 4903 7|,
2709 4851 3047 4906 numeratur;
3072 4825 3372 4901 Pharisiua-

1841 4919 1986 4974 nimo
2036 4919 2368 4990 Decembrio,
2389 4940 2482 4986 seu
2512 4927 2895 4997 Decemp‘rimo,
2931 4932 3006 4984 uti
3039 4935 3266 5005 corrigo,
3289 4951 3372 4994 est

1841 5009 2115 5077 inscripta.
2138 5011 2446 5067 Contnlerat
2469 5017 2605 5069 hanc
2626 5015 2913 5085 Epistolam
2935 5023 3107 5091 capita
3135 5025 3200 5081 55
3221 5041 3370 5082 com-

1839 5101 2154 5167 plcetentem
2202 5101 2510 5160 llolstenius
2557 5121 2677 5161 cum
2713 5110 2898 5166 codice
2944 5111 3198 5172 Vaticano
3233 5118 3368 5186 653;

1837 5199 1888 5243 et
1924 5191 2259 5245 continuarat
2287 5207 2405 5246 cum
2439 5194 2575 5259 aliis,
2613 5211 2642 5251 e
2671 5198 2887 5267 quibus,
2915 5203 3054 5270 quod
3086 5207 3370 5276 consequi-

1838 5288 1924 5333 tur
1956 5290 2113 5348 eaput
2149 5281 2380 5348 Ep’istola
2407 5293 2506 5348 est,
2538 5302 2657 5354 quae
2690 5289 2828 5357 apud
2866 5292 3021 5346 Allnt.
3066 5292 3138 5346 IIII
3167 5308 3246 5356 ut,
3285 5298 3337 5351 lo

1835 5377 1949 5422 cata
1974 5369 2071 5422 luit
2097 5386 2242 5425 num.
2281 5372 2402 5442 295.
2435 5373 2638 5446 Incipit,
2675 5379 2762 5447 Μὴ
2796 5380 3156 5451 κατοκνῶμιν,
3180 5384 3230 5438 id
3260 5396 3365 5452 est,

1837 5459 1917 5511 Ne
1941 5475 2198 5512 versemur
2219 5462 2548 5533 negligenter,
2576 5463 2884 5522 inseri'bitu'r
2911 5465 3132 5540 Didyng
3157 5473 3365 5538 lectori,

1835 5548 1971 5602 sicut
2022 5565 2184 5618 penes
2219 5549 2518 5616 Possinum,
2549 5571 2599 5606 n.
2644 5556 2693 5608 4.
2730 5553 2945 5618 Desinit.
2983 5559 3041 5622 ἐξ
3067 5554 3140 5612 ὧν
3180 5564 3206 5616 ὁ
3243 5565 3362 5629 νοῦς

3008 5672 3079 5734 43

1877 1690 1933 1737 et
1975 1686 2224 1752 quamvis
2252 1687 2456 1755 aliquid
2483 1689 2697 1760 adjungi
2745 1703 2945 1760 posset,
2987 1693 3410 1748 lucubrationem
3492 1746 3497 1750 .
