4122 6338
199 374 336 444 1357
408 371 414 374 ’
1371 379 1464 438 DE
1496 371 1740 438 OPERI]

1837 377 1869 437 3
1906 379 1965 438 S.
1995 375 2177 442 NILI.
3245 372 3377 435 1358

189 487 293 556 qui
318 484 607 540 arbitratur
635 499 697 539 ex
725 483 1134 554 Agatharchide,
1163 479 1280 553 cap.
1310 485 1396 549 l6,
1420 485 1591 540 leonis
1622 498 1740 539 esse
1767 486 1810 544 Α
1839 483 1937 537 Job
1974 484 2108 538 lihro
2132 483 2288 538 unico
2318 500 2328 536 :
2363 499 2380 534 ι
2409 481 2542 548 Quia
2570 482 2727 551 rapit,
2766 489 2820 536 et
2859 480 3063 535 occulte
3101 483 3378 550 prosequi-

189 575 454 644 speciem,
495 582 548 628 et
575 574 705 628 nihil
747 575 815 628 ab
850 574 970 628 aliis
1005 573 1218 628 differre
1259 584 1426 642 putat,
1463 575 1566 630 nisi
1599 573 1744 644 quod
1844 584 1933 628 tur
1963 572 2250 640 frumenta,
2282 588 2402 642 qute
2440 572 2650 626 sublato
2679 572 2834 625 oculo
2871 570 2998 624 facit
3041 586 3144 624 non
3183 573 3378 640 germi-

190 664 394 717 habeat
415 679 601 718 aversa
629 665 898 733 genitalia,
923 664 1216 732 nititurque
1237 664 1288 717 id
1312 665 1538 732 probare
1564 665 1647 718 vel
1675 680 1741 719 ex
1837 676 2005 728 mare;
2040 682 2060 714 ι
2096 663 2188 718 ubi
2223 671 2439 718 sanctus
2466 663 2652 715 doctor
2676 661 2888 715 oculum
2932 659 3124 728 accipit
3156 674 3252 727 pro
3290 674 3374 720 eo,

189 750 423 822 Vulgata
461 754 705 809 versione
733 755 791 807 in
821 769 938 822 cap.
970 770 1020 808 tv
1047 752 1166 820 Job,
1191 770 1244 808 v.
1279 757 1363 820 11,
1401 757 1493 811 ubi
1535 757 1742 827 rugitus
1841 751 1984 820 quod
2003 752 2153 807 estin
2184 751 2435 804 arborum
2463 749 2713 812 surculis,
2734 748 2872 802 unde
2901 748 3024 815 ipsa-
3042 748 3376 814 germinant:

187 842 370 896 leonis
423 845 522 911 pro
577 844 1056 912 myrmeco-lcone,
1101 859 1166 898 ac
1207 845 1359 914 tigris
1400 847 1561 900 etiam
1611 846 1740 915 legi-

187 940 285 984 tur
321 947 337 984 :
377 939 488 984 tum
513 946 544 984 e
571 931 848 993 Strabone,
882 931 976 984 lih.
1014 947 1126 995 ινι,
1153 931 1332 988 leones
1364 934 1567 989 aversis
1595 933 1741 1003 geni-

185 1021 393 1073 talibus
435 1033 554 1074 esse
604 1019 660 1072 in
707 1018 1082 1091 Troglodytica
1129 1021 1359 1083 Arabiae,
1389 1019 1482 1090 qui
1516 1022 1737 1093 μύρμη-

187 1125 292 1172 κες
329 1095 620 1173 vocantur;
660 1119 715 1163 at
752 1108 988 1163 formica:
1021 1110 1334 1178 simpliciter
1371 1109 1611 1175 Ellam),
1643 1112 1735 1165 lib.

186 1211 340 1258 xvu,
365 1209 481 1264 cap.
521 1194 609 1258 l2,
644 1197 845 1250 aversis
873 1197 1190 1266 genitalibus
1225 1197 1280 1250 in
1318 1189 1638 1267 Babylonia,
1661 1200 1736 1253 uti

187 1285 290 1339 lib.
365 1299 467 1348 vn,
516 1299 636 1354 cap.
687 1285 785 1350 47,
847 1286 938 1339 ubi
999 1284 1324 1341 Casaubono
1382 1301 1489 1339 non
1550 1302 1736 1342 asse-n-

188 1377 346 1454 titur,
403 1375 490 1429 cui
531 1390 632 1429 vox
679 1373 1024 1429 formicarum
1089 1385 1357 1445 suspecta.
1400 1377 1554 1445 Apud
1603 1379 1737 1431 Ara-

192 1467 292 1519 bas
321 1475 403 1521 est
427 1467 641 1519 leonum
665 1465 891 1534 species,
925 1466 1014 1533 qui
1046 1467 1298 1520 dicuntur
1325 1467 1479 1537 631
1503 1468 1734 1530 hirmis,

187 1557 338 1609 unde
361 1555 560 1610 factum
587 1554 826 1624 μύρμηξ.
850 1553 989 1609 Sunt
1007 1567 1059 1610 et
1077 1555 1313 1610 formica:
1327 1557 1520 1611 Indica:
1546 1573 1733 1611 aurum

187 1646 506 1700 eﬂ‘odienles
535 1661 726 1700 canum
760 1648 929 1701 instar
962 1663 1054 1702 seu
1085 1648 1358 1716 luporum,
1389 1648 1529 1717 apud
1567 1649 1729 1702 Hero-

185 1733 405 1799 dotum,
453 1736 543 1788 lib.
591 1751 668 1797 ιιι,
723 1750 754 1788 e
801 1732 1063 1800 Nearcb'o,
1125 1735 1435 1801 Dalmacho,
1471 1748 1521 1790 et
1560 1737 1731 1806 Mega-

1841 842 1923 897 sic
1956 841 2187 897 sumitur
2218 843 2362 909 apud
2400 841 2676 904 Catonem,
2711 839 2787 892 De
2823 856 2875 891 re
2916 839 3128 890 rustica.
3155 838 3376 902 Oculus,

1832 933 1982 986 unde
2023 931 2314 992 inoculare,
2348 931 2400 983 in
2434 930 2745 994 Columella,
2787 929 2878 983 lib.
2929 944 3002 992 ιι,
3049 943 3165 996 cap.
3199 927 3252 992 ἓ,
3297 937 3381 982 est

1831 1020 2053 1073 ‘oculum
2079 1021 2236 1073 unius
2257 1019 2472 1073 arboris
2500 1018 2649 1071 alteri
2685 1019 2956 1081 adhibere,
2997 1019 3107 1072 sive
3151 1018 3376 1086 aperire,

1837 1118 1901 1163 ut
1947 1111 2004 1163 in
2054 1109 2249 1183 Plinio.
2292 1109 2428 1163 Beda
2471 1110 2527 1162 in
2563 1107 2755 1161 lobum
2789 1128 2804 1161 :
2837 1108 2965 1171 Leo,
2998 1109 3213 1177 quando
3271 1109 3379 1178 agit

1841 1201 2071 1272 praedam
2123 1202 2188 1256 de
2236 1202 2396 1256 rebus
2456 1199 2748 1268 majoribus
2799 1200 2849 1252 in
2905 1201 3126 1265 sanctis,
3157 1199 3375 1254 formica

1837 1291 2053 1360 quando
2081 1291 2147 1344 de
2170 1289 2446 1354 minimis;
2489 1290 2591 1358 piis
2630 1289 2931 1350 formicam,
2964 1289 3140 1356 impiis
3177 1289 3376 1343 leonem

1837 1380 2033 1432 asserit
2087 1378 2544 1447 Olympiodorus;
2598 1388 2653 1430 at
2703 1377 2852 1431 Nilus
2897 1378 2957 1430 in
3035 1377 3252 1439 Catena,
3325 1389 3382 1431 ut

1839 1465 2288 1537 Theophylactus,
2326 1469 2377 1520 in
2401 1468 2771 1535 Lucam,‘quia
2805 1467 3024 1536 impellit
3055 1468 3105 1519 in
3133 1469 3376 1535 graviora

1839 1574 1937 1611 nos
1981 1559 2152 1628 632
2207 1576 2234 1611 a
2293 1558 2470 1625 parvis
2506 1558 2690 1620 initiis,
2719 1562 2860 1626 quod
2905 1571 3047 1627 patet
3089 1559 3141 1611 in
3186 1574 3376 1627 supra-

1837 1650 2036 1717 scripta
2075 1649 2299 1718 epistola
2350 1647 2473 1711 265,
2535 1648 2628 1702 lib.
2687 1663 2742 1700 tn
2778 1647 2974 1709 Allatii,
3012 1663 3131 1715 quae
3179 1648 3381 1702 directa

1837 1747 1917 1791 est
1939 1737 2085 1792 Jonas
2115 1738 2399 1799 monacho,
2430 1745 2482 1790 et
2520 1746 2830 1789 immoratur
2865 1736 2958 1789 l89
2989 1751 3150 1803 penes
3194 1735 3380 1789 Possi-

157 1827 407 1887 'sthene,
440 1840 546 1878 nou
599 1825 820 1892 pedibus
868 1825 1098 1880 leoninis
1123 1867 1138 1891 ,
1179 1827 1255 1880 uti
1301 1828 1474 1880 visum
1530 1805 1736 1893 Soliuo,
1771 1805 1810 1858 θ
1847 1843 1996 1890 num,
2029 1828 2337 1896 videturque
2365 1827 2674 1894 deprompta
2722 1842 2750 1878 e
2803 1841 2853 1880 c.
2880 1826 2947 1879 l9
2994 1825 3276 1880 Tractatus
3313 1825 3381 1878 de

192 1928 319 1982 cap.
358 1913 445 1978 '50,
475 1913 528 1966 in
570 1912 861 1982 Ethiopia.
885 1913 1108 1968 Videndi
1139 1915 1334 1969 Strabo
1361 1916 1453 1968 lib.
1487 1932 1522 1970 ιι
1551 1927 1604 1971 et
1641 1933 1741 1984 xv;

190 2004 413 2059 Arrian.
437 2003 490 2056 in
525 1988 700 2056 India.
723 2002 858 2057 Plin.
879 2003 924 2057 l.
953 2019 1027 2069 ιι,
1055 2017 1171 2073 cap.
1205 2002 1302 2068 30;
1336 2003 1530 2059 Elian.
1566 2006 1657 2059 lib.
1688 2022 1742 2060 nt

199 2093 409 2148 Histor.
437 2109 555 2161 cap.
580 2093 648 2159 ις
680 2101 734 2147 et
753 2091 1022 2147 Heliodor.
1048 2095 1140 2147 lib.
1164 2110 1194 2146 ι
1225 2093 1429 2148 Histor.
1452 2093 1740 2163 dithiopic.

201 2179 326 2234 Ister
355 2180 572 2250 quidem
602 2179 794 2234 Indica:
818 2189 943 2238 sunt
973 2189 1173 2234 statura
1201 2181 1416 2246 canina,
1437 2181 1529 2237 sed
1558 2181 1744 2251 praefe-

193 2278 325 2323 runt
341 2268 571 2338 speciem
597 2269 972 2324 formicarum:
995 2269 1273 2336 Thuanus,
1294 2271 1384 2325 lib.
1407 2287 1529 2324 xxrv
1547 2271 1740 2326 Annal.

195 2360 264 2413 ad
297 2374 498 2412 annum
546 2358 700 2413 1559.
734 2357 874 2412 lntcr
913 2374 1132 2413 munera
1171 2360 1312 2429 regis
1351 2359 1636 2415 Persarum
1675 2363 1743 2416 ad

192 2449 548 2517 Solymanum
578 2463 737 2502 unam
763 2448 930 2503 fuisse
958 2459 1138 2504 narrat
1162 2448 1501 2518 Busbequius
1531 2452 1690 2519 epist.
1711 2441 1743 2504 4

195 2540 275 2592 De
306 2540 558 2608 legatione
603 2537 807 2591 Turcis.
867 2537 1068 2592 Forsan
1129 2553 1161 2592 a
1209 2539 1419 2608 pupulis
1459 2538 1744 2610 Ethiopia:

193 2628 559 2704 blartnacibus
579 2627 766 2681 leones
792 2624 1007 2680 fuerunt
1024 2627 1305 2690 nominati,
1332 2641 1561 2696 quorum
1581 2641 1744 2697 popu-

193 2719 388 2773 lorum
425 2717 671 2771 meminit
722 2715 1024 2786 Stephanus
1064 2716 1195 2785 Περὶ
1223 2716 1529 2770 πόλεωνει
1571 2715 1728 2769 Heca-

193 2818 306 2862 taeo
334 2822 348 2857 :
383 2809 523 2862 sicut
547 2806 900 2877 ἱππομύρμηξ
922 2806 1058 2874 apud
1082 2804 1408 2871 Lucianum;
1435 2805 1530 2861 sed
1557 2819 1743 2861 cense«

191 2908 292 2954 tur
321 2899 520 2953 animal
553 2898 755 2961 fictum,
784 2906 844 2951 ut
868 2897 1232 2962 hircocervus,
1264 2896 1622 2965 tragelaphus,
1657 2897 1739 2949 vel

193 2987 474 3055 chimaera,
505 2989 729 3059 sphinx,
755 2987 935 3041 lamia.
975 2985 1316 3056 Septuaginta
1343 2987 1656 3055 interpretes
1677 2986 1739 3041 in

200 3095 321 3149 :ap.
353 3095 406 3134 tv
433 3079 534 3133 Job
561 3073 801 3142 laudato,
821 3084 1052 3142 vertunt,
1082 3075 1248 3129 Periit
1275 3075 1352 3129 leo
1386 3076 1737 3146 fomticarius,

193 3170 337 3238 quod
394 3184 492 3221 non
554 3167 756 3220 haberet
817 3181 1010 3220 escam.
1063 3164 1294 3222 Sanctus
1331 3165 1618 3236 Gregorius
1670 3167 1765 3221 ibi

193 3258 297 3314 lib.
359 3275 407 3322 ν,
464 3275 583 3327 cap.
623 3258 706 3324 l5,
759 3272 980 3327 parvum
1033 3271 1152 3312 esse
1196 3257 1390 3310 animal
1442 3272 1740 3327 myrmeoo-

195 3352 410 3406 leonem
448 3358 650 3415 censet,
678 3347 918 3403 formicis
947 3347 1221 3411 infestum,
1241 3348 1384 3418 quod
1416 3361 1473 3401 se
1500 3343 1600 3401 sub
1625 3349 1742 3416 pul-

194 3457 323 3505 vere
341 3441 636 3506 abscondit,
657 3454 855 3508 easque
888 3437 1154 3508 frumenta
1177 3445 1447 3506 gestantes
1473 3437 1738 3504 interﬁcit,

193 3543 251 3588 et
277 3534 581 3588 interiectas
609 3531 876 3585 consumit
907 3529 1060 3598 quasi
1089 3529 1172 3583 leo
1199 3528 1486 3592 devorans,
1509 3539 1563 3584 et
1591 3529 1741 3598 quasi

199 3623 422 3678 formica
445 3624 730 3676 devoratur
752 3619 960 3674 ab‘aliis
988 3618 1207 3675 minutis
1235 3618 1617 3675 animantibus.
1645 3619 1742 3674 lsi-

198 3715 336 3768 doro
373 3714 466 3766 lib.
502 3727 573 3766 sit
597 3710 811 3780 'Ot's'girt.
848 3725 967 3779 cap.
1010 3709 1094 3774 l5,
1131 3708 1489 3775 Formicalco,
1513 3717 1566 3763 et
1614 3710 1741 3763 Vin-

199 3804 380 3858 centio
401 3801 771 3854 Bellovacens.
803 3799 895 3851 lib.
935 3813 1020 3853 xvi
1049 3796 1358 3861 DoctrinaL,
1386 3810 1503 3864 cap.
1539 3795 1658 3858 “7,
1689 3805 1742 3849 et

197 3895 255 3949 in
305 3892 593 3945 ‘Petaviana
648 3888 967 3943 bibliotheca
1025 3894 1190 3954 poeta:
1255 3874 1516 3945 Barbare,
1584 3899 1737 3951 num.

193 3981 379 4042 15ης
410 3979 500 4030 alii
556 3975 755 4028 dictum
802 3974 873 4026 ita
912 3974 1219 4042 Opinantur,
1273 3973 1394 4040 quia
1432 3971 1672 4027 nascitur
1713 3987 1742 4024 e

183 4070 428 4125 tformica
463 4074 515 4121 et
547 4068 716 4130 leone,
737 4063 1058 4117 animalculo
1085 4078 1291 4131 nempe,
1326 4062 1411 4116 cui
1433 4072 1513 4116 est
1540 4062 1740 4130 species

200 4158 434 4216 :eouina.
479 4154 722 4208 Eustalh.
773 4154 824 4206 in
860 4150 1212 4205 Hexaemeron
1259 4152 1339 4204 bis
1389 4137 1736 4212 memoratur,

198 4256 387 4304 sancto
416 4243 758 4313 Hieronymo,
802 4242 913 4294 sive
945 4240 1147 4293 auctori
1178 4231 1268 4305 ‘(si
1305 4238 1426 4306 quis
1457 4238 1594 4291 alius
1623 4241 1739 4304 est)

197 4335 439 4407 epistolae
474 4334 537 4386 ad
571 4330 886 4385 Praesidium
926 4330 990 4383 de
1019 4343 1178 4382 cereo
1211 4327 1451 4380 Paschal.
1484 4325 1556 4379 De
1596 4343 1738 4396 myr-

1843 1914 2134 1970 Monastica
2166 1916 2564 1974 exercitatione,
2590 1929 2718 1982 pag.
2752 1913 2854 1967 56.
2906 1914 3079 1967 Edidit
3112 1913 3379 1968 Patricius

1841 2002 2034 2058 Junius
2081 2004 2332 2058 Catenam
2376 2005 2682 2057 Graecorum
2714 2003 2931 2056 Patrum
2962 2005 3013 2056 in
3043 2003 3233 2057 Jobum
3267 2004 3380 2058 col-

1844 2095 2035 2148 lectam
2064 2107 2093 2146 a
2125 2093 2330 2156 Niceta,
2356 2107 2582 2161 eamque
2630 2093 2860 2146 reddidit
2897 2092 3120 2158 Latine;
3153 2092 3381 2147 Londiui

1835 2186 2016 2238 lucem
2044 2184 2394 2254 aspexit-ilia;
2428 2183 2498 2236 ibi
2529 2199 2580 2250 p.
2605 2182 2730 2245 144,
2768 2199 2796 2235 e
2818 2176 2939 2234 Nilo
2968 2183 3077 2236 lucc
3102 2182 3381 2250 proferun-

1843 2285 1931 2330 tur
1963 2293 1976 2328 :
2005 2276 2157 2345 Τάχα
2178 2274 2234 2326 δὲ
2272 2274 2362 2326 καὶ
2390 2277 2418 2326 ὁ
2452 2273 2624 2341 μέγας
2664 2272 2782 2323 Ἰὼϐ
2804 2273 2927 2325 καθ’
2952 2273 3139 2324 ἑαυτὸν
3170 2273 3381 2341 φιλοσο-

1841 2362 1957 2433 φῶν
1987 2362 2223 2416 τοιοῦτόν
2260 2379 2377 2414 τινα
2413 2364 2732 2414 αἰνίττεται·
2762 2362 3013 2415 Forsitan
3042 2378 3157 2415 vero
3192 2372 3240 2415 et
3269 2379 3394 2437 mag

1840 2471 1971 2525 gnua
2009 2453 2108 2508 Job
2151 2452 2219 2506 ad
2247 2453 2472 2525 seipsunt
2500 2453 2863 2521 philosopharis
2888 2453 3242 2521 hujuscemodi
3279 2454 3382 2507 ali-

1840 2559 1991 2613 quem
2045 2542 2258 2596 obscure
2299 2543 2562 2610 designat,
2594 2550 2712 2594 vetc.
2761 2541 3140 2609 Adiunguntur
3168 2551 3219 2594 et
3257 2541 3378 2603 ista,

1840 2644 1962 2698 quae
1989 2630 2184 2684 desunt
2211 2629 2262 2682 in
2288 2631 2654 2700 manuwipto
2679 2624 2967 2682 Barberino
2991 2627 3382 2697 Codice,atque

1841 2719 1897 2773 in
1929 2719 2164 2773 editione
2209 2734 2349 2783 mea,
2379 2735 2428 2786 p.
2458 2719 2546 2780 5'1,
2575 2731 2696 2789 post
2721 2718 3050 2781 ’ὁπλίζουσαι
3098 2719 3240 2780 ,κατὰ
3282 2719 3381 2788 τῆς

1838 2809 2032 2880 ψυχῆς,
2066 2809 2158 2864 sed
2183 2809 2293 2863 illic
2315 2810 2589 2863 abundant
2614 2808 2781 2861 ταῦτα
2807 2809 2861 2860 δὲ
2890 2809 2985 2878 οὐχ
3011 2809 3087 2873 ὡς
3109 2809 3201 2862 τοῦ
3243 2809 3381 2862 Ἑλί-

1843 2899 1950 2967 φαζ
1974 2900 2114 2953 οὕτω
2147 2901 2450 2970 νοήσαντος·
2470 2900 2574 2966 (ἷσ.
2607 2900 2914 2968 νοήσαντες)
2972 2900 3380 2969 ἐθεωρήσαμεν,

1843 2991 1954 3045 ἀλλ’
1979 2991 2052 3054 ὡς
2084 2989 2391 3059 δυναμένων
2423 2992 2527 3043 τῶν
2555 2992 2812 3059 ῥημάτων
2853 2992 2945 3043 καὶ
2977 2993 3110 3059 πρὸς
3156 2991 3380 3059 ἀλληγο-

1847 3080 1964 3150 ριαν
2006 3079 2322 3149 τρέπεσθαι,
2361 3079 2487 3130 ὅταν
2537 3080 2569 3148 ἡ
2611 3078 2767 3146 χρέία
2795 3077 3144 3147 καλέσῃ·-καὶ
3184 3078 3290 3149 γὰρ
3329 3080 3378 3133 οἱ

1843 3169 2185 3239 παλαιότεροι
2229 3171 2295 3238 τῇ
2334 3167 2533 3237 Θεωρία
2584 3169 2913 3236 ἐχρήσαντο,
2957 3169 3049 3221 καὶ
3096 3166 3379 3239 μυρμηκο-

1841 3259 2026 3312 λέοντα
2074 3259 2165 3311 τὸν
2211 3257 2450 3309 διάϐολον
2503 3257 2742 3323 ἐνόησαν,
2802 3255 2984 3325 ἐπειδὴ
3013 3258 3204 3325 μικρὰ
3260 3274 3381 3310 τινα

1843 3347 2460 3418 προ[σ]παρασκευάξων
2492 3347 2840 3415 ἁμαρτάνειν,
2862 3349 2963 3399 -καὶ
2991 3347 3256 3417 λαθραίως
3281 3349 3380 3402 ὑπ-

1843 3436 2043 3503 εισιὼν,
2067 3437 2142 3498 εἷς
2168 3436 2376 3505 μεγάλα
2400 3436 2621 3504 τελευτᾷ
2649 3435 2839 3500 ἐθίζων
2857 3441 3234 3507 καταφρονεῖν,
3261 3456 3382 3508 quae

1843 3526 1915 3580 ita
1941 3525 2131 3579 Latina
2162 3535 2307 3580 reste
2338 3525 2853 3579 amicire,contemli.
2888 3523 3000 3578 Ista
3037 3542 3148 3578 vero
3186 3544 3282 3580 non
3323 3539 3378 3580 ut

1845 3617 2060 3685 Eliphas
2116 3617 2370 3686 intellexit
2403 3617 2517 3682 (aut
2546 3617 2837 3670 secundum
2875 3618 3032 3670 aliam
3078 3619 3378 3682 lectionem,

1844 3706 2205 3776 intelligentes)
2227 3708 2757 3774 dispeziittusgverum
2780 3710 3056 3773 secundum
3087 3725 3238 3776 quam
3262 3725 3383 3775 pos-
3418 3733 3426 3736 -

1842 3793 1961 3848 sunt
1995 3791 2145 3846 verba
2172 3795 2223 3846 in
2261 3793 2591 3860 allegorieum
2621 3810 2826 3845 sensum
2859 3798 3106 3859 converti,
3145 3801 3381 3864 quando-

1841 3899 2036 3954 cunque
2069 3900 2189 3935 usus
2238 3884 2498 3952 exegerit;
2529 3885 2714 3934 etenim
2765 3887 3078 3952 antiquiores
3133 3890 3211 3940 usi
3262 3901 3380 3942 sunt

1841 3974 2204 4042 speculatione,
2242 3987 2302 4022 ac
2346 3971 2822 4038 nigritiem-leonem
2870 3974 3130 4026 diabolum
3174 3979 3378 4031 intelle-

1840 4075 2061 4125 xerunt;
2083 4062 2330 4130 siquidem
2352 4072 2614 4129 postquam
2647 4063 2763 4127 disp
2823 4065 2955 4114 uerit
2987 4065 3052 4114 ad
3068 4071 3381 4130 peccandum

1843 4156 1896 4204 in
1925 4153 2121 4222 exiguis
2137 4152 2468 4220 quibusdam,
2490 4153 2628 4202 clunt
2655 4168 2774 4203 om
2794 4154 3092 4206 subintrans
3105 4157 3382 4227 iit-magna
3413 4157 3417 4161 ’

1839 4242 2059 4296 devolvit
2085 4242 2433 4308 assae/ueiens
2463 4239 2530 4291 ad
2556 4238 2996 4294 contemnendum.
3037 4241 3197 4298 Juxta
3247 4248 3381 4301 Pro-

1842 4331 1986 4384 verb.
2016 4342 2132 4407 cap.
2164 4343 2316 4393 "tu,
2365 4345 2415 4380 ν.
2451 4328 2526 4392 ,3,
2556 4328 2934 4395 Jmpius,cum
2973 4333 3024 4384 in
3066 4319 3380 4402 profundum

182 4425 510 4482 .mecoleoue
555 4421 734 4475 Damir
775 4419 944 4471 Arabs
981 4420 1045 4471 de
1099 4416 1369 4469 formicar.
1411 4416 1684 4483 speciebus
1723 4431 1734 4465 :
1773 4422 1812 4475 θ
1842 4422 2028 4476 uenerit
2083 4429 2430 4488 peccatorum,
2487 4421 2788 4473 contemnit.
2841 4419 3028 4490 'Itaque
3092 4423 3191 4477 ista
3251 4424 3379 4479 sub.

197 4520 330 4570 Ante
355 4515 469 4585 (ait)
498 4510 864 4579 -leo,'formica
905 4517 1060 4560 retro.
1099 4504 1220 4559 Ursi
1256 4504 1551 4559 'fortnicarii
1595 4505 1736 4574 quod

194 4609 361 4664 edant
379 4605 630 4659 formicas
654 4600 790 4671 apud
816 4598 977 4652 Indos
994 4595 1448 4661 Occidentales,et
1474 4594 1611 4664 apud
1645 4599 1740 4647 nos

196 4705 594 4764 nuncupantur,
629 4691 865 4760 Scaliger
895 4689 946 4742 in
971 4687 1270 4742 Cardanum
1299 4685 1574 4739 exercitat.
1603 4684 1737 4748 216.;

197 4783 399 4837 Elian.
434 4783 522 4836 lib.
558 4799 631 4846 vr,
683 4796 800 4848 cap.
847 4780 898 4832 5.
939 4777 1016 4830 Ad
1065 4776 1304 4829 notitiam
1355 4774 1740 4844 mgrmecoleo-

197 4889 334 4928 num
354 4874 628 4938 hucusque
651 4880 756 4924 tam
779 4862 847 4922 ex'
863 4865 1226 4926 Aldrovando,
1245 4875 1403 4931 quam
1427 4878 1457 4918 e
1478 4862 1739 4917 Bocharto

196 4959 446 5028 excerpta
505 4960 603 5011 ista
663 4958 794 5012 satis
847 4956 974 5011 sint.
1023 4955 1102 5010 Ex
1163 4954 1262 5009 hoc
1308 4961 1500 5005 tamen
1525 4949 1736 5011 addam,

198 5050 638 5124 Olympiodorum
672 5049 722 5099 in
741 5046 845 5100 ‘Job
879 5044 1129 5099 arbitrari
1166 5060 1269 5097 non
1301 5057 1419 5096 esse
1447 5041 1495 5093 id
1540 5036 1738 5093 animal

199 5148 609 5214 (proptereaque
659 5136 953 5189 Bochartus
997 5135 1137 5187 inter
1190 5132 1427 5187 fabulosa
1472 5129 1736 5182 recensuit

197 5233 472 5301 animalia)
500 5231 652 5300 juxta
690 5225 988 5288 historiam,
1019 5225 1108 5278 sed
1144 5240 1173 5277 e
1208 5221 1599 5290 compositione
1637 5234 1732 5271 vo-

197 5341 322 5381 cum
353 5324 553 5391 eflingi;
579 5331 629 5373 et
649 5319 898 5386 Eulogius
918 5313 1331 5373 Alexandrinus,
1363 5311 1526 5367 lib.sv
1549 5310 1602 5361 in
1628 5308 1734 5363 Νο-

199 5419 393 5472 vatian.
433 5415 569 5482 apud
601 5411 845 5465 Photium
877 5409 927 5461 in
968 5406 1310 5466 Bibliotheca,
1344 5402 1608 5456 diabolum
1642 5418 1735 5456 ex-

199 5508 349 5575 ponit
373 5504 669 5571 allegorice,
699 5502 787 5569 qui
821 5492 960 5569 rugit
981 5496 1268 5550 adveniens
1294 5493 1367 5546 uti
1398 5492 1504 5554 leo,
1533 5493 1734 5560 pudore

201 5595 438 5652 suﬂ'usus
467 5593 689 5646 discedit
721 5593 872 5658 quasi
907 5589 1158 5650 formica,
1184 5585 1441 5657 peritque,
1475 5584 1525 5636 in
1561 5581 1733 5634 homi-

203 5687 362 5741 nibus
384 5698 488 5738 non
525 5681 798 5733 inveniens
837 5692 1038 5732 escam.
1074 5673 1302 5726 Sanctus
1325 5669 1730 5739 Augustinusin

1829 4517 2054 4563 rnectere
2101 4507 2272 4560 visum
2323 4515 2448 4559 est:
2502 4514 2556 4559 tu
2588 4516 2828 4560 catenam
2867 4509 3006 4562 illam
3035 4504 3286 4572 consule,
3332 4513 3376 4569 si

1843 4595 2204 4666 Polychronii,
2259 4595 2349 4662 qui
2400 4595 2617 4648 nomine
2669 4599 3134 4668 myrmeco-leonis
3179 4597 3374 4652 Johum

1843 4686 2014 4754 ipsum
2041 4693 2191 4753 putat
2211 4683 2475 4747 vindicari,
2499 4687 2883 4754 expositionem
2919 4688 3092 4740 adhuc
3124 4687 3372 4758 reguiris.

1839 4777 1908 4828 At
1938 4791 2004 4828 ne
2033 4775 2160 4845 quid
2194 4775 2372 4829 nimis.
2407 4774 2483 4829 Ad
2512 4791 2632 4844 cap.
2669 4775 2755 4841 54,
2803 4777 2954 4845 cuius
3007 4775 3218 4829 initium
3270 4789 3372 4836 est.

1843 4861 2162 4924 Πλειστάκις
2189 4851 2430 4932 -δεηθείς,
2475 4863 2525 4917 id
2567 4871 2646 4917 est
2697 4861 2882 4930 saepius
2934 4863 3376 4926 oramnefertur

1839 4951 2062 5019 epistola
2090 4952 2213 5015 266,
2239 4951 2341 5017 lib.
2362 4967 2424 5010 ιιι
2455 4941 2658 5011 Alli‘ti‘t,
2689 4932 2807 5018 quae
2843 4949 3087 5021 dirigitur
3114 4953 3370 5015 Adriano.
3406 4970 3410 4974 ‘

1837 5039 1917 5092 'Ad
1943 5053 2064 5105 cap.
2107 5037 2192 5098 55,
2229 5037 2553 5096 inchoatum,
2583 5027 2897 5098 Καθεύδεις,
2925 5037 2975 5090 id
3007 5048 3108 5099 est,
3154 5041 3372 5106 dormis,
3479 5069 3482 5071 λ

1839 5126 2210 5196 θρίειοιιιὸη,
2237 5127 2323 5178 lib.
2368 5142 2423 5179 ιιι
2467 5127 2621 5179 Allat.
2664 5127 2866 5196 absque
2901 5127 3264 5198 inscriptione.
3293 5132 3374 5185 Ad

1839 5235 1956 5286 cap.
1983 5216 2070 5276 36,
2099 5218 2238 5284 quod
2272 5217 2476 5284 incipit,
2507 5217 2581 5269 Οὐ
2633 5220 2788 5287 μόνον
2845 5224 3288 5289 γαστριμκργεϊν,
3320 5223 3372 5276 id

1837 5318 1936 5370 est,
1962 5323 2061 5358 non
2111 5307 2275 5357 solum
2310 5307 2430 5374 gula
2467 5306 2743 5374 indulgere,
2773 5299 2925 5376 episl.
2957 5309 3041 5370 16,
3069 5308 3157 5362 lib.
3189 5324 3242 5364 ιιι
3281 5314 3372 5363 ΛΙ-

1840 5397 1930 5448 lat.
1964 5394 2163 5447 directa
2211 5394 2422 5448 Gelasio
2469 5397 2746 5448 monacho.
2789 5393 2995 5446 Possin.
3023 5395 3106 5446 '26.
3136 5399 3211 5446 Ad
3249 5414 3367 5465 cap.

1838 5484 1998 5547 37,'U
2026 5484 2231 5552 ἡνίοχος
2255 5484 2397 5547 νοῦς,
2428 5486 2478 5538 id
2513 5494 2608 5544 est,
2641 5499 2778 5535 mens
2803 5485 3001 5551 auriga,
3020 5486 3174 5550 epist.
3213 5485 3372 5542 Allat.

1837 5574 1959 5632 ‘268,
1992 5575 2026 5625 Ι.
2057 5588 2135 5626 lli.
2174 5575 2249 5627 Ad
2280 5591 2395 5642 cap.
2443 5575 2534 5635 58,
2562 5575 2670 5624 Οὐκ
2709 5571 2851 5623 ἔστιν
2895 5572 3152 5640 ἁμαρτία,
3185 5574 3233 5626 id
3270 5586 3370 5637 est,

1829 5680 1937 5718 non
1972 5675 2057 5735 est
2100 5679 2385 5735 peccatum,
2425 5662 2698 5732 cpislu99,
2747 5663 2780 5715 l.
2819 5679 2850 5714 ll
2901 5663 3056 5715 Allat.
3097 5663 3372 5719 Charitoni
