4122 6338
750 280 879 343 1359

742 483 987 550 ἁγνοεῖςς
1028 481 1171 535 Anne
1220 482 1469 551 ignoras”?
1513 483 1668 551 epist.
1700 482 1857 535 Allat.
1900 480 2021 545 518,
2054 481 2146 535 lib.
2190 495 2270 547 ιιι,

743 572 945 642 absque
968 572 1138 635 titulo,
1174 570 1253 625 Ad
1278 572 1346 625 40
1366 587 1482 641 cap.
1534 571 1659 624 Ἐὰν
1685 570 1862 644 γλὶχῃ,
1888 570 1941 625 id
1974 581 2073 637 cst,
2108 572 2155 626 si
2191 571 2273 625 tu-

745 664 881 726 beat,
923 661 1080 730 epist.
1126 660 1290 716 Allat.
1320 660 1445 725 286,
1490 661 1579 714 lib.
1624 652 1702 725 ιιι,
1740 676 1930 716 carens
1964 659 2271 731 cpigraphe.

743 753 822 807 Ad
860 768 977 823 cap.
1023 753 1112 816 41,
1135 753 1390 823 Μεγάλην
1426 754 1458 822 ὴ
1501 753 1790 823 προσευχὴ,
1818 753 1867 807 id
1899 761 2000 818 est,
2029 769 2273 821 magnam

744 845 931 906 oratio,
984 843 1140 911 epist.
1190 842 1311 907 5l9,
1343 841 1435 895 lib.
1468 858 1526 896 tu
1552 842 1713 895 Allat.
1763 842 1840 895 A'l
1885 857 2001 911 cap.
2042 841 2133 906 42,
2160 842 2272 912 Οὐχ

734 932 946 997 ἁπλῶς,
980 932 1032 986 id
1066 942 1164 997 est,
1196 948 1296 985 non
1346 932 1665 999 simpliciter,
1712 932 1866 999 epist.
1905 929 2029 995 320,
2076 928 2170 986 lib.
2216 945 2274 984 ιιι

741 1022 979 1090 ejusdem
1000 1021 1158 1075 Allst.
1187 1022 1266 1074 Ad
1288 1036 1405 1090 cap.
1428 1021 1518 1087 45,
1541 1020 1744 1090 Μέχρις
1776 1020 1841 1073 ἂν
1868 1020 1953 1084 σύ,
1982 1020 2031 1073 id
2056 1030 2156 1083 est,
2182 1020 2277 1072 de-

730 1127 833 1165 inec
862 1120 938 1175 tu,
963 1110 1118 1178 epist.
1149 1109 1271 1172 272,
1303 1109 1396 1163 lib.
1426 1109 1655 1178 ejusmet
1689 1109 1845 1163 Allat.
1869 1108 2065 1162 directa
2102 1107 2276 1162 Pauli-

745 1215 816 1256 no
837 1200 1147 1264 domestico,
1172 1200 1389 1255 Possin.
1420 1199 1543 1253 204.
1568 1200 1645 1254 Ad
1678 1214 1792 1268 cap.
1825 1200 1910 1257 44.
1940 1198 2030 1269 Μὴ
2055 1199 2276 1253 enovat-

748 1306 859 1351 νου,
895 1289 945 1342 id
976 1296 1078 1350 cst,
1108 1303 1169 1341 ne
1199 1287 1512 1356 su‘bterfuge,
1536 1286 1692 1354 epist.
1722 1286 1839 1340 sine
1855 1286 2008 1339 titulo
2029 1284 2153 1347 52l,
2178 1284 2270 1338 lib.

730 1359 801 1430 »ιιι
829 1375 988 1429 Allat.
1018 1374 1097 1428 Ad
1131 1389 1246 1443 cap.
1276 1374 1375 1435 49,.
1399 1375 1604 1443 Ὥσπερ
1646 1375 1694 1425 οἱ
1740 1372 2191 1442 εἰσπορευόμενοι,
2221 1371 2274 1426 id

738 1471 849 1523 est,
875 1461 1007 1514 sicut
1056 1460 1413 1530 ingredientes,
1448 1459 1606 1528 epist.
1645 1458 1767 1521 322,
1797 1459 1889 1514 lib.
1912 1472 1983 1513 ﬁt
2010 1458 2171 1527 Allat.
2194 1459 2273 1513 Ad

741 1566 857 1619 cap.
884 1549 972 1613 46,
992 1549 1111 1603 Οὐκ
1138 1548 1278 1600 ἔστιν
1298 1546 1531 1615 εὔλογον,
1552 1548 1601 1601 id
1619 1556 1720 1613 est,
1737 1565 1838 1601 non
1855 1556 1930 1601 est
1951 1549 2141 1601 rationi
2161 1564 2277 1602 con-

742 1650 1059 1700 sentaneum,
1081 1637 1235 1707 epist.
1259 1637 1415 1690 Allat.
1440 1637 1562 1703 320,
1589 1637 1681 1691 lib.
1706 1653 1786 1691 ιιι.
1810 1636 1889 1690 Ad
1909 1652 2027 1707 cap.
2052 1638 2141 1700 47,
2163 1637 2275 1691 Κοι-

1662 248 1807 338 ms.
1842 275 2101 336 manus
2141 268 2494 336 SUARESII
2530 274 3023 335 DISSERTATIO

648 398 656 406 '
737 392 1011 447 monacho
1044 391 1317 461 inscripta.
1346 390 1556 445 Possint.
1578 391 1701 447 266.
1742 391 1819 444 Ad
1860 406 1975 460 cap.
2009 391 2099 460 59,
2131 392 2281 454 Ἴσως

2388 397 2501 443 tum
2527 399 2614 445 'est
2646 407 2662 445 ς
2695 390 2904 452 Ἄλλως
2923 388 3079 459 γὰρό
3105 386 3382 459 τεχνίτης,
3432 392 3523 445 καὶ
3550 390 3729 453 ἄλλως
3766 391 3794 443 ὁ
3827 393 3904 445 ἁν-

3795 274 3905 347 1360

2376 482 2710 552 επιστήμων,
2739 497 2831 536 seu
2851 482 3069 552 ἄτεχνος
3086 519 3103 545 ,
3131 481 3300 552 κρίνει
3325 482 3392 535 τὰ
3410 485 3505 555 τῆς
3529 484 3750 553 τέχνης·
3769 484 3899 539 Aliter

2381 574 2570 643 quippe
2604 573 2821 639 artifex,
2846 584 2906 625 et
2939 572 3097 625 aliter
3129 572 3230 625 tiro
3269 574 3400 626 artis
3434 574 3635 627 nescius
3664 572 3903 640 diiudicat

2382 678 2464 726 ea,
2503 677 2621 731 qua
2658 662 2725 714 ad
2767 671 2931 714 artem
2954 651 3209 731 spectant.
3248 652 3490 731 Denique
3517 662 3759 716 occurrit
3792 665 3901 717 mihi

2376 749 2639 809 Allatiana
2661 749 2765 803 246
2790 749 3032 819 epistola,
3063 749 3155 802 lib.
3191 764 3250 813 lt,
3277 750 3433 818 cujus
3462 750 3711 815 initium,
3740 750 3903 804 Πολλοὶ

2376 839 2485 892 τῶν
2528 841 2584 894 ὲν
2623 840 2859 909 θαλάσσῃ
2887 838 3315 909 χειμαζομένων,
3350 849 3478 907 etc.,
3524 840 3576 894 id
3615 843 3735 903 est,
3767 839 3900 894 Multi

2377 942 2575 993 eorum,
2615 929 2702 997 qui
2739 935 3034 994 tempestate
3059 929 3329 995 agitantur
3354 929 3408 980 in
3438 927 3657 997 pelage;
3696 943 3901 997 qumque

2379 1018 2444 1071 ad
2489 1015 2783 1070 Zeuobium
2827 1015 3054 1085 legatum
3103 1016 3350 1086 dirigitur
3379 1034 3393 1071 :
3424 1032 3485 1070 ea
3529 1033 3659 1071 vero
3711 1020 3900 1072 videtur

2359 1105 2645 1173 exscripta
2672 1118 2704 1158 e
2724 1105 2898 1174 capite
2924 1105 2993 1159 64
3013 1103 3296 1161 'l‘ractatus
3319 1106 3540 1171 laudati,
3564 1108 3655 1161 ubi
3688 1123 3803 1176 pag.
3844 1109 3901 1162 7t

2380 1194 2492 1248 lucc
2521 1192 2669 1267 fuere
2699 1196 2918 1264 scripta,
2949 1196 3008 1248 Et
3042 1196 3149 1266 γὰρ
3174 1197 3231 1249 ἑν
3256 1195 3494 1267 θαλάσσῃ
3527 1197 3778 1259 πλέοντες
3805 1216 3899 1267 χει-

2382 1282 2690 1354 μαζόμενοι,
2726 1284 2779 1337 id
2811 1279 2922 1349 est,
2965 1285 3022 1339 Si
3074 1301 3293 1356 namque
3330 1286 3383 1339 in
3423 1287 3561 1339 mari
3613 1287 3899 1356 navigantes

2377 1373 2607 1442 procella
2633 1372 2848 1441 iactati,
2880 1385 2983 1430 etc.
3014 1376 3168 1430 Certe
3198 1384 3290 1429 aut
3317 1376 3511 1445 aliquis
3526 1391 3589 1430 ex
3614 1378 3734 1431 istis
3762 1381 3899 1431 sche-

2377 1464 2462 1519 dis
2482 1502 2497 1528 ,
2526 1462 2611 1519 vel
2639 1463 2913 1534 Epistolis,
2942 1480 3062 1534 quae
3084 1463 3203 1521 Nilo
3227 1474 3415 1520 nostro
3442 1480 3540 1536 pro
3569 1465 3735 1521 variis
3759 1479 3899 1520 occa-

2378 1552 2621 1617 sionibus
2667 1544 3079 1632 subitoelfusaa,
3114 1554 3315 1623 impetu
3345 1563 3506 1624 atque
3529 1553 3707 1608 calore
3744 1553 3898 1609 ﬂuxe-

2379 1649 2527 1707 runt,
2558 1651 2614 1696 et
2637 1641 2953 1697 exciderunt
2979 1642 3043 1697 ad
3066 1644 3267 1707 varios,
3287 1643 3430 1697 nulla
3453 1651 3773 1715 temporum,
3796 1645 3899 1698 sive

745 1729 911 1797 μάτου
940 1724 1455 1801 χρῄζειςνρνιειιειειίι
1476 1737 1523 1780 te
1545 1726 1775 1790 morbus,
1793 1727 1947 1797 epist.
1972 1727 2132 1801 Allat.
2152 1727 2274 1794 524,

2379 1731 2699 1805 dignitatum
2730 1731 2912 1786 habita
2959 1731 3199 1798 ratione,
3232 1733 3360 1787 dum
3405 1736 3492 1788 vir
3534 1742 3755 1787 sanctus
3795 1734 3898 1787 zelo

738 1822 896 1894 333
934 1821 1152 1877 ibidem.
1184 1818 1262 1874 Ad
1292 1832 1410 1887 cap.
1446 1818 1535 1882 ts,
1570 1818 1629 1870 Et
1658 1818 1705 1869 οι
1736 1815 1946 1889 ἐχθροί,
1992 1817 2047 1871 id
2084 1825 2199 1884 est,
2226 1819 2271 1872 si

737 1914 941 1975 sttes,
973 1911 1131 1981 epist.
1164 1924 1281 1980 quae
1310 1908 1561 1979 Aquilino
1594 1907 1903 1962 inscribitur
1932 1906 2070 1975 273‘,
2100 1907 2175 1963 lib
2206 1922 2269 1964 ιιι

737 2002 894 2056 Allat.
940 2008 996 2056 at
1036 1997 1247 2055 Possin.
1276 1997 1401 2053 209.
1430 1996 1510 2052 Ad
1549 2010 1666 2063 cap.
1701 1997 1789 2061 49,
1838 1997 1973 2067 Πρὶν
2011 1997 2184 2049 ἐκεῖνο
2209 1996 2271 2050 τὸ

739 2089 1024 2160 φρικῶδες,
1054 2087 1107 2145 id
1127 2070 1252 2153 ‘est,
1284 2094 1557 2156 antequam
1594 2083 1910 2139 tremendum
1943 2084 2095 2157 epist.
2143 2085 2264 2140 325.

738 2180 1001 2235 Allatiana
1034 2177 1185 2234 inibi.
1214 2177 1295 2232 Ad
1328 2192 1442 2247 cap.
1474 2177 1562 2243 50,
1602 2175 1779 2248 Μηδὲν
1800 2172 1907 2229 τῶν
1936 2176 2268 2246 φαινομένων

738 2272 796 2325 ὲν
836 2269 913 2341 τῷ
946 2269 1192 2341 παρόντι,
1241 2270 1292 2323 id
1342 2277 1442 2333 cst,
1492 2269 1619 2322 nihil
1661 2269 2016 2338 apparentium
2048 2268 2101 2321 in
2130 2283 2267 2335 prae-

737 2361 893 2421 senti,
928 2359 1083 2427 epist.
1115 2356 1235 2423 326,
1266 2357 1467 2426 absque
1490 2356 1855 2426 inscriptione,
1887 2355 1980 2410 lib.
2015 2370 2075 2411 ιιι
2102 2355 2265 2410 Attat.

739 2449 828 2515 (tui
862 2448 986 2516 legit
1018 2448 1072 2498 ὲν
1113 2446 1187 2515 τῷ
1216 2443 1539 2515 φαινομένῳ.
1586 2444 1666 2498 Ad
1701 2459 1820 2512 cap.
1847 2446 1959 2509 .Bl,
2005 2444 2266 2498 Οὐδέποτε

736 2538 815 2588 δεῖ
832 2537 1038 2606 ἀργεῖν,
1065 2534 1113 2589 id
1136 2542 1236 2599 cst,
1260 2547 1522 2603 nunquam
1542 2539 1740 2601 oportet
1761 2533 1937 2586 otiari.
1964 2533 2121 2602 epist.
2145 2532 2265 2597 161,

732 2632 829 2683 lib.
863 2646 920 2683 ιιι
954 2629 1113 2682 Allat.
1150 2630 1351 2683 directa
1386 2626 1544 2683 Petro
1574 2614 1854 2689 rﬁbnacbo,
1895 2624 2106 2682 Possin.
2141 2627 2262 2682 118.

736 2720 812 2772 Ad
846 2733 964 2787 cap.
993 2717 1078 2779 52,
1108 2718 1406 2788 Τόλμησον,
1438 2717 1490 2773 id
1520 2725 1623 2782 est,
1651 2716 1802 2781 aude,
1832 2715 1993 2771 Allat.
2032 2716 2149 2771 sine
2195 2717 2266 2771 tio

738 2810 845 2862 Iulo
878 2808 1034 2876 epist.
1067 2810 1187 2872 5'27,
1222 2808 1317 2864 lib.
1353 2822 1435 2863 ιιι.
1465 2807 1548 2863 Ad
1580 2815 2046 2884 extremumuqua:
2080 2808 2132 2861 in
2170 2822 2263 2863 co-

738 2900 854 2952 dice
886 2898 1176 2952 Barbcrino
1206 2901 1414 2954 locatur
1449 2904 1641 2973 quarto
1672 2896 1812 2961 loco,
1834 2898 2023 2970 Εὐχή,
2067 2899 2119 2953 id
2154 2907 2264 2967 est,

737 2990 923 3051 oratio,
958 2997 1010 3041 et
1053 2978 1526 3058 constituitcaput
1570 2987 1656 3043 55.
1691 2986 1819 3057 Ejus
1847 2987 2127 3048 exordium
2160 2996 2273 3059 εει,

2376 1821 2734 1890 abriperetur,
2767 1830 2826 1875 ut
2852 1820 2905 1874 iu
2935 1818 3188 1890 Epistolis
3215 1822 3282 1875 ad
3306 1822 3595 1876 Arcadium
3621 1822 3899 1891 imperato-

2374 1926 2487 1966 rem
2511 1912 2651 1967 datis
2674 1918 2782 1967 tam
2810 1924 2974 1981 penes
2999 1910 3251 1965 Allatlum
3280 1911 3404 1977 265,
3432 1913 3525 1966 lib.
3542 1926 3606 1977 ιι,
3630 1921 3685 1988 et
3708 1912 3800 1964 lib.
3825 1927 3894 1977 ιιι,

2372 1999 2531 2067 epist.
2563 2000 2687 2067 279,
2717 2014 2878 2070 quam
2906 1999 3045 2069 apud
3073 1988 3355 2054 Possinum
3384 2000 3541 2069 epiSt.
3565 1999 3671 2053 232
3697 2008 3748 2054 et
3771 2000 3895 2065 235;

2371 2089 2503 2158 quin
2556 2088 2802 2145 Romano
2848 2088 3008 2159 635
3054 2090 3329 2158 episcopo,
3370 2089 3530 2144 Allat.
3576 2090 3732 2160 epist.
3773 2089 3909 2155 155,

2373 2178 2410 2232 1.
2445 2194 2505 2246 ιι,
2541 2178 2594 2233 in
2629 2193 2734 2249 qua
2761 2176 3021 2234 Novatum
3054 2194 3083 2233 a
3115 2190 3173 2234 se
3212 2194 3318 2234 non
3348 2179 3510 2253 recipi
3540 2179 3751 2238 nuntiat
3780 2183 3895 2254 (nisi

2373 2267 2531 2323 fuerit
2562 2268 2612 2323 id
2643 2283 2836 2324 nomen
2858 2267 2975 2339 ejus
3004 2268 3323 2343 proprium),
3354 2270 3547 2341 aliquis
3579 2273 3841 2344 (inquam)
3870 2288 3899 2326 e

2370 2354 2472 2409 Nili
2504 2357 2766 2434 studiosis
2790 2370 2854 2411 ex
2889 2356 3009 2431 istis
3041 2359 3294 2427 Epistolis
3333 2359 3645 2414 continuam
3673 2360 3818 2413 illam
3848 2359 3896 2413 iu

2372 2445 2548 2513 capita
2578 2438 2681 2499 155
2705 2444 3011 2502 distinctam
3040 2447 3325 2516 compegit,
3358 2449 3578 2503 nomina
3606 2463 3813 2514 eorum,
3837 2450 3897 2503 ad

2372 2550 2511 2607 quos
2540 2525 2750 2594 fuerant
2776 2549 3023 2607 exaratze,
3051 2541 3461 2610 praetermittens
3485 2559 3500 2595 :
3525 2553 3619 2598 aut
3642 2545 3896 2614 quispiam

2371 2630 2777 2685 exercitamenti
2806 2632 2998 2702 gratia,
3024 2631 3310 2689 disseetam
3341 2634 3620 2703 epistolam
3660 2636 3805 2689 illam
3848 2635 3899 2690 in

2370 2719 2612 2777 diversas
2633 2721 2699 2777 ad
2725 2722 2966 2777 diversos
2992 2722 3283 2777 distribuit.
3310 2720 3465 2778 Volui
3487 2739 3614 2795 ergo
3639 2725 3898 2801 specimen

2371 2808 2585 2879 aliquod
2611 2810 2772 2880 hujus
2800 2810 3061 2879 misturte,
3100 2826 3195 2868 seu
3230 2812 3573 2869 dissectionis
3602 2815 3751 2879 dare,
3806 2830 3902 2884 ευ·

2372 2910 2621 2968 stumque
2657 2898 2894 2969 praebere
2918 2914 3052 2956 mete
3090 2900 3428 2971 cogitationis
3459 2902 3665 2968 lectori,
3693 2904 3786 2973 qui
3809 2916 3899 2973 pro

2372 2988 2662 3043 acrimonia
2713 2982 2911 3060 ingenii
2964 2988 3049 3059 sui
3099 2988 3431 3045 discerneret
3479 2978 3732 3047 solisrtius
3782 2993 3898 3047 isui.

695 3095 699 3098 ν
736 3078 959 3150 Βοηθός,
993 3077 1173 3143 idest,
1210 3077 1440 3148 adjutor,
1465 3077 1691 3155 Allatius
1719 3093 1835 3134 eam
1864 3058 2268 3150 comprehendit
2294 3058 2337 3116 θ
2372 3074 2604 3133 lsidorus
2657 3058 2925 3135 Pelu'siota
2949 3099 2959 3109 ι
2980 3058 3281 3137 Theodosio
3335 3080 3649 3152 imperatori
3718 3083 3902 3137 scribit

738 3174 789 3224 in
848 3169 1069 3237 epistola
1108 3168 1419 3238 .256,‘qu:e
1466 3169 1585 3223 Nilo
1634 3168 1944 3239 presbytero
1990 3168 2265 3240 dirigitur,

736 3262 828 3317 lib.
857 3275 935 3315 ιιι.
968 3260 1245 3329 Simulque
1275 3260 1617 3315 consarcinat
1652 3260 1757 3316 duo
1777 3260 1956 3331 capita
1988 3260 2097 3326 illa,
2128 3260 2268 3316 sicut

734 3358 788 3403 et
836 3346 1100 3402 Pessinus
1149 3349 1305 3418 epist.
1355 3350 1420 3405 ad
1470 3350 1716 3405 eumdem
1763 3349 1942 3405 Nilum
1990 3349 2265 3421 presbyte-

735 3454 853 3491 rum
898 3436 1014 3515 l68,
1049 3452 1167 3508 quae
1198 3439 1405 3509 incipit,
1441 3440 1629 3505 Οὐδεὶς
1657 3440 2054 3513 ταπεινότερος,
2078 3455 2267 3511 quem-

735 3527 1021 3584 admodum
1053 3540 1106 3585 et
1140 3529 1406 3583 Allatiana
1429 3569 1444 3594 ,
1477 3531 1553 3582 uti
1586 3531 1967 3599 praeuetabam.
2012 3529 2130 3599 Non
2176 3530 2267 3586 de-

734 3626 892 3691 erunt
920 3628 1187 3671 emunctae
1220 3619 1366 3694 naris
1392 3619 1658 3683 homines,
1693 3630 1744 3673 et
1776 3618 1973 3688 quibus
2000 3605 2163 3673 nasus
2184 3626 2266 3673 est

734 3707 1127 3774 rhinocerotis,
1175 3706 1265 3774 qui
1304 3699 1569 3761 'damnent
1610 3696 1782 3762 meum
1824 3707 2177 3778 περιεργίαν,
2212 3714 2266 3763 et

736 3798 1038 3867 improbum
1071 3799 1307 3853 laborem
1350 3805 1408 3850 ut
1444 3796 1684 3850 inutilem
1714 3785 2027 3852 avers‘cntur
2055 3796 2106 3851 in
2135 3810 2265 3851 con-

727 3879 966 3942 terendis
1000 3888 1115 3942 istis
1143 3886 1425 3956 Epistolis;
1463 3895 1515 3941 et
1546 3886 1703 3955 hujus
1726 3884 1969 3958 Epistula:
1995 3884 2263 3942 continua:

734 3976 1120 4043 quinquaginta
1183 3960 1355 4027 tribus
1409 3974 1709 4043 capitibus,
1789 3973 2023 4028 codicem
2074 3983 2261 4029 nactus

734 4061 908 4123 fuerat
942 4060 1197 4116 Possinus
1237 4062 1290 4114 in
1325 4061 1647 4116 bibliotheca
1683 4061 1946 4126 Medicam,
1994 4062 2261 4132 Epistola-

735 4170 872 4218 rum,
926 4167 1062 4222 quas
1110 4153 1287 4207 emisit
1346 4152 1397 4205 in
1457 4152 1628 4205 lucem
1679 4166 1819 4204 anno
1880 4151 2034 4216 1657,
2090 4150 2258 4206 Paris.

734 4242 905 4295 Alium
950 4241 1259 4311 ampliorem
1307 4241 1414 4294 Lco
1455 4240 1721 4305 Allatius,
1782 4256 1901 4304 cum
1957 4256 2119 4311 vagas
2180 4239 2253 4294 di-

2366 3167 2526 3235 epist.
2558 3166 2648 3231 55,
2681 3168 2771 3221 lib.
2807 3183 2845 3228 I.
2883 3168 2959 3222 de-
2980 3168 3327 3238 dispergendis
3367 3170 3568 3238 opibus,
3598 3172 3760 3240 deque
3787 3171 3901 3227 abs—

2369 3256 2623 3323 tinentia,
2681 3266 2729 3309 et
2778 3257 3209 3325 mansuetudine;
3256 3260 3413 3327 epist.
3464 3268 3717 3328 praeterea
3779 3258 3897 3321 511,

2367 3349 2431 3399 de
2480 3346 2701 3400 concilio
2731 3345 3021 3415 Ephesiae,
3076 3348 3296 3417 insuper
3347 3346 3546 3418 Cyrillo
3591 3350 3901 3418 patriarcha

2363 3434 2745 3498 Alexandrino,
2791 3449 2884 3489 seu
2916 3435 3183 3505 episcopo,
3214 3435 3306 3489 lib.
3336 3449 3388 3498 ι,
3422 3435 3577 3507 epist.
3606 3435 3731 3499 525,
3779 3435 3895 3500 524,

2363 3525 2487 3587 570,
2518 3524 2653 3578 497ε
2678 3532 2729 3579 et
2750 3524 2844 3579 lib.
2869 3540 2928 3588 ιι,
2950 3524 3105 3594 epist.
3134 3524 3265 3590 127;
3286 3532 3339 3580 et
3363 3524 3456 3577 lib.
3483 3539 3564 3589 ιιι,
3592 3524 3755 3593 epist.
3780 3524 3891 3577 506.

2362 3611 2473 3666 Nec
2516 3612 2751 3667 lsidorus
2794 3613 3013 3675 titulos,
3054 3625 3149 3668 aut
3190 3613 3530 3684 prmfationes
3577 3614 3899 3671 bonorilicas

2364 3703 2471 3757 illis
2501 3701 2734 3758 exhibet.
2778 3701 2848 3755 Ea
2877 3712 2991 3755 erat
3021 3704 3112 3756 illo
3141 3705 3337 3771 saeculo
3366 3705 3570 3773 piorum
3606 3706 3897 3760 monacho-

2363 3806 2483 3845 rum
2517 3790 2863 3865 simplicitas,
2909 3804 2970 3843 ca
3026 3790 3373 3859 pentilicum,
3421 3801 3474 3845 et
3515 3792 3897 3858 imperatorum

2364 3872 2762 3953 ntodcratio,_ct
2789 3879 3003 3933 nomina
3031 3880 3169 3934 nuda
3192 3878 3435 3949 epistolis
3455 3881 3897 3951 praeponebantur

2362 3986 2511 4026 more
2542 3971 2803 4040 majorum
2831 3986 2895 4025 cx
2934 3969 3255 4040 Symmacho
3282 3971 3371 4026 lib.
3410 3987 3469 4037 ιι,
3501 3971 3655 4043 epist.
3684 3972 3777 4036 55,
3812 3970 3896 4025 ubi

2359 4054 2598 4114 Juretus.
2628 4058 2910 4129 Equidem,
2950 4060 3075 4115 dum
3111 4058 3355 4114 Romana
3386 4053 3685 4130 respublica
3740 4061 3893 4131 plena

2362 4150 2672 4220 integraque
2722 4150 2966 4205 libertate
3018 4151 3203 4205 fruens
3258 4149 3664 4217 clliorescebat,
3727 4151 3892 4221 ignoti

2362 4241 2578 4313 penitus
2607 4252 2760 4298 erant
2791 4243 2964 4308 tituli,
3015 4242 3110 4315 qui
3155 4257 3300 4299 nunc
3328 4241 3527 4313 passim
3568 4256 3896 4312 usurpentur

735 4347 1073 4401 sparsasque,
1121 4332 1360 4397 collatis,
1405 4340 1521 4385 utut
1558 4330 1756 4412 potuit,
1805 4329 2065 4385 Romanis
2106 4331 2257 4384 rolu-
2290 4369 2331 4423 υ
2361 4333 2414 4387 in
2444 4333 2806 4400 sermonibus,
2832 4343 2991 4404 atque
3014 4334 3230 4399 litteris,
3257 4333 3389 4388 adeo
3423 4342 3481 4388 ut
3505 4348 3644 4403 stupe
3678 4335 3893 4388 illorum

736 4422 989 4485 minihua
1032 4420 1231 4477 fascem
1262 4424 1314 4475 in
1352 4437 1516 4476 unum
1544 4409 1820 4492 coegisset,
1857 4420 2039 4476 Romae
2064 4420 2259 4477 Barbc-
2290 4409 2306 4477 '_

734 4509 865 4565 riuis
918 4511 1069 4579 typis
1118 4511 1403 4579 publicavit
1464 4527 1604 4566 anno
1671 4511 1833 4567 1668..
1888 4509 1990 4567 Sed
2034 4527 2153 4565 cum
2206 4514 2258 4565 in

736 4602 890 4673 epist.
940 4597 1020 4667 60,
1069 4599 1159 4651 lib.
1204 4615 1266 4665 ιι,
1314 4601 1612 4665 Allatiana,
1650 4614 1768 4669 qua:
1806 4599 2115 4655 inscribitur
2153 4598 2258 4654 lla.

735 4692 921 4747 driano
972 4688 1272 4753 monacho,
1332 4689 1645 4757 reperissent
1693 4688 1855 4742 multa
1910 4688 2190 4763 desumpta
2232 4703 2261 4741 e

735 4783 907 4852 Capite
957 4781 1020 4835 l7
1070 4777 1353 4833 Tractatus
1404 4772 1470 4832 de
1518 4768 1811 4832 monastica
1852 4779 2259 4841 exercitatione,

732 4869 1026 4939 prmsertim
1070 4884 1102 4925 ο
1153 4866 1375 4939 periodo
1428 4865 1733 4934 incipiente,
1757 4865 1820 4917 Ei
1860 4865 1966 4933 γὰρ
1996 4864 2263 4932 ἄνθρωποι

664 5027 671 5031 ι
739 4958 1017 5031 βάρϐαροι,
1070 4969 1195 5025 etc.,
1249 4958 1299 5014 id
1333 4966 1448 5022 est,
1505 4952 1741 5015 Sicnim
1778 4952 2004 5005 homines
2046 4940 2262 5004 Barbari

739 5057 903 5115 (sunt
938 5037 1081 5102 e'nim
1126 5051 1242 5105 haec
1272 5050 1442 5119 prima
1480 5045 1643 5102 verba
1679 5042 1868 5115 capitis
1897 5040 2135 5113 ejusdem
2170 5040 2263 5124 17)

741 5152 909 5207 usque
952 5137 1016 5191 ad
1066 5137 1216 5199 hmo"
1240 5138 1319 5201 τίς
1354 5137 1560 5199 ἔπεισε,
1588 5137 1703 5207 quis
1746 5134 2046 5203 persuasit?
2081 5140 2259 5199 postea

718 5221 860 5281 'cum
894 5225 1207 5280 incidissem
1236 5226 1291 5277 lu
1322 5227 1479 5295 epist.
1514 5216 2096 5281 651ib'nAllatianam
2126 5236 2261 5289 quo-

739 5335 839 5389 quc
876 5318 1130 5371 directam
1174 5313 1456 5368 Theodoro
1493 5317 1753 5371 monacho
1804 5326 1859 5370 et
1900 5315 2037 5384 apud
2082 5312 2263 5367 Possi-

738 5425 861 5461 ιιτιιιι
900 5407 1023 5470 285,
1061 5406 1370 5483 inscriptam
1403 5397 1700 5459 Theodosio
1733 5406 1994 5459 monacho
2016 5445 2029 5468 ,
2074 5402 2259 5472 agnovi

737 5513 853 5551 cam
882 5509 1128 5555 constare
1169 5506 1331 5551 totam
1363 5512 1425 5551 ex
1466 5502 1615 5566 parte
1650 5497 1834 5563 capitis
1876 5495 1943 5549 42
1979 5494 2260 5549 Tractatus

739 5586 993 5645 illiusmet
1026 5588 1092 5644 de
1118 5588 1410 5643 mouaslica
1447 5584 1845 5652 exercitatione,
1876 5586 1960 5639 ubi
1996 5587 2091 5639 hoc
2128 5585 2251 5639 ciiii-

2358 4424 2721 4479 controversia
2761 4424 2979 4479 maximi
3011 4422 3265 4479 momenti
3298 4424 3631 4494 negotiorum
3662 4437 3892 4487 cursum

2359 4513 2679 4583 praepediat;
2736 4514 2947 4583 ignotus
2993 4530 3109 4568 mos
3152 4513 3450 4583 appellandi
3499 4527 3662 4567 unum
3702 4509 3893 4580 plurali

2360 4618 2588 4659 numero
2623 4620 2637 4656 :
2668 4603 2796 4673 quin
2820 4594 2948 4657 illud
2969 4603 3193 4657 eruditis
3208 4604 3374 4672 quaeri
3406 4586 3790 4664 consueverat,
3831 4615 3892 4653 an

2360 4690 2671 4759 insingulis
2702 4705 2913 4759 quoque.
2942 4692 3118 4745 verbis
3151 4694 3331 4760 posset
3376 4692 3487 4745 ﬁeri
3523 4691 3892 4757 solmcismus,

2360 4789 2418 4835 ut
2449 4780 2493 4836 si
2524 4796 2689 4834 unum
2722 4782 2845 4849 quis
2892 4780 2958 4835 ad
3004 4795 3061 4834 se
3088 4795 3286 4835 vocans
3316 4779 3551 4841 diceret.
3587 4779 3798 4847 Venite,
3844 4791 3896 4834 ut

2362 4856 2614 4925 observat
2644 4869 3021 4937 Quintilianus,
3072 4869 3167 4924 lib.
3214 4885 3252 4925 ιι
3298 4869 3537 4925 Institut.
3574 4876 3782 4926 orator.
3832 4872 3895 4925 At

2361 4975 2504 5015 nunc
2542 4960 2789 5015 adulandi
2829 4961 3151 5016 lenocinium
3189 4977 3254 5017 eo
3300 4975 3470 5032 usque
3499 4963 3794 5031 processit.
3844 4955 3929 5014 nt‘

2359 5067 2539 5115 voces,
2568 5052 2761 5129 quibus
2791 5052 3076 5105 mentimur
3102 5051 3356 5118 dominis,
3397 5054 3522 5108 dum
3552 5052 3895 5121 singularita-

2361 5150 2464 5196 tem
2500 5140 2701 5197 bdnore
2742 5141 3095 5197 multitudinis
3140 5143 3476 5205 decoramus,
3510 5142 3769 5196 omittere.
3786 5142 3897 5209 pis-

2360 5234 2537 5286 culum
2568 5232 2813 5296 ducittur,
2853 5241 2903 5284 et
2931 5233 3136 5286 crimini
3168 5241 3425 5295 vertatur,
3470 5229 3897 5297 daturqueactio

2360 5336 2419 5373 ca
2460 5320 2526 5375 de
2560 5337 2646 5385 re;
2692 5320 2766 5373 uti
2804 5318 3034 5376 Joannes
3091 5321 3503 5377 Sarisberieusis
3552 5320 3899 5387 conqueritur

2361 5410 2413 5463 in
2435 5410 2783 5481 l’elyrratico,
2807 5411 2897 5463 lib.
2927 5428 3006 5475 ιιι,
3037 5426 3153 5480 cap.
3179 5410 3263 5476 10,
3285 5426 3379 5465 seu
3413 5411 3482 5463 De
3507 5410 3653 5477 nugis
3677 5410 3895 5474 cui-iet,

2360 5508 2407 5551 et
2444 5514 2596 5566 pinna
2628 5498 2886 5566 inﬂigitur
2921 5498 3026 5563 bis,
3058 5501 3147 5569 qui
3178 5502 3517 5569 magistratus
3556 5516 3657 5553 non
3702 5515 3897 5569 ptose-

2359 5598 2595 5657 quuntur
2618 5589 2807 5646 debitis
2836 5588 3031 5656 titulis';
3058 5590 3194 5660 quod
3223 5600 3273 5646 et
3295 5589 3659 5647 obscrravitR
3701 5589 3760 5643 Ρ.
3784 5589 3894 5643 (λεδ
