4122 6338
201 340 378 406 1361.

1418 341 1515 401 DE
1543 297 1916 403 erusteus
1946 343 2007 402 s.
2055 339 2238 402 NtLt.

3177 323 3180 327 ’
3274 343 3406 408 1362

199 468 300 507 sar
340 454 601 519 Becitlus,
629 450 858 509 Oratorii
887 452 1105 518 sodalis,
1134 451 1338 508 amicus
1369 467 1540 519 meus,
1565 461 1616 507 et
1639 467 1763 508 eru-
1794 459 1835 514 Α
1865 450 2048 521 lupum
2071 465 2166 520 pro
2197 456 2413 518 pastore
2445 447 2764 518 suscipiens,
2788 455 2840 504 et
2869 449 3138 505 daemonas
3161 449 3407 508 inimicos

197 540 390 606 ditus,
433 545 484 597 in
519 542 673 597 Notis
703 541 770 596 ad
810 541 980 597 Vitam
1011 543 1179 596 sancti
1202 542 1320 596 Caii
1347 558 1520 611 papre.

274 631 477 687 Mirari
517 633 700 697 subit,
752 647 848 686 cur
886 649 949 687 ex
1003 633 1223 701 epistola
1266 631 1331 685 ad
1366 631 1764 696 Telemachum,

197 736 335 789 qua:
377 739 484 777 una
519 731 633 784 est,
685 733 1100 790 numeraturque
1133 721 1234 775 159
1262 721 1402 787 apud
1449 720 1762 785 Possinum,

199 811 454 866 Allatius
483 821 589 866 tres
620 819 840 877 statuat,
881 826 1069 878 nempe
1096 810 1226 874 255,
1259 809 1383 874 256,
1416 810 1538 874 Q57,
1563 810 1656 862 lib.
1686 827 1762 876 tu,

196 912 268 952 ex
309 916 426 955 una
475 900 788 954 Possiniana
835 901 902 953 ad
947 899 1218 953 Julianum
1262 900 1584 954 monachum
1624 899 1762 964 261,

198 989 358 1043 duas
409 991 706 1045 Allatianas
756 990 1115 1058 comperimus
1159 990 1253 1044 lib.
1311 1005 1393 1054 ιιι,
1421 988 1564 1057 -229,
1621 988 1764 1054 250,

198 1088 369 1133 certe
404 1079 498 1134 231
535 1079 712 1133 Allatii
743 1087 824 1153 est
855 1079 1056 1148 integra
1089 1080 1192 1133 262
1220 1079 1466 1142 Possini;
1500 1079 1636 1134 sicut
1660 1079 1764 1133 252

199 1170 384 1222 Allat.
434 1179 516 1223 est
559 1184 712 1237 pura,
754 1178 877 1235 puta
925 1169 1238 1221 Possiniana
1278 1166 1400 1220 265.
1431 1166 1626 1222 Verum
1661 1167 1764 1221 26-1

201 1257 438 1313 Possini
491 1260 542 1313 in
577 1261 711 1312 duas
748 1258 925 1310 Allatii
960 1258 1063 1310 255
1084 1267 1137 1311 et
1162 1258 1265 1310 9.34
1288 1258 1458 1311 divisa
1483 1266 1638 1312 estet
1662 1258 1764 1311 255

200 1349 406 1402 Allatii
441 1351 614 1416 explet
655 1349 753 1401 165
797 1347 1044 1402 Possini?
1097 1346 1203 1399 Cur
1239 1361 1322 1408 ea,
1358 1362 1477 1415 quae
1508 1346 1585 1400 De
1615 1346 1762 1402 Nam

202 1433 525 1485 Ammonita
556 1430 814 1484 Israelitis
841 1433 1182 1485 conuuiuante
1205 1434 1500 1500 seipsorum
1522 1433 1763 1486 dextrum

204 1524 434 1574 oculum
461 1523 787 1589 eﬁ'ossurum,
816 1537 934 1590 cap.
969 1522 1038 1575 15
1063 1521 1343 1576 Tractatus
1369 1521 1436 1577 de
1467 1524 1761 1578 monastica

203 1608 609 1662 exercitatione
651 1609 853 1673 retulit,
886 1610 938 1661 in
982 1609 1136 1676 epist.
1175 1608 1298 1674 198,
1334 1608 1425 1662 lib.
1457 1625 1516 1676 ιι,
1557 1611 1620 1664 ad
1654 1611 1764 1664 Nu-

206 1699 463 1752 menium
483 1697 642 1757 Nilus
667 1698 856 1764 repetit
878 1698 1015 1766 apud
1039 1696 1310 1762 Allatium,
1333 1706 1388 1752 et
1415 1699 1554 1768 apud
1581 1699 1760 1754 Possi-

207 1805 353 1843 num
387 1789 535 1844 304?
565 1788 703 1853 Quin
733 1788 836 1840 alia
865 1788 1017 1855 plura
1055 1803 1118 1841 ex
1144 1787 1419 1856 opusculis
1448 1788 1550 1842 Nili
1586 1798 1762 1845 trans-

208 1877 342 1930 fusa
387 1879 442 1930 in
492 1877 758 1945 Epistolas
797 1877 1158 1942 invenir-mur;
1205 1887 1297 1931 aut
1344 1879 1460 1932 vice
1497 1895 1649 1934 versa
1698 1895 1762 1933 ex

210 1966 483 2032 Epistolis
515 1966 727 2019 redacta
759 1966 806 2017 ir
850 1980 925 2015 τεκτ
975 1968 1099 2029 ista,
1120 1973 1172 2019 et
1191 1967 1502 2021 tractatibus
1525 1969 1765 2023 inserta?

210 2055 425 2108 Harum
455 2055 790 2108 divisionum.
873 2065 878 2072 '
971 2055 1299 2120 ,'.«.titi02tum,
1335 2066 1494 2124 atque
1519 2059 1764 2112 ταυτολο-

210 2145 349 2214 γίας
381 2133 589 2199 causas
609 2145 791 2197 rimari
825 2146 1015 2212 poterit
1042 2138 1227 2215 aequus
1256 2145 1442 2201 lector.

289 2233 452 2302 635
479 2231 691 2286 interim
721 2233 1007 2285 Anastasio
1036 2233 1286 2300 episcopo
1313 2234 1516 2288 directa
1542 2237 1765 2304 epistola

211 2318 286 2374 de
329 2330 515 2373 sancto
563 2317 768 2372 Joanne
817 2319 1232 2388 Chrysostomo,
1282 2321 1423 2374 edita
1470 2321 1656 2377 Latine
1710 2325 1762 2377 in

214 2407 550 2461 Bibliotheca
585 2407 802 2460 Patrum
836 2406 1086 2475 Colonize,
1124 2416 1177 2462 et
1208 2410 1345 2478 apud
1377 2410 1589 2476 Zinum,
1623 2429 1650 2466 a
1679 2428 1764 2467 me

214 2496 324 2548 fuit
347 2495 726 2564 praetermissa,
757 2494 880 2569 quia
912 2503 1085 2548 exstat
1113 2494 1293 2550 Graece
1321 2507 1372 2550 et
1395 2497 1580 2552 Latine
1603 2515 1764 2566 penes

214 2585 498 2648 Allatium,
531 2584 625 2636 lib.
675 2599 769 2644 tu,
803 2584 958 2651 epist.
1005 2584 1126 2649 291,
1174 2594 1225 2638 et
1265 2588 1400 2653 apud
1446 2587 1762 2655 Possinutn,

215 2674 380 2741 epist.
411 2671 535 2735 254,
576 2673 666 2740 qui
708 2676 1073 2742 presbyterum
1115 2684 1317 2726 tantum
1348 2677 1588 2729 nominat
1618 2681 1765 2732 Ana-

216 2763 448 2815 stasium
483 2761 665 2825 illum;
707 2762 986 2829 epistolam
1018 2763 1178 2815 etiam
1214 2779 1317 2817 non
1366 2766 1763 2832 exprimendam

217 2852 362 2921 typis
393 2852 592 2916 curavi,
622 2852 760 2922 Πρὸς
788 2852 1077 2922 νεωτέρους
1103 2853 1382 2923 μοναχούς,
1422 2856 1486 2910 ad
1524 2852 1766 2924 juniorcs

217 2941 542 3004 monachos,
584 2940 695 2993 sive
732 2940 797 2992 ad
835 2940 1102 3008 juniorem
1153 2943 1472 2996 monachum
1499 2982 1512 3006 ,
1548 2946 1614 2999 de
1659 2963 1762 3014 qua

219 3027 472 3116 superius
518 3028 634 3095 egi;
685 3043 776 3081 seu
825 3028 1239 3095 institutionem,
1286 3046 1347 3084 ac
1399 3033 1760 3100 διδασκαλίαν,
1791 3058 1833 3116 C

217 3115 350 3183 quia
381 3115 582 3179 Grazce,
609 3117 746 3169 sicut
771 3125 822 3169 et
852 3116 1036 3170 Latine
1063 3117 1161 3171 fuit
1201 3133 1396 3174 excusa
1433 3135 1593 3188 penes
1622 3123 1765 3177 Alla-

220 3205 381 3267 tium,
412 3205 505 3258 lib.
533 3220 613 3268 ut,
652 3206 876 3272 epistola
919 3208 1056 3273 305;
1099 3215 1155 3261 at
1203 3207 1391 3264 Latine
1428 3209 1665 3267 Colonia:
1711 3213 1795 3267 in'

219 3295 591 3363 suprascripta
635 3293 957 3348 Bibliotheca
985 3294 1208 3350 Patrum
1243 3305 1387 3352 temo
1433 3299 1495 3366 ν,
1522 3311 1659 3368 part.
1705 3319 1763 3369 ιι,

220 3398 347 3452 pag.
394 3383 534 3448 972;
578 3383 706 3449 quin
744 3391 797 3436 et
839 3384 977 3451 apud
1014 3383 1202 3436 Zinum
1234 3385 1465 3441 Veneriis
1512 3389 1666 3450 1574,
1711 3390 1762 3442 in

218 3470 551 3524 Collectione
581 3468 812 3536 Operum
843 3469 968 3530 Nili,
1017 3470 1108 3523 lib.
1161 3485 1232 3532 tv,
1262 3470 1440 3524 Allatii
1485 3474 1545 3526 61
1586 3473 1766 3545 Olym-

220 3561 451 3629 piodoro
495 3559 748 3625 eparcho,
794 3567 845 3611 et
893 3558 960 3610 62
1009 3558 1291 3615 Heliodoro
1319 3562 1629 3619 Silentiario
1680 3567 1762 3620 di-

221 3657 384 3703 rectae
413 3649 465 3701 in
497 3649 728 3702 secunda
772 3648 982 3702 Nicaena
1012 3650 1235 3720 synodo,
1273 3653 1478 3707 actione
1515 3655 1580 3718 4,
1630 3673 1766 3723 quas

224 3739 584 3792 indicaveram
619 3738 837 3806 praefato
861 3739 1072 3802 Allatio,
1105 3755 1223 3792 cum
1276 3741 1404 3792 mihi
1437 3743 1600 3797 libros
1646 3745 1765 3813 Epi-

223 3828 505 3888 stolarum,
528 3842 661 3892 quos
696 3827 841 3893 prelo
868 3827 1225 3889 commiserat,
1259 3835 1599 3895 ostentasset,
1626 3830 1765 3899 jam-

224 3929 331 3981 que
387 3915 451 3965 ad
490 3913 688 3964 calcem
732 3912 1051 3978 perduxerat
1095 3929 1108 3964 :
1156 3913 1296 3966 unde
1340 3923 1608 3982 postremo
1650 3917 1764 3973 loco

225 4005 343 4058 illas
383 4003 577 4072 posuit,
613 4016 707 4055 nec
732 4010 907 4054 tamen
944 4003 1110 4056 ullum
1142 4003 1268 4056 mihi
1306 4007 1560 4072 persolvit
1590 4009 1764 4078 μήνυ-

224 4111 375 4162 τρον.
428 4092 481 4145 In
532 4092 854 4144 Bibliotheca
898 4093 1107 4145 tandem
1146 4090 1362 4146 Patrum
1410 4094 1646 4150 Coloniae
1696 4098 1766 4151 le-

226 4183 367 4250 gitur
408 4181 760 4247 fragmentum
804 4178 931 4241 Nili,
971 4180 1037 4232 de
1085 4180 1244 4233 nimis
1292 4181 1540 4234 diuturna
1581 4184 1765 4251 praefe-

226 4279 394 4322 ctura.
430 4267 503 4319 En
540 4269 667 4320 illud
700 4287 713 4320 :
750 4286 767 4318 t
797 4267 1035 4320 Tradunt
1072 4283 1248 4320 rerum
1300 4271 1622 4323 naturalium
1670 4274 1764 4325 ob-

1869 541 2146 597 adorans‘l
2176 539 2322 595 Vana
2369 539 2540 610 gloria
2581 547 2664 594 est
2709 541 2902 596 mentis
2938 541 3134 596 erroris
3175 542 3402 606 initium,

1867 644 1971 698 qua
2001 644 2153 684 mens
2181 629 2420 692 incitata,
2457 629 2511 683 id
2540 629 2680 698 quod
2709 629 2946 683 divinum
2979 639 3079 695 est,
3115 630 3301 686 formis
3354 642 3408 685 et

1817 728 1822 735 '
1866 719 2053 786 ﬁguris
2078 717 2520 772 circumscribere
2549 725 2792 771 conatur.
2825 718 2901 769 Tu
2937 726 3110 770 autem
3162 735 3226 772 ne
3270 721 3406 774 bane

1865 806 2081 876 quidem
2108 805 2348 860 fraudem
2382 807 2628 875 ignorare
2657 814 2903 875 oportet,
2957 809 3097 875 quod
3137 810 3404 862 tlLClllOHCB

1867 898 2076 966 seipsos
2119 898 2173 950 in
2201 909 2436 965 tempore
2469 896 2811 963 impertiunt,
2854 905 2907 949 et
2956 897 3000 949 si
3048 899 3188 950 visus
3239 897 3402 950 fueris

1866 985 2122 1038 auxilium
2153 995 2350 1053 petere,
2383 995 2509 1039 sunt
2550 985 2801 1051 deinceps
2838 985 2888 1037 in
2932 988 3114 1053 figuris
3149 986 3402 1054 angelicis

1863 1073 2064 1127 innoxii
2109 1076 2309 1142 primos
2346 1075 2690 1142 expellentcs,
2720 1084 2775 1126 ut
2818 1075 2885 1150 ab
2917 1076 3044 1142 ipsis
3083 1078 3359 1144 decipiaris
3386 1118 3400 1141 ,

1863 1173 2120 1232 tanquam
2171 1164 2272 1231 ipsi
2331 1165 2438 1218 sint
2485 1163 2654 1217 sancti
2706 1166 2914 1231 angeli,
2956 1167 3226 1221 dannones
3272 1182 3404 1220 nou-

1865 1267 2137 1321 nunquam
2174 1253 2519 1321 cogitationes
2555 1265 2886 1322 suggerunt,
2937 1264 2991 1307 et
3021 1263 3070 1308 te
3103 1269 3289 1308 rursus
3320 1256 3403 1307 in-

1862 1341 2027 1395 citant
2059 1342 2122 1394 ad
2168 1341 2244 1395 eis
2281 1342 2415 1397 male
2451 1345 2774 1410 precandum
2801 1344 2880 1395 vel
2919 1345 2997 1397 eis
3034 1345 3403 1397 contradicen-

1862 1428 2012 1491 dum,
2043 1437 2097 1482 et
2117 1445 2214 1482 sua
2246 1439 2432 1498 sponte
2461 1430 2673 1494 cedunt,
2725 1440 2781 1483 ut
2805 1429 3005 1484 fallaris
3026 1433 3334 1486 existimans
3355 1440 3404 1485 te

1861 1511 2089 1586 ccepi'sse
2117 1510 2478 1587 cogitationes
2520 1522 2754 1586 vincere,
2785 1537 2845 1575 ac
2891 1531 3087 1576 terrere
3115 1523 3398 1576 daemonas.

1860 1601 1974 1658 Non
1997 1613 2202 1672 oportet
2223 1606 2521 1660 sacerdotes
2536 1607 2714 1674 juste,
2726 1608 2803 1659 vel
2836 1608 3029 1674 injuste
3043 1609 3302 1676 judicare,
3323 1611 3404 1660 'ch

1860 1710 1954 1750 eos
1971 1696 2300 1759 examinare,
2319 1697 2475 1750 sedet
2497 1697 2540 1750 si
2559 1697 2677 1764 quis
2701 1697 2754 1750 in
2780 1698 2857 1751 eis
2883 1678 3156 1762 Iabitur,’a
3183 1697 3288 1749 Deo
3317 1698 3402 1764 jn-

1863 1787 2150 1850 dicabitur,
2173 1797 2224 1840 et
2247 1797 2497 1856 arguetur
2513 1787 2566 1841 in
2587 1790 2706 1853 hoc,
2748 1797 2799 1841 et
2819 1789 2869 1840 in
2891 1787 3070 1841 futuro
3092 1788 3305 1851 saeculo,
3321 1788 3403 1840 Vel
3419 1797 3431 1811 "

1863 1891 1892 1929 a
1925 1877 2113 1943 majori
2145 1877 2434 1930 sacerdote.
2461 1877 2720 1932 Sacerdos
2749 1886 2974 1941 nonest,
3005 1877 3094 1944 qui
3114 1890 3208 1945 pro
3230 1890 3404 1930 sacer-

1863 1966 1998 2027 dotii
2018 1965 2273 2033 dignitate
2296 1980 2399 2018 non
2432 1967 2593 2020 vivit:
2616 1982 2717 2018 non
2743 1976 2949 2034 oportet
2975 1985 2985 2015 ι
3011 1967 3163 2019 ffendi
3192 1975 3420 2034 propter.

1864 2069 2039 2118 sacra,
2065 2070 2186 2123 quae
2221 2055 2557 2109 celebrantur
2586 2056 2653 2107 ab
2686 2055 2929 2124 improbo
2970 2055 3280 2116 sacerdote;
3311 2068 3402 2105 ea-

1863 2144 1983 2198 dem
2022 2151 2197 2197 autem
2232 2152 2312 2198 est
2336 2144 2557 2208 oblatio,
2590 2144 2690 2214 etsi
2731 2144 2923 2197 habeat
2950 2146 3112 2196 vitam
3139 2144 3424 2210 impuram

1863 2233 1909 2287 is
1941 2234 2032 2302 qui
2075 2232 2249 2287 oll‘ert.
2283 2233 2443 2302 636
2477 2232 2740 2286 Audiendi
2783 2240 2906 2285 sunt
2960 2231 3262 2284 sacerdotes
3286 2268 3298 2291 ,
3355 2239 3416 2282 et

1864 2321 2127 2384 doctores,
2158 2321 2283 2374 dum
2323 2322 2535 2388 docent,
2555 2337 2618 2374 ex
2643 2321 2835 2374 divinis
2865 2319 3067 2374 scilicet
3090 2319 3403 2386 Scripturis,

1867 2415 1924 2459 ttt
1960 2407 2064 2461 Deo
2095 2408 2288 2476 placet,
2341 2415 2393 2462 et
2433 2423 2538 2461 non
2586 2408 2878 2461 secundum
2914 2409 3157 2476 proprias
3197 2407 3401 2474 cupidi-

1868 2507 2018 2562 tates,
2054 2499 2129 2551 uti
2155 2498 2413 2565 scriptum
2447 2506 2560 2562 est;
2596 2507 2775 2552 etnon
2800 2497 3046 2565 judicare
3093 2498 3259 2564 ipsos,
3303 2497 3402 2548 etsi

1865 2587 2058 2639 malam
2075 2589 2253 2641 «itam
2289 2588 2558 2640 habeant:
2591 2595 2643 2640 et
2669 2588 2724 2639 in
2761 2587 2864 2639 fide
2896 2587 2942 2639 si
2963 2587 3177 2654 quidem
3213 2585 3403 2637 laban-

1865 2681 1975 2736 tur,
2004 2681 2131 2726 tune
2153 2687 2259 2727 non
2289 2680 2499 2741 oportet
2521 2673 2756 2738 credere,
2776 2671 2870 2726 sed
2891 2687 2983 2725 eos
3007 2672 3165 2724 etiam
3197 2671 3400 2739 fugere,

1868 2776 1931 2815 ac
1957 2761 2224 2831 judicare.
2259 2761 2399 2816 Deus
2425 2762 2638 2832 quidem
2667 2777 2772 2814 non
2812 2774 2998 2815 omnes
3025 2761 3233 2814 ordinat
3256 2802 3271 2821 .
3312 2760 3403 2814 sed

1867 2867 1960 2919 per
1994 2867 2183 2908 omnes
2235 2864 2520 2922 operatur,
2584 2861 2640 2907 ut
2693 2853 2927 2908 salvetur
2974 2853 3221 2921 populus.
3270 2849 3402 2902 Dum

1867 2951 2185 2996 assueseunt
2216 2944 2522 2998 sacerdotes
2554 2954 2918 3006 contemnere,
2970 2943 3136 2994 Deum
3190 2954 3405 3008 quoque

1867 3024 2261 3098 contemniunt,
2297 3042 2350 3086 et
2396 3034 2848 3101 quemadmodum
2898 3034 2952 3086 in
2995 3031 3235 3101 periculo
3282 3044 3402 3082 vcr-

1866 3131 2035 3187 satur,
2067 3122 2153 3176 cui
2198 3123 2490 3177 secundum
2523 3123 2781 3176 mundum
2832 3137 2930 3177 nec
2974 3122 3240 3176 exercitus
3262 3162 3274 3183 ,
3309 3133 3405 3171 nec

1864 3212 2096 3282 dignitas
2127 3212 2272 3281 regia
2303 3215 2593 3267 commissa
2628 3224 2728 3276 est,
2762 3214 2806 3266 si
2840 3229 2902 3268 ea
2938 3223 3059 3283 agat
3086 3228 3205 3281 quae
3229 3211 3292 3263 ad
3318 3224 3402 3263 re-

1863 3301 2005 3367 giam
2054 3301 2364 3368 dignitatem
2415 3303 2717 3370 pertinent;
2770 3303 2843 3354 ita
2881 3313 2930 3355 et
2976 3304 3086 3370 qui,
3117 3316 3235 3370 quae
3281 3311 3403 3352 sunt

1863 3389 2404 3440 munerasacerdotii
2450 3389 2774 3457 aggreditur,
2827 3391 3033 3442 etiamsi
3070 3391 3309 3444 videatur
3340 3389 3402 3440 iis

1864 3476 2020 3545 longe
2055 3478 2402 3545 sapientior.»
2431 3479 2505 3532 Ita
2534 3478 2781 3548 Pelagius
2809 3478 2874 3531 ad
2899 3494 3094 3532 annum
3132 3495 3160 3532 a
3192 3478 3404 3532 Christo

1864 3574 1991 3617 nato
2029 3564 2132 3617 555
2182 3565 2558 3634 interpretatus
2602 3576 2685 3619 est
2715 3565 2956 3620 Grtccum
3003 3576 3276 3619 auctorem
3321 3565 3404 3616 in-

1864 3660 2093 3716 certum,
2130 3654 2532 3720 queminseruit
2565 3653 2892 3722 Rosweydus
2916 3655 3050 3706 libro
3078 3654 3266 3720 quinto
3301 3651 3400 3702 Vit.

1866 3738 2105 3792 Patrum.
2137 3738 2185 3790 Is
2224 3739 2397 3791 libello
2430 3739 2484 3799 2,
2521 3738 2546 3806 §
2589 3739 2670 3800 ll,
2703 3739 2815 3791 ha‘c
2842 3740 2934 3791 ait.
2975 3759 2991 3788 ι
3040 3740 3180 3789 Dixit
3237 3739 3400 3790 abbas

1861 3822 2011 3876 Nilus
2044 3842 2055 3877 :
2097 3823 2511 3893 Imperfurabilis
2542 3833 2713 3877 manet
2755 3842 2787 3877 a
2821 3825 3027 3894 sagittis
3060 3825 3282 3888 inimici,
3313 3829 3401 3892 qui

1863 3923 2007 3966 amat
2038 3917 2256 3983 quietem
2283 3931 2296 3980 ;
2333 3917 2418 3983 qui
2447 3925 2617 3966 autem
2642 3916 2885 3967 miscetur
2917 3916 3260 3980 multitudini,
3291 3931 3402 3993 cre-

1867 4005 1960 4059 bra
1996 4009 2211 4075 suscipit
2243 4008 2475 4062 vulnera.
2516 4027 2533 4060 ι
2572 4007 2700 4073 Quae
2735 4011 2904 4063 sancti
2951 4007 3053 4061 Nili
3107 4009 3401 4077 fragmenta

1865 4097 1984 4150 istis
2005 4107 2201 4164 Sparsa
2234 4099 2284 4150 in
2320 4099 2614 4166 opusculis,
2647 4113 2899 4167 expressa
2931 4108 3103 4151 tamen
3133 4098 3253 4150 aliis
3287 4112 3402 4149 ver—

1866 4189 2038 4254 bis,,et
2063 4189 2141 4241 vel
2164 4188 2388 4242 forsitan
2409 4203 2471 4242 ex
2503 4189 2642 4251 aliis,
2671 4202 2788 4254 quae
2816 4196 2905 4240 aut
2940 4196 3236 4251 temporum
3265 4186 3401 4252 inju-

1865 4275 1944 4327 ria
1977 4275 2381 4338 interciderunt,
2412 4275 2523 4327 sive
2553 4273 2770 4326 latitant
2798 4273 3002 4334 adhuc,
3032 4273 3401 4340 luctanturqut:

224 4367 526 4412 servatores
549 4372 731 4424 gruem
760 4356 972 4424 triginta
994 4357 1107 4409 dies
1127 4357 1302 4408 avium
1330 4373 1516 4425 agmen
1544 4361 1755 4424 ducere,
1789 4361 1834 4417 D
1862 4379 1983 4417 cum
2017 4364 2203 4426 tineis,
2241 4372 2294 4418 et
2320 4364 2527 4423 blattis;
2560 4370 2612 4416 et
2635 4368 2910 4430 emergent
2946 4360 3234 4426 aliquando
3281 4369 3399 4413 tau--

228 4447 417 4499 deinde
459 4444 610 4496 alteri
646 4444 761 4511 grui
808 4459 1000 4496 munus
1042 4444 1178 4496 idem
1213 4444 1419 4497 tradere.
1451 4462 1462 4496 :
1499 4448 1588 4514 qui
1624 4466 1766 4503 nunc

226 4534 367 4602 gregi
400 4544 488 4585 tuo
521 4539 709 4599 praeest
740 4531 1074 4594 ambitiosus,
1096 4533 1493 4602 imperandique
1516 4537 1761 4604 cupidus,

227 4631 284 4673 ut
317 4621 492 4684 audio,
519 4620 726 4687 expleto
750 4620 815 4672 de
851 4634 1000 4673 more
1027 4618 1135 4688 jam
1175 4636 1316 4674 anno
1348 4624 1624 4677 ministerii
1654 4626 1759 4686 Sui,

227 4727 329 4762 non
361 4711 640 4776 permittit,
683 4720 737 4761 ttt
767 4710 904 4762 alius
943 4711 1156 4777 regendi
1203 4726 1418 4775 munus,
1472 4729 1762 4781 curamque

228 4799 502 4862 sust-ipiat.
555 4799 617 4848 Et
658 4798 783 4864 qttid
823 4799 1059 4850 dicemus
1099 4798 1161 4849 ad
1209 4799 1350 4851 hoc?
1403 4818 1419 4848 ι
1484 4800 1668 4856 Exstat
1713 4811 1766 4854 et

229 4887 364 4954 apud
423 4885 648 4948 Zinum,
705 4903 822 4954 pag.
868 4888 995 4950 HO;
1046 4889 1134 4939 sed
1183 4887 1283 4939 hoc
1317 4887 1668 4955 fragmentum
1701 4891 1764 4943 de

230 4966 555 5044 praelectum
575 4976 801 5036 vicibus,
827 4992 918 5029 seu
942 4977 1290 5029 canonarcltaa
1313 4993 1532 5030 munere
1562 4994 1760 5043 annuo,

227 5066 458 5134 epistola
485 5073 565 5117 est
605 5063 811 5116 Possini
848 5066 910 5116 ad
951 5067 1313 5133 Aphthonium
1349 5066 1631 5119 diaconum
1663 5069 1764 5124 555

228 5167 280 5210 et
310 5157 404 5207 241
442 5155 535 5208 lib.
568 5169 625 5206 ttt
657 5153 852 5217 Allatii,
895 5155 985 5221 qui
1035 5171 1153 5208 cum
1206 5156 1567 5225 inscripsisset
1614 5157 1759 5212 illam

230 5235 533 5310 Apltthonio
563 5231 983 5311 καθηγουμένῳ,
1024 5260 1115 5297 seu
1169 5248 1367 5311 abbati,
1421 5248 1557 5301 male
1597 5251 1754 5303 vertit

229 5337 666 5387 catecltumenum
719 5333 904 5410 Latine
936 5333 1120 5386 :sicnt
1167 5318 1447 5404 utrobique
1501 5337 1763 5408 fragmen-

233 5427 338 5472 tum
372 5435 401 5472 e
442 5423 675 5488 quodam
728 5430 953 5474 tractatu
996 5425 1308 5490 paraenetico
1357 5424 1461 5491 (uti
1507 5437 1587 5478 est
1625 5428 1760 5480 veri-

232 5506 438 5582 simile)
498 5508 643 5561 hisce
681 5509 879 5577 verbis
926 5527 994 5561 :t
1047 5507 1293 5576 Nunquid
1353 5514 1577 5582 Angelos
1608 5553 1620 5574 ,
1682 5515 1758 5566 vel

233 5573 543 5662 i‘otestates,
579 5597 655 5649 vel
686 5596 958 5652 Christum
1011 5599 1331 5653 seusibiliter
1369 5601 1412 5653 vi
1440 5603 1547 5656 lere
1589 5614 1751 5668 ιιυιςε,

1865 4467 2026 4520 quam
2055 4468 2083 4507 e
2117 4451 2392 4520 naufragio
2441 4452 2655 4518 reliquae
2687 4449 2878 4502 tabulae
2926 4447 3064 4500 bono
3101 4462 3220 4499 cum
3270 4446 3396 4509 Deo,

1865 4542 1908 4594 si
1943 4541 2064 4608 quis
2093 4542 2320 4593 scrutari
2357 4539 2497 4602 velit,
2553 4553 2613 4591 ac
2645 4536 2998 4604 investigare,
3048 4551 3148 4587 non
3189 4536 3396 4602 ambigo

1864 4628 1993 4696 quin
2063 4630 2387 4697 comperiat,
2439 4638 2532 4680 aut
2599 4627 2782 4680 saltem
2830 4641 3067 4680 sensum.
3131 4624 3184 4674 ltt
3227 4626 3397 4690 capite

1866 4717 2107 4785 profecto
2143 4718 2208 4771 55
2233 4758 2246 4782 ,
2297 4718 2362 4770 ad
2397 4715 2698 4784 Eulogium,
2733 4715 2799 4769 de
2833 4713 3106 4767 fraudibus
3143 4713 3395 4765 insidian-

1865 4807 1992 4860 tium
2036 4808 2256 4861 subdole
2299 4808 2632 4876 maligneque
2689 4809 2984 4858 daemonum
3018 4803 3191 4867 aliqua
3227 4805 3393 4870 persi—

1863 4899 2004 4950 milia
2034 4907 2333 4950 occurrent.
2354 4897 2632 4948 Ualthazar
2650 4892 2932 4945 Corderius
2959 4893 3227 4946 societatis
3246 4892 3389 4954 Jt‘Su,

1862 4997 2104 5041 catenam
2164 4986 2231 5036 65
2297 4985 2514 5034 Patrum
2568 4982 2870 5034 Grzeeorum
2922 4981 2974 5032 in
3053 4984 3390 5048 Evangelium

1862 5071 2030 5127 sancti
2057 5069 2213 5123 Lucae
2240 5077 2566 5131 contextam,
2605 5076 2656 5119 et
2697 5068 2952 5120 latinitate
2982 5069 3230 5120 donatam
3263 5070 3392 5120 emi-

1862 5163 1931 5215 sit
1967 5159 2020 5211 in
2053 5158 2222 5211 lucem
2255 5175 2267 5210 :
2303 5158 2399 5210 Itos
2431 5156 2568 5208 inter
2589 5155 2690 5229 Nili
2723 5167 2848 5209 sunt
2875 5156 3167 5223 fragmenta
3190 5167 3305 5222 cap.
3337 5158 3387 5218 4,

1861 5265 2009 5305 num.
2056 5249 2157 5311 25,
2212 5248 2280 5300 De
2313 5246 2483 5299 Achab
2529 5255 2577 5299 et
2621 5245 2831 5309 Eliswo,
2872 5262 2988 5312 pag.
3023 5244 3144 5305 l52;
3179 5260 3294 5310 cap.
3337 5248 3387 5307 5,

1863 5353 2009 5396 num.
2053 5336 2111 5389 l8
2146 5336 2216 5388 De
2241 5352 2371 5387 vana
2395 5335 2580 5403 gloria,
2612 5347 2656 5388 et
2684 5336 2847 5401 lepra,
2878 5349 2992 5400 pag.
3026 5332 3152 5396 iGO;
3185 5348 3302 5401 cap.
3339 5335 3387 5394 Ἰ,

1860 5425 2144 5487 ιιιιιιιμίΟ,
2193 5424 2265 5476 De
2303 5440 2417 5477 uoce
2465 5425 2517 5478 in
2563 5424 2760 5485 Rama,
2831 5423 2990 5489 deque
3029 5422 3138 5488 ﬁlio
3183 5423 3386 5485 vidum,

1861 5528 1977 5580 pag.
2032 5512 2162 5576 209;
2197 5528 2313 5582 cap.
2360 5515 2418 5575 9,
2466 5525 2613 5564 num.
2650 5509 2746 5573 56,
2793 5508 2866 5562 De
2899 5512 2947 5562 vi
2981 5513 3385 5576 consuetudinis,

1863 5605 2017 5674 itaque
2047 5603 2271 5670 ingressu
2307 5601 2496 5670 templi,
2520 5611 2565 5656 et
2592 5617 2845 5671 regressu,
2869 5616 2983 5672 pag.
3003 5596 3134 5668 236;
3163 5617 3276 5670 cap.
3306 5603 3394 5667 18,-
