4122 6338
678 340 797 401 I363
1553 337 1698 397 JOS.
1736 337 1994 396 MARI/E
2019 333 2378 400 :SUARESII
2416 327 2905 392 DlSSERTATlO

662 453 750 517 18,
785 466 971 504 rursus
1000 450 1070 502 De
1100 467 1231 502 uana
1256 450 1442 518 gloria,
1481 464 1600 520 pag.
1632 450 1769 514 £59;
1802 449 1877 502 De
1905 448 2194 512 Bethania,
2226 453 2269 508 Α
2299 445 2477 519 vitatis
2533 459 2638 499 non
2694 444 2828 498 adeo
2879 451 3153 508 accurata,
3206 452 3257 497 et
3304 446 3463 499 anxia
3490 483 3508 510 ,
3560 447 3846 518 verbisque

665 559 779 610 cap.
830 540 928 602 19,
966 555 1115 593 nam.
1155 538 1255 604 48,
1304 554 1424 608 pag.
1454 538 1588 603 492;
1638 539 1868 606 denique
1907 537 1985 592 De
2021 553 2198 590 resur-

665 634 907 694 rectione,
944 646 1059 700 cap.
1088 631 1176 695 ‘20,
1214 646 1362 684 num.
1398 629 1501 691 29.,
1535 645 1651 699 pag.
1684 628 1805 682 509.
1853 628 2065 682 Nicetas
2092 627 2196 682 lie-

666 720 851 773 racleae
875 719 1238 784 meti-epolites
1259 718 1312 768 in
1334 715 1526 768 Jobum
1556 724 1798 768 catenam
1822 714 2008 776 texuit,
2035 728 2196 782 quam

665 808 856 862 Junius
900 809 1165 862 Patricius
1201 821 1231 861 e
1275 805 1595 859 bibliotheca
1639 803 1920 858 Bodleiana
1969 802 2198 856 Londini

665 900 885 967 protulit
909 901 1045 969 typis
1073 912 1214 951 anno
1249 888 1403 949 1657.
1432 895 1511 949 An
1546 894 1633 947 ille
1667 893 1852 955 David,
1881 892 1971 961 qui
2009 891 2072 944 ad
2103 905 2200 942 an-

664 1004 792 1040 num
829 987 932 1041 858
964 985 1184 1040 lloruiti
1224 983 1644 1052 Manuscriptum
1696 981 1934 1035 codicem
1990 979 2200 1038 Thecla:

665 1078 888 1132 illustris
924 1076 1136 1130 femina:
1169 1074 1430 1145 Egyptian
1470 1082 1523 1130 et
1551 1073 1770 1136 nobilis,
1795 1072 1937 1125 circa
1964 1079 2200 1139 tempora

663 1167 864 1222 Nicmni
893 1167 1124 1231 concilii,
1154 1167 1230 1219 uti
1267 1164 1504 1232 jactahat
1532 1160 2064 1232 pseudo-patriarcha
2094 1159 2200 1230 Cy-

665 1257 820 1309 rillus
849 1253 1455 1321 Constantinopolitante
1483 1251 1742 1304 incubans
1776 1250 1910 1316 sedi,
1952 1248 2199 1310 viventis,

666 1359 846 1400 secum
887 1345 974 1398 ille
999 1345 1320 1398 Alexandria
1352 1344 1658 1405 devexerat,
1691 1350 1744 1397 et
1774 1343 1840 1394 ad
1876 1355 2056 1411 regem
2089 1339 2200 1393 Ma‘

666 1450 783 1503 gnte
816 1433 1102 1487 Britanniae
1129 1434 1366 1486 miserat.
1394 1433 1502 1501 Ego
1536 1446 1806 1485 censerem
1839 1430 1981 1483 illam
2013 1428 2198 1491 fuisse,

667 1525 730 1579 ad
763 1537 923 1592 quam
966 1523 1152 1576 scribit
1190 1531 1407 1576 sanctus
1453 1521 1745 1590 Gregorius
1788 1517 2158 1572 Nazianzenus
2186 1558 2198 1580 ,

665 1613 917 1680 epistolas
949 1611 1071 1676 200,
1111 1611 1207 1664 2m
1247 1621 1298 1665 et
1329 1608 1464 1664 202.
1501 1611 1711 1665 Nicctas
1741 1612 2032 1680 (inquam)
2071 1611 2200 1664 inibi

666 1701 961 1768 desumpsit
981 1715 1011 1753 e
1030 1698 1150 1752 Nilo
1182 1714 1301 1768 pag.
1326 1699 1393 1752 5'5
1419 1708 1471 1752 et
1503 1698 1589 1762 54,
1613 1715 1696 1760 ea,
1725 1713 1843 1766 qua:
1864 1701 1929 1752 de
1955 1697 2198 1764 Joseplto,

2300 536 2575 591 adhaerens
2605 534 2808 598 citatio,
2849 522 3059 588 utlolim
3087 533 3151 587 ad
3197 534 3617 590 illustrissimum
3661 539 3846 610 Augu-

2299 626 2499 680 stinum
2537 620 2846 679 Favoritum
2887 625 3211 679 scribebam:
3250 627 3419 680 virum
3448 629 3844 682 ambidextrum

2301 731 2478 786 prosa,
2501 730 2760 790 versaque
2781 715 3045 769 oratione.
3080 713 3320 784 Suntque
3345 717 3647 787 μνημονικὰ
3671 720 3847 790 ἀμαρ-

2298 808 2530 877 τήματα,
2563 807 2720 875 quasi
2767 806 2936 873 ntevi,
2970 807 3060 874 qui
3092 806 3293 860 lumina
3327 809 3571 862 videntur
3602 809 3849 878 quando-

2298 911 2430 964 que,
2465 906 2622 964 atque
2669 896 2953 958 delectant,
2986 897 3062 950 uti
3094 896 3282 950 Cicero
3315 898 3405 951 lib.
3446 907 3483 962 ι,
3535 899 3608 952 De
3650 911 3847 952 natura

2299 987 2507 1038 deorum
2546 987 2816 1052 observat,
2867 1001 2984 1054 cap.
3016 986 3119 1050 79,
3172 997 3424 1058 tanquam
3466 984 3774 1043 ornamenta
3813 1005 3849 1044 θ

2300 1075 2490 1140 Gellio,
2523 1091 2641 1144 cap.
2670 1078 2720 1140 1,
2749 1076 2844 1130 lib.
2876 1092 2971 1130 xtt.
3082 1063 3102 1077 ’

2372 1162 2440 1218 Se
2469 1165 2689 1231 insuper
2737 1164 3019 1232 scripsisse
3068 1164 3262 1217 librum
3308 1166 3441 1231 napi.
3482 1152 3848 1232 καταῦύξεως,

2303 1253 2352 1306 id
2387 1263 2488 1316 est,
2530 1253 2605 1306 De
2641 1255 3052 1321 compunctione,
3089 1270 3179 1306 seu
3211 1257 3518 1308 contritione
3545 1256 3695 1311 Nilus
3728 1260 3851 1325 ipse

2302 1352 2525 1398 testatur
2553 1343 2607 1396 in
2633 1344 2854 1412 epistola
2883 1345 2965 1409 11,
2994 1344 3087 1398 lib.
3135 1359 3193 1398 ιιι
3236 1345 3419 1409 Allat.,
3466 1345 3530 1399 ad
3561 1345 3852 1416 Polychro-

2302 1433 2450 1488 nium
2481 1434 2789 1496 diaconum,
2833 1421 3183 1503 adeumque,
3226 1436 3354 1503 quin
3391 1437 3455 1489 ad
3497 1452 3586 1490 eos
3629 1451 3854 1505 quoque

2301 1524 2395 1592 qui
2445 1538 2564 1578 cum
2610 1525 2730 1593 ipso
2776 1524 3162 1589 morabantur,
3210 1524 3471 1589 allii-mat,
3524 1526 3852 1594 illorumque

2302 1614 2549 1682 precibus
2582 1629 2700 1668 sese
2726 1602 3107 1669 commendat:
3137 1615 3328 1669 nullibi
3351 1629 3497 1684 ~vero
3532 1615 3691 1684 hujus
3720 1616 3853 1670 libri

2304 1704 2406 1757 alia
2441 1705 2639 1756 mentio
2668 1712 2859 1757 exstat.
2932 1693 2937 1699 ’

665 1792 822 1858 deque
856 1789 1135 1841 nudatione
1167 1789 1221 1840 in
1250 1803 1366 1856 cap.
1397 1788 1466 1840 Δί
1495 1789 1562 1839 ad
1597 1787 1841 1856 Magnam
1866 1787 2080 1841 brevius
2102 1802 2208 1840 ex-
2235 1781 2275 1836 Β
2375 1792 2559 1846 Sancti
2597 1772 2698 1845 Nili
2740 1792 3138 1848 commentaria
3180 1794 3233 1846 in
3278 1791 3563 1850 Canticum
3605 1796 3853 1850 cantico.

669 1867 860 1943 stant,»
881 1878 1019 1931 idem
1049 1892 1078 1930 e
1108 1892 1225 1946 cap.
1253 1878 1344 1936 29.
1382 1877 1544 1932 etiam
1581 1876 1650 1930 De
1681 1877 1972 1929 monastica
2002 1878 2203 1930 exerci-

670 1967 858 2017 tatione
893 1975 1168 2020 mutuatus
1203 1976 1281 2018 est
1312 1979 1372 2018 ea
1407 1980 1525 2033 qua:
1569 1966 1816 2033 leguntur
1850 1979 1973 2035 pag.
2015 1965 2118 2019 588
2152 1973 2205 2018 et

667 2056 788 2117 590,
822 2040 886 2109 de
914 2055 1155 2122 Lucifero
1184 2057 1426 2120 dracone,
1463 2054 1620 2122 deque
1646 2053 1929 2120 aspidibus,
1965 2071 2051 2109 seu
2087 2071 2202 2107 scu-

669 2149 772 2208 tis;
818 2157 871 2200 et
928 2161 957 2198 e
1009 2161 1124 2212 cap.
1186 2145 1272 2212 6‘2,
1319 2159 1438 2212 qua:
1484 2145 1546 2196 de
1585 2145 1729 2196 asino
1781 2144 2001 2196 silvestri
2044 2144 2202 2213 637

595 2244 621 2308 _‘
667 2253 783 2305 pag.
819 2235 950 2299 557;
983 2246 1034 2288 at
1069 2250 1097 2287 e
1135 2249 1251 2301 cap.
1288 2233 1377 2296 49,
1404 2249 1522 2301 quae
1569 2236 1631 2285 de
1663 2234 1829 2300 scirpo
1855 2274 1870 2299 ,
1904 2242 1952 2287 et
1998 2235 2165 2286 carice
2187 2271 2202 2295 ,

667 2341 785 2393 pag.
825 2325 923 2378 ltili
949 2334 1002 2376 et
1028 2325 1159 2388 200;
1197 2324 1338 2377 sicut
1366 2332 1418 2376 ct
1450 2323 1511 2374 de
1545 2323 1736 2375 semine
1767 2321 2080 2392 Babylonico
2115 2337 2206 2375 ex-

567 2417 572 2422 ’
669 2417 1019 2476 terminaudo,
1049 2415 1200 2482 juxta
1249 2429 1297 2466 c.
1329 2431 1357 2466 ι
1382 2453 1395 2478 ,
1436 2429 1486 2464 v.
1521 2412 1585 2465 16
1616 2411 1878 2474 Jercmiaa,
1910 2427 2030 2481 pag.
2054 2413 2156 2466 476
2187 2432 2200 2464 :

666 2505 804 2559 sicut
832 2515 876 2558 et
915 2505 976 2556 de
1014 2504 1243 2573 brachio,
1279 2502 1440 2571 deque
1467 2517 1648 2553 manus
1680 2501 1857 2554 osculo
1884 2517 1914 2554 e
1948 2500 2201 2564 Levitico,

668 2597 758 2649 ubi
789 2596 940 2649 locus
969 2595 1125 2656 paulo
1159 2595 1310 2646 aliter
1355 2591 1567 2662 legitur,
1611 2591 1788 2644 videre
1831 2591 1951 2643 licet
1989 2605 2108 2660 cap.
2143 2591 2205 2643 14

667 2685 742 2736 De
773 2684 1056 2735 monastica
1104 2682 1504 2745 exercitatione,
1559 2691 1611 2734 et
1659 2680 1726 2734 65
1753 2690 1805 2734 et
1834 2681 1920 2743 66,
1964 2698 2082 2749 qu:e
2131 2681 2204 2748 De

667 2776 793 2827 duce
831 2785 875 2826 et
925 2774 1256 2839 imperatore,
1310 2785 1430 2839 pag.
1461 2769 1581 2827 585.
1633 2770 1951 2823 Anastasius
1999 2771 2202 2823 Sinaita

666 2867 952 2932 cpiscopus
1003 2861 1368 2914 Antiochenus
1421 2857 1615 2912 ﬂorens
1670 2873 1812 2911 anno
1868 2859 1998 2925 544,
2050 2859 2203 2928 cujus

667 2967 828 3020 opera
875 2950 1055 3004 Graece
1093 2949 1385 3016 Latineque
1440 2948 1726 3002 Gretserus
1749 2949 1933 3002 edidit.
1972 2949 2025 3002 in
2052 2949 2205 3013 Qua:-

668 3042 939 3103 stionibus,
974 3039 1136 3094 refert
1164 3054 1192 3092 e
1212 3037 1333 3092 Nilo
1363 3039 1626 3092 monacho
1653 3039 1715 3091 ad
1745 3037 2041 3112 'Agathium
2088 3054 2201 3091 mo-

670 3133 919 3194 nachum,
954 3130 1205 3183 editionis
1238 3128 1677 3196 lngolstadiensis
1708 3106 1826 3196 pag;
1859 3127 1948 3190 ‘25,
1986 3106 2058 3181 De
2087 3143 2205 3181 ora-
2234 3106 2276 3164 (ἶ

670 3223 804 3273 tione
839 3222 894 3273 in
947 3222 1085 3272 omni
1135 3220 1246 3272 loco
1295 3219 1589 3286 fundendo,
1642 3221 1812 3287 deque
1844 3218 2116 3284 Cornelio,
2157 3230 2208 3272 et

672 3326 793 3379 pag.
823 3310 890 3363 55
920 3325 983 3363 ex
1021 3310 1258 3378 ejusdem
1295 3309 1507 3378 scriptis
1546 3311 1610 3362 ad
1649 3308 1970 3378 Eucarpium
2016 3324 2206 3362 mona-

669 3404 828 3455 cltum
863 3420 878 3456 :
915 3401 1048 3453 nihil
1101 3410 1275 3453 tamen
1327 3416 1356 3454 a
1396 3400 1517 3454 Nilo
1555 3403 1813 3470 scriptum
1870 3400 2008 3463 fuit,
2065 3401 2204 3468 quod

671 3491 858 3563 sciam,
895 3490 960 3542 ad
978 3491 1340 3561 ‘Eucarpium,
1383 3492 1490 3546 imo
1519 3506 1616 3545 nec
1649 3491 1873 3558 epistola
1901 3492 2113 3559 quidem
2142 3494 2204 3544 ad

668 3595 790 3634 eum
815 3579 922 3632 ulla
947 3579 1068 3632 data
1093 3580 1384 3644 invenitur,
1409 3580 1499 3634 sed
1526 3581 1590 3632 ad
1623 3579 1864 3632 Pionium
1898 3580 2205 3643 illustrium,

672 3672 740 3724 ita
770 3668 938 3724 Graeci
978 3669 1398 3739 pronuntiabant
1442 3669 1725 3731 illustrem,
1757 3668 1993 3737 germani
2025 3669 2205 3733 amici,

668 3773 719 3814 et
744 3762 1036 3815 beatissimi
1075 3761 1322 3830 Eucarpii
1353 3761 1519 3815 filium
1550 3761 1636 3826 51,
1668 3761 1760 3814 lib.
1791 3777 1846 3814 tn
1879 3761 2040 3815 Allat.

736 3851 914 3906 Facile
957 3852 1120 3920 igitur
1172 3853 1451 3905 consentio
1505 3853 1767 3906 Gentiano
1816 3851 2072 3918 llcrveto,
2115 3854 2205 3923 qui

672 3927 905 3994 Maximo
934 3941 984 3993 in
1013 3941 1257 3995 asceticis
1297 3957 1357 3995 ea
1390 3940 1620 3994 “vindicat
1644 3979 1659 4004 ,
1709 3941 1761 3994 in
1802 3942 1996 4009 quibus
2033 3943 2208 4010 agitur

656 4030 738 4086 ’de
764 4032 1052 4085 Salomone
1077 4072 1089 4092 ,
1141 4032 1312 4098 deque
1353 4031 1498 4085 Giezi
1543 4040 1596 4084 et
1636 4028 1770 4083 Juda
1804 4047 1814 4081 :
1850 4030 2208 4096 subjiciuntur

671 4132 848 4174 autem
882 4121 990 4173 bzec
1017 4117 1232 4170 Maximi
1261 4118 1613 4179 asceticorum
1645 4117 1926 4184 excerptis,
1961 4132 2081 4168 cum
2124 4124 2205 4169 ta-

672 4224 790 4261 men
821 4218 974 4262 antea
1021 4207 1170 4261 Nilus
1211 4207 1350 4260 inter
1379 4215 1624 4261 sanetum
1669 4204 1931 4259 Joannem
1975 4205 2205 4276 Chryso-

672 4309 926 4360 stomum,
957 4295 1382 4364 etNicepborum
1418 4286 1770 4365 patriarcbain
1822 4295 2202 4350 Constantino-

2304 1896 2445 1946 rum,
2500 1883 2626 1935 item
2673 1881 2914 1951 Gregorii
2956 1883 3181 1948 Nysseni
3209 1923 3224 1946 ,
3269 1891 3322 1936 rt
3370 1886 3538 1939 sancti
3585 1885 3801 1938 Maximi
3832 1922 3850 1945 ,

2303 1986 2396 2026 seu
2439 1971 2744 2042 Ἑρμηνεία,
2791 1959 2971 2036 idest,
3015 1974 3372 2039 interpretatio
3410 1974 3807 2043 paraphrastica
3834 2014 3851 2038 ,

2303 2077 2422 2115 cum
2461 2061 2616 2115 Pselli
2647 2064 2854 2132 Στίχοις
2900 2063 3189 2125 πολιτικοῖς
3237 2065 3595 2133 ἐξηγητικοῖς.
3619 2065 3853 2117 Exstant

2303 2154 2443 2206 edita
2485 2153 2707 2208 Parisiis
2749 2154 2929 2208 Graece
2983 2170 3048 2208 ac
3073 2156 3279 2221 Latine,
3307 2166 3434 2209 tom.
3466 2155 3506 2208 ll
3550 2156 3709 2225 638
3745 2154 3852 2208 Bi-

2305 2242 2568 2294 bliotheca:
2628 2241 2850 2298 Patrum
2880 2228 3437 2319 "Graeco-Latinorum,
3490 2261 3631 2299 armo
3672 2245 3847 2310 162$,

2303 2343 2452 2385 eruta
2490 2348 2519 2385 e
2559 2332 2839 2397 VatiCana,
2893 2335 3182 2390 Francisco
3216 2333 3349 2389 Zino
3387 2336 3708 2404 interprete;
3747 2338 3850 2390 sed

2306 2422 2592 2476 internosci
2657 2438 2762 2476 non
2817 2433 2990 2492 potest
3045 2418 3172 2492 quid
3225 2425 3485 2494 cujusque
3533 2427 3601 2479 sit
3650 2426 3846 2479 horum

2305 2513 2463 2564 trium
2506 2511 2743 2565 Patrum.
2777 2512 2914 2566 Sunt
2950 2522 3127 2568 autem
3160 2515 3357 2584 politici
3395 2515 3700 2568 Graecorum
3725 2530 3850 2568 ver-

2272 2597 2422 2666 sus,’
2457 2601 2546 2668 qui
2595 2597 2930 2670 syllabarum
2955 2618 3212 2664 numero,
3261 2619 3364 2662 non
3415 2613 3708 2671 temporum
3757 2619 3850 2656 ra-

2305 2692 2446 2743 tione
2470 2701 2734 2755 constant,
2750 2692 2876 2744 nihil
2894 2693 3058 2754 aliud,
3076 2707 3232 2760 quam
3252 2685 3598 2763 rbytltmus,e
3616 2693 3850 2764 Josepho

2307 2781 2574 2846 Scaligero
2600 2781 2649 2831 in
2676 2779 2872 2834 Euseb.
2904 2780 3143 2835 Chronic.
3172 2798 3293 2850 pag.
3331 2785 3382 2836 7.
3410 2782 3642 2837 Joannes
3671 2785 3851 2839 Meur-

2305 2869 2414 2920 sius
2465 2867 2701 2935 Lugduni
2743 2867 3062 2922 Batavorum
3105 2871 3302 2935 publici
3340 2870 3480 2938 juris
3522 2871 3646 2924 fecit
3685 2888 3850 2940 super

2307 2957 2432 3010 illud
2457 2958 2737 3010 Canticum
2769 2955 3199 3011 Commentarios
3228 2957 3460 3024 Eusebii,
3484 2958 3846 3029 Polychronii,

2305 3057 2358 3101 et
2396 3046 2573 3113 Pselli,
2605 3062 2745 3101 anno
2791 3049 2944 3120 1617.
2994 3049 3288 3118 Procopius
3335 3050 3555 3103 Gazzeus
3607 3053 3848 3120 supbista

2307 3135 2666 3199 Christianus,
2721 3151 2879 3204 quem
2929 3137 3106 3205 arguit
3163 3140 3618 3192 eminentissinnts
3687 3151 3851 3208 atque

2305 3225 2649 3279 doctissimus
2680 3227 2964 3280 cardinalis
2991 3227 3353 3290 .Bellarminns
3387 3244 3526 3282 anno
3551 3228 3610 3282 C.
3656 3229 3718 3280 N.
3743 3230 3850 3283 560

2306 3315 2537 3380 vixisse;
2593 3324 2641 3368 at
2704 3316 2984 3383 impezium
3043 3317 3328 3372 Theodosii
3392 3321 3547 3385 primi
3605 3322 3850 3387 attigisse
3909 3305 3919 3310 ’

2310 3405 2558 3474 opinatur
2600 3403 2837 3458 Joannes
2859 3404 3156 3466 Curterius,
3185 3408 3276 3474 qui
3309 3407 3526 3460 Parisiis
3552 3423 3691 3461 anno
3712 3410 3852 3462 1580

2305 3495 2422 3564 ejus
2465 3497 2518 3548 in
2559 3495 2749 3549 Isaiam
2784 3494 3214 3551 Commentarios
3254 3495 3440 3550 Latine
3488 3513 3668 3551 versos
3696 3501 3851 3551 evul-

2307 3584 2451 3652 gavit
2485 3600 2498 3636 :
2533 3582 2851 3650 Procopius,
2893 3584 3130 3653 inquam,
3163 3586 3318 3654 cujus
3358 3585 3411 3638 in
3460 3583 3847 3640 Ot-tateuchum

2306 3673 2686 3728 Commentarii
2743 3672 2930 3726 Latine
2991 3675 3163 3729 lucem
3229 3687 3555 3744 aspexerant
3617 3677 3845 3744 Tiguri,

2305 3764 2548 3819 Conrado
2563 3765 2821 3819 Clauscro
2842 3767 3148 3831 interprete,
3174 3781 3315 3818 anno
3340 3767 3506 3830 1555;
3541 3777 3593 3820 ct
3613 3768 3850 3822 Jo:mm-s

2304 3852 2569 3907 Meursius
2611 3853 2854 3922 Lugduni
2909 3838 3226 3906 Batavorum
3288 3852 3498 3906 Scholia
3537 3854 3850 3907 Graeco-La;

2305 3943 2435 4005 tina,
2478 3957 2619 3993 anno
2644 3941 2810 4004 1620,
2842 3941 3200 4008 promulgavit
3239 3941 3289 3994 in
3323 3941 3486 3995 libros
3518 3941 3741 4011 Regum,
3795 3952 3852 3996 ct

2303 4028 2773 4097 Paralipomenon.
2827 4027 3052 4097 Scripsit
3103 4031 3263 4083 etiam
3306 4032 3393 4083 ille.
3448 4031 3735 4100 Proc0pius
3792 4036 3847 4086 in

2305 4119 2613 4180 Proverbia,
2654 4128 2705 4172 ct
2742 4118 2984 4182 Cantica,
3025 4133 3194 4186 eaque
3241 4120 3437 4187 scripta
3482 4122 3581 4174 sibi
3627 4132 3848 4177 ostensa

2308 4207 2544 4262 Venetiis
2597 4208 2789 4261 asserit
2817 4206 3118 4262 Curterius.
3152 4206 3289 4273 Quin
3319 4206 3553 4263 Joannes
3576 4208 3848 4266 Bessonus

2305 4312 2418 4352 soc.
2456 4295 2579 4349 Jesu
2635 4297 2686 4349 in
2729 4294 3009 4349 Canticutn
3053 4298 3389 4349 canticorum
3421 4300 3719 4366 composuit
3746 4315 3850 4354 no-

671 4389 961 4455 politanum
997 4387 1289 4439 collocetur
1313 4423 1325 4447 ,
1383 4400 1500 4453 pag.
1547 4387 1633 4438 9-3.
1694 4385 1899 4438 Rursus
1950 4401 2013 4438 ex
2065 4387 2198 4439 libro
2238 4412 2278 4465 ι)
2307 4401 2398 4438 vas
2428 4384 2863 4448 Lucubrationes,
2893 4399 3009 4453 qua:
3058 4385 3205 4452 prelo
3235 4385 3498 4441 Tolosano
3525 4404 3665 4441 anno
3703 4390 3849 4444 l6i6

669 4476 774 4526 Nili
807 4477 870 4528 ad
901 4475 1208 4543 Agathium,
1251 4476 1362 4528 sive
1403 4473 1754 4542 Agathonem,
1809 4475 1896 4525 ubi
1946 4473 2205 4529 Hervetus

669 4564 796 4631 legit
826 4562 1154 4626 Antiochum,
1194 4565 1262 4615 De
1292 4565 1458 4628 bonis,
1485 4548 1598 4631 quo:
1619 4564 1811 4615 dantur
1836 4564 2199 4632 indigentibus.

674 4653 867 4706 Verum
895 4668 956 4706 ea
990 4655 1327 4706 inveniuntur
1359 4657 1410 4707 in
1461 4671 1576 4723 cap.
1603 4654 1656 4719 ἓ,
1687 4667 1815 4709 seet.
1863 4656 1921 4718 6,
1972 4658 2034 4710 ad
2066 4659 2206 4726 Agav

669 4743 865 4803 thium,
902 4744 1012 4796 sive
1043 4739 1361 4803 Peristcria,
1399 4758 1517 4810 pag.
1557 4743 1693 4807 129,
1748 4745 1798 4796 in
1835 4745 2063 4798 editione
2102 4747 2204 4801 ista

673 4833 810 4898 typis
846 4829 1152 4883 Barberinis
1180 4844 1377 4882 excusa
1414 4846 1426 4882 :
1457 4845 1668 4883 rursum
1713 4841 1831 4898 post
1875 4830 2202 4887 Diadochum

670 4920 731 4972 de
773 4920 1080 4986 perfectione
1109 4920 1338 4996 spiritali
1367 4934 1528 4988 penes
1568 4919 1911 4974 Anastasium
1958 4924 2202 4977 eumdem

671 5009 927 5062 nonnulla
967 5009 1311 5076 proferuntur
1339 5026 1369 5064 e
1408 5021 1596 5065 sancto
1645 5010 1760 5067 Nilo
1804 5013 1871 5066 ad
1919 5014 2202 5083 Agatbium

672 5103 732 5152 de
765 5101 943 5152 mortis
974 5101 1192 5152 terribili
1231 5103 1493 5170 mysterio,
1528 5104 1616 5155 ubi
1653 5114 1996 5173 comparatur
2028 5106 2202 5158 anima

672 5189 933 5241 excedens
963 5203 992 5241 e
1021 5190 1369 5254 corpore‘illi,
1399 5191 1488 5256 qui
1518 5205 1728 5244 atinaras
1753 5191 1913 5244 ebibit
1939 5194 2200 5259 potiones.

673 5273 868 5328 Verum
901 5277 1097 5343 passim
1126 5277 1333 5330 variant
1367 5279 1641 5341 lectiones.
1694 5288 1746 5332 et
1788 5280 2042 5348 phrases,
2092 5282 2203 5336 sive

671 5366 768 5431 illi,
795 5367 884 5434 qui
910 5367 1303 5427 exscribebant,
1330 5367 1508 5419 minus
1539 5378 1779 5441 poterant
1809 5370 2062 5422 memoria
2082 5387 2203 5423 con-

672 5457 845 5530 sequi,
875 5454 1168 5530 eademque
1193 5457 1421 5511 retinere
1451 5470 1514 5508 ac
1549 5469 1761 5508 servare
1792 5458 1971 5522 verba,
2015 5459 2199 5512 intenti

673 5528 850 5597 sentiri
882 5545 1000 5614 plus
1021 5528 1180 5612 quam
1212 5545 1372 5613 stylo,
1406 5544 1516 5600 sive
1548 5543 1820 5606 codicibus
1847 5546 2084 5601 diversas
2109 5563 2202 5600 vo-

671 5645 761 5687 ces
803 5618 1195 5701 continentibus
1227 5633 1551 5699 utebantur;
1583 5643 1634 5690 et
1662 5634 1818 5692 habet
1857 5636 2057 5707 aliquid
2083 5653 2198 5708 gra—

2307 4472 2651 4537 prodierunt;
2688 4481 2740 4525 et
2766 4474 2816 4524 in
2853 4473 2936 4524 his
2969 4474 3148 4526 laudat
3177 4472 3376 4540 Nilum,
3408 4475 3683 4529 Philonem
3711 4479 3851 4531 Car-

2299 4561 2568 4628 pathium,
2594 4562 3012 4626 Theodoretum,
3040 4573 3093 4615 et
3116 4561 3338 4631 Eclogas
3366 4562 3607 4632 Procopii
3629 4567 3682 4616 in
3703 4564 3852 4620 Cano

2306 4650 2430 4711 lica,
2469 4659 2520 4701 et
2561 4649 2840 4702 Proverbia
2880 4669 2893 4703 :
2930 4651 3097 4703 fertur
3133 4661 3186 4704 et
3216 4652 3269 4704 in
3303 4666 3364 4704 ea
3400 4654 3677 4719 scripsisse
3722 4653 3852 4708 Ori-

2304 4751 2484 4805 genes.
2523 4725 2753 4790 Sanctus
2789 4739 3025 4792 Thomas
3051 4740 3336 4808 Angelicus
3377 4740 3466 4794 ille
3496 4742 3681 4795 doctor
3714 4745 3848 4800 dum

2304 4823 2573 4876 alTectaret
2608 4825 2835 4892 caelum,
2868 4827 2931 4879 ad
2971 4827 3111 4896 quod
3155 4827 3431 4895 migravit,
3467 4827 3685 4885 Cantica
3717 4847 3849 4886 can-

2306 4915 2531 4969 ticorum
2587 4930 2857 4984 exponens
2899 4932 3141 4986 cygnaeas
3179 4915 3366 4970 eﬂ'udit
3413 4934 3591 4984 voces,
3639 4932 3692 4974 et
3735 4938 3850 4976 em-

2303 5020 2476 5075 pyrere
2505 5005 2746 5059 melodiae
2779 5007 3084 5059 tirocinium
3127 5007 3325 5074 posuit,
3380 5008 3847 5078 supernarumque

2302 5078 2613 5145 deliciarum
2645 5092 3023 5161 promulsidem
3053 5093 3226 5147 libans
3256 5095 3448 5149 defecit
3473 5096 3525 5148 in
3559 5097 3731 5157 terris.
3764 5096 3843 5151 Ita

2301 5180 2451 5236 Nilus
2477 5192 2660 5237 noster
2685 5182 2976 5237 meditatus
3011 5183 3064 5238 in
3097 5185 3411 5241 Psalterium
3446 5187 3654 5254 Davidis
3684 5205 3844 5243 enar-

2303 5272 2557 5333 rationes,
2597 5287 2716 5325 cum
2741 5272 2807 5324 ad
2839 5260 3065 5339 patriam
3098 5275 3373 5328 caelestem
3414 5274 3705 5343 anhelaret,
3734 5278 3844 5331 ibi-

2303 5375 2404 5428 que
2426 5363 2535 5428 jam
2571 5363 2753 5415 animo
2781 5365 3205 5428 conve‘rsaretnr,
3240 5365 3331 5416 lilii
3375 5364 3677 5421 Salomonis
3701 5369 3844 5421 Can-

2304 5452 2463 5505 ticum
2489 5454 2871 5521 interpretatus
2906 5455 3036 5507 mihi
3069 5456 3301 5508 videtur.
3345 5454 3574 5511 Sanctus
3603 5458 3843 5515 Thomas

2303 5547 2353 5599 in
2384 5550 2707 5602 monasterio
2735 5547 3105 5625 FossteoNovae
3147 5550 3520 5613 Cis’terciensis
3547 5553 3750 5607 ordinis
3776 5556 3843 5611 ad

2301 5635 2626 5698 Amasenum
2653 5639 2962 5709 Campaniae
2997 5639 3215 5695 ﬂuvium
3246 5644 3435 5697 morbo
3481 5645 3728 5700 detentus
3755 5661 3846 5699 se-

3708 332 3843 399 1364
3866 331 3870 334 ’
