4122 6338
233 319 373 383 1365

1434 316 1530 375 DE
1566 315 1932 375 OPERIBUS
1969 317 2025 375 S.
2068 316 2242 378 NlLl.

3269 321 3396 383 1366

227 431 463 485 euudam
509 427 896 496 expositionem
948 427 999 479 in
1059 426 1308 487 Cantica,
1367 441 1484 493 qua:
1549 422 1768 491 incipit,
1800 426 1846 480 Α
1872 423 2095 490 prolata,
2123 424 2319 478 Nicetae
2349 423 2549 479 scilicet
2575 421 2959 480 lleracleen'sis.
2988 426 3206 483 Michael
3235 428 3402 485 Gisle-

234 518 489 572 Salomon
525 534 558 569 a
596 517 698 571 Deo
731 518 1036 585 inspiratus,
1077 531 1197 570 cum
1234 515 1421 568 fuisset
1464 526 1766 583 aggressus,

235 608 519 662 absolvere
560 622 666 660 non
706 608 900 676 potuit,
946 612 1118 660 morte
1167 604 1309 673 pium
1350 603 1772 671 interrumpente

240 705 491 750 conatum
534 706 850 766 praeventus,
898 695 1296 765 exspiravitque
1334 693 1390 746 in
1429 693 1537 749 illis
1572 693 1768 756 verbis,

238 803 359 855 quae
387 788 632 856 leguntur
661 787 713 840 in
739 788 909 856 capite
941 787 1186 856 septimo,
1217 802 1264 838 ν.
1301 785 1356 838 ii
1392 802 1404 837 :
1445 783 1588 847 Veni,
1619 784 1773 836 eleete

239 879 334 943 mi,
371 878 694 947 egrediantur
736 878 788 928 in
827 892 1048 946 agrum,
1083 876 1188 929 sive
1223 875 1460 939 hortum;
1496 883 1552 928 ut
1591 884 1774 928 auctor

239 975 323 1020 est
379 965 562 1020 Sixtus
624 965 917 1026 Senensis,
974 966 1067 1019 lib.
1123 981 1173 1018 tv
1236 963 1486 1017 Biblioth.
1557 973 1770 1016 sanctor.

242 1054 709 1111 Eminentissimus
747 1055 1034 1110 cardinalis
1080 1053 1398 1108 Franciscus
1452 1052 1775 1106 Barberinus

241 1143 450 1205 abbas,
491 1144 731 1210 tantique
784 1142 958 1196 Patris
1007 1143 1200 1202 cultor,
1255 1157 1374 1195 cum
1426 1141 1625 1210 ubique
1667 1156 1776 1194 su:e

240 1231 453 1299 pietatis
495 1231 721 1298 insignia
758 1239 968 1284 exserat
1000 1231 1342 1293 monimenta,
1383 1230 1507 1284 licet
1553 1245 1613 1283 ea
1665 1245 1779 1297 prc-

241 1328 384 1384 mat,
431 1326 483 1374 et
529 1320 739 1374 occulat
773 1319 963 1382 anxie,
1016 1320 1352 1388 magniticam
1410 1320 1578 1374 erexit
1627 1335 1775 1373 aram

239 1422 366 1461 cum
404 1416 580 1462 statua
622 1423 924 1462 marmorea
965 1402 1174 1477 egregie
1205 1408 1429 1476 sculpta,
1461 1419 1511 1462 et
1537 1409 1780 1462 cubiculo

243 1500 509 1552 adornato
534 1498 735 1551 addidit
767 1497 1193 1566 inscriptionem,
1226 1512 1384 1565 quam
1416 1512 1445 1550 e
1475 1497 1539 1550 Β.
1570 1497 1626 1550 Ρ.
1658 1496 1777 1550 Fri-

236 1589 394 1656 gerio
423 1588 734 1656 presbytero
761 1588 1189 1657 congregationis
1217 1587 1444 1641 Oratorii
1479 1589 1776 1656 promptam

239 1680 426 1730 insero
477 1677 530 1730 in
583 1675 700 1728 Vita
741 1678 913 1729 sancti
955 1676 1198 1738 Thomze,
1254 1677 1345 1729 lib.
1397 1692 1483 1741 ιν,
1537 1692 1658 1744 cap.
1701 1677 1777 1729 ἐς

241 1765 471 1829 Sanctus
535 1765 755 1817 Thomas
811 1774 866 1816 ut
917 1766 1176 1817 cantando
1218 1775 1532 1829 moreretur,
1579 1742 1779 1816 ethun-

243 1777 386 1819 δαηε
413 1783 471 1819 us
535 1777 755 1817 't'homas
811 1777 866 1816 ut
917 1777 1176 1817 cantando
1218 1777 1532 1829 moreretur,
1579 1777 1627 1816 et
1671 1782 1779 1815 ma-

243 1777 429 1912 rienzA
459 1863 713 1917 cantaret,
760 1863 941 1922 rogatu
991 1855 1358 1906 monachorum
1414 1851 1780 1907 Fossa-Nova:

241 1945 467 2000 Cantica
522 1944 840 1996 canticorum
884 1958 1173 2012 exponens,
1221 1943 1407 2010 majori
1457 1944 1648 1995 amoris
1710 1944 1779 2006 vi,

238 2049 398 2100 quam
428 2033 611 2094 morbi,
647 2033 700 2084 in
735 2031 916 2084 coelum
956 2033 1183 2100 rapitur.
1205 2030 1393 2084 Plures
1438 2040 1610 2084 autem
1652 2046 1782 2084 con-

241 2122 460 2189 scriptae
495 2120 711 2174 fuerunt
744 2121 907 2176 variis
934 2123 1000 2176 ab
1033 2121 1285 2174 Ecclesiae
1311 2121 1620 2175 doctoribus
1647 2120 1785 2174 Can-

242 2209 475 2261 ticorum
533 2208 935 2276 explanationes
983 2208 1146 2276 639
1187 2208 1404 2262 Latinae.
1460 2207 1636 2262 Prima
1691 2209 1784 2260 tri-

241 2296 434 2350 buitur
470 2297 808 2361 Cassiodoro,
851 2311 881 2350 a
909 2311 1038 2366 quo,
1067 2305 1118 2350 et
1148 2312 1178 2350 a
1207 2297 1345 2351 Beda
1371 2306 1782 2365 transsumptam

243 2384 340 2438 alii
361 2391 568 2452 putant,
599 2393 653 2438 et
688 2385 961 2439 vindicant
991 2384 1254 2454 Haytnoni
1280 2369 1538 2454 episcopo.
1567 2385 1788 2438 l!alber-

245 2475 497 2536 statcnsi,
551 2474 639 2543 qni
689 2474 899 2526 Alcuini
949 2475 1245 2542 discipulus
1294 2489 1435 2527 anno
1483 2475 1585 2528 850
1633 2475 1786 2527 vixit.

246 2563 364 2626 Ea,
405 2563 886 2631 cujus-mordium
925 2573 1024 2627 est,
1085 2563 1240 2615 Sonet
1298 2577 1392 2615 vox
1434 2572 1545 2627 tua,
1596 2564 1788 2616 dicitur

248 2649 446 2718 Egidii
467 2649 690 2702 Romani
715 2649 780 2701 de
800 2649 1081 2710 Columna,
1105 2649 1338 2702 doctoris
1357 2648 1788 2702 Fundamentalis

249 2737 523 2806 appellati,
553 2752 687 2804 opus
724 2752 862 2802 esse,
897 2737 1139 2805 quamvis
1169 2753 1199 2790 a
1237 2737 1551 2804 quibusdam
1577 2775 1592 2800 ,
1631 2746 1683 2790 et
1724 2738 1788 2790 ab

253 2829 372 2893 ipso
402 2826 552 2880 Sixto
577 2826 800 2881 Senensi
824 2827 1124 2879 ascribatur
1156 2836 1339 2879 sancto
1372 2825 1616 2890 Thomas,
1645 2825 1789 2878 ideo-

250 2933 358 2986 que
396 2917 809 2985 suprascriptam
846 2917 1024 2975 ,aliam
1072 2915 1467 2982 Expositionem
1525 2923 1792 2982 nuncnpet

1875 514 1985 568 rius
2018 514 2243 569 clericus
2269 514 2528 582 regularis
2552 522 2719 568 tomos
2749 527 2854 570 tres
2883 516 2932 568 iu
2963 516 3243 572 Jeremiam
3273 535 3404 573 con-
3471 497 3475 500 ’

1873 602 2054 671 gessit,
2085 619 2312 675 excusas
2335 619 2548 673 quoque
2574 604 2814 673 Lugduni
2845 605 2997 659 1625.
3022 609 3081 659 ln
3102 609 3184 660 his
3206 607 3402 668 Catena

1873 692 2178 747 Graecorum
2210 692 2427 747 Patrum
2463 693 2816 748 ex’Vaticana
2862 694 3188 750 Bibliotheca
3228 684 3422 760 eruta,

1872 790 1924 838 et
1958 785 2025 836 ab
2084 783 2277 837 Allatio
2353 792 2511 852 atquc
2562 783 2884 854 Caryaphilo
2935 783 3120 838 Latine
3165 784 3401 844 reddita,

1874 889 2034 942 quam
2067 884 2221 926 antea
2253 875 2507 927 emiserat
2553 875 2606 926 in
2654 875 2824 928 lucem
2859 875 3194 943 A.’_Agellius
3225 874 3404 928 Ronne

1873 965 2295 1030 Grceco-Latiue,
2346 967 2444 1020 fuit
2492 967 2690 1019 intexta
2740 967 2825 1020 illa
2874 982 2994 1020 cum
3047 968 3163 1021 aliis
3199 967 3405 1020 duabus

1875 1056 2110 1110 Catenis.
2142 1056 2422 1110 Balthazar
2450 1058 2737 1111 Corderius
2781 1057 3164 1125 expositionem
3197 1056 3408 1122 viginti-

1877 1157 2106 1212 quatuor
2145 1146 2360 1200 Patrum
2397 1147 2702 1213 Graecorum
2735 1146 2788 1199 in
2829 1146 3067 1198 Psalmos
3117 1144 3407 1214 publicavit

1875 1234 2179 1302 Antuerpiae
2210 1249 2350 1289 anno
2396 1236 2558 1297 1645,
2617 1235 2776 1288 tomis
2820 1234 2988 1286 tribus
3019 1233 3263 1302 digerens
3290 1247 3403 1286 eam

1878 1327 1930 1378 in
1979 1326 2235 1379 Catenam
2272 1324 2675 1394 paraphrasim,
2721 1335 2772 1378 et
2814 1323 3297 1388 Commentarium;
3341 1323 3408 1376 ab

1876 1415 2064 1470 eodem
2098 1415 2364 1485 Symbola:
2392 1416 2617 1477 collata},
2668 1415 2824 1469 tomis
2889 1415 3118 1469 duobus”
3143 1413 3404 1475 visuntur,

1879 1518 1908 1557 e
1959 1503 2152 1571 quibus
2203 1504 2408 1572 primus
2458 1505 2510 1556 in
2555 1503 2859 1557 Matthaeum
2900 1502 3153 1558 Catenam
3192 1517 3407 1557 auream

1881 1595 2096 1649 exhibet
2127 1594 2432 1648 Graecorum
2471 1595 2687 1648 Patrum
2715 1594 2883 1646 unius
2923 1601 2976 1646 et
3017 1592 3231 1661 viginti,
3276 1606 3412 1660 quos

1885 1681 1948 1736 R.
1978 1682 2034 1736 P.
2080 1681 2341 1736 Possinus
2364 1681 2517 1734 Latio
2539 1681 2776 1744 donavit,
2810 1679 3118 1747 Tolosaque
3142 1678 3411 1735 commisit

1883 1771 2029 1839 prelo
2059 1771 2111 1823 iu
2139 1770 2399 1823 ambabus
2431 1768 2626 1837 linguis
2665 1782 2804 1821 anno
2850 1765 3005 1821 1640.
3044 1766 3186 1820 Alter
3214 1771 3415 1829 tomus,

1881 1862 1933 1914 in
1963 1876 2069 1929 quo
2110 1861 2310 1913 Catena
2339 1860 2553 1928 triginta
2598 1857 2834 1921 Patrum,
2870 1872 3008 1926 quos
3051 1858 3186 1909 inter
3220 1865 3299 1910 est
3323 1854 3414 1907 Ni-

1880 1941 1982 2012 lus,
2022 1950 2176 2016 cujus
2203 1950 2391 2017 χρῆσις
2415 1989 2428 2011 ,
2463 1948 2573 2001 sive
2610 1947 2898 1999 auctoritas
2935 1946 3160 2000 refertur
3202 1961 3318 2014 cap.
3359 1946 3412 2007 9,

1880 2053 2000 2107 pag.
2030 2037 2162 2102 5i9;
2219 2036 2294 2088 De
2347 2024 2595 2104 potestate
2645 2035 2992 2102 apostolorum
3043 2035 3418 2088 nrazbulantium

1882 2142 2033 2194 super
2049 2136 2298 2193 serpentes
2327 2135 2373 2176 et
2407 2126 2697 2191 scorpiones
2731 2140 2747 2176 :
2783 2125 3118 2192 interpretem
3142 2133 3289 2177 nacta
3331 2124 3417 2176 illa

1885 2226 1967 2270 est
1989 2216 2161 2282 ipsum
2194 2213 2354 2297 $40
2375 2211 2708 2275 Corderium,
2731 2211 2820 2279 qui
2863 2209 3056 2265 fatetur
3083 2211 3416 2265 collectorem

1886 2304 2051 2357 fuisse
2107 2301 2346 2355 Nicetam
2389 2301 2701 2368 episcopum
2753 2299 3076 2354 Scrrarum:
3118 2300 3417 2355 testimonia
3477 2301 3486 2304 ’

1887 2393 2105 2445 Patrum
2130 2406 2236 2446 non
2263 2390 2493 2443 citantur
2511 2389 2576 2442 ad
2601 2389 2842 2452 verbum,
2866 2388 2958 2443 sed
2986 2387 3235 2442 collector
3257 2387 3422 2443 utitur

1887 2479 2234 2548 paraphrase,
2267 2489 2326 2532 ut
2358 2478 2609 2532 observat
2648 2492 2744 2545 pro
2775 2492 2868 2531 sua
2911 2476 3126 2532 solertia
3155 2475 3212 2530 P.
3242 2474 3423 2531 Possi-

1889 2583 2010 2620 nus.
2063 2567 2315 2619 Catenam
2378 2575 2636 2627 attamen,
2692 2566 2768 2617 uti
2826 2574 3068 2633 torquem
3129 2565 3420 2634 pretiosum
3492 2611 3500 2615 -

1888 2656 2094 2708 aestimo
2148 2668 2339 2707 aurum
2381 2661 2586 2717 contra,
2617 2667 2647 2705 e
2695 2652 2882 2722 viginti
2928 2665 3119 2705 novem
3175 2650 3449 2726 Patribus_'

1891 2744 2196 2808 conﬂatam,
2235 2759 2297 2797 ac
2334 2742 2672 2812 potissimum
2705 2757 2735 2796 e
2782 2749 2966 2799 sancto
3012 2739 3218 2794 Joanne
3263 2741 3428 2810 Chry-

1892 2844 2150 2896 sOstomo,
2195 2835 2246 2885 in
2299 2833 2482 2886 codice
2544 2832 2633 2900 qui
2686 2833 2892 2885 calam-0
2947 2842 3196 2885 exaratus
3242 2841 3319 2885 est
3374 2833 3426 2884 in

1893 2924 2223 2984 membrana,
2257 2930 2640 2988 promptusque
2673 2921 2770 2977 fuit
2807 2937 2836 2974 e
2867 2920 3193 2974 Bibliotheca
3233 2921 3428 2973 Barbe-

253 3009 566 3062 secundam.
595 3006 802 3075 Mystici
849 3014 900 3059 et
932 3005 1204 3074 anagogici
1236 3005 1420 3057 Patres
1447 3005 1789 3072 quamplurcs
1818 3033 1858 3088 ο
1894 3012 2029 3072 vina,
2054 3010 2234 3064 Graece
2251 3009 2433 3062 nitidis
2463 3009 2593 3061 satis
2610 3004 3029 3088 characteribus,
3051 3023 3080 3062 a
3101 3009 3429 3062 revereudis-

254 3094 310 3148 in
354 3096 490 3149 hanc
528 3109 742 3147 arenam
783 3092 1185 3155 descendentes,
1221 3092 1273 3143 in
1308 3092 1407 3143 ista
1445 3088 1664 3144 Cantica
1697 3089 1790 3141 de-

253 3182 536 3244 sudarunt,
574 3181 838 3250 praecipue
867 3186 1088 3233 sanctus
1123 3177 1426 3232 Bernardus
1467 3174 1752 3229 melliﬂuus
1776 3214 1791 3240 ,

253 3271 350 3339 qui
395 3270 681 3340 Sermones
729 3270 781 3321 in
829 3283 891 3322 ea
945 3268 1181 3330 dictavit,
1228 3276 1280 3321 et
1318 3268 1523 3321 habuit.
1568 3266 1793 3321 Sanctus

255 3358 546 3427 Gregorius
573 3358 638 3412 Μ.
669 3358 720 3410 in
752 3357 968 3411 Cantica
997 3357 1244 3422 scripsit:
1280 3357 1535 3422 Aponius,
1569 3355 1794 3420 Angelo-

258 3447 740 3510 mus,Ambrosius,
778 3445 1095 3508 Ausbertus,
1146 3442 1412 3496 llonorius
1450 3443 1792 3509 Augustodu-

263 3539 466 3595 nensis.
506 3537 791 3589 Anselmus
822 3533 1212 3597 Lamluueusis,
1250 3533 1517 3598 lluperlus
1550 3533 1794 3586 Tuitien-

259 3625 356 3688 sis,
389 3635 440 3677 et
472 3624 735 3678 Robertus
766 3621 975 3682 Holltot,
1004 3632 1162 3691 atque
1197 3623 1285 3675 alii
1319 3637 1453 3690 quos
1481 3636 1797 3676 enumerare

260 3714 476 3784 longum
508 3723 668 3775 esset,
698 3714 1023 3766 recentiores
1064 3713 1377 3777 interpretes
1405 3724 1681 3762 sacrorum
1711 3708 1796 3761 Bi-

261 3803 512 3865 bliorum,
549 3801 832 3870 plerasque
884 3800 935 3851 in
965 3813 1026 3850 ea
1075 3806 1462 3872 contcxuerunt
1504 3795 1697 3857 Notas,
1746 3805 1798 3848 et

261 3891 728 3958 Commentarips,
794 3887 871 3940 uti
933 3884 1146 3955 profani
1183 3891 1429 3939 auctores
1483 3886 1533 3938 in
1579 3897 1794 3954 poetas.

259 3978 632 4049 philosophos,
662 3984 926 4039 oratores,
961 3975 1213 4040 medicos,
1244 3975 1596 4044 legisperitos,
1625 3975 1794 4029 Scho-

265 4073 370 4135 lia,
423 4069 913 4125 Commentationes
961 4067 1221 4137 ingentes,
1274 4065 1509 4128 Glossas,
1554 4066 1798 4132 Explica-

267 4164 439 4216 tioncs
469 4161 673 4228 amplas
723 4171 776 4213 et
813 4158 978 4212 fusas.
1015 4158 1115 4222 Qui
1148 4164 1552 4216 successerunt,
1594 4171 1653 4208 ex
1697 4156 1800 4208 illis

264 4246 647 4318 excerpserunt
680 4247 920 4308 Notulas,
974 4261 1109 4315 quas
1153 4245 1382 4297 Catenas
1422 4245 1802 4310 nuncupabant

265 4339 457 4398 Graeci.
490 4347 542 4390 at
567 4336 742 4388 Latini
785 4335 1051 4398 Postillas,
1094 4343 1145 4385 et
1193 4331 1410 4385 Glossas
1449 4332 1502 4386 in
1543 4332 1736 4395 Biblia,
1772 4347 1802 4385 e
1836 4336 1875 4388 D

266 4429 463 4498 quibus
493 4426 714 4488 Str-abas
741 4424 1039 4486 Fuldensis,
1069 4423 1160 4489 qui
1191 4435 1332 4498 anno
1351 4419 1453 4474 810
1474 4422 1804 4474 continuavit

267 4516 642 4580 Ordinariam;
699 4513 984 4566 Ansclmus
1029 4511 1395 4564 Laudunensis
1446 4526 1585 4563 anno
1653 4512 1799 4572 1οῑ7⁹

268 4605 698 4666 interlinearem;
737 4611 846 4655 tum
881 4600 1130 4654 Nicolaus
1165 4597 1425 4668 Lyranus,
1455 4608 1506 4650 et
1537 4598 1644 4650 alii.
1667 4598 1803 4650 San-

268 4705 388 4750 ctus
417 4695 574 4748 etiam
603 4694 838 4747 Thomas
870 4692 1102 4744 Auream
1133 4683 1384 4744 Catenam
1426 4689 1708 4741 eonnexuit
1753 4689 1801 4738 in

270 4785 556 4850 Evangelia
601 4793 860 4852 quatuor;
906 4783 1131 4834 Auream
1181 4795 1338 4841 vere,
1371 4795 1489 4846 quin
1530 4780 1625 4830 fuit
1666 4793 1806 4830 anno

273 4871 409 4927 i657
438 4887 634 4927 excusa
667 4891 679 4926 :
720 4871 1101 4930 (Ecumenius,
1139 4879 1192 4922 et
1222 4868 1634 4936 Olympiodorus
1661 4907 1673 4930 ,
1715 4867 1802 4931 qui

269 4970 396 5031 post
429 4959 767 5012 millesimum
810 4974 1009 5013 annum
1045 4958 1243 5011 vixisse
1279 4971 1308 5008 a
1348 4954 1664 5021 quibusdam
1695 4953 1805 5004 esi-

271 5049 581 5111 stimantur,
622 5047 689 5100 ab
721 5047 840 5100 aliis
867 5047 932 5097 ad
967 5047 1068 5100 900
1097 5055 1148 5100 et
1179 5045 1280 5098 800
1313 5044 1674 5101 retrahuntur,
1703 5040 1804 5094 Ca-

273 5150 520 5196 tenarum
566 5149 810 5191 auctores
845 5136 1211 5204 perhibentur.
1261 5136 1512 5187 Catenam
1558 5133 1608 5183 in
1653 5129 1750 5183 Joh
1781 5148 1810 5184 e

273 5230 460 5298 viginti
483 5238 710 5301 quatuor
733 5225 930 5281 Grzecis
957 5225 1269 5279 doctoribus
1297 5223 1490 5276 Paulus
1517 5221 1810 5274 Comitolus

275 5334 390 5375 SOC.
427 5320 551 5373 1880
597 5335 626 5372 Β
665 5316 849 5371 GI'EPCO
888 5330 1198 5368 conversam
1237 5315 1287 5366 ill
1321 5313 1564 5365 Latinum
1610 5327 1813 5365 SCl'lllO‘

277 5422 398 5460 nem
429 5385 671 5474 Lugduni
705 5401 1060 5470 promulgavit
1092 5417 1232 5454 anno
1275 5401 1436 5462 1586;
1477 5408 1527 5450 at
1557 5412 1650 5450 eus
1680 5403 1812 5451 inter

276 5497 525 5550 doctores
548 5489 724 5546 Nilum
751 5493 1009 5551 nottiiuat,
1031 5500 1083 5542 et
1109 5492 1217 5543 h-nc
1246 5499 1341 5551 est,
1363 5504 1520 5556 quam
1555 5488 1813 5540 Ptlll'it‘illS

277 5585 469 5641 Junius
493 5583 713 5636 Lnntlitli
746 5591 968 5648 utraque
995 5581 1165 5647 lingua
1195 5578 1374 5637 rtliilil,
1408 5594 1432 5626 a
1461 5594 1538 5628 nu:
1572 5593 1668 5638 sup
1690 5576 1811 5626 aius

1894 3104 2029 3158 simo
2062 3102 2254 3155 abbate
2299 3099 2492 3154 Carolo
2534 3098 2783 3163 Morouo,
2825 3085 2915 3166 qui
2960 3098 3243 3152 litterarias
3289 3113 3430 3151 nicas

1895 3193 2104 3260 vigilias
2135 3205 2236 3258 ope
2282 3194 2389 3244 sua'
2412 3199 2631 3243 strenua
2660 3188 2917 3242 benevole
2957 3186 3206 3250 sulfulsit,
3242 3186 3430 3254 cuique

1881 3283 2085 3357 debere
2129 3278 2350 3331 multum
2401 3291 2486 3329 me
2539 3277 2767 3343 ingenue
2815 3275 3106 3342 proﬁteor,
3146 3274 3430 3327 -exltibitus

1897 3368 2298 3439 perhumaniter
2337 3366 2423 3420 ille
2455 3365 2584 3417 mihi
2614 3359 2736 3430 fuit,
2766 3363 3214 3433 quemadmodum
3249 3372 3299 3415 et
3329 3364 3428 3413 alia

1896 3460 2123 3529 plurima
2150 3458 2279 3511 mihi
2307 3457 2374 3510 ab
2395 3456 2510 3526 ipso
2531 3454 2818 3510 liberaliter
2838 3468 3069 3522 agnosco
3101 3453 3264 3506 fuisse
3291 3469 3432 3505 com-

1896 3544 2186 3606 m‘unicata.
2237 3548 2470 3601 Titulum
2503 3545 2669 3600 codex
2711 3546 2853 3599 hunc
2898 3543 3113 3613 praefert
3165 3545 3216 3596 in
3263 3543 3433 3595 h-imte

1899 3643 2147 3696 inferiore
2198 3658 2210 3692 :
2269 3640 2582 3706 Ἐρμηνεῖαι
2636 3637 2747 3688 τῶν.
2804 3637 3050 3704 πράξεων
3109 3636 3212 3688 τῶν
3268 3635 3432 3695 ἁγίων

1908 3730 2257 3791 Ἀποστόλων,
2292 3727 2516 3780 καὶτῶν
2551 3724 2861 3777 Καθολικῶν
2898 3723 3217 3776 Ἐπιστολῶν
3249 3723 3432 3775 Ίακώα

1897 3821 1989 3873 6ου
2016 3819 2084 3885 α’,
2110 3820 2310 3889 Πέτρου
2322 3817 2368 3870 α’
2384 3817 2476 3870 καὶ
2491 3816 2552 3885 β’,
2569 3815 2813 3868 Ἰωάννου
2832 3821 2899 3877 α’,
2927 3813 2969 3881 β’
2980 3813 3070 3866 καὶ
3092 3819 3157 3880 γ’,
3176 3812 3359 3875 Ἰούδα,
3383 3812 3433 3863 ἰιΙ
3453 3857 3455 3859 .

1898 3908 2482 3973 est,'lnterpretationes
2506 3906 2728 3957 Actuum
2749 3913 3045 3957 sanctorum
3067 3901 3433 3970 apostolorum,

1898 4015 1944 4060 et
1970 4004 2350 4059 Catholicarum
2391 4000 2739 4068 Epistolarum
2775 3996 2959 4050 Jacobi
2986 3995 3026 4061 Ι,
3054 3994 3193 4048 Petri
3227 3996 3244 4046 l
3278 4003 3330 4047 et
3359 3993 3434 4057 ll,

1899 4098 2117 4150 Joannis
2157 4096 2203 4159 Ι,
2245 4091 2286 4146 ll
2319 4103 2372 4147 et
2408 4091 2493 4156 lll,
2527 4089 2699 4143 Judw.
2734 4089 2873 4142 lnibi’
2911 4086 3213 4140 referuntur
3250 4092 3436 4136 auctor

1901 4189 2085 4239 ritates
2124 4185 2292 4237 sancti
2331 4181 2565 4241 Maximi,
2597 4179 2686 4247 qui
2730 4192 2868 4229 anno
2909 4176 3010 4227 650
3055 4173 3265 4236 ﬂoruit,
3317 4173 3434 4225 lau-

1903 4274 2202 4340 danturque
2230 4272 2372 4324 illius
2405 4270 2725 4339 Ἐρωςήσεις
2769 4263 3434 4332 καὶάποκρίσεις,ἠθοηοιι

1904 4363 2129 4417 Joannis
2164 4361 2496 4420 Damasccui,
2516 4358 2606 4426 qui
2635 4370 2776 4410 anno
2802 4355 2896 4408 75l
2931 4352 3124 4412 ﬂoruit,
3146 4351 3280 4404 liber
3303 4351 3435 4419 Περὶ

1903 4456 1998 4531 τῇς
2044 4453 2296 4512 ἐνδόσεως
2342 4453 2439 4519 τῆς
2478 4448 2713 4506 Haloti;
2760 4443 2849 4496 καὶ
2885 4440 3090 4508 Καινῆς
3132 4439 3435 4509 Διαθήκηςς

1905 4530 2084 4606 idest,
2130 4543 2198 4592 De
2246 4541 2521 4591 traditione
2578 4534 2780 4601 Veteris"
2811 4542 2860 4585 et
2908 4530 3043 4584 Novi
3091 4530 3436 4594 Testamenti;

1905 4635 2130 4698 ideoque
2160 4646 2266 4680 non
2300 4629 2483 4690 mirOr,
2519 4627 2562 4679 si
2595 4625 2788 4693 saepius
2817 4641 2845 4674 υ
2881 4637 2975 4688 pro
3012 4621 3041 4688 β
3072 4625 3354 4686 usurpetur
3385 4618 3434 4667 in

1907 4721 2195 4787 scriptura,
2245 4715 2634 4770 neotericorum
2671 4714 2974 4764 Graecorum
3008 4722 3103 4772 pro
3138 4720 3303 4775 more.
3332 4704 3434 4756 Sed

1905 4813 1992 4878 qui
2046 4812 2241 4862 iactant
2292 4819 2404 4867 est,
2466 4817 2520 4858 ut
2571 4806 2695 4863 dum
2746 4804 2970 4854 Iudicem
3017 4812 3235 4864 operum
3267 4793 3435 4848 sancti

1907 4902 2006 4954 Nili
2047 4887 2306 4952 coniicere
2340 4907 2502 4950 lento,
2536 4895 2760 4943 aliorum
2797 4900 2954 4954 Opera
2999 4882 3437 4939 commentarios-

1907 5010 2008 5061 quc
2056 5001 2160 5042 tam
2212 4987 2413 5053 prolixe
2470 4977 2850 5049 percenseam?
2891 4984 2944 5027 et
2986 4989 3120 5041 pene
3174 4968 3389 5024 Gesneri
3421 5005 3434 5023 ,

1911 5060 2150 5137 Simleri,
2191 5060 2438 5133 llrautlii,’
2463 5085 2553 5122 seu
2592 5068 2765 5134 potius
2791 5062 3086 5124 Posscviui,
3108 5061 3439 5122 aliorumque

1911 5145 2402 5232 bibliograpliovum
2453 5156 2671 5208 evadant
2707 5151 2951 5203 aemulus.
3008 5141 3437 5195 Excusabitver-

1911 5261 2100 5312 bosum
2138 5269 2315 5308 senem
2374 5248 2633 5302 camlidus
2683 5245 2877 5298 lector,
2919 5251 3076 5303 quem
3117 5233 3436 5284 Catenarum

1913 5361 2080 5415 nexus
2136 5355 2426 5424 illigabant,
2471 5359 2766 5424 [quemque
2824 5339 3052 5393 detinuit
3091 5331 3276 5404 τᾼσμα
3336 5331 3442 5382 τῶν

1914 5467 2185 5535 ᾀσμάτων,
2213 5461 2490 5515 Canticum
2529 5465 2712 5518 nempe
2752 5449 3079 5502 Canticorum
3107 5457 3118 5504 ;
3151 5439 3332 5505 ilagrat
3363 5446 3441 5489 et-

1916 5575 2052 5625 enim
2133 5587 2192 5619 ac.
2242 5559 2529 5626 languescit
2573 5555 2668 5606 iste
2717 5547 2977 5603 desiderio
3030 5542 3152 5617 illud
3201 5554 3318 5592 (tum
3368 5547 3442 5588 tet
