4122 6338
708 166 840 222 i367

1421 158 1562 224 ως.
1605 162 1862 224 manu
1901 165 2252 229 suumsu
2292 171 2519 233 LIBER
2554 176 3178 254 GHRONoLOGICUS

3649 182 3888 250 ’1368

707 269 1198 364 sanctis‘i’atribus,
1243 270 1454 364 tandem
1494 272 1802 364 aliquando,
1836 286 2124 331 miserante
2178 286 2229 333 et
2259 288 2298 356 Α
2395 282 2610 342 Primus
2653 288 3086 358 ehronologicus,
3139 292 3194 346 in
3244 306 3353 362 quo
3401 293 3572 364 patria
3600 333 3616 359 ,
3666 306 3720 351 et
3781 311 3885 352 res

704 361 861 414 dante
897 359 1111 415 Christo
1147 358 1407 428 Domino,
1461 362 1547 418 cui
1592 363 1685 417 uni
1745 363 1852 418 Deo
1901 373 2023 420 cum
2065 364 2222 422 Patre

705 464 769 506 ac
799 448 994 518 Spiritu
1033 459 1221 505 sancto
1259 452 1328 505 sit
1356 451 1525 505 honor
1546 461 1600 506 et
1623 453 1790 522 gloria
1833 468 2067 523 semper,
2096 471 2227 510 con—

703 537 936 591 einendi.

2328 381 2520 441 gestae,
2569 388 2633 427 ac
2667 373 2846 430 obitus
2884 378 3052 430 sancti
3093 376 3221 433 Nili.

2399 461 2699 529 Secundus,
2730 465 3142 536 lexieographus
3175 484 3367 522 vocum
3397 470 3686 523 variarum.

2399 549 2612 607 Tertius
2650 554 2975 622 exegelicus,
3021 564 3074 608 et
3104 555 3323 609 criticus
3359 557 3411 609 in
3459 558 3706 625 pleraque
3739 557 3873 611 loca

769 626 1177 690 Subsequuntur
1207 626 1328 680 libri
1366 635 1473 683 tres
1514 628 1926 687 Adnotationum
1973 632 2028 686 in
2058 632 2228 704 Opera
2330 639 2640 707 insigniora,
2673 651 2726 694 et
2752 641 3019 694 variarum
3052 641 3341 696 lectionum
3370 642 3466 712 (1).

705 718 870 772 sancti
903 716 1002 769 Nili
1043 715 1268 770 abbatis.

637 922 639 924 -
774 887 847 954 (1)
888 884 1348 962 EeribusJibris
1390 888 1473 940 hic
1507 887 1814 941 memoratis
1854 904 1992 944 unus
2054 883 2262 943 tantum
2319 899 2630 960 comparet,
2679 889 2832 948 Liber
2875 892 3266 962 chronologicus

705 958 917 1008 desunt.
970 954 1117 1007 Enn.
1154 954 1314 1008 Pun.

3312 910 3328 948 :
3377 895 3701 983 posteriores
3747 894 3871 952 duo

712 1180 3407 1218 W

3169 1187 3852 1220 W

1571 1376 1934 1510 .LlBEB
2002 1347 2986 1468 CHRONOLOGICUS

1159 1612 1333 1720 DE
1410 1608 1750 1723 VlTA
1852 1605 2358 1719 SANCTI
2440 1607 2726 1717 NiLI
2804 1606 3392 1720 ABBATIS

2188 1887 2190 1891 -
2223 1861 2316 1902 εευ

1688 2025 1993 2107 ΡΑΤιιιΑ,
2025 2023 2170 2083 ass
2225 1980 2508 2096 essm,
2554 2022 2850 2083 omrus.

757 2297 911 2366 641
943 2296 983 2350 E
1013 2296 1610 2366 ruinisByzantii,quod
1633 2295 1911 2365 aByzante
1931 2293 2226 2361 regeSpar-
2261 2300 2298 2352 Β
2326 2292 2450 2345 Maii
2491 2307 2586 2346 seu
2618 2307 2647 2345 v
2709 2293 2832 2346 ldus
2885 2290 3050 2345 Maias
3093 2292 3346 2345 dedicata
3394 2291 3493 2345 fuit
3535 2307 3675 2345 anno
3721 2293 3870 2378 530;,

695 2394 939 2438 tanorum
976 2385 1308 2437 nominatum
1349 2393 1402 2435 et
1432 2382 1724 2446 conditum,
1783 2381 1860 2434 vel
1899 2395 1931 2434 a
1963 2378 2226 2433 Pausania

695 2481 1076 2537 constructum,
1103 2487 1130 2526 a
1153 2471 1348 2527 Severo
1365 2472 1624 2538 Augusto,
1650 2471 1775 2538 quia
1800 2468 1960 2538 Nigro
1989 2469 2226 2523 adhaese-

695 2575 795 2627 rat,
819 2564 1070 2627 dirutum,
1087 2577 1117 2616 a
1137 2560 1485 2616 Constantino
1507 2561 1747 2628 Augusto
1770 2559 2123 2613 instauratum
2143 2559 2229 2612 de-

695 2661 1038 2721 eoratumque
1086 2652 1304 2706 nomine
1355 2648 1865 2717 Constantinopolis,
1916 2647 2226 2702 melioribus

699 2742 804 2796 Deo
827 2742 1054 2810 propitio
1076 2740 1347 2810 auspiciis,
1370 2755 1528 2808 quam
1560 2739 1729 2792 Roma
1758 2748 1927 2800 vetus,
1957 2746 2017 2792 ut
2039 2746 2228 2792 auctor
2255 2734 2262 2739 ⁷

689 2840 773 2885 est
814 2820 1145 2885 Justiniauus
1188 2829 1225 2883 l.
1268 2844 1285 2884 ι
1331 2827 1392 2883 C.
1443 2829 1506 2881 de
1567 2837 1663 2882 uel.
1735 2829 1848 2895 jur.
1891 2825 2225 2892 enucleand.,

695 2920 721 2989 ᾗ
762 2918 1286 2985 Nouimus,authent.
1323 2918 1384 2972 de
1416 2917 1606 2985 Nupt.,
1639 2917 1852 2971 Christo
1878 2916 2102 2979 scilicet,
2143 2923 2226 2970 at~

693 3026 796 3076 que
841 3009 1155 3065 beatissima:
1207 3010 1408 3080 Virgini
1454 3010 1572 3079 ejus
1617 3011 1770 3064 Matri
1819 3010 2228 3080 consecrata(e

693 3099 886 3186 zonar.
922 3107 1048 3153 tom.
1106 3114 1163 3154 ιιι
1202 3099 1464 3186 Χρονικ.),
1507 3102 1740 3156 surrexit
1785 3101 1841 3156 in
1886 3100 2114 3156 Thracia
2139 3101 2228 3156 illa

697 3184 837 3254 regia
868 3186 1016 3252 urbs,
1043 3194 1096 3241 et
1122 3186 1271 3242 orbis
1298 3184 1640 3252 dominatrix,
1667 3195 1824 3258 atque
1852 3203 1985 3242 nova
2021 3189 2224 3256 Roma”;

603 3308 606 3311 λ
695 3288 744 3327 c.
777 3273 1358 3344 Constantinopolt'lame
1391 3275 1461 3330 29.
1481 3316 1495 3338 ,
1527 3276 1651 3330 dist.
1685 3276 1816 3331 urbs
1841 3278 2224 3342 sacratissima,

694 3369 748 3414 et
791 3361 1202 3429 augustissima;
1236 3363 1269 3414 l.
1298 3379 1412 3414 cum
1444 3360 1794 3425 Navarchum,
1820 3362 1951 3415 Cod.
1973 3362 2036 3414 de
2064 3361 2226 3414 Navi-

695 3450 885 3512 cular.,
915 3448 988 3502 lib
1017 3465 1074 3513 ιι,
1099 3459 1351 3503 exornata
1379 3449 1613 3503 aediliciis
1641 3448 2005 3516 amplissimis,
2033 3457 2086 3502 et
2114 3463 2227 3502 mo-

698 3537 988 3603 numentis;
1038 3537 1446 3606 amphitheatro,
1475 3545 1626 3606 portu
1653 3575 1666 3602 ,
1719 3536 1912 3601 muris,
1948 3536 2224 3601 .basilicis,

697 3627 1059 3685 bibliothecis.
1115 3629 1341 3693 horreis,
1387 3636 1439 3682 et
1498 3628 1756 3693 ecclesiis,
1804 3628 2224 3698 aquazductibus,

698 3714 1004 3782 porticibus,
1038 3717 1291 3781 thermis,
1339 3717 1560 3781 balneis,
1596 3718 1818 3786 aliisque
1855 3720 2107 3788 operibus
2131 3734 2227 3787 pu-

697 3804 849 3857 blicis
896 3815 1053 3873 atque
1076 3809 1292 3873 privatis
1332 3808 1431 3860 iuit
1474 3820 1578 3860 tam
1608 3825 1635 3859 a
1667 3808 1943 3862 conditore
1967 3808 2227 3862 Constan-

699 3892 831 3953 tino,
864 3907 1021 3959 quam
1076 3895 1141 3944 ab
1187 3893 1303 3944 aliis
1352 3891 1468 3959 ejus
1520 3894 1940 3956 successoribus,
1984 3893 2228 3960 plurimis

700 3984 919 4048 insuper
967 3981 1159 4033 donata
1194 3989 1246 4032 et
1284 3981 1444 4032 ditata
1497 3979 1806 4049 privilegiis.
1839 3980 1983 4036 lam'
2021 3980 2229 4049 imperii

700 4070 875 4122 sedem
911 4069 1176 4122 transtulit
1209 4071 1258 4124 in
1315 4084 1431 4122 eam
1471 4069 1877 4133 Constantinus,
1907 4077 1959 4122 et
1992 4070 2135 4124 cives
2165 4085 2228 4123 ex

701 4160 915 4226 antiqua
983 4157 1169 4221 liorna,
1233 4160 1622 4227 illustrat-itque
1680 4161 1849 4227 ipsam
1912 4169 2132 4218 senatu.
2179 4171 2231 4213 et

700 4248 1035 4302 seruatoribus
1083 4247 1202 4300 inde
1244 4247 1388 4300 illum
1439 4248 1740 4300 consecutis
1789 4251 1927 4301 mdes
1962 4249 2226 4310 excitavit,

701 4332 802 4384 sibi
837 4346 960 4384 vero
997 4332 1271 4399 palatium,
1306 4346 1335 4386 e
1366 4331 1604 4405 \l.ibanio
1626 4373 1639 4396 ,
1694 4331 2011 4396 Sozonieno,
2057 4342 2109 4384 et
2139 4347 2231 4384 au-

700 4433 846 4477 ctore
890 4423 1138 4477 Cbronicr
1191 4424 1551 4489 Alexandrini,
1583 4438 1646 4478 ac
1701 4423 1931 4489 Zosimo,
1970 4424 2060 4477 lib.
2094 4440 2152 4488 ιι,
2181 4432 2235 4477 et

701 4512 766 4564 ad
821 4511 1259 4581 frequentandum
1318 4523 1558 4567 senatum
1618 4513 1804 4569 vicinis
1849 4529 1879 4568 e
1914 4513 2232 4569 dimcesibus

702 4610 973 4656 senatores
1005 4602 1296 4670 compulit,
1341 4611 1394 4655 et
1434 4603 1620 4663 illexit,
1657 4605 1730 4656 uti
1776 4605 1966 4658 deinde
1998 4605 2231 4659 Valenti-

703 4691 915 4755 manus,
967 4691 1324 4757 Theodosius,
1367 4700 1421 4746 et
1446 4691 1740 4756 Arcadius,
1791 4707 1823 4745 e
1873 4692 2232 4764 Macedonica,

704 4780 741 4833 l.
776 4797 857 4844 ιιι,
885 4781 948 4848 C.
978 4781 1244 4838 Theodos.
1292 4783 1366 4836 De
1408 4783 1683 4837 senatorib.
1732 4782 2052 4852 Episcopum
2097 4784 2234 4837 Con-

2326 2380 2478 2447 isque
2505 2380 2619 2434 dies
2645 2391 2891 2433 censetur
2919 2379 3034 2448 eius
3065 2380 3355 2444 natalitius,
3391 2388 3443 2433 et
3478 2378 3718 2434 feriatus.
3743 2381 3780 2433 l.
3822 2395 3860 2432 ιι

2324 2469 2384 2520 C.
2437 2467 2633 2521 illomet
2692 2467 2762 2521 De
2803 2469 2970 2535 feriis.
3029 2466 3374 2522 Constantius
3421 2469 3482 2522 A.
3521 2467 3862 2523 Constantini

2328 2557 2468 2610 ﬁlius
2491 2557 2755 2620 instituit,
2789 2556 3214 2626 studueruntque
3246 2558 3509 2618 certatim,
3530 2558 3622 2625 qui
3657 2557 3862 2610 reside-

2325 2645 2451 2699 bant
2481 2645 2587 2699 iilic
2614 2647 2978 2714 imperatores,
3010 2659 3124 2700 eam
3158 2645 3340 2699 Romae
3367 2647 3530 2699 veteri
3549 2661 3857 2714 extequare.

2322 2731 2474 2788 Nilus
2537 2733 2642 2788 iilie
2695 2745 2849 2788 natus
2904 2745 2987 2789 est
3035 2736 3130 2804 (uti
3184 2733 3546 2801 Nicephorus,
3606 2734 3696 2786 lib.
3744 2749 3858 2797 xw,

2324 2822 2512 2891 cap.”
2547 2821 2926 2876 Ecclesiaslicaa
2945 2823 3178 2877 historice
3207 2822 3401 2892 prodit)
3436 2822 3599 2875 nobili
3629 2837 3859 2890 genere;

2325 2927 2447 2968 nam
2482 2922 2696 2981 propter
2717 2913 2980 2981 egregiam
3018 2913 3347 2966 nobilitatem
3385 2915 3594 2983 generis
3622 2915 3684 2967 ad
3719 2929 3861 2982 prae-

2326 3002 2582 3059 fecturam
2634 3011 2850 3057 evectus
2906 3005 3005 3057 fuit
3043 3004 3192 3058 urbis
3256 3000 3864 3074 Constantinopolitana:

2325 3089 2512 3160 patriae
2536 3105 2677 3156 suae;
2723 3091 2958 3158 potentia
2991 3106 3205 3159 quoque
3256 3106 3318 3145 ac
3358 3091 3548 3160 opibus
3591 3092 3859 3154 afiluebat,

2324 3189 2379 3236 et
2403 3179 2648 3235 fortassis
2673 3179 2790 3249 ejus
2814 3188 3059 3250 parentes
3087 3179 3298 3232 oriundi
3329 3191 3481 3234 erant
3508 3197 3571 3233 ex
3610 3179 3861 3248 Egypto,

2325 3269 2551 3340 indeque
2573 3270 2864 3339 migrarant
2892 3268 3427 3337 Constantinopolim,
3456 3278 3507 3322 et
3534 3269 3858 3321 senatoriam

2322 3359 2482 3430 642
2499 3360 2673 3429 adepti
2700 3361 3031 3428 dignitatem,
3061 3358 3132 3412 ibi
3161 3358 3359 3427 prolem
3383 3358 3540 3412 istam
3569 3363 3867 3426 genuerant

2325 3465 2446 3520 quae
2471 3450 2570 3502 Nili
2590 3449 2804 3502 nomine
2829 3448 2947 3502 ideo
2974 3448 3072 3500 fuit
3112 3449 3383 3518 insignita.
3412 3446 3561 3502 Nilus
3587 3458 3730 3501 certe
3762 3462 3862 3516 no;

2327 3550 2455 3604 ster,
2490 3540 2562 3594 uti
2615 3548 2833 3593 sanctus
2885 3538 3209 3591 Athanasius
3249 3539 3300 3590 in
3338 3538 3624 3608 Ὤρολογίῳ
3651 3537 3867 3590 Graeco-

2327 3644 2444 3682 rum
2469 3667 2483 3692 ,
2542 3627 2716 3696 Νείλῳ
2778 3623 3114 3698 χρυσορρόῳ,
3149 3623 3444 3691 comparari
3511 3632 3681 3691 potest
3715 3639 3728 3673 :
3765 3620 3868 3673 fuit

2325 3717 2538 3785 quidem
2571 3715 2722 3768 Nilus
2762 3714 3042 3768 ﬂuviorum
3084 3714 3232 3768 orbis
3264 3720 3526 3766 terrarum
3576 3711 3866 3766 iunximus.

2327 3809 2371 3862 si
2397 3809 2664 3861 credimus
2688 3807 2750 3860 Α.
2782 3806 2973 3870 Gellio,
3008 3807 3044 3858 l.
3079 3823 3114 3860 x
3145 3806 3300 3860 Nocl.
3349 3807 3507 3860 Attia.
3532 3821 3582 3860 c.
3616 3807 3667 3869 7,
3699 3814 3750 3858 et
3779 3821 3870 3859 ce-

2328 3895 2676 3957 leberrimus,
2723 3907 2882 3962 quem
2926 3891 3097 3947 Graeci
3148 3893 3344 3946 dictum
3395 3905 3581 3960 putant
3625 3892 3729 3944 ἀπὸ
3769 3894 3869 3960 τῆς

2326 3985 2450 4046 νέας
2495 3983 2656 4047 ἰλύος,
2698 3983 2748 4036 id
2795 3989 2897 4046 est,
2928 3999 2960 4034 α
3004 3981 3132 4034 ηούο
3178 3980 3339 4046 limo;
3391 3997 3512 4035 nam
3554 3980 3718 4057 eﬂnse
3751 3990 3868 4033 sta-

2330 4093 2518 4146 gnans,
2568 4091 2629 4128 ac
2672 4074 2941 4128 inundans
2996 4073 3281 4142 quotannis
3328 4073 3512 4141 irrigat
3554 4069 3868 4140 Egyptum,

2327 4164 2549 4232 ejusque
2604 4177 2762 4230 super
2795 4172 2908 4216 sata
2954 4177 3148 4215 novum
3195 4161 3403 4216 inducit
3447 4161 3672 4226 limum;
3707 4172 3872 4230 utque

2331 4253 2478 4306 canit
2504 4252 2776 4321 Virgilius;
2807 4251 2840 4303 4
2867 4250 3101 4320 Georgio.

2463 4341 2529 4393 Et
2559 4343 2769 4394 viridem
2793 4339 3076 4409 Egyptum
3100 4341 3246 4408 nigra
3278 4341 3517 4408 fecundat
3549 4357 3726 4393 arena.

2330 4429 2487 4484 Certe
2520 4431 2766 4481 ΝΕΙΛΟΣ
2789 4445 2878 4483 sex
2915 4430 3105 4483 litteris
3131 4438 3340 4482 constat
3361 4446 3377 4492 ;
3398 4427 3440 4480 N
3472 4428 3735 4496 signitiCat
3767 4444 3874 4481 nu-

2334 4533 2539 4574 merum
2558 4518 3098 4586 quinquagenarium;
3126 4516 3186 4579 E,
3209 4517 3490 4584 quintum;
3516 4518 3554 4579 l,
3576 4517 3872 4585 decimum;

2333 4608 2395 4670 A,
2443 4606 2801 4669 tricesimum;
2842 4605 2912 4670 0,
2942 4598 3424 4674 septuagesimum;
3476 4605 3533 4667 Σ,
3571 4591 3878 4659 ducentesi-

2333 4711 2512 4762 mum;
2560 4697 2953 4764 conficiuntque
2999 4696 3084 4748 illa
3115 4696 3378 4749 elementa
3415 4709 3694 4749 numerum
3747 4696 3876 4761 565,

2333 4793 2462 4852 quot
2505 4783 2758 4838 nimirum
2811 4783 2957 4836 luces
2995 4781 3154 4833 habet
3200 4794 3374 4832 annus
3416 4779 3714 4844 absolutus,
3751 4794 3799 4832 c.
3837 4795 3876 4832 ιι

705 4870 1229 4938 stantinopolitanum
1257 4873 1616 4942 prterogativis
1651 4882 1865 4927 auctum
1893 4887 2052 4927 nemo
2081 4873 2234 4941 igno-
2266 4889 2308 4943 ο
2335 4875 2576 4937 Genesis,
2607 4890 2657 4927 ν.
2685 4873 2769 4937 l5,
2796 4881 2848 4925 et
2876 4870 3250 4932 Ecclesiastici,
3283 4885 3332 4924 e.
3359 4886 3501 4936 xxiv,
3531 4886 3582 4924 v.
3604 4870 3671 4923 55
3699 4879 3752 4924 et
3781 4869 3876 4923 37.

611 5001 622 5012 .
705 4971 788 5015 rat
820 4963 856 5015 l.
885 4978 1004 5025 xcv,
1031 4961 1091 5015 C.
1123 4964 1222 5016 eod
1267 4965 1336 5018 De
1369 4965 1616 5033 episcop.,
1648 4965 1787 5020 sicut
1818 4965 1938 5019 urbi
1986 4964 2239 5033 frequen-

707 5050 898 5114 tandae,
939 5049 1161 5113 civibus,
1207 5049 1298 5117 qui
1339 5052 1525 5104 domos
1556 5051 1809 5104 haberent
1856 5050 2237 5112 immunitates,

707 5154 1038 5206 annonzgque
1063 5152 1332 5193 concessae
1357 5149 1496 5191 sunt.
1520 5139 1760 5208 Denique
1785 5139 2090 5209 praefectum
2119 5140 2237 5193 urbi

707 5245 849 5284 anno
879 5229 939 5282 C.
976 5227 1037 5281 N.
1065 5231 1164 5286 559
1205 5230 1349 5298 (nam
1391 5230 1520 5284 urbs
1571 5231 2056 5301 Constantinopolis
2103 5245 2233 5285 con-

711 5321 844 5376 strui
876 5319 1038 5388 cepit
1068 5318 1154 5374 die
1178 5319 1247 5373 26
1270 5307 1579 5375 Novembris
1618 5334 1761 5373 anno
1781 5321 1901 5376 528.
1934 5320 2238 5376 Cedrenus-

709 5421 813 5480 quo
868 5411 916 5464 id
962 5409 1173 5477 asserit,
1227 5419 1279 5462 et
1312 5408 1555 5466 Juiianus
1607 5410 1718 5480 ipse
1757 5410 1888 5482 Ang.
1940 5421 1994 5465 at
2037 5413 2123 5468 die
2177 5410 2233 5466 ii

2334 4963 2510 5017 Nilum
2543 4963 2688 5017 Geon
2719 4969 3082 5027 nuncupatum
3106 4968 3343 5024 censent,
3376 4975 3469 5014 seu
3492 4959 3675 5014 Gehon
3703 4959 3879 5012 sancti

2338 5052 2683 5121 Epiphanius,
2730 5049 3107 5120 Hieronymus,
3145 5050 3479 5112 Ambrosius,
3519 5047 3876 5116 Augustinus,

2342 5142 2728 5202 Theodoretus,
2759 5139 3077 5204 Eucherius,
3115 5139 3374 5199 isidorus.
3412 5137 3647 5192 Joannes
3685 5136 3881 5191 Dama-

2342 5246 2552 5297 scentis,
2588 5231 2859 5295 Rabanus,
2892 5229 3179 5300 Rupertus,
3207 5240 3259 5282 et
3287 5228 3399 5292 alii,
3425 5242 3560 5297 quos
3607 5228 3793 5292 citant,
3822 5237 3881 5282 et

2340 5331 2634 5389 sequuntur
2677 5322 3160 5384 Conimbricenses,
3213 5328 3368 5374 tract.
3421 5319 3453 5374 9
3514 5321 3561 5372 in
3623 5318 3879 5386 Menam,

2339 5427 2388 5465 ε.
2425 5411 2518 5477 ιο;
2556 5409 2750 5466 Bibere
2775 5413 2829 5466 in
2861 5411 3040 5476 Amos,
3074 5426 3123 5465 c.
3154 5425 3226 5476 vr,
3258 5422 3402 5468 num.
3434 5409 3540 5476 δὴ
3583 5408 3876 5465 cardinalis
