4122 6338
223 299 354 364 i369

1488 309 1583 371 DE
1621 308 1791 377 νιΤΑ
1830 316 1892 376 S.
1927 315 2113 380 NlLI.
2209 269 2220 282 .

3285 325 3421 392 1370

218 410 527 506 ιιυιιπιηῑπι.
577 409 648 506 De
686 414 858 506 gratia
888 412 1043 480 primi
1093 414 1333 484 hominis,
1381 433 1495 487 cap.
1531 421 1764 488 12,-pro-
1790 435 1838 488 Α
1864 425 2256 480 Garmathoncs
2337 437 2388 480 et
2445 426 2822 484 Thermutidis.
2860 433 3220 506 synonymia).
3264 436 3417 503 Quod

216 501 357 552 ferto
395 499 741 570 Septuaginta
787 503 839 554 in
871 517 918 556 c.
955 518 1014 567 tt,
1049 520 1098 557 ν.
1130 505 1217 568 18,
1261 506 1504 562 Jeremia:
1537 519 1756 564 vertunt

219 590 371 642 Geon
424 590 632 654 Nilum,
677 590 766 644 ubi
817 593 1026 662 vulgata
1057 595 1251 659 versio,
1290 596 1504 662 ﬂumen.
1551 598 1760 651 Etenim

216 676 404 730 Gchon
431 679 720 733 secundum
760 695 821 733 ex
852 690 1082 750 quatuor
1107 681 1419 738 ﬂuminibus
1455 700 1485 738 e
1516 688 1762 752 paradiso

220 768 466 821 terrestri
527 771 968 836 promanantibus
1019 768 1274 825 Hebraice
1327 774 1583 827 scribitur
1625 769 1763 848 ﬁni;

216 867 363 936 Quod
399 868 667 939 Pagninus
693 885 756 924 ex
787 871 1151 928 eharacterum
1179 874 1558 931 Hebraieorum
1590 877 1642 930 vi
1668 893 1762 930 ex-

218 953 406 1020 primit
435 953 623 1007 Latine
661 953 890 1009 Ghichon
913 995 927 1021 ,
960 957 1184 1014 Genesis
1225 958 1342 1014 loco
1376 961 1630 1014 laudato:
1671 962 1762 1014 de-

219 1041 438 1095 ducitur
485 1051 665 1096 autem
731 1044 800 1098 ab
847 1043 1108 1101 Hebraica
1154 1047 1334 1103 radice
1392 1058 1482 1133 ΠΗ
1516 1051 1760 1118 'gavach,

220 1142 369 1210 quod
421 1153 504 1201 est
535 1160 835 1215 erumpere,
866 1155 921 1202 et
950 1163 1072 1203 cum
1117 1149 1314 1219 impetu
1345 1166 1614 1206 emanare.
1660 1152 1762 1206 Alii

220 1233 495 1317 deducunt
720 1232 973 1302 Cochen,
1035 1236 1180 1305 quod
1255 1239 1519 1309 signiﬁcat
1583 1249 1760 1296 actum

220 1333 488 1402 reptiiium
521 1335 872 1403 gradientium
917 1350 1083 1407 super
1134 1349 1346 1408 pectus,
1389 1357 1454 1396 ae
1493 1353 1757 1405 ventrem.

222 1438 390 1492 seque
438 1425 764 1478 trahentium
821 1427 875 1480 in
930 1427 1332 1483 similitudinem
1383 1430 1763 1498 ﬂuvii.,Quare

221 1502 466 1566 nonnulli
498 1515 915 1582 interpretantur
936 1516 1120 1572 Gehou
1144 1526 1340 1594 pectus,
1371 1534 1466 1575 seu
1487 1529 1760 1586 ventrem;

219 1600 394 1655 Grzeci
445 1604 736 1672 scriptores
761 1604 920 1671 γεῶν,
949 1621 1057 1661 non
1098 1608 1242 1676 quod
1283 1608 1522 1662 alludant
1551 1610 1617 1663 ad
1641 1610 1761 1679 γῆν,

220 1704 322 1743 seu
366 1694 544 1759 γαῖαν,
591 1691 796 1745 scilicet
849 1701 1079 1758 terram,
1124 1695 1260 1763 quod
1312 1694 1480 1750 Graeci
1519 1704 1766 1764 poterant

219 1781 454 1847 Opinati,
501 1790 718 1851 propter
746 1782 956 1847 limum,
1001 1794 1056 1837 et
1109 1784 1175 1837 ad
1221 1799 1405 1838 vocem
1447 1784 1761 1840 Hebraicam

217 1869 659 1937 exprimendam,
706 1873 844 1926 sicut
872 1871 1034 1927 etiam
1071 1871 1198 1927 facit
1235 1873 1454 1929 Latinus
1476 1875 1764 1944 interpres,

225 1959 325 2026 qui
377 1975 484 2014 non
539 1960 662 2030 legit
722 1955 855 2047 rint;
909 1975 1030 2016 cum
1083 1963 1253 2018 vocali
1299 1963 1318 2015 i
1373 1962 1564 2031 longa,
1618 1965 1764 2019 scili-

218 2070 310 2115 cet
376 2063 536 2116 chiric
599 2063 754 2133 gadet
814 2063 870 2119 in
937 2064 1112 2135 prima
1180 2066 1397 2132 littera,
1462 2066 1554 2120 sed
1629 2060 1766 2154 pra;

218 2179 346 2216 cum
386 2166 554 2219 vocali
597 2174 746 2229 ture,
791 2181 887 2222 seu
929 2184 957 2222 ε
996 2168 1173 2237 longa,
1207 2168 1259 2221 in
1298 2178 1535 2237 quotam
1569 2168 1762 2230 Graeci,

218 2269 384 2322 quam
427 2254 603 2310 Latini
644 2257 980 2324 distinguunt
1031 2257 1226 2312 ﬂumen
1268 2259 1371 2312 hoc
1415 2273 1662 2328 maguum
1698 2259 1764 2312 ab

216 2346 332 2401 alio
372 2344 589 2400 ﬂumine
617 2361 783 2415 parvo
804 2347 957 2416 juxta
997 2345 1315 2412 Jerusalem,
1345 2349 1487 2417 quod
1528 2351 1598 2403 ita
1633 2350 1761 2404 scri-

219 2433 373 2485 bitur
414 2447 443 2486 a
476 2435 745 2488 modernis
777 2433 1030 2490 Rabbinis
1060 2431 1193 2517 ﬁni;
1223 2436 1470 2492 Chia/wn.
1501 2437 1586 2491 Fit
1615 2452 1765 2491 men-

219 2533 302 2586 tio
343 2535 483 2590 illius
524 2535 561 2590 Ι.
600 2536 666 2589 lll
720 2535 944 2604 Regum,
995 2552 1044 2592 c.
1078 2553 1126 2601 ι,
1180 2554 1231 2592 v.
1275 2541 1376 2604 3'5,
1411 2541 1497 2593 ubi
1544 2539 1766 2592 Latinus

219 2623 492 2693 interpres
540 2625 768 2694 appellat
810 2626 936 2679 illud
986 2625 1174 2692 Gihon,
1225 2637 1276 2682 et
1314 2627 1484 2682 Graeci
1520 2628 1768 2682 similiter

219 2711 412 2778 Γειὼν,
441 2713 532 2782 qui
566 2713 757 2769 ﬂuvius
783 2713 886 2767 alio
910 2715 1127 2770 nomine
1153 2699 1382 2770 vocatur
1407 2715 1586 2780 Siloe;
1619 2716 1760 2770 unde

217 2800 506 2858 Chaldaeus
553 2804 816 2889 interpres
871 2805 1029 2860 habet
1089 2791 1296 2889 κῃῆιιτφί
1361 2805 1608 2871 Sciloha;
1667 2820 1766 2859 cu-

215 2907 314 2973 jus
352 2918 526 2962 exstat
560 2883 758 2962 m'entio
805 2893 941 2979 apud
976 2909 1255 2973 Joannem,
1291 2922 1340 2962 c.
1383 2924 1467 2971 ιι,
1510 2925 1561 2962 v.
1593 2908 1646 2971 7,
1677 2907 1764 2961 ubi

170 3041 172 3044 .
217 2995 385 3048 etiam
450 2997 825 3065 interpretatur
876 3000 1085 3051 missus.
1135 2996 1381 3050 Flumina
1430 2996 1571 3050 enim
1623 3010 1764 3065 saepe

1864 529 1988 567 vero
2041 515 2257 583 quidam
2303 516 2543 570 scribant
2591 517 2803 593 Gebon,
2860 520 3024 589 aliqui
3083 522 3268 586 Gilton,
3326 528 3416 582 alii

1864 601 2113 663 (Illic/ton,
2161 604 2401 657 nonnulli
2445 607 2630 669 aliter;
2675 607 2796 660 inde
2824 614 3085 675 provenit,
3119 615 3257 680 quod
3287 615 3416 669 eba-

1865 702 2094 744 racteres
2142 691 2432 746 llebraicos
2489 709 2593 746 non
2653 709 2841 749 omnes
2903 699 3087 752 iisdem
3139 703 3417 757 characte-

1864 779 2011 831 ribus
2065 777 2269 833 Latinis
2314 782 2631 848 exprimant,
2678 791 2729 834 et
2772 784 2928 835 etiam
2978 787 3117 852 quod
3155 803 3260 840 non
3292 805 3413 841 om-

1863 882 1958 920 nes
1990 883 2109 920 cum
2140 868 2324 922 iisdem
2356 869 2564 936 punctis
2591 869 2787 936 legant,
2825 873 2874 924 id
2899 877 3040 941 quod
3069 877 3118 928 in
3145 878 3410 944 plerisque

1863 954 1981 1007 aliis
2019 954 2636 1020 iiehraicisuominibus,
2672 973 2789 1024 qua:
2839 959 3044 1014 Latinis
3089 965 3407 1017 characteri-

1863 1039 1964 1093 bus
1998 1055 2248 1108 expressa
2299 1049 2441 1106 sunt,
2501 1041 2740 1094 videmus
2788 1047 3116 1115 contingere.
3150 1028 3261 1102 Nec
3304 1049 3408 1100 ulla

1864 1130 2024 1180 modo
2084 1129 2188 1182 dici
2242 1138 2416 1198 potest
2469 1128 2642 1184 Gehon
2688 1129 2945 1187 Hebraice
2999 1134 3182 1188 Nilum
3230 1137 3410 1190 Gnece

1864 1217 2209 1283 reddendum,
2253 1235 2374 1274 cum
2413 1217 2536 1275 suni
2593 1222 2702 1274 lucc
2757 1223 2861 1275 duo
2919 1226 3136 1276 nomina
3187 1226 3410 1278 diversa:

1863 1307 2085 1360 omnino
2111 1307 2544 1376 signillcationis,
2581 1311 2704 1366 licet
2742 1313 3074 1381 applicentur
3106 1313 3278 1366 eidem
3307 1314 3409 1366 liu-

1864 1393 2014 1457 mini,
2045 1404 2104 1448 ut
2125 1395 2237 1463 jam
2268 1397 2467 1452 dictum
2515 1407 2630 1464 est;
2657 1401 2832 1455 ethoc
2880 1401 3072 1455 accidit
3101 1391 3152 1454 in
3196 1403 3407 1462 Albula,

1861 1489 1915 1536 et
1949 1480 2147 1546 Tiberi,
2172 1484 2224 1536 in
2258 1484 2509 1548 Eridano,
2532 1497 2586 1541 et
2611 1488 2774 1551 Pado,
2797 1497 2850 1542 et
2879 1490 3109 1542 caneris.
3151 1491 3222 1542 Ita
3250 1491 3407 1542 etiam

1864 1572 2106 1627 homines
2150 1587 2288 1642 smpe
2320 1586 2714 1644 nuncupantur,
2755 1578 2964 1632 duobus
2987 1568 3320 1640 nominibus,
3353 1587 3412 1630 ut

1866 1659 2024 1715 Israel
2053 1669 2105 1715 et
2129 1660 2316 1725 Jacoh,
2346 1660 2533 1718 Simon
2572 1672 2626 1719 et
2661 1663 2872 1728 Petrus,
2907 1676 2959 1719 et
3004 1667 3213 1733 reliqui,
3243 1679 3296 1719 et
3325 1676 3411 1718 ta-

1795 1765 1836 1818 Β
1866 1767 1986 1806 men
2015 1752 2226 1806 nonnisi
2266 1753 2445 1822 inepte
2475 1754 2774 1809 diceremus
2815 1772 2979 1808 unum
3005 1749 3199 1809 nomen
3239 1758 3405 1808 inter-

1864 1841 2059 1908 pretari
2106 1842 2352 1906 alterum,
2390 1843 2528 1896 sicut
2572 1843 2769 1913 Joseph
2818 1856 2900 1899 est
2949 1845 3212 1910 Crescens,
3245 1844 3408 1898 Judas

1864 1930 2169 1997 Confessio,
2225 1931 2391 1985 Jacob
2438 1931 2850 2000 Supplantator;
2897 1950 3128 2004 quorum
3179 1936 3404 1988 alterum

1866 2030 2058 2068 nomen
2095 2024 2177 2070 est
2209 2017 2578 2086 interpretatio
2616 2021 2857 2074 alterius.
2907 2022 3150 2089 Abyssini
3187 2023 3403 2089 quidem

1816 2155 1820 2158 .
1864 2111 2055 2156 vocant
2078 2100 2254 2156 Nilum
2277 2104 2438 2158 hodie
2460 2105 2674 2174 Gujion,
2707 2116 2838 2160 teste
2866 2107 3153 2161 Francisco
3184 2109 3406 2162 Alvarez

1867 2190 2006 2244 Ilisl.
2046 2190 2380 2260 .Ethiopicw,
2412 2209 2530 2263 cap.
2563 2194 2694 2261 lii;
2731 2195 2868 2264 apud
2901 2196 3204 2251 Cornelium
3238 2212 3267 2250 a
3300 2197 3408 2249 La-

1866 2280 1986 2348 pide
2025 2279 2077 2332 in
2105 2295 2153 2334 c.
2189 2297 2224 2333 ιι
2265 2281 2458 2336 Cenes.
2492 2282 2786 2349 laudatum,
2830 2286 2917 2339 ubi
2965 2287 3250 2354 respondet
3289 2286 3404 2353 plu-

1865 2383 1951 2422 res
1997 2368 2186 2424 ﬂuvios
2217 2369 2364 2424 Geon
2413 2372 2678 2425 nominari
2706 2373 2798 2427 lib.
2831 2374 2895 2427 ill
2931 2373 3061 2442 Reg.
3093 2389 3141 2428 c.
3173 2391 3210 2440 ι,
3243 2389 3289 2428 v.
3317 2374 3404 2432 55.

1864 2466 1916 2512 et
1955 2457 2304 2527 Paralipom.,
2335 2475 2503 2529 χχχιι,
2536 2476 2586 2514 v.
2621 2462 2719 2515 50:
2761 2470 2813 2516 et
2866 2463 3156 2527 concludit,
3199 2463 3404 2530 Tigrim

1863 2557 1916 2600 et
1947 2547 2270 2617 Euphratem
2323 2551 2488 2616 coire,
2533 2566 2594 2605 ac
2631 2567 2818 2606 rursus
2868 2553 3052 2617 dividi,
3089 2561 3140 2606 et
3185 2552 3237 2606 in
3269 2553 3406 2604 duos

1865 2639 1937 2690 ita
1971 2638 2171 2693 divisos
2202 2639 2419 2694 nomina
2456 2641 2784 2704 submutare,
2811 2640 3134 2709 Phasimque
3159 2641 3404 2706 vocitari,

1867 2744 1958 2784 seu
1993 2727 2352 2800 Phasitigrim,
2389 2745 2551 2783 unum
2596 2730 2978 2785 circumeundo
3014 2742 3214 2784 terram
3243 2731 3408 2782 Hevi-

1866 2818 1995 2881 lath,
2033 2826 2087 2872 et
2122 2819 2266 2872 hunc
2317 2833 2437 2874 esse
2488 2821 2725 2884 Phison;
2776 2820 3025 2884 alterum,
3071 2821 3434 2883 nominatunr

1865 2905 2032 2971 Geon,
2073 2906 2324 2958 Arabiam
2355 2907 2644 2972 desertam,
2674 2897 2814 2962 circa
2846 2923 3010 2976 quam
3043 2917 3093 2960 et
3128 2907 3396 2973 Aithiopia

1864 3000 1964 3056 est,
2024 2991 2416 3057 circumﬂuere,
2468 2996 2760 3063 ambosquc
2808 2995 2861 3048 in
2923 2995 3098 3048 sinum
3134 2993 3405 3048 Persicum

219 3085 427 3139 habent
457 3087 609 3154 plura
662 3089 902 3152 nomina,
930 3086 1089 3141 veluti
1139 3101 1286 3139 mare
1330 3084 1589 3151 Rubrum,
1621 3086 1764 3154 quod
1792 3066 1831 3120 θ
1865 3079 2060 3144 delabi,
2124 3089 2284 3149 atque
2317 3079 2380 3133 ad
2421 3080 2569 3134 illum
2614 3079 2990 3143 confluentem,
3035 3083 3144 3134 sive
3175 3080 3406 3133 insulam

221 3171 486 3228 Hebraice
534 3174 723 3228 dicitur
762 3183 859 3260 ξιτ)
890 3184 955 3258 n3
1014 3173 1137 3228 Iam
1191 3174 1358 3260 Suph,
1401 3174 1450 3229 id
1502 3183 1583 3229 est
1615 3189 1765 3229 mare

219 3276 432 3329 Caricis
479 3293 506 3328 a
568 3277 910 3332 multitudine
964 3277 1232 3342 carieum,
1282 3286 1334 3332 et
1365 3277 1565 3332 iGrzeee
1612 3278 1765 3347 Ἐρυ-

220 3363 434 3432 θραῖον,
473 3364 840 3434 Erythrarum,
900 3366 981 3419 vel
1035 3386 1063 3418 a
1115 3379 1236 3432 rege
1283 3363 1540 3434 Erythra,
1582 3365 1662 3416 vel
1699 3363 1765 3416 ab

221 3451 406 3504 arenis
437 3452 632 3505 rubris.
657 3453 721 3504 Et
757 3453 853 3505 hoc
899 3453 1072 3520 ipsum
1102 3452 1318 3516 Gebon,
1353 3452 1418 3505 de
1443 3467 1551 3521 quo
1591 3451 1766 3520 loqui-

222 3551 370 3601 mur,
397 3534 597 3588 ﬂumen
628 3534 855 3603 paradisi
888 3551 915 3588 a
949 3535 1150 3600 multis,
1196 3537 1638 3607 gravissimisque
1665 3552 1764 3591 au-

221 3625 462 3680 ctoribus
485 3625 644 3679 etiam
680 3624 828 3680 Nilus
851 3626 1162 3695 appellatur,
1187 3628 1268 3681 vel
1297 3643 1326 3681 a
1358 3643 1480 3697 rege
1514 3626 1653 3692 Nilo,
1682 3627 1764 3682 vel

220 3714 370 3782 quod
401 3713 619 3769 assidue
647 3728 822 3768 secum
851 3717 1022 3784 tralia}
1055 3714 1213 3783 643
1247 3715 1370 3766 νέαν
1402 3715 1532 3779 ἰλὺν,
1575 3715 1627 3768 id
1661 3723 1761 3778 est,

222 3820 411 3856 novum
444 3804 644 3866 limum,
683 3786 758 3854 uti
795 3803 1044 3869 praefatus
1068 3817 1184 3855 sum
1216 3820 1228 3855 :
1264 3804 1357 3856 sed
1386 3804 1450 3857 de
1480 3805 1580 3857 hoc
1607 3806 1763 3858 modo

221 3904 336 3942 non
382 3888 617 3955 disputat
668 3884 727 3936 Β.
759 3886 817 3940 P.
865 3885 1166 3942 Ludovicus
1209 3886 1503 3944 Maraccius
1559 3889 1763 3964 Lucen-

221 3977 302 4030 sis
345 3989 375 4028 e
416 3978 823 4044 congregatione
865 3978 1180 4033 clericorum
1229 3979 1547 4050 regularium
1585 3978 1766 4034 Matris

221 4063 344 4126 Dei,
382 4078 411 4115 a
448 4079 556 4131 quo
589 4066 701 4121 haec
733 4066 908 4132 hausi,
936 4065 1018 4120 vir
1054 4068 1410 4136 complurium
1464 4069 1763 4137 linguarum

220 4150 600 4220 peritissimus,
640 4161 690 4207 et
720 4169 840 4207 vere
872 4155 990 4222 pius
1048 4170 1110 4208 ac
1143 4155 1444 4222 religiosus.
1475 4156 1537 4207 Et
1561 4157 1625 4208 de
1651 4156 1765 4208 Nilo

219 4239 359 4293 satis
406 4254 672 4309 superque
719 4239 820 4293 Leo
858 4241 1080 4294 Allatius
1115 4241 1166 4294 in
1202 4256 1296 4293 sua
1350 4240 1606 4304 Diatriba,
1645 4257 1765 4310 rege

219 4341 438 4395 nempe,
480 4343 510 4379 a
549 4342 656 4395 quo
689 4327 862 4379 Nilum
897 4328 1112 4380 ﬂuviqu
1149 4329 1378 4382 traxisse
1410 4329 1520 4381 vult
1547 4343 1760 4394 nomen,
1798 4375 1838 4428 υ

220 4436 384 4488 quem
419 4420 706 4483 Oceanum,
753 4421 1016 4486 Aquilam,
1063 4419 1273 4483 Melan),
1313 4418 1618 4490 rEgyptum,
1647 4420 1766 4475 Tri-

222 4520 430 4574 tonem,
462 4511 779 4578 tandemque
828 4509 1002 4563 Nilum
1043 4524 1070 4563 e
1104 4509 1388 4566 Plutarcho
1431 4511 1483 4565 in
1529 4512 1661 4566 libro
1693 4512 1767 4565 De

219 4603 530 4670 ﬂuminibus
557 4602 736 4667 tradit,
767 4601 1118 4669 appellatum;
1149 4608 1200 4653 et
1226 4616 1285 4654 ex
1317 4600 1578 4656 Eustatbii
1603 4601 1756 4656 Scho-

223 4693 316 4746 liis
351 4693 402 4744 iu
433 4692 667 4759 Dionysii
693 4692 801 4744 Afri
835 4692 1178 4759 Περιήγησιν,
1200 4694 1288 4745 sed
1310 4693 1450 4759 quod
1480 4709 1599 4745 eum
1631 4693 1764 4746 Gar-

222 4776 510 4829 matltones
543 4775 754 4844 IEgypti
788 4777 983 4844 regina:
1014 4776 1206 4839 virum,
1240 4775 1352 4828 sive
1397 4777 1560 4829 lilium
1593 4779 1760 4842 aiunt,

219 4873 552 4918 aSserentem
605 4865 748 4916 illum
786 4865 950 4920 fuisse
990 4865 1347 4920 Thermutidis
1384 4867 1500 4920 tiliae
1529 4867 1762 4919 Pharao-

222 4948 313 4999 nis
343 4947 481 5012 regis
533 4945 745 5014 {Egypti
787 4947 988 5014 vi‘rum;
1035 4951 1110 5003 sic
1141 4951 1333 5004 etenim
1374 4962 1561 5002 vocant
1603 4952 1760 5003 tiliam

225 5033 370 5100 regis
388 5032 651 5100 Joscphus
681 5035 730 5085 in
755 5037 1440 5103 Arttiquitatibuandaic.et
1461 5039 1513 5092 S.
1538 5037 1762 5106 Epipha-

228 5125 353 5176 ztius
383 5123 568 5178 iteres.
595 5124 678 5177 78.
716 5125 1150 5192 apud.Salianum
1181 5130 1232 5181 in
1269 5127 1507 5184 Annalib.
1541 5128 1607 5182 ab
1632 5130 1761 5182 orbe

215 5213 443 5268 condito
472 5214 536 5266 ad
583 5229 784 5267 annum
818 5208 1002 5268 mundi
1051 5217 1206 5281 2464,
1241 5234 1292 5271 n.
1329 5220 1416 5280 li;
1459 5233 1616 5286 quam
1648 5220 1756 5283 alii,

220 5319 422 5372 nempe
468 5291 728 5359 Eusebius
784 5306 878 5358 lib.
923 5323 971 5360 ιχ
1027 5307 1098 5358 De
1138 5318 1416 5375 prwparat.
1446 5310 1751 5378 evangelica,

219 5407 347 5462 cap.
404 5394 457 5456 4,
516 5394 746 5456 Merrin,
805 5406 856 5449 et
905 5405 1089 5450 auctor
1132 5398 1366 5452 chronici
1416 5396 1756 5453 Alexandrini

229 5483 460 5535 Merrhin
519 5486 820 5553 appellant;
878 5496 990 5540 erat
1019 5498 1190 5540 autem
1232 5488 1457 5552 sterilis,
1507 5491 1644 5543 sicut
1693 5494 1758 5544 le-

223 5575 370 5643 gitur
431 5573 645 5632 ibidem.
708 5576 922 5644 (Suadrt
980 5581 1111 5633 hanc
1171 5593 1341 5635 meam
1409 5583 1751 5637 assertionem

1866 3169 2107 3225 Teredon
2151 3168 2322 3224 fuisse
2376 3177 2683 3224 terrestrem
2733 3171 3034 3240 paradisum
3084 3185 3113 3222 e
3159 3169 3405 3232 Pcrerio,

1864 3256 2123 3320 Oleastro,
2154 3256 2456 3326 Eugubino,
2481 3258 2722 3322 Vatablo,
2753 3268 2805 3312 et
2835 3258 3087 3312 Jansenio
3144 3260 3195 3310 iu
3227 3274 3275 3311 c.
3308 3257 3408 3309 145

1865 3348 2167 3402 Concordia,
2190 3351 2512 3418 evangelica,
2537 3351 2772 3405 Gerardo
2802 3351 3116 3412 Mercatore,
3151 3368 3212 3406 ac
3241 3352 3411 3404 Abra-

1865 3438 2022 3492 hamo
2050 3437 2253 3492 Orteiio
2277 3437 2351 3492 De
2398 3437 2506 3491 Nili
2539 3440 2790 3506 (ciuibus,
2826 3450 2872 3493 et
2896 3442 3068 3493 causis
3103 3439 3409 3494 inundatio-

1866 3529 1977 3594 nis;
2017 3529 2240 3596 Seneca,
2289 3530 2383 3584 lib.
2427 3545 2478 3582 tv
2510 3529 2704 3584 Natur.
2750 3540 2933 3599 quasi.
2982 3532 3001 3582 l
3055 3541 3106 3583 et
3134 3531 3201 3595 2;
3238 3531 3397 3594 Plin.,

1865 3615 1958 3669 lib.
2000 3632 2050 3681 v,
2081 3618 2275 3687 cap._9
2326 3617 2548 3682 Natura;
2566 3619 2687 3670 hist.
2723 3627 2777 3672 et
2809 3619 2999 3671 librutn
3038 3619 3235 3672 Gallice
3279 3634 3410 3672 con-

1865 3704 2078 3772 scripsit
2117 3705 2380 3758 archiater
2409 3706 2806 3778 eruditissimus
2839 3706 2900 3760 ι).
2933 3707 2998 3760 de
3041 3707 3085 3758 la
3118 3706 3402 3761 Cbambre.

1862 3789 2067 3845 Nomen
2111 3789 2210 3847 Nili
2259 3789 2391 3843 forte
2422 3790 2519 3844 fuit
2565 3790 2870 3859 impositum
2926 3791 3044 3845 Nilo
3088 3792 3280 3854 abbati,
3326 3791 3406 3844 vel

1863 3878 2060 3934 ominis
2087 3892 2248 3933 causa
2275 3878 2453 3950 644,
2500 3880 2623 3949 quia
2657 3880 2870 3951 eloquio
2913 3897 3009 3936 suo
3051 3882 3406 3935 inundaturus

1864 3977 1980 4022 erat
2003 3967 2178 4023 aulam
2203 3967 2623 4038 imperatoriam,
2648 3971 2864 4039 suisque
2889 3969 3105 4022 monitis
3129 3978 3182 4023 et
3207 3983 3406 4038 praece-

1868 4056 1990 4124 ptis,
2026 4061 2373 4125 posteaquam
2423 4056 2488 4110 ab
2530 4070 2591 4110 ea
2633 4057 2868 4118 recessit,
2897 4064 2949 4108 et
2988 4055 3053 4108 ad
3086 4066 3262 4109 castra
3292 4071 3404 4111 cm-

1866 4144 2008 4196 lestis
2034 4142 2192 4210 Regis
2220 4157 2399 4210 regum
2425 4142 2686 4204 transivit,
2713 4144 2878 4210 ipsius
2902 4158 3106 4207 servos,
3137 4152 3186 4196 et
3217 4158 3403 4196 mona-

1865 4231 2011 4296 chos,
2049 4231 2331 4300 lldelesque
2371 4245 2577 4293 omnes,
2614 4240 2668 4285 et
2702 4231 2945 4300 speciosa
2977 4233 3173 4286 deserti
3214 4233 3405 4285 fecun-

1865 4321 2118 4387 daturus,
2179 4330 2231 4374 et
2285 4321 2734 4391 impinguaturus.
2795 4321 2981 4376 Omnia
3021 4323 3070 4373 in
3125 4323 3223 4374 hoc
3273 4322 3404 4374 orbe

1869 4421 2128 4465 terrarum
2161 4412 2435 4466 sublunari
2467 4413 2718 4466 volubilia
2746 4420 2872 4464 sunt
2909 4420 3067 4478 atque
3103 4410 3400 4476 mutabilia,

1859 4501 2006 4552 sicut
2042 4508 2094 4551 et
2124 4499 2246 4551 luna
2279 4501 2467 4563 variat,
2510 4508 2667 4566 atque
2700 4505 2956 4560 mutatur,
2979 4491 3218 4551 nomina
3271 4514 3402 4566 prm-

1866 4589 2048 4640 sertim
2078 4588 2378 4654 regionum,
2411 4597 2461 4639 et
2491 4588 2792 4650 ﬂuminum,
2826 4588 2966 4641 sicut
2998 4583 3047 4641 et
3079 4588 3176 4655 ipsi
3244 4589 3397 4649 situs,

1865 4685 2024 4744 atque
2049 4690 2239 4729 cursus
2276 4675 2500 4728 induunt
2529 4691 2693 4730 novas
2736 4677 2928 4730 facies:
2958 4676 3274 4743 quibusdam
3302 4676 3401 4728 nu-

1867 4766 2098 4821 minibus
2141 4767 2354 4820 nomina
2387 4766 2553 4820 indita
2588 4766 2803 4820 fuerunt
2840 4767 2906 4818 ab
2951 4766 3257 4819 hominibus
3307 4766 3401 4819 de-

1864 4860 2072 4922 mersis,
2098 4868 2187 4912 aut
2217 4860 2283 4912 ab
2330 4860 2433 4912 alio
2470 4875 2616 4921 casu,
2655 4869 2708 4910 ut
2747 4858 3033 4910 indicatum
3092 4858 3228 4910 fuit:
3302 4858 3400 4910 ho-

1863 4948 2032 5000 mines
2065 4947 2162 5015 ipsi
2197 4964 2409 5016 quoque
2437 4964 2466 5001 a
2514 4947 2818 5000 ﬂuminibus
2874 4963 2932 5000 ea
2970 4948 3192 5002 mutuati
3252 4957 3395 5012 sunt,

1865 5035 2154 5097 Putamius,
2198 5037 2514 5105 Euphrates,
2564 5037 2807 5106 Tygrius,
2848 5022 3177 5100 Rhodanius,
3213 5045 3263 5089 ct
3308 5034 3398 5088 Ni-

1863 5125 1964 5178 lus.
2021 5123 2130 5192 Ego
2165 5141 2290 5180 vero
2326 5127 2374 5178 in
2406 5125 2521 5179 caui
2557 5125 2709 5179 facile
2766 5129 3080 5180 sententiam
3137 5126 3392 5190 adducor,

1862 5222 1914 5266 ut
1943 5228 2063 5268 eum
2103 5230 2131 5267 a
2171 5216 2486 5283 parentibus
2525 5216 2844 5282 Christianis
2903 5215 3231 5283 progenitum
3273 5228 3392 5265 crc-

1863 5309 2004 5370 dam,
2038 5311 2127 5378 qui
2162 5325 2352 5363 nomen
2385 5309 2509 5374 Nili,
2551 5311 2760 5379 quando
2795 5309 2961 5361 sacris
3022 5308 3234 5360 ablutus
3294 5305 3392 5359 fuit

1860 5397 2033 5466 aquis,
2065 5399 2171 5452 ﬁlio
2203 5413 2297 5451 suo
2353 5399 2630 5460 dederunt,
2691 5404 2750 5448 ut
2801 5394 3087 5464 Pansopliii
3143 5396 3393 5462 martyris

1859 5489 2199 5543 Alexandrini
2232 5491 2331 5545 sub
2381 5488 2649 5557 Augustali
2690 5488 2916 5556 praeside
2970 5485 3138 5555 passi.
3190 5498 3386 5554 marty-

1858 5581 2025 5649 tiique
2071 5582 2246 5637 laurea
2292 5580 2525 5637 coronati
2554 5580 2692 5648 (cum
2743 5578 2933 5634 Decius
2991 5577 3281 5641 imperator
3338 5577 3389 5631 in
