4122 6338
761 252 888 316 1371

1456 256 1601 315 JOS.
1640 251 1896 314 MARLE
1933 246 2279 311 SUARESII
2316 244 2541 309 LIBER
2576 251 3187 325 CHRONOLOGICUS

760 362 1095 417 Christianos
1125 364 1546 430 persecutionem
1581 363 1852 424 moi-isset,
1881 370 1932 415 et
1974 374 2088 424 eos,
2122 374 2282 429 quam
2312 358 2355 414 Α
2384 357 2482 410 rib.
2513 360 2715 427 public.
2742 366 2926 419 eodem
2965 367 3175 423 Codice.
3215 368 3552 426 Bibliotheca
3572 364 3786 441 quoque
3813 388 3913 441 pu-

764 454 868 507 late
898 452 1191 506 Romanum
1221 453 1433 521 patebat
1474 452 1754 521 imperium
1804 452 2087 507 crudeliter
2146 452 2287 505 inse-

763 541 1040 610 ctaretur),
1075 552 1273 610 patrem
1305 540 1481 595 Nilum
1509 541 1880 610 proconsulem
1922 540 2115 595 imitari
2163 554 2288 611 pos-

764 640 864 696 set,
895 633 1106 695 pietate,
1138 646 1201 686 ac
1241 632 1456 694 virtute,
1488 632 1614 699 quin
1640 639 1692 683 et
1716 629 1878 683 lilium
1927 628 2287 697 Pansophium

762 736 923 787 opum
958 720 1323 788 despicientia,
1362 734 1679 789 secessuque
1717 721 1769 773 in
1829 720 2192 790 solitudinem,
2238 725 2292 773 et

765 809 961 863 invicta
1000 811 1296 865 constantia
1334 812 1671 876 exaequaret;
1704 798 1859 878 cujus
1886 818 2155 863 certamen
2179 807 2293 877 glo-

767 900 991 960 riosum,
1036 906 1089 951 et
1138 899 1408 952 victoriam
1435 900 1614 953 Graeca
1648 898 1869 953 .Menma
1908 898 2294 952 concelebrant

764 989 854 1042 die
909 989 969 1042 i5
989 987 1247 1053 Januarii,
1288 1000 1337 1042 et
1367 1005 1462 1043 vox
1498 990 1581 1041 illa
1608 990 1819 1043 insonat
1864 986 2107 1048 ﬁdelium,
2151 989 2295 1041 auri-

768 1077 872 1131 bus
933 1085 1187 1131 aeternum
1244 1078 1584 1132 memoranda
1618 1095 1633 1131 :
1670 1076 2020 1145 Pansopliium
2074 1076 2295 1144 amplius

770 1163 951 1215 cwdite
985 1163 1364 1233 (impostores),
1419 1166 1496 1218 sic
1540 1164 1676 1217 enim
1721 1164 1801 1215 illi
1850 1164 2025 1229 plures
2067 1163 2293 1231 plectetis

770 1248 1022 1313 corollas,
1057 1251 1164 1303 imo
1198 1251 1375 1321 potius
1411 1252 1716 1320 episeopmn
1763 1248 2070 1320 Egyplium
2098 1250 2294 1316 Nilum,

770 1336 837 1389 de
865 1350 970 1403 quo
992 1332 1271 1402 Eusebius,
1299 1337 1391 1410 lib.
1447 1354 1558 1400 vni.
1608 1353 1725 1407 cap.
1795 1339 1883 1401 2i,
1935 1336 2065 1407 agit,
2098 1342 2299 1410 quique

772 1424 909 1491 apud
932 1423 1262 1480 Palaestinam
1289 1427 1531 1482 inccndio
1552 1436 1919 1483 concrematur.
1948 1427 2069 1493 fuit,
2097 1428 2340 1504 Dioclen

773 1514 917 1566 tiano
967 1512 1175 1579 furente
1201 1515 1457 1572 adversus
1494 1532 1687 1572 nomen
1743 1518 2123 1585 Christianum,
2169 1520 2295 1576 dum

772 1604 1051 1671 prmlectus
1086 1607 1375 1675 provinciae
1403 1609 1469 1664 de
1497 1609 1920 1665 Christianorum
1961 1614 2299 1668 successibus

766 1692 1095 1748 felicissimis
1118 1694 1502 1751 Diocletianum
1533 1692 1813 1754 certiorem
1864 1699 2097 1769 fecisset,
2144 1703 2298 1772 cujus

773 1781 1039 1845 mandato,
1071 1781 1116 1836 is
1158 1784 1247 1851 qui
1276 1787 1501 1839 metallis
1557 1788 1806 1842 eruendis
1864 1802 2076 1858 Operam
2118 1791 2296 1856 dabat,

771 1868 945 1922 Nilum
976 1884 1098 1923 eum
1126 1872 1297 1926 tribus
1323 1874 1464 1935 aliis,
1498 1873 1654 1930 Peleo
1697 1877 1902 1931 scilicet
1956 1877 2138 1934 itidem
2189 1881 2300 1949 epi-

772 1972 934 2025 scopo
961 1956 1229 2026 Egyptio,
1263 1970 1317 2014 et
1341 1960 1453 2014 Elia
1479 1964 1806 2032 presbytero,
1836 1974 1993 2033 atque
2016 1968 2301 2024 studiosis-

772 2046 909 2098 simo
939 2047 1324 2112 Patermuthio,
1359 2064 1453 2103 seu
1488 2049 1639 2105 Patre
1667 2051 1852 2117 Matio,
1906 2052 1970 2107 ad
2006 2055 2155 2108 illum
2206 2058 2295 2125 qui

769 2145 997 2202 praeerat
1022 2139 1345 2193 exercitibus
1361 2141 1641 2211 ablegavit,
1673 2144 1793 2197 aliis
1825 2144 1876 2197 in
1904 2144 2153 2215 Cyprum,
2184 2146 2301 2201 aliis

773 2226 826 2277 in
875 2224 1135 2280 Libanum
1173 2229 1483 2297 deportatis.
1526 2232 1594 2286 At
1623 2234 1722 2288 iste
1750 2235 1858 2288 dux
1912 2237 2183 2304 copiarum
2208 2236 2302 2290 Ni-

775 2317 884 2368 lum
941 2332 1057 2371 cum
1123 2320 1412 2375 comitibus
1462 2321 1663 2375 addixit
1722 2324 1852 2392 igni,
1911 2339 2069 2393 quem
2125 2336 2298 2394 tamen

769 2406 981 2460 athleta:
1023 2406 1241 2473 Christi,
1267 2396 1417 2462 Icum
1460 2412 1630 2478 major
1657 2421 1798 2466 esset
1835 2414 1976 2467 intus
2005 2414 2103 2479 vis,
2136 2422 2188 2467 et
2216 2428 2301 2467 ar-

768 2495 870 2548 dor
920 2498 1117 2551 a'tzoris
1153 2513 1277 2567 erga
1336 2515 1516 2553 verum
1564 2500 1753 2566 Deum,
1802 2503 2059 2573 sanguine
2086 2518 2183 2557 suo
2213 2519 2303 2573 ge-

772 2598 962 2658 nerose
990 2588 1365 2643 accumbentes
1394 2591 1764 2644 exstinxerunt
1788 2609 1803 2657 ;
1856 2601 1914 2646 ut
1946 2608 1975 2647 e
2003 2591 2301 2661 Nicephoro

773 2690 891 2731 ace
944 2676 1240 2746 Menologio
1301 2679 1485 2736 Graeco
1540 2682 1736 2737 Canisii
1785 2685 2047 2754 colligitur
2100 2686 2166 2737 27
2218 2686 2304 2739 die

772 2766 1065 2833 Septemb"
1097 2778 1193 2823 ete
1221 2768 1511 2824 Florentin.
1530 2772 1797 2842 Martyrol.
1821 2774 2040 2829 Luccnsi
2062 2775 2123 2828 ’19
2154 2774 2298 2844 Sept.

739 2925 743 2929 _
772 2849 930 2910 Istius
956 2855 1056 2911 Nili
1087 2861 1335 2928 martyris
1364 2869 1415 2915 et
1435 2863 1599 2928 episc.
1637 2877 1829 2932 corpus
1847 2866 2178 2934 requiescere
2196 2865 2301 2919 Ro-

2388 443 2538 499 blicre
2573 446 2899 515 visebantur,
2939 465 2990 506 et
3046 455 3453 523 bibliothecarii;
3493 472 3522 513 e
3577 459 3775 527 quibus
3828 444 3935 514 iua‘

2388 533 2719 592 nobilissima
2746 538 2984 613 Basilisci
3007 544 3112 597 sub
3132 546 3354 615 imperio
3375 548 3736 617 conﬂagravit,
3765 550 3913 617 cujus

2389 624 2678 680 meminere
2709 626 3052 696 Themistius,
3097 642 3229 686 orat.
3263 634 3344 698 l3,
3384 633 3618 691 Zonaras
3709 646 3764 690 et
3815 637 3914 691 Ce-

2392 712 2609 770 drenus.
2656 713 2768 771 Sub
2796 717 3096 775 Theodosio
3126 722 3232 776 isto
3263 723 3479 791 juniore
3530 726 3666 793 Aug.
3732 740 3913 779 recen-

2368 816 2575 861 sentur
2600 807 2691 863 lib.
2729 824 2745 862 ι
2806 811 2881 864 De
2909 812 3126 879 profess.
3165 815 3494 884 grammatici
3558 813 3725 868 Graeci
3749 813 3915 867 Hella-

2392 894 2535 957 dius,
2585 905 2640 950 et
2678 897 2938 969 Syrianus
2979 919 3025 966 ς,
3055 902 3297 967 Latinus,
3331 904 3913 973 Theophilusysophi-

2392 992 2489 1039 sta:
2527 984 2780 1063 Martinus
2818 995 2871 1042 et
2923 987 3221 1055 Maximus;
3249 990 3613 1059 jurisperitus,
3643 989 3913 1043 Leontius.

2392 1070 2559 1126 Erant
2595 1074 2904 1143 antiquarii,
2944 1085 2997 1130 et
3026 1077 3274 1132 custodes
3300 1078 3636 1132 bibliothecae
3672 1080 3737 1132 ad
3772 1079 3915 1132 codi-

2393 1175 2482 1216 ces
2530 1165 2943 1231 componendus,
2998 1166 3079 1219 vel
3133 1182 3230 1235 pro
3282 1176 3546 1221 vetustate
3596 1165 3919 1235 reparandos

2394 1251 2494 1305 sub
2540 1250 2933 1319 Valentiniano,
2971 1253 3205 1320 Valente,
3271 1272 3335 1311 ac
3394 1256 3668 1321 Gratiano,
3701 1256 3736 1309 l.
3766 1272 3802 1309 ιι
3849 1255 3919 1308 De

2394 1337 2533 1391 stud.
2577 1338 2775 1393 liberal.
2798 1341 2916 1395 eod.
2959 1340 3125 1409 Cod.;
3186 1350 3418 1411 quatuor
3474 1342 3668 1408 Graeci,
3710 1353 3763 1397 et
3817 1354 3919 1397 tres

2396 1428 2731 1485 Latir-Non
2784 1430 2952 1497 defuit
3003 1432 3166 1502 igitur
3219 1434 3430 1488 occasio
3472 1431 3751 1488 erudiendi
3800 1433 3917 1496 Nili,

2397 1520 2543 1588 prol‘e
2574 1521 2730 1587 itque
2766 1520 2898 1575 adeo
2944 1523 2997 1576 in
3042 1507 3367 1589 eloquentia,
3425 1523 3669 1592 jurisque
3714 1523 3918 1590 peritia,

2403 1617 2460 1661 ut
2506 1626 2533 1659 n
2578 1611 2757 1663 eruerit
2794 1612 2942 1665 urbis
2996 1610 3387 1679 prafecturam,
3440 1611 3921 1679 Constantinopolis

2399 1698 2661 1750 videlicet.
2700 1696 2924 1751 Dederat
2980 1708 3056 1752 tot
3092 1702 3381 1768 specimina
3424 1700 3532 1768 jam
3608 1699 3661 1751 in
3711 1700 3921 1766 pulvere

2396 1786 2737 1851 scholastice,
2767 1796 2817 1841 et
2848 1788 3224 1843 umbratilibus
3252 1788 3742 1854 exercitationibus,
3771 1796 3922 1855 atque

2396 1874 2866 1931 declamationibus
2932 1868 3037 1945 qua
3083 1878 3439 1946 perspicacize,
3503 1891 3610 1944 qua
3671 1875 3923 1929 facundiae

2397 1976 2527 2026 suae,
2564 1963 2692 2031 quin
2732 1963 3014 2031 aequitatis,
3052 1974 3207 2033 atque
3233 1962 3605 2028 rectitudinis;
3671 1963 3920 2032 juvenili-

2398 2066 2499 2120 que
2526 2052 2579 2105 in
2616 2061 2768 2107 atate
2795 2052 3148 2107 maturitatem
3186 2068 3394 2107 morum
3434 2062 3635 2107 tantam
3701 2066 3919 2119 expres-

2398 2147 2559 2205 serat,
2600 2147 2658 2193 ut
2698 2138 2916 2194 ﬂoribus
2949 2142 3286 2209 praecessisse
3344 2140 3549 2196 fructus
3606 2140 3923 2193 mirarentur

2398 2229 2666 2283 universi:
2713 2229 2971 2297 probitas,
3002 2230 3207 2300 religio,
3238 2240 3423 2299 tatque
3470 2228 3587 2283 aliae
3616 2228 3779 2281 animi
3815 2228 3922 2282 exi«

2398 2320 2519 2374 mia:
2555 2320 2705 2373 dotes
2741 2320 2890 2373 illum
2917 2319 3269 2381 adornabant,
3301 2308 3362 2372 but
3392 2319 3610 2387 praemia
3650 2317 3791 2371 ultro
3810 2316 3917 2383 jam

2399 2388 2762 2476 exposcerent.
2783 2406 2967 2475 Neque
2989 2396 3180 2476 passus
3203 2397 3505 2474 imperator
3522 2406 3785 2461 Arcadius
3809 2415 3923 2459 tan-

2400 2506 2511 2552 tum
2538 2498 2709 2551 virum
2739 2496 2940 2551 diutius
2965 2498 3155 2561 latere,
3187 2496 3238 2549 in
3287 2497 3459 2550 lucem
3514 2494 3715 2561 eduxit,
3754 2504 3805 2549 et
3861 2495 3922 2549 ad

2399 2587 2766 2657 praefecturam
2794 2587 2941 2640 urbis
2978 2598 3105 2639 tunc
3162 2586 3495 2654 regnatricis,
3543 2601 3661 2654 qtue
3718 2585 3922 2639 culmen

2401 2686 2483 2732 est
2526 2677 2865 2742 dignitatum,
2901 2686 3225 2743 vocaturque
3256 2674 3496 2743 βασιλεία
3526 2675 3856 2744 ἀπόρφυρος,
3875 2673 3921 2725 id

2398 2776 2502 2830 est,
2534 2765 2800 2830 imperium
2830 2766 3018 2831 absque
3046 2777 3295 2830 purpura,
3328 2762 3517 2816 merito
3533 2764 3813 2831 plaudente
3835 2776 3924 2830 po-

2403 2856 2549 2925 pulo,
2596 2862 2887 2921 senatuque
2909 2852 3169 2922 gaudente
3200 2837 3462 2921 provexit,
3502 2851 3627 2904 etin
3659 2850 3759 2904 hac
3800 2865 3922 2918 prte-

749 2960 876 2998 .mm
913 2946 965 2997 in
999 2945 1373 3003 Sancto—Sixto
1396 2951 1481 3003 via
1526 2951 1696 3021 Appia
1746 2952 1811 3006 ad
1851 2953 2085 3008 inﬁmam
2126 2953 2295 3009 Piscj-
2330 2963 2371 3020 ο
2404 2946 2542 3000 C8158
2573 2944 2701 2998 base
2733 2943 2891 2996 veluti
2931 2943 3139 3009 signum
3168 2941 3457 3011 expolitum
3498 2940 3717 3007 all'abre,
3765 2942 3924 2993 omni-

776 3048 900 3087 nam
932 3035 984 3086 iu
1026 3033 1169 3090 Valle
1201 3040 1496 3106 oppositam
1530 3041 1774 3094 Thermis
1805 3043 2082 3105 Antonini,
2146 3045 2300 3099 docet

775 3112 1050 3191 inscriptio
1087 3125 1225 3193 apud
1256 3127 1630 3192 Martinellum,
1670 3145 1722 3197 p.
1752 3130 1854 3183 306
1891 3131 2069 3185 Romae
2116 3148 2297 3198 same,

776 3226 896 3266 cum
934 3212 1051 3266 aliis
1074 3214 1458 3283 compluribus.
1497 3218 1735 3273 luitiatus
1764 3234 1889 3286 ergo
1925 3219 2157 3285 Christo,
2196 3230 2300 3276 eta

777 3304 1085 3369 parentibus
1122 3306 1378 3359 educatus
1408 3308 1719 3371 houorilice,
1757 3324 1856 3363 nec
1908 3310 2088 3365 minus
2135 3296 2301 3365 mori-

776 3392 878 3445 bus
914 3407 1071 3459 quam
1107 3393 1295 3448 litteris
1327 3397 1579 3459 imbutus,
1624 3398 1818 3467 ingenii
1870 3402 2071 3454 cultum
2102 3404 2299 3470 cmpit:

778 3494 901 3532 nam
941 3478 1399 3549 Constantinpoli
1440 3484 1697 3538 ﬂorebant
1725 3488 1940 3554 optimm
1970 3499 2131 3551 artes,
2164 3491 2304 3557 vige-

778 3566 907 3618 bant
942 3566 1140 3630 studia,
1175 3566 1616 3638 prolessoresque
1649 3572 1934 3627 clarissimi
1966 3590 2069 3629 non
2126 3590 2306 3645 gram-

778 3653 1025 3706 maticam
1068 3654 1324 3710 duntaxat
1384 3666 1437 3713 et
1500 3659 1842 3727 rhetoricam,
1896 3662 1986 3717 Sed
2049 3664 2306 3734 ingenuas

782 3759 973 3802 omnes
1044 3746 1374 3813 disciplinas,
1440 3750 1779 3814 medicinam,
1828 3751 2302 3820 jurisprudcntiam

772 3834 1277 3904 philosOphiamque
1328 3839 1583 3893 docebant
1614 3841 1667 3894 in
1698 3841 1975 3915 Capitolio.
2012 3841 2072 3894 L.
2114 3859 2191 3905 ιιι,
2235 3843 2308 3894 De

772 3925 964 3983 ,medic.
988 3933 1034 3978 et
1060 3925 1340 3995 professor.
1362 3927 1663 3999 Cod.6&.5
1691 3929 1891 3984 Tlieod.
1911 3942 1962 3984 et
1991 3933 2071 3984 tit.
2095 3932 2165 3984 De
2185 3948 2306 3999 pra-

776 4013 1017 4080 fcssorib.
1050 4018 1137 4083 qui
1164 4018 1218 4070 in
1247 4018 1369 4073 urbe
1406 4018 1798 4088 Constantinop.
1835 4030 1886 4075 et
1916 4021 1995 4074 tit.
2023 4021 2097 4075 De
2123 4024 2307 4076 studiis

772 4100 1078 4164 liberalibus
1111 4106 1246 4159 urbis
1281 4106 1478 4173 Romw,
1516 4118 1565 4163 et
1620 4108 2008 4181 Constantinop.
2038 4112 2114 4166 Ac
2170 4128 2308 4182 prae-

776 4192 964 4245 sertim
990 4192 1025 4246 Ι.
1043 4208 1102 4247 ιιι
1128 4194 1213 4248 ubi
1238 4195 1567 4253 Theodosius
1598 4199 1619 4251 l
1643 4210 1693 4254 et
1724 4199 2118 4257 Valentinianus
2140 4205 2298 4259 Cazss.

779 4279 840 4339 in
877 4280 1140 4335 auditorio
1176 4279 1418 4350 Capitolii
1453 4294 1690 4340 oratores
1725 4296 1835 4341 tres
1873 4303 2115 4352 numero,
2170 4306 2305 4357 quos

779 4367 1037 4421 Romana:
1059 4370 1370 4439 eloquentiae
1395 4372 1633 4427 doctrina
1662 4376 2020 4442 commendat,
2038 4384 2305 4441 statuunt;

785 4460 967 4512 decem
1008 4472 1132 4511 vero
1159 4455 1554 4527 grammaticos.
1594 4464 1651 4519 ιιι
1689 4464 1773 4521 his
1795 4466 1976 4530 etiam,
2005 4468 2096 4536 qui
2126 4466 2311 4521 facun-

778 4547 873 4607 dia
911 4547 1207 4602 Graecitatis
1238 4551 1435 4626 pollere
1466 4562 1756 4610 noscuntur
1790 4557 2027 4626 quinque
2088 4572 2311 4612 numero

781 4637 897 4689 sint
920 4639 1202 4715 sophistae,
1242 4646 1295 4691 et
1329 4643 1659 4706 grammatici
1678 4660 1826 4711 aeque
1841 4647 2022 4700 decem
2050 4664 2065 4711 ;
2096 4658 2147 4701 et
2175 4663 2311 4716 quo-

786 4728 931 4781 niam
972 4743 1075 4781 non
1113 4729 1195 4782 bis
1239 4730 1443 4783 artibus
1476 4739 1677 4784 tantum
1725 4735 2135 4799 adolescentiam
2199 4740 2312 4805 glo-

791 4816 990 4867 riosam
1026 4827 1207 4883 Optant
1235 4819 1459 4882 institui,
1494 4819 1857 4888 profundioris
1895 4838 2107 4892 quoque
2140 4824 2315 4878 scicn-

788 4900 878 4960 tia)
932 4918 1086 4974 atque
1119 4910 1372 4964 doctrinae
1434 4913 1741 4967 memoratis
1788 4915 2057 4983 magistris
2112 4915 2316 4968 sociant

791 5006 1062 5053 auctores.
1132 4996 1303 5052 Unum
1370 5001 1528 5069 igitur
1582 5001 1794 5070 adjuugi
1859 5006 2062 5057 ueteris
2112 5004 2314 5063 volunt,

790 5085 885 5152 qui
932 5086 1275 5153 philosophiae
1307 5102 1498 5142 arcana
1540 5092 1793 5156 rimetur;
1824 5093 1956 5146 duos
1987 5111 2198 5164 quoque
2227 5096 2318 5164 qui

794 5173 932 5239 juris
991 5177 1250 5245 aclcgutn
1322 5176 1575 5233 formulas
1626 5183 1874 5248 pandant.
1947 5184 2068 5236 Erat
2125 5187 2319 5255 quippe

798 5263 1113 5331 Capitolium
1147 5264 1621 5336 Constantinopoli,
1650 5271 1785 5322 sient
1833 5270 2031 5334 Romae,
2074 5275 2123 5326 in
2154 5291 2321 5345 coque

803 5359 1060 5426 porticus,
1102 5358 1151 5409 in
1185 5359 1496 5424 porticibus,
1528 5356 1753 5420 cxcdrae,
1792 5369 1946 5427 atque
1991 5363 2209 5429 cellulm,
2260 5382 2319 5421 ac

804 5448 1085 5509 auditoria,
1126 5448 1176 5499 in
1212 5446 1404 5513 quibus
1442 5445 1776 5515 professores
1803 5447 2130 5513 juventutcin
2160 5453 2322 5507 iniur-

806 5540 1036 5601 ntabant,
1080 5546 1133 5589 ut
1175 5553 1234 5595 ex
1278 5537 1357 5589 liis
1392 5537 1590 5605 legibus
1622 5537 1801 5603 liquet,
1834 5546 1879 5590 et
1908 5537 2057 5601 Lqult.
2092 5541 2158 5593 De
2200 5560 2313 5596 eye-

2399 3034 2603 3100 busque
2648 3030 2931 3096 sculptura:
2958 3030 3192 3083 numeris
3263 3028 3586 3092 absolutum,
3648 3042 3710 3083 ac
3762 3042 3925 3098 Opera

2402 3122 2623 3190 pretium
2649 3119 3107 3187 praeclarissimum
3139 3118 3439 3181 collocavit,
3488 3124 3545 3181 ut
3583 3118 3656 3171 ibi
3716 3118 3921 3186 conspi-

2402 3225 2559 3265 cuum
2588 3209 2756 3277 magis
2787 3208 2957 3273 foret;
3005 3222 3127 3259 nam
3158 3207 3296 3276 ἀρχὴ
3335 3208 3498 3277 ἄνδρα
3559 3207 3844 3269 δείκνυσιν,
3874 3216 3924 3258 ut

2403 3297 2603 3366 vulgari
2646 3296 2810 3349 fertur
2834 3295 3042 3363 adagio,
3068 3296 3116 3347 id
3148 3304 3249 3354 est.
3290 3296 3622 3363 magistratus
3670 3296 3827 3346 virum
3852 3296 3925 3346 in-

2403 3388 2564 3441 dicat.
2598 3384 2897 3439 Honoratus
2923 3386 3128 3453 primus
3161 3383 3276 3437 urbi
3310 3382 3769 3452 Constantinopoli
3796 3398 3919 3451 prae-

2406 3475 2573 3529 fectus
2599 3474 2696 3527 l‘uit
2736 3489 2874 3527 anno
2910 3489 2941 3527 a
2986 3474 3047 3527 C.
3077 3472 3140 3527 N.
3175 3473 3296 3527 559.
3330 3473 3719 3529 Successowm
3789 3488 3850 3527 eo
3878 3472 3923 3524 in

2405 3578 2624 3619 munere
2654 3561 2969 3625 lndiculum,
3016 3577 3108 3615 seu
3178 3564 3429 3616 Notitiam
3500 3563 3724 3630 praebuit
3779 3562 3923 3616 nobis

2404 3669 2575 3724 usque
2605 3653 2669 3708 ad
2706 3667 2903 3706 annum
2936 3651 3059 3713 435,
3090 3650 3402 3728 scliolfastes
3454 3650 3588 3705 Cod.
3645 3652 3920 3711 Theodos.,

2406 3762 2501 3801 nec
2527 3747 2663 3799 inter
2684 3759 2776 3800 eos
2804 3742 3035 3811 comperi
3059 3740 3254 3807 Nilum;
3280 3744 3416 3796 forte
3438 3741 3560 3810 quia
3608 3741 3751 3794 nulla
3771 3749 3925 3794 exstat

2408 3835 2785 3901 imperatorum
2813 3837 2876 3890 ad
2906 3837 3067 3891 illum
3097 3839 3293 3893 directa
3323 3839 3655 3903 constitutio,
3697 3838 3779 3892 vel
3813 3838 3924 3907 quia

2407 3920 2533 3975 latet
2559 3922 2657 3976 sub
2694 3923 2871 3991 aliquo
2901 3924 3006 3976 alio
3043 3928 3256 3980 nomine
3292 3944 3305 3978 :
3355 3937 3481 3980 tunc
3529 3928 3673 3981 enim
3706 3927 3927 3996 pluribus

2408 4012 2708 4065 nominibus
2726 4014 3001 4067 utebantur
3022 4012 3245 4067 Romani
3280 4025 3331 4068 et
3346 4014 3922 4083 ConstantinOpolitani.

2406 4100 2566 4171 646
2616 4099 2837 4155 Nomina
2871 4101 3082 4171 quidem
3115 4101 3332 4156 fuerunt
3369 4102 3433 4155 ad
3487 4102 3733 4157 homines
3752 4103 3925 4171 diguoo

2409 4192 2652 4256 scendos,
2682 4201 2733 4245 et
2760 4192 2822 4245 ad
2856 4194 3307 4263 recognoscendos
3358 4193 3598 4262 singulos
3664 4194 3922 4262 imposita,

2407 4292 2457 4334 et
2478 4292 2779 4359 comparata
2810 4284 3076 4336 eonnnuui
3108 4298 3386 4349 consensu,
3419 4283 3454 4336 l.
3484 4282 3609 4346 ιβ.
3653 4282 3924 4338 Justinian.

2405 4372 2479 4424 De
2507 4373 2671 4439 ingen.
2699 4388 2947 4435 martum,
2966 4373 3092 4441 quin
3124 4373 3282 4446 etiam
3302 4373 3532 4427 nominis
3557 4388 3656 4426 vox
3680 4388 3708 4425 a
3730 4386 3925 4425 noscen-

2407 4458 2472 4510 do
2494 4460 2715 4513 deducta
2745 4470 2844 4515 est.
2877 4461 3079 4514 Nomen
3108 4463 3247 4527 enim
3279 4462 3477 4537 dictum
3512 4462 3663 4529 quasi
3693 4460 3922 4514 novimen

2409 4561 2438 4600 a
2472 4545 2633 4599 Sexto
2656 4546 2938 4615 Pompeio,
2969 4549 3089 4602 licet
3116 4549 3205 4602 alii
3227 4549 3464 4603 derivent
3501 4566 3530 4603 ει
3559 4547 3744 4602 Graeco
3777 4550 3926 4617 ὄνομα

2410 4655 2503 4707 per
2531 4638 2864 4706 aphaeresim.
2887 4637 3343 4705 Quemadmodum
3366 4654 3486 4692 vero
3502 4639 3769 4692 individua
3792 4655 3921 4707 quae-

2411 4743 2535 4796 que,
2570 4744 2662 4782 seu
2700 4743 2939 4796 persona:
2964 4729 3231 4797 sigillatim
3265 4744 3313 4781 e‘
3345 4727 3579 4781 vultibus
3619 4729 3924 4797 dignoscun-

2416 4825 2521 4877 tur,
2550 4825 2600 4868 et
2631 4816 2683 4868 in
2721 4815 2809 4867 illo
2843 4815 3152 4869 discrimine
3186 4812 3440 4865 faeierum
3473 4814 3805 4867 admirabilis
3856 4823 3922 4866 est

2414 4907 2751 4975 potissimum
2779 4920 2954 4957 rerum
2991 4902 3227 4955 omnium
3259 4900 3516 4957 Condito‘r
3543 4901 3703 4965 Deus,
3732 4902 3802 4954 ita
3828 4902 3919 4954 vul‘

2418 5008 2522 5063 tus,
2547 5009 2593 5052 et
2631 5014 2817 5051 nomen
2851 4997 3241 5062 mquiparantur
3274 4996 3324 5049 in
3363 4996 3464 5048 ista
3497 4995 3787 5059 varietate;
3819 5006 3922 5045 nam

2417 5097 2469 5141 ct
2503 5090 2555 5141 in
2587 5087 2719 5141 Vitis
2756 5085 2966 5137 Patrum
3008 5084 3056 5137 id
3088 5087 3297 5153 legitur,
3329 5092 3382 5137 et
3414 5092 3565 5149 poeta
3616 5081 3789 5149 canit,
3844 5095 3923 5149 p0-

2424 5186 2696 5242 steaquam
2750 5171 2996 5224 avulsum
3055 5170 3215 5224 fuerit
3242 5169 3477 5222 humeris
3510 5168 3709 5221 Priami
3764 5176 3922 5235 caput,

2418 5264 2647 5331 jacuisse
2676 5275 2865 5328 corpus
2897 5259 3037 5312 illius
3064 5259 3176 5311 sine
3219 5256 3453 5309 nomine.
3511 5256 3599 5308 Ad‘
3654 5256 3922 5310 discrimen

2422 5354 2588 5422 magis
2627 5351 2913 5420 singulare,
2943 5349 3145 5401 Hchrfei
3182 5356 3232 5400 ct
3281 5346 3448 5398 Grzrci
3483 5346 3697 5399 Patrum
3731 5346 3923 5398 nctniua

2420 5444 2649 5517 pl‘OpfiiS
2675 5441 2969 5494 addebant:
3006 5438 3186 5489 Simon
3217 5436 3389 5490 dictus
3418 5436 3666 5496 Bariona,
3689 5436 3738 5489 id
3768 5444 3843 5488 est
3873 5434 3924 5486 li-

2432 5536 2531 5587 lius
2574 5532 2735 5592 Jonai,
2773 5547 2861 5583 seu
2918 5529 3203 5591 Columbae,
3264 5526 3507 5579 Socrates
3580 5521 3921 5593 Sophronisci.

3786 258 3913 324 1372
3998 240 4003 244 ’
