4122 6338
255 303 394 365 1573

1447 275 1450 278 ’
1508 318 1608 376 DE
1658 311 1837 378 Vin
1863 322 1921 381 s.
1961 322 2148 383 NILI.

3283 303 3285 305 ’
3322 337 3462 403 ιδτε

248 408 470 500 Belides
513 412 769 485 Achilles,
825 419 1024 474 Atrida:
1052 418 1321 476 Menelaus
1351 420 1402 478 et
1430 426 1816 495 Agamemnon,
1849 439 1890 489 Α
1923 433 2094 494 riuus,
2147 432 2422 490 Abundius
2458 416 2814 495 Eleutlterius.
2847 439 3144 498 Binominis
3168 445 3327 499 etiam
3353 447 3452 500 fuit

250 499 494 569 Tydides
525 502 824 569 Diomedes,
859 517 911 560 ct
935 508 1038 562 alia
1065 504 1116 564 id
1149 526 1317 578 genus
1347 515 1564 568 nomina
1625 525 1802 585 patro-

247 588 494 658 nyniica.
525 589 753 646 Romani
820 596 1236 662 prarnominibus
1286 599 1649 666 adjunxerunt
1708 617 1806 655 no-

247 676 402 730 mina
438 680 700 747 gentium,
737 697 830 736 seu
866 684 1215 750 familiarum,
1258 699 1368 740 tum
1419 690 1579 742 etiam
1640 691 1803 745 variis

245 781 279 819 ο
314 771 540 824 casibus
577 781 630 824 et
661 773 840 826 causis
888 777 1225 843 cognomina,
1259 778 1333 829 uti
1369 789 1552 832 narrat
1597 780 1804 834 Plutar-

245 861 414 926 chus,
437 863 614 916 tom.l
663 863 774 918 Vir.
806 865 1001 918 illustr.
1034 867 1086 919 in
1109 866 1408 934 Coriolano,
1436 871 1625 926 deinde
1641 888 1804 942 agno-

245 951 436 1006 mina:
468 969 652 1008 verum
694 965 874 1022 postea
901 957 1117 1010 nomina
1150 958 1203 1011 in
1247 962 1565 1028 cognomina
1623 973 1800 1018 trans-

246 1038 456 1103 ierunt,
511 1052 565 1096 et
611 1043 851 1098 vicissim
887 1033 1234 1113 praenomina.
1292 1049 1476 1102 Stante
1530 1052 1800 1118 republica

245 1132 681 1197 praemittebatur
716 1143 768 1189 et
796 1134 1170 1204 praeferebatur
1197 1127 1520 1205 praenomen,
1563 1157 1655 1195 seu
1684 1158 1802 1210 pcr-

247 1234 426 1284 sona:,
459 1236 525 1275 ac
554 1223 812 1276 individui
850 1239 1068 1289 nomen,
1098 1240 1205 1293 quo
1258 1226 1327 1280 ab
1387 1228 1506 1282 aliis
1560 1230 1799 1298 ejusdem

249 1305 499 1372 familiai,
532 1311 645 1371 sive
673 1313 849 1382 gentis
878 1315 1000 1382 quis
1049 1313 1496 1383 distinguebatur,
1528 1328 1579 1371 et
1603 1318 1803 1372 discer-

248 1397 523 1463 nebatur,-
577 1417 668 1455 seu
713 1403 994 1471 proprium
1063 1405 1470 1469 nomen,valiis,
1533 1407 1622 1475 qui
1693 1423 1798 1460 non

246 1497 408 1541 erant
453 1503 483 1542 e
536 1500 710 1559 gente,
743 1493 854 1545 sive
903 1492 1101 1547 familia
1127 1495 1285 1548 etiam
1328 1510 1651 1563 commune;
1689 1506 1800 1550 tum

248 1592 452 1632 nomen
485 1582 824 1648 gentilitium,
857 1594 950 1637 aut
971 1582 1229 1638 familiare
1266 1589 1618 1653 atterebatur,
1659 1588 1800 1656 quod

249 1671 649 1725 contribulibus
685 1684 737 1726 et
774 1675 1061 1742 gentilibus
1090 1678 1675 1741 communicabatur,ct
1695 1693 1798 1732 non

1903 535 1969 572 an
2013 522 2316 577 trinomiuis
2357 563 2398 590 ,.
2428 524 2654 580 Tascius
2681 527 2980 597 Cyprianus
3003 533 3288 600 episcopus
3325 533 3454 586 Car-

1901 611 2255 678 thaginiensis,
2288 623 2339 666 et
2379 626 2601 684 martyr,
2654 626 2744 670 aut
2774 617 2924 673 Titus
2983 621 3178 675 Ascius
3229 621 3452 690 Cypria-

1901 714 2022 764 nus,
2049 701 2122 762 uti
2153 700 2368 756 Z0ticus
2415 701 2656 758 Getulius
2686 717 2898 777 martyr
2930 708 3287 775 Tiburtinus;
3324 727 3429 765 non

1911 789 2056 842 nulla
2106 800 2279 844 tamen
2331 794 2546 848 nomina
2597 807 2852 868 tanquam
2913 798 3125 853 familia:
3169 801 3449 854 usitatiora

1901 879 2140 946 crebrius
2166 880 2512 946 iterabantur,
2566 892 2681 936 tlte
2737 884 2907 939 Variis
2961 888 3260 942 Cassiodori
3309 901 3451 958 patet

1902 967 1966 1020 ad
1997 982 2196 1022 annum
2255 971 2314 1024 C.
2344 970 2406 1024 N.
2451 987 2535 1024 ac.
2598 988 2717 1026 cum
2761 990 2819 1028 se
2867 978 3291 1046 superfudissent
3341 982 3448 1044 im-

1898 1053 2046 1119 perio
2079 1051 2317 1109 Romano
2335 1056 2685 1111 Barbararum
2712 1061 2945 1127 gentium
2969 1067 3235 1130 examina,
3264 1074 3314 1133 et
3336 1083 3450 1122 sus-

1901 1141 2074 1208 deque
2165 1146 2344 1199 omnia
2408 1147 2864 1216 permiscuisscnt,
2933 1162 3006 1207 et.
3059 1156 3445 1220 confudissent,

1900 1232 2044 1286 nulla
2083 1242 2205 1286 sunt
2238 1235 2417 1289 relicta
2471 1238 2838 1312 nominalium
2872 1240 3238 1310 hujuscemodi
3283 1247 3449 1300 vesti-

1901 1323 2005 1390 gia.
2045 1322 2226 1376 Potuit
2267 1324 2430 1393 igitur
2471 1327 2571 1380 sub
2621 1328 2725 1381 alio
2769 1331 2945 1397 aliquo
2976 1335 3190 1388 nomine
3216 1333 3366 1391 Nilus
3393 1337 3444 1389 in

1904 1410 2267 1467 boclndiculo
2323 1417 2698 1491 praefectorum
2759 1420 2908 1472 urbis
2959 1421 3448 1494 Constantinopoli-

1901 1510 2035 1554 tanae
2057 1504 2330 1558 occultari.
2351 1505 2586 1558 Praefecti
2617 1508 2854 1574 profecto
2871 1526 3091 1566 munere
3119 1521 3222 1566 tam
3239 1518 3448 1583 egregie
3483 1574 3497 1582 ἢ

1901 1591 2113 1646 functus
2135 1603 2234 1656 est,
2254 1604 2308 1647 ut
2330 1597 2709 1662 exspectationi
2734 1598 2958 1666 Augusti
2978 1599 3160 1655 fecerit
3175 1604 3322 1667 satis,
3350 1620 3446 1658 nec

1900 1686 2042 1738 aliud
2076 1686 2203 1739 mihi
2239 1687 2562 1755 persuadent
2592 1689 2898 1758 quicunque
2929 1691 2994 1745 de
3026 1692 3116 1747 illo
3163 1695 3444 1748 scribunt:

251 1759 500 1827 reliquis,
533 1762 623 1829 qui
649 1778 678 1816 e
709 1762 909 1817 familia
944 1781 1051 1819 non
1089 1774 1242 1820 erant
1273 1784 1287 1819 :
1325 1767 1517 1828 deinde
1539 1770 1803 1837 co'gnomi-
1836 1747 1875 1799 Β
1905 1777 2080 1830 exitus
2133 1785 2276 1830 certe
2311 1787 2425 1831 acta
2458 1779 2740 1848 probavit;
2773 1796 2897 1834 nam
2928 1797 3051 1837 cum
3074 1793 3292 1839 uxorem
3342 1787 3444 1853 du-_

247 1862 344 1907 na.
372 1859 428 1901 et
461 1854 741 1919 agnomina
767 1863 890 1907 sunt
919 1855 1144 1919 adnexa,
1175 1857 1300 1924 quia
1327 1857 1379 1909 in
1407 1849 1518 1910 una
1537 1871 1689 1927 gente
1721 1859 1802 1912 di-

248 1938 365 1990 visa
399 1941 450 1991 in
469 1951 680 2008 stirpes,
698 1943 912 2010 plurimi
934 1944 1120 1996 eodem
1154 1937 1274 1998 cum
1304 1949 1628 2013 praenomine
1646 1958 1803 2016 atque

245 2027 473 2080 nomine
502 2031 984 2096 cowperiebantur,
1009 2032 1135 2100 quin
1167 2041 1361 2086 etcum
1386 2035 1570 2087 eodem
1606 2050 1802 2104 cogno-

244 2117 417 2168 mine.
457 2115 725 2192 Videndus
763 2118 1146 2185 Victorinusin
1187 2121 1356 2177 libros
1391 2121 1799 2180 Rhetoricorum

241 2203 547 2259 Ciceronis.
610 2208 900 2276 Republica
929 2227 1133 2275 eversa,
1163 2221 1216 2266 et
1243 2213 1343 2265 sub
1365 2212 1796 2281 imperatoribus,

241 2296 634 2368 subjiciebatur
674 2313 865 2352 nomen
892 2301 1186 2369 proprium,
1220 2318 1312 2356 seu
1330 2318 1512 2356 verum
1539 2304 1797 2357 individui

243 2399 554 2452 praenomen
585 2389 983 2456 appellativum,
1025 2392 1337 2462 dictumque
1394 2393 1634 2447 absolute
1698 2410 1797 2447 no-
1840 2401 1844 2408 '

243 2488 370 2526 men
397 2475 542 2542 (cum
571 2478 675 2530 alia
705 2479 1009 2545 promiscue
1059 2483 1293 2545 nomina,
1322 2483 1660 2551 cognomina,
1713 2483 1809 2538 vel

241 2565 534 2629 agnomina
618 2568 978 2632 vocitarentur
1032 2571 1193 2637 petita
1244 2571 1707 2625 indiscriminatim
1764 2589 1794 2627 a

241 2657 573 2722 parentibus,
610 2660 691 2711 vel
718 2674 814 2728 pro
843 2661 1066 2716 arbitrio
1091 2661 1323 2730 aliunde)
1345 2662 1448 2716 illis
1463 2665 1790 2727 nominibus,

242 2749 684 2814 cognominibus,
725 2760 779 2805 et
827 2753 1225 2817 agnominibus,
1287 2755 1449 2808 etiam
1489 2755 1791 2825 geminatis,

243 2843 304 2886 ut
335 2837 585 2890 observat
613 2839 931 2893 Sirmondus
955 2841 1030 2912 (in
1061 2841 1211 2896 Notis
1269 2843 1640 2912 ad-Epistolas
1708 2844 1792 2898 Si-

242 2925 418 2991 donii,
489 2936 675 2983 contra
730 2921 986 3000 Angelum
1049 2932 1369 2986 Politianum
1421 2950 1450 2987 e
1507 2935 1787 3000 Suetonio,

1901 1865 2086 1925 xisset,
2115 1863 2254 1916 haud
2305 1865 2464 1918 dubie
2505 1881 2810 1934 comparem
2865 1869 3079 1933 virtute,
3112 1885 3177 1924 ac
3231 1872 3443 1942 pietate,

1901 1962 2058 2018 atque
2089 1950 2545 2013 honestissimam,
2581 1961 2639 2004 ut
2671 1951 2771 2006 fert
2803 1954 3160 2024 Menologium
3198 1960 3442 2013 Graecum

1899 2037 1983 2090 die
2039 2036 2102 2088 12
2135 2035 2474 2099 Novembris,
2523 2039 2758 2092 duos-ex
2811 2055 2872 2093 ea
2933 2045 3157 2098 SUSeeb
3227 2039 3441 2106 hberos,

1900 2141 2124 2189 marem,
2156 2135 2210 2180 et
2244 2126 2518 2189 feminam,
2556 2137 2607 2181 et
2641 2128 2754 2196 ipse
2808 2128 2964 2182 Nilus
3007 2140 3201 2186 narrat
3265 2132 3447 2187 ﬂebili-

1899 2223 1978 2269 ter
2023 2213 2076 2268 in
2125 2217 2430 2285 Διηγήμασι
2472 2220 2546 2279 εὶς
2577 2217 2672 2286 τὴν
2702 2218 2976 2286 ἀναίρεσιν
3048 2220 3110 2272 ἐν
3141 2221 3197 2272 ὲν
3223 2221 3301 2289 τῷ
3331 2220 3444 2290 δραι

1897 2305 2022 2374 Σινᾷ
2065 2305 2325 2373 μοναχῶν,
2352 2306 2442 2358 καὶ
2490 2309 2568 2368 εὶς
2599 2306 2695 2376 τὴν
2752 2308 3125 2376 αἰχμαλωσίαν
3159 2309 3441 2362 Θιοδούλου

1895 2393 1983 2446 τοῦ
2014 2393 2127 2446 υἱοῦ
2161 2394 2341 2458 αὑτοῦ,
2375 2396 2423 2448 id
2452 2406 2551 2460 est,
2585 2395 3012 2463 Narratiouibus,
3032 2399 3216 2467 quibus
3254 2400 3446 2452 credent

1895 2479 2259 2561 mpnnchorum
2286 2487 2471 2537 montis
2506 2483 2654 2550 Sina,
2688 2495 2740 2538 et
2806 2487 3152 2554 captivitatem
3204 2487 3304 2556 ﬁlii
3361 2489 3446 2540 sui

1894 2559 2157 2623 describit.
2194 2571 2324 2637 Ejus
2372 2587 2476 2632 non
2512 2587 2730 2640 possum
2766 2575 2899 2627 satis
2952 2573 3172 2628 laudare
3197 2585 3449 2628 constan-

1893 2658 2019 2710 tiam
2060 2659 2112 2710 in
2171 2656 2466 2723 Belatione,
2519 2675 2678 2726 quam
2746 2660 2890 2714 dedit
2931 2661 3082 2715 Nilus
3119 2662 3446 2732 (prmfcctus

1891 2747 2032 2802 enim
2065 2747 2180 2800 urbi
2207 2746 2414 2801 videtur
2445 2760 2510 2802 eo
2539 2756 2798 2817 tempore,
2863 2749 2930 2804 ad
2984 2765 3185 2805 annum
3237 2751 3444 2806 scilicet

1889 2836 1949 2889 C.
1979 2834 2042 2888 Ν.
2073 2837 2196 2901 ωδ,
2234 2845 2354 2905 post
2381 2835 2720 2902 Clearcbum,
2758 2839 2849 2907 qui
2895 2840 3263 2907 magistratum
3292 2841 3444 2895 illum

1891 2934 2126 2991 gesserat
2146 2923 2395 2987 triennio,
2418 2922 2573 2976 annis
2598 2937 2785 2992 nempe
2812 2923 2932 2989 599,
2951 2923 3072 2990 401,
3097 2925 3219 2985 402,
3250 2925 3445 2994 fuisse,

245 3015 533 3069 Plutarcho
579 3019 632 3070 in
661 3019 720 3072 C.
775 3019 944 3071 Mario
998 3021 1342 3074 Posidonium
1384 3032 1659 3090 arguentc,
1710 3023 1789 3074 fa-

1893 3012 2138 3079 quamvis
2172 3013 2447 3066 semestris
2474 3021 2676 3065 tantum
2743 3023 2885 3066 esset
2944 3014 3089 3067 urbis
3127 3013 3440 3082 praefectura

244 3107 366 3171 stis,
404 3107 852 3176 inscriptionibus
902 3111 1156 3179 lapidum,
1183 3120 1235 3164 ct
1265 3111 1545 3174 librorum,
1599 3127 1661 3166 ex
1699 3111 1793 3166 Isi-

243 3197 380 3250 doro
409 3198 499 3250 lib.
535 3215 642 3252 xvit
707 3198 913 3270 Origin.
953 3212 1004 3254 et
1035 3217 1063 3255 e
1087 3203 1406 3257 Prmfatione
1456 3203 1667 3268 Avien.)
1707 3204 1792 3256 ubi

244 3288 358 3341 vult
399 3289 458 3344 C.
481 3289 698 3344 Sollium
730 3291 1003 3346 Sidonium
1037 3295 1390 3361 Apollinarem
1420 3295 1598 3348 vocari
1637 3294 1796 3361 Apol-

243 3375 492 3442 liuarem,
538 3380 862 3434 Macrobium
917 3383 1189 3435 Aurelium
1233 3382 1585 3436 Theodosium
1618 3384 1794 3450 potius

241 3464 627 3533 Theodosium,
695 3471 912 3525 Sextum
989 3471 1202 3524 Rullum
1289 3472 1548 3525 Avienum
1614 3473 1794 3541 potius

242 3554 531 3617 Avienum,
567 3557 815 3627 Magnum
877 3561 1148 3613 Aurelium
1204 3561 1560 3629 Augustinum
1617 3564 1793 3630 potius

241 3645 621 3713 Augustinum,
680 3649 923 3703 Anicium
994 3650 1267 3704 Manilium
1329 3651 1792 3705 SeverinumBoe-

241 3735 413 3788 thium
475 3739 655 3804 potius
713 3738 1016 3803 Boethium,
1075 3741 1282 3793 Petrum
1309 3740 1536 3793 Felicem
1569 3740 1790 3794 Marcel-

240 3823 414 3877 linnm
447 3825 715 3878 Liberium
753 3831 927 3894 petius
951 3827 1242 3888 Liberium,
1275 3830 1365 3895 qui
1420 3826 1483 3880 Υ.
1517 3827 1575 3881 C.
1605 3829 1791 3895 praefe-

241 3920 362 3964 ctus
394 3914 636 3977 praetorio
665 3911 978 3974 Galliarum,
1005 3925 1056 3967 et
1083 3915 1336 3982 patricius
1366 3931 1395 3968 a
1425 3915 1641 3968 librario
1667 3930 1788 3983 per-

240 4014 425 4067 peram
452 4001 707 4054 dividitur
735 4005 785 4055 in
819 4014 1067 4070 quatuor,
1108 4005 1287 4076 .647
1339 4006 1391 4058 in
1443 4006 1788 4074 sebscriptio-

242 4085 404 4140 nibus
447 4089 661 4142 concilii
695 4085 1252 4145 SecundiArausicani
1299 4094 1363 4146 ad
1397 4107 1596 4146 annum
1663 4092 1784 4156 5‘29,

243 4184 301 4229 ut
347 4176 512 4245 liquet
539 4193 568 4231 e
594 4177 713 4232 Vita
770 4181 938 4234 sancti
969 4181 1184 4234 Caesarii
1229 4181 1554 4234 Arelatensis
1582 4180 1788 4233 archie-

242 4265 468 4332 piscopi,
502 4281 556 4331 p.
586 4267 647 4320 Ἢ
703 4267 1011 4336 Chronolog.
1047 4268 1352 4332 Lirinensis,
1383 4262 1469 4321 ubi
1526 4277 1580 4321 et
1643 4283 1782 4321 uxor

1899 3110 2112 3169 propter
2166 3100 2576 3170 amplitudinem
2631 3101 2929 3169 potestatis,
2980 3111 3032 3155 et
3078 3105 3439 3171 praestantiam

1896 3186 2188 3252 dignitatis,
2234 3202 2353 3255 quae
2377 3187 2600 3256 prepius
2646 3187 2936 3241 accedebat
2970 3189 3035 3241 ad
3066 3190 3314 3243 verticem
3339 3190 3440 3243 ini-

1895 3278 2048 3346 perii,
2067 3286 2120 3332 et
2136 3278 2207 3331 illi
2237 3277 2824 3342 videbaturlmminere,
2848 3287 3009 3347 atque
3033 3291 3276 3348 suspecta
3298 3296 3435 3345 esse,

1894 3367 1938 3419 si
1973 3367 2272 3419 diuturnior
2297 3365 2475 3434 foret),
2495 3366 2643 3420 Nilus
2673 3367 2915 3434 inquam,
2948 3370 3039 3435 qui
3070 3383 3435 3422 successorem

1893 3470 2032 3508 anno
2061 3454 2165 3508 404
2219 3455 2405 3507 habuit
2439 3455 2705 3517 Studium,
2741 3471 2860 3510 cuin
2914 3472 3009 3525 pro
3061 3474 3279 3512 munere
3338 3473 3438 3512 suo

1893 3554 2134 3596 senatum
2159 3543 2534 3608 consuluisset,
2571 3553 2641 3608 et,
2672 3546 2797 3613 quia
2832 3544 2949 3613 pius
2975 3557 3110 3610 erat,
3149 3547 3438 3613 imperator

1891 3631 2153 3686 Arcadius
2194 3631 2336 3685 illius
2367 3647 2422 3686 se
2466 3633 2711 3700 precibus
2745 3633 2810 3686 ad
2853 3634 3018 3687 Deum
3067 3637 3439 3690 commendas-

1891 3728 1988 3774 ενι.
2023 3719 2285 3772 Rescribit
2318 3721 2540 3786 epistola
2566 3721 2672 3773 235
2700 3721 2906 3774 Possiui
2933 3724 3022 3776 lib.
3048 3740 3108 3786 tt,
3148 3725 3302 3791 epist.
3332 3725 3439 3780 965

1889 3807 2088 3869 Allatii,
2115 3809 2382 3876 quomodo
2410 3810 2698 3877 imperator
2745 3810 3265 3882 Constantinopolim
3318 3830 3435 3868 cre-

1893 3896 2140 3949 berrimis
2199 3897 2609 3959 terrmmotibus,
2663 3896 2718 3950 et
2774 3898 3104 3954 immissione
3172 3901 3434 3966 frequenti

1885 3985 2401 4058 eaeathereorum
2435 3986 2630 4056 ignium
2649 3988 2922 4042 liberatam
2950 3973 3164 4056 cuperet
3186 4003 3430 4053 cernere,

1886 4081 2442 4136 cum-innumerabilia
2478 4082 2605 4134 inibi
2645 4081 2835 4149 ﬂagitia
2874 4081 3163 4155 coimnissa
3188 4077 3197 4090 ’
3227 4093 3429 4145 essent,

1884 4182 1935 4225 et
1974 4173 2244 4226 licentiam
2280 4171 2475 4224 ibidem
2508 4171 2728 4222 multam
2763 4171 3019 4238 iniquitas
3046 4187 3168 4226 cum
3218 4173 3433 4227 horrida

1884 4260 2124 4312 libertate
2154 4259 2439 4312 dominans
2471 4268 2763 4322 exerceret,
2800 4278 2818 4310 ι
2849 4261 3068 4328 depulsa
3107 4262 3156 4314 in
3189 4262 3433 4325 exsilium

241 4354 362 4421 ejus
390 4355 634 4422 Agrmcia
659 4358 987 4420 enuntiatur,
1017 4355 1232 4409 Flavius
1269 4354 1454 4418 Valila,
1482 4370 1574 4408 seu
1607 4353 1775 4408 Vallia
1811 4356 1856 4414 D
1883 4350 2133 4404 columna
2199 4348 2462 4412 Ecclesia,
2527 4349 2727 4404 lumine
2786 4352 3024 4405 veritatis
3081 4351 3347 4403 exstincto
3379 4359 3432 4406 οι

244 4442 476 4508 Quintus
510 4444 843 4498 Theodosius
899 4445 951 4496 in
996 4445 1182 4498 Donat.
1243 4443 1509 4497 Tiburtin.
1560 4443 1781 4512 Charta,

243 4550 406 4603 quam
439 4535 654 4602 protuli,
700 4535 812 4604 jam
851 4535 974 4588 inde
1012 4535 1079 4588 ab
1111 4549 1251 4588 anno
1280 4534 1377 4587 471
1408 4544 1657 4588 exarata:
1688 4552 1786 4591 nec

243 4625 388 4677 enim
415 4633 577 4688 stata,
606 4633 659 4678 et
681 4633 848 4686 certa,
889 4634 948 4677 ut
988 4624 1136 4688 olim,
1164 4622 1395 4691 generis,
1447 4638 1512 4678 ac
1569 4623 1786 4685 familia:

246 4715 505 4769 vocabula
534 4724 660 4769 tunc
687 4716 741 4768 in
792 4712 1246 4781 usu-fuere,quaa
1316 4712 1574 4767 fratribus
1627 4716 1784 4768 etiam

241 4806 552 4858 communia
595 4805 788 4869 forent,
847 4815 899 4858 et
927 4805 990 4857 ad
1023 4799 1266 4871 pOSIéros
1294 4803 1603 4867 transirent,
1653 4804 1785 4855 adeo

246 4903 305 4946 ut
335 4894 538 4946 nullum
585 4896 795 4949 tandem
847 4895 1078 4957 familiae,
1155 4893 1357 4950 nullum
1401 4894 1570 4961 gentis
1623 4895 1781 4945 fixum

244 4997 442 5038 nomen
477 4981 655 5034 fuerit.
711 4983 767 5033 In
800 4984 1003 5048 aliquot
1031 4983 1281 5037 Romanis
1304 4983 1646 5051 pontificibus
1677 4981 1784 5035 duo

246 5071 465 5125 nomina
495 5071 736 5138 reperio:
775 5071 966 5124 Caelius
989 5075 1159 5126 dictus
1192 5071 1561 5141 Symmachus,
1591 5070 1783 5125 Caelius

247 5160 582 5224 Hormisdas,
614 5162 835 5230 ejusque
864 5160 1004 5215 filius
1032 5149 1224 5216 Caelius
1256 5161 1534 5225 Silverius,
1569 5162 1696 5229 quin
1730 5172 1784 5216 ct

249 5252 445 5306 Cadius
476 5251 790 5306 Laurentius
825 5251 1090 5319 antipapa,
1119 5253 1438 5319 Calpurnius
1471 5252 1780 5316 Pontianus,

252 5344 517 5400 Domitius
541 5345 813 5408 Callistus,
859 5342 1182 5397 Concordius
1234 5342 1406 5403 Soter,
1444 5341 1674 5397 Joannes
1739 5345 1780 5398 ll

250 5446 606 5505 cognomento
670 5435 984 5498 Mercurius,

255 5524 500 5579 Bonosus
529 5526 843 5580 Benedictus
876 5521 915 5588 l‘,
946 5521 1196 5576 Rusticus
1225 5523 1478 5589 Agapitus
1512 5521 1550 5587 l,
1611 5523 1782 5577 Julius

257 5615 557 5687 Stephanus
587 5616 625 5682 l‘,
655 5616 848 5670 Fabius
897 5611 1181 5677 Fabianus,
1240 5611 1517 5667 Abundius
1579 5613 1782 5685 Zephy-

1064 5431 1296 5486 Joanues
1345 5433 1411 5486 ΙΙΙ
1468 5433 1804 5498 Calelliuus,‘

1886 4443 2011 4500 tuba
2075 4444 2300 4498 inhibita
2347 4445 2577 4506 Christi,
2650 4441 2855 4496 Joanne
2940 4439 3248 4493 beatissimo
3321 4441 3434 4507 epi-

1886 4547 2088 4600 sc0po;
2123 4532 2249 4600 quid
2297 4547 2382 4586 me
2424 4532 2656 4585 hortaris
2714 4529 2787 4582 uti
2853 4529 3040 4596 digner
3087 4542 3272 4596 preces
3314 4526 3434 4580 fun-
3508 4588 3509 4591 η

1885 4623 2032 4684 dere,
2079 4619 2338 4674 titubante
2366 4623 2497 4675 urbe
2521 4636 2628 4688 pra:
2653 4620 2830 4672 divina
2861 4619 3160 4682 iracundia,
3194 4628 3246 4670 et
3300 4633 3432 4685 quo-

1884 4712 2010 4766 tidie
2035 4712 2342 4780 opperiente
2363 4719 2725 4780 tempestates,
2747 4725 2832 4764 me
2851 4710 2958 4776 jam
2983 4717 3198 4778 propter
3229 4715 3430 4772 metum

1884 4804 2160 4875 fulgurito,
2195 4805 2628 4874 cogitationeque
2656 4818 2772 4857 mea
2795 4803 3104 4877 ﬂuctuante,
3132 4806 3430 4867 atquecon-

1885 4910 2042 4948 cussa
2098 4902 2312 4962 propter
2357 4908 2635 4948 excessum
2677 4893 2971 4944 facinorum
3007 4903 3126 4956 qua:
3174 4889 3428 4956 tempori-

1885 4985 1982 5038 bus
2017 4984 2163 5036 hisce
2206 4983 2341 5049 apud
2375 4982 2685 5050 Byzantium
2715 4980 2910 5045 injuste
2947 4985 3156 5045 patrata
3189 4976 3380 5030 fuere?
3405 4995 3424 5030 ι

1885 5074 2199 5128 Dnbitabam
2227 5071 2515 5138 aliquando
2534 5085 2598 5123 ne
2621 5069 2723 5123 ista
2745 5068 2963 5137 epistola
2981 5067 3168 5122 fuisset
3192 5073 3426 5131 exarata,

1885 5173 2161 5231 postquam
2196 5159 2346 5214 Nilus
2372 5161 2557 5215 abiens
2583 5157 2898 5226 praefectura
2937 5157 3285 5211 monasticam
3315 5169 3429 5206 ante

1883 5254 2069 5321 plexus
2098 5260 2177 5304 est
2211 5251 2396 5315 vitam,
2421 5258 2636 5317 propter
2659 5263 2720 5301 ca
2749 5248 2928 5310 verba,
2953 5245 3116 5309 «Quid
3145 5259 3228 5297 me
3250 5244 3404 5298 horta

1883 5344 1955 5395 ris
1989 5341 2062 5393 uti
2096 5341 2278 5409 digner
2299 5355 2483 5408 preces
2508 5338 2728 5392 fundere
2753 5354 2768 5402 ;
2795 5355 2812 5387 ι
2845 5335 2934 5388 sed
2961 5350 3082 5387 cum
3115 5337 3343 5388 venisset
3375 5335 3426 5386 in

1892 5439 2141 5492 mentem,
2177 5443 2373 5480 munus
2408 5442 2527 5482 esse
2580 5423 2810 5494 praefecti
2845 5422 2994 5475 urbis
3024 5422 3305 5475 consulere
3348 5436 3430 5472 se-

1885 5500 2188 5580 natumfet
2214 5518 2314 5572 nisi
2353 5519 2486 5573 fusis
2521 5518 2626 5582 Deo
2679 5513 2925 5581 precibus
2991 5513 3164 5580 ipsum
3214 5510 3425 5578 aggreui

1885 5609 2172 5678 quidquam
2210 5610 2348 5662 haud
2383 5609 2615 5669 solitum,
2676 5615 2780 5658 tam
2846 5603 2910 5656 de
2951 5616 3096 5655 more
3147 5599 3425 5679 orthodoxi
