4122 6338
703 269 835 332 i375

1414 276 1557 336 ros.
1598 275 1854 335 MARLE
1889 274 2237 336 sumesn
2269 252 2496 338 LIBER
2530 281 3147 348 CHRONOLOGICUS
3214 332 3217 335 λ

3722 290 3860 354 1376

699 387 915 435 senatus
946 376 1104 442 illius,
1135 365 1293 448 qnam
1350 382 1475 449 quia
1511 382 1791 450 religiosus
1829 390 1944 435 erat
1975 383 2106 450 ipse,
2137 398 2233 435 au-
2259 385 2306 441 A
2334 401 2450 439 rum
2499 389 2657 444 rebus
2697 393 2973 460 permultis
3023 405 3223 457 sancte,
3262 410 3325 450 ac
3352 412 3449 479 pro
3471 397 3726 469 dignitate
3760 417 3858 471 ge-

624 469 627 477 '
699 465 979 532 diebatque
1006 482 1127 521 vero
1155 469 1292 535 pius,
1321 485 1438 522 eam
1466 486 1495 523 a
1525 469 1642 524 Nilo
1666 472 2017 539 conscriptam
2052 472 2226 525 adhuc

698 551 843 605 urbis
868 552 1111 618 praefecto
1137 556 1462 610 existimavi.
1514 556 1779 612 Persuasit
1814 559 1865 613 id
1892 560 2019 612 mihi
2074 560 2225 614 Ruti-

696 639 797 691 lius
843 640 1092 695 Claudius
1116 641 1467 697 Numatianus
1500 644 1700 707 Gallus,
1731 646 1820 699 lib.
1858 662 1875 699 ι
1928 646 2219 713 Itiuerarii,

592 788 597 793 ἢ
694 726 784 792 qui
816 728 1095 795 prmfectus
1130 719 1246 785 ὡ·ὺί
1276 732 1474 797 Rontaa,
1510 734 1741 803 antiqua:
1785 723 2086 802 nimirum,‘
2121 737 2222 792 fuit

693 829 833 869 anno
864 817 931 869 ab
961 816 1104 872 Urbe
1133 821 1342 873 condita
1378 821 1531 886 1169,
1549 822 1676 877 istis
1707 823 1979 877 versibus:

915 944 1012 1000 non
1044 929 1284 1000 displicui
1327 948 1554 1000 regerem
1597 949 1712 985 cum
1730 935 1857 999 jura
1883 934 2113 1000 Quirini,

934 997 1067 1046 colui
1104 1007 1326 1068 sanctos,
1356 993 1690 1068 constituique
1719 993 1943 1064 Patres,

826 1060 967 1125 Nam
1012 1066 1147 1130 quod
1192 1066 1334 1117 nulla
1399 1083 1564 1120 meum
1605 1060 1947 1122 'strinxerunt
1998 1072 2221 1126 crimina

1952 1135 1973 1209 [
2001 1140 2215 1206 ferrum,

828 1194 945 1248 Non
967 1198 1032 1249 sit
1056 1200 1289 1266 prie/ccli
1318 1201 1509 1269 gloria,
1552 1204 1641 1255 sed
1666 1206 1865 1271 populi.

685 1301 917 1357 Omnino
948 1320 1069 1358 vero
1102 1310 1434 1362 conlirmavit
1459 1326 1583 1363 cura
1618 1306 1941 1379 reliquorum
1970 1325 2211 1370 motuum

683 1389 773 1454 qui
814 1389 1078 1443 subsecuti
1124 1404 1247 1447 sunt
1291 1395 1342 1446 in
1376 1411 1533 1450 causa
1574 1400 1744 1451 sancti
1772 1397 1997 1472 Joannis
2046 1403 2215 1473 Chry-

684 1479 905 1529 sostotni
969 1494 1110 1533 anno
1164 1482 1283 1545 406,
1330 1481 1654 1540 ~demandata
1727 1486 1919 1543 Studio
1969 1492 2215 1559 praefecto

685 1566 799 1617 urbi
850 1565 1467 1639 ConstantinOpolitanm,
1500 1574 1549 1625 itt
1575 1575 1609 1626 Ι.
1638 1575 1702 1627 57
1731 1574 1789 1630 C.
1843 1575 1918 1629 De
1952 1581 2109 1645 episc.
2166 1590 2214 1634 et

681 1654 804 1707 cler.
835 1665 887 1708 et
915 1657 1070 1725 legib.
1103 1674 1175 1723 IV,
1217 1675 1269 1722 v,
1294 1674 1365 1723 vr,
1397 1661 1471 1713 De
1508 1664 1607 1723 Itis,
1662 1665 1749 1733 qui
1777 1682 1928 1732 super
1972 1668 2216 1737 religione
2243 1679 2289 1736 Β

680 1746 1010 1799 contendunt.
1040 1746 1254 1802 Studius
1290 1760 1430 1805 certe
1456 1752 1572 1817 iste,
1608 1754 1673 1807 ad
1706 1770 1864 1822 quem
1892 1767 2065 1812 exstat
2086 1775 2215 1815 san-

679 1839 750 1889 cti
785 1837 1005 1893 Joannis
1038 1843 1305 1911 Chrysost.
1334 1843 1747 1911 'Epistolztintcr
1782 1849 2077 1907 Savilianas
2123 1853 2211 1919 57,

681 1934 809 1976 tom.
839 1925 943 1989 VII,
969 1942 1019 1994 p.
1055 1929 1172 1990 197,
1203 1930 1339 1983 inter
1368 1930 1757 1989 Frontooianas
1798 1935 1918 2001 127,
1950 1952 2065 2006 pag.
2088 1938 2211 2004 921,

680 2014 929 2078 inscripta
973 2016 1231 2086 Στουδειῳ
1267 2018 1487 2087 ἐπάρχῳ
1516 2021 1615 2089 τῆς
1648 2022 1871 2085 πόλεως,
1924 2040 2027 2091 qua
2084 2041 2209 2079 eum

678 2102 986 2155 consolatur
1008 2104 1072 2174 de
1094 2115 1265 2160 morte
1305 2106 1508 2172 fratris,
1539 2110 1581 2163 is
1628 2120 1729 2173 est,
1780 2113 1846 2166 de
1875 2128 1983 2182 quo
2039 2113 2211 2170 Theo-

677 2189 840 2243 dorus
866 2193 1137 2247 Romanus
1160 2197 1297 2260 apud
1324 2196 1616 2252 Palladium
1638 2201 1688 2252 itt
1710 2200 1909 2269 Dialog.
1934 2202 2130 2258 Suidas
2158 2206 2209 2258 in

679 2293 729 2327 v.
776 2278 1036 2340 Στούδιος.
1060 2282 1168 2335 haec
1193 2282 1349 2335 habet
1375 2282 1575 2345 Graece,
1602 2302 1721 2355 quae
1752 2287 1937 2341 Latina
1963 2291 2207 2344 exhibeo:

683 2385 699 2415 ι
731 2367 950 2420 Studius
987 2370 1084 2423 fuit
1111 2373 1188 2423 vir
1218 2382 1426 2439 potens,
1459 2384 1510 2426 et
1539 2368 1799 2430 exstruxit
1829 2379 2040 2432 celebre
2092 2396 2207 2434 mo-

678 2457 969 2508 nasterium
1013 2458 1362 2524 Studitarum,
1404 2463 1544 2529 quod
1592 2464 1643 2515 in
1696 2465 1885 2531 primis
1935 2468 2211 2523 catholicae

678 2543 775 2595 fuit
808 2544 1073 2609 Ecclesite,
1105 2548 1318 2603 demum
1347 2567 1470 2604 vero
1498 2553 1707 2606 transiit
1736 2554 1788 2607 in
1828 2560 2209 2612 monasterium

677 2635 860 2701 νομὴν,
891 2636 940 2687 id
974 2646 1073 2701 est,
1102 2641 1350 2706 prwdam.
1389 2641 1477 2693 Ille
1507 2642 1618 2709 ipse
1654 2645 1901 2710 templum
1935 2647 2211 2700 aediﬁcavit

676 2719 835 2773 Ducis
864 2726 1169 2779 at24tjl01'tlm
1218 2727 1466 2791 Nacolite,
1502 2731 1554 2782 in
1594 2746 1701 2798 quo
1731 2731 1972 2786 feruntur
2009 2736 2059 2799 lti
2093 2752 2211 2790 ver-

674 2826 767 2863 sus
797 2812 1010 2890 heroici,
1047 2830 1180 2882 quos
1208 2817 1275 2869 ita
1309 2820 1436 2872 verti
1463 2837 1476 2873 :
1947 2824 1951 2829 ’

982 3059 1223 3114 Consulis
1270 3065 1465 3130 accepit
1504 3066 1696 3136 uirgam
1730 3003 2203 3139 mercedelr‘eepieﬁﬁ:

674 3166 941 3221 Hactenus
976 3168 1190 3224 Suidas.
1222 3172 1508 3228 Consulem
1538 3176 1748 3231 invenio
1780 3178 2024 3235 Studium
2082 3198 2204 3238 cum

671 3253 827 3312 Aetio
855 3258 917 3308 ad
958 3273 1154 3312 annum
1183 3261 1244 3314 C.
1288 3259 1352 3315 N.
1398 3263 1521 3327 456,
1563 3268 1661 3320 etsi
1699 3268 1788 3321 alii
1832 3270 2009 3339 legant
2056 3272 2203 3327 Aste-

676 3342 847 3393 rium:
880 3359 948 3396 ex
985 3344 1083 3399 hoc
1128 3350 1447 3404 monasterio
1489 3355 1681 3422 prodiit
1706 3357 1794 3410 diu
1848 3370 1967 3426 post
2028 3359 2203 3416 Theo-

673 3429 836 3483 dorus
866 3433 1097 3488 Studites
1127 3452 1267 3489 anno
1311 3440 1433 3504 820,
1476 3444 1568 3508 qui
1635 3446 1912 3501 confessor
1957 3455 2202 3518 egregius

669 3520 1046 3587 catltolicmque
1079 3524 1195 3577 lidei
1229 3527 1369 3592 pugil
1402 3528 1632 3584 invictus
1655 3533 1882 3599 exstitit,
1902 3538 2198 3606 eodemque

670 3605 758 3657 die
803 3608 990 3661 natalis
1033 3610 1149 3679 ejus
1182 3614 1503 3681 celebratur,
1534 3634 1640 3687 quo
1664 3619 1766 3675 Nili
1801 3623 2028 3690 abbatis,
2072 3629 2207 3682 duo-

671 3691 879 3745 decima
903 3696 1100 3750 scilicet
1125 3699 1439 3759 Novembris
1456 3708 1506 3759 itt
1530 3707 1900 3779 Martyrologio
1926 3711 2199 3783 Romano;

672 3793 729 3833 at
756 3783 806 3835 itt
840 3783 1150 3855 Menologio,
1183 3792 1237 3842 tl
1273 3793 1535 3850 Theodori
1581 3798 1823 3865 Studitae,
1856 3803 1939 3863 1‘2,
1967 3802 2063 3857 Nili
2110 3822 2203 3861 so-

673 3868 873 3924 lemnes
902 3872 1245 3943 designantur
1295 3880 1427 3933 thes.
1457 3882 1783 3951 TheOphilus
1810 3888 2202 3947 Alexandrinus

669 3959 831 4028 649
857 3965 1285 4036 archiepiscopus
1329 3968 1569 4025 infensus
1592 3983 1781 4029 sancto
1803 3974 1995 4031 Joanni
2027 3980 2202 4052 Clu-y-

671 4060 910 4103 sostomo
941 4056 1142 4110 accitus
1172 4059 1224 4110 in
1263 4060 1445 4113 urbem
1476 4071 1693 4116 venerat
1723 4062 1843 4132 po‘st
1862 4067 2065 4122 obitum
2088 4069 2197 4125 Ne-

668 4140 1238 4212 ctarii'archicpiscopi
1280 4149 1857 4221 Constantinopolitani
1896 4172 2039 4212 anno
2062 4160 2101 4215 C
2129 4159 2194 4215 Νι

2325 476 2443 542 stis,
2466 477 2649 533 incidit
2668 480 2720 533 in
2751 481 2931 535 odium
2956 482 3207 538 Etnloxite
3234 476 3504 555 Augustae,
3528 486 3653 541 dum
3680 483 3859 543 Theo-

2324 568 2498 634 gttosti
2558 567 2771 623 viduam
2820 579 3042 640 tutatus,
3092 572 3330 642 ingressu
3381 575 3633 631 Ecclesia:
3673 577 3859 645 proltii

2322 654 2525 709 buisset
2582 656 2899 725 Augustam,
2951 669 3005 712 et
3055 674 3171 713 mox
3212 660 3425 714 tutelam
3485 662 3853 716 Alexandrinae

2319 744 2494 798 virtute
2563 747 2861 814 suscipiens
2917 749 3177 803 adversus
3242 751 3483 805 eamdem
3534 751 3851 818 Augustam,

2260 878 2267 884 .
2321 832 2748 904 Theodoritoque
2800 837 3024 903 patricio
3065 839 3218 907 cujus
3251 839 3341 893 illa
3372 840 3562 907 opibus
3590 840 3850 901 inhiabat,

2319 923 2603 994 consulens
2643 934 2702 977 ut
2741 940 2837 979 sua
2882 927 3061 978 omnia
3123 928 3444 996 pauperibus
3492 929 3852 997 elargiretur;

2318 1027 2435 1080 quae
2450 1012 2556 1067 Leo
2578 1015 2870 1083 imperator
2905 1015 3076 1071 fusius
3101 1018 3154 1071 in
3185 1016 3299 1071 Vita
3328 1017 3385 1070 S.
3412 1015 3635 1071 Joannis
3662 1033 3854 1087 prose-
3920 1050 3921 1053 η

2316 1102 2499 1169 quitur
2527 1103 2665 1171 apud
2688 1105 3011 1159 cardinalem
3036 1106 3323 1160 Barouium
3349 1120 3364 1171 ;
3405 1121 3525 1160 cum
3556 1105 3853 1164 Severiano

2316 1202 2529 1257 quoque
2562 1189 2866 1254 Gabalensi,
2919 1207 3149 1260 cumque
3188 1194 3305 1261 ipso
3342 1205 3530 1250 sancto
3557 1195 3851 1262 Epiphanio

2316 1276 2508 1344 Cyprio
2538 1279 2855 1345 prazsulibus
2884 1280 3168 1346 dissidens,
3206 1282 3639 1351 conspirantibus
3675 1284 3851 1351 pluri-

2313 1363 2415 1417 ltus
2478 1366 2833 1435 tnagoatibus,
2881 1382 3018 1435 quos
3041 1364 3365 1424 concitaraut
3402 1371 3575 1424 vidua:
3603 1373 3849 1439 quaedam

2312 1454 2667 1517 lascivientes,
2717 1472 2944 1525 quarum
3005 1458 3296 1513 delineasse
3332 1460 3602 1513 licentiam
3641 1460 3852 1514 videtur

2313 1543 2600 1610 Apostolus
2640 1542 2939 1612 inlEpist.
3012 1546 3081 1599 ad
3130 1545 3351 1608 Timotlt.
3380 1563 3430 1602 c.
3486 1564 3551 1612 tt,
3604 1564 3853 1617 quasque

2312 1632 2789 1703 ususcpqvttbsa;
2846 1635 2897 1688 id
2950 1643 3052 1699 est,
3101 1637 3450 1703 luxuriantes,
3501 1640 3614 1705 ipse
3655 1637 3789 1694 Joan
3817 1670 3845 1682 -

2305 1736 2409 1777 nes
2456 1723 2571 1776 zelo
2595 1738 2854 1779 accensus
2886 1733 3155 1794 arguerat,
3205 1729 3456 1782 nimirum
3495 1728 3678 1782 Martia
3710 1731 3851 1782 Pro-

2311 1814 2440 1867 moti
2474 1811 2701 1884 (fratris,
2731 1813 2841 1868 sive
2872 1813 3113 1869 fratrissa
3146 1814 3399 1871 Eudoviaz
3418 1813 3689 1886 Augustas,
3716 1832 3844 1886 quae

2311 1904 2417 1958 tilia
2464 1913 2577 1959 erat
2624 1904 2857 1958 Promoti
2884 1906 3133 1969 senioris,
3170 1914 3227 1960 ιιι
3275 1907 3442 1971 reor),
3469 1906 3715 1961 Casttitia
3743 1909 3850 1961 Sa-

2313 1995 2513 2049 turnini
2565 1995 2652 2065 (an
2708 1997 2825 2063 ejus
2877 1997 2967 2065 qui
2999 1998 3187 2051 consul
3212 1996 3312 2050 fuit
3344 2013 3462 2051 cum
3500 1996 3843 2058 Merobaude,

2310 2096 2471 2145 anno,
2520 2082 2644 2145 383.
2686 2092 2739 2138 et
2788 2084 2854 2138 ad
2904 2099 3061 2154 quem
3110 2094 3325 2139 exstant
3380 2085 3629 2153 Epistolas
3667 2086 3848 2140 sant-ti

2310 2170 2549 2240 Gregorii
2613 2170 2956 2241 Nazianzeni,
3024 2175 3219 2243 quibus
3285 2175 3388 2243 ipsi
3439 2175 3621 2228 tribuit
3668 2176 3848 2243 ἀρχῆς
3898 2242 3901 2243 ν

2312 2260 2457 2328 ὕψος,
2492 2262 2834 2330 magistratus
2867 2264 3256 2329 celsitudinem,
3297 2265 3409 2317 sive
3444 2264 3844 2332 praefecturam,

2308 2349 2477 2401 sancti
2508 2348 2689 2402 Basilii
2744 2349 2868 2414 515,
2901 2351 2993 2418 qui
3035 2352 3281 2405 comitem
3313 2360 3469 2404 vocat
3499 2348 3759 2412 Orientis,
3788 2359 3847 2404 et

2310 2435 2515 2489 Libanii
2545 2452 2647 2505 qua
2688 2435 2910 2503 Latium,
2938 2453 3044 2507 qua
3086 2438 3281 2493 Graecae
3323 2440 3379 2493 in
3414 2437 3684 2493 Vaticanis
3729 2440 3843 2495 Re-

2308 2524 2511 2593 giisque
2552 2524 2869 2596 codicibus),
2892 2536 2953 2588 et
3000 2527 3318 2597 Eugraphia,
3364 2530 3518 2599 cujus
3554 2530 3843 2586 inertibus

2307 2612 2675 2667 diversabatur
2729 2614 3074 2682 Theophilus,
3125 2616 3409 2672 vindictam
3462 2619 3843 2674 anhelantibus

2305 2694 2519 2757 Asianis
2565 2704 2854 2772 episcopis,
2890 2720 3026 2773 quos
3069 2716 3380 2761 coercuerat
3429 2707 3484 2761 in
3517 2708 3711 2761 Asiana
3739 2723 3838 2777 sy-

2307 2792 2467 2847 nodo.
2521 2792 2695 2847 Rediit
2735 2794 2896 2861 igitur
2941 2794 3288 2871 Theophilus,
3336 2798 3404 2851 ab
3426 2811 3601 2867 eoque
3628 2791 3841 2868 cogitur

1086 2927 1150 2955 “ﬂ
1208 2928 1545 2955 ..δηλῶ-’ω
1624 2934 1905 2955 ,Δηώ-ΜΞ.
1989 2935 2061 2955 οι
2236 2880 2720 2935 "conciliabulum
2754 2883 2820 2936 ad
2851 2884 3541 2955 Quercumisuburbiumid
3573 2898 3652 2941 est
3677 2889 3841 2944 Chal-

812 2921 980 2986 Quam
1051 2927 1150 2979 cito
1204 2928 1547 2996 splendentem
1616 2934 1906 2986 construxit
1951 2935 2275 3024 mStquiusc

2307 2971 2524 3025 cedonis
2563 2982 2711 3026 trans
2738 2988 2901 3039 mare,
2944 2988 3345 3044 cognomenque
3387 2978 3659 3030 sortitura
3698 2978 3844 3032 Ruf-

2304 3059 2431 3129 tino)
2462 3060 2577 3115 dies
2596 3061 2793 3115 dicitur
2814 3072 3002 3116 sancto
3020 3061 3234 3128 Joanni,
3258 3064 3349 3131 qui
3366 3065 3539 3118 noluit
3555 3066 3842 3133 interesse,

2305 3162 2581 3218 suspectos
2603 3152 2726 3213 sibi,
2756 3162 2808 3205 et
2837 3153 3085 3208 inimicos
3134 3166 3389 3209 recusans
3431 3156 3731 3223 episcopos,
3783 3170 3842 3211 et

2304 3242 2651 3311 injustissime
2680 3242 2965 3296 damnatur
2991 3243 3203 3306 absens,
3227 3251 3379 3311 atque
3413 3245 3703 3297 inauditus.
3724 3245 3840 3299 Re-

2304 3333 2502 3387 latione
2547 3334 2668 3387 data
2723 3334 2952 3388 Arcadio
3006 3334 3336 3402 imperatori,
3388 3349 3511 3389 cum
3539 3335 3841 3401 impelleret

2300 3423 2539 3491 Augusta
2593 3424 2854 3488 Eudoxio,
2898 3426 3048 3494 jussu
3075 3423 3286 3478 Arcadii
3318 3424 3543 3478 antistes
3569 3425 3833 3477 innocen-

2305 3514 2543 3568 tissimus
2577 3530 2607 3568 e
2633 3516 2757 3568 sede
2780 3531 2875 3569 sua
2905 3517 3239 3579 deturbatur,
3269 3525 3322 3571 et
3365 3516 3834 3584 Constantinopoli

2301 3601 2579 3669 depellitur
2600 3616 2740 3656 anno
2767 3603 2890 3665 405,
2924 3604 3013 3656 sed
3043 3604 3110 3657 ob
3139 3612 3520 3668 terrtemotum,
3558 3618 3665 3671 quo
3701 3619 3838 3656 con-

2301 3706 2453 3745 cussa
2513 3692 2655 3747 urbs
2695 3692 2779 3747 illa
2840 3691 3122 3747 confestim
3186 3694 3422 3756 tremuit,
3450 3700 3657 3744 terrore
3685 3692 3835 3757 aula,

2302 3762 2555 3857 plebsque
2606 3789 2870 3851 commota
2900 3779 3017 3844 fuit,
3058 3779 3207 3849 isque
3232 3789 3513 3857 revocatur
3540 3794 3569 3833 e
3597 3781 3839 3833 Preteno

2303 3868 2406 3938 (est.
2456 3850 2559 3921 hoc
2609 3870 2823 3945 quidem
2875 3872 3169 3938 emporium
3208 3872 3366 3926 etiam
3396 3852 3544 3925 trans
3579 3885 3721 3923 mare
3754 3872 3839 3924 si-

2302 3966 2412 4011 tum
2432 3973 2461 4011 e
2488 3957 2705 4025 regione
2729 3953 3092 4025 Nicomediae),
3111 3961 3336 4028 legerem
3366 3970 3543 4014 tamen
3569 3954 3838 4025 Praneto,

2300 4046 2440 4116 quod
2475 4056 2555 4100 est
2585 4046 2841 4115 Bithynia:
2873 4048 3123 4116 oppidum
3147 4050 3466 4117 episcOpale,
3496 4051 3834 4118 thermisque

2300 4132 2624 4200 percelebre,
2654 4128 2724 4188 ‘de
2754 4149 2861 4202 quo
2881 4135 2963 4205 egi
2993 4134 3084 4189 lib.
3114 4152 3131 4190 ι
3166 4133 3442 4201 Ρνωηεεῑ..
3481 4153 3530 4192 c.
3553 4138 3618 4205 ὃς
3654 4148 3706 4191 et
3730 4139 3833 4195 lib.

667 4226 789 4292 597,
821 4244 911 4281 seu
942 4229 1191 4292 Ctesario,
1215 4241 1265 4283 et
1293 4233 1652 4307 Attico_coss.,
1676 4241 1861 4305 quinto
1885 4241 2001 4297 Kal.
2037 4243 2197 4300 Octo-
2230 4268 2271 4322 ι)
2304 4242 2363 4322 ¹ξι
2383 4242 2433 4281 ο·
2460 4230 2514 4282 9·
2548 4228 2708 4297 650
2740 4226 2850 4282 Nec
2876 4228 2967 4322 diu
2990 4240 3118 4322 POS‘
3142 4245 3285 4322 an“?
3319 4229 3441 4322 βοάν
3464 4246 3583 4286 cum
3613 4233 3666 4285 in
3694 4246 3837 4285 con“

671 4314 800 4378 Ι›ι·ἱς,
835 4319 896 4369 ad
928 4320 1163 4386 comitia,
1199 4328 1250 4374 ct
1267 4321 1329 4374 ad
1354 4322 1651 4391 eligendum
1683 4341 2065 4395 successorem,
2105 4335 2199 4386 ha-

672 4405 883 4471 bitoque
909 4410 1154 4469 Concilio,
1180 4412 1353 4464 visum
1386 4404 1467 4465 est
1489 4428 1764 4468 accersere
1793 4414 2052 4473 Joannem
2086 4423 2194 4475 An-

672 4494 1090 4557 tiocttettum,uti
1114 4497 1357 4552 Nectar-io
1396 4502 1795 4571 subrogaretur.
1835 4505 1931 4561 llic
1963 4506 2196 4567 Joannes

672 4581 964 4645 piiSsintus,
1024 4597 1085 4634 ac
1136 4586 1630 4653 eloquentissimus,
1658 4602 1709 4645 et
1759 4597 1825 4646 ab
1852 4594 2186 4654 Antioclteno

669 4670 864 4735 populo
892 4670 1243 4737 przedilectus,
1275 4690 1415 4727 anno
1441 4677 1561 4738 598,
1588 4689 1737 4744 porta
1768 4681 2005 4736 Romana
2037 4698 2196 4743 vastae

670 4756 811 4809 illius
842 4762 1071 4813 civitatis
1104 4776 1370 4838 egressus,
1409 4773 1658 4831 tanquam
1707 4768 1803 4820 iret
1836 4771 1899 4822 ad
1942 4778 2192 4843 martyria

670 4861 789 4899 cum
839 4852 1029 4902 comite
1057 4851 1287 4906 Orientis
1330 4854 1627 4908 Antiochia:
1661 4858 1939 4915 residentis
1984 4861 2193 4918 Asterio

669 4937 1006 5006 (scitoliastcs
1038 4939 1249 4994 Codicis
1281 4942 1633 4999 Theodosiani
1662 4958 1843 5000 narrat
1875 4950 1940 5002 ad
1974 4952 2007 5003 Ι.
2047 4967 2188 5006 xxxv

670 5022 746 5073 De
783 5022 1034 5090 operibus.
1089 5026 1276 5091 public.
1311 5028 1699 5107 eSozomeno,
1758 5035 1850 5088 lib.
1894 5052 2009 5101 vm,
2054 5053 2103 5092 c.
2137 5040 2188 5102 2,

665 5112 806 5165 Hist.
846 5113 1023 5164 ecclcs.
1059 5112 1311 5181 Palladio,
1351 5130 1404 5172 et
1444 5119 1670 5191 Georgio
1700 5124 1753 5176 in
1805 5124 1905 5178 Vit.
1942 5128 1999 5181 S.
2031 5126 2187 5181 Joan.

667 5199 914 5268 Cltrys.),
945 5209 1158 5269 repente
1198 5202 1533 5271 imperatoris
1573 5209 1787 5264 Arcadii
1832 5211 1985 5279 jussu
2020 5216 2086 5269 ab
2120 5231 2183 5269 eo

666 5288 912 5356 dirigitur
972 5289 1505 5357 Constantinopolim,
1552 5303 1605 5345 et
1656 5295 1725 5348 ibi
1780 5296 1849 5349 26
1888 5298 2184 5363 Februarii,

670 5376 910 5440 quamvis
956 5376 1118 5432 invito
1165 5377 1457 5448 Theophilo
1511 5378 1889 5449 Alexandrino,
1924 5390 2184 5457 archiepi-

669 5475 861 5533 scopus
923 5464 1544 5536 Constantinopolitanus
1595 5471 1694 5525 rite
1739 5474 2035 5530 ordinatur.
2085 5478 2183 5533 Vc-

2299 4318 2452 4372 cione
2497 4326 2715 4371 sanctus
2754 4319 2947 4386 praesul
2988 4318 3227 4373 invectus
3263 4319 3457 4374 luisset
3494 4322 3699 4390 publiCe
3731 4324 3836 4374 ad-

2296 4418 2484 4458 versus
2510 4404 2803 4459 Eudoxiant
2846 4407 2916 4460 ob
2954 4415 3179 4461 statuam
3229 4409 3653 4478 argenteamipsi
3688 4410 3837 4475 posi-

2300 4500 2426 4555 tam,
2446 4504 2784 4563 erectamque
2810 4510 2967 4562 super
2986 4498 3233 4549 columna
3259 4497 3628 4565 porphyretica
3660 4511 3836 4565 prope

2297 4580 2464 4649 ipsam
2495 4583 2773 4635 ecclesiam
2810 4598 2929 4637 eum
2957 4586 3117 4649 ludis,
3151 4587 3577 4651 ltistrionumque
3615 4596 3839 4651 specta-

2296 4668 2450 4732 culis,
2479 4679 2530 4722 ct
2574 4673 2779 4723 cultura
2832 4672 3107 4724 hominum
3167 4674 3475 4745 dignitatem
3533 4674 3833 4727 excedente

2295 4760 2359 4811 ab
2388 4774 2529 4812 anno
2551 4760 2675 4825 405,
2716 4766 2857 4814 teste‘
2906 4761 3211 4829 Marcellino
3241 4760 3291 4811 in
3328 4759 3610 4826 Chronico,
3643 4771 3695 4814 et
3719 4760 3831 4816 So-

2293 4860 2457 4912 crate,
2506 4850 2598 4902 lib.
2636 4866 2710 4913 vr,
2742 4865 2791 4903 c.
2829 4849 2911 4913 16,
2950 4859 3002 4901 et
3028 4847 3346 4909 Sozomeno.
3383 4850 3474 4903 lib.
3501 4866 3612 4915 vnt,
3644 4864 3697 4903 c.
3723 4851 3827 4914 ΞΟ,

2290 4950 2342 4991 et
2372 4940 2405 4989 l.
2444 4939 2587 4992 unic.
2630 4938 2691 4991 C.
2730 4937 2995 4990 Tlteodos.
3031 4937 3100 4989 De
3129 4939 3442 5006 imaginibus
3486 4939 3723 5004 imperat.
3757 4956 3832 4999 ac

2291 5032 2324 5082 lo.
2360 5046 2407 5083 tv
2440 5029 2511 5083 De
2544 5030 2621 5082 Itis
2654 5028 2741 5096 qui
2772 5044 2924 5095 super
2957 5028 3098 5096 relig.
3148 5029 3385 5081 contend.
3416 5029 3451 5082 l.
3488 5043 3570 5081 XLI
3593 5037 3640 5080 et
3692 5046 3829 5084 xuv

2293 5117 2365 5169 De
2401 5118 2591 5183 operib.
2646 5114 2834 5180 public.
2892 5115 2980 5167 ubi
3020 5116 3353 5176 scltoliastes,
3385 5124 3438 5166 et
3491 5114 3541 5166 in
3573 5114 3831 5171 Chrono-

2288 5207 2422 5275 logia
2480 5222 2531 5273 p.
2589 5205 2708 5259 147.
2753 5206 2876 5257 Erat
2902 5214 3075 5259 autem
3104 5203 3521 5272 pmpensissimo
3556 5204 3608 5257 itt
3636 5205 3831 5261 Eudot

2290 5298 2427 5350 xiam
2477 5296 2651 5351 studio
2709 5298 2985 5356 Arcadius.
3025 5310 3185 5364 quam
3222 5303 3274 5348 et
3302 5310 3443 5347 anno
3476 5295 3580 5348 400
3607 5298 3831 5366 procla-

2289 5389 2421 5439 mari
2450 5388 2730 5442 mandarat
2757 5390 3047 5457 Augustum
3093 5401 3121 5440 e
3148 5384 3827 5454 ChronicoAlexandritto,

2288 5488 2338 5532 ct
2361 5493 2388 5532 a
2412 5480 2877 5550 quaSclymhriam
2904 5475 3191 5549 nuncupari
3212 5480 3521 5549 permiserat
3542 5479 3829 5537 Eudoxio-
