4122 6338
223 309 362 373 1377

1501 312 1593 371 DE
1636 291 1808 376 \‘iTA
1845 309 1903 368 s.
1944 313 2122 371 Nm.

3173 286 3178 292 ’
3262 322 3395 386 1373

219 414 413 490 petitu,
465 423 516 476 in
556 438 673 478 cam
735 438 896 494 porro
945 431 1163 478 sanctus
1189 423 1644 493 archiepiscopus,
1676 421 1769 490 qui
1801 423 1839 475 Λ
1871 439 1920 478 c.
1955 425 2039 489 19,
2059 426 2158 497 ιιι).
2192 439 2241 476 γι
2269 442 2281 477 :
2307 439 2398 478 seu
2431 424 2775 494 Septembris,
2805 435 2863 481 ut
2887 427 3036 482 aiunt
3061 412 3396 500 alin-nempe

216 511 510 566 Circenses
533 513 689 568 ludos
741 514 875 568 adeo
935 513 1318 576 insectabatur,
1360 523 1415 566 ct
1434 514 1755 570 histrionum

215 601 548 668 spectacula,
608 616 728 670 qua:
771 603 1080 656 nutriebant
1127 602 1409 670 spurcitias
1453 603 1753 668 libidinum,

219 698 280 742 et
301 684 619 742 idololatriae
641 690 895 758 reliquias
913 694 1315 755 conservabant,
1345 691 1556 758 penitus
1580 693 1756 744 delere

215 780 514 848 satagebat.
540 779 693 833 Certe
715 781 876 842 maio,
897 789 1056 848 atque
1075 781 1392 833 detrimento
1411 780 1750 849 Reipublicae,

215 866 524 935 damnaque
552 882 614 920 ac
646 868 882 935 periculo
929 870 1263 937 regnantium
1319 871 1751 938 principum,ja-

219 961 483 1023 cturaque
504 955 823 1017 honestatis.
845 967 898 1010 et
925 973 1132 1010 morum
1153 959 1453 1026 corruptela
1483 959 1574 1011 diu
1596 959 1752 1011 dein-

179 1061 184 1065 -
215 1044 658 1112 ccpspcrstitere,
679 1044 1041 1121 factionesque
1057 1046 1422 1104 Prasinorum,
1444 1059 1498 1100 et
1531 1046 1753 1101 Veneto-

215 1147 342 1188 rum
402 1132 553 1189 fuere
591 1137 801 1191 semina
829 1134 1170 1201 seditionum,
1196 1145 1252 1190 ut
1279 1152 1342 1190 ex
1372 1136 1668 1191 Annalibus
1697 1139 1755 1190 lio

211 1233 367 1292 quet,
399 1233 560 1294 atque
599 1227 946 1294 perduellium
988 1234 1275 1296 praetextus
1317 1244 1380 1280 ex
1418 1228 1522 1282 illis
1552 1228 1751 1282 colori-

215 1311 322 1366 bus
377 1311 642 1382 desumpti
690 1328 846 1380 sunt;
885 1316 1021 1389 unde
1055 1317 1392 1370 convincitur
1417 1319 1748 1371 mendacium

213 1395 382 1459 illius,
400 1399 489 1467 qui
508 1399 743 1468 jactabat
759 1402 1010 1470 expedire
1032 1402 1271 1472 Augusto
1295 1413 1351 1457 ut
1381 1405 1608 1473 populus
1644 1405 1748 1458 illis

213 1483 591 1542 distineretur.
637 1489 688 1541 In
730 1505 846 1544 eam
877 1491 1140 1561 (inquam)
1174 1493 1614 1561 vigilantissimus
1651 1508 1747 1561 pa-

211 1582 334 1628 stor
378 1575 701 1646 divinusque
717 1593 891 1647 praeco
907 1581 1187 1647 detonuit;
1210 1582 1391 1650 itaque
1415 1592 1597 1634 notum
1620 1583 1746 1651 quid

211 1664 388 1730 possit
417 1663 600 1721 furens
628 1667 963 1736 etimperans
999 1669 1230 1723 femina:
1264 1671 1622 1724 cenciliabulo
1642 1673 1747 1724 alio

209 1751 285 1804 ab
333 1750 530 1806 Acacio
573 1753 1132 1823 episcopoIBerrhmte
1187 1739 1237 1810 in
1277 1755 1603 1823 Macedonia,
1637 1758 1750 1812 An-

208 1841 398 1896 tiocho
431 1842 793 1910 Ptolemaidis,
852 1844 1139 1899 Severiano
1182 1846 1526 1910 Gabaiorum,
1576 1849 1750 1918 etCy-

208 1930 337 1983 rino
395 1929 766 1994 Chalcedonis,
793 1944 844 1988 et
885 1934 1221 1988 multitudine
1273 1937 1502 1989 aliorum
1542 1919 1750 2006 cpisco-

207 2033 428 2088 porum,
457 2021 701 2086 collecto,
737 2023 787 2094 in
807 2039 911 2091 quo
939 2015 1058 2077 licet
1079 2026 1269 2077 absens
1284 2025 1630 2094 Theophilus,
1666 2029 1747 2080 ιιί-

210 2110 507 2166 hilominus
534 2112 927 2178 dominabatur,
947 2115 1135 2168 iterum
1163 2116 1397 2171 Joannes
1425 2120 1747 2172 condemna-

207 2204 322 2249 tur.
363 2196 505 2250 lnter
537 2190 896 2253 accusationis
929 2215 1054 2254 vero
1099 2205 1273 2270 capita
1319 2203 1566 2273 Origcnis
1597 2221 1740 2260 crr0«

208 2297 302 2335 res
349 2282 542 2338 fovisse
593 2287 1020 2354 insimulabatur,
1055 2305 1211 2358 quam
1251 2292 1573 2347 calumniam
1613 2297 1745 2350 satis

207 2373 428 2428 diluunt
481 2384 729 2432 auctores
773 2379 952 2445 sacri;
1010 2396 1106 2435 nec
1144 2383 1282 2435 enim
1329 2387 1620 2439 monachos
1653 2387 1744 2455 qui

207 2475 368 2518 erant
395 2463 730 2536 Origeuistse,
756 2470 858 2522 alia
881 2470 948 2524 de
981 2485 1138 2525 causa
1168 2474 1570 2541 perhumaniter
1593 2490 1747 2529 exce-

208 2554 312 2622 pit,
344 2570 504 2622 quam
535 2565 591 2609 ut
628 2554 696 2608 ad
719 2557 1008 2612 Ecciesiam
1046 2562 1364 2615 catholicam
1405 2563 1654 2631 peileCtos
1683 2581 1744 2617 ea

207 2644 518 2709 clementia,
550 2646 864 2717 leuitosque,
909 2663 972 2702 ac
1017 2651 1414 2706 mansuefactos
1448 2656 1739 2707 reduceret.

210 2733 307 2786 Sic
343 2743 559 2789 sanctus
591 2735 818 2805 Cyrillus
851 2736 1095 2807 Origenis
1141 2743 1343 2795 assecla
1370 2742 1503 2796 falso
1523 2744 1738 2798 dicitur.

211 2822 308 2878 Sic
339 2835 557 2878 sanctus
597 2825 953 2896 Hieronymus
976 2846 1001 2880 τι
1046 2829 1281 2884 Palladio
1314 2843 1532 2886 vocatur
1561 2833 1744 2902 Orige-

210 2911 378 2975 nista,
407 2914 531 2982 quia
562 2914 759 2970 liberos
797 2919 927 2986 Περὶ
950 2912 1128 2987 ἀρχῶν
1168 2919 1411 2989 Origenis
1450 2925 1740 2986 transtulit,

1856 514 2002 567 card.
2066 513 2328 568 Barouius
2374 513 2424 566 in
2459 506 2775 578 Annalibus,
2806 516 3074 585 migravit”
3109 519 3162 572 in
3197 522 3393 575 castum

1857 601 2102 671 gloriosa:
2121 602 2480 657 confessionis
2506 619 2617 657 sua:
2655 606 2928 672 prannium
2962 618 3293 678 recepturus,
3331 619 3386 664 et

1854 691 1940 745 die
1958 691 2023 744 27
2040 691 2261 745 Januar.
2284 693 2481 745 relatus
2502 694 2552 746 in
2571 693 2966 747 Kalendarium.
2989 695 3176 751 Festus
3197 696 3396 753 Trans-

1853 779 2065 834 lationis
2098 781 2608 850 ConstantinOpolim
2639 783 2752 835 dies
2780 784 3094 846 celebratur,
3143 781 3262 838 cuin
3307 802 3394 840 sa-

1853 881 2005 920 crum
2060 867 2176 932 ejus
2237 883 2432 936 corpus
2477 868 2739 922 redditum
2784 870 2882 924 fuit
2939 887 3048 924 sua:
3081 873 3390 940 cathedra';

1853 957 1993 1008 unde
2041 954 2262 1009 Romam
2305 956 2634 1022 deportatum
2672 959 2722 1009 in
2771 960 2996 1013 Basilica
3039 960 3390 1014 Sancd-Pctri

1851 1048 2080 1114 quiescit
2109 1047 2174 1099 ab
2208 1061 2349 1100 anno
2385 1047 2507 1111 860,
2547 1062 2576 1100 e
2606 1049 2924 1119 Cbronolog.
2953 1051 3084 1104 Cod.
3123 1050 3385 1105 Theodos.

1855 1151 1907 1204 p.
1945 1133 2063 1188 151.

1920 1255 2151 1320 Primam
2182 1255 2364 1325 itaque
2393 1255 2496 1313 Nili
2521 1247 2794 1326 epistolain
2819 1269 3090 1314 exaratam
3123 1265 3383 1318 censeoiu

1849 1346 1936 1399 illa
1965 1347 2133 1414 prima
2164 1349 2331 1402 sancti
2371 1347 2593 1404 Joannis
2627 1351 2993 1420 Chrysostomi
3020 1356 3384 1441 \relegatione,

1848 1445 2011 1504 atque
2044 1437 2108 1490 ad
2137 1438 2424 1491 Arcadium
2480 1440 2615 1508 Aug.
2679 1438 2842 1494 fuisse
2885 1437 3127 1505 missam,
3160 1459 3391 1512 eumque

1849 1527 1936 1580 illa
1961 1535 2159 1581 tactum
2193 1541 2244 1582 et
2272 1545 2581 1596 persuasum
2604 1544 2667 1584 eo
2693 1529 2902 1591 facilius
2931 1548 3208 1587 revocasse
3234 1534 3388 1587 inno-

1847 1617 2212 1669 centissimum
2245 1620 2438 1671 virum.
2461 1597 2598 1672 Nam
2628 1634 2748 1672 cum
2777 1620 2985 1673 saeviret
3022 1621 3074 1672 in
3099 1621 3213 1674 dies
3239 1638 3389 1676 acer-

1780 1721 1820 1774 B
1849 1705 1969 1758 bius
1993 1706 2045 1756 in
2063 1716 2301 1758 sanctum
2320 1705 2576 1761 Joannem
2606 1709 2675 1762 ab
2699 1709 2821 1776 ejus
2839 1696 3160 1764 adversariis
3179 1710 3385 1762 inﬂam-

1851 1801 1988 1845 mata
2025 1792 2285 1858 Eudoxia,
2330 1810 2426 1848 nec
2477 1795 2744 1850 efficacior
2791 1804 2873 1850 est
2917 1797 3020 1849 ulla
3053 1799 3189 1864 pica,
3221 1813 3382 1864 quam

1848 1883 2159 1951 pulvinaris,
2212 1896 2268 1936 ut
2313 1884 2544 1939 Joannes
2599 1886 3007 1939 Sarisberiensis
3059 1891 3245 1941 edocet
3286 1889 3377 1944 lib.

1847 1966 1922 2020 De
1946 1971 2096 2036 nugis
2128 1970 2337 2032 curial.,
2363 1980 2543 2041 totque
2568 1972 2761 2039 flagitia
2784 1976 2982 2040 passim
3006 1963 3381 2042 patrarentur;

1844 2058 2015 2119 Nilus,
2045 2061 2770 2128 quiabieratemagistratu,
2814 2071 2925 2126 aut,
2975 2075 3030 2117 ut
3076 2067 3264 2134 loquar
3292 2084 3386 2120 ve—

1845 2146 1978 2210 rius,
2021 2147 2291 2201 abdicarat
2339 2163 2396 2202 se
2449 2149 2586 2202 ultro
2630 2148 2962 2215 praefectura,
3002 2167 3228 2207 cernens
3260 2156 3385 2209 huic

1845 2237 2104 2290 scelerum
2132 2238 2350 2291 torrenti
2383 2238 2599 2290 minime
2637 2239 2702 2290 iri
2733 2239 2942 2292 obvium
2981 2257 3153 2308 posse,
3178 2245 3378 2297 veritus

1844 2310 1927 2378 ne
1965 2326 2104 2379 sicut
2151 2328 2286 2381 alter
2316 2325 2414 2379 Lot
2467 2327 2827 2381 involveretur
2851 2329 2968 2382 diro
2992 2331 3152 2398 ignis,
3180 2332 3379 2398 iraeque

1844 2416 2080 2469 caelestis
2133 2418 2352 2480 diluvio,
2384 2418 2488 2485 jam
2546 2417 2767 2470 inferior
2823 2421 2986 2486 gradu
3027 2435 3133 2487 quo
3180 2422 3378 2475 iuaula

1843 2506 2191 2574 promicabat,
2225 2519 2287 2560 ex
2316 2521 2374 2558 ea
2414 2522 2472 2559 se
2501 2508 2655 2575 plane
2685 2507 2927 2570 dimovit,
2957 2509 3174 2576 valeque
3197 2510 3380 2564 dicens

1842 2595 2052 2662 pompis
2103 2597 2306 2656 saeculi,
2351 2597 2698 2649 monasticam
2756 2597 3030 2662 amplexus
3070 2609 3152 2650 est
3192 2600 3378 2662 vitam,

1845 2684 2286 2752 Tltcodulumque
2313 2686 2475 2737 liliqu
2508 2700 2688 2765 secum
2711 2686 2949 2738 attraxit.

1915 2816 1983 2868 lix
2015 2830 2121 2884 quo
2163 2825 2378 2868 sanctus
2404 2813 2635 2867 Joannes
2676 2814 3085 2883 Chrysostomus
3112 2815 3377 2871 Constan-

1844 2905 2119 2973 tinopolim
2169 2904 2392 2972 appulit,
2442 2918 2545 2971 quo
2589 2913 2838 2970 tanquam
2882 2902 3073 2956 fluvius
3096 2907 3380 2975 exundans

208 3003 315 3056 etsi
374 3006 701 3072 purgaverit,
744 3016 799 3060 υι
834 3007 1181 3079 nosweydus’
1213 3027 1329 3079 pag.
1355 3011 1458 3065 “6
1500 3011 1600 3064 γη,
1629 3012 1738 3065 pa-
1770 3022 1814 3078 ο
1842 2995 2179 3063 eloquentur,
2209 2993 2568 3050 doetrina‘uue
2591 3008 2699 3044 sua:
2727 2991 2936 3044 fluentis
2977 2994 3259 3048 uberrimis
3285 3010 3378 3048 ore

209 3103 376 3159 trum,
411 3096 692 3162 observat;
716 3113 835 3151 cum
861 3106 1033 3152 tamen
1063 3098 1129 3151 ab
1157 3099 1401 3169 Origcnis
1429 3103 1602 3168 pravis
1628 3103 1745 3169 opi-

209 3184 465 3242 nionibus
519 3187 703 3255 procul
748 3187 975 3250 abesset,
1028 3197 1080 3241 et
1135 3189 1250 3242 ideo
1287 3186 1494 3243 Rniiino
1527 3187 1746 3259 Aquile-

208 3276 382 3348 giensi
411 3277 545 3333 foret
573 3276 832 3340 infensu_s,
865 3278 938 3330 uti
962 3281 1202 3346 superius
1223 3281 1600 3335 demonstravi.
1621 3279 1744 3334 Ori-

210 3368 432 3435 genistae
473 3368 711 3438 profecto
756 3369 852 3422 viri
879 3367 1115 3438 plerique
1146 3369 1312 3425 sancti
1355 3371 1732 3436 censebantur,

209 3457 356 3525 quod
386 3459 625 3512 evenisse
651 3468 798 3526 putat
829 3459 939 3526 ipse
966 3459 1307 3527 Rosweydus,
1328 3461 1617 3528 protegam.
1653 3459 1736 3524 l5,

209 3565 280 3601 ex
339 3550 459 3600 odio
508 3549 1194 3615 Anthropmuorphitarutn,
1265 3538 1268 3600 ι

213 3637 390 3690 nullos
411 3638 657 3704 abreptos
689 3645 838 3696 aestu,
874 3636 1068 3703 lapsos,
1101 3637 1191 3689 scd
1224 3640 1511 3705 resipuisse
1541 3648 1740 3707 postea,

213 3726 584 3794 meruisseque
620 3726 970 3780 sanctimonia
1006 3727 1139 3789 vitae,
1193 3727 1571 3795 religionisque
1594 3729 1740 3795 puri-

215 3826 343 3882 tate,
376 3826 432 3870 ut
460 3803 510 3869 in
540 3816 728 3882 Fastos
761 3833 961 3880 sacros,
992 3831 1082 3869 seu
1113 3815 1370 3882 Diptycha
1391 3815 1738 3889 referrentur.

215 3906 422 3961 Rursus
475 3916 694 3961 sanctus
731 3906 957 3958 Joannes
993 3905 1056 3957 ab
1095 3904 1325 3956 Arcadio
1356 3905 1619 3973 Augusto,
1649 3905 1739 3973 qui

214 3997 468 4051 Eudoxire
519 4011 629 4049 sum
663 4011 870 4063 semper
919 3995 1086 4063 magis
1129 4005 1242 4048 erat
1269 3995 1550 4060 obnoxius,
1577 4011 1637 4049 ac
1661 3997 1742 4048 nio

215 4091 319 4142 mis
385 4087 625 4147 uxorius,
659 4072 862 4154 cogitur
915 4085 1179 4148 exsulare,
1226 4086 1600 4154 Cucusumque
1644 4102 1739 4155 op-

214 4175 396 4244 pidum
449 4171 712 4225 Armcniae
764 4171 1087 4238 perducitur,
1140 4179 1196 4222 ut
1235 4170 1351 4222 fuse
1392 4170 1742 4239 proditscho-

217 4266 402 4316 liustcs
447 4262 576 4313 (Ind.
602 4258 864 4314 Theodos.
896 4259 956 4311 ad
987 4259 1021 4310 l.
1048 4274 1188 4310 xxvu
1214 4258 1288 4310 De
1310 4261 1595 4336 episcop.et
1613 4259 1664 4310 ll.
1691 4274 1740 4311 tv

1265 3549 1566 3617 fateturque
1601 3565 1737 3602 non-
1772 3610 1773 3613 η

1844 3088 1932 3140 illo
1984 3101 2081 3140 suo
2116 3101 2277 3138 aureo
2317 3086 2571 3153 profusis,
2611 3085 2868 3137 celebrem
2899 3086 3037 3137 illam
3065 3087 3374 3148 Ecclesiam,

1841 3178 1994 3247 cujus
2029 3178 2179 3229 clavo
2221 3177 2390 3229 fuerat
2443 3176 2712 3236 admotus,
2746 3175 3006 3242 irrigaret‘,
3032 3186 3376 3242 proventum-

1843 3284 1947 3338 quc
2006 3267 2290 3334 c0piosum-
2337 3250 2630 3318 fecundataz
2681 3279 2791 3318 suae
2845 3278 3052 3329 sponsae
3087 3280 3373 3319 numerosa

1840 3357 1987 3428 prole
2021 3356 2297 3415 virtutum.
2323 3367 2656 3421 mcssemque
2686 3352 2896 3420 pietatis
2920 3352 3234 3405 latissimam
3257 3369 3374 3420 pro-

1839 3454 2068 3504 curaret,
2096 3445 2344 3498 omnibus
2387 3444 2660 3496 charitatis
2698 3442 2945 3508 Operibus
2967 3442 3261 3516 indefessus
3289 3444 3379 3496 in;

1839 3532 2041 3593 cubuit,
2077 3547 2177 3594 non
2205 3537 2409 3582 tantum
2426 3529 2637 3599 Scythis
2669 3528 3010 3589 Nomadibus,
3035 3531 3126 3597 qui
3164 3546 3192 3581 e
3220 3530 3374 3599 Belga

1841 3622 1999 3674 fluvio
2025 3620 2447 3689 progressi,.mox
2490 3619 2620 3686 parti
2665 3616 2905 3671 Thraciae
2928 3617 3370 3687 Macedoniaeque,

1841 3729 1901 3766 ac
1926 3713 2032 3779 lily:
2053 3712 2132 3762 ico
2160 3711 2424 3776 superfusi
2455 3708 2800 3775 Bulgarorum
2836 3723 3026 3761 nomen
3065 3718 3375 3775 usurpatum

1841 3803 1940 3855 sub
1962 3808 2144 3853 sancto
2174 3800 2427 3866 Gregorio
2442 3814 2571 3864 papa
2602 3799 3368 3864 regionibusillisindiderunt,

1840 3885 2140 3938 Christiana
2180 3884 2277 3937 iitie
2325 3882 2662 3948 imbuendis;
2713 3884 2802 3936 sed
2830 3892 2882 3936 et
2926 3883 3140 3938 Gotthis
3179 3885 3244 3936 ad
3275 3887 3374 3938 Ec-

1841 3975 2013 4027 clesiae
2048 3973 2321 4024 catholica:
2369 3973 2628 4040 gremium
2671 3972 2980 4026 revocandis
3015 3988 3229 4041 operam
3274 3978 3375 4027 im-

1841 4064 2052 4132 pendit;
2094 4063 2384 4131 prazscrlim
2426 4077 2551 4115 vero
2590 4061 2730 4114 vitiis
2773 4061 2964 4115 bellum
3016 4062 3276 4127 indicens,
3307 4080 3370 4119 ea

1842 4169 1939 4206 suo
1969 4167 2031 4204 ex
2081 4153 2205 4204 ovili
2237 4151 2500 4217 depellere
2538 4166 2599 4203 ac
2643 4150 2825 4218 fugare
2867 4153 3108 4214 studuit;
3145 4153 3372 4222 ideoque

1840 4245 2023 4312 probis
2078 4243 2305 4303 civilius,
2365 4257 2426 4295 ac
2473 4244 2782 4309 proceribus
2828 4242 3140 4296 orthodoxis
3189 4253 3383 4314 gratus

214 4364 267 4406 et
297 4369 345 4415 v,
373 4368 433 4405 ac
464 4367 535 4414 vt,
574 4350 644 4403 De
677 4352 754 4404 Itis
785 4352 870 4419 qui
899 4367 1050 4418 super
1080 4349 1221 4417 relig.
1250 4325 1485 4401 conterui.
1511 4347 1630 4400 Mox
1661 4347 1741 4399 in-

1780 4325 1815 4378 D
1843 4341 1895 4387 et
1942 4342 2188 4400 acceptus
2250 4331 2301 4383 in
2333 4332 2519 4399 primis
2549 4332 2750 4385 evasit:
2784 4341 2839 4385 ut
2873 4340 3050 4387 autem
3079 4333 3372 4389 Theodori-

219 4452 397 4496 trusns
435 4444 507 4494 illi
549 4442 805 4495 sufﬁcitur
848 4441 898 4493 in
941 4442 1421 4508 archiepiscopum,
1467 4439 1738 4498 Arsacius,

216 4549 376 4604 quem
413 4535 572 4604 λῆρον
600 4515 891 4601 nuncupat,
922 4539 972 4585 et
1001 4532 1152 4601 651
1187 4531 1484 4584 adulterum
1525 4538 1740 4584 sanctus

216 4612 448 4679 Joannes
509 4622 921 4695 Chrysostomus
959 4622 1086 4690 ipse,
1139 4631 1296 4690 atque
1336 4621 1652 4673 'coliocatum
1687 4621 1740 4673 in

219 4716 411 4769 tbr0no
469 4713 654 4768 scribit
687 4728 712 4765 a
752 4712 1036 4763 Βχσῐλισςα
1078 4726 1129 4779 p.
1165 4709 1266 4763 870
1293 4709 1536 4779 Episto|.,
1574 4725 1741 4777 quatr-

221 4804 417 4856 tumvis
460 4813 678 4857 sanctus
710 4801 940 4854 Joannes
988 4809 1324 4870 provocasset
1355 4801 1541 4854 iterum
1567 4800 1630 4852 ad
1659 4798 1740 4852 lu-

218 4893 520 4947 noccntium
573 4892 869 4946 Romanum
918 4892 1234 4959 pontificem,
1266 4905 1296 4943 a
1323 4905 1429 4958 quo
1468 4892 1742 4965 restitutus

219 4993 270 5036 et
315 4983 503 5036 deinde
545 4981 645 5035 fuit
681 4982 735 5035 in
774 4982 1051 5050 Diptycha,
1093 4979 1352 5050 perculsis
1408 4982 1744 5033 anathemate

220 5075 322 5137 his,
363 5073 452 5142 qui
491 5087 612 5126 eum
652 5081 912 5126 extorrem
948 5073 1198 5135 fecerant,
1234 5087 1437 5141 suaque
1462 5073 1585 5126 sede
1616 5085 1742 5138 spo-

222 5165 448 5227 iiarant;
496 5163 764 5228 profectus
814 5170 893 5214 est
948 5160 1099 5217 fortis
1137 5163 1333 5216 athleta
1376 5164 1427 5214 in
1470 5162 1740 5220 exsilium,

221 5268 451 5322 cumque
484 5251 694 5305 interim
734 5250 1323 5318 Constantinopolitana
1372 5249 1743 5318 conflagrasset

220 5344 471 5406 ecclesia,
513 5341 658 5394 varie
688 5340 1044 5395 discruciatus
1081 5355 1198 5394 cum
1233 5341 1420 5394 amtcis
1447 5340 1577 5396 suis.
1612 5354 1745 5406 quos

225 5447 340 5488 rum
376 5407 896 5498 plerique'Joannita‘
933 5426 1286 5494 Cognoniinati
1310 5427 1645 5494 exspirarunt
1692 5426 1743 5478 in

221 5523 544 5584 carceribus,
582 5521 666 5573 tibi
693 5518 977 5572 ()omauam
1019 5517 1167 5569 Ponti
1202 5518 1448 5584 oppidum
1480 5516 1745 5582 pervenis-

219 5625 322 5675 set,
349 5621 590 5666 mortuus
610 5624 750 5663 anno
774 5609 892 5670 407,
918 5610 998 5661 die
1023 5608 1083 5660 14
1103 5605 1438 5671 Novembris,
1469 5619 1497 5658 e
1526 5604 1740 5667 Socrate

1840 4435 1950 4496 tum
1993 4423 2272 4490 patricium
2335 4423 2596 4485 omittam,
2651 4423 2802 4488 cujus
2841 4425 3084 4492 superius
3127 4426 3367 4489 memini,

1841 4512 1992 4566 Nilus
2043 4511 2222 4576 etiam,
2256 4522 2307 4564 et
2354 4511 2649 4565 Pelusiotcs
2698 4511 2955 4572 lsidorus.
2996 4528 3057 4567 ac
3095 4513 3370 4588 Eulogius,

1841 4607 1904 4658 de
1937 4619 2040 4673 quo
2071 4605 2228 4656 etiam
2266 4605 2367 4671 egi,
2414 4603 2701 4657 Cassianus
2744 4602 2857 4670 ejus
2904 4604 3176 4663 diaconus,
3211 4612 3371 4669 atque

1840 4695 2127 4757 Palladius,
2156 4703 2208 4748 et
2254 4694 2362 4758 alii,
2395 4710 2616 4762 quorttm
2664 4693 2877 4746 nomina
2909 4694 2952 4746 si
2981 4705 3362 4760 percenserem,

1841 4785 2095 4854 prolixior
2151 4784 2337 4846 forent,
2382 4785 2563 4838 scclati
2625 4793 2749 4837 sunt
2790 4785 2906 4852 ejus
2951 4780 3171 4840 monita,
3212 4780 3367 4847 eique

1845 4876 2066 4929 firmiter
2099 4875 2257 4946 652
2285 4876 2619 4927 adhaeserunt
2644 4892 2654 4936 ;
2684 4882 2739 4924 nt
2764 4880 3064 4938 praeteream
3096 4868 3364 4920 diaconis-

1846 4982 1954 5029 sas,
1999 4975 2052 5019 et
2106 4975 2379 5018 matronas
2413 4964 2761 5022 clarissimas,
2804 4956 3109 5024 Olympiada
3133 4957 3362 5016 scilicet,

1844 5058 2171 5119 i’entadiam,
2200 5055 2565 5108 Sabiniauam,
2600 5049 2955 5116 Amproclam,
2993 5062 3085 5100 seu
3116 5047 3363 5098 domnam

1845 5149 2111 5207 Proclam,
2167 5145 2413 5205 Probam,
2468 5142 2754 5202 Julianam,
2802 5137 3158 5198 Theodoram,
3211 5131 3367 5185 Silvi-

1847 5255 1987 5301 nam,
2045 5236 2183 5289 sicut
2226 5233 2478 5294 Italicam,
2523 5230 2846 5292 Euthaliam,
2881 5226 3231 5298 Asyncrita-m,
3273 5223 3366 5274 Se-

1844 5345 2041 5390 veram,
2073 5326 2420 5386 Chalcidiam,
2453 5322 2766 5383 Carteriatn,
2795 5320 3122 5379 Bassianam,
3160 5314 3369 5367 Severi-

1846 5434 1986 5479 nam,
2012 5416 2269 5477 Aeoliam,
2296 5425 2347 5467 et
2374 5407 2604 5483 reliquas
2635 5426 2843 5468 summo
2870 5409 2987 5462 loco
3007 5414 3181 5468 natas,
3206 5413 3367 5471 atque

1846 5507 2159 5560 lectissimas
2223 5504 2466 5571 feminas,
2518 5505 2580 5556 ad
2639 5516 2860 5570 quarum
2893 5497 3171 5565 plerasque
3199 5494 3368 5562 ipsius

1845 5605 2051 5652 exstant
2079 5593 2340 5663 Epistulae.
