4122 6338
169 317 290 384 1381

1446 318 1540 378 DE
1580 313 1748 378 VlTA
1779 315 1836 376 S.
1871 313 2051 378 NILI.

3195 319 3328 389 138'2

164 434 243 486 las
274 432 551 488 centesimi
582 430 944 502 tricesimiquc
985 432 1188 487 fructus
1213 435 1544 500 perecptura,
1582 430 1695 483 luet:
1725 437 1763 486 Α
1796 428 2094 483 Timauthis
2121 437 2288 483 artem
2316 430 2534 497 veloque
2548 427 2743 486 silentii
2769 436 3327 502 legere,quemadmu-

163 536 262 588 pro
317 521 642 590 virginitate,
693 538 790 592 pro
845 523 1098 576 viduitate
1168 535 1261 576 seu
1316 521 1566 575 caelibatu
1607 521 1696 573 illa

161 610 317 663 ocius
371 611 724 665 evolavitiln
754 610 1021 665 Thebaide
1062 611 1294 664 maxima
1339 617 1455 664 erat
1501 609 1556 661 in
1584 611 1698 677 opi-

163 698 346 763 nione,
391 697 639 768 famaque
691 699 994 769 percelebre
1055 699 1437 753 monasterium
1483 706 1696 751 centum

161 795 394 853 quatuor
423 787 932 850 sanctimonialium,
969 787 1022 851 in
1052 787 1194 854 quod
1224 796 1407 840 sancta
1454 785 1696 856 Euphra‘

163 872 245 926 sia
294 882 621 941 secesserat;
665 872 922 944 Panopoli
980 874 1124 932 aliud
1168 863 1695 942 quadring'entarum,

163 975 288 1028 quae
317 964 488 1016 sancti
523 963 795 1016 Pachomii
840 964 1073 1034 regulam
1105 963 1447 1016 observantes
1474 963 1698 1016 seorsim

163 1051 417 1104 vivebant
459 1050 564 1104 Nili
619 1051 853 1106 fluminis
928 1053 1270 1106 circumdatae
1319 1051 1488 1114 rivis,
1517 1059 1573 1104 ut
1605 1066 1700 1104 au-

165 1148 345 1193 ctores
367 1149 492 1193 sunt
509 1137 648 1193 Vitae
683 1129 880 1195 sancta:
903 1139 1214 1210 Euphrasite
1241 1141 1487 1210 scriptor,
1511 1148 1562 1193 et
1591 1139 1701 1192 Pal-

167 1229 341 1282 ladius
375 1231 424 1282 in
456 1228 738 1284 Lausiaca.
769 1231 821 1283 ln
846 1230 1075 1284 Antinoo
1116 1229 1330 1283 civitate
1367 1230 1567 1283 'l'alidie
1597 1243 1686 1283 no-

167 1318 314 1371 mine
338 1318 543 1386 insigne
570 1318 956 1372 monasterium
995 1327 1232 1372 recenset
1250 1319 1386 1372 idem
1415 1318 1700 1383 Palladius,

165 1419 215 1458 c.
261 1404 361 1474 t5?
391 1412 444 1458 et
475 1403 595 1468 138,
625 1404 780 1474 cujus
803 1405 1114 1462 monasterii
1147 1405 1282 1458 aulae
1298 1421 1363 1458 ne
1389 1406 1554 1460 clavis
1583 1406 1703 1474 qui-

164 1492 288 1572 dem
329 1472 461 1556 Erat,
506 1491 646 1545 sicut
695 1472 750 1545 in
783 1493 905 1548 aliis
937 1492 1182 1548 undecim
1221 1495 1582 1558 monasteriis,
1599 1472 1701 1548 sed

165 1585 301 1654 ipsa:
328 1583 394 1636 ab
422 1583 539 1650 ejus
570 1596 752 1636 amore
782 1582 1192 1662 detinebantur,
1213 1582 1344 1662 adeo
1380 1584 1545 1651 ipsam
1582 1583 1702 1634 (1111-

164 1673 386 1738 gebant.
419 1669 654 1725 Fuerunt
687 1679 740 1724 et
771 1671 1140 1724 Alexandrina:
1181 1662 1453 1725 monachae
1484 1670 1701 1726 Sanda-

131 1804 138 1815 ,
165 1757 340 1822 iuriae,
364 1760 428 1812 ad
451 1773 582 1828 quas
612 1747 806 1814 scribit
823 1759 1191 1818 devmulicrum
1212 1760 1451 1814 victoriis
1469 1758 1702 1815 lsidorus

163 1843 490 1912 Pelusiotes,
519 1847 615 1900 lib.
653 1862 670 1900 ι
705 1845 887 1914 epist,
944 1861 996 1915 p.
1033 1845 1121 1899 87.
1179 1845 1536 1923 Alexandria,
1587 1863 1705 1916 qua:

167 1931 481 1986 barathrum
531 1934 821 1987 vocabatur
855 1933 1060 1995 mundi,
1103 1933 1177 1986 uti
1206 1933 1367 2008 refert
1393 1933 1702 1989 Eustathius

166 2023 220 2071 in
283 2016 519 2087 Dionysii
572 2019 645 2071 De
674 2019 777 2071 situ
803 2020 939 2070 orbis
975 2018 1324 2087 Περιήγησιν,
1362 2028 1420 2073 ιιι
1446 2031 1560 2074 erat
1591 2036 1705 2074 em-

166 2107 384 2172 porium
409 2107 812 2160 celeberrimum
839 2105 1064 2174 Africa;
1099 2116 1252 2160 erant
1285 2108 1388 2161 vici
1422 2109 1579 2172 varii,
1612 2113 1704 2178 qui

166 2193 322 2246 labra
350 2193 809 2260 nuncupabantur,
838 2193 942 2246 illis
963 2203 1221 2261 praeerant
1239 2194 1552 2264 presbyteri,
1581 2196 1707 2250 sub-

165 2279 268 2331 diti
331 2293 523 2332 omnes
567 2280 661 2331 uni
709 2279 1132 2347 archiepiscOpo,
1159 2279 1464 2346 cujusmodi
1495 2279 1594 2333 fuit
1621 2280 1706 2332 vi-

166 2381 295 2418 cus-
325 2364 560 2431 Baucali,
608 2366 661 2419 in
691 2381 796 2434 quo
824 2379 938 2420 erat
995 2367 1245 2430 ecclesia,
1296 2368 1382 2421 cui
1425 2367 1583 2421 Arius
1605 2367 1706 2421 fuit

169 2452 474 2522 praefectus,
497 2466 682 2509 sancto
703 2453 992 2523 Epiphanio
1008 2463 1220 2509 auctore
1235 2455 1287 2508 in
1305 2455 1489 2509 limes.
1509 2456 1730 2525 ’Δρειο-;

171 2543 416 2611 μανιτῶν
461 2543 550 2605 69,
603 2559 658 2611 p.
691 2545 822 2607 5H,
856 2553 910 2598 et
946 2545 1059 2597 alii.
1083 2543 1136 2596 In
1164 2547 1343 2613 aliquo
1375 2559 1562 2599 eorum
1589 2560 1704 2597 mo-

169 2632 463 2686 nasterium
483 2630 916 2686 Sandalariarum
934 2631 1154 2705 istarum
1171 2633 1438 2686 exstitisse
1461 2646 1566 2684 non
1587 2647 1704 2684 am-

162 2718 320 2787 bigo,
341 2718 452 2773 sive
471 2717 973 2781 Sandaliariarium,
994 2732 1114 2788 qua
1134 2732 1162 2771 a
1183 2719 1459 2782 sandaliis,
1488 2733 1578 2772 seu
1619 2733 1706 2772 so-

169 2806 277 2860 leis
329 2821 392 2860 eo
421 2809 634 2861 nomine
679 2815 804 2862 sunt
831 2805 1125 2876 appellata,
1159 2808 1299 2874 quod
1323 2821 1505 2860 earum
1546 2805 1705 2874 pedes

169 2895 282 2948 hoc
309 2895 652 2948 calceamenti
697 2909 888 2963 genere
921 2894 1090 2948 induti
1127 2895 1326 2958 forent,
1360 2904 1574 2949 sanctus
1601 2897 1706 2948 Au-

1796 517 1922 569 dum
1949 517 2243 583 pictorillc,
2275 519 2430 585 cujus
2464 518 2514 570 in
2556 519 2748 572 tabulis
2783 520 2899 587 plus
2938 520 3327 589 intelligebatur

1796 619 1952 672 quam
1981 605 2315 673 pingebatur,
2353 620 2472 659 cum
2495 607 2822 660 exhibuisset
2857 608 3177 677 Iphigeniam
3208 625 3328 662 ora-

1797 702 1970 747 torum
2004 694 2250 748 laudibus
2282 694 2596 748 celebratam
2625 704 2849 748 stantem
2883 698 2946 749 ad
2979 711 3100 750 aras
3130 698 3328 764 peritu-

1798 796 1932 844 ram,
1991 790 2044 834 et
2094 791 2316 834 maestos
2355 781 2626 855 pinxisset
2685 788 2889 846 omnes,
2944 784 3207 852 praecipue
3235 799 3327 851 pa-

1801 881 2004 933 truum,
2051 876 2105 923 et
2128 869 2359 924 tristitia:
2398 865 2608 922 omnem
2642 872 2930 938 imaginem
2959 874 3326 940 consumpsis-

1798 967 1897 1020 set,
1924 958 2094 1026 patris
2144 959 2311 1026 ipsius
2341 958 2539 1010 vultum
2593 953 2804 1022 velavit,
2841 975 2998 1024 quem
3037 961 3191 1028 digne
3223 977 3326 1013 non

1797 1053 2004 1114 poterat
2045 1046 2355 1099 ostendere:
2385 1059 2503 1114 quae
2531 1055 2654 1098 sunt
2685 1046 2842 1099 verba
2865 1045 3022 1100 Plinii
3063 1047 3326 1110 lib.xxxv,

1800 1147 1847 1185 c.
1883 1131 1963 1185 10.
2937 1130 2941 1134 ’

1865 1222 2016 1277 Nilus
2072 1224 2183 1293 ipse
2245 1232 2420 1277 motus
2449 1223 2567 1277 illos
2599 1221 2920 1286 animorum,
2953 1230 3006 1274 et
3040 1223 3329 1276 certamina

1801 1319 1965 1376 tanta,
1995 1327 2115 1366 cum
2159 1329 2186 1367 a
2219 1327 2276 1366 se
2328 1314 2444 1380 ipso
2482 1312 2706 1379 discerpi
2732 1311 3021 1388 videretur,
3059 1313 3126 1364 ab
3151 1327 3245 1364 sua
3275 1327 3331 1364 sc

1799 1403 2024 1471 conjuge
2067 1416 2342 1471 separatis,
2399 1402 2451 1454 in
2502 1417 2660 1468 quam
2705 1401 2970 1453 coaluerat
2997 1403 3210 1454 vinculo
3239 1416 3330 1452 nu-

1803 1493 2054 1560 ptiarum,
2088 1499 2382 1559 sanctoque
2407 1488 2624 1551 foedere,
2653 1504 2714 1541 ac
2743 1489 3014 1542 individua
3049 1491 3168 1543 vita:
3190 1505 3330 1542 con-

1801 1562 2079 1633 suetudine
2125 1592 2418 1639 connexus,
2475 1591 2580 1628 non
2623 1575 2901 1628 adumbrat
2937 1576 3114 1641 modo,
3147 1589 3330 1628 verum

1803 1668 1855 1720 in
1897 1668 2197 1722 narratione
2223 1667 2453 1722 secunda
2477 1668 2540 1721 ad
2567 1668 2742 1721 vivum
2769 1666 3020 1735 exprimit
3048 1657 3076 1718 a
3109 1679 3232 1734 pag.
3266 1663 3331 1717 15

1803 1755 1867 1809 ad
1912 1756 1998 1809 17.
2049 1755 2222 1826 Auget
2264 1756 2617 1825 suspicionem
2678 1755 2882 1813 mortis.
2934 1768 3090 1822 qttam
3135 1753 3331 1804 obiisse

1803 1854 1907 1897 tam
1965 1859 2206 1906 uxorem,
2261 1861 2417 1913 quam
2479 1844 2923 1913 liliam-coujicio,
2963 1843 3101 1911 quod
3134 1841 3187 1892 in
3221 1839 3328 1892 illis

1801 1933 2020 2000 prolixis
2053 1933 2446 1987 narrationibus
2490 1935 2557 1987 de
2597 1932 2853 1987 Theoduli
2881 1933 2970 1984 lilii
3002 1931 3167 1984 variis
3186 1928 3326 1982 easi-

1800 2019 1921 2082 bus,
1974 2028 2028 2072 et
2079 2019 2402 2087 captivitate,
2436 2021 2757 2088 tandemque
2809 2000 3191 2085 redemptione,
3226 2031 3326 2068 ne-

1801 2119 2070 2173 quaquam
2127 2107 2313 2160 matris
2361 2106 2586 2173 ﬁliaeque
2629 2106 2953 2182 meminerit,
3017 2120 3116 2158 nec
3153 2103 3216 2155 ad
3239 2118 3331 2156 eas

1798 2193 2048 2263 deinceps
2069 2195 2227 2247 ullam
2257 2190 2470 2249 dederit
2506 2196 2805 2264 epistolam,
2847 2209 2969 2266 cum
2998 2193 3063 2247 ad
3097 2191 3335 2246 Theodo-

1799 2282 1931 2336 sium
1960 2283 2289 2356 μοιέάζουσαν
2326 2284 2412 2352 (de
2431 2299 2534 2353 qua
2577 2285 2822 2354 superius
2847 2284 2950 2352 egi,
2986 2297 3038 2352 p.
3069 2281 3190 2346 60l,
3212 2295 3329 2335 eam
3390 2293 3392 2295 ‘

1799 2359 2172 2438 reprehensam
2191 2372 2423 2425 referens
2443 2388 2470 2425 a
2486 2385 2670 2428 sancto
2685 2373 2821 2435 viro,
2836 2373 2974 2439 quod
2993 2380 3175 2425 contra
3194 2384 3334 2422 man-

1799 2461 1978 2513 datum
2013 2461 2182 2534 sancti
2213 2463 2442 2530 apostoli
2473 2462 2617 2515 Pauli
2643 2463 3036 2527 virosdoceret
3063 2462 3117 2536 iu
3145 2458 3329 2512 Eccle-

1801 2548 1965 2610 sia,c.
1986 2563 2095 2610 xiv,
2113 2563 2252 2604 vers.
2293 2551 2380 2611 5-5,
2419 2550 2574 2617 epist.
2602 2549 2620 2600 l
2642 2551 2704 2602 ad
2733 2547 3193 2617 Co_r.)scripserit:
3216 2543 3330 2598 Κᾶν

1803 2637 2053 2704 μυριάκις
2081 2637 2244 2706 λέγῃς
2276 2638 2370 2706 (ait
2411 2635 2583 2704 Nilus)
2611 2640 2708 2705 τῆς
2738 2630 3119 2706 magnam;
3168 2633 3333 2698 ἕξεως

1804 2723 2014 2792 μακράν
2058 2723 2296 2792 ἀπέχειν,
2341 2723 2569 2777 καὶτῶν
2613 2723 2815 2793 ἀνδρῶν
2865 2724 3126 2792 ὑπάρχειν
3175 2737 3324 2774 oecu-

1800 2809 1896 2877 τὴν
1925 2811 2273 2881 στερροτέραν
2297 2798 2434 2862 κατὰ
2466 2811 2556 2862 τὸν
2576 2811 2668 2862 τοῦ
2704 2809 3028 2880 παρθενικοῦ
3057 2809 3328 2880 φρονήμαο

1801 2913 1888 2958 τος
1913 2896 2472 2966 ὲδρασμόν·’“ριιαηιινίε
2496 2897 2684 2949 millies
2706 2897 2900 2949 dixeris
2922 2906 2968 2947 te
2987 2897 3135 2962 longe
3159 2884 3334 2972 altene

168 2983 421 3050 gustinus
468 2984 520 3036 in
563 2983 763 3051 Regula
808 2984 1215 3048 monacltarum,
1247 2983 1400 3052 epist.
1435 2984 1554 3044 l08,
1588 2984 1704 3052 jus-
1733 3021 1775 3076 ο
1808 3001 1838 3035 a
1872 2984 2089 3052 femineo
2132 2987 2330 3046 habitu,
2362 2993 2408 3038 et
2441 2985 2657 3053 teipsam
2679 2984 2968 3036 hominibus
2989 2983 3327 3046 stabiliorem,

169 3077 318 3123 serat
337 3067 715 3122 "Vestimenta
732 3084 854 3123 vero
875 3079 927 3122 et
951 3071 1328 3131 ealeeameuta,
1347 3071 1558 3138 quando
1585 3072 1702 3125 fue-
1740 3067 1775 3076 ⁷
1796 3075 1954 3141 juxta
1977 3076 2186 3144 virginei
2215 3091 2392 3128 sensus
2432 3075 2753 3142 ﬁrmitatem,
2781 3073 2896 3127 lib..
2934 3087 2967 3124 ιι
2989 3071 3155 3139 Epist.
3187 3072 3332 3124 Alia-

168 3156 284 3208 rint
313 3155 567 3224 indigenti
598 3157 916 3220 necessaria,
939 3171 1041 3210 non
1060 3157 1326 3220 differant,
1351 3158 1449 3211 sub
1478 3173 1704 3227 quarum

168 3243 414 3298 custodia
445 3252 589 3310 sunt,
622 3261 739 3314 qute
759 3257 1085 3316 poscuntur;
1111 3266 1129 3298 ι
1152 3259 1202 3301 et
1225 3255 1439 3303 sanctus
1469 3248 1704 3303 Athana-

169 3332 287 3388 sius
324 3334 376 3388 in
426 3334 644 3406 Regulis
695 3337 760 3392 de
785 3340 1088 3408 virginitate
1134 3342 1415 3404 servanda,
1455 3340 1518 3393 ad
1547 3342 1704 3410 virgi-

169 3437 294 3477 nem
355 3425 492 3478 inter
521 3426 622 3479 alia
667 3429 986 3495 praescribit.
1012 3447 1032 3478 ο
1075 3428 1206 3480 Cum
1241 3429 1452 3483 steteris
1503 3431 1553 3480 iu
1585 3441 1702 3481 ora-
1744 3477 1749 3481 .

171 3510 341 3573 tione,
362 3513 520 3580 pedes
544 3515 916 3569 calceamentis
944 3515 1204 3567 obductos
1228 3514 1416 3567 habeto
1441 3530 1485 3576 ς»
1509 3513 1667 3580 ιι.401
1683 3551 1702 3577 ,

169 3599 286 3653 sive
321 3600 373 3651 in
409 3600 560 3668 εὐχῇ.
609 3598 850 3653 Bivarius
887 3601 953 3653 de
987 3600 1300 3654 monaeliatu
1342 3600 1579 3654 scribens
1608 3615 1702 3668 pro

168 3685 416 3741 Nitriolis
462 3687 960 3742 sanctimonialihus
1028 3689 1255 3759 [legulae
1298 3690 1416 3745 illas
1460 3691 1702 3744 conditas

169 3791 198 3828 a
229 3784 420 3830 sancto
445 3775 758 3838 Athanasio,
801 3776 1013 3838 asserit,
1046 3785 1094 3829 et
1139 3775 1386 3842 explicat,
1419 3786 1477 3828 ut
1506 3776 1559 3830 in
1589 3785 1701 3828 sta-

170 3865 409 3919 tionibus
462 3865 587 3918 dum
640 3866 1058 3924 communicant,
1105 3878 1181 3916 eae
1219 3863 1449 3916 obtectis
1477 3863 1699 3931 pedibus

170 3955 520 4020 sintpropter
549 3951 918 4006 reverentiam.
948 3949 1040 4004 Vel
1089 3949 1430 4004 Sandaliarie
1464 3953 1576 4004 ista:
1606 3966 1699 4003 no-

170 4043 387 4095 minata
443 4039 509 4093 ab
550 4041 730 4108 aliquo
790 4033 906 4095 vico
957 4040 1436 4104 Alexandritn,‘ubi
1463 4040 1732 4114 sandalia'

172 4129 486 4199 prostabant
533 4130 762 4193 venalia,
814 4129 1115 4198 cuiusmodi
1167 4139 1281 4184 erat
1335 4131 1517 4184 [lenm
1540 4131 1691 4183 vicus

173 4215 580 4270 Saudaliarius:
609 4233 658 4270 c.
687 4216 920 4270 Nardino
951 4218 1004 4270 in
1052 4215 1219 4269 Roma
1248 4219 1481 4286 antiqua,
1517 4232 1569 4285 p.
1596 4215 1698 4268 “0

1804 3163 1944 3216 tiana
1978 3162 2092 3217 116.
2116 3161 2289 3218 Unde
2332 3164 2588 3233 virginem
2618 3177 2734 3217 eam
2785 3163 2948 3216 fuisse
2991 3164 3218 3215 constat.
3240 3158 3329 3213 lu-

1802 3254 2078 3307 nocentius
2129 3253 2338 3319 quidem
2397 3253 2604 3314 tertius,
2651 3251 2742 3304 lib.
2784 3265 2824 3314 ι,
2845 3252 3005 3319 epist.
3053 3249 3332 3310 187.Βιιι·-
3421 3248 3424 3250 ⁷

1799 3342 1944 3408 gensi
1967 3349 2020 3393 et
2039 3338 2315 3392 Palentino
2343 3341 2606 3408 episcopis
2625 3348 2695 3394 et‘
2711 3339 2886 3392 abbati
2907 3339 2972 3392 de
2993 3337 3330 3404 Morimundo

1797 3424 2167 3480 Cisterciensis
2221 3426 2427 3479 ordinis
2471 3427 2734 3488 rescribit,
2767 3441 2833 3478 ne
2858 3425 3138 3478 abbatissa:
3165 3424 3327 3477 bene-

1797 3515 1976 3568 dicant
2025 3514 2304 3578 moniales,
2349 3516 2530 3587 neqtle
2561 3515 2924 3576 confessiones
2959 3515 3200 3577 audiant,
3233 3527 3336 3567 nec

1798 3604 2086 3672 prredicent
2115 3602 2455 3672 Evangelium
2480 3607 2499 3670 ς
2526 3620 2649 3660 nam
2682 3605 2802 3658 licet
2826 3605 3129 3659 beatissima
3174 3603 3331 3670 Virgo

1797 3694 2003 3762 dignior
2057 3701 2110 3747 et
2155 3681 2710 3747 excellentiorfuerat
2747 3695 3005 3762 apostolis
3038 3692 3332 3751 universis,

1797 3798 1900 3835 non
1931 3791 2105 3834 tamen
2132 3781 2232 3844 illi,
2252 3782 2342 3834 sed
2366 3782 2479 3839 istis
2504 3780 2756 3833 Dominus
2788 3781 2962 3833 claves
2980 3781 3327 3847 regni'coelo-

1795 3883 1912 3922 rum
1936 3868 2205 3922 commisit
2227 3866 2371 3920 :fuse
2388 3878 2604 3943 sanctus
2642 3856 2971 3935 Epiphanius
2991 3869 3084 3921 lib.
3110 3884 3188 3933 ιιι,
3210 3879 3332 3924 κατ’

1794 3955 1972 4024 Αἱρεσ.
2003 3956 2054 4016 6,
2088 3954 2340 4016 Adversus
2357 3953 2961 4025 Callgridianos,baeres.
2991 3956 3078 4015 119.
3115 3973 3206 4012 seu
3240 3957 3328 4012 79.

1795 4045 2057 4099 Robcrtus
2111 4045 2320 4112 quidem
2371 4045 2436 4098 de
2465 4030 2832 4109 Arbrissellis,
2859 4028 3335 4114 Thcologus'Pari-

1795 4133 2010 4195 siensis,
2072 4143 2258 4188 auctor
2321 4133 2420 4186 fuit
2484 4133 2703 4201 insignis
2766 4135 3080 4188 monasterii
3146 4134 3336 4189 Fontis

1797 4222 2026 4286 Ebraldi,
2067 4206 2166 4275 'cui
2208 4221 2444 4289 prazfeeit
2482 4223 2827 4284 abbatissam,
2879 4239 2998 4291 qua)
3049 4225 3335 4279 in'ornnes

175 4317 226 4359 et
255 4305 372 4368 Ml,
403 4321 467 4359 ex
501 4307 870 4375 inscriptione,
899 4323 960 4360 ac
990 4306 1176 4362 Gellio.
1199 4307 1303 4360 Aut
1344 4308 1698 4368 fueruntillaa,
1732 4319 1776 4374 υ
1805 4321 1915 4364 tum
1937 4311 2096 4371 viros,
2119 4318 2226 4363 tum
2252 4310 2476 4364 Feminae
2499 4326 2767 4365 summum
2790 4313 2877 4380 jus
2901 4313 3186 4378 obtineret,
3206 4318 3330 4368 bea-

179 4396 247 4451 atl
299 4410 433 4464 quas
462 4397 682 4465 cpistola
739 4398 905 4451 sancti
942 4397 1181 4469 Gregorii
1235 4387 1704 4452 Naiianzenidiri-

181 4486 424 4557 gebatur,
482 4487 756 4554 inscripta,
807 4487 1182 4557 Εὑλαὸεστάτῃ
1213 4487 1306 4539 καὶ
1355 4486 1439 4539 διὰ
1493 4487 1705 4539 πάντων

180 4577 559 4648 κεκοσμημένη
585 4562 641 4630 ἐν
669 4578 882 4648 Χριστῷ
911 4577 1224 4647 ἀδελφότητι
1249 4581 1316 4646 τῇ
1349 4577 1486 4629 κατὰ
1513 4578 1708 4630 Σαννα-

174 4665 365 4718 δαδίαν
396 4665 491 4719 τοῦ
519 4668 785 4737 μακαρίου
837 4667 1132 4720 Λευκαδίου
1170 4670 1226 4719 ὲν
1282 4667 1574 4736 μονάζουσι
1613 4665 1705 4718 καὶ

172 4753 462 4824 παρθένοις
506 4758 851 4826 ήγιασμένος.
907 4757 1163 4826 (Latinus
1208 4757 1478 4826 interpres
1518 4757 1702 4809 Billius

170 4843 366 4914 pietate
385 4856 446 4894 ac
465 4841 704 4898 doctrina
731 4846 952 4916 insignis
968 4844 1343 4899 Sannabadaar
1358 4845 1547 4912 eil‘ert).
1580 4843 1704 4897 Utut

171 4934 267 4992 sit,
297 4931 478 4984 vellent
502 4939 561 4985 ut
591 4933 656 4986 ad
703 4935 1071 5006 liypotyposim
1114 4936 1378 5004 pathicam
1411 4924 1704 5003 exsequen-

168 5022 322 5081 dam,
369 5021 894 5090 exprimendamque,
928 5041 990 5079 ac
1023 5025 1381 5093 subjiciendus
1424 5025 1591 5077 oculis
1619 5012 1700 5075 al”-

170 5109 406 5163 fectuum
431 5105 590 5178 655
616 5109 665 5162 in
698 5109 787 5162 illo
813 5111 1051 5164 discessu
1085 5113 1404 5180 multiplices
1457 5110 1698 5172 effectus,

167 5198 277 5250 Nili
332 5192 462 5250 mihi
505 5198 583 5250 vel
636 5196 858 5252 Joannis
901 5199 1265 5269 Cbrysostomi
1297 5199 1539 5254 facundia
1574 5215 1698 5268 sup-

167 5293 395 5354 peteret,
430 5299 491 5338 ac
537 5285 855 5349 eloquentia,
904 5301 1024 5339 cum
1064 5286 1438 5341 divellerentur
1485 5288 1694 5354 quidem

170 5373 396 5428 maritus
433 5383 484 5426 et
523 5372 718 5443 ‘conjux
762 5391 923 5430 carne
970 5385 1126 5442 atque
1178 5392 1423 5445 corpore,
1470 5376 1692 5442 conjun-

169 5469 426 5532 gereutur
465 5454 860 5516 tamcu'arctlus
914 5464 1091 5515 animo
1125 5472 1183 5516 et
1210 5465 1484 5518 cbaritate.
1517 5461 1696 5518 Satius

167 5560 278 5610 est,
315 5550 526 5612 quando
564 5550 664 5605 illis
718 5552 1003 5606 destitutus
1049 5568 1164 5605 sum
1210 5552 1442 5615 dotibus,
1498 5553 1696 5606 imitari

1806 4401 2022 4454 tissimaa
2062 4399 2290 4469 Virginis
2320 4400 2407 4453 Dei
2444 4399 2728 4455 Genitrieis
2765 4404 3008 4471 exemplo
3036 4407 3333 4458 secundum

1805 4491 1960 4542 verba
1987 4489 2204 4552 Christi,
2241 4487 2370 4542 Ecce
2400 4488 2574 4543 Filius
2604 4501 2742 4552 tuas,
2784 4508 2897 4545 ecce
2929 4492 3100 4546 Mater
3129 4503 3236 4556 tua,
3263 4495 3332 4544 ait

1806 4593 2003 4630 annum
2037 4574 2098 4630 C.
2132 4575 2193 4630 Ν.
2235 4577 2395 4642 1117,
2443 4577 2521 4631 uti
2578 4578 2815 4634 referunt
2845 4582 3126 4634 cardinalis
3168 4580 3336 4645 Baro—
3388 4606 3404 4660 ρ
3493 4647 3500 4660 ι

1816 4665 1959 4725 nius,
1984 4681 2047 4717 ex
2076 4679 2247 4732 eoque
2287 4666 2623 4735 Spondantrs,
2655 4669 2709 4722 in
2737 4670 2953 4726 ditecesi
2987 4669 3225 4722 Pictavii.
3255 4668 3332 4721 De
3385 4659 3393 4665 ’

1805 4754 1890 4806 illa
1939 4753 2126 4807 Petrus
2178 4755 2567 4818 Cluuiacensis,
2606 4758 2698 4811 lib.
2725 4773 2807 4821 ιιι,
2830 4758 2983 4825 epist.
3023 4755 3110 4815 27,
3143 4765 3196 4807 et
3226 4755 3326 4806 Pe-

1803 4853 1917 4897 trus
1955 4844 2232 4904 Cellensis.
2264 4845 2355 4898 lib.
2388 4861 2448 4910 ιι,
2491 4848 2648 4914 epist.
2697 4847 2782 4910 10,
2814 4846 2883 4897 ad
2910 4841 3322 4895 Mat/tildem'er-
3369 4852 3378 4857 ‘

1799 4935 2076 4987 nerabilem
2133 4935 2468 4994 abbatissam,
2500 4938 2670 5000 deque
2722 4934 2814 4984 illo
2854 4931 3114 4997 epist..u,
3159 4931 3253 5005 12,
3271 4939 3322 4982 et

1799 5023 1889 5076 lib.
1924 5040 1981 5085 ιι,
2015 5023 2170 5089 epist.
2202 5038 2280 5075 ιιι.
2329 5023 2517 5074 Sancta
2549 5016 2761 5088 quoque
2814 5017 3064 5074 Theresia
3104 5022 3316 5084 Patrum

1799 5122 2097 5168 nostrorum
2149 5120 2301 5165 aetate
2355 5111 2672 5162 severiorem
2718 5119 2957 5163 veterum
3014 5111 3321 5162 Carmelita-

1798 5216 1914 5252 rtnn
1947 5198 2221 5266 Regulam,
2255 5199 2356 5250 Deo
2413 5198 2640 5260 amante,
2680 5206 2732 5250 et
2757 5197 2850 5250 Pio
2881 5197 2946 5250 IV
2974 5196 3318 5263 approbante.

1796 5291 2022 5358 primum
2042 5287 2369 5350 mulieribus,
2394 5287 2552 5356 656
2575 5288 2764 5341 deinde
2796 5288 2919 5340 viris
2939 5285 3317 5339 observandam

1794 5376 2083 5448 proposuit.

1863 5467 2078 5518 Exstant
2111 5474 2164 5518 et
2190 5467 2422 5532 epistulae
2458 5467 2641 5520 Niliad
2664 5456 2996 5518 Anastasiam
3037 5463 3316 5532 virginem.

1797 5555 1898 5608 333
1929 5554 2161 5621 Possini,
2213 5556 2306 5608 lib.
2348 5572 2404 5620 ιι,
2440 5557 2595 5623 epist.
2633 5554 2731 5607 118
2758 5552 2956 5617 Allatii,
2986 5553 3039 5606 iu
3070 5568 3172 5622 qua
3202 5569 3312 5606 cair
