4122 6338
678 269 808 332 1333
1049 319 1060 330 .
1367 262 1535 324 sos.
1577 259 1832 320 MAle
1859 225 2230 317 sunmus"
2269 252 2496 338 uasa
2535 246 3154 314 CHRONOLOGICUS
3373 246 3378 251 '
3457 308 3462 320 ε
3742 247 3872 324 ωδε

670 379 1009 436 commendat
1035 377 1103 433 ob
1133 374 1363 446 vigilias,
1393 382 1499 428 etc.
1536 372 1668 426 item
1709 373 1774 426 ad
1802 370 2076 425 Julinnam
2105 368 2217 421 vir-
2256 371 2301 428 Α
2329 365 2869 435 drmissionisspecie
2889 365 3515 436 tumentcssuperbiunt,
3554 379 3874 442 captamque

673 473 871 541 ginem,
892 469 987 524 lib.
1012 483 1051 533 t,
1086 457 1367 536 epist.'163
1391 475 1443 517 et
1466 464 1586 527 164,
1625 461 1905 520 dilaudans
1950 459 2119 528 ipsam
2151 456 2224 510 ob
2328 456 2541 508 inanem
2575 455 2945 509 adurationem
2975 469 3114 509 novo
3144 471 3338 526 genere
3378 457 3613 514 ambitus
3644 476 3709 514 ex
3763 463 3867 516 mi-

671 561 973 629 jejnniunt;
1031 548 1253 623 insuper
1304 554 1370 608 ad
1399 553 1710 616 Photinam,
1736 560 1788 606 et
1815 551 1937 606 Dor.
1983 547 2234 629 sive(ut-
2323 543 2483 605 seria,
2515 557 2581 596 ex
2634 542 2837 606 illuvie,
2883 544 3114 612 ﬁctaque
3184 545 3349 598 animi
3393 547 3745 615 despicientia
3795 561 3873 605 te-

642 622 908 718 .opinor)
951 622 1025 701 ad
1060 622 1406 708 Dorotheam,
1437 643 1529 697 lib.
1556 658 1615 706 ιι,
1661 641 1814 710 epist.
1845 637 2057 704 3l,tubi
2088 622 2238 705 ἄλη-⁸
2321 642 2506 702 gvntes
2534 633 2715 686 cinere
2736 635 3057 692 {monasticae
3097 636 3281 698 vestis,
3338 645 3394 689 et
3439 637 3535 692 vili
3603 638 3872 697 schemate

675 737 783 800 θῶς
839 738 945 806 γὰρ
995 734 1243 805 (inquit)
1287 730 1623 800 σκηνώματά
1645 746 1705 782 τε
1737 727 1835 782 καὶ
1862 725 2225 794 Θυσι.αστήρια

2323 719 2455 773 illud
2500 721 2808 775 cenodoxia‘.
2837 721 3141 775 incendium
3171 738 3279 791 quo
3307 725 3665 780 esardescunt
3695 727 3865 791 intus,

675 830 768 881 καὶ
791 828 941 890 ναὸς,
972 827 1066 878 καὶ
1113 809 1369 894 κειμήλια
1408 822 1537 874 Θεοῦ
1563 821 1650 873 διὰ
1674 820 1770 888 τῆς
1803 813 2102 888 παρθενίας
2130 831 2227 866 mo

2323 823 2496 878 neque
2525 809 2927 877 periclitabatur
2952 812 3004 863 in
3059 811 3408 879 applausibus
3447 813 3566 882 ejus
3594 817 3871 879 sanctitas,

676 920 877 986 φήνατε
902 931 915 945 ·
948 914 1006 967 id
1027 923 1130 978 est,
1152 898 1278 966 cere.
1302 924 1517 978 namque
1544 906 1899 968 tabernacula.
1935 902 2221 967 etatltaria,
2323 915 2421 954 nec
2451 908 2566 954 erat
2605 901 2901 983 timendum.
2919 916 2983 955 ne
3009 901 3192 956 laudes
3247 919 3368 972 quae
3393 905 3491 972 ipsi
3525 906 3870 961 ascribeban-

675 1017 723 1058 et
750 1004 1015 1071 templum,
1051 1012 1098 1054 et
1119 1002 1346 1069 pretiosa
1385 1012 1599 1050 munera
1621 995 1717 1049 Dei
1753 1011 1842 1063 per
1871 992 2222 1062 virginitatem
2323 1001 2430 1057 tur,
2461 999 2888 1058 corrumperent,
2919 1005 2982 1045 ac
3018 989 3378 1056 deooquerent
3425 995 3703 1059 virtutum,
3744 996 3880 1067 qui-

679 1093 1025 1163 apparuistis.
1095 1090 1301 1143 Helenae
1343 1087 1534 1141 illustri
1583 1086 1741 1155 epist.
1793 1082 1915 1148 ΠΟ,
1942 1082 2036 1135 lib.
2069 1094 2108 1134 tt
2138 1079 2226 1132 Al-

680 1183 815 1241 lat‘ii,
846 1190 930 1234 est
975 1179 1255 1247 inscripta,
1305 1180 1411 1246 qua
1449 1176 1652 1230 solatur
1682 1187 1825 1234 eam,
1854 1178 2104 1239 vetatque
2130 1169 2220 1222 lu-

681 1284 806 1338 gere
857 1283 1001 1321 more
1039 1267 1314 1336 gentilium
1351 1264 1517 1317 tilium
1552 1261 1793 1326 unicum,
1838 1266 1894 1314 et
1935 1258 2219 1328 optimum,

677 1357 773 1427 qni
830 1355 1210 1418 obdormierat,
1256 1350 1564 1406 Nicaret-um
1599 1365 1715 1416 gan
1743 1348 1941 1404 -llliam
1985 1345 2221 1403 Nicareti

681 1445 954 1511 scriniari,
992 1446 1059 1499 ad
1095 1457 1256 1515 quem
1284 1448 1533 1497 esararat
1554 1440 1708 1510 epist.
1729 1439 1829 1515 131
1861 1438 1958 1493 lib.
1998 1437 2225 1493 tntNec

658 1532 822 1589 enim
849 1535 913 1588 ad
943 1532 1248 1588 Nicaretum
1270 1539 1512 1600 spectare
1536 1543 1752 1596 censeo,
1778 1543 1936 1598 quem
1968 1528 2221 1583 admonet
2263 1552 2265 1556 Α

675 1621 835 1689 epist.
874 1619 999 1682 284,
1022 1619 1116 1673 lib.
1150 1633 1209 1672 tt.
1252 1616 1518 1689 Praeterea
1582 1613 1737 1669 Nilus
1803 1612 2000 1669 Julian:
2051 1614 2224 1668 comi.

681 1687 868 1765 tissam
924 1708 1174 1763 convenit
1236 1687 1331 1775 per
1362 1705 1518 1774 epist.
1564 1704 1693 1768 215,
1725 1703 1820 1758 lib.
1850 1720 1910 1768 tt,
1937 1703 2221 1773 obiurgans

681 1800 806 1851 eam‘
825 1796 965 1864 quod
1002 1795 1222 1848 nimium
1262 1793 1504 1846 studeret
1543 1791 1790 1860 corporis
1826 1791 2094 1846 venustati
2125 1804 2221 1843 cu-

611 1931 616 1935 .
680 1887 893 1951 randat;
929 1900 997 1940 an
1052 1885 1194 1938 illam
1230 1883 1552 1943 Gazensem,
1592 1882 1657 1934 de
1677 1897 1779 1950 qua
1805 1882 2095 1934 cardinalis
2120 1880 2221 1932 Ba-

682 1976 867 2030 renius
918 1976 990 2030 ad
1018 1989 1219 2027 annum
1263 1972 1326 2027 c.
1360 1970 1424 2024 N.
1454 1972 1577 2033 tos.
1601 1957 1693 2025 tot.
1728 1969 1871 2025 4792
1903 1971 1965 2024 ad
1997 1970 2216 2039 Stepha-

679 2067 857 2121 nidem
920 2066 1272 2129 comitissam,
1316 2063 1350 2115 l.
1401 2047 1477 2127 tt,
1518 2063 1674 2130 epist.
1731 2060 1856 2122 218,
1909 2059 2068 2127 cujus
2121 2059 2221 2113 lide

681 2156 1003 2213 servandum
1023 2155 1274 2208 maritum
1294 2153 1519 2206 allirmat
1544 2168 1558 2217 ;
1589 2151 1803 2203 viduam
1826 2149 2038 2202 demum
2063 2148 2222 2204 Dies-

681 2245 908 2304 coriam,
948 2245 1032 2298 cui
1079 2242 1242 2295 Deum
1293 2243 1678 2295 subventurum
1728 2239 1980 2307 praesagit
2012 2239 2122 2294 lib-
2158 2254 2216 2301 tt,

678 2325 839 2400 epist.
876 2331 999 2384 266.
1045 2328 1272 2383 Nomina
1325 2342 1451 2382 vero
1505 2338 1610 2381 tam
1645 2328 1829 2381 uxoris
1873 2325 2002 2393 Nili,
2057 2342 2219 2396 quam

686 2422 811 2474 tiliae
841 2419 1009 2472 celata
1045 2417 1318 2480 oblivione
1338 2417 1390 2468 in
1431 2415 1606 2482 terris,
1648 2417 1702 2469 in
1731 2416 2039 2480 caelestibus
2064 2416 2231 2468 tabu-

681 2510 747 2563 lis
800 2490 966 2561 fuisse
1016 2507 1211 2573 scripta
1261 2503 1598 2558 crediderim.
1631 2504 1798 2558 Tanta
1831 2502 2073 2564 fuit‘Nili
2103 2519 2220 2558 mo-

681 2596 876 2660 destia,
930 2602 1183 2662 tantaque
1245 2591 1539 2654 humilitas,
1582 2591 1787 2645 alienus
1809 2592 2022 2658 penitus
2045 2599 2161 2646 erat
2190 2607 2219 2646 a

681 2687 837 2741 fama:
866 2685 1114 2754 aucupio,
1135 2697 1433 2752 empyream
1457 2681 1723 2736 ambiebat
1742 2681 2216 2748 immortalitatem,

651 2777 796 2846 ipse
848 2789 972 2828 cum
1029 2786 1213 2836 uxore,
1271 2772 1578 2841 liberisque,
1632 2780 1684 2825 et
1735 2770 1983 2841 religiosa
2021 2771 2220 2830 familia

682 2865 847 2934 probe
873 2872 1134 2918 norateos
1162 2863 1254 2931 qui
1284 2877 1473 2915 vanam
1522 2869 1783 2931 spernunt
1815 2861 2064 2930 gloriam,
2094 2862 2220 2916 ade-

2321 1079 2422 1133 bus
2444 1089 2666 1134 ornatus
2687 1091 2825 1144 erat,
2867 1080 3022 1134 ﬂores
3063 1091 3117 1136 et
3165 1081 3392 1148 fructus,
3440 1087 3593 1153 quasi
3657 1074 3869 1156 gemma

2320 1180 2685 1240 erumpentes,
2742 1181 3077 1240 mentemque
3146 1173 3413 1242 voluptate
3495 1176 3871 1234 abhlandieatr

2323 1259 2597 1330 perfusam
2632 1262 2916 1331 plusquam
2947 1277 3042 1330 par
3072 1273 3237 1327 esset,
3294 1271 3352 1317 ut
3407 1264 3562 1331 lapsu
3618 1267 3873 1335 gravia“

2323 1357 2520 1414 rueret,
2549 1351 2904 1417 extollerent;
2945 1366 3010 1405 eo
3039 1352 3270 1407 citstiori
3336 1355 3525 1421 gradu.
3581 1370 3641 1409 se
3689 1357 3892 1412 oculis-

2320 1453 2506 1494 eorum
2539 1438 2910 1503 subtrahebat.
2946 1449 2999 1494 et
3024 1455 3182 1496 aures
3211 1442 3526 1499 obstruebat
3559 1443 3728 1512 Nilus,
3759 1461 3868 1503 tte--

2320 1545 2426 1598 que
2459 1538 2830 1599 cognatorum,
2863 1540 2956 1584 aut
2979 1530 3285 1597 cbarorutn,
3325 1533 3408 1586 vel
3446 1549 3722 1592 servorum
3777 1537 3853 1591 la-

2322 1615 2520 1686 crymis
2547 1616 2810 1670 tantillum
2841 1617 3264 1685 permovebatur,
3301 1619 3459 1674 siccis
3512 1619 3626 1689 ipse
3681 1622 3851 1676 oculis

2321 1706 2386 1758 ad
2422 1704 2672 1759 vexillum
2729 1705 2908 1759 crucis
2951 1705 3288 1772 convolabat,
3357 1716 3504 1760 tanto
3558 1708 3856 1764 solitudinis

2322 1808 2505 1848 amore
2543 1793 2800 1861 ﬂagrabat
2840 1793 2974 1848 aula
2990 1803 3246 1864 portastis
3276 1797 3576 1864 lubricum;
3607 1792 3857 1854 insonue-

2323 1892 2401 1936 rut
2431 1873 2504 1936 illi
2528 1883 2914 1953 apophtbegma
2953 1883 3081 1938 illud
3120 1885 3303 1952 tritum
3337 1901 3352 1937 :
3383 1883 3547 1939 Exeat
3601 1886 3724 1940 aula
3767 1887 3857 1956 qui

2319 1972 2447 2026 volet
2493 1987 2599 2027 esse
2635 1974 2797 2041 pius;
2827 1984 2988 2043 utque
3023 1973 3155 2028 alter
3195 1973 3501 2029 succinuit:
3557 1976 3859 2044 Quicunque

2318 2063 2386 2114 ad
2411 2071 2558 2115 astra
2589 2064 2750 2118 tendit
2769 2068 2834 2118 ιι
2855 2065 3007 2133 sequi
3031 2065 3174 2134 cupit
3214 2066 3421 2119 uirtutis
3445 2065 3598 2119 decus
3623 2082 3856 2132 aureum,

2320 2151 2575 2221 relinquat
2597 2153 2772 2206 aulam
2797 2162 2848 2208 et
2868 2159 3144 2208 restitantes
3169 2170 3452 2224 purpuras.

2389 2241 2539 2297 Mons
2571 2242 2741 2306 Sinai,
2771 2240 2864 2298 seu
2893 2244 3022 2299 Sina
3046 2252 3128 2299 est
3155 2247 3206 2298 in
3240 2245 3458 2310 Arabia,
3483 2251 3666 2300 sancto
3692 2244 3861 2300 Paulo

2319 2330 2562 2398 apostolo
2593 2339 2811 2410 auctore
2837 2347 2887 2386 c.
2920 2347 2992 2398 tv,
3020 2332 3111 2396 95,
3145 2333 3213 2387 ad
3241 2331 3475 2398 Galatas,
3525 2348 3712 2401 nempe
3761 2333 3862 2386 Pe.

2323 2428 2470 2484 traea,
2506 2418 2595 2473 ubi
2637 2418 2836 2488 μέλανα
2867 2419 2966 2490 ὅρη
2998 2420 3243 2475 locantur
3263 2438 3291 2473 a
3323 2421 3628 2487 Ptolemaeo,
3654 2422 3745 2475 lib.
3801 2439 3856 2489 ν,

2320 2521 2367 2560 c.
2403 2507 2488 2569 l7,
2518 2504 2799 2576 Geog’raph.
2831 2524 2863 2563 e
2901 2519 3084 2562 sancto
3113 2507 3459 2578 Hieronymo.
3493 2507 3725 2561 Sinaum
3766 2523 3861 2572 vo-

2318 2604 2406 2650 cat
2425 2594 2665 2653 Justinus
2694 2612 2723 2654 e
2751 2597 2946 2669 Trogo.
2975 2596 3200 2667 Insignis
3229 2608 3310 2652 est
3336 2597 3424 2652 Dei
3451 2598 3700 2666 altequiis
3727 2611 3852 2651 cunt

2317 2685 2519 2756 Moyse,
2563 2694 2618 2740 et
2673 2685 3006 2754 legelradita
3057 2675 3254 2757 populo
3281 2677 3590 2750 Israelitico,
3624 2686 3862 2756 locisque

2319 2777 2511 2842 sacris,
2540 2790 2659 2845 quae
2689 2777 2890 2830 circum
2920 2775 3240 2842 ﬂorebant,»
3276 2791 3306 2831 e
3360 2775 3620 2838 Bellonio,
3671 2776 3763 2831 lib.
3821 2791 3858 2831 ll

2325 2863 2622 2931 Obseruat.,
2653 2880 2703 2920 c.
2757 2864 2843 2920 62.
2877 2864 3093 2919 Duobus
3119 2864 3353 2933 assurgit
3381 2866 3745 2920 cacuminibus
3769 2880 3858 2920 so-

683 2961 870 3024 ptnros
895 2951 1290 3016 veram,omnia
1319 2960 1658 3004 monumenta
1690 2943 1993 3030 mortalium
2033 2951 2217 3007 sublu-
2245 2969 2289 3030 ο
2321 2951 2427 3006 lido
2488 2959 2648 3017 saxo,
2727 2961 2779 3007 et
2832 2953 3100 3007 variorum
3174 2954 3448 3016 colorum,
3515 2953 3859 3022 granulisque

682 3044 799 3097 nari
831 3043 1060 3096 excitata
1114 3042 1166 3094 in
1197 3041 1411 3109 regione
1447 3047 1553 3092 tam
1604 3040 1844 3094 celeriter
1893 3040 2124 3115 absumi,
2155 3055 2217 3095 ac

679 3135 877 3206 perire,
905 3141 1131 3185 mortem
1168 3130 1314 3184 saxis
1357 3128 1589 3193 evenire,
1629 3129 2073 3199 nominibusque:
2104 3129 2216 3206 lor-

684 3223 846 3277 tassis
888 3223 1045 3276 etiam
1087 3219 1338 3289 epistolas
1389 3220 1452 3273 ad
1484 3234 1578 3273 eas
1601 3219 1767 3285 dedit,
1799 3220 1890 3274 sed
1933 3219 2218 3275 intercide-

641 3374 644 3378 ,
686 3321 809 3365 runt
844 3312 962 3375 illm,
1004 3319 1062 3364 ut
1090 3318 1218 3366 sunt
1243 3309 1376 3362 varii
1430 3319 1608 3362 rerum
1639 3320 1816 3363 casus.
1851 3309 2096 3378 Deposita
2122 3309 2223 3380 igi-

685 3409 774 3452 tur
815 3400 923 3466 jam
951 3399 1224 3469 dignitate,
1268 3411 1680 3466 successoreque
1728 3406 1966 3466 accepto,
1997 3388 2238 3454 etbonis'

582 3521 586 3524 ι
686 3491 930 3552 fortunae,
983 3492 1178 3558 quibus
1209 3489 1474 3549 adluebat.
1504 3489 1557 3541 in
1602 3478 1911 3543 alimoniam
1957 3503 2222 3558 usumque
2258 3478 2267 3484 ’

689 3594 979 3648 natiperum
1030 3579 1175 3646 large
1227 3577 1549 3638 distributis,
1574 3578 1722 3645 juxta
1749 3577 2027 3634 consilium
2057 3591 2224 3632 evan-

688 3667 916 3734 gelicum
950 3681 965 3730 ;
1003 3665 1204 3734 peregit
1241 3665 1383 3732 pium
1407 3663 1637 3732 felixque
1675 3677 1794 3717 cum
1822 3664 1959 3717 thori
1975 3672 2232 3719 consorte

687 3754 972 3806 divortium
1008 3754 1178 3817 Nilus,
1217 3762 1270 3807 et
1313 3762 1540 3822 quatuor
1577 3753 1648 3806 illi
1677 3753 2020 3808 beatitudinis
2049 3754 2227 3810 candi-

688 3843 817 3905 dati,
872 3842 1069 3910 egressi
1125 3852 1248 3896 sunt
1299 3857 1328 3896 e
1359 3843 1535 3906 domo,
1557 3849 1608 3896 et
1657 3841 1994 3910 cognatione,
2024 3842 2217 3897 unani-

693 3931 849 3984 miter
873 3930 1259 3997 conspirantes.
1293 3931 1404 3986 Sub
1427 3944 1623 3984 annum
1647 3929 1770 3993 ωδ,
1827 3930 1982 3997 pulso
2029 3944 2226 3999 nempe

694 4022 748 4072 in
782 4020 1028 4073 exsilium
1053 4018 1435 4086 Cbrysostomo
1464 4016 1669 4069 Joanne
1688 4025 1922 4084 pastore,
1949 4017 2063 4071 istae
2098 4032 2225 4072 oves

694 4109 1055 4162 voluntarium
1109 4107 1385 4160 subierunt
1441 4103 1710 4159 exsilium.
1742 4104 1982 4173 Arripuit
2011 4105 2110 4159 iter
2134 4105 2245 4159 Ni-o

694 4201 776 4251 lus
805 4198 869 4250 ad
902 4205 1132 4253 mentem
1173 4195 1317 4248 Sinai
1351 4210 1472 4249 cum
1516 4192 1810 4259 Tbeodulo,
1855 4194 2012 4248 ambo
2041 4210 2228 4249 mona-

2323 3042 2768 3126 diversasllguras
2793 3041 3140 3098 referentibus
3158 3043 3406 3098 distincto
3427 3060 3442 3109 ;
3459 3044 3715 3097 excelsior
3735 3059 3858 3113 pars

2326 3132 2472 3187 Sinai
2501 3147 2719 3196 nomen,
2751 3131 3058 3200 depressior
3089 3130 3228 3187 Oreb
3267 3133 3674 3202 appellationem
3735 3147 3858 3187 sor-

2327 3221 2474 3275 titur.
2511 3219 2569 3273 ln
2599 3217 2736 3273 Oreb
2764 3216 2964 3286 Moy‘sis
2985 3257 3000 3282 ,
3025 3218 3121 3288 qui
3164 3218 3331 3289 legem
3356 3220 3427 3275 ibi
3467 3236 3497 3273 a
3519 3219 3629 3275 Deo
3657 3220 3859 3288 accepit

2325 3312 2403 3373 εἰς
2427 3307 2682 3376 διαταγὰς
2723 3306 2988 3374 ἀγγέλων,
3013 3307 3065 3361 id
3102 3316 3206 3374 est,
3253 3308 3316 3361 ad
3345 3309 3705 3376 dispositiones
3758 3327 3857 3363 att-

2325 3398 2573 3467 gelorum,
2605 3396 2715 3451 sive
2747 3394 3132 3462 disponentibus
3190 3395 3405 3462 angelis,
3454 3395 3574 3449 Act.
3625 3411 3716 3459 vn,
3769 3397 3859 3458 53,

2327 3485 2584 3554 impressa
2612 3483 2807 3551 eﬂigies
2836 3483 3160 3537 adamussitn
3182 3485 3354 3536 adhuc
3384 3480 3853 3538 marmoriexstat.

2329 3572 2386 3626 In
2417 3573 2565 3625 Sinai
2590 3585 2785 3639 corpus
2813 3582 3008 3626 sanctis
3053 3571 3376 3637 Catharinae,
3419 3584 3578 3642 quam
3607 3570 3857 3627 Ecatha—

2327 3664 2519 3730 rinam,
2552 3661 2706 3730 quasi
2759 3659 2914 3728 ἁγίαν
2971 3658 3278 3728 Καθαρίναν
3346 3661 3541 3717 dictam
3604 3665 3868 3726 arbitror,

2327 3752 2431 3822 fuit
2455 3753 2521 3807 ab
2553 3751 2756 3820 angelis
2785 3751 3143 3819 deportatum,
3171 3749 3315 3818 quod
3361 3759 3543 3818 postea
3606 3745 3858 3805 monahbi

2329 3843 2715 3899 transtulerunt
2762 3840 2817 3902 in
2850 3840 3010 3900 imam
3046 3840 3280 3900 radicem
3306 3837 3464 3904 Oreb,
3499 3849 3558 3892 ut
3590 3839 3656 3893 ab
3683 3839 3858 3894 hosti-

2329 3933 2433 3986 bus
2458 3931 2630 3985 t‘utuin
2663 3939 3061 3993 conservarent,
3093 3943 3217 3982 arce
3245 3938 3569 3998 constructa,
3608 3945 3639 3988 e
3662 3928 3863 3983 Proco~

2331 4021 2422 4092 pio
2452 4018 2835 4073 dsJustiniani
2957 4015 3240 4086 didiﬁciis,
3271 4018 3553 4074 Combells.
3587 4034 3640 4087 p.
3669 4018 3736 4073 54
3762 4017 3864 4072 Dc-

2333 4107 2737 4164 inonstrationis
2765 4097 3355 4175 Constantinopolis'ab
3399 4108 3635 4173 incerto;
3677 4116 3860 4178 typum

2335 4201 2617 4269 utriusque
2645 4198 2844 4252 montis
2875 4197 3140 4267 pollicitus
3191 4198 3362 4251 fuerat
3393 4196 3498 4252 Leo
3527 4198 3751 4251 Allatius
3813 4199 3862 4250 in

692 4289 901 4340 chicum
928 4296 1122 4339 statum
1143 4349 1147 4351 λ
1167 4285 1467 4350 sublimem,
1495 4294 1655 4353 atque
1677 4284 1976 4353 angelicum
2012 4286 2077 4338 ad
2103 4301 2223 4349 pcc-
2259 4291 2301 4344 D
2331 4287 2479 4343 Notis
2514 4287 2579 4342 ad
2607 4281 2871 4364 Eustathii
2905 4284 3215 4342 Antioclteni
3241 4289 3572 4356 patriarchae,
3623 4288 3712 4356 qui
3769 4289 3866 4341 sub

695 4387 812 4428 cata
839 4374 1201 4441 expurganda,
1223 4374 1553 4441 virtutesque
1575 4373 1843 4440 augendas
1861 4374 2221 4440 aptissimum,

694 4473 747 4518 et
777 4463 839 4516 ad
873 4461 1201 4514 iracundiam
1251 4463 1342 4514 Dei
1386 4462 1719 4529 placandam,
1763 4462 2077 4532 veniamque
2097 4479 2224 4531 pro-

698 4549 1002 4604 merendam
1057 4555 1403 4615 assectantes,
1454 4549 1582 4603 dum
1618 4559 1767 4616 parte
1789 4550 1891 4604 alia
1923 4551 2140 4619 conjux,
2171 4561 2225 4605 et

699 4645 802 4696 tilia
849 4640 1286 4698 sanctimoniales
1329 4637 1653 4708 professum
1703 4640 2114 4710 proﬁciscuntur
2157 4640 2224 4696 ad

696 4733 797 4786 Nili
822 4732 1018 4786 ﬂuenta
1034 4739 1086 4784 et
1104 4729 1316 4799 Egypli
1336 4728 1690 4792 monasteria;
1709 4741 1882 4796 neque
1904 4729 2078 4796 potuit
2096 4729 2247 4781 anii-.

692 4837 880 4877 corum
929 4822 1124 4888 pietate
1176 4817 1487 4881 illustrium,
1539 4815 1815 4883 ﬁdelisque
1861 4815 2042 4886 pepuli
2073 4818 2226 4870 turba

697 4911 962 4976 stupentis
998 4907 1063 4963 ad
1082 4909 1441 4978 spectaculum
1462 4917 1567 4960 tam
1593 4906 1840 4974 gloriosae
1862 4905 2229 4960 conversionis

694 5015 754 5054 se
806 4998 1102 5059 continere,
1157 4999 1286 5066 quin
1317 5012 1476 5051 voces
1524 4997 1721 5051 laetitia:
1741 5004 1905 5050 testes
1944 5001 1996 5048 et
2028 4994 2231 5047 doloris

697 5088 996 5153 eﬂ’nndcret
1043 5101 1136 5139 ore
1163 5087 1337 5154 pleno,
1365 5087 1557 5156 quibus
1589 5097 1696 5139 tam
1733 5086 1891 5153 digna
1933 5085 2085 5153 paria
2116 5098 2234 5152 pro-

699 5188 1069 5250 sequerentur,
1121 5177 1192 5230 ita
1249 5183 1308 5230 ut
1348 5179 1525 5231 omnia
1571 5178 2058 5244 Constantinopolis
2085 5190 2232 5230 com-

699 5269 807 5336 pita
837 5269 1112 5339 enepmiis,
1165 5281 1228 5321 ac
1255 5267 1502 5336 querelis,
1549 5268 1656 5320 imo
1699 5276 1751 5321 et
1779 5268 1875 5321 vim
1924 5267 2083 5336 regia:
2116 5281 2233 5336 per-

701 5365 968 5410 sonarent.
1057 5356 1113 5409 ln
1190 5353 1375 5423 primis
1423 5353 1791 5423 'glorlationis
1867 5355 2233 5414 immoderata:

702 5442 890 5496 vitium
993 5457 1202 5510 semper
1277 5455 1492 5503 exosus,
1557 5446 1686 5492 tunc
1770 5442 2105 5506 potissimum
2173 5443 2230 5496 id

701 5528 857 5598 657
875 5529 1105 5600 fugiebat
1134 5529 1303 5594 Nilus,
1333 5543 1432 5584 nec
1465 5545 1524 5582 ex
1554 5527 1657 5581 illis
1685 5538 1797 5582 erat
1823 5530 1911 5596 qui
1937 5531 2036 5585 sub
2067 5546 2095 5583 a
2134 5529 2229 5584 tmi

2324 4378 2639 4432 Constantio
2668 4377 2730 4429 Α.
2777 4378 2926 4439 vixit,
2985 4386 3038 4431 et
3098 4379 3301 4446 synodo
3349 4377 3574 4432 Nicaeus:
3627 4379 3868 4431 interfuit

2327 4469 2481 4537 (teste
2508 4467 2759 4531 ‘Socrate,
2787 4467 2879 4519 lib.
2915 4480 2953 4530 ι,
2982 4481 3031 4519 c.
3061 4466 3125 4519 15
3150 4465 3292 4521 Hist.
3325 4463 3546 4533 Ecclcs).
3575 4466 3868 4520 Hesacmeo

2326 4569 2444 4618 ron,
2476 4570 2528 4623 p.
2563 4553 2703 4617 Sta;
2732 4554 2821 4607 sed
2857 4568 2962 4606 non
2994 4557 3137 4607 stetit
3162 4555 3459 4622 promissis,
3492 4569 3661 4624 neque
3707 4569 3866 4623 posse

2326 4654 2511 4716 typum
2547 4644 2696 4696 illum
2721 4660 2748 4694 a
2783 4643 3076 4711 pictoribus
3106 4644 3361 4697 dellneari
3413 4642 3602 4718 Petrus
3642 4659 3669 4695 a
3721 4642 3866 4698 Valle

2326 4736 2381 4789 in
2416 4734 2605 4788 Itiner.
2641 4733 2845 4788 Turcic.
2875 4750 2926 4803 p.
2950 4733 3076 4796 250,
3103 4733 3349 4787 editionis
3379 4734 3621 4788 secunda:
3649 4733 3865 4800 fatetur,

2328 4823 2418 4876 ubi
2458 4837 2516 4877 se
2537 4823 2795 4876 lustrasse
2833 4832 3064 4876 montem
3111 4831 3396 4891 utrumque
3440 4833 3639 4888 narrat,
3690 4836 3748 4879 et
3783 4826 3866 4880 di-

2328 4912 2549 4981 ligenter
2570 4912 2860 4974 describit;
2889 4910 3199 4964 Eustathius
3235 4921 3410 4966 autem
3438 4904 3579 4976 ens,
3613 4916 3706 4980 qui
3754 4927 3866 4967 sevo

2330 5017 2429 5056 suo
2469 5001 2882 5069 proficiscuntur
2911 4999 2976 5052 ad
3018 4999 3106 5052 illa
3153 4999 3269 5054 loca
3301 5000 3460 5071 χάριν
3493 5001 3756 5069 ἱστορίας,
3813 5001 3864 5055 id

2329 5098 2427 5153 est,
2447 5090 2695 5149 discendi,
2731 5087 2807 5139 vel
2839 5087 3034 5139 sciendi
3053 5082 3244 5156 gratia,
3275 5089 3476 5145 formas
3512 5090 3866 5148 tentariorutu

2331 5179 2550 5232 inﬁnitae
2581 5177 2938 5250 multitudinis
2968 5193 2997 5232 a
3045 5180 3238 5248 seipsis
3273 5167 3588 5250 conspectas
3650 5196 3867 5246 asseve—

2325 5261 2450 5322 rare
2481 5267 2645 5321 tradit
2675 5282 2726 5335 p.
2754 5266 2841 5322 90.
2875 5267 3099 5323 Sedente
3127 5276 3326 5322 sancto,
3359 5271 3621 5341 Gregorio
3673 5271 3868 5342 Magno

2334 5351 2642 5416 Rusticiana
2678 5354 2894 5421 patricia
2925 5356 3155 5423 perrexit
3180 5357 3243 5410 ad
3295 5360 3524 5412 montem
3558 5355 3707 5422 Sina,
3773 5359 3862 5410 lib.

2334 5459 2415 5505 ill,
2451 5456 2497 5495 c.
2537 5445 2602 5496 44
2642 5444 2865 5512 Registr.
2905 5441 3277 5513 Hinc-prodiit,
3323 5456 3689 5516 «cognomen
3757 5457 3870 5497 lla-

2334 5531 2410 5584 xit
2441 5532 2752 5587 Anastasius
2781 5535 3004 5598 Sinaita,
3054 5536 3148 5603 qui
3199 5536 3628 5606 archiepiscopus
3675 5534 3862 5588 Antio-
