4122 6338
150 143 278 204 1385

1447 126 1542 184 DE
1565 125 1730 185 VITA
1770 125 1826 180 S.
1851 123 2036 213 ιιιιλι.

3192 112 3325 179 1386

161 257 370 319 lienus,
394 242 605 318 scripsit
644 247 862 315 Ὀδηγδν
889 244 1148 310 adversus
1175 241 1582 311 Accphalos,.et
1623 241 1687 293 ad
1718 246 1761 299 Α
1791 238 1881 306 qui
1929 237 2058 291 abiit
2119 236 2172 289 in
2235 233 2486 286 Arabiam
2545 249 2591 286 c.
2650 249 2664 285 ι
2721 234 2784 287 ad
2841 232 3076 299 Galatas,
3114 243 3169 286 ut
3234 235 3328 286 do-

158 365 232 400 ..ι.
263 343 552 413 551658
580 341 727 393 vixit.
759 337 992 392 Joannes
1021 335 1288 388 Climacus
1344 333 1412 388 30
1467 333 1682 402 gradus,

162 437 339 489 ruibus
363 447 642 486 ascensum
673 429 825 482 docet
855 426 918 479 ad
946 424 1343 492 perfectionem,
1371 424 1442 475 ibi
1465 437 1685 489 compo-

161 527 254 580 alit
282 524 346 576 ad
369 537 568 576 annum
591 520 711 582 540,
737 533 766 571 e
795 517 1021 579 liadeio,
1041 530 1132 568 seu
1164 529 1192 566 e
1214 512 1459 577 Duronio,
1491 523 1543 565 et
1572 511 1687 564 Bel-

163 615 374 669 armiuo
390 611 892 674 cardinalihus;eum
908 615 1140 659 montem
1162 604 1430 657 incoluere
1449 612 1557 655 tum
1579 617 1689 669 pcr-

169 705 298 756 :Illlli
314 700 581 764 monachi,
596 708 644 752 et
663 713 841 766 supra,
857 707 904 750 et
922 693 1407 749 subtus.Theonam
1422 692 1688 760 comperio

156 794 241 848 Jei
257 793 596 846 miseratione
611 789 973 857 presbyterum
992 793 1043 838 et
1058 782 1498 836 ambaseiatorem
1517 780 1686 834 sancti

151 884 347 937 .uontis
373 880 542 944 Sinai,
577 889 629 932 et
671 876 836 932 eremi
862 875 1084 937 Raithzc,
1120 888 1212 926 seu
1243 871 1460 934 Raithu,
1489 880 1540 924 et
1567 885 1689 922 san-

153 984 246 1028 sta:
274 971 510 1028 ecclesia:
557 968 785 1030 Pharan,
820 968 909 1034 qui
944 964 1143 1017 faciens
1171 975 1494 1025 sermOnem,
1523 969 1575 1014 et
1595 975 1689 1026 pro

146 1063 399 1117 omnibus
433 1058 710 1114 monachis
754 1053 1135 1109 exsistentibus
1170 1051 1222 1104 in
1263 1051 1533 1119 prazdictis
1559 1041 1690 1103 soli-

150 1154 305 1206 tariis
349 1151 499 1214 locis,
549 1145 893 1216 supplicavit,
948 1150 1000 1195 et
1027 1140 1344 1209 subscripsit
1371 1139 1547 1193 libello
1574 1151 1691 1190 mo-

149 1241 444 1294 naehorum
487 1234 768 1289 Secunda}
796 1230 984 1300 Syrias,
1018 1244 1175 1298 quem
1225 1228 1462 1281 oblatum
1525 1223 1691 1277 Justi-

151 1333 312 1382 niano
336 1324 643 1394 imperatori
678 1322 905 1391 legimus
936 1319 1194 1372 insertum
1254 1316 1449 1370 actioni
1504 1316 1691 1383 prima;

150 1417 340 1485 synodi
381 1416 600 1484 quinta},
633 1428 685 1480 p.
720 1412 823 1477 IJ;
872 1420 924 1463 et
957 1407 1112 1461 alteri
1143 1407 1321 1460 libello
1355 1405 1420 1458 ad
1444 1405 1687 1457 Mennam

143 1501 635 1570 Constantinopolis
657 1499 1039 1569 patriarcham,
1061 1503 1306 1564 porrecto
1333 1493 1546 1558 ibidem,
1569 1507 1688 1562 pag.

1787 337 1930 381 ceret
1965 325 2109 394 quod
2164 339 2193 376 a
2241 323 2349 378 Deo
2408 324 2694 376 revelatum
2752 322 2849 390 ipsi
2883 322 3076 385 fuerat,
3125 339 3156 378 e
3205 340 3332 377 san-

1785 426 1870 471 cto
1939 414 2286 484 Hieronymo,
2339 422 2504 480 utque
2562 411 2825 466 Barbaros
2906 412 3102 466 Arabas
3176 428 3333 467 exco-

1787 508 1917 558 leret
1998 504 2062 557 ad
2147 503 2456 571 religionem
2527 503 2885 556 Christianam
2942 503 3333 569 suscipiendam

1784 595 1946 664 659
2001 610 2029 646 e
2083 601 2269 646 sancto
2305 590 2508 643 Joanne
2564 590 2969 658 Chrysostomo,
3031 593 3121 661 qui
3187 604 3336 647 notat

1788 685 1857 737 ibi
1883 683 2054 738 sancti
2095 681 2242 733 Pauli
2274 679 2584 733 modestiam
2633 689 2684 731 et
2719 679 3020 745 fervorem;
3060 690 3206 748 pater
3252 682 3339 735 hic

1789 774 2034 840 ﬁliusque
2071 787 2181 826 sure
2215 784 2424 838 quoque
2463 768 2829 823 conversionis
2851 770 3119 837 exemplo,
3157 787 3339 824 mona-

1787 863 1917 916 chos
1956 862 2096 926 illos,
2129 875 2358 929 quorum
2394 860 2692 911 institutum
2729 868 2850 912 sunt
2883 862 3109 928 amplexi
3140 863 3336 915 excita-

1789 962 1906 1006 rent
1932 953 2100 1020 magis
2141 967 2204 1004 ac
2254 953 2425 1018 magis
2473 952 2536 1004 ad
2582 952 2852 1018 pietatem,
2899 953 3060 1020 inque
3106 962 3232 1006 vera
3289 965 3340 1008 et

1786 1043 2092 1097 Christiana
2147 1042 2502 1109 philosophia,
2538 1051 2595 1093 ut
2633 1041 2686 1092 in
2718 1042 2915 1108 Opusc.
2957 1042 3148 1109 primo,
3191 1042 3339 1098 Nilus

1787 1135 1900 1202 ipse
1930 1133 2138 1202 probat,
2168 1133 2331 1200 inque
2359 1132 2568 1185 Narrat.
2597 1147 2651 1198 p.
2681 1131 2734 1195 9.,
2764 1131 2814 1182 in
2843 1131 2956 1199 lege
2984 1131 3190 1185 Domini
3225 1149 3340 1188 sese

1788 1241 1907 1278 cum
1934 1225 2042 1277 filio
2071 1233 2400 1287 exercerent,
2424 1239 2581 1291 quam
2615 1222 2752 1276 Deus
2780 1223 2830 1274 in
2863 1233 3042 1277 monte
3073 1223 3220 1277 Sinai
3250 1225 3339 1278 dc-

1787 1317 1864 1370 dit
1903 1316 2089 1384 Moysi.
2129 1313 2262 1368 Inibi
2295 1314 2454 1366 etiam
2491 1325 2687 1367 sancta:
2719 1312 3024 1366 Catharinze
3053 1329 3248 1382 corpus
3274 1315 3340 1367 ab

1790 1406 1990 1476 angelis
2019 1405 2248 1458 delatum
2281 1404 2590 1457 mirabiliter
2615 1403 2963 1470 conquiescit,
2991 1419 3106 1471 quae
3130 1406 3342 1459 caeleste

1791 1495 2051 1563 sapientia
2075 1494 2258 1559 ditata,
2288 1493 2635 1561 philosophos
2659 1490 2940 1561 Egyptios
2961 1493 3106 1555 vicit,
3136 1504 3185 1546 ct
3215 1508 3342 1546 con-

147 1596 238 1646 lb‘.
273 1593 316 1644 Ε
352 1590 576 1646 summis
609 1586 949 1656 pontificibus
989 1581 1323 1636 Innocentius
1355 1583 1548 1634 Sextus
1577 1581 1690 1648 epi-
1722 1575 1763 1628 Β
1793 1584 1938 1649 vicit,
1966 1596 2020 1638 et
2054 1586 2120 1636 de
2167 1583 2577 1636 immanissimis
2618 1585 2779 1635 etiam
2830 1585 3110 1636 tormentis
3152 1583 3343 1636 trium.

145 1697 394 1751 scapum,
436 1693 579 1732 nunc
606 1675 1093 1745 archiepiscopum,
1121 1684 1182 1730 .et
1243 1673 1437 1724 fratres
1495 1664 1691 1724 Montis

147 1770 302 1825 Sinai
333 1770 432 1824 sub
460 1767 783 1837 protectione
812 1764 952 1817 beati
1002 1762 1144 1816 Petri
1195 1777 1248 1813 et
1299 1768 1498 1813 sancta:
1550 1758 1692 1812 sedis

146 1861 459 1930 apostolic:e
489 1857 684 1925 recepit
733 1869 875 1908 anno
905 1853 1242 1922 pontificatus
1291 1856 1498 1912 octavo,
1555 1861 1690 1916 qua-

148 1963 308 2003 terno
347 1958 535 2013 quarto
579 1947 646 2000 de
706 1944 949 1999 lndultis.
997 1941 1180 1995 Sancti
1225 1938 1465 2006 Gregorii
1521 1936 1692 2005 Magni

146 2038 389 2093 charitas
417 2050 542 2103 erga
578 2048 858 2102 pauperes,
917 2041 972 2084 et
1008 2030 1323 2083 inexhausta
1378 2026 1692 2088 liberalitas,

150 2131 235 2182 vel
270 2111 643 2184 Itinc'efl‘ulsit,
693 2122 834 2189 quod
887 2119 1171 2174 munificus
1201 2117 1438 2187 pontifex
1472 2130 1568 2183 pro
1596 2114 1696 2168 Ge-

152 2218 517 2278 rontocomio,
550 2215 599 2267 id
628 2223 731 2275 est,
761 2209 959 2264 Senum
994 2208 1267 2264 domicilio
1324 2205 1521 2260 montis
1569 2202 1697 2256 Sina

151 2305 516 2361 misitJoanni
549 2302 940 2356 abbatis-lamas
975 2315 1082 2362 xvi,
1121 2313 1495 2359 racanas-xxx,
1533 2295 1699 2350 lectos

152 2413 249 2459 xv,
329 2394 554 2462 pretium
611 2405 819 2457 quoque
880 2389 943 2442 de
995 2388 1233 2440 emendis
1301 2386 1558 2447 culcitris,
1615 2385 1699 2437 vel

154 2485 321 2539 naula
370 2482 533 2542 dedit,
565 2479 722 2546 epist.
773 2477 857 2541 I6,
899 2476 984 2529 lib.
1021 2491 1092 2528 xu
1143 2476 1397 2542 Regest.;
1441 2483 1492 2528 et
1529 2473 1700 2527 Palla-

153 2577 252 2631 dio
306 2572 630 2641 presbytero,
663 2568 728 2622 de
759 2575 938 2620 monte
970 2565 1118 2618 Sinai
1163 2564 1448 2628 cucullam,
1478 2574 1530 2617 et
1561 2564 1673 2617 tuni

156 2678 284 2718 cam
308 2663 370 2715 de
399 2659 766 2713 benedictione
796 2657 968 2709 sancti
1001 2654 1142 2708 Petri
1175 2655 1262 2706 lib.
1281 2669 1390 2717 Vill,
1409 2653 1575 2720 ‘epist.
1601 2653 1688 2715 45,

158 2751 332 2803 Indic.
369 2749 447 2801 I5.
501 2745 690 2798 Narrat
727 2744 957 2797 Joannes
987 2743 1243 2795 diaconus
1272 2741 1337 2794 de
1380 2740 1548 2808 ipsius
1578 2738 1696 2792 Vita

159 2843 262 2894 lib.
300 2855 359 2901 ll,
396 2854 443 2891 c.
502 2835 587 2896 52,
653 2850 774 2889 eum
833 2842 938 2886 tam
990 2830 1394 2898 Hierosolymis,
1437 2844 1595 2896 quam
1646 2829 1698 2881 in

161 2937 349 2981 monte
384 2926 533 2978 Sinai
561 2924 776 2978 famulis
809 2924 897 2976 Dei
959 2922 1251 2990 quotidiani
1292 2920 1484 2979 victus,
1531 2928 1582 2970 et
1610 2934 1698 2971 vc-

159 3015 403 3072 stimenti
456 3029 662 3082 coptam
721 3014 978 3066 annaliter
1010 3012 1316 3065 mittendam
1344 3025 1658 3077 procurasse
1685 3030 1699 3077 ;

162 3107 264 3160 sed
309 3105 547 3159 delenis
593 3113 643 3157 et
689 3105 898 3158 racanis
959 3103 1131 3156 fusius
1176 3102 1259 3170 egi
1288 3100 1600 3167 jamdudum
1648 3101 1700 3154 in

165 3196 552 3250 Dissertatione
587 3210 700 3247 mea
733 3195 797 3247 de
826 3209 986 3247 aurea
1028 3207 1170 3245 rosa.

242 3285 481 3352 Expediti
521 3298 647 3351 ergo
695 3283 963 3335 laciniosa.-
1011 3283 1128 3333 vitae
1185 3280 1596 3346 impedimentis,
1647 3288 1703 3332 ut

166 3365 410 3431 loquitur
454 3363 812 3415 Tertullianus
849 3361 938 3412 lib.
983 3375 1031 3411 Iv
1067 3361 1324 3411 Adversus
1366 3359 1701 3424 Marcionem,

170 3455 336 3507 idest
414 3452 651 3514 undosaa,
706 3453 937 3505 sinuosae
988 3460 1040 3504 et
1080 3451 1703 3519 praeruptaz,cnjusmodi

169 3549 295 3595 erat
323 3541 428 3601 illa,
461 3557 578 3608 quae
622 3542 675 3593 in
714 3543 831 3593 aula
855 3539 1032 3593 Gra‘ca
1076 3550 1200 3591 tunc
1233 3539 1518 3605 agebatur,
1553 3536 1704 3590 Nilus

171 3640 231 3684 et
276 3626 580 3683 Theodulus
613 3642 960 3698 perrexerunt
993 3629 1053 3678 ad
1110 3636 1340 3678 montem
1396 3624 1562 3689 Sinai,
1615 3626 1704 3691 qui

174 3718 496 3784 conjunctus
523 3725 600 3769 est
640 3716 705 3777 ei,
768 3729 884 3779 qua:
948 3727 1087 3763 nunc
1145 3722 1224 3766 cst
1270 3709 1561 3765 Jerusalem
1609 3711 1706 3779 (ita

173 3807 368 3860 scribit
404 3803 688 3871 Apostolus
721 3801 935 3863 Paulus,
971 3815 1018 3853 c.
1051 3816 1099 3851 1v
1151 3802 1210 3852 ad
1243 3801 1474 3869 Galatas)
1503 3800 1704 3862 Graece,

178 3896 469 3960 συστοιχεῖ,
500 3891 738 3942 τουτέστι
766 3887 1073 3954 γειτνιάζει,
1103 3889 1348 3952 ἅπτεται,
1376 3889 1704 3956 propinquus

170 3992 264 4036 est
323 3991 375 4033 et
430 3994 666 4031 annexus
716 3995 729 4028 :
786 3978 862 4028 sic
920 3977 1143 4042 explicat
1213 3985 1429 4028 sanctus
1474 3974 1704 4028 Joannes

174 4073 614 4138 Chrysostmuus,
647 4066 724 4118 vel
782 4065 1161 4125 conterminus,
1209 4060 1455 4124 confinis,
1498 4066 1705 4117 deserto

1791 1673 1991 1741 phavit.
2068 1671 2324 1726 Oraverat
2386 1673 2550 1725 Deum
2610 1673 2792 1741 virgo,
2852 1688 2972 1726 cum
3042 1673 3192 1726 miles
3248 1674 3342 1726 dc-

1791 1761 2015 1815 collandi
2079 1760 2269 1814 artifex
2335 1761 2604 1826 πὰναγνον
2670 1761 2908 1830 κεφαλὴν
2975 1770 3343 1829 amputaturus

1791 1858 1953 1912 esset,
1983 1844 2060 1903 ne
2083 1864 2278 1918 corpus
2311 1851 2427 1919 ejus
2464 1857 2792 1917 spectaretur
2822 1860 2940 1918 post
2967 1862 3212 1915 mortem,
3249 1866 3340 1905 seu

1793 1939 2106 2003 nndaretur,
2157 1949 2210 1994 et
2263 1938 2619 2007 exponeretu’r
2668 1941 2899 1994 ludibrio
2944 1941 3251 2010 gentilium,
3293 1951 3345 1996 et

1794 2027 1953 2079 simul
1980 2042 2041 2081 ac
2074 2028 2245 2093 miles,
2286 2028 2426 2096 quod
2463 2029 2674 2096 jussum
2717 2029 2908 2094 fuerat,
2940 2039 3221 2083 exsecutus
3243 2042 3341 2089 est.

1797 2131 1900 2167 non
1938 2116 2110 2168 solum
2142 2117 2442 2184 purissimis
2477 2118 2622 2171 venis
2652 2129 2746 2185 pro
2787 2120 3046 2187 sanguine
3078 2119 3158 2173 Iac
3195 2119 3346 2173 efﬂu-

1797 2206 1893 2268 xit,
1935 2207 2025 2260 sed
2061 2222 2256 2275 corpus
2312 2207 2430 2276 ejus
2475 2209 2532 2271 ἐξ
2584 2210 2748 2279 αὐτῆς
2792 2211 2887 2278 τῆς
2931 2209 3075 2278 ὧρας
3114 2211 3215 2273 ἕως
3255 2212 3346 2263 νῦν

1796 2295 2058 2364 διέμεινεν
2090 2296 2314 2350 ἀθέατον
2341 2298 2559 2352 ἅπασιν.
2595 2299 2846 2365 Ἄγγελοι
2881 2298 2988 2367 γὰρ
3021 2299 3343 2368 ἀποτμηθειο

1798 2402 1895 2452 σης
1912 2386 2076 2452 αὐτῆς
2104 2386 2279 2436 νεύσει
2299 2387 2613 2438 κατάπαντα
2637 2388 2767 2437 Θεοῦ
2798 2387 2870 2448 ὡς
2886 2388 3019 2454 πρὸς
3047 2387 3105 2439 τὸ
3136 2389 3257 2457 ὅρος
3286 2391 3346 2441 τὸ

1792 2473 1949 2525 Σιναῒ
1981 2473 2138 2525 τοῦτο
2169 2473 2619 2543 μετακομεζοντες
2645 2473 2922 2543 ὤφθησαν,
2986 2485 3043 2528 ut
3073 2475 3260 2543 legitur
3291 2478 3343 2530 in

1798 2563 1981 2616 codice
2009 2578 2106 2617 ms.
2139 2564 2473 2617 bibliothecze
2503 2560 2885 2628 V‘allicellanze,
2919 2580 3040 2633 pag.
3073 2560 3160 2630 76,
3193 2582 3341 2623 num.

1798 2651 1884 2714 34,
1911 2652 1959 2704 id
1993 2660 2093 2714 est,
2134 2650 2334 2704 Exinde
2363 2654 2427 2704 ad
2470 2653 2561 2709 ltoc
2603 2669 2759 2721 usque
2787 2656 3027 2721 temporis
3066 2659 3343 2722 permansit

1798 2740 2057 2793 invisibile
2079 2743 2333 2805 omnibus,
2369 2743 2537 2811 angeli
2564 2758 2801 2810 namque,
2827 2744 2914 2796 ubi
2934 2746 3096 2812 capite
3124 2747 3343 2798 multata

1801 2831 1920 2896 fuit,
1946 2839 2074 2882 nutu
2103 2831 2308 2883 omnino
2339 2830 2428 2884 Dei
2458 2830 2524 2883 ad
2562 2839 2780 2883 montem
2811 2831 2956 2884 Sinai
2989 2841 3343 2901 transportan-

1805 2931 1897 2985 tes,
1936 2921 2029 2974 visi
2059 2931 2198 2974 sunt.
2253 2921 2361 2975 Nec
2425 2922 2636 2989 ambigo
2681 2921 2846 2975 fuisse
2894 2916 3140 2977 custodes
3205 2925 3344 2978 illius

1804 3012 1998 3078 probos
2025 3012 2393 3076 anachoretas,
2420 3011 2511 3079 qui
2535 3011 2863 3064 domicilium
2899 3013 2968 3065 ibi
3005 3001 3254 3080 ﬁxerant;
3281 3031 3342 3067 ex

1803 3115 1908 3167 quo
1928 3103 2068 3153 enim
2099 3099 2401 3154 Christiana
2427 3101 2612 3168 religio
2635 3102 2813 3169 cmpit,
2841 3103 2910 3169 pii
2936 3101 3114 3156 fideles
3131 3104 3343 3172 quidam

1805 3189 2035 3253 fuerunt,
2073 3191 2128 3239 ἐν
2175 3189 2427 3257 ἐρημίαις
2475 3189 2834 3258 πλανώμενοι,
2887 3191 2979 3243 καὶ
3024 3192 3209 3260 ὄρεσι,
3254 3196 3346 3245 καὶ

1804 3277 2105 3344 σπηλαίοις,
2127 3278 2219 3328 καὶ
2244 3281 2362 3340 ταῖς
2383 3278 2539 3336 ὀπαῖς
2561 3279 2658 3346 τῆς
2682 3279 2804 3347 γῆς,
2830 3289 2886 3333 ιιι
2915 3281 3100 3334 scribit
3130 3291 3344 3336 sanctus

1805 3366 2001 3420 Paulus
2035 3367 2098 3420 ad
2124 3367 2282 3421 Ilebr.
2314 3382 2432 3435 cap.
2462 3383 2539 3430 xt,
2574 3367 2661 3433 38,
2686 3364 2738 3422 id
2755 3369 2948 3434 estJn
2978 3370 3343 3424 solitudinibus

1805 3464 2052 3517 errantes,
2074 3465 2122 3507 et
2153 3455 2430 3516 montibus,
2460 3466 2508 3507 et
2535 3457 2810 3521 speluncis,
2839 3466 2885 3508 et
2904 3460 3135 3508 cavernis
3161 3467 3340 3521 terrm,

1806 3549 1864 3592 ut
1889 3540 2136 3592 adnotavi
2167 3541 2431 3604 superins.
2464 3537 2618 3592 Certe
2665 3540 2956 3606 imperante
2983 3540 3305 3595 Diocletiano
3325 3585 3340 3607 ,

1805 3638 1855 3679 et
1883 3627 2040 3680 Petro
2067 3626 2476 3678 Alexandrinam
2510 3625 2795 3680 Ecclesium
2824 3637 3056 3693 regente,
3079 3628 3340 3699 ἀνῃρέθη-

1809 3732 1902 3767 σαν
1927 3715 2281 3783 ἡσυχάζοντες
2303 3715 2358 3764 ὲν
2384 3713 2457 3780 τῷ
2486 3714 2598 3783 ὄρει
2628 3713 2757 3783 Σινᾷ
2802 3714 2867 3781 (Ε
2897 3715 3094 3770 Meneta
3126 3717 3344 3784 Grmco:

1808 3819 1921 3856 rum
1959 3804 2022 3856 14
2046 3802 2308 3871 Januarii)
2353 3803 2472 3856 czesi
2504 3812 2628 3856 sunt
2659 3803 2881 3875 solitarii
2924 3804 3082 3857 vitam
3124 3816 3338 3875 agentes

1809 3891 2142 3958 tranquillam
2168 3891 2421 3944 inﬂuente
2462 3890 2606 3944 Sinai
2640 3906 2669 3943 a
2694 3890 2959 3946 Barbaris.
2985 3890 3225 3962 Cumque
3247 3895 3331 3948 Ni-

1808 3979 1886 4031 lus
1921 3986 1972 4030 et
2005 3977 2305 4031 Theodulus
2329 3987 2558 4030 montem
2598 3979 2742 4031 illum
2771 3981 3124 4036 venerandum
3154 3998 3337 4037 ascen-

1806 4067 2011 4129 derent,
2056 4066 2284 4118 arbitror
2327 4066 2618 4119 monachos
2681 4065 2812 4134 ipsis
2846 4067 3034 4123 obvios
3069 4073 3337 4140 excepisse

179 4174 394 4227 nernpe,
431 4159 480 4209 in
512 4172 617 4223 quo
645 4165 723 4208 est
766 4160 920 4207 mens
959 4155 1060 4216 ille,
1103 4154 1397 4221 prepinqua
1421 4165 1500 4206 est
1542 4154 1698 4205 Jeru-
1732 4169 1773 4218 ι)
1805 4156 2052 4209 benevole
2086 4156 2290 4219 ambos,
2331 4165 2383 4209 et
2413 4157 2462 4209 in
2506 4159 2834 4211 consortium
2866 4174 3073 4213 sacrum
3111 4162 3336 4217 libenter

178 4250 372 4311 salem,
401 4245 671 4311 inter-jacet
710 4257 934 4309 namque
980 4241 1224 4302 Idumam,
1278 4255 1392 4307 quae
1424 4250 1530 4293 tota
1557 4256 1704 4291 mon-

185 4349 306 4388 tosa
353 4343 452 4396 est,
495 4344 548 4386 ct
584 4334 830 4385 continua
887 4330 995 4383 fere
1066 4312 1319 4382 montiuni
1373 4329 1508 4380 serie
1560 4328 1704 4380 Sinai

182 4422 526 4489 conjungitur
569 4420 883 4480 Jerusalem,
921 4434 948 4472 e
1001 4418 1325 4476 Borchardo,
1363 4413 1705 4470 Adrichomio

185 4519 245 4560 ct
273 4508 525 4575 Zieglero,
555 4525 645 4575 per
677 4517 923 4559 montana
963 4520 1173 4573 quoque
1201 4506 1390 4558 Judaaze
1423 4521 1590 4572 usque
1643 4507 1706 4558 ad

190 4605 423 4654 montes,
471 4588 561 4661 qui
594 4597 791 4647 suntin
838 4597 1057 4648 circuitu
1086 4594 1392 4654 Jerusalem,
1425 4594 1575 4659 juxta
1618 4610 1711 4647 va-

193 4693 318 4744 tem;
358 4681 573 4747 regium,
618 4683 750 4746 psal.
778 4697 929 4734 cxxrv
965 4701 979 4748 ;
1015 4684 1091 4734 vel
1120 4691 1256 4735 recta
1312 4684 1709 4736 continuatione

194 4770 404 4822 itineris
467 4769 814 4820 lsraelitarutn
875 4786 967 4836 per
1021 4771 1186 4836 Sinai,
1256 4750 1395 4837 quod
1449 4779 1711 4836 anteaper

197 4856 378 4907 varios
451 4854 716 4905 anfractus
783 4857 1026 4921 viarum,
1075 4870 1127 4911 et
1185 4861 1522 4912 mansionum
1591 4859 1711 4911 ha-

200 4950 471 5003 buerunt;
514 4958 630 5008 qua:
682 4944 938 4994 sententia
988 4955 1068 4994 est
1116 4949 1282 4998 sancti
1308 4945 1523 4999 Thema:
1546 4946 1710 5012 Aqui-

201 5032 376 5092 natis;
416 5037 506 5080 aut
544 5029 902 5094 similitudine,
964 5032 1073 5083 sive
1133 5037 1461 5100 cognatione,
1512 5048 1711 5101 quem-

200 5117 485 5170 admodum
538 5118 753 5184 exponit
826 5133 855 5170 e
921 5118 1310 5186 Theophylacto
1381 5132 1434 5174 ct
1491 5121 1709 5174 Vatablo

202 5204 485 5260 Cornelius
546 5219 575 5256 a
633 5204 844 5270 Lepide.
915 5207 1151 5272 Cumque
1206 5208 1278 5259 ibi
1346 5209 1710 5274 pervenissent

201 5297 256 5346 in
337 5280 425 5340 illo
489 5291 738 5355 prrecclso
811 5293 1038 5344 culmine
1084 5295 1437 5356 constituti,
1521 5297 1651 5348 vesti
1683 5323 1709 5334 -

205 5375 309 5442 giis
376 5373 684 5427 inlnerentcs
741 5379 910 5430 sancti
983 5378 1151 5442 Pauli,
1217 5392 1267 5436 et
1325 5397 1442 5435 cum
1497 5383 1702 5449 imitati,

486 5487 740 5551 ΡΑτιιοι.
777 5489 885 5547 Gn.
915 5491 1186 5549 LXXIX.

1809 4241 2129 4296 aseivisse.0
2147 4243 2237 4311 qui
2261 4245 2567 4312 complexus
2588 4243 2657 4297 tO
2675 4256 2873 4313 quanta
2888 4247 3331 4315 gaudiafueruntl

1810 4331 1865 4382 In
1890 4332 2279 4398 Upusculorum
2298 4333 2495 4399 Indice,
2517 4337 2865 4390 Observabam
2892 4338 3068 4392 varios
3096 4339 3331 4404 ordines,

1810 4429 1901 4467 seu
1939 4417 2133 4485 gradus
2159 4423 2561 4487 monachorum,
2595 4425 2821 4491 primum
2848 4441 2860 4477 :
2903 4425 3253 4494 Ἐγκρατέων,
3282 4429 3330 4480 id

1809 4511 1910 4566 cst,
1943 4506 2034 4572 qui
2063 4509 2444 4562 continentiam
2461 4520 2752 4575 servantes,
2788 4515 2866 4566 vel
2908 4497 3329 4582 Ἐγκρέίιτε’δομέ·

1810 4592 1990 4652 vwv,id
2004 4603 2104 4659 est,
2123 4606 2471 4664 temperantes
2486 4609 2653 4653 erant.
2666 4598 3015 4653 Variisautem‘
3032 4601 3332 4655 nominibus

1812 4683 2229 4750 appellabantur,
2271 4687 2560 4738 secundum
2597 4686 2737 4739 varia
2783 4688 3050 4741 exercitia.
3105 4688 3329 4755 Quidam

1811 4773 2103 4835 cmnobitaz,
2136 4785 2227 4824 seu
2251 4773 2523 4839 synodum,
2556 4773 2645 4825 alii
2689 4776 3038 4842 anachorette,
3066 4781 3328 4842 eremitze,

1810 4862 1999 4929 stylitae
2021 4896 2037 4921 ,
2069 4860 2118 4912 id
2156 4868 2256 4922 est,
2314 4860 2629 4914 columnarii
2651 4900 2669 4926 ,
2724 4867 2970 4931 κιονῖται,
3003 4867 3322 4934 luiturum,

1810 4949 2020 5013 reclusi,
2085 4947 2505 5020 κουὸουκλήσιοι,
2555 4952 2815 5021 solitarii,
2864 4957 3166 5019 .vacantivi,
3200 4957 3327 5011 Θεο-

1810 5036 1997 5099 φιλεῖς,
2046 5049 2153 5101 quo
2196 5035 2405 5088 nomine
2437 5037 2748 5106 _Christiani
2775 5043 2998 5110 primum
3041 5043 3325 5098 universim

1808 5124 2151 5187 vocabantur,
2181 5133 2297 5192 tum,
2323 5127 2564 5181 monachi
2595 5131 2884 5198 speciatim,
2932 5131 3119 5186 Ίκέται
3167 5148 3329 5188 oran-

1811 5225 1906 5272 tes,
1943 5211 2291 5278 θεραπευταί,
2337 5217 2386 5286 id
2442 5227 2541 5281 est,
2586 5216 2767 5270 famuli
2791 5258 2807 5282 ,
2837 5229 2994 5289 atque
3031 5224 3165 5288 servi
3201 5224 3328 5292 Dei,

1809 5302 2084 5367 Λαυρῖται,
2139 5302 2184 5354 id
2217 5313 2315 5368 est,
2346 5305 2592 5357 cellarum
2624 5305 2830 5370 incolae,
2856 5309 3040 5370 nonni,
3072 5311 3324 5380 religiosi.

1809 5388 2269 5458 philosophantes,
2316 5401 2503 5460 praeter
2541 5407 2829 5461 gyrovagos
2888 5404 2939 5449 et
2976 5397 3325 5473 circelliones,

3027 5505 3103 5566 44
