4122 6338
705 238 836 327 1387

1391 261 1536 320 JOS.
1576 256 1832 317 MARUE
1869 253 2218 314 SUARESlI
2259 221 2484 314 LIBER
2529 256 3146 321 CHRONOLOGICUS

3752 264 3888 330 1388

647 411 652 414 -
703 377 792 446 qui
816 373 991 442 potius
1032 385 1250 426 errones
1280 378 1469 435 erant;
1524 366 1791 422 secundus
1814 364 1944 418 ordo
1968 372 2079 416 erat
2105 376 2249 415 asce-
2277 368 2322 422 Α
2353 363 2534 419 laudes
2570 367 2780 436 quidem
2813 368 3052 423 ﬂorentia
3093 372 3327 424 excitant
3360 371 3589 439 ingenia,
3632 382 3684 428 et
3711 374 3880 430 virtus

702 480 873 520 tarum
905 479 1010 518 non
1057 461 1346 532 generatim
1381 467 1710 527 sumptorum
1734 498 1747 521 ,
1783 455 1876 509 sed
1913 454 2144 523 preprie,
2177 467 2238 506 ac

703 554 972 624 pressim,
1038 551 1126 620 qui
1191 550 1259 604 ad
1343 557 1528 601 nutum
1589 546 1836 599 ahl'atum
1905 550 1956 596 et
2011 540 2243 609 ήγουμέυ

703 662 806 696 νων
827 642 1067 711 jejuniis,
1126 638 1463 694 orationibus
1508 646 1558 689 et
1588 632 2016 688 meditationibus
2045 645 2240 684 vacan-

702 742 781 784 tes
812 730 1211 790 exercebantur,
1251 734 1302 778 et
1328 723 1614 777 Sarabnita:
1637 721 1794 774 etiam
1825 719 2244 773 denominahan-

703 829 827 884 tur;
880 819 1067 873 tertius
1119 814 1489 884 μοναζόντων,
1549 810 1639 878 qui
1688 808 1907 876 propius
1939 805 2101 874 660
2156 819 2244 856 ac-

701 908 961 962 cedebant
988 905 1052 958 ad
1078 902 1474 962 monachatum,
1499 907 1560 951 eL
1576 905 1776 966 vestem
1803 893 2093 946 induebant
2116 891 2242 944 reli-

702 999 1184 1065 giosam;quartus
1226 990 1628 1050 monachorum,
1663 986 1752 1054 qui
1779 983 2075 1037 monastico
2108 981 2243 1034 ami-

703 1085 980 1139 ciebantur
1008 1082 1210 1146 habitu,
1236 1089 1289 1134 et
1325 1077 1754 1148 attondebantur,
1781 1088 1950 1141 neque
1965 1072 2244 1126 continen-

707 1177 834 1227 tiam
887 1181 1127 1236 tantum,
1182 1169 1275 1224 sed
1329 1173 1695 1238 paupertatem
1726 1203 1740 1227 ,
1803 1169 1855 1214 et
1879 1160 2240 1214 obedientiam

705 1263 1070 1319 custodiebant
1113 1257 1461 1313 adamussitn.
1515 1255 1572 1308 lu
1629 1251 1852 1320 singulis
1902 1258 2077 1301 autem
2125 1245 2257 1300 istis

704 1353 956 1424 gradibus
1003 1359 1146 1403 certa
1195 1355 1495 1414 temporum
1544 1342 1838 1410 praestituta
1881 1347 2038 1390 erant
2077 1338 2241 1389 inter-

701 1441 860 1502 valla,
884 1445 942 1490 ut
971 1432 1342 1494 animadverti,
1367 1445 1419 1499 p.
1446 1430 1567 1482 60!.
1607 1427 1678 1480 Ea
1705 1441 1829 1479 vero
1862 1424 2244 1478 contraheban-

705 1542 791 1583 tur
813 1526 1115 1588 interdum;
1177 1535 1300 1574 nam
1340 1517 1597 1572 Joannem
1648 1514 1942 1568 Climacum
1976 1511 2047 1564 ab
2081 1526 2240 1576 Opere

703 1606 922 1673 dictum
953 1614 1244 1675 Scalarem,
1273 1620 1326 1664 et
1379 1624 1407 1661 a
1449 1620 1669 1660 munere
1728 1603 2129 1665 scholastieum,
2184 1604 2236 1654 in

705 1687 1022 1759 monachum
1045 1701 1210 1754 fuisse
1227 1705 1514 1766 receptum,
1541 1702 1592 1748 et
1617 1691 2237 1758 attonsum,amictuqne

705 1792 1000 1847 monastico
1054 1790 1306 1842 donatum
1348 1782 1580 1852 comperi
1631 1780 1746 1848 ejus
1787 1780 1839 1832 in
1890 1777 2030 1840 Vita,
2082 1792 2241 1845 quam

710 1881 890 1936 Daniel
949 1877 1204 1940 Baithuni
1260 1873 1491 1930 cmnobii
1549 1870 1846 1924 monachus
1900 1868 2242 1936 conscripsit,

705 1979 934 2041 quatuor
957 1981 1127 2022 annos
1164 1980 1284 2018 cum
1310 1962 1576 2032 posuisset
1601 1959 1654 2011 in
1684 1957 1950 2019 tirocinio,
1984 1965 2036 2010 et
2073 1956 2242 2010 Isido-

708 2076 825 2136 rum
869 2056 1279 2111 Alexandrinum
1324 2067 1444 2107 cum
1476 2059 1675 2118 septem
1707 2048 1972 2115 exegisset
2015 2046 2067 2098 in
2118 2045 2244 2101 Bai-

611 2132 617 2138 ’
709 2133 875 2201 thuuo
905 2143 1168 2199 coenobio.
1203 2139 1377 2193 Nilum
1413 2152 1506 2207 ego
1535 2144 1587 2190 et
1630 2135 1963 2206 Theodulum
2003 2147 2107 2185 non
2155 2132 2246 2184 oh-

708 2249 952 2290 servasse
997 2232 1258 2302 graduum
1329 2229 1552 2294 istorum
1605 2224 1910 2291 discrimina
1972 2223 2244 2290 suspicor,

709 2323 1068 2378 continentem
1099 2317 1293 2386 quippe
1329 2315 1512 2377 fuisse,
1539 2327 1661 2366 cum
1688 2319 1866 2379 ageret
1899 2311 2073 2365 adhuc
2102 2309 2247 2363 Con-

711 2407 1054 2477 stantinopoli
1097 2419 1161 2460 ex
1205 2415 1468 2457 consensu
1495 2386 1736 2473 conjugis
1775 2396 1951 2449 Nilum
1976 2434 1990 2458 ,
2025 2396 2165 2449 sicut
2198 2404 2249 2448 et

710 2499 1039 2554 Theodulum
1079 2491 1417 2565 continentiae
1446 2486 1757 2541 innutritum
1782 2484 2078 2538 adolevisse
2105 2483 2249 2536 arbi-

709 2601 840 2655 tror,
858 2586 1248 2652 asceticamque
1264 2582 1423 2634 vitam
1446 2585 1730 2646 utrumque
1745 2575 2068 2646 professum,
2093 2576 2251 2644 μονά.

709 2667 895 2743 (avrae
922 2677 1081 2745 igitur
1105 2676 1239 2726 istos
1269 2678 1502 2723 montem
1534 2666 1599 2720 ad
1637 2666 1809 2729 Sinai,
1841 2665 1984 2719 velut
2022 2666 2087 2719 ad
2124 2679 2248 2732 por-

713 2778 826 2820 tum
855 2763 1046 2832 quietis
1076 2757 1342 2826 appulisse
1373 2753 1504 2808 mihi
1547 2767 1868 2822 persuasum
1901 2759 2004 2816 est,
2035 2766 2099 2804 eo
2133 2752 2248 2820 ipso

709 2871 850 2927 anno
880 2852 981 2905 405
1006 2848 1065 2903 C.
1110 2845 1196 2912 N.,
1219 2861 1248 2900 e
1281 2842 1727 2901 sollicitudinibus
1758 2840 1983 2894 terrenis
2027 2840 2080 2893 in
2120 2838 2248 2895 soli-

712 2948 939 3011 tudines,
969 2952 1070 2998 etc
1113 2938 1261 3000 sellis
1295 2935 1640 3006 praefectoriis
1670 2935 1722 2987 in
1755 2933 1918 2988 cellas
1951 2933 2249 2987 ercmiticas

713 3033 989 3106 migrando
1016 3047 1035 3084 :
1063 3042 1179 3084 cum
1203 3028 1292 3080 alii
1323 3024 1561 3095 Byzantii
1585 3036 1698 3077 sese
1727 3021 1779 3073 in
1807 3033 2007 3072 oceano
2038 3019 2251 3074 delicia-

713 3141 831 3179 rum
888 3131 942 3175 et
972 3111 1703 3186 voluptatum.volutant,3illi
1736 3109 2042 3163 cmlestihus
2083 3110 2250 3162 medi-

714 3211 1005 3269 tationibus
1037 3207 1158 3262 elati
1194 3205 1412 3259 volitant
1445 3202 1508 3255 ad
1561 3198 1898 3269 paradisum;
1952 3197 2078 3250 dum
2117 3197 2251 3251 alios

637 3332 640 3333 ν
716 3301 899 3358 molles
921 3299 1042 3354 lecti
1081 3295 1416 3352 lascivientes
1463 3289 1790 3350 obvolvunt,
1820 3286 1939 3340 illos
1972 3300 2248 3339 sacrorum

714 3394 968 3448 libroruin
989 3389 1144 3442 lectio
1168 3382 1463 3445 detinebat,
1489 3393 1586 3433 nec
1605 3378 1670 3432 ad
1685 3375 2014 3445 episcopales
2031 3376 2250 3427 thronos

719 3480 839 3537 inde
873 3493 930 3532 se
961 3477 1073 3544 rapi
1104 3473 1463 3542 patiebantur,
1495 3467 1584 3519 scd
1641 3464 1830 3517 rastris
1858 3471 1911 3514 et
1938 3462 2162 3515 sarculis
2198 3461 2251 3512 in

716 3564 1019 3625 excolendis
1049 3558 1274 3615 hortulis
1307 3565 1502 3611 terram
1532 3565 1809 3606 arenosam
1845 3547 2174 3608 eﬂ’odientes,
2203 3554 2254 3601 et

720 3665 893 3712 rostra
928 3649 1281 3720 despicientes
1300 3641 1536 3698 victricis
1559 3640 1751 3709 linguae
1779 3635 2044 3706 opulentis
2073 3648 2254 3702 perso-

717 3744 895 3800 nantia
922 3737 1264 3801 dictionibus,
1287 3740 1533 3800 astraque
1561 3722 2251 3796 aspicientes,Condit0rem

719 3843 902 3884 eorum
930 3822 1271 3881 dilaudabant
1301 3814 1637 3887 psalmodiis,
1684 3811 1900 3881 hymnis
1956 3817 2009 3864 et
2052 3809 2253 3862 oratio-

723 3918 911 3979 nibus,
943 3915 1009 3968 de
1042 3911 1238 3980 quibus
1271 3917 1378 3961 tam
1414 3904 1595 3958 utilem
1627 3907 1911 3953 tractatum
1953 3897 2256 3965 composuit

669 3998 672 4000 ’
721 4005 892 4058 Nilus.
914 3999 1019 4054 Nec
1036 3997 1176 4051 enim
1197 3994 1476 4054 vilitatem,
1491 3997 1540 4042 et
1556 3986 1913 4056 asperitatem,
1934 3997 1996 4037 ac
2021 3983 2254 4036 illuviem

697 4093 971 4153 “vestium,
1001 4086 1290 4141 nuditatem
1329 4080 1539 4150 pedum,
1573 4091 1676 4146 qua
1706 4073 2091 4128 mmulabantur
2116 4072 2259 4140 Any-

729 4182 953 4250 poditas,
993 4177 1042 4230 id
1067 4182 1167 4240 est,
1194 4172 1538 4226 Excalceatos
1567 4163 2028 4232 Constantinopoli
2060 4162 2257 4230 degen-

697 4252 702 4254 ⁷
733 4280 810 4321 tes
830 4268 883 4320 in
914 4264 1236 4320 monasterio
1258 4259 1436 4312 Sancti
1457 4255 1744 4318 Thalassii,
1771 4254 1924 4321 cujus
1947 4251 2253 4306 archiman-
2288 4281 2329 4334 Β

731 4356 896 4410 drites
945 4353 1214 4422 presbyter
1279 4349 1538 4416 Diogenes
1586 4343 1906 4410 subscripsit
1957 4340 2134 4395 libello
2190 4339 2257 4392 ad

731 4445 983 4499 Joannem
1015 4439 1386 4508 patriarcham,
1418 4442 1522 4490 act.
1553 4449 1571 4488 ι
1600 4433 1792 4508 concil.
1819 4446 1872 4494 v,
1904 4447 1952 4498 p.
1991 4430 2080 4492 ‘20,
2109 4430 2258 4482 obla-

732 4547 817 4599 to;
853 4529 1079 4600 vigilias,
1132 4525 1327 4595 quibus
1374 4502 1767 4577 Accemetenses
1803 4517 2262 4586 Constantinopoli

730 4617 1281 4690 quoquediversantes
1298 4608 1706 4676 exsuperabant,
1726 4606 1965 4674 eloquar,
1988 4606 2178 4664 luctus,
2198 4604 2266 4654 la-

732 4725 959 4780 crymas,
974 4704 1220 4775 suspiria,
1240 4701 1498 4770 planctus,
1514 4705 1564 4750 et
1581 4690 2268 4762 ﬂagella,‘quibusbr:wmdt-

733 4777 880 4864 ξείιαι
907 4795 1059 4864 σῶμα
1089 4794 1181 4846 καὶ
1203 4787 1638 4853 δουλαγωγεῖται,
1665 4781 1737 4834 uti
1769 4778 1965 4832 Paulus
1999 4780 2017 4828 ι
2042 4777 2160 4829 Cor.
2190 4792 2263 4840 rx,

733 4889 824 4953 27,
856 4886 907 4940 id
931 4893 1030 4949 est,
1058 4884 1269 4938 lividum
1292 4881 1348 4947 ﬁt
1380 4891 1564 4945 corpus
1594 4882 1641 4926 et
1670 4875 1718 4924 in
1749 4871 2044 4924 servitutem
2077 4869 2266 4935 redigi-
2317 4932 2320 4936 .

737 4991 842 5042 tur,
882 4967 1447 5039 chamaeuniaﬁdest;
1494 4966 1772 5042 decubitus
1804 4961 1986 5023 .htillli,
2035 4955 2267 5027 genuﬂe-

740 5041 962 5132 xiones;
996 5061 1346 5131 γονυικλισιις,
1389 5041 1708 5134 μετανοίας,
1733 5047 2269 5119 δευσρτοειτθιὶοηθε,

739 5171 803 5212 ac
823 5156 1052 5225 denique
1096 5150 1327 5225 silentia,
1378 5157 1430 5202 et
1469 5145 1692 5216 jejunia,
1728 5135 2113 5209 ‘xerophagias,
2159 5135 2273 5190 sive

741 5245 921 5299 aridas
965 5222 1144 5296 vescas
1199 5248 1357 5305 atque
1413 5236 1657 5288 siccatas.
1733 5232 1960 5297 Quando
2019 5225 2130 5296 ipse
2182 5222 2273 5276 Ni-

745 5336 828 5389 lus
862 5334 1062 5394 tacuit,
1098 5345 1197 5399 ego
1254 5337 1470 5394 quoque
1512 5321 1833 5399 praeteribo._
1864 5315 2132 5385 ’Λνεμώνη
2177 5312 2273 5364 tios

746 5430 830 5476 est
857 5420 948 5491 qui
973 5395 1156 5473 .vento—
1181 5415 1436 5491 aperitur,
1465 5407 1603 5477 apud
1629 5395 2020 5490 Dioscoridem;
2054 5402 2271 5471 symbo-

749 5489 1001 5560 iurn'assc
1025 5503 1288 5558 vanitatis
1323 5489 1588 5550 Lucianus
1623 5494 1752 5545 eum‘
1774 5489 1952 5542 norem
1996 5489 2224 5540 afﬁrmat
2253 5501 2268 5534 :

2347 463 2556 517 laudata
2587 464 2800 524 crescit,
2835 463 3105 532 gloriaque
3135 462 3289 515 habet
3323 461 3645 516 immensum
3675 465 3885 527 calcar,

2345 563 2402 606 ut
2427 554 2514 606 ille
2543 554 2756 615 cecinit,
2785 568 2884 606 nee
2905 553 3010 604 ulla
3035 559 3115 605 est
3147 558 3292 604 tanta
3315 550 3613 614 humilitas,
3637 567 3754 618 quae
3780 567 3884 605 non

2344 652 2594 714 tangatur
2644 643 2824 711 gloria:
2879 642 3178 704 dulcedine,
3224 640 3375 709 juxta
3422 639 3689 694 Valerium
3744 640 3884 694 Max.

2344 732 2440 785 lib.
2499 745 2616 795 vm,
2686 745 2802 795 cap.
2859 729 2941 782 H.
2985 727 3364 782 Themistoclis
3411 726 3631 780 auribus
3679 727 3883 779 nullum

2343 842 2588 884 acroama
2634 825 2885 878 libentius
2926 820 3307 883 excipiebatur,
3353 833 3509 886 quam
3569 818 3721 882 illud,
3780 831 3886 884 quo

2345 917 2488 969 illius
2524 912 2921 967 celebrabantur
2961 907 3170 976 egregia
3214 904 3473 959 facinora.
3501 903 3734 959 Joannes
3774 904 3887 972 ipse

2344 1003 2479 1056 XXII
2515 1016 2644 1070 papa
2667 999 2844 1053 fassus
2871 1007 2954 1052 est
2987 1010 3045 1050 se
3071 993 3364 1058 blanditiis,
3379 993 3540 1062 '66]
3573 1008 3708 1060 quas
3737 1006 3888 1044 aver-

2345 1095 2580 1154 sabatur,
2618 1089 2966 1143 nihilominus
2999 1083 3313 1145 demulceri,
3344 1091 3398 1136 et
3430 1081 3695 1134 interdum
3733 1080 3882 1146 capi;

2343 1188 2534 1254 saepius
2564 1183 2664 1237 illa:
2698 1179 2919 1246 repulsae
2950 1174 3158 1229 tandem
3187 1186 3253 1226 ex
3279 1171 3476 1223 Seneca
3506 1169 3676 1223 solent
3705 1167 3887 1221 admit-

2344 1282 2402 1334 ti.
2447 1268 2868 1341 Ἐξανεμοῦσϐαι
2914 1276 3091 1318 tamen
3121 1263 3370 1316 dicuntur
3421 1267 3646 1327 segetes,
3678 1257 3885 1309 eventi—

2341 1368 2438 1422 lari
2481 1363 2720 1423 scilicet,
2753 1372 2814 1411 ae
2841 1353 3133 1415 cxsufilari,
3167 1350 3408 1404 daemone
3432 1347 3688 1401 inflante:
3722 1345 3887 1398 nimio

2340 1457 2534 1512 etenim
2567 1459 2843 1505 ventorum
2877 1443 3005 1496 ﬂatu
3029 1448 3373 1501 evaeuantur,
3407 1445 3460 1490 et
3483 1435 3885 1498 exinaniuntur,

2344 1545 2608 1617 praecipue
2651 1539 2779 1592 dum
2823 1532 3212 1591 maturescunt,
3248 1526 3388 1595 apud
3422 1525 3884 1593 TheOphrastum;

2343 1614 2413 1689 ita
2443 1625 2890 1698 nimiapraeeonia
2921 1621 3175 1677 clariores
3203 1619 3411 1671 animos
3435 1614 3661 1678 nudant,
3685 1622 3736 1665 ct
3767 1627 3889 1679 spo-

2342 1727 2472 1778 liant
2523 1721 2775 1772 virtutum
2828 1711 3108 1766 fructibus.
3158 1706 3417 1775 Vergunt,
3460 1712 3513 1757 et
3557 1706 3888 1771 propendent

2342 1812 2608 1884 pleniores
2636 1807 2810 1861 arista:
2848 1803 2911 1857 ad
2940 1801 3188 1877 humum,
3212 1798 3284 1850 ita
3313 1796 3403 1864 qui
3443 1793 3637 1847 virtute
3653 1799 3779 1845 sunt
3808 1791 3888 1842 in-

2343 1878 2543 1972 signes,
2588 1895 2898 1952 humiliores
2936 1889 3199 1951 evadunt;
3233 1885 3424 1938 hirudo
3453 1883 3652 1951 quippe
3695 1878 3889 1932 Joanni

2341 1969 2578 2048 Climaco
2600 1994 2681 2041 cst
2699 1997 2838 2057 vana
2869 1980 3053 2050 gloria,
3091 1986 3143 2031 et
3171 1992 3200 2030 a
3238 1973 3439 2030 Graecis
3476 1973 3611 2024 inter
3644 1969 3887 2036 capitalia

2346 2084 2472 2136 vitia
2531 2089 2861 2137 reeensetur,
2912 2079 2970 2125 ut
3018 2066 3130 2138 jam
3183 2063 3434 2135 praefatus
3479 2076 3621 2123 sum,
3672 2068 3726 2112 et
3773 2059 3888 2126 ipse

2345 2180 2560 2228 sanctus
2611 2166 2782 2229 Nilus,
2827 2178 2881 2232 p.
2919 2159 3020 2224 36,
3060 2163 3261 2211 narrat.
3313 2155 3368 2216 ὅ,
3421 2152 3487 2205 ab
3513 2165 3574 2204 ea
3615 2145 3886 2214 corrumpi

2344 2273 2486 2317 recte
2517 2261 2679 2322 facta,
2711 2265 2998 2318 veramque
3041 2247 3262 2316 gloriam
3300 2242 3420 2297 fuse
3447 2239 3633 2294 tradit.
3659 2237 3884 2306 Proprie

2345 2349 2640 2423 praesertim
2678 2340 2938 2399 sordeseit
2971 2338 3090 2391 laus
3124 2335 3175 2387 in
3208 2347 3334 2396 ore;
3365 2328 3505 2386 unde
3547 2335 3766 2381 sanctus
3793 2324 3889 2393 Cy-

2347 2416 2566 2512 prianus
2604 2436 2669 2489 ad
2702 2435 2961 2490 Donatum
2995 2424 3181 2479 scribit
3237 2422 3478 2475 odiosam
3512 2431 3632 2472 esse
3668 2416 3721 2468 in
3769 2429 3888 2482 pro-

2347 2505 2490 2604 prias
2519 2527 2701 2582 laudes
2725 2521 3100 2593 jactationem;
3128 2522 3179 2569 et
3207 2512 3414 2565 Plinius
3441 2507 3646 2579 junior,
3688 2505 3783 2558 lib.
3826 2518 3885 2564 ll,

2346 2596 2502 2691 epist.
2534 2618 2586 2682 9,
2617 2615 2760 2685 quod
2789 2610 3130 2678 magnificum
3157 2602 3419 2659 referente
3452 2600 3555 2653 alio
3587 2598 3743 2660 foret,
3775 2596 3889 2663 ipso

2347 2685 2438 2780 qui
2472 2706 2634 2778 gessit
2665 2702 2946 2762 referente,
2976 2708 3290 2760 vanescere;
3322 2697 3572 2758 recteque
3608 2685 3885 2761 salomon,

2348 2774 2397 2856 c.
2420 2774 2550 2859 uit,
2569 2811 2617 2849 v.
2636 2793 2670 2846 2
2686 2788 3096 2845 Proverbiorum
3113 2784 3382 2843 admonet,
3399 2774 3815 2846 Ἐγκωμιαζέτω
3831 2789 3886 2824 σε

2347 2895 2375 2944 ὁ
2393 2890 2576 2950 πέλας,
2599 2887 2691 2938 καὶ
2717 2884 2788 2952 μὴ
2813 2880 2869 2932 τὸ
2897 2878 2984 2930 σὺν
3004 2873 3193 2944 στόμα,
3209 2871 3478 2939 ἀλλότριος
3511 2868 3602 2921 καὶ
3623 2865 3698 2935 μὴ
3729 2865 3796 2916 τὰ
3825 2864 3887 2915 σὰ

2353 2979 2521 3050 χείλη,
2571 2975 2622 3028 id
2669 2982 2771 3035 est,
2808 2968 3004 3021 Laudet
3057 2973 3106 3016 te
3149 2963 3369 3021 alienus,
3406 2972 3456 3012 ει
3486 2972 3586 3008 non
3631 2971 3687 3007 os
3724 2962 3885 3014 tuum,

2355 3043 2651 3126 extraneas,
2695 3070 2740 3112 et
2777 3074 2875 3110 non
2915 3055 3055 3107 labia
3096 3062 3205 3105 tua.
3238 3048 3467 3102 Sanctus
3495 3058 3620 3098 vero
3646 3043 3886 3097 Clemens

2355 3155 2627 3208 Romanus
2651 3147 2818 3214 Epist.
2847 3143 2912 3194 ad
2933 3140 3189 3200 Corium,
3219 3154 3273 3204 p.
3295 3136 3381 3199 '59,
3405 3135 3471 3188 49
3496 3142 3548 3187 et
3572 3133 3660 3194 50,
3695 3132 3889 3182 Ταπει-

2355 3244 2561 3312 νόφρων
2599 3238 2672 3307 μὴ
2698 3231 2870 3301 ἑαυτῷ
2898 3226 3256 3300 μαρτυρείτω,
3277 3224 3386 3276 ἀλλ’
3403 3222 3575 3290 ἑαυτῷ
3602 3220 3691 3288 ὑφ’
3708 3220 3885 3287 ἑτέρω

2359 3307 2750 3402 μα-ῥτυρεὶσθωο
2783 3318 2834 3377 id
2876 3325 2975 3384 est,
3005 3316 3106 3382 Qui
3132 3323 3292 3366 mente
3313 3311 3557 3378 praeditus
3580 3307 3883 3367 est-humili,

2357 3394 2454 3472 non
2506 3394 2567 3470 de
2612 3413 2775 3480 seipso
2826 3395 3172 3461 testimonium
3217 3401 3371 3468 ferat,
3413 3396 3499 3450 sed
3531 3395 3620 3449 abs
3653 3396 3758 3447 alio
3794 3394 3888 3446 sibi

2357 3507 2475 3558 uelit
2507 3503 2604 3571 ipsi
2635 3499 2982 3554 testimonium
3001 3492 3237 3562 prazberi.
3261 3488 3411 3542 Nilus
3442 3489 3640 3556 itaque,
3664 3500 3782 3554 quae
3811 3483 3887 3551 pie

2358 3591 2673 3649 macerando
2737 3599 2967 3649 carnem,
3020 3596 3072 3638 et
3126 3585 3421 3636 exercendo
3477 3593 3532 3631 se
3601 3592 3709 3630 una
3771 3591 3885 3629 cum

2358 3677 2632 3734 Theodulo
2653 3677 2704 3731 in
2728 3672 2924 3728 montis
2949 3671 3092 3725 Sinai
3111 3666 3468 3729 monasteriis,
3495 3666 3655 3731 inque
3676 3663 3886 3714 Patrum

2358 3769 2650 3841 synaxibus
2705 3762 3108 3836 (colligebantur
3166 3759 3308 3810 enim
3357 3753 3649 3809 Dominicis
3701 3746 3888 3805 ‘diehus

2360 3875 2524 3914 unum
2553 3859 2606 3911 in
2630 3865 2848 3918 coetum,
2870 3852 3174 3922 pariterque
3199 3845 3503 3916 congregati
3529 3845 3800 3908 monachi,
3833 3860 3891 3895 ac

2362 3947 2710 4018 μονάζοντες,
2753 3939 3221 3998 communicabant
3268 3935 3438 3990 sacris
3476 3933 3778 4002 mysteriis,
3822 3933 3887 3983 uti

2360 4047 2544 4095 narrat
2575 4037 2819 4106 διηγήσει
2856 4033 3008 4088 tertia
3035 4030 3202 4095 Nilus,
3233 4045 3287 4098 p.
3327 4027 3424 4092 38;
3450 4042 3619 4094 neque
3640 4026 3891 4079 diffitetur

2360 4131 2561 4185 delirus
2603 4127 2689 4182 ille
2734 4127 2989 4196 Apostata
3024 4119 3280 4190 Spalatin.
3334 4127 3464 4171 tom.
3510 4117 3550 4181 l,
3587 4131 3641 4184 p.
3679 4116 3780 4169 378
3825 4117 3891 4166 De

2363 4220 2538 4290 repub.
2565 4215 2878 4284 ecclesiast.)
2899 4221 3193 4284 peregerat,
3230 4209 3337 4264 Deo
3367 4209 3466 4263 soli
3505 4218 3628 4261 nota
3658 4222 3778 4260 esse
3803 4222 3889 4258 cu-

2360 4310 2525 4380 piens,
2571 4305 2930 4361 taciturnitate
2974 4303 3184 4372 premit.
3223 4301 3354 4355 Cum
3411 4314 3535 4352 vero
3574 4299 3802 4351 maritus
3846 4306 3892 4349 et

2360 4417 2492 4456 uxor
2533 4399 2639 4453 sint
2666 4397 2772 4452 duo
2808 4396 2861 4449 in
2893 4407 3054 4448 carne
3081 4406 3219 4455 una,
3246 4399 3298 4443 et
3344 4398 3493 4458 pater
3533 4403 3598 4440 ac
3630 4387 3722 4439 filii
3758 4401 3890 4447 una,

2359 4490 2650 4553 eademque
2678 4496 2903 4553 persona
2929 4488 3211 4533 censeatur
3235 4490 3298 4529 ex
3329 4474 3575 4537 artiﬁcio,
3602 4487 3664 4525 ac
3682 4471 3869 4538 figmen

2362 4589 2413 4632 to
2448 4577 2586 4645 juris
2626 4574 2783 4627 etiam
2833 4570 3001 4624 civilis
3027 4606 3042 4630 ,
3087 4567 3213 4634 quin
3263 4575 3315 4618 et
3354 4573 3656 4617 commento
3697 4571 3894 4613 natura:

2364 4661 2732 4737 prehensantis
2780 4657 3225 4713 immortalitatem
3269 4652 3636 4720 procreatione
3676 4650 3894 4712 similis,

2373 4757 2408 4810 l.
2445 4753 2588 4807 ﬁnal.
2624 4752 2684 4805 Ο.
2733 4749 2810 4803 De
2839 4747 3088 4810 impubcr.
3113 4755 3164 4797 et
3191 4743 3259 4795 al.
3291 4741 3580 4802 substitut.,
3611 4739 3637 4809 ᾖ
3686 4741 3750 4792 Ei
3790 4754 3896 4792 vero

2371 4845 2594 4898 institut.
2635 4841 2694 4893 de
2713 4832 3168 4903 inutit.stipulat.,
3195 4831 3224 4902 ᾗ
3249 4829 3346 4884 Sed
3370 4831 3451 4884 sui
3471 4830 3682 4892 ibidem,
3715 4829 3776 4881 de
3803 4829 3898 4903 [tw-

2371 4936 2479 4988 red.
2509 4931 2693 5002 quatit,
2726 4899 3126 4997 patrisque‘vox
3156 4963 3172 4988 ,
3202 4899 3278 4976 sit
3318 4935 3418 4974 vox
3451 4919 3565 4979 lilii,
3598 4918 3690 4985 qui
3730 4899 3898 4985 pier-

2372 5040 2562 5079 norum
2605 5022 2870 5075 viscerum
2916 5015 3089 5084 portio
3142 5021 3246 5078 est,
3283 5027 3346 5066 ex
3393 5009 3699 5070 Aristotele,
3735 5009 3826 5061 lib.
3872 5021 3899 5058 v

2365 5113 2558 5180 Edric,
2583 5119 2636 5166 et
2658 5111 2709 5162 in
2735 5121 2843 5176 quo
2863 5113 3109 5174 parentes
3127 5101 3468 5164 reviviscunt,
3488 5107 3539 5152 et
3561 5098 3887 5166 quemadmo-

2365 5207 2491 5260 dum
2527 5202 2696 5271 magis
2721 5200 3073 5277 obiectantur,
3094 5195 3163 5250 ita
3180 5195 3298 5263 plus
3331 5199 3644 5260 torquentur
3675 5192 3727 5242 in
3754 5191 3896 5258 ipso;

2349 5294 2598 5350 ﬁliorum
2634 5300 2777 5347 certe
2807 5289 3060 5359 dignitas,
3099 5287 3234 5347 laus,
3271 5289 3429 5352 atque
3465 5281 3632 5349 gloria
3672 5293 3889 5334 commu-

2375 5388 2458 5441 nis
2505 5397 2587 5440 est
2617 5385 2774 5455 patri.
2826 5378 2913 5435 Uti
2960 5362 3295 5439 Iustinianus
3345 5372 3509 5434 rel‘ert
3563 5370 3897 5432 Autltcnticis,

2379 5478 2658 5532 Constitui.
2679 5491 2803 5544 qua:
2835 5469 3128 5541 dignitatib.
3149 5508 3162 5533 ,
3205 5467 3235 5537 ς
3262 5463 3603 5530 Generaliter,
3636 5462 3728 5518 ubi
3750 5461 3899 5532 gloss.
