4122 6338
153 315 270 378 i339

1414 308 1506 368 Dii
1549 311 1717 369 VlTA
1749 312 1806 370 S.
1852 313 2011 371 NILI

3178 315 3308 378 [390

139 439 183 482 et
212 427 275 480 ad
317 425 354 478 l.
389 424 489 479 Sed
519 423 789 484 Julianus,
831 421 1032 491 §Quod
1070 424 1263 474 dicitur
1307 423 1370 475 Ι).
1407 425 1473 473 ad
1513 423 1570 478 8.
1607 422 1666 475 C.
1699 432 1742 482 Α
1775 423 2003 492 Spiritus
2046 424 2213 477 sancti
2266 423 2422 487 dona,
2456 424 2779 478 vanitatibus
2805 425 3018 486 attritis,
3067 441 3129 479 ac
3174 430 3307 478 velut

143 515 488 570 Macedonian.
548 511 680 566 iiiuc
700 528 866 581 arguo
894 511 1068 565 Nilutn
1105 527 1202 564 nec
1241 513 1306 564 de
1344 512 1501 565 rebits
1531 527 1560 564 a
1588 526 1665 574 se,

141 609 338 675 tilioque
377 603 418 656 Τ
426 603 652 658 heodulo
680 603 806 655 inibi
833 610 1014 654 sancte
1045 601 1227 670 gestis,
1250 617 1421 670 neque
1446 602 1510 655 de
1538 616 1667 655 con-

136 697 283 766 jugis,
320 696 544 764 liliaque
581 692 854 764 praeclaris
881 701 932 746 et
985 692 1250 761 religiosis
1274 693 1480 747 actibus
1510 693 1666 763 quid-

141 801 281 855 quam
337 785 629 839 litterarum
703 781 1063 837 monumentis
1120 782 1483 850 consiguasse,
1533 781 1665 835 adeo

144 876 365 930 modeste
379 876 443 929 de
458 889 536 939 se,
565 873 784 942 suisque
800 871 1086 936 sentiebat,
1105 871 1236 925 adeo
1250 879 1432 925 exacte
1447 870 1664 924 humili-

142 978 289 1020 tatem
318 964 554 1030 colebat;
582 963 768 1032 mirari
803 962 935 1017 satis
963 977 1068 1015 non
1104 977 1344 1030 possum,
1375 962 1519 1030 quod
1552 961 1665 1030 ipse

143 1067 296 1112 totum
343 1054 470 1110 illud
497 1064 728 1122 tempus,
756 1066 865 1122 quo
899 1053 953 1104 in
983 1063 1161 1106 monte
1193 1053 1339 1105 Sinai
1367 1053 1664 1107 diversatus

142 1158 228 1210 est,
245 1154 361 1200 ante
380 1134 734 1198 Barbarorum
759 1143 1136 1208 incursionem,
1151 1157 1290 1211 quas,
1311 1151 1368 1194 ut
1390 1151 1661 1210 computo,

143 1236 318 1291 accidit
356 1251 387 1290 a
422 1235 482 1292 C.
529 1233 594 1288 N.
627 1233 752 1300 M0,
795 1234 982 1302 sicque
1025 1231 1475 1301 quinquennium,
1521 1233 1662 1300 quod

146 1327 322 1396 peregit
351 1329 402 1380 in
432 1325 746 1380 Narratione
771 1324 1025 1385 secunda,
1053 1323 1211 1392 662
1235 1337 1353 1391 pag.
1376 1321 1460 1386 l7,
1485 1321 1662 1374 verbis

147 1417 246 1470 istis
281 1417 532 1472 describit
555 1433 569 1470 :
597 1414 743 1484 Αὕτη
777 1414 854 1484 μὴ
872 1415 968 1483 τῆς
1001 1412 1227 1482 ἡσυχίας
1255 1411 1455 1479 ταύτης
1481 1410 1660 1478 ἐποίη-

143 1520 223 1554 σεν
265 1503 513 1573 ἐραστὴν,
565 1502 825 1572 καὶπρὸς
866 1506 962 1572 τὴν
1001 1501 1334 1574 ⁴ιτοθουι.›.ἐνην
1388 1500 1663 1568 ὡδήγησεν

141 1591 370 1662 ἐρημίαν,
397 1592 488 1642 καὶ
513 1592 672 1660 μέχρι
699 1589 891 1642 πολλοῦ
925 1586 1326 1659 παρεσκεύασεν
1358 1585 1660 1638 διαιτᾶσθαι

139 1679 291 1746 ἡδέως
321 1675 557 1749 γαλήνηέ
585 1677 920 1730 ἀπολαύοντα.
949 1677 1167 1744 πολλῆς,
1192 1676 1285 1728 καὶ
1308 1673 1472 1744 οὐρίῳ
1501 1673 1659 1726 πνεύ-

145 1785 256 1836 ματι
281 1767 412 1837 πρὸς
449 1769 539 1819 τὸν
579 1767 775 1819 σκοπὸν
804 1767 1156 1838 εὐθυνόμενον
1213 1767 1336 1827 ἕως,
1369 1773 1474 1820 etc.
1516 1763 1660 1817 Talis

141 1859 357 1923 (potioris
384 1873 559 1926 nempe
577 1857 694 1909 boui
724 1859 1004 1926 cupiditas)
1037 1856 1335 1924 me‘quietis
1362 1855 1518 1907 istius
1541 1853 1663 1921 fecit

139 1956 424 2011 amatorem,
475 1957 524 1999 et
564 1949 631 1999 ad
667 1948 1016 2000 desideratam
1049 1946 1265 1999 deduxit
1307 1945 1660 2008 solitudinem,

137 2039 437 2105 multumque
483 2055 574 2106 per
621 2048 817 2105 tempm
857 2037 1026 2105 «fecit
1085 2037 1376 2089 inhabitare
1420 2035 1659 2095 libenter,

137 2126 284 2179 multa
323 2126 576 2194 fruentem
636 2126 1047 2192 ινι..ιιιι.ῖειξ·ιὲξιαιι,
1101 2125 1418 2192 secundoque
1469 2124 1658 2190 spiritu

136 2216 368 2270 directum
403 2217 470 2269 ad
509 2233 711 2284 scapus
804 2221 939 2269 "anet:
962 2229 983 2269 :
1016 2217 1102 2269 ubi
1137 2214 1364 2269 multum
1404 2228 1497 2282 per
1527 2223 1662 2267 tetu-

139 2322 223 2374 pus
270 2307 506 2376 intelligo
552 2308 812 2374 integram
855 2303 1218 2375 Olympiadem
1259 2319 1367 2373 quo
1423 2304 1664 2373 impleret

137 2395 482 2466 praescriptum
530 2395 854 2464 μονάζουσι,
902 2410 995 2450 seu
1051 2394 1332 2464 νεωτέροις
1383 2395 1661 2448 monachis

113 2469 477 2536 intervallum.
513 2481 715 2537 interea
744 2497 871 2537 veru
911 2489 1135 2537 sanctus
1157 2476 1392 2533 Joannes
1429 2478 1660 2547 Chryso-

135 2582 326 2625 stomus
357 2571 410 2625 in
453 2570 642 2625 exsilio
692 2568 941 2622 Comanze
977 2569 1275 2622 decesserat
1319 2581 1458 2620 anno
1497 2566 1560 2620 C.
1594 2565 1658 2620 N.

135 2660 244 2725 l07,
275 2661 414 2715 sicut
439 2659 717 2714 admonui.
748 2659 960 2712 Obierat
984 2665 1038 2711 et
1061 2655 1517 2724 Constantinopoli
1547 2655 1658 2707 Ka-

135 2751 262 2804 lend.
280 2750 450 2810 Maiis,
469 2749 716 2819 quamvis
734 2747 1004 2803 ascribant
1027 2764 1044 2801 ι
1064 2744 1289 2800 Kalend.
1310 2743 1656 2814 Septembris,
1699 2812 1701 2814 η

134 2839 212 2906 qui
241 2838 615 2909 TheOpbanetn
643 2845 961 2914 sequuntur,
990 2849 1131 2889 anno
1152 2832 1498 2902 subsequenti
1531 2831 1657 2897 tos,

133 2931 379 2985 Arcadius
414 2931 684 3000 Augustus
723 2929 939 2993 viduus,
974 2942 1005 2982 e
1037 2925 1234 2980 Codice
1259 2923 1653 2988 Theodosiano,

134 3029 182 3073 et
223 3030 549 3075 successerat
586 3017 922 3072 Theodosius
972 3017 1023 3071 in
1054 3015 1150 3069 Eoi
1191 3012 1655 3068 administratione

136 3111 349 3182 imperii.
383 3108 621 3163 Eudoaia
648 3123 774 3162 vero
803 3109 1040 3177 Augusta
1066 3105 1352 3175 putabatur
1383 3117 1524 3158 anno
1551 3101 1654 3155 404

134 3199 396 3252 demortua
419 3237 433 3260 ,
462 3197 554 3252 sed
595 3197 662 3251 ad
681 3197 805 3263 409,
831 3195 1046 3251 biennio
1074 3205 1196 3266 post
1237 3192 1410 3248 sancti
1435 3190 1658 3246 Joannis

133 3288 347 3354 obitum,
365 3304 396 3342 e
421 3295 526 3343 vita
555 3289 812 3360 migrasse
843 3287 1161 3360 Spondauus
1185 3285 1381 3340 evincit
1409 3283 1474 3338 ad
1507 3282 1655 3336 illum

133 3393 316 3431 annum
346 3378 485 3443 404,
517 3394 666 3433 num.
707 3378 770 3432 ili
791 3418 806 3443 ,
841 3386 896 3432 et
922 3376 992 3431 ad
1024 3390 1222 3430 annum
1246 3374 1369 3441 407,
1409 3388 1558 3426 num.
1601 3371 1653 3423 ἰζ

134 3467 320 3536 Opinor
347 3479 525 3523 autem
554 3479 661 3523 tam
709 3481 739 3520 a
768 3466 918 3527 Nilo.
943 3479 1102 3534 quam
1131 3478 1160 3518 a
1187 3463 1461 3517 Theodulo
1488 3459 1656 3515 luisse

135 3569 386 3610 Servatum
423 3557 686 3624 jejunium
733 3555 996 3624 apprime.
1029 3553 1187 3609 Certe
1231 3551 1356 3606 illud
1402 3549 1653 3615 delineat,

135 3661 178 3713 p.
204 3647 286 3708 33,
310 3661 359 3702 c.
387 3645 451 3700 Η
472 3656 523 3699 et
544 3660 666 3716 pag.
690 3644 752 3698 16
775 3650 987 3698 tractat.
1012 3643 1087 3698 De
1115 3653 1335 3698 monaat.
1358 3642 1653 3704 exercitat,

132 3747 464 3807 posteaquam
502 3736 792 3792 insectatus
829 3745 911 3792 est
951 3736 1227 3791 catiilones
1266 3733 1526 3798 delicatos
1561 3746 1655 3784 ex-

131 3831 454 3898 quisitorum
487 3829 845 3892 ciborum,“
887 3825 1348 3880 condimentorum
1393 3819 1650 3879 assecias,

130 3921 255 3986 gula.-
291 3934 356 3975 ac
405 3916 788 3988 gastritnargiai
827 3913 1038 3982 penitus
1074 3899 1350 3970 addictos.
1388 3919 1493 3961 tam
1532 3921 1654 3976 gra-

130 4009 287 4075 phice,
315 4006 460 4076 quod
501 3999 876 4059 custodiebant
912 4001 1162 4055 monachi
1193 4015 1288 4070 per
1313 4000 1534 4056 cellulas
1562 3999 1654 4052 ibi-

130 4089 260 4164 dem,
291 4107 349 4152 ut
373 4097 476 4161 sub
501 4095 690 4150 oculos
714 4101 898 4164 ponat.
919 4087 1133 4160 Jejunio
1166 4088 1407 4160 profecto
1433 4103 1653 4145 revoca-

130 4201 209 4246 tur
241 4193 399 4251 homo
446 4187 514 4242 ad
551 4184 883 4267 paradisum,
909 4197 972 4238 ex
1010 4195 1118 4251 quo
1146 4189 1360 4267 propter
1387 4180 1652 4267 intempe-

131 4278 342 4330 rantiam
396 4271 498 4327 iuit
543 4265 766 4341 ejectus.
806 4266 1076 4338 Ieiunium
1121 4274 1205 4320 est
1256 4265 1377 4318 vitae
1422 4265 1652 4320 cmlestis

1770 516 1938 568 erasis
1959 554 1975 577 .
2018 525 2071 568 et
2107 515 2354 569 sordibus
2379 517 2739 570 etuundatam.
2770 516 2919 581 Quod
2952 517 2993 569 si
3018 518 3193 570 omnis
3221 519 3312 585 qui

1769 606 2042 658 contendit
2084 607 2135 658 in
2169 619 2333 673 agone
2356 606 2421 659 ab
2466 607 2713 660 omnibus
2747 621 2802 660 se
2840 607 3086 669 abstinet,
3119 616 3176 659 ut
3202 623 3315 659 cor-

1770 697 2073 762 ruptibilem
2109 697 2333 764 accipiat
2378 711 2668 759 coronam,
2710 708 2762 750 et
2802 700 2970 750 currit
3004 699 3056 750 in
3093 699 3309 759 stadio;

1763 785 2050 854 Apostolus
2091 787 2162 840 ita
2206 786 2389 839 scribit
2436 787 2456 838 ι
2501 785 2625 841 Cor.
2659 803 2733 849 ιχ,
2783 787 2870 850 25,
2905 797 3105 854 quanto
3145 787 3313 850 magis

1764 877 1959 931 debent
1976 877 2220 931 monachi
2243 893 2458 945 operam
2479 878 2605 931 dare
2628 879 2984 942 abstinentiae,
3002 878 3312 946 jejunioqne

1763 982 1958 1037 corpus
1999 969 2247 1037 aiiligere,
2279 968 2497 1022 domare
2529 978 2684 1036 atque
2715 985 3009 1030 macerare,
3042 979 3096 1021 ut
3119 968 3319 1020 donen-

1762 1065 1850 1111 tur
1933 1058 2238 1126 incorrupto
2331 1069 2384 1112 et
2489 1059 2920 1113 immarcescibili
2987 1057 3304 1110 diademate.

1762 1146 1899 1202 inter
1943 1147 2161 1216 spiritus
2211 1159 2331 1202 octo
2384 1149 2627 1210 malitia,
2681 1149 2793 1200 sive
2839 1157 3056 1215 peccata
3106 1147 3308 1214 capita—

1765 1235 1832 1289 lia
1888 1238 2089 1304 primas
2131 1237 2278 1292 ducit
2330 1238 2451 1308 gula
2506 1238 2713 1306 jejunio
2775 1238 3024 1298 adversa,
3087 1246 3142 1290 ut
3200 1238 3309 1304 ipse

1765 1325 1910 1382 Nilus
1936 1328 2160 1383 collocat
2187 1329 2236 1382 in
2255 1337 2481 1382 tractatu
2512 1330 2577 1382 de
2601 1329 2706 1383 illis
2735 1343 2854 1388 suo,
2880 1336 2932 1381 et
2962 1326 3310 1395 quemadmo-

1760 1415 1885 1468 dum
1957 1428 2038 1470 est
2101 1434 2162 1471 ea
2230 1419 2425 1471 ostium
2481 1419 2708 1471 aliorum
2783 1417 3110 1478 criminum,
3150 1412 3305 1483 663

1745 1506 1828 1557 .ita
1857 1506 2118 1574 jejunium
2176 1509 2336 1574 jauua
2371 1518 2451 1562 est
2509 1509 2733 1561 aliarum
2796 1508 3096 1569 virtutum;
3141 1506 3302 1565 Elius,

1761 1593 1988 1664 Moyses,
2047 1607 2097 1650 et
2161 1599 2402 1651 Christus
2461 1597 2720 1652 Dominus
2783 1591 2988 1665 jejunio
3053 1611 3110 1648 se
3174 1610 3301 1661 prau-

1760 1685 2114 1740 munieruut:
2164 1687 2390 1755 primus,
2426 1702 2547 1740 cum
2609 1688 2673 1740 ad
2738 1685 2901 1739 Deum
2953 1684 3191 1750 confugit
3249 1683 3301 1733 itt

1765 1780 1992 1826 montem
2039 1772 2152 1836 Dei,
2195 1775 2306 1827 sive
2336 1772 2500 1835 Oreb,
2533 1774 2773 1827 meminit
2828 1772 3058 1826 Joannes
3107 1770 3302 1822 Clima-

1761 1876 1858 1915 cus
1897 1862 2062 1931 gradu
2095 1863 2148 1927 7,
2184 1870 2233 1929 p‘.
2271 1863 2407 1915 158:
2449 1863 2630 1917 Siddin
2682 1864 2782 1917 loci
2855 1861 3299 1915 anachoretarum

1761 1953 1912 2005 ardui
1943 1961 1994 2005 et
2020 1952 2296 2012 inaccessi,
2343 1953 2434 2019 qui
2467 1953 2696 2006 distabat
2726 1951 3059 2019 septuaginta
3109 1948 3301 2000 millia-

1762 2040 1911 2094 ribus
1941 2056 1968 2094 a
2005 2050 2206 2104 castro,
2237 2041 2287 2093 in
2343 2055 2500 2109 quem
2544 2042 2717 2095 locum
2747 2047 3041 2094 secesserat
3073 2037 3300 2106 Stepha-

1761 2144 1863 2183 nus
1899 2145 1927 2183 a
1958 2129 2093 2183 et-lla
2121 2145 2214 2183 sua
2262 2130 2500 2198 migrans
2557 2129 2622 2181 ad
2673 2129 2901 2181 radicem
2962 2125 3178 2188 montis,
3235 2125 3298 2176 ad

1760 2236 1917 2288 quem
1953 2219 2093 2274 Elias
2124 2219 2378 2291 propheta
2410 2218 2574 2273 Deum
2608 2219 2830 2278 viderat,
2861 2227 2970 2270 tum
3021 2216 3083 2268 ad
3113 2216 3298 2268 cellam

1759 2326 1910 2366 suam
1940 2325 2184 2365 reversus
2220 2320 2321 2371 est,
2358 2309 2424 2363 de
2454 2307 2587 2372 Elia,
2618 2317 2669 2360 et
2698 2308 2970 2376 spelunca,
3003 2305 3055 2357 in
3080 2320 3184 2373 qua
3212 2303 3298 2355 ille

1761 2400 1955 2455 delusit
1993 2399 2245 2469 fugiendo
2275 2397 2503 2464 Jesahel,
2541 2396 2611 2450 ili
2645 2396 2772 2465 Reg.
2815 2411 2922 2457 xvi,
2947 2397 2996 2450 9.
3053 2393 3240 2448 Petrus
3267 2409 3295 2443 a

1765 2489 1932 2553 Valle,
1989 2497 2120 2543 tom.
2154 2487 2197 2553 Ι,
2248 2485 2339 2540 fol.
2375 2485 2463 2540 80.
2515 2485 2792 2540 Secundus
2859 2495 3169 2551 progressus
3228 2477 3294 2530 ad

1758 2577 1910 2632 Siuai
1939 2591 2216 2640 cacumen,
2253 2574 2424 2628 Exod.
2468 2589 2646 2636 xxxiv,
2674 2573 2729 2634 2,
2771 2585 2992 2626 saxeum
3022 2569 3291 2628 volumen,

1761 2666 1971 2734 rupices
2015 2665 2236 2733 paginas
2285 2663 2548 2728 Decaiogi,
2606 2669 2663 2714 ιιι
2707 2660 2944 2728 loquitur
3011 2658 3294 2712 Salvianus

1735 2753 2348 2825 llib.ﬂegubernntione
2412 2752 2524 2817 Dei,
2592 2750 2762 2821 p.29,
2822 2750 3025 2817 accepit
3083 2766 3112 2803 a
3167 2748 3292 2802 Deo.

1756 2844 1998 2899 Christus
2031 2852 2208 2897 autem
2245 2842 2436 2896 vindex
2470 2849 2524 2896 et
2553 2849 2787 2895 assertor
2815 2840 3025 2910 generis
3075 2839 3294 2891 humani

1751 2935 2001 3005 jejunaus
2031 2935 2320 2988 iri-deserta
2351 2931 2638 2986 solitudine
2662 2945 2782 2985 cum
2815 2930 3010 2983 Satana
3043 2945 3288 2998 congres-

1758 3039 1853 3078 sus
1887 3023 2062 3092 ipsum
2087 3021 2302 3086 devicit,
2354 3031 2406 3074 et
2435 3035 2721 3073 cxarmans
2748 3019 3048 3081 debellavit,
3099 3017 3292 3070 e:tixit-

1757 3127 1860 3182 que
1907 3111 2182 3186 discipulis
2209 3111 2321 3166 suis
2345 3110 2727 3165 damoniorum
2759 3123 2927 3178 genus
2962 3115 3187 3169 mutum,
3241 3118 3294 3160 et
3365 3151 3368 3154 .

1756 3203 1982 3257 allidcns
2007 3218 2111 3256 non
2129 3201 2250 3270 ejici
2283 3201 2384 3254 nisi
2419 3200 2470 3253 in
2492 3199 2701 3268 jejunio
2750 3206 2804 3252 et
2840 3198 3099 3261 oratione,
3127 3196 3289 3251 Marc.

1756 3309 1830 3356 rx,
1861 3292 1949 3345 28.
2003 3290 2234 3346 Joannes
2306 3287 2616 3356 patriarcha
2666 3285 3289 3354 Constantinopolitanns

1755 3361 2064 3448 popularem
2101 3391 2285 3430 auram
2319 3384 2541 3443 captans
2572 3389 2712 3427 anno
2737 3374 2860 3435 585,
2915 3383 2966 3427 et
3029 3374 3290 3443 jejuuato-

1754 3470 1847 3531 ris,
1873 3469 1984 3522 sive
2012 3465 2298 3537 νηστευτοῦ
2323 3465 2424 3520 sibi
2457 3480 2756 3534 cognomen
2790 3465 3085 3531 asciscens,
3118 3481 3288 3534 usque

1754 3565 1819 3618 ad
1854 3564 1954 3618 597
1978 3576 2176 3616 annum
2217 3561 2268 3614 id
2296 3569 2506 3629 gestare
2538 3558 2985 3628 perhonoriﬁcum
3013 3558 3287 3611 existinm-

1754 3656 1931 3730 vit,et
1958 3654 2049 3707 illo
2078 3667 2136 3707 se
2169 3652 2286 3707 suis
2325 3651 2566 3719 plebibus
2588 3650 2706 3717 plus
2771 3664 2926 3714 aequo
2975 3647 3284 3701 Venditavit.

1762 3742 1864 3797 Sed
1895 3742 1962 3795 de
1987 3740 2190 3808 jejunio
2226 3738 2312 3804 qui
2338 3738 2505 3791 coluit
2552 3737 2602 3788 id
2634 3746 2740 3788 tam
2779 3736 2994 3794 eximie.
3031 3749 3098 3788 ac
3124 3737 3171 3788 ei
3197 3737 3285 3788 de-

1753 3829 1895 3883 ditus
1935 3826 2148 3888 itaiuit,
2200 3833 2256 3878 ut
2302 3824 2516 3896 quoties
2561 3823 2715 3876 cibus
2785 3822 3075 3875 sumendus
3120 3830 3282 3884 esset,

1751 3916 1911 3969 toties
1937 3923 2256 3967 tormentum
2289 3910 2471 3964 subire
2504 3910 2807 3973 videretur,
2876 3918 3096 3960 sanctus
3159 3907 3284 3960 Ber-

1753 4003 1950 4058 nartius
1977 4002 2153 4057 fusius
2190 4000 2296 4068 agit
2326 4001 2377 4053 in
2401 4014 2466 4054 eo
2491 3997 2747 4070 nimirum
2780 3997 3281 4051 exercitatissimus.

1753 4094 1890 4147 Sunt
1955 4093 2098 4145 enim
2149 4079 2456 4158 eloquentes
2506 4076 2840 4155 potissimum
2907 4087 3153 4139 homines
3228 4086 3282 4138 in

1751 4195 1814 4234 eo
1866 4179 2009 4248 quod
2059 4159 2258 4241 sciunt,
2312 4189 2558 4229 sermone
2611 4175 2678 4227 '50
2739 4173 2806 4226 ad
2843 4173 3064 4226 Cantica
3113 4174 3284 4226 cauti-

1752 4284 1891 4323 rum.
1929 4267 2139 4336 Jejunio
2175 4267 2352 4335 itaque
2395 4275 2529 4320 sunt
2573 4267 2650 4316 usi
2693 4264 2842 4318 Nilus
2893 4273 2944 4317 et
2976 4262 3282 4317 Theodulus

133 4366 333 4428 atrium.
360 4361 437 4418 Eo
465 4361 484 4432 (
514 4371 570 4415 ut
596 4369 678 4415 est
721 4359 873 4412 testis
906 4366 1123 4411 sanctus
1149 4353 1400 4424 Basilius)
1431 4355 1647 4424 propui-
1680 4361 1721 4414 ι)
1752 4373 1848 4428 pro
1913 4357 2084 4411 aetatis
2136 4357 2394 4425 cujusque
2451 4355 2660 4408 ratione
2711 4369 2772 4408 ac
2820 4355 2997 4420 modo,
3052 4355 3281 4408 aemulati

131 4464 307 4510 santur
337 4451 651 4514 mutationes
673 4447 896 4510 diaboli,
925 4445 1121 4501 Christi
1146 4445 1341 4498 milites
1374 4452 1650 4498 armantur

128 4546 186 4599 ad
209 4546 476 4616 pit-tatem,
505 4540 681 4612 opifex
718 4548 800 4594 est
828 4537 956 4591 illud
988 4536 1352 4604 temperantia
1399 4544 1452 4592 et
1474 4535 1647 4590 conti-

128 4635 328 4688 nentiae.
359 4633 514 4690 Certe
546 4640 763 4684 sanctus
800 4629 890 4682 hic
940 4625 1126 4681 doctor
1173 4630 1307 4681 adeo
1328 4627 1649 4682 abstinentia

126 4723 384 4789 excelluit,
413 4730 470 4777 ut
510 4721 696 4796 spiritu
737 4727 941 4774 tantum
981 4717 1163 4772 vivens
1184 4756 1198 4780 ,
1231 4727 1418 4786 preter
1446 4733 1566 4773 ossa
1598 4728 1650 4772 ct

128 4814 326 4879 pellem.
352 4812 500 4885 nulla
516 4818 766 4879 praeterea
794 4807 1032 4876 corporis
1059 4815 1206 4881 parte
1227 4816 1472 4862 constare
1506 4808 1650 4862 vide-

129 4913 296 4955 retur.-
344 4890 694 4954 Praetermitto
738 4917 858 4968 qua:
898 4899 1134 4968 congerit
1183 4897 1648 4966 eloquentissimus

130 4991 208 5044 ille
229 4990 526 5058 antistessitt
549 4987 665 5054 ejus
691 4987 1302 5060 commendationem,“
1327 4985 1497 5050 λόγοις
1527 4984 1647 5053 περὶ

128 5079 215 5150 τῆς
243 5077 492 5149 monia;
519 5115 533 5138 ,
572 5076 626 5128 id
653 5067 828 5137 cantu
861 5076 1177 5148 sermoni-bus
1212 5075 1271 5126 de
1293 5074 1532 5148 jejunio,
1555 5073 1646 5142 qui

128 5165 470 5230 conferendas
493 5173 570 5223 est
599 5179 717 5218 cum
742 5156 1085 5228 Tertulliano',
1105 5181 1224 5236 pag.
1253 5164 1367 5228 l90,
1398 5163 1477 5216 Ad
1509 5179 1647 5214 mar-

130 5267 298 5332 tyres;
349 5265 535 5320 sancto
587 5254 910 5322 Hieronymo
954 5255 1010 5305 in
1055 5247 1330 5323 Epistolis,
1368 5254 1421 5313 in
1461 5253 1646 5323 primis

129 5366 238 5404 cum
278 5352 467 5403 sancto
503 5333 823 5408 Ambrosio,
860 5342 952 5415 qui
990 5353 1133 5408 eunt
1158 5344 1419 5409 inritatur,
1452 5343 1543 5396 lib.
1574 5340 1648 5398 De

130 5440 239 5494 Elia
276 5449 324 5491 et
357 5435 577 5507 jejunio.
628 5426 1214 5492 lnter'exeroitatiOues
1262 5433 1648 5506 monachorum

127 5528 412 5598 principem
456 5524 583 5579 illud
609 5518 813 5590 obtinet
839 5523 1033 5588 iocum,
1065 5531 1402 5589 mentemque
1431 5521 1646 5578 lumini-

127 5621 219 5677 bus
247 5611 610 5688 spiritualibus
636 5612 865 5669 illustrat
885 5626 946 5668 ac
965 5621 1224 5682 [κεραῖαι
1256 5613 1318 5666 ad
1341 5619 1646 5688 excipteuda

1750 4457 1993 4503 sanetum
2021 4447 2178 4500 etiam
2227 4447 2464 4508 Petrum,
2515 4444 2600 4498 cui
2635 4459 2739 4497 non
2784 4446 2914 4498 satis
2941 4444 3040 4499 fuit
3103 4461 3283 4499 amare

1749 4538 1894 4600 ﬂere,
1926 4549 2216 4606 potumque
2237 4551 2394 4590 suum
2425 4535 2674 4604 iacrymis
2721 4536 3036 4600 admiscere,
3098 4550 3279 4587 verum

1748 4639 1800 4682 et
1839 4631 2034 4682 amaris
2073 4628 2268 4698 lupinis
2309 4641 2524 4695 quoque
2569 4640 2628 4679 se
2695 4609 2910 4694 pascere
2959 4625 3140 4682 voluit,
3202 4624 3277 4675 uti

1748 4719 1893 4772 cauit
1937 4717 2224 4787 Gregorius
2271 4715 2640 4770 Nazianzenus
2697 4713 2915 4766 Iambic.
2972 4727 3136 4763 carm.
3190 4711 3298 4765 18..

1749 4808 1882 4872 Quid
1915 4807 2130 4861 Petrum
2167 4806 2320 4879 cujus
2343 4806 2496 4859 cibus
2539 4813 2692 4858 erant
2720 4802 2882 4868 lupini
2926 4798 3080 4852 unico
3136 4813 3273 4858 asse,

1749 4901 1850 4952 hoc
1876 4910 1957 4954 est
1979 4901 2159 4953 decem
2196 4897 2376 4960 minis,
2411 4893 2523 4949 sive
2577 4894 2748 4945 unciis
2795 4889 2956 4956 empti
3013 4903 3074 4941 ex
3137 4887 3274 4940 Billii

1747 4989 2013 5051 versione,
2056 5001 2107 5055 p.
2151 4986 2304 5048 £380,
2337 4985 2427 5051 qui
2480 4990 2629 5046 putat
2673 4995 2791 5033 eum
2856 4994 2918 5031 ex
2973 4979 3275 5050 apocrypho

1748 5069 1974 5147 quodam
1990 5072 2233 5129 hausisse
2251 5073 2402 5131 libro.
2424 5087 2476 5140 p.
2495 5068 2648 5123 1387.
2671 5069 2770 5122 Sed
2799 5059 3087 5139 Gregorius
3118 5066 3273 5119 refert

1741 5169 1800 5222 in
1842 5166 2080 5221 oratione
2103 5147 2311 5232 quoque
2346 5161 2419 5213 De
2468 5173 2643 5212 amore
2675 5159 3021 5228 paupertatis,
3051 5165 3182 5207 tom.
3233 5155 3270 5218 l,

1747 5272 1866 5327 pag.
1901 5253 2020 5308 457.
2063 5253 2288 5306 Sanetus
2305 5250 2460 5303 etiam
2496 5248 2772 5301 Mattheus
2801 5241 3004 5323 semina
3049 5255 3101 5297 (ἰ
3127 5259 3271 5298 sum-

1748 5363 1832 5399 ma
1858 5345 2066 5398 olerum
2096 5342 2313 5409 fastigia
2348 5339 2676 5398 comedebat,
2732 5336 2806 5388 uti
2852 5345 3066 5389 sanctus
3109 5332 3271 5386 Joan-

1748 5450 1854 5488 nes
1882 5430 2136 5502 Baptista,
2167 5446 2260 5484 seu
2308 5429 2558 5482 arborum
2594 5422 2816 5478 vertices
2867 5422 3272 5484 diiorescentest,

1740 5533 1840 5577 aut
1895 5522 2125 5576 locustas
2151 5529 2204 5574 et
2230 5520 2331 5574 mel
2386 5503 2593 5586 agreste
2647 5513 3017 5576 manducabat,
3058 5519 3277 5565 auctore

1748 5610 2019 5664 Clemente
2043 5607 2424 5670 Alexandrino,
2454 5605 2542 5658 lib.
2570 5619 2607 5657 tl
2665 5600 2964 5668 Pa'dagog.,
2995 5613 3048 5668 p.
3074 5598 3158 5655 65.
3177 5599 3280 5654 Car-
