4122 6338
654 221 657 223 ’
756 227 881 314 1391

1469 248 1612 309 JOS.
1653 248 1909 308 MARLE
1952 215 2314 339 SUARESII'
2339 250 2563 310 LIBER
2596 250 3209 312 CHRONOLOGICUS

3789 250 3911 319 1392

753 369 942 409 cumen
973 354 1219 408 arborum
1244 354 1635 422 explementum
1666 371 1783 409 esse
1810 357 2027 419 ventris,
2055 358 2279 419 Seneca,
2309 366 2353 419 Α
2384 357 2476 422 lia,
2527 359 2640 415 sive
2675 362 2904 429 mapalia
2948 359 3304 415 Numidarum
3334 360 3607 427 Afrorum,
3634 362 3700 416 de
3728 364 3911 431 quibus

752 444 905 511 epist.
936 442 986 501 5,
1017 450 1162 495 notat
1183 453 1237 497 et
1264 457 1358 512 pro
1389 443 1621 509 ἀκρίδων
1642 459 1792 509 voce,
1835 444 1885 498 id
1915 455 2015 509 est,
2056 445 2284 497 locusta-

753 549 887 595 rum,
930 532 1071 602 ἄκρα
1109 532 1283 602 δρυῶν
1318 533 1619 600 alii‘legunt
1650 532 1742 588 seu
1779 520 2035 603 gemmas,
2086 535 2284 589 ﬂoscu-

753 622 851 684 lus,
899 630 953 674 et
974 632 1212 683 extrema
1261 622 1594 697 novellarum
1646 612 1923 689 arborum,
1972 625 2112 692 apud
2159 639 2285 679 sau-

752 721 892 766 ctum
914 710 1217 766 Matthzeum
1240 725 1287 767 c.
1330 725 1411 776 ιιι,
1447 727 1498 767 v.
1527 713 1580 767 4.
1614 711 1897 782 Nicephor.
1942 713 2035 768 lib.
2066 729 2118 779 ν,
2140 728 2194 768 c.
2219 714 2285 768 14

754 800 1077 868 Historiam;
1108 802 1292 873 Cujac.
1336 804 1399 857 ad
1435 803 1470 857 l.
1493 804 1606 869 Qui
1634 820 1879 858 venenum
1902 805 2026 870 236,
2053 804 2080 875 ᾗ
2123 804 2285 859 Glan-
2310 874 2312 877 τ

749 895 830 947 dis
869 894 932 946 D.
965 894 1025 946 de
1057 892 1192 946 verb.
1219 893 1443 962 signiﬁc.
1463 909 1484 957 ;
1510 892 1745 955 lsidorns
1798 893 2087 961 Pelusiota,
2126 896 2282 964 epist.

752 984 786 1036 5
826 992 880 1037 et
934 982 1068 1048 152;
1098 980 1358 1035 Baronius
1400 982 1686 1038 cardiualis
1720 984 1786 1038 ad
1819 999 1946 1037 ann.
1988 983 2048 1039 C.
2078 983 2142 1039 Ν.
2194 985 2282 1048 31,

751 1073 840 1128 ubi
873 1072 1141 1142 Spondan.
1182 1086 1329 1126 num.
1358 1071 1413 1139 6;
1450 1071 1797 1129 Kimedonius
1838 1073 1977 1143 apud
2006 1072 2287 1145 Theophy—

750 1164 945 1217 laetum
989 1161 1331 1217 Simoeattam
1372 1162 1780 1228 scholasticam,
1824 1164 1981 1233 epist.
2028 1164 2114 1230 11,
2165 1178 2321 1231 rer-_

748 1257 813 1307 tit
860 1254 1081 1324 ἀκρίδας
1148 1254 1282 1327 male
1322 1253 1582 1317 cicadas;
1637 1253 1894 1326 Ebionita:
1947 1255 2000 1308 in
2056 1253 2286 1325 Evange-

751 1345 822 1397 lio
870 1343 1099 1396 Mattbaei
1165 1342 1410 1411 legebam
1452 1342 1727 1412 ἐγκρίδας,
1778 1342 1832 1397 id
1889 1352 1988 1410 est,
2036 1343 2281 1413 ὲπίχυτα,

748 1449 842 1488 seu
870 1432 1088 1497 mellita,
1123 1431 1204 1486 vel
1237 1431 1335 1484 mel
1361 1431 1637 1500 sylvestre;
1668 1441 1891 1488 sanctus
1931 1433 2282 1503 Epiphanius,

751 1525 941 1578 lncrcs.
1005 1520 1092 1585 50,
1134 1535 1189 1589 p.
1250 1520 1370 1586 138,
1419 1520 1487 1576 de
1538 1521 1727 1591 ἄκροις
1777 1520 1989 1591 ὃρυῶν;
2038 1521 2281 1588 Crusius,

748 1614 839 1667 lib.
869 1632 889 1668 1
923 1612 1176 1668 Germano
1217 1611 1453 1677 Crescite,
1488 1620 1625 1665 orat.
1642 1612 1716 1664 De
1738 1610 1860 1681 (ing.
1899 1609 2088 1681 Graec"
2117 1629 2172 1682 ν.
2194 1614 2279 1680 11,

2385 445 2671 501 Sallustius
2692 446 2766 501 De
2790 448 2911 502 bell.
2945 446 3217 516 Jugurth.,
3240 463 3291 516 p.
3317 447 3404 511 95,
3437 463 3555 517 quae
3575 458 3670 517 pro
3698 450 3912 519 tuguriis

2383 539 2556 596 erant,
2587 532 2742 600 quasi
2777 532 2992 587 navium
3020 533 3235 597 carina,
3256 542 3310 589 et
3344 548 3408 588 ex
3441 534 3607 589 alveis
3630 549 3809 589 earum
3839 535 3911 588 in-

2382 619 2555 673 versis
2599 619 2935 688 plerumque.
2958 621 3176 677 Servius
3202 622 3257 676 in
3283 613 3498 692 Virgil”
3526 623 3740 686 lsidor.,
3786 621 3912 678 Vos-

2384 709 2497 763 sius
2530 708 2583 762 in
2611 707 2904 780 Etymolog.
2935 708 3068 765 Hinc
3099 712 3294 766 lemma
3342 713 3630 768 cardinalis
3663 712 3722 767 S.
3745 712 3810 766 it.
3855 712 3907 766 E.

2379 796 2906 865 jurisconsultissimi
2971 797 3254 867 Seraphini
3298 796 3538 862 Olivarii,
3601 799 3695 867 qui
3751 806 3909 851 ratem

2384 884 2646 939 inversam
2662 900 2768 955 qua
2787 900 2845 941 se
2869 895 3067 956 tegeret
3091 886 3404 956 assumpsit,
3418 895 3471 941 et
3490 886 3879 954 hemistichium
3894 902 3921 939 :-

2394 972 2610 1029 Vexerat
2626 975 2718 1030 illa
2730 976 2897 1044 prius.
2916 974 2994 1029 Ex
3022 975 3106 1030 bis
3134 976 3364 1046 tuguriis
3388 989 3681 1043 cognomen
3712 984 3912 1029 traxere

2382 1061 2655 1132 Calybitas,
2685 1078 2821 1132 quos
2857 1063 2999 1118 inter
3019 1064 3408 1137 celeberrimus
3428 1072 3511 1118 est
3537 1063 3717 1118 Romae
3752 1061 3910 1118 Joan-

2382 1166 2500 1216 nes,
2551 1152 2640 1222 qui
2700 1153 2803 1208 sibi
2842 1153 3082 1223 καλύσην
3110 1154 3217 1207 ἀπὸ
3248 1153 3340 1206 τοῦ
3379 1153 3688 1219 καλύπτειν,
3726 1154 3779 1206 id
3815 1162 3907 1217 est,

2381 1258 2411 1298 a
2460 1242 2761 1309 latitando,
2798 1258 2893 1299 seu
2945 1244 3333 1315 g'urgustiolum
3386 1244 3438 1297 in
3492 1244 3739 1298 Tiberina
3787 1257 3911 1298 con-

2383 1334 2580 1387 struxit
2641 1333 2839 1399 insula,
2905 1333 2996 1388 ubi
3044 1343 3154 1388 tam
3202 1333 3295 1387 diu
3350 1332 3560 1387 delituit
3627 1332 3716 1386 ille
3779 1332 3910 1385 titius

2384 1421 2625 1491 Eutropii
2656 1430 2710 1478 et
2731 1421 3045 1489 Theudoria,
3084 1422 3308 1477 divitum
3341 1424 3541 1478 civium
3607 1422 3908 1477 Constanti-

2382 1513 2832 1581 nopolitanorum,
2849 1515 2917 1569 ab
2949 1514 3139 1568 abbate
3166 1522 3524 1569 acmmetense
3548 1513 3911 1582 proﬁcisceute

2384 1599 2802 1674 Hierosolymas,
2838 1603 2905 1658 ad
2932 1604 3178 1672 pietatem
3207 1605 3477 1659 excitatus
3522 1614 3576 1659 et
3604 1618 3908 1666 conversus,
3969 1606 3973 1611 ’
4064 1590 4065 1595 “

743 1703 905 1774 334
950 1718 980 1757 α
1046 1702 1360 1757 Pantalione
1400 1675 1467 1756 ac
1525 1688 1781 1771 Gregorio
1812 1675 1885 1755 ⁷ίιι
1950 1675 2277 1757 Matinium;
2312 1675 2353 1733 Β
2382 1691 2553 1746 donec
2591 1692 2802 1747 tandem
2844 1706 2875 1746 a
2904 1701 3073 1747 matre
3104 1692 3205 1747 fuit
3250 1694 3463 1764 agnitus
3489 1692 3687 1746 indicio
3716 1692 3909 1747 codicis

748 1792 850 1847 Sed
879 1792 1121 1867 Crusius
1151 1792 1450 1856 haereticus,
1502 1800 1552 1849 et
1603 1792 1944 1862 Evangeliutn
1988 1793 2118 1848 illud
2171 1791 2278 1848 11c-

745 1882 1004 1947 hraicum,
1054 1876 1115 1937 et
1149 1897 1177 1935 a
1220 1878 1486 1935 Nazaraeis
1542 1878 1918 1945 adulteratam,
1977 1880 2053 1934 uti
2098 1889 2278 1935 monet

744 1982 961 2029 sanctus
990 1972 1317 2042 Epiphanius
1345 1969 1440 2025 ibi.
1485 1969 1581 2026 Est
1612 1971 2047 2035 autemiocusta
2084 1972 2276 2027 insecti

742 2076 911 2129 genus
934 2060 1046 2114 alas
1074 2059 1543 2116 babensintirmas
1596 2059 1663 2113 ad
1712 2060 2020 2115 velandum.
2074 2059 2271 2115 Verum

743 2151 796 2203 in
836 2150 1212 2208 solitudinibus
1243 2149 1440 2204 montis
1466 2148 1614 2201 Sinai
1640 2150 1888 2204 monachi
1940 2151 2047 2203 τῶν
2108 2152 2273 2222 ἀκροο

735 2236 913 2309 δρύων
939 2240 1006 2290 τὰ
1037 2242 1297 2309 χρήσιμα,
1321 2239 1414 2291 καὶ
1441 2239 1710 2308 διάμένειν
1749 2240 2047 2308 δυνάμενα,
2077 2244 2142 2312 τῇ
2165 2259 2273 2294 τοι-

742 2330 879 2401 αύτῃ
902 2329 1252 2402 φυλάττοντες
1296 2327 1457 2397 χρείᾳ.
1501 2328 1738 2393 ἀνύουσι,
1770 2330 1969 2402 siccant
2022 2333 2273 2385 monachi

739 2400 932 2487 nempe
956 2418 1095 2488 πρὸς
1149 2400 1356 2489 ἶτροφὴν
1417 2419 1750 2489 χειμερινήν,
1806 2400 1858 2473 id
1912 2429 2013 2484 est,
2054 2422 2120 2475 ad
2171 2422 2271 2475 ali-

744 2519 976 2563 tmntum
1019 2508 1298 2561 hibernum
1336 2507 1617 2563 baccarum
1649 2495 2007 2579 sylvestrium,
2034 2524 2127 2566 seu
2180 2511 2273 2566 ex-

742 2597 1066 2649 trcmitatum
1094 2596 1340 2658 arborum
1377 2611 1490 2661 eas,
1530 2611 1648 2666 quae
1676 2598 1797 2652 usui
1848 2607 1992 2663 sunt,
2049 2608 2102 2654 et
2152 2615 2272 2669 per—

739 2687 933 2739 durare
969 2693 1213 2753 possunt,
1242 2696 1535 2753 servantes,
1571 2695 1628 2740 ut
1677 2686 1782 2742 illis
1826 2672 2086 2755 victitent,
2139 2698 2271 2746 teste

741 2772 879 2838 Nilo,
917 2771 1126 2825 Narrat.
1158 2788 1229 2837 1v,
1272 2789 1322 2843 p.
1353 2774 1441 2838 46,
1492 2782 1547 2829 et
1588 2775 1804 2830 barbari
1849 2776 2050 2833 Arabes
2113 2792 2270 2848 coge-

740 2864 867 2916 bant
917 2861 1208 2916 monachos
1255 2862 1465 2918 easdem
1518 2863 1619 2919 sibi
1668 2864 1905 2933 deferre;
1968 2867 2087 2922 illos
2134 2868 2270 2923 inter

740 2952 953 3019 quidam
998 2952 1156 3020 jussit
1188 2967 1413 3021 puerum
1442 2953 1839 3019 ministrantem
1884 2955 2102 3012 senibus
2150 2972 2269 3010 mu-

739 3040 924 3094 nacliis
958 3043 1278 3109 συναγαγεῖν
1307 3040 1453 3111 αὐτῷ
1474 3040 1593 3105 τινὰ
1618 3041 1723 3094 τῶν
1748 3042 2075 3112 ἐκχυθέντων
2107 3044 2268 3111 ἀκρο-

737 3130 927 3197 δρύων,
954 3145 1004 3198 p.
1030 3129 1117 3194 ι18,
1154 3130 1399 3199 colligere
1455 3127 1557 3183 sibi
1624 3130 1866 3198 quaedam
1935 3131 2084 3183 humi
2153 3130 2269 3185 fusa

733 3216 969 3287 Iastigia,
999 3233 1091 3273 seu
1135 3217 1471 3279 summitates
1496 3216 1765 3284 arborum,
1826 3227 1941 3271 tum
1983 3218 2269 3284 crudeliter

735 3322 855 3358 cum
899 3308 1209 3361 trucidavit.
1260 3304 1723 3362 Ver-isimillimum
1774 3293 1949 3362 autem
2002 3318 2085 3362 cSt
2156 3309 2269 3360 ine-

736 3395 901 3456 diam,
948 3403 1000 3447 ct
1048 3395 1442 3461 abstinentiam,
1501 3412 1661 3466 quam
1703 3413 1733 3451 a
1782 3399 2059 3453 monachis
2119 3415 2269 3454 usur-

739 3490 914 3545 patam
946 3482 1182 3550 depingit
1215 3484 1325 3554 ipse
1361 3485 1634 3538 detestans
1690 3488 2058 3549 voracitatem,
2091 3496 2144 3540 et
2173 3489 2265 3541 de-

738 3573 887 3625 licias
932 3570 1250 3638 epulonum,
1291 3570 1546 3639 opiparas
1595 3586 1903 3626 mensarum
1982 3573 2269 3628 lautiorum

736 3668 1046 3727 apparatus,
1082 3667 1133 3712 et
1171 3659 1438 3728 liquorum
1481 3661 1761 3716 misturam
1815 3662 1972 3715 simul
2023 3672 2267 3717 contem—

733 3758 1059 3817 peratorum,
1093 3765 1155 3804 ac
1183 3750 1233 3802 in
1261 3748 1508 3816 odorum,
1551 3752 1811 3815 colorum,
1854 3762 1906 3806 et
1946 3752 2261 3821 qualitatum

732 3839 1062 3894 diﬁcrentias
1090 3839 1152 3893 ad
1185 3824 1621 3908 inﬂammandam
1654 3840 1947 3911 libidinem,
1966 3839 2143 3895 Nilum
2172 3836 2267 3896 ob-

732 3944 973 3983 servasse
1008 3944 1127 3982 cum
1166 3928 1458 3992 Theodulo,
1484 3944 1536 4005 p.
1576 3929 1637 3982 51
1689 3939 1740 3982 et
1770 3930 1876 3996 54;
1916 3930 2003 3997 qui
2095 3939 2149 3984 et
2198 3932 2263 3985 ad

735 4022 897 4076 \‘itam
958 4022 1358 4094 sustentandam
1411 4021 1591 4074 crudis
1650 4020 1903 4083 oleribus,
1960 4023 2051 4073 καὶ
2105 4024 2264 4091 ἀκρο-

730 4110 926 4178 δρύοις,
977 4124 1072 4164 seu
1117 4109 1380 4177 capitibus
1422 4118 1723 4163 tenerarum
1766 4109 2010 4178 stirpium
2070 4110 2259 4165 famem

732 4200 992 4253 obsonare
1031 4199 1256 4252 aliorum
1287 4198 1549 4266 exemplo,
1584 4208 1635 4252 et
1673 4198 1815 4251 sitim
1839 4213 1974 4266 aqua
2013 4199 2262 4267 perennis

733 4302 877 4340 vena:
901 4288 1228 4355 restinguere
1258 4288 1490 4342 solitum.

802 4374 1023 4429 Ereuius
1078 4378 1313 4444 quidem,
1366 4377 1474 4431 imo
1522 4377 1687 4437 eremi
1742 4379 2019 4444 permultae
2069 4378 2258 4432 subtus

734 4463 877 4515 Sinai
915 4471 967 4515 et
1008 4461 1146 4517 Oreb
1174 4464 1542 4531 pandebantur
1594 4465 1764 4532 planae
1793 4474 1953 4533 atque
1997 4466 2257 4519 latissime

730 4550 952 4613 tliﬂ‘uste,
985 4564 1101 4618 qua:
1146 4552 1352 4605 diversa
1398 4554 1614 4606 nomina
1660 4555 2014 4608 sortiebantur
2048 4570 2075 4608 a
2124 4550 2257 4608 vici-

731 4642 813 4694 nis
848 4641 1005 4693 etiam
1034 4638 1262 4707 Oppidis,
1317 4647 1370 4693 et
1402 4642 1695 4706 montibus,
1734 4644 1805 4695 uti
1833 4643 2103 4697 desertum
2135 4642 2253 4707 Zi'n,

727 4731 867 4799 quod
895 4738 947 4784 et
990 4729 1190 4794 Cades,
1231 4727 1499 4782 desertum
1556 4728 1784 4791 Pliaran,
1836 4731 2153 4799 cujussuut
2205 4743 2258 4785 et

728 4817 1066 4884 campestria,
1130 4818 1401 4871 desertum
1471 4815 1622 4885 Ziph,
1654 4815 1810 4882 Juda,
1859 4817 2253 4884 ldummm,1u~

727 4907 852 4959 diem
898 4905 1217 4969 Bethlehem,
1248 4905 1503 4977 Engaddi,
1532 4917 1635 4961 etc.
1669 4906 1776 4960 illis
1804 4908 1855 4962 in
1884 4908 2257 4965 solitudinibus

727 4995 880 5065 pauci
915 4995 1013 5047 loci
1064 4999 1358 5065 remotique
1389 4996 1755 5065 deligebantur
1806 4998 1872 5051 ab
1906 4996 1988 5051 his
2026 4996 2114 5064 qui
2148 5014 2256 5052 mo-

728 5083 985 5137 nastieam
1037 5080 1296 5149 degebant
1342 5084 1527 5149 vitam,
1577 5086 1763 5153 procul
1799 5086 1866 5139 ab
1913 5086 2157 5148 urbibus,
2204 5094 2257 5138 et

727 5173 923 5226 civium
966 5168 1323 5235 multitudine,
1383 5189 1449 5228 ne
1480 5178 1729 5244 contagio
1774 5177 2003 5245 quodam
2051 5176 2256 5245 polluc-

727 5270 909 5316 rentur
937 5262 1185 5315 vitiorum
1226 5261 1363 5314 inter
1390 5276 1483 5317 eos
1511 5268 1957 5331 excrescentium,
2007 5268 2079 5319 ibi
2132 5266 2254 5334 qui-

726 5350 847 5403 dam
886 5350 1045 5405 ﬁxere
1066 5351 1166 5406 sibi
1203 5351 1437 5421 tuguria,
1475 5353 1715 5420 μετόχια,
1746 5356 1927 5417 cellas,
1954 5365 2047 5409 aut
2080 5371 2254 5424 παρα-

724 5438 934 5510 λαύρια,
984 5440 1094 5494 sive
1137 5441 1338 5503 lauras,
1385 5440 1450 5493 de
1500 5439 1694 5507 quibus
1730 5441 1993 5498 Conibcﬁs
2039 5444 2092 5497 in
2136 5444 2253 5495 Vita

727 5528 894 5580 sancti
951 5524 1230 5592 Hyacinthi
1274 5527 1603 5591 Amastrcn.,
1637 5541 1685 5595 p.
1727 5528 1841 5593 150,
1891 5531 2043 5597 quasi
2076 5546 2252 5599 maga-

2382 1779 2674 1849 Evangelii,
2708 1787 2761 1837 et
2786 1781 2853 1836 ad
2881 1782 3074 1837 coelum
3106 1782 3354 1853 migravit
3386 1782 3473 1836 die
3524 1781 3589 1835 15
3643 1778 3907 1842 Januarii,

2381 1884 2487 1938 qua
2522 1869 2716 1924 culithr
2742 1870 2860 1938 ejus
2917 1870 3175 1924 memoria
3231 1871 3384 1940 juxta
3440 1868 3581 1923 idem
3640 1868 3906 1937 Many-rel.

2380 1952 2703 2034 Romanum,
2777 1960 2865 2015 ubi
2928 1960 3212 2014 cardiualis
3253 1958 3515 2014 Baronius
3543 1974 3573 2012 e
3614 1958 3773 2028 665
3823 1957 3905 2009 Li-

2378 2062 2633 2118 pomano,
2705 2047 2883 2113 Surio,
2965 2056 3018 2103 et
3071 2045 3371 2116 Nicephoro
3434 2046 3680 2115 Callisto;
3733 2046 3908 2101 ﬂoruit

2379 2139 2520 2193 circa
2574 2153 2771 2193 annum
2826 2136 2886 2194 C.
2920 2134 2987 2201 Ν,
3041 2138 3166 2203 457,
3204 2152 3299 2194 seu
3329 2138 3452 2203 161,
3485 2154 3517 2194 e
3547 2138 3789 2193 Cedreno
3812 2139 3909 2192 sub

2377 2230 2647 2285 Marciano
2698 2230 3039 2300 imperatore,
3082 2229 3212 2299 quin
3251 2236 3305 2283 et
3346 2229 3448 2283 sub
3482 2228 3675 2296 Leone,
3711 2230 3908 2283 dictus-

2376 2335 2481 2390 que
2525 2319 2624 2373 fuit
2659 2328 2712 2374 et
2758 2326 2976 2388 propter
3025 2317 3189 2372 Deum
3236 2332 3457 2387 pauper.
3487 2316 3648 2372 Card.
3682 2305 3907 2371 Sirletus

2376 2411 2494 2479 ejus
2524 2408 2701 2463 Vitam
2750 2423 2781 2464 e
2812 2408 2995 2463 Graeca
3049 2406 3295 2461 Latinam
3344 2407 3577 2462 reddidit
3621 2421 3687 2461 ex
3727 2420 3907 2459 mauu-

2378 2501 2575 2570 scriptu
2618 2500 2927 2555 monasterii
2959 2498 3377 2569 Cryptazl‘erratm
3400 2536 3414 2563 ,
3469 2498 3625 2566 cujus
3661 2505 3845 2551 auctor
3876 2512 3905 2550 a

2376 2590 2647 2648 Galesinio
2686 2591 3022 2645 existimatur
3059 2590 3280 2643 Simeun
3308 2587 3626 2657 Logotheta,
3669 2601 3762 2641 seu
3798 2585 3905 2639 Me-

2377 2684 2705 2752 taphrastes;
2736 2681 3005 2751 antiquior
3032 2688 3280 2736 censetur
3303 2693 3333 2732 a
3381 2677 3659 2742 Bollando,
3686 2676 3808 2745 quia
3849 2689 3909 2729 se

2373 2776 2591 2831 Joannis
2626 2774 2973 2843 .temporibus
3020 2773 3216 2827 vixisse
3273 2771 3485 2837 asserit,
3522 2785 3553 2822 a
3601 2783 3709 2839 quo
3747 2768 3905 2821 Meta-

2373 2866 2615 2935 phrastes
2644 2861 3231 2932 exscripserit.'lncipit
3267 2859 3375 2913 Viri
3398 2860 3532 2927 justi
3571 2860 3707 2912 Vita.
3738 2858 3903 2911 Vitam

2374 2957 2530 3010 aliam
2570 2969 2600 3008 e
2638 2952 2889 3007 Vaticano
2938 2950 3227 3019 exemplari
3276 2948 3463 3002 Latine
3494 2946 3703 3002 versam
3748 2946 3905 2999 edidit

2370 3046 2472 3098 alia
2530 3045 2822 3112 puriorem,
2880 3051 2938 3096 ut
2969 3049 3141 3111 putat,
3191 3039 3552 3109 nosweydus;
3594 3038 3711 3109 ejus
3749 3052 3903 3092 exor-

2370 3134 2515 3187 dium
2548 3140 2647 3193 est,
2680 3130 2779 3183 Res
2809 3138 2881 3184 est
2901 3146 3023 3183 sane
3053 3130 3342 3198 tyrannica.
3369 3129 3677 3197 Comperies
3703 3138 3903 3182 utram-

2370 3237 2473 3290 que
2525 3220 2666 3289 apud
2706 3214 3037 3273 Bollandum.
3066 3218 3361 3275 Chimetius
3398 3220 3453 3273 in
3485 3218 3695 3279 Bisunt.
3732 3220 3900 3289 antiq.

2368 3313 2432 3367 ad
2485 3325 2684 3364 annum
2718 3308 2862 3365 C.N.
2896 3309 3050 3372 15°21,
3081 3308 3166 3362 die
3194 3308 3256 3359 17
3300 3309 3518 3376 Aprilis,
3555 3309 3717 3363 refert
3744 3298 3902 3363 de'ca-

2368 3417 2495 3455 num
2552 3398 2801 3455 Ecclesiae
2852 3397 3143 3451 Bisuntinaa
3194 3396 3420 3451 missum
3474 3393 3641 3450 fuisse
3671 3397 3735 3449 ad
3766 3398 3903 3450 duos

2366 3491 2579 3544 Graecos
2620 3489 2919 3556 episcopos,
2950 3486 3298 3549 Aveuionem,
3341 3494 3399 3539 ut
3428 3486 3903 3553 interpretarentur

2366 3578 2763 3643 inscriptionem
2829 3576 3065 3629 Graecam
3127 3576 3312 3638 thecae,
3375 3576 3465 3629 ubi
3516 3583 3675 3644 caput
3728 3574 3901 3646 sancti

2362 3666 2585 3720 Joannis
2622 3664 2873 3734 Calybitee
2910 3663 3207 3715 Bisuntium
3238 3666 3577 3731 deportatum
3607 3664 3782 3718 fuerat
3817 3666 3902 3717 in-

2365 3757 2569 3811 clusum
2600 3773 2612 3808 :
2650 3754 2889 3823 ejusdem
2921 3751 3055 3807 Vitae
3086 3750 3469 3819 Compendium
3505 3753 3662 3805 estin
3697 3752 3900 3806 Menam

2362 3866 2465 3905 ms.
2506 3849 2640 3914 Bibi.
2699 3848 2799 3901 BB.
2837 3864 2891 3917 p.
2924 3845 3044 3908 158,
3092 3854 3215 3913 post
3254 3842 3356 3897 Nili
3389 3846 3467 3906 εἰς
3496 3842 3593 3911 τὴν
3621 3843 3900 3912 ἀναίρεσιν

2360 3939 2619 4007 διήγημα,
2676 3952 2731 4005 p.
2762 3936 2847 3990 99.
2899 3934 3001 3987 Alii
3052 3933 3297 3987 monachi
3351 3942 3619 4001 utcunque
3646 3932 3902 3985 vivebant

2359 4029 2459 4084 sub
2504 4024 2695 4081 n'ativis
2737 4034 3013 4079 antrorum
3046 4024 3217 4089 tectis,
3248 4023 3404 4092 pauci
3438 4023 3763 4078 frumentum
3797 4037 3900 4076 no—

2358 4125 2498 4181 rant,
2559 4130 2808 4169 nummus
2843 4113 3068 4169 Caesaris
3100 4112 3446 4182 ignorabatur
3484 4110 3771 4181 (Synesius
3802 4124 3900 4163 no.

2358 4224 2478 4263 men
2516 4208 2755 4275 ignotum
2804 4205 2965 4259 tradit
2994 4203 3392 4272 imperatorum,
3432 4216 3531 4255 nec
3558 4202 3665 4256 ullo
3692 4209 3814 4255 erat
3846 4202 3898 4253 in
3943 4263 3947 4266 ι

2262 4297 2333 4351 κι)
2365 4300 2517 4365 usu);
2551 4297 2696 4349 olera
2731 4305 2782 4349 et
2822 4295 3000 4348 baccas
3027 4307 3357 4347 summarum
3403 4291 3647 4360 stirpium
3704 4302 3901 4344 mutuo

2360 4383 2725 4443 tradebantur,
2766 4381 2905 4432 inter
2954 4393 3044 4431 eos
3092 4393 3246 4431 rarus
3283 4376 3459 4446 panis,
3493 4378 3635 4430 nulla
3665 4376 3781 4432 illic
3813 4379 3902 4431 in.

2358 4468 2518 4532 vidia,
2567 4466 2711 4517 nulla
2764 4464 3002 4517 ambitio.
3038 4463 3313 4519 Desertum
3344 4465 3504 4517 etiam
3534 4463 3755 4517 Thecue
3789 4479 3899 4518 non

2360 4555 2511 4621 longe
2556 4554 2622 4605 ab
2672 4551 2900 4605 llerudio
2932 4552 3067 4615 vico,
3104 4566 3200 4604 seu
3226 4552 3467 4614 castello,
3498 4565 3669 4618 neque
3704 4552 3905 4620 procul

2359 4642 2424 4695 ab
2463 4640 2859 4709 Hierosolymis,
2909 4642 2979 4691 ita
3022 4651 3389 4707 nuncupatum
3420 4654 3449 4691 a
3481 4638 3695 4694 Thecue
3745 4641 3899 4704 vico,

2357 4732 2466 4783 sive
2508 4728 2639 4781 urbe
2679 4736 2943 4792 montosa,
2992 4726 3145 4795 cujus
3185 4740 3311 4794 ager
3353 4725 3502 4779 ferax
3540 4736 3623 4781 est
3644 4727 3902 4783 olearum

2357 4834 2517 4894 prope
2539 4819 2787 4872 Arabiam
2810 4836 2822 4871 :
2845 4818 3074 4871 solitudo
3093 4824 3191 4880 est,
3224 4830 3341 4883 quae
3363 4830 3391 4869 a
3418 4815 3729 4872 Bethlehem
3761 4820 3904 4874 Juda

2355 4921 2630 4977 separatur
2645 4907 2676 4960 6
2700 4922 2793 4960 seu
2817 4908 2847 4956 7
2869 4906 3136 4966 milliario,
3157 4906 3291 4959 etab
3308 4905 3689 4977 Hierosolymis
3716 4924 3900 4973 nono;

2354 5017 2417 5055 ex
2456 4998 2684 5066 Josepho
2728 4995 2865 5049 Belli
2895 4994 3125 5059 Iudaici,
3158 4995 3252 5049 lib.
3284 5012 3377 5062 νη,
3408 5012 3456 5052 c.
3485 4998 3574 5060 25,
3614 5005 3669 5050 et
3709 5001 3901 5068 Antiq.

2353 5089 2564 5143 Iudaic.
2585 5089 2678 5142 lib.
2714 5102 2855 5149 tx,c.
2894 5087 2941 5138 1.
2971 5086 3133 5159 Amos
3166 5087 3422 5155 propheta
3447 5087 3499 5157 in
3531 5086 3728 5142 diebus
3758 5087 3906 5141 Ozias

2354 5178 2491 5245 regis
2541 5175 2695 5240 Juda,
2730 5183 2781 5228 et
2816 5172 3095 5228 Jeroboam
3132 5175 3223 5229 filii
3256 5175 3379 5229 Joas
3407 5174 3545 5244 regis
3572 5177 3747 5230 Israel
3779 5186 3906 5234 ante

2353 5265 2487 5319 duos
2525 5278 2696 5318 annos
2719 5271 3204 5338 terraemotus,_c.t,
3237 5277 3365 5326 etc.
3402 5277 3494 5326 vn,
3528 5280 3578 5317 v.
3614 5265 3709 5328 14,
3749 5266 3907 5319 aitse

2353 5350 2405 5404 in
2424 5351 2719 5417 pastoribus
2744 5352 2804 5403 de
2821 5350 3029 5408 Thecue
3052 5351 3212 5404 fuisse
3228 5350 3607 5403 armentarium
3631 5350 3906 5403 vellican-

2354 5448 2455 5491 tetn
2476 5451 2867 5509 syecnnoros,ct
2883 5441 3103 5513 electum
3126 5457 3153 5492 a
3177 5440 3402 5503 Domino
3427 5456 3545 5494 cum
3566 5450 3905 5508 sequeretur

2356 5543 2560 5597 gregem
2590 5547 2604 5595 ;
2637 5529 2847 5584 Thecue
2881 5525 3088 5597 quoque
3122 5530 3219 5583 fuit
3250 5532 3417 5599 patria
3456 5530 3714 5586 llabacuc
3775 5545 3905 5600 pro-
