  <div class='ocr_page' id='page_1' title='image "/cluster/home/n/w/nwhite01/storage/ocr_20150623/79/pst.000005712786/754.png"; bbox 0 0 4122 6338; ppageno 0'>
   <div class='ocr_carea' id='block_1_1' title="bbox 155 353 270 416">
    <p class='ocr_par' dir='ltr' id='par_1_1' title="bbox 155 353 270 416">
     <span class='ocr_line' id='line_1_1' title="bbox 155 353 270 416; baseline -0.017 0"><span class='ocrx_word' id='word_1_1' title='bbox 155 353 270 416; x_wconf 77' lang='grc'><strong>1393</strong></span> 
     </span>
    </p>
   </div>
   <div class='ocr_carea' id='block_1_2' title="bbox 1410 356 2004 448">
    <p class='ocr_par' dir='ltr' id='par_1_2' title="bbox 1410 356 2004 448">
     <span class='ocr_line' id='line_1_2' title="bbox 1410 356 2004 448; baseline -0.003 -30"><span class='ocrx_word' id='word_1_2' title='bbox 1410 360 1508 418; x_wconf 87' lang='lat' dir='ltr'><strong>DE</strong></span> <span class='ocrx_word' id='word_1_3' title='bbox 1539 356 1704 448; x_wconf 34' lang='lat' dir='ltr'><strong>v‘rrtt</strong></span> <span class='ocrx_word' id='word_1_4' title='bbox 1738 359 1796 416; x_wconf 89' lang='lat' dir='ltr'><strong>s.</strong></span> <span class='ocrx_word' id='word_1_5' title='bbox 1837 357 2004 417; x_wconf 80' lang='lat' dir='ltr'><strong>NlLl‘</strong></span> 
     </span>
    </p>
   </div>
   <div class='ocr_carea' id='block_1_3' title="bbox 3183 345 3315 405">
    <p class='ocr_par' dir='ltr' id='par_1_3' title="bbox 3183 345 3315 405">
     <span class='ocr_line' id='line_1_3' title="bbox 3183 345 3315 405; baseline 0 -1"><span class='ocrx_word' id='word_1_6' title='bbox 3183 345 3315 405; x_wconf 53' lang='lat'><strong>139$</strong></span> 
     </span>
    </p>
   </div>
   <div class='ocr_carea' id='block_1_4' title="bbox 153 455 3314 535">
    <p class='ocr_par' dir='ltr' id='par_1_4' title="bbox 153 455 3314 535">
     <span class='ocr_line' id='line_1_4' title="bbox 153 455 3314 535; baseline 0 -21"><span class='ocrx_word' id='word_1_7' title='bbox 153 463 328 532; x_wconf 57' lang='lat' dir='ltr'><strong>pheta,</strong></span> <span class='ocrx_word' id='word_1_8' title='bbox 379 467 434 514; x_wconf 90' lang='lat' dir='ltr'><strong>et</strong></span> <span class='ocrx_word' id='word_1_9' title='bbox 477 460 719 515; x_wconf 86' lang='lat' dir='ltr'><strong>mulieris</strong></span> <span class='ocrx_word' id='word_1_10' title='bbox 773 463 1030 532; x_wconf 74' lang='lat' dir='ltr'><strong>sapientis</strong></span> <span class='ocrx_word' id='word_1_11' title='bbox 1064 465 1393 520; x_wconf 84' lang='lat' dir='ltr'><strong>Thecuilidis</strong></span> <span class='ocrx_word' id='word_1_12' title='bbox 1426 465 1547 520; x_wconf 83' lang='lat' dir='ltr'><strong>inde</strong></span> <span class='ocrx_word' id='word_1_13' title='bbox 1583 481 1679 535; x_wconf 89' lang='lat' dir='ltr'><strong>ap-</strong></span> <span class='ocrx_word' id='word_1_14' title='bbox 1711 471 1753 523; x_wconf 84' lang='lat' dir='ltr'><strong>A</strong></span> <span class='ocrx_word' id='word_1_15' title='bbox 1845 465 1997 520; x_wconf 85' lang='lat' dir='ltr'><strong>Nilus</strong></span> <span class='ocrx_word' id='word_1_16' title='bbox 2027 463 2244 535; x_wconf 89' lang='lat' dir='ltr'><strong>quidem</strong></span> <span class='ocrx_word' id='word_1_17' title='bbox 2261 476 2403 519; x_wconf 91' lang='lat' dir='ltr'><strong>anno</strong></span> <span class='ocrx_word' id='word_1_18' title='bbox 2420 461 2618 517; x_wconf 91' lang='lat' dir='ltr'><strong>Christi</strong></span> <span class='ocrx_word' id='word_1_19' title='bbox 2645 457 2767 524; x_wconf 73' lang='lat' dir='ltr'><strong>H0;</strong></span> <span class='ocrx_word' id='word_1_20' title='bbox 2819 472 2925 528; x_wconf 88' lang='lat' dir='ltr'><strong>quo</strong></span> <span class='ocrx_word' id='word_1_21' title='bbox 2954 455 3190 514; x_wconf 81' lang='lat' dir='ltr'><strong>incursio</strong></span> <span class='ocrx_word' id='word_1_22' title='bbox 3215 455 3314 509; x_wconf 79' lang='lat' dir='ltr'><strong>Sa-</strong></span> 
     </span>
    </p>
   </div>
   <div class='ocr_carea' id='block_1_5' title="bbox 153 553 1676 622">
    <p class='ocr_par' dir='ltr' id='par_1_5' title="bbox 153 553 1676 622">
     <span class='ocr_line' id='line_1_5' title="bbox 153 553 1676 622; baseline 0.003 -15"><span class='ocrx_word' id='word_1_23' title='bbox 153 554 359 622; x_wconf 63' lang='lat' dir='ltr'><strong>pellatx,</strong></span> <span class='ocrx_word' id='word_1_24' title='bbox 411 567 532 620; x_wconf 64' lang='lat' dir='ltr'><strong>quat</strong></span> <span class='ocrx_word' id='word_1_25' title='bbox 578 553 810 621; x_wconf 73' lang='lat' dir='ltr'><strong>placavit</strong></span> <span class='ocrx_word' id='word_1_26' title='bbox 854 554 1106 609; x_wconf 88' lang='lat' dir='ltr'><strong>Davidem</strong></span> <span class='ocrx_word' id='word_1_27' title='bbox 1142 557 1333 610; x_wconf 85' lang='lat' dir='ltr'><strong>iratum</strong></span> <span class='ocrx_word' id='word_1_28' title='bbox 1370 558 1478 612; x_wconf 87' lang='lat' dir='ltr'><strong>ﬁlio</strong></span> <span class='ocrx_word' id='word_1_29' title='bbox 1505 558 1676 613; x_wconf 83' lang='lat' dir='ltr'><strong>Absa-</strong></span> 
     </span>
    </p>
   </div>
   <div class='ocr_carea' id='block_1_6' title="bbox 151 641 1674 720">
    <p class='ocr_par' dir='ltr' id='par_1_6' title="bbox 151 641 1674 720">
     <span class='ocr_line' id='line_1_6' title="bbox 151 641 1674 720; baseline 0.004 -24"><span class='ocrx_word' id='word_1_30' title='bbox 151 642 272 706; x_wconf 92' lang='lat' dir='ltr'><strong>loni,</strong></span> <span class='ocrx_word' id='word_1_31' title='bbox 307 642 398 710; x_wconf 90' lang='lat' dir='ltr'><strong>qui</strong></span> <span class='ocrx_word' id='word_1_32' title='bbox 421 641 639 696; x_wconf 79' lang='lat' dir='ltr'><strong>fratrem</strong></span> <span class='ocrx_word' id='word_1_33' title='bbox 666 660 823 698; x_wconf 89' lang='lat' dir='ltr'><strong>suum</strong></span> <span class='ocrx_word' id='word_1_34' title='bbox 865 645 1097 700; x_wconf 81' lang='lat' dir='ltr'><strong>Ammon</strong></span> <span class='ocrx_word' id='word_1_35' title='bbox 1123 649 1410 712; x_wconf 89' lang='lat' dir='ltr'><strong>occiderat,</strong></span> <span class='ocrx_word' id='word_1_36' title='bbox 1446 650 1506 704; x_wconf 92' lang='lat' dir='ltr'><strong>ll.</strong></span> <span class='ocrx_word' id='word_1_37' title='bbox 1545 650 1674 720; x_wconf 76' lang='lat' dir='ltr'><strong>Reg.</strong></span> 
     </span>
    </p>
   </div>
   <div class='ocr_carea' id='block_1_7' title="bbox 147 730 1677 807">
    <p class='ocr_par' dir='ltr' id='par_1_7' title="bbox 147 730 1677 807">
     <span class='ocr_line' id='line_1_7' title="bbox 147 730 1677 807; baseline 0.007 -23"><span class='ocrx_word' id='word_1_38' title='bbox 147 746 265 807; x_wconf 66' lang='lat' dir='ltr'><strong>nr,</strong></span> <span class='ocrx_word' id='word_1_39' title='bbox 287 730 377 783; x_wconf 90' lang='lat' dir='ltr'><strong>ubi</strong></span> <span class='ocrx_word' id='word_1_40' title='bbox 424 730 706 786; x_wconf 84' lang='lat' dir='ltr'><strong>Cornelius</strong></span> <span class='ocrx_word' id='word_1_41' title='bbox 729 749 757 786; x_wconf 93' lang='lat' dir='ltr'><strong>a</strong></span> <span class='ocrx_word' id='word_1_42' title='bbox 787 733 1005 802; x_wconf 82' lang='lat' dir='ltr'><strong>Lapide,</strong></span> <span class='ocrx_word' id='word_1_43' title='bbox 1042 735 1252 791; x_wconf 83' lang='lat' dir='ltr'><strong>RulIino</strong></span> <span class='ocrx_word' id='word_1_44' title='bbox 1284 739 1486 807; x_wconf 88' lang='lat' dir='ltr'><strong>Tapha,</strong></span> <span class='ocrx_word' id='word_1_45' title='bbox 1525 739 1677 795; x_wconf 85' lang='lat' dir='ltr'><strong>Jose-</strong></span> 
     </span>
    </p>
   </div>
   <div class='ocr_carea' id='block_1_8' title="bbox 149 801 1677 904">
    <p class='ocr_par' dir='ltr' id='par_1_8' title="bbox 149 801 1677 904">
     <span class='ocr_line' id='line_1_8' title="bbox 149 801 1677 904; baseline 0.01 -34"><span class='ocrx_word' id='word_1_46' title='bbox 149 801 265 885; x_wconf 79' lang='lat' dir='ltr'><strong>pho,</strong></span> <span class='ocrx_word' id='word_1_47' title='bbox 293 819 386 895; x_wconf 81' lang='lat' dir='ltr'><strong>lib.</strong></span> <span class='ocrx_word' id='word_1_48' title='bbox 420 835 512 873; x_wconf 86' lang='lat' dir='ltr'><strong>vm</strong></span> <span class='ocrx_word' id='word_1_49' title='bbox 549 822 732 891; x_wconf 81' lang='lat' dir='ltr'><strong>Antiq.</strong></span> <span class='ocrx_word' id='word_1_50' title='bbox 764 801 929 887; x_wconf 69' lang='grc' dir='ltr'><strong>Θὲκὸς</strong></span> <span class='ocrx_word' id='word_1_51' title='bbox 955 825 1008 878; x_wconf 93' lang='lat' dir='ltr'><strong>in</strong></span> <span class='ocrx_word' id='word_1_52' title='bbox 1046 824 1164 904; x_wconf 64' lang='lat' dir='ltr'><strong>vna</strong></span> <span class='ocrx_word' id='word_1_53' title='bbox 1198 842 1292 881; x_wconf 87' lang='lat' dir='ltr'><strong>sua</strong></span> <span class='ocrx_word' id='word_1_54' title='bbox 1322 801 1520 892; x_wconf 59' lang='grc' dir='ltr'><strong>Θὲκυᾲ,</strong></span> <span class='ocrx_word' id='word_1_55' title='bbox 1551 831 1677 884; x_wconf 90' lang='lat' dir='ltr'><strong>olim</strong></span> 
     </span>
    </p>
   </div>
   <div class='ocr_carea' id='block_1_9' title="bbox 147 908 643 981">
    <p class='ocr_par' dir='ltr' id='par_1_9' title="bbox 147 908 643 981">
     <span class='ocr_line' id='line_1_9' title="bbox 147 908 643 981; baseline 0.01 -20"><span class='ocrx_word' id='word_1_56' title='bbox 147 908 386 981; x_wconf 83' lang='lat' dir='ltr'><strong>Thecuah</strong></span> <span class='ocrx_word' id='word_1_57' title='bbox 407 911 643 967; x_wconf 88' lang='lat' dir='ltr'><strong>Pererio.</strong></span> 
     </span>
    </p>
   </div>
   <div class='ocr_carea' id='block_1_10' title="bbox 212 996 1681 1076">
    <p class='ocr_par' dir='ltr' id='par_1_10' title="bbox 212 996 1681 1076">
     <span class='ocr_line' id='line_1_10' title="bbox 212 996 1681 1076; baseline 0.009 -27"><span class='ocrx_word' id='word_1_58' title='bbox 212 996 282 1050; x_wconf 87' lang='lat' dir='ltr'><strong>Eo</strong></span> <span class='ocrx_word' id='word_1_59' title='bbox 306 998 359 1052; x_wconf 92' lang='lat' dir='ltr'><strong>in</strong></span> <span class='ocrx_word' id='word_1_60' title='bbox 387 1000 596 1054; x_wconf 85' lang='lat' dir='ltr'><strong>deserto</strong></span> <span class='ocrx_word' id='word_1_61' title='bbox 620 1005 1090 1072; x_wconf 86' lang='lat' dir='ltr'><strong>commorahantur</strong></span> <span class='ocrx_word' id='word_1_62' title='bbox 1118 1008 1385 1071; x_wconf 83' lang='lat' dir='ltr'><strong>monachi,</strong></span> <span class='ocrx_word' id='word_1_63' title='bbox 1411 1009 1502 1076; x_wconf 88' lang='lat' dir='ltr'><strong>qui</strong></span> <span class='ocrx_word' id='word_1_64' title='bbox 1526 1025 1554 1061; x_wconf 90' lang='lat' dir='ltr'><strong>a</strong></span> <span class='ocrx_word' id='word_1_65' title='bbox 1584 1007 1681 1062; x_wconf 90' lang='lat' dir='ltr'><strong>Sa-</strong></span> 
     </span>
    </p>
   </div>
   <div class='ocr_carea' id='block_1_11' title="bbox 147 1090 1680 1163">
    <p class='ocr_par' dir='ltr' id='par_1_11' title="bbox 147 1090 1680 1163">
     <span class='ocr_line' id='line_1_11' title="bbox 147 1090 1680 1163; baseline 0.008 -23"><span class='ocrx_word' id='word_1_66' title='bbox 147 1090 350 1143; x_wconf 89' lang='lat' dir='ltr'><strong>racenis</strong></span> <span class='ocrx_word' id='word_1_67' title='bbox 401 1091 656 1145; x_wconf 89' lang='lat' dir='ltr'><strong>trucidati</strong></span> <span class='ocrx_word' id='word_1_68' title='bbox 710 1092 960 1160; x_wconf 87' lang='lat' dir='ltr'><strong>fuerunt;</strong></span> <span class='ocrx_word' id='word_1_69' title='bbox 1008 1097 1457 1163; x_wconf 87' lang='lat' dir='ltr'><strong>quemadmodum</strong></span> <span class='ocrx_word' id='word_1_70' title='bbox 1498 1109 1680 1153; x_wconf 86' lang='lat' dir='ltr'><strong>narrat</strong></span> 
     </span>
    </p>
   </div>
   <div class='ocr_carea' id='block_1_12' title="bbox 142 1177 1681 1251">
    <p class='ocr_par' dir='ltr' id='par_1_12' title="bbox 142 1177 1681 1251">
     <span class='ocr_line' id='line_1_12' title="bbox 142 1177 1681 1251; baseline 0.006 -19"><span class='ocrx_word' id='word_1_71' title='bbox 142 1177 444 1244; x_wconf 82' lang='lat' dir='ltr'><strong>Cassianus,</strong></span> <span class='ocrx_word' id='word_1_72' title='bbox 476 1182 568 1235; x_wconf 89' lang='lat' dir='ltr'><strong>lib.</strong></span> <span class='ocrx_word' id='word_1_73' title='bbox 602 1198 654 1234; x_wconf 88' lang='lat' dir='ltr'><strong>tv</strong></span> <span class='ocrx_word' id='word_1_74' title='bbox 683 1184 758 1236; x_wconf 89' lang='lat' dir='ltr'><strong>De</strong></span> <span class='ocrx_word' id='word_1_75' title='bbox 787 1185 891 1236; x_wconf 82' lang='lat' dir='ltr'><strong>vita</strong></span> <span class='ocrx_word' id='word_1_76' title='bbox 932 1183 1172 1251; x_wconf 79' lang='lat' dir='ltr'><strong>Patrum,</strong></span> <span class='ocrx_word' id='word_1_77' title='bbox 1204 1187 1426 1240; x_wconf 89' lang='lat' dir='ltr'><strong>relatum</strong></span> <span class='ocrx_word' id='word_1_78' title='bbox 1459 1203 1488 1242; x_wconf 94' lang='lat' dir='ltr'><strong>e</strong></span> <span class='ocrx_word' id='word_1_79' title='bbox 1517 1189 1681 1242; x_wconf 89' lang='lat' dir='ltr'><strong>colla-</strong></span> 
     </span>
    </p>
   </div>
   <div class='ocr_carea' id='block_1_13' title="bbox 145 1268 1676 1342">
    <p class='ocr_par' dir='ltr' id='par_1_13' title="bbox 145 1268 1676 1342">
     <span class='ocr_line' id='line_1_13' title="bbox 145 1268 1676 1342; baseline 0.008 -23"><span class='ocrx_word' id='word_1_80' title='bbox 145 1268 283 1322; x_wconf 85' lang='lat' dir='ltr'><strong>tione</strong></span> <span class='ocrx_word' id='word_1_81' title='bbox 336 1280 486 1324; x_wconf 79' lang='lat' dir='ltr'><strong>sexta</strong></span> <span class='ocrx_word' id='word_1_82' title='bbox 537 1271 602 1325; x_wconf 93' lang='lat' dir='ltr'><strong>de</strong></span> <span class='ocrx_word' id='word_1_83' title='bbox 656 1287 784 1326; x_wconf 87' lang='lat' dir='ltr'><strong>nece</strong></span> <span class='ocrx_word' id='word_1_84' title='bbox 837 1271 1057 1328; x_wconf 87' lang='lat' dir='ltr'><strong>Patrum</strong></span> <span class='ocrx_word' id='word_1_85' title='bbox 1106 1291 1200 1330; x_wconf 88' lang='lat' dir='ltr'><strong>seu</strong></span> <span class='ocrx_word' id='word_1_86' title='bbox 1248 1287 1579 1342; x_wconf 92' lang='lat' dir='ltr'><strong>sanctorum,</strong></span> <span class='ocrx_word' id='word_1_87' title='bbox 1615 1294 1676 1332; x_wconf 80' lang='lat' dir='ltr'><strong>ex</strong></span> 
     </span>
    </p>
   </div>
   <div class='ocr_carea' id='block_1_14' title="bbox 143 1357 1681 1436">
    <p class='ocr_par' dir='ltr' id='par_1_14' title="bbox 143 1357 1681 1436">
     <span class='ocr_line' id='line_1_14' title="bbox 143 1357 1681 1436; baseline 0.007 -26"><span class='ocrx_word' id='word_1_88' title='bbox 143 1357 417 1413; x_wconf 83' lang='lat' dir='ltr'><strong>Theodoro</strong></span> <span class='ocrx_word' id='word_1_89' title='bbox 464 1361 676 1427; x_wconf 88' lang='lat' dir='ltr'><strong>abbate,</strong></span> <span class='ocrx_word' id='word_1_90' title='bbox 721 1362 893 1429; x_wconf 86' lang='lat' dir='ltr'><strong>deque</strong></span> <span class='ocrx_word' id='word_1_91' title='bbox 947 1365 1032 1432; x_wconf 88' lang='lat' dir='ltr'><strong>pia</strong></span> <span class='ocrx_word' id='word_1_92' title='bbox 1085 1368 1480 1422; x_wconf 77' lang='lat' dir='ltr'><strong>concertatione</strong></span> <span class='ocrx_word' id='word_1_93' title='bbox 1522 1382 1681 1436; x_wconf 85' lang='lat' dir='ltr'><strong>super</strong></span> 
     </span>
    </p>
   </div>
   <div class='ocr_carea' id='block_1_15' title="bbox 142 1447 1680 1523">
    <p class='ocr_par' dir='ltr' id='par_1_15' title="bbox 142 1447 1680 1523">
     <span class='ocr_line' id='line_1_15' title="bbox 142 1447 1680 1523; baseline 0.005 -21"><span class='ocrx_word' id='word_1_94' title='bbox 142 1459 446 1504; x_wconf 82' lang='lat' dir='ltr'><strong>sanctorum</strong></span> <span class='ocrx_word' id='word_1_95' title='bbox 483 1447 726 1521; x_wconf 87' lang='lat' dir='ltr'><strong>reliquiis</strong></span> <span class='ocrx_word' id='word_1_96' title='bbox 779 1454 850 1507; x_wconf 86' lang='lat' dir='ltr'><strong>ibi</strong></span> <span class='ocrx_word' id='word_1_97' title='bbox 885 1454 1012 1523; x_wconf 83' lang='lat' dir='ltr'><strong>agit.</strong></span> <span class='ocrx_word' id='word_1_98' title='bbox 1047 1454 1110 1510; x_wconf 90' lang='lat' dir='ltr'><strong>Et</strong></span> <span class='ocrx_word' id='word_1_99' title='bbox 1160 1457 1302 1512; x_wconf 82' lang='lat' dir='ltr'><strong>hunc</strong></span> <span class='ocrx_word' id='word_1_100' title='bbox 1340 1458 1532 1512; x_wconf 88' lang='lat' dir='ltr'><strong>librutn</strong></span> <span class='ocrx_word' id='word_1_101' title='bbox 1563 1474 1680 1513; x_wconf 90' lang='lat' dir='ltr'><strong>esse</strong></span> 
     </span>
    </p>
   </div>
   <div class='ocr_carea' id='block_1_16' title="bbox 140 1542 1680 1616">
    <p class='ocr_par' dir='ltr' id='par_1_16' title="bbox 140 1542 1680 1616">
     <span class='ocr_line' id='line_1_16' title="bbox 140 1542 1680 1616; baseline 0.007 -23"><span class='ocrx_word' id='word_1_102' title='bbox 140 1542 384 1610; x_wconf 82' lang='lat' dir='ltr'><strong>suspicor</strong></span> <span class='ocrx_word' id='word_1_103' title='bbox 431 1542 699 1607; x_wconf 85' lang='lat' dir='ltr'><strong>Theodori</strong></span> <span class='ocrx_word' id='word_1_104' title='bbox 752 1546 987 1616; x_wconf 83' lang='lat' dir='ltr'><strong>episcopi</strong></span> <span class='ocrx_word' id='word_1_105' title='bbox 1017 1546 1264 1603; x_wconf 71' lang='lat' dir='ltr'><strong>Massilia:</strong></span> <span class='ocrx_word' id='word_1_106' title='bbox 1293 1551 1356 1603; x_wconf 90' lang='lat' dir='ltr'><strong>de</strong></span> <span class='ocrx_word' id='word_1_107' title='bbox 1377 1551 1680 1604; x_wconf 89' lang='lat' dir='ltr'><strong>certamini-</strong></span> 
     </span>
    </p>
   </div>
   <div class='ocr_carea' id='block_1_17' title="bbox 141 1631 1681 1702">
    <p class='ocr_par' dir='ltr' id='par_1_17' title="bbox 141 1631 1681 1702">
     <span class='ocr_line' id='line_1_17' title="bbox 141 1631 1681 1702; baseline 0.007 -19"><span class='ocrx_word' id='word_1_108' title='bbox 141 1631 242 1685; x_wconf 88' lang='lat' dir='ltr'><strong>bus</strong></span> <span class='ocrx_word' id='word_1_109' title='bbox 291 1641 606 1702; x_wconf 83' lang='lat' dir='ltr'><strong>martyrum,</strong></span> <span class='ocrx_word' id='word_1_110' title='bbox 635 1648 795 1702; x_wconf 86' lang='lat' dir='ltr'><strong>quem</strong></span> <span class='ocrx_word' id='word_1_111' title='bbox 844 1643 1058 1691; x_wconf 83' lang='lat' dir='ltr'><strong>exstare</strong></span> <span class='ocrx_word' id='word_1_112' title='bbox 1091 1637 1143 1692; x_wconf 91' lang='lat' dir='ltr'><strong>in</strong></span> <span class='ocrx_word' id='word_1_113' title='bbox 1177 1639 1551 1694; x_wconf 81' lang='lat' dir='ltr'><strong>vetustissimis</strong></span> <span class='ocrx_word' id='word_1_114' title='bbox 1578 1638 1681 1694; x_wconf 87' lang='lat' dir='ltr'><strong>Ec-</strong></span> 
     </span>
    </p>
   </div>
   <div class='ocr_carea' id='block_1_18' title="bbox 138 1714 1691 1790">
    <p class='ocr_par' dir='ltr' id='par_1_18' title="bbox 138 1714 1691 1790">
     <span class='ocr_line' id='line_1_18' title="bbox 138 1714 1691 1790; baseline 0.007 -17"><span class='ocrx_word' id='word_1_115' title='bbox 138 1723 312 1776; x_wconf 67' lang='lat' dir='ltr'><strong>clesiae</strong></span> <span class='ocrx_word' id='word_1_116' title='bbox 347 1714 680 1790; x_wconf 79' lang='lat' dir='ltr'><strong>Bergomatis</strong></span> <span class='ocrx_word' id='word_1_117' title='bbox 723 1729 1088 1780; x_wconf 87' lang='lat' dir='ltr'><strong>monumentis</strong></span> <span class='ocrx_word' id='word_1_118' title='bbox 1118 1734 1343 1782; x_wconf 76' lang='lat' dir='ltr'><strong>testatur</strong></span> <span class='ocrx_word' id='word_1_119' title='bbox 1378 1719 1691 1784; x_wconf 89' lang='lat' dir='ltr'><strong>Galesinius</strong></span> 
     </span>
    </p>
   </div>
   <div class='ocr_carea' id='block_1_19' title="bbox 139 1812 1675 1885">
    <p class='ocr_par' dir='ltr' id='par_1_19' title="bbox 139 1812 1675 1885">
     <span class='ocr_line' id='line_1_19' title="bbox 139 1812 1675 1885; baseline 0.007 -23"><span class='ocrx_word' id='word_1_120' title='bbox 139 1812 192 1862; x_wconf 88' lang='lat' dir='ltr'><strong>in</strong></span> <span class='ocrx_word' id='word_1_121' title='bbox 225 1812 647 1869; x_wconf 82' lang='lat' dir='ltr'><strong>adnotationibus</strong></span> <span class='ocrx_word' id='word_1_122' title='bbox 673 1815 739 1868; x_wconf 91' lang='lat' dir='ltr'><strong>ad</strong></span> <span class='ocrx_word' id='word_1_123' title='bbox 785 1812 1128 1885; x_wconf 75' lang='lat' dir='ltr'><strong>Martyrolog.</strong></span> <span class='ocrx_word' id='word_1_124' title='bbox 1160 1832 1209 1868; x_wconf 92' lang='lat' dir='ltr'><strong>tv</strong></span> <span class='ocrx_word' id='word_1_125' title='bbox 1231 1815 1366 1870; x_wconf 88' lang='lat' dir='ltr'><strong>Non.</strong></span> <span class='ocrx_word' id='word_1_126' title='bbox 1399 1817 1675 1884; x_wconf 85' lang='lat' dir='ltr'><strong>Januarii;</strong></span> 
     </span>
    </p>
   </div>
   <div class='ocr_carea' id='block_1_20' title="bbox 139 1899 1680 1978">
    <p class='ocr_par' dir='ltr' id='par_1_20' title="bbox 139 1899 1680 1978">
     <span class='ocr_line' id='line_1_20' title="bbox 139 1899 1680 1978; baseline 0.009 -29"><span class='ocrx_word' id='word_1_127' title='bbox 139 1899 477 1954; x_wconf 83' lang='lat' dir='ltr'><strong>Theodorum</strong></span> <span class='ocrx_word' id='word_1_128' title='bbox 522 1904 738 1972; x_wconf 87' lang='lat' dir='ltr'><strong>quidem</strong></span> <span class='ocrx_word' id='word_1_129' title='bbox 793 1907 1104 1976; x_wconf 83' lang='lat' dir='ltr'><strong>episcopum</strong></span> <span class='ocrx_word' id='word_1_130' title='bbox 1155 1908 1401 1962; x_wconf 73' lang='lat' dir='ltr'><strong>Massiliae</strong></span> <span class='ocrx_word' id='word_1_131' title='bbox 1429 1925 1456 1962; x_wconf 91' lang='lat' dir='ltr'><strong>a</strong></span> <span class='ocrx_word' id='word_1_132' title='bbox 1492 1911 1680 1978; x_wconf 90' lang='lat' dir='ltr'><strong>quinto</strong></span> 
     </span>
    </p>
   </div>
   <div class='ocr_carea' id='block_1_21' title="bbox 137 1989 1679 2069">
    <p class='ocr_par' dir='ltr' id='par_1_21' title="bbox 137 1989 1679 2069">
     <span class='ocr_line' id='line_1_21' title="bbox 137 1989 1679 2069; baseline 0.008 -29"><span class='ocrx_word' id='word_1_133' title='bbox 137 1989 207 2041; x_wconf 82' lang='lat' dir='ltr'><strong>al</strong></span> <span class='ocrx_word' id='word_1_134' title='bbox 243 2002 448 2044; x_wconf 80' lang='lat' dir='ltr'><strong>sextum</strong></span> <span class='ocrx_word' id='word_1_135' title='bbox 498 2008 668 2062; x_wconf 91' lang='lat' dir='ltr'><strong>usque</strong></span> <span class='ocrx_word' id='word_1_136' title='bbox 713 1997 972 2050; x_wconf 70' lang='lat' dir='ltr'><strong>saeculum</strong></span> <span class='ocrx_word' id='word_1_137' title='bbox 1009 2012 1039 2050; x_wconf 86' lang='lat' dir='ltr'><strong>a</strong></span> <span class='ocrx_word' id='word_1_138' title='bbox 1067 1996 1210 2052; x_wconf 77' lang='lat' dir='ltr'><strong>Rufo</strong></span> <span class='ocrx_word' id='word_1_139' title='bbox 1252 1997 1679 2069; x_wconf 86' lang='lat' dir='ltr'><strong>historiographo</strong></span> 
     </span>
    </p>
   </div>
   <div class='ocr_carea' id='block_1_22' title="bbox 137 2080 1678 2157">
    <p class='ocr_par' dir='ltr' id='par_1_22' title="bbox 137 2080 1678 2157">
     <span class='ocr_line' id='line_1_22' title="bbox 137 2080 1678 2157; baseline 0.008 -27"><span class='ocrx_word' id='word_1_140' title='bbox 137 2080 502 2135; x_wconf 89' lang='lat' dir='ltr'><strong>eruditissimo</strong></span> <span class='ocrx_word' id='word_1_141' title='bbox 533 2082 588 2136; x_wconf 91' lang='lat' dir='ltr'><strong>in</strong></span> <span class='ocrx_word' id='word_1_142' title='bbox 620 2083 864 2139; x_wconf 78' lang='lat' dir='ltr'><strong>Historia</strong></span> <span class='ocrx_word' id='word_1_143' title='bbox 899 2087 1192 2142; x_wconf 79' lang='lat' dir='ltr'><strong>Massilien.</strong></span> <span class='ocrx_word' id='word_1_144' title='bbox 1224 2103 1342 2157; x_wconf 87' lang='lat' dir='ltr'><strong>pag.</strong></span> <span class='ocrx_word' id='word_1_145' title='bbox 1374 2089 1497 2153; x_wconf 72' lang='grc'><strong>521,</strong></span> <span class='ocrx_word' id='word_1_146' title='bbox 1529 2090 1678 2143; x_wconf 87' lang='lat' dir='ltr'><strong>inve-</strong></span> 
     </span>
    </p>
   </div>
   <div class='ocr_carea' id='block_1_23' title="bbox 137 2168 1679 2244">
    <p class='ocr_par' dir='ltr' id='par_1_23' title="bbox 137 2168 1679 2244">
     <span class='ocr_line' id='line_1_23' title="bbox 137 2168 1679 2244; baseline 0.01 -25"><span class='ocrx_word' id='word_1_147' title='bbox 137 2168 227 2220; x_wconf 92' lang='lat' dir='ltr'><strong>nio</strong></span> <span class='ocrx_word' id='word_1_148' title='bbox 256 2186 270 2232; x_wconf 92' lang='lat'><strong>;</strong></span> <span class='ocrx_word' id='word_1_149' title='bbox 305 2170 395 2223; x_wconf 90' lang='lat' dir='ltr'><strong>sed</strong></span> <span class='ocrx_word' id='word_1_150' title='bbox 427 2179 487 2223; x_wconf 82' lang='lat' dir='ltr'><strong>et</strong></span> <span class='ocrx_word' id='word_1_151' title='bbox 507 2173 750 2226; x_wconf 88' lang='lat' dir='ltr'><strong>meminit</strong></span> <span class='ocrx_word' id='word_1_152' title='bbox 772 2175 1004 2244; x_wconf 87' lang='lat' dir='ltr'><strong>episcopi</strong></span> <span class='ocrx_word' id='word_1_153' title='bbox 1029 2176 1379 2232; x_wconf 85' lang='lat' dir='ltr'><strong>Massiliensis</strong></span> <span class='ocrx_word' id='word_1_154' title='bbox 1412 2177 1679 2234; x_wconf 85' lang='lat' dir='ltr'><strong>Theodori</strong></span> 
     </span>
    </p>
   </div>
   <div class='ocr_carea' id='block_1_24' title="bbox 139 2251 1676 2340">
    <p class='ocr_par' dir='ltr' id='par_1_24' title="bbox 139 2251 1676 2340">
     <span class='ocr_line' id='line_1_24' title="bbox 139 2251 1676 2340; baseline 0.01 -32"><span class='ocrx_word' id='word_1_155' title='bbox 139 2259 332 2326; x_wconf 60' lang='lat' dir='ltr'><strong>saepius</strong></span> <span class='ocrx_word' id='word_1_156' title='bbox 356 2259 649 2326; x_wconf 81' lang='lat' dir='ltr'><strong>Gregorius</strong></span> <span class='ocrx_word' id='word_1_157' title='bbox 672 2263 1004 2320; x_wconf 87' lang='lat' dir='ltr'><strong>Turonensis</strong></span> <span class='ocrx_word' id='word_1_158' title='bbox 1027 2268 1190 2338; x_wconf 76' lang='lat'><strong><em>666</em></strong></span> <span class='ocrx_word' id='word_1_159' title='bbox 1207 2251 1676 2340; x_wconf 82' lang='lat' dir='ltr'><strong>eodemtempore,</strong></span> 
     </span>
    </p>
   </div>
   <div class='ocr_carea' id='block_1_25' title="bbox 135 2339 1677 2428">
    <p class='ocr_par' dir='ltr' id='par_1_25' title="bbox 135 2339 1677 2428">
     <span class='ocr_line' id='line_1_25' title="bbox 135 2339 1677 2428; baseline 0.011 -30"><span class='ocrx_word' id='word_1_160' title='bbox 135 2345 228 2400; x_wconf 88' lang='lat' dir='ltr'><strong>lib.</strong></span> <span class='ocrx_word' id='word_1_161' title='bbox 243 2363 313 2412; x_wconf 80' lang='lat' dir='ltr'><strong>vr,</strong></span> <span class='ocrx_word' id='word_1_162' title='bbox 329 2365 378 2401; x_wconf 91' lang='lat' dir='ltr'><strong>c.</strong></span> <span class='ocrx_word' id='word_1_163' title='bbox 395 2349 429 2401; x_wconf 72' lang='lat'>2</span> <span class='ocrx_word' id='word_1_164' title='bbox 448 2352 589 2405; x_wconf 85' lang='lat' dir='ltr'><strong>Hist.</strong></span> <span class='ocrx_word' id='word_1_165' title='bbox 610 2339 832 2419; x_wconf 63' lang='lat' dir='ltr'><strong>Frena,</strong></span> <span class='ocrx_word' id='word_1_166' title='bbox 856 2364 909 2409; x_wconf 89' lang='lat' dir='ltr'><strong>et</strong></span> <span class='ocrx_word' id='word_1_167' title='bbox 929 2342 1148 2424; x_wconf 82' lang='lat' dir='ltr'><strong>passim,</strong></span> <span class='ocrx_word' id='word_1_168' title='bbox 1163 2357 1303 2413; x_wconf 93' lang='lat' dir='ltr'><strong>unde</strong></span> <span class='ocrx_word' id='word_1_169' title='bbox 1323 2339 1677 2428; x_wconf 90' lang='lat' dir='ltr'><strong>antiquiorem</strong></span> 
     </span>
    </p>
   </div>
   <div class='ocr_carea' id='block_1_26' title="bbox 135 2437 1675 2517">
    <p class='ocr_par' dir='ltr' id='par_1_26' title="bbox 135 2437 1675 2517">
     <span class='ocr_line' id='line_1_26' title="bbox 135 2437 1675 2517; baseline 0.011 -28"><span class='ocrx_word' id='word_1_170' title='bbox 135 2437 296 2492; x_wconf 91' lang='lat' dir='ltr'><strong>istum</strong></span> <span class='ocrx_word' id='word_1_171' title='bbox 328 2439 668 2496; x_wconf 86' lang='lat' dir='ltr'><strong>Theodorum</strong></span> <span class='ocrx_word' id='word_1_172' title='bbox 701 2445 893 2512; x_wconf 84' lang='lat' dir='ltr'><strong>opinor</strong></span> <span class='ocrx_word' id='word_1_173' title='bbox 922 2448 1231 2517; x_wconf 86' lang='lat' dir='ltr'><strong>episcopum</strong></span> <span class='ocrx_word' id='word_1_174' title='bbox 1267 2448 1675 2515; x_wconf 80' lang='lat' dir='ltr'><strong>Massiliensem,</strong></span> 
     </span>
    </p>
   </div>
   <div class='ocr_carea' id='block_1_27' title="bbox 135 2530 1676 2610">
    <p class='ocr_par' dir='ltr' id='par_1_27' title="bbox 135 2530 1676 2610">
     <span class='ocr_line' id='line_1_27' title="bbox 135 2530 1676 2610; baseline 0.011 -31"><span class='ocrx_word' id='word_1_175' title='bbox 135 2539 188 2579; x_wconf 92' lang='lat' dir='ltr'><strong>ct</strong></span> <span class='ocrx_word' id='word_1_176' title='bbox 216 2545 278 2581; x_wconf 82' lang='lat' dir='ltr'><strong>ex</strong></span> <span class='ocrx_word' id='word_1_177' title='bbox 332 2530 526 2585; x_wconf 79' lang='lat' dir='ltr'><strong>abbate</strong></span> <span class='ocrx_word' id='word_1_178' title='bbox 553 2546 828 2586; x_wconf 87' lang='lat' dir='ltr'><strong>censerem</strong></span> <span class='ocrx_word' id='word_1_179' title='bbox 862 2536 930 2589; x_wconf 88' lang='lat' dir='ltr'><strong>ad</strong></span> <span class='ocrx_word' id='word_1_180' title='bbox 963 2537 1329 2605; x_wconf 76' lang='lat' dir='ltr'><strong>epis00patum</strong></span> <span class='ocrx_word' id='word_1_181' title='bbox 1363 2539 1530 2594; x_wconf 90' lang='lat' dir='ltr'><strong>fuisse</strong></span> <span class='ocrx_word' id='word_1_182' title='bbox 1549 2557 1676 2610; x_wconf 90' lang='lat' dir='ltr'><strong>pro-</strong></span> 
     </span>
    </p>
   </div>
   <div class='ocr_carea' id='block_1_28' title="bbox 133 2620 1672 2696">
    <p class='ocr_par' dir='ltr' id='par_1_28' title="bbox 133 2620 1672 2696">
     <span class='ocr_line' id='line_1_28' title="bbox 133 2620 1672 2696; baseline 0.012 -29"><span class='ocrx_word' id='word_1_183' title='bbox 133 2627 365 2684; x_wconf 84' lang='lat' dir='ltr'><strong>vectum,</strong></span> <span class='ocrx_word' id='word_1_184' title='bbox 416 2620 528 2674; x_wconf 86' lang='lat' dir='ltr'><strong>sive</strong></span> <span class='ocrx_word' id='word_1_185' title='bbox 578 2631 815 2690; x_wconf 90' lang='lat' dir='ltr'><strong>raptum,</strong></span> <span class='ocrx_word' id='word_1_186' title='bbox 869 2625 950 2685; x_wconf 82' lang='lat' dir='ltr'><strong>uti</strong></span> <span class='ocrx_word' id='word_1_187' title='bbox 989 2635 1116 2682; x_wconf 90' lang='lat' dir='ltr'><strong>tunc</strong></span> <span class='ocrx_word' id='word_1_188' title='bbox 1145 2632 1313 2684; x_wconf 90' lang='lat' dir='ltr'><strong>moris</strong></span> <span class='ocrx_word' id='word_1_189' title='bbox 1341 2640 1475 2696; x_wconf 86' lang='lat' dir='ltr'><strong>erat,</strong></span> <span class='ocrx_word' id='word_1_190' title='bbox 1514 2633 1672 2686; x_wconf 89' lang='lat' dir='ltr'><strong>etiam</strong></span> 
     </span>
    </p>
   </div>
   <div class='ocr_carea' id='block_1_29' title="bbox 134 2713 1678 2796">
    <p class='ocr_par' dir='ltr' id='par_1_29' title="bbox 134 2713 1678 2796">
     <span class='ocr_line' id='line_1_29' title="bbox 134 2713 1678 2796; baseline 0.012 -31"><span class='ocrx_word' id='word_1_191' title='bbox 134 2713 375 2780; x_wconf 85' lang='lat' dir='ltr'><strong>invitum,</strong></span> <span class='ocrx_word' id='word_1_192' title='bbox 428 2717 652 2784; x_wconf 80' lang='lat' dir='ltr'><strong>ideoque</strong></span> <span class='ocrx_word' id='word_1_193' title='bbox 689 2720 858 2788; x_wconf 83' lang='lat' dir='ltr'><strong>magis</strong></span> <span class='ocrx_word' id='word_1_194' title='bbox 908 2720 1154 2796; x_wconf 81' lang='lat' dir='ltr'><strong>dignum,</strong></span> <span class='ocrx_word' id='word_1_195' title='bbox 1194 2739 1314 2778; x_wconf 93' lang='lat' dir='ltr'><strong>cum</strong></span> <span class='ocrx_word' id='word_1_196' title='bbox 1349 2725 1569 2781; x_wconf 80' lang='lat' dir='ltr'><strong>forsitan</strong></span> <span class='ocrx_word' id='word_1_197' title='bbox 1611 2728 1678 2783; x_wconf 87' lang='lat' dir='ltr'><strong>ad</strong></span> 
     </span>
    </p>
   </div>
   <div class='ocr_carea' id='block_1_30' title="bbox 135 2803 1677 2872">
    <p class='ocr_par' dir='ltr' id='par_1_30' title="bbox 135 2803 1677 2872">
     <span class='ocr_line' id='line_1_30' title="bbox 135 2803 1677 2872; baseline 0.01 -18"><span class='ocrx_word' id='word_1_198' title='bbox 135 2803 262 2856; x_wconf 89' lang='lat' dir='ltr'><strong>illud</strong></span> <span class='ocrx_word' id='word_1_199' title='bbox 294 2805 588 2872; x_wconf 88' lang='lat' dir='ltr'><strong>emporium</strong></span> <span class='ocrx_word' id='word_1_200' title='bbox 616 2807 911 2864; x_wconf 87' lang='lat' dir='ltr'><strong>Galliarum</strong></span> <span class='ocrx_word' id='word_1_201' title='bbox 947 2812 1146 2867; x_wconf 60' lang='lat' dir='ltr'><strong>Graecis</strong></span> <span class='ocrx_word' id='word_1_202' title='bbox 1204 2815 1501 2869; x_wconf 87' lang='lat' dir='ltr'><strong>habitatum</strong></span> <span class='ocrx_word' id='word_1_203' title='bbox 1532 2818 1677 2870; x_wconf 93' lang='lat' dir='ltr'><strong>colo-</strong></span> 
     </span>
    </p>
   </div>
   <div class='ocr_carea' id='block_1_31' title="bbox 134 2894 1677 2976">
    <p class='ocr_par' dir='ltr' id='par_1_31' title="bbox 134 2894 1677 2976">
     <span class='ocr_line' id='line_1_31' title="bbox 134 2894 1677 2976; baseline 0.011 -32"><span class='ocrx_word' id='word_1_204' title='bbox 134 2894 216 2946; x_wconf 82' lang='lat' dir='ltr'><strong>nis</strong></span> <span class='ocrx_word' id='word_1_205' title='bbox 251 2903 302 2947; x_wconf 90' lang='lat' dir='ltr'><strong>et</strong></span> <span class='ocrx_word' id='word_1_206' title='bbox 333 2896 540 2965; x_wconf 77' lang='lat' dir='ltr'><strong>legibus</strong></span> <span class='ocrx_word' id='word_1_207' title='bbox 591 2900 944 2967; x_wconf 86' lang='lat' dir='ltr'><strong>gubernatum</strong></span> <span class='ocrx_word' id='word_1_208' title='bbox 979 2904 1287 2971; x_wconf 89' lang='lat' dir='ltr'><strong>appulisset,</strong></span> <span class='ocrx_word' id='word_1_209' title='bbox 1339 2921 1402 2957; x_wconf 75' lang='lat' dir='ltr'><strong>ex</strong></span> <span class='ocrx_word' id='word_1_210' title='bbox 1449 2905 1677 2976; x_wconf 65' lang='lat' dir='ltr'><strong>Egypto</strong></span> 
     </span>
    </p>
   </div>
   <div class='ocr_carea' id='block_1_32' title="bbox 131 2984 1670 3062">
    <p class='ocr_par' dir='ltr' id='par_1_32' title="bbox 131 2984 1670 3062">
     <span class='ocr_line' id='line_1_32' title="bbox 131 2984 1670 3062; baseline 0.008 -27"><span class='ocrx_word' id='word_1_211' title='bbox 131 2997 252 3036; x_wconf 86' lang='lat' dir='ltr'><strong>cum</strong></span> <span class='ocrx_word' id='word_1_212' title='bbox 274 2984 531 3041; x_wconf 85' lang='lat' dir='ltr'><strong>Cassiano</strong></span> <span class='ocrx_word' id='word_1_213' title='bbox 570 2990 740 3044; x_wconf 89' lang='lat' dir='ltr'><strong>sancti</strong></span> <span class='ocrx_word' id='word_1_214' title='bbox 767 2990 997 3046; x_wconf 86' lang='lat' dir='ltr'><strong>Joannis</strong></span> <span class='ocrx_word' id='word_1_215' title='bbox 1023 2991 1394 3062; x_wconf 82' lang='lat' dir='ltr'><strong>Chrysostomi</strong></span> <span class='ocrx_word' id='word_1_216' title='bbox 1425 2995 1670 3060; x_wconf 83' lang='lat' dir='ltr'><strong>diacono,</strong></span> 
     </span>
    </p>
   </div>
   <div class='ocr_carea' id='block_1_33' title="bbox 129 3070 1742 3159">
    <p class='ocr_par' dir='ltr' id='par_1_33' title="bbox 129 3070 1742 3159">
     <span class='ocr_line' id='line_1_33' title="bbox 129 3070 1742 3159; baseline 0.01 -37"><span class='ocrx_word' id='word_1_217' title='bbox 129 3070 223 3138; x_wconf 89' lang='lat' dir='ltr'><strong>qui</strong></span> <span class='ocrx_word' id='word_1_218' title='bbox 256 3075 600 3129; x_wconf 89' lang='lat' dir='ltr'><strong>consuluerat</strong></span> <span class='ocrx_word' id='word_1_219' title='bbox 629 3078 789 3130; x_wconf 83' lang='lat' dir='ltr'><strong>istum</strong></span> <span class='ocrx_word' id='word_1_220' title='bbox 820 3077 1182 3144; x_wconf 85' lang='lat' dir='ltr'><strong>Theodorum,</strong></span> <span class='ocrx_word' id='word_1_221' title='bbox 1227 3089 1280 3134; x_wconf 91' lang='lat' dir='ltr'><strong>et</strong></span> <span class='ocrx_word' id='word_1_222' title='bbox 1311 3083 1552 3136; x_wconf 91' lang='lat' dir='ltr'><strong>nominat</strong></span> <span class='ocrx_word' id='word_1_223' title='bbox 1589 3086 1670 3137; x_wconf 89' lang='lat' dir='ltr'><strong>vi-</strong></span> <span class='ocrx_word' id='word_1_224' title='bbox 1698 3100 1742 3159; x_wconf 72' lang='grc' dir='ltr'><strong>ρ</strong></span> 
     </span>
    </p>
   </div>
   <div class='ocr_carea' id='block_1_34' title="bbox 133 3161 1674 3236">
    <p class='ocr_par' dir='ltr' id='par_1_34' title="bbox 133 3161 1674 3236">
     <span class='ocr_line' id='line_1_34' title="bbox 133 3161 1674 3236; baseline 0.01 -26"><span class='ocrx_word' id='word_1_225' title='bbox 133 3175 251 3212; x_wconf 76' lang='lat' dir='ltr'><strong>tum</strong></span> <span class='ocrx_word' id='word_1_226' title='bbox 275 3161 596 3231; x_wconf 82' lang='lat' dir='ltr'><strong>singularem</strong></span> <span class='ocrx_word' id='word_1_227' title='bbox 634 3166 686 3218; x_wconf 91' lang='lat' dir='ltr'><strong>in</strong></span> <span class='ocrx_word' id='word_1_228' title='bbox 715 3167 1125 3222; x_wconf 85' lang='lat' dir='ltr'><strong>conversatione</strong></span> <span class='ocrx_word' id='word_1_229' title='bbox 1159 3170 1376 3236; x_wconf 89' lang='lat' dir='ltr'><strong>actuali,</strong></span> <span class='ocrx_word' id='word_1_230' title='bbox 1404 3171 1674 3226; x_wconf 80' lang='lat' dir='ltr'><strong>afﬁrmans</strong></span> 
     </span>
    </p>
   </div>
   <div class='ocr_carea' id='block_1_35' title="bbox 131 3252 1671 3330">
    <p class='ocr_par' dir='ltr' id='par_1_35' title="bbox 131 3252 1671 3330">
     <span class='ocr_line' id='line_1_35' title="bbox 131 3252 1671 3330; baseline 0.01 -29"><span class='ocrx_word' id='word_1_231' title='bbox 131 3252 376 3305; x_wconf 87' lang='lat' dir='ltr'><strong>eumdem</strong></span> <span class='ocrx_word' id='word_1_232' title='bbox 408 3254 678 3310; x_wconf 82' lang='lat' dir='ltr'><strong>habitasse</strong></span> <span class='ocrx_word' id='word_1_233' title='bbox 707 3258 758 3309; x_wconf 91' lang='lat' dir='ltr'><strong>in</strong></span> <span class='ocrx_word' id='word_1_234' title='bbox 787 3259 964 3324; x_wconf 89' lang='lat' dir='ltr'><strong>Cellis,</strong></span> <span class='ocrx_word' id='word_1_235' title='bbox 988 3261 1077 3330; x_wconf 85' lang='lat' dir='ltr'><strong>qui</strong></span> <span class='ocrx_word' id='word_1_236' title='bbox 1108 3261 1260 3317; x_wconf 92' lang='lat' dir='ltr'><strong>locus</strong></span> <span class='ocrx_word' id='word_1_237' title='bbox 1286 3263 1423 3316; x_wconf 92' lang='lat' dir='ltr'><strong>inter</strong></span> <span class='ocrx_word' id='word_1_238' title='bbox 1450 3264 1671 3318; x_wconf 81' lang='lat' dir='ltr'><strong>Nitriam</strong></span> 
     </span>
    </p>
   </div>
   <div class='ocr_carea' id='block_1_36' title="bbox 132 3340 1674 3421">
    <p class='ocr_par' dir='ltr' id='par_1_36' title="bbox 132 3340 1674 3421">
     <span class='ocr_line' id='line_1_36' title="bbox 132 3340 1674 3421; baseline 0.01 -30"><span class='ocrx_word' id='word_1_239' title='bbox 132 3349 184 3392; x_wconf 79' lang='lat' dir='ltr'><strong>ct</strong></span> <span class='ocrx_word' id='word_1_240' title='bbox 233 3340 505 3413; x_wconf 87' lang='lat' dir='ltr'><strong>Scythiam</strong></span> <span class='ocrx_word' id='word_1_241' title='bbox 559 3347 695 3400; x_wconf 90' lang='lat' dir='ltr'><strong>situs</strong></span> <span class='ocrx_word' id='word_1_242' title='bbox 742 3364 770 3400; x_wconf 88' lang='lat' dir='ltr'><strong>a</strong></span> <span class='ocrx_word' id='word_1_243' title='bbox 825 3351 1153 3404; x_wconf 85' lang='lat' dir='ltr'><strong>monasterio</strong></span> <span class='ocrx_word' id='word_1_244' title='bbox 1203 3350 1386 3405; x_wconf 62' lang='lat' dir='ltr'><strong>Nitriae</strong></span> <span class='ocrx_word' id='word_1_245' title='bbox 1438 3355 1674 3421; x_wconf 88' lang='lat' dir='ltr'><strong>quinque</strong></span> 
     </span>
    </p>
   </div>
   <div class='ocr_carea' id='block_1_37' title="bbox 134 3431 1674 3506">
    <p class='ocr_par' dir='ltr' id='par_1_37' title="bbox 134 3431 1674 3506">
     <span class='ocr_line' id='line_1_37' title="bbox 134 3431 1674 3506; baseline 0.01 -25"><span class='ocrx_word' id='word_1_246' title='bbox 134 3431 368 3487; x_wconf 87' lang='lat' dir='ltr'><strong>millibus</strong></span> <span class='ocrx_word' id='word_1_247' title='bbox 393 3436 620 3499; x_wconf 89' lang='lat' dir='ltr'><strong>distans,</strong></span> <span class='ocrx_word' id='word_1_248' title='bbox 653 3440 921 3506; x_wconf 80' lang='lat' dir='ltr'><strong>octoginta</strong></span> <span class='ocrx_word' id='word_1_249' title='bbox 950 3440 1172 3491; x_wconf 88' lang='lat' dir='ltr'><strong>millium</strong></span> <span class='ocrx_word' id='word_1_250' title='bbox 1207 3441 1497 3496; x_wconf 85' lang='lat' dir='ltr'><strong>solitudine</strong></span> <span class='ocrx_word' id='word_1_251' title='bbox 1544 3443 1674 3497; x_wconf 89' lang='lat' dir='ltr'><strong>diri-</strong></span> 
     </span>
    </p>
   </div>
   <div class='ocr_carea' id='block_1_38' title="bbox 134 3521 1672 3603">
    <p class='ocr_par' dir='ltr' id='par_1_38' title="bbox 134 3521 1672 3603">
     <span class='ocr_line' id='line_1_38' title="bbox 134 3521 1672 3603; baseline 0.013 -34"><span class='ocrx_word' id='word_1_252' title='bbox 134 3521 294 3574; x_wconf 89' lang='lat' dir='ltr'><strong>mitur</strong></span> <span class='ocrx_word' id='word_1_253' title='bbox 335 3525 402 3574; x_wconf 91' lang='lat' dir='ltr'><strong>ah</strong></span> <span class='ocrx_word' id='word_1_254' title='bbox 431 3539 610 3578; x_wconf 89' lang='lat' dir='ltr'><strong>eremo</strong></span> <span class='ocrx_word' id='word_1_255' title='bbox 640 3527 886 3595; x_wconf 64' lang='lat' dir='ltr'><strong>Scythiae,</strong></span> <span class='ocrx_word' id='word_1_256' title='bbox 918 3530 969 3581; x_wconf 92' lang='lat' dir='ltr'><strong>in</strong></span> <span class='ocrx_word' id='word_1_257' title='bbox 1001 3545 1105 3598; x_wconf 92' lang='lat' dir='ltr'><strong>qua</strong></span> <span class='ocrx_word' id='word_1_258' title='bbox 1134 3529 1423 3586; x_wconf 84' lang='lat' dir='ltr'><strong>Cassianus</strong></span> <span class='ocrx_word' id='word_1_259' title='bbox 1451 3535 1672 3603; x_wconf 83' lang='lat' dir='ltr'><strong>agebat;</strong></span> 
     </span>
    </p>
   </div>
   <div class='ocr_carea' id='block_1_39' title="bbox 131 3609 1670 3689">
    <p class='ocr_par' dir='ltr' id='par_1_39' title="bbox 131 3609 1670 3689">
     <span class='ocr_line' id='line_1_39' title="bbox 131 3609 1670 3689; baseline 0.012 -30"><span class='ocrx_word' id='word_1_260' title='bbox 131 3617 182 3660; x_wconf 82' lang='lat' dir='ltr'><strong>et</strong></span> <span class='ocrx_word' id='word_1_261' title='bbox 210 3611 347 3676; x_wconf 87' lang='lat' dir='ltr'><strong>apud</strong></span> <span class='ocrx_word' id='word_1_262' title='bbox 399 3609 682 3666; x_wconf 85' lang='lat' dir='ltr'><strong>llenrieum</strong></span> <span class='ocrx_word' id='word_1_263' title='bbox 734 3615 1010 3670; x_wconf 88' lang='lat' dir='ltr'><strong>Canisium</strong></span> <span class='ocrx_word' id='word_1_264' title='bbox 1045 3619 1134 3672; x_wconf 93' lang='lat' dir='ltr'><strong>lib.</strong></span> <span class='ocrx_word' id='word_1_265' title='bbox 1170 3635 1200 3670; x_wconf 89' lang='lat' dir='ltr'><strong>v</strong></span> <span class='ocrx_word' id='word_1_266' title='bbox 1258 3621 1436 3689; x_wconf 84' lang='lat' dir='ltr'><strong>Antiq.</strong></span> <span class='ocrx_word' id='word_1_267' title='bbox 1463 3623 1670 3677; x_wconf 82' lang='lat' dir='ltr'><strong>lection.</strong></span> 
     </span>
    </p>
   </div>
   <div class='ocr_carea' id='block_1_40' title="bbox 131 3699 1671 3780">
    <p class='ocr_par' dir='ltr' id='par_1_40' title="bbox 131 3699 1671 3780">
     <span class='ocr_line' id='line_1_40' title="bbox 131 3699 1671 3780; baseline 0.011 -31"><span class='ocrx_word' id='word_1_268' title='bbox 131 3699 182 3750; x_wconf 85' lang='lat' dir='ltr'><strong>in</strong></span> <span class='ocrx_word' id='word_1_269' title='bbox 232 3701 371 3753; x_wconf 88' lang='lat' dir='ltr'><strong>llist.</strong></span> <span class='ocrx_word' id='word_1_270' title='bbox 427 3701 737 3772; x_wconf 78' lang='lat' dir='ltr'><strong>Peregrinus</strong></span> <span class='ocrx_word' id='word_1_271' title='bbox 789 3718 1261 3771; x_wconf 83' lang='lat' dir='ltr'><strong>commemoratur,</strong></span> <span class='ocrx_word' id='word_1_272' title='bbox 1297 3710 1362 3763; x_wconf 89' lang='lat' dir='ltr'><strong>de</strong></span> <span class='ocrx_word' id='word_1_273' title='bbox 1388 3726 1493 3778; x_wconf 91' lang='lat' dir='ltr'><strong>qua</strong></span> <span class='ocrx_word' id='word_1_274' title='bbox 1517 3728 1671 3780; x_wconf 87' lang='lat' dir='ltr'><strong>supe-</strong></span> 
     </span>
    </p>
   </div>
   <div class='ocr_carea' id='block_1_41' title="bbox 134 3792 1676 3871">
    <p class='ocr_par' dir='ltr' id='par_1_41' title="bbox 134 3792 1676 3871">
     <span class='ocr_line' id='line_1_41' title="bbox 134 3792 1676 3871; baseline 0.008 -28"><span class='ocrx_word' id='word_1_275' title='bbox 134 3792 243 3844; x_wconf 76' lang='lat' dir='ltr'><strong>rius</strong></span> <span class='ocrx_word' id='word_1_276' title='bbox 297 3803 474 3845; x_wconf 88' lang='lat' dir='ltr'><strong>actum</strong></span> <span class='ocrx_word' id='word_1_277' title='bbox 536 3806 636 3857; x_wconf 88' lang='lat' dir='ltr'><strong>est,</strong></span> <span class='ocrx_word' id='word_1_278' title='bbox 687 3813 806 3863; x_wconf 78' lang='lat' dir='ltr'><strong>pag,</strong></span> <span class='ocrx_word' id='word_1_279' title='bbox 864 3799 984 3858; x_wconf 83' lang='lat' dir='ltr'><strong>6l5,</strong></span> <span class='ocrx_word' id='word_1_280' title='bbox 1019 3801 1104 3850; x_wconf 82' lang='lat' dir='ltr'><strong>tibi</strong></span> <span class='ocrx_word' id='word_1_281' title='bbox 1156 3800 1220 3851; x_wconf 86' lang='lat' dir='ltr'><strong>de</strong></span> <span class='ocrx_word' id='word_1_282' title='bbox 1266 3797 1454 3859; x_wconf 85' lang='lat' dir='ltr'><strong>Nitria,</strong></span> <span class='ocrx_word' id='word_1_283' title='bbox 1504 3801 1676 3871; x_wconf 89' lang='lat' dir='ltr'><strong>deque</strong></span> 
     </span>
    </p>
   </div>
   <div class='ocr_carea' id='block_1_42' title="bbox 131 3880 1673 3951">
    <p class='ocr_par' dir='ltr' id='par_1_42' title="bbox 131 3880 1673 3951">
     <span class='ocr_line' id='line_1_42' title="bbox 131 3880 1673 3951; baseline 0.01 -18"><span class='ocrx_word' id='word_1_284' title='bbox 131 3880 288 3943; x_wconf 86' lang='lat' dir='ltr'><strong>Oase,</strong></span> <span class='ocrx_word' id='word_1_285' title='bbox 344 3883 410 3934; x_wconf 89' lang='lat' dir='ltr'><strong>de</strong></span> <span class='ocrx_word' id='word_1_286' title='bbox 459 3899 562 3951; x_wconf 88' lang='lat' dir='ltr'><strong>qua</strong></span> <span class='ocrx_word' id='word_1_287' title='bbox 597 3893 650 3936; x_wconf 86' lang='lat' dir='ltr'><strong>et</strong></span> <span class='ocrx_word' id='word_1_288' title='bbox 683 3884 996 3940; x_wconf 87' lang='lat' dir='ltr'><strong>Theodorus</strong></span> <span class='ocrx_word' id='word_1_289' title='bbox 1023 3886 1216 3942; x_wconf 89' lang='lat' dir='ltr'><strong>Lector</strong></span> <span class='ocrx_word' id='word_1_290' title='bbox 1240 3890 1294 3942; x_wconf 93' lang='lat' dir='ltr'><strong>in</strong></span> <span class='ocrx_word' id='word_1_291' title='bbox 1319 3889 1673 3948; x_wconf 90' lang='lat' dir='ltr'><strong>Collectaneis</strong></span> 
     </span>
    </p>
   </div>
   <div class='ocr_carea' id='block_1_43' title="bbox 130 3972 1675 4051">
    <p class='ocr_par' dir='ltr' id='par_1_43' title="bbox 130 3972 1675 4051">
     <span class='ocr_line' id='line_1_43' title="bbox 130 3972 1675 4051; baseline 0.01 -29"><span class='ocrx_word' id='word_1_292' title='bbox 130 3972 242 4025; x_wconf 61' lang='lat' dir='ltr'><strong>haec</strong></span> <span class='ocrx_word' id='word_1_293' title='bbox 291 3972 448 4025; x_wconf 89' lang='lat' dir='ltr'><strong>habet</strong></span> <span class='ocrx_word' id='word_1_294' title='bbox 481 3989 494 4024; x_wconf 91' lang='lat'>:</span> <span class='ocrx_word' id='word_1_295' title='bbox 527 3973 783 4043; x_wconf 82' lang='grc' dir='ltr'>Σηπεδὸνι</span> <span class='ocrx_word' id='word_1_296' title='bbox 837 3976 927 4028; x_wconf 79' lang='grc' dir='ltr'><strong>τὸν</strong></span> <span class='ocrx_word' id='word_1_297' title='bbox 964 3977 1120 4048; x_wconf 83' lang='grc' dir='ltr'>σῶμα</span> <span class='ocrx_word' id='word_1_298' title='bbox 1158 3979 1424 4051; x_wconf 81' lang='grc' dir='ltr'>διέφθειρε</span> <span class='ocrx_word' id='word_1_299' title='bbox 1473 3983 1675 4037; x_wconf 87' lang='grc' dir='ltr'><strong>Νεστό-</strong></span> 
     </span>
    </p>
   </div>
   <div class='ocr_carea' id='block_1_44' title="bbox 132 4063 1676 4143">
    <p class='ocr_par' dir='ltr' id='par_1_44' title="bbox 132 4063 1676 4143">
     <span class='ocr_line' id='line_1_44' title="bbox 132 4063 1676 4143; baseline 0.011 -32"><span class='ocrx_word' id='word_1_300' title='bbox 132 4078 261 4129; x_wconf 81' lang='grc' dir='ltr'><strong>ριος,</strong></span> <span class='ocrx_word' id='word_1_301' title='bbox 311 4063 402 4113; x_wconf 76' lang='grc' dir='ltr'><strong>καὶ</strong></span> <span class='ocrx_word' id='word_1_302' title='bbox 454 4063 776 4134; x_wconf 69' lang='grc' dir='ltr'>ἀνακληθεὶς</span> <span class='ocrx_word' id='word_1_303' title='bbox 825 4067 932 4119; x_wconf 83' lang='grc' dir='ltr'><strong>ἀπὸ</strong></span> <span class='ocrx_word' id='word_1_304' title='bbox 972 4068 1203 4132; x_wconf 84' lang='grc' dir='ltr'><strong>Ὀἁσεως</strong></span> <span class='ocrx_word' id='word_1_305' title='bbox 1262 4073 1422 4140; x_wconf 87' lang='lat' dir='ltr'><strong>(male</strong></span> <span class='ocrx_word' id='word_1_306' title='bbox 1487 4074 1676 4143; x_wconf 88' lang='lat' dir='ltr'><strong>legitur</strong></span> 
     </span>
    </p>
   </div>
   <div class='ocr_carea' id='block_1_45' title="bbox 142 4147 1676 4232">
    <p class='ocr_par' dir='ltr' id='par_1_45' title="bbox 142 4147 1676 4232">
     <span class='ocr_line' id='line_1_45' title="bbox 142 4147 1676 4232; baseline 0.01 -31"><span class='ocrx_word' id='word_1_307' title='bbox 142 4151 515 4220; x_wconf 79' lang='grc' dir='ltr'><strong>Ἐασέως),ὲφ’</strong></span> <span class='ocrx_word' id='word_1_308' title='bbox 547 4147 589 4220; x_wconf 84' lang='grc' dir='ltr'>ᾧ</span> <span class='ocrx_word' id='word_1_309' title='bbox 618 4161 941 4227; x_wconf 81' lang='grc' dir='ltr'>μεταστῆναι</span> <span class='ocrx_word' id='word_1_310' title='bbox 975 4163 1051 4220; x_wconf 77' lang='grc' dir='ltr'><strong>εἰς</strong></span> <span class='ocrx_word' id='word_1_311' title='bbox 1080 4161 1260 4230; x_wconf 77' lang='grc' dir='ltr'>ἕτερον</span> <span class='ocrx_word' id='word_1_312' title='bbox 1287 4158 1565 4232; x_wconf 48' lang='grc' dir='ltr'><strong>τόπονέτῷ</strong></span> <span class='ocrx_word' id='word_1_313' title='bbox 1583 4165 1676 4217; x_wconf 80' lang='lat' dir='ltr'><strong>0a-</strong></span> 
     </span>
    </p>
   </div>
   <div class='ocr_carea' id='block_1_46' title="bbox 131 4242 1672 4316">
    <p class='ocr_par' dir='ltr' id='par_1_46' title="bbox 131 4242 1672 4316">
     <span class='ocr_line' id='line_1_46' title="bbox 131 4242 1672 4316; baseline 0.012 -27"><span class='ocrx_word' id='word_1_314' title='bbox 131 4242 268 4308; x_wconf 79' lang='grc' dir='ltr'>νάτῳ</span> <span class='ocrx_word' id='word_1_315' title='bbox 325 4243 586 4309; x_wconf 76' lang='grc' dir='ltr'>προέλαϐε</span> <span class='ocrx_word' id='word_1_316' title='bbox 620 4245 718 4314; x_wconf 81' lang='grc' dir='ltr'><strong>τὴν</strong></span> <span class='ocrx_word' id='word_1_317' title='bbox 758 4247 1073 4316; x_wconf 80' lang='grc' dir='ltr'><strong>ἀνάκλησιν·</strong></span> <span class='ocrx_word' id='word_1_318' title='bbox 1139 4250 1189 4303; x_wconf 88' lang='lat' dir='ltr'><strong>id</strong></span> <span class='ocrx_word' id='word_1_319' title='bbox 1223 4264 1340 4304; x_wconf 89' lang='lat' dir='ltr'><strong>est:</strong></span> <span class='ocrx_word' id='word_1_320' title='bbox 1396 4252 1672 4307; x_wconf 84' lang='lat' dir='ltr'><strong>Nestorius</strong></span> 
     </span>
    </p>
   </div>
   <div class='ocr_carea' id='block_1_47' title="bbox 130 4331 1669 4404">
    <p class='ocr_par' dir='ltr' id='par_1_47' title="bbox 130 4331 1669 4404">
     <span class='ocr_line' id='line_1_47' title="bbox 130 4331 1669 4404; baseline 0.01 -25"><span class='ocrx_word' id='word_1_321' title='bbox 130 4331 398 4395; x_wconf 83' lang='lat' dir='ltr'><strong>putredine</strong></span> <span class='ocrx_word' id='word_1_322' title='bbox 442 4333 662 4399; x_wconf 78' lang='lat' dir='ltr'><strong>infectus</strong></span> <span class='ocrx_word' id='word_1_323' title='bbox 694 4338 844 4401; x_wconf 84' lang='lat' dir='ltr'><strong>periit</strong></span> <span class='ocrx_word' id='word_1_324' title='bbox 877 4337 929 4387; x_wconf 85' lang='lat' dir='ltr'><strong>in</strong></span> <span class='ocrx_word' id='word_1_325' title='bbox 964 4354 1192 4404; x_wconf 83' lang='lat' dir='ltr'><strong>corpore,</strong></span> <span class='ocrx_word' id='word_1_326' title='bbox 1229 4350 1275 4391; x_wconf 89' lang='lat' dir='ltr'><strong>et</strong></span> <span class='ocrx_word' id='word_1_327' title='bbox 1308 4353 1574 4395; x_wconf 83' lang='lat' dir='ltr'><strong>revocatus</strong></span> <span class='ocrx_word' id='word_1_328' title='bbox 1606 4345 1669 4395; x_wconf 88' lang='lat' dir='ltr'><strong>ab</strong></span> 
     </span>
    </p>
   </div>
   <div class='ocr_carea' id='block_1_48' title="bbox 134 4417 1746 4494">
    <p class='ocr_par' dir='ltr' id='par_1_48' title="bbox 134 4417 1746 4494">
     <span class='ocr_line' id='line_1_48' title="bbox 134 4417 1746 4494; baseline 0.011 -24"><span class='ocrx_word' id='word_1_329' title='bbox 134 4417 287 4484; x_wconf 88' lang='lat' dir='ltr'><strong>Oase,</strong></span> <span class='ocrx_word' id='word_1_330' title='bbox 344 4437 457 4472; x_wconf 85' lang='lat' dir='ltr'><strong>cum</strong></span> <span class='ocrx_word' id='word_1_331' title='bbox 489 4424 860 4490; x_wconf 78' lang='lat' dir='ltr'><strong>transferretur</strong></span> <span class='ocrx_word' id='word_1_332' title='bbox 910 4427 1072 4478; x_wconf 84' lang='lat' dir='ltr'><strong>alium</strong></span> <span class='ocrx_word' id='word_1_333' title='bbox 1097 4429 1150 4484; x_wconf 84' lang='lat' dir='ltr'><strong>in</strong></span> <span class='ocrx_word' id='word_1_334' title='bbox 1182 4431 1368 4494; x_wconf 80' lang='lat' dir='ltr'><strong>locum,</strong></span> <span class='ocrx_word' id='word_1_335' title='bbox 1401 4436 1668 4486; x_wconf 86' lang='lat' dir='ltr'><strong>antevertit</strong></span> <span class='ocrx_word' id='word_1_336' title='bbox 1704 4421 1746 4474; x_wconf 82' lang='grc' dir='ltr'><strong>Ῑ)</strong></span> 
     </span>
    </p>
   </div>
   <div class='ocr_carea' id='block_1_49' title="bbox 128 4516 1673 4580">
    <p class='ocr_par' dir='ltr' id='par_1_49' title="bbox 128 4516 1673 4580">
     <span class='ocr_line' id='line_1_49' title="bbox 128 4516 1673 4580; baseline 0.016 -24"><span class='ocrx_word' id='word_1_337' title='bbox 128 4517 292 4559; x_wconf 86' lang='lat' dir='ltr'><strong>morte</strong></span> <span class='ocrx_word' id='word_1_338' title='bbox 321 4524 629 4576; x_wconf 79' lang='lat' dir='ltr'><strong>regressum,</strong></span> <span class='ocrx_word' id='word_1_339' title='bbox 676 4526 763 4563; x_wconf 86' lang='lat' dir='ltr'><strong>seu</strong></span> <span class='ocrx_word' id='word_1_340' title='bbox 805 4516 1196 4570; x_wconf 84' lang='lat' dir='ltr'><strong>revocationem.</strong></span> <span class='ocrx_word' id='word_1_341' title='bbox 1232 4517 1334 4572; x_wconf 90' lang='lat' dir='ltr'><strong>lsta</strong></span> <span class='ocrx_word' id='word_1_342' title='bbox 1365 4532 1488 4572; x_wconf 90' lang='lat' dir='ltr'><strong>sunt</strong></span> <span class='ocrx_word' id='word_1_343' title='bbox 1516 4524 1673 4580; x_wconf 77' lang='lat' dir='ltr'><strong>verba</strong></span> 
     </span>
    </p>
   </div>
   <div class='ocr_carea' id='block_1_50' title="bbox 130 4599 1672 4673">
    <p class='ocr_par' dir='ltr' id='par_1_50' title="bbox 130 4599 1672 4673">
     <span class='ocr_line' id='line_1_50' title="bbox 130 4599 1672 4673; baseline 0.012 -21"><span class='ocrx_word' id='word_1_344' title='bbox 130 4599 394 4668; x_wconf 83' lang='lat' dir='ltr'><strong>Cassiani,</strong></span> <span class='ocrx_word' id='word_1_345' title='bbox 453 4605 647 4673; x_wconf 85' lang='lat' dir='ltr'><strong>quibus</strong></span> <span class='ocrx_word' id='word_1_346' title='bbox 699 4607 932 4661; x_wconf 84' lang='lat' dir='ltr'><strong>delineat</strong></span> <span class='ocrx_word' id='word_1_347' title='bbox 985 4608 1353 4666; x_wconf 86' lang='lat' dir='ltr'><strong>Thecuiticam</strong></span> <span class='ocrx_word' id='word_1_348' title='bbox 1389 4630 1672 4670; x_wconf 87' lang='lat' dir='ltr'><strong>eremum:</strong></span> 
     </span>
    </p>
   </div>
   <div class='ocr_carea' id='block_1_51' title="bbox 134 4692 1679 4772">
    <p class='ocr_par' dir='ltr' id='par_1_51' title="bbox 134 4692 1679 4772">
     <span class='ocr_line' id='line_1_51' title="bbox 134 4692 1679 4772; baseline 0.014 -32"><span class='ocrx_word' id='word_1_349' title='bbox 134 4692 381 4746; x_wconf 70' lang='lat' dir='ltr'><strong>«Thecue</strong></span> <span class='ocrx_word' id='word_1_350' title='bbox 406 4695 675 4748; x_wconf 88' lang='lat' dir='ltr'><strong>desertum</strong></span> <span class='ocrx_word' id='word_1_351' title='bbox 710 4696 762 4750; x_wconf 90' lang='lat' dir='ltr'><strong>in</strong></span> <span class='ocrx_word' id='word_1_352' title='bbox 792 4696 1090 4753; x_wconf 66' lang='lat' dir='ltr'><strong>Palmstinze</strong></span> <span class='ocrx_word' id='word_1_353' title='bbox 1107 4703 1346 4769; x_wconf 82' lang='lat' dir='ltr'><strong>partibus</strong></span> <span class='ocrx_word' id='word_1_354' title='bbox 1366 4705 1521 4772; x_wconf 79' lang='lat' dir='ltr'><strong>juxta</strong></span> <span class='ocrx_word' id='word_1_355' title='bbox 1543 4707 1679 4760; x_wconf 88' lang='lat' dir='ltr'><strong>The—</strong></span> 
     </span>
    </p>
   </div>
   <div class='ocr_carea' id='block_1_52' title="bbox 131 4782 1679 4860">
    <p class='ocr_par' dir='ltr' id='par_1_52' title="bbox 131 4782 1679 4860">
     <span class='ocr_line' id='line_1_52' title="bbox 131 4782 1679 4860; baseline 0.012 -31"><span class='ocrx_word' id='word_1_356' title='bbox 131 4793 227 4833; x_wconf 91' lang='lat' dir='ltr'><strong>cue</strong></span> <span class='ocrx_word' id='word_1_357' title='bbox 261 4782 437 4833; x_wconf 83' lang='lat' dir='ltr'><strong>vicum</strong></span> <span class='ocrx_word' id='word_1_358' title='bbox 477 4784 562 4860; x_wconf 80' lang='lat' dir='ltr'><strong>(an</strong></span> <span class='ocrx_word' id='word_1_359' title='bbox 595 4795 858 4860; x_wconf 79' lang='lat' dir='ltr'><strong>muratatn</strong></span> <span class='ocrx_word' id='word_1_360' title='bbox 895 4788 1180 4853; x_wconf 88' lang='lat' dir='ltr'><strong>civitatem,</strong></span> <span class='ocrx_word' id='word_1_361' title='bbox 1216 4807 1375 4857; x_wconf 90' lang='lat' dir='ltr'><strong>quam</strong></span> <span class='ocrx_word' id='word_1_362' title='bbox 1413 4795 1679 4847; x_wconf 83' lang='lat' dir='ltr'><strong>exstruxit</strong></span> 
     </span>
    </p>
   </div>
   <div class='ocr_carea' id='block_1_53' title="bbox 133 4854 1676 4952">
    <p class='ocr_par' dir='ltr' id='par_1_53' title="bbox 133 4854 1676 4952">
     <span class='ocr_line' id='line_1_53' title="bbox 133 4854 1676 4952; baseline 0.012 -33"><span class='ocrx_word' id='word_1_363' title='bbox 133 4867 373 4921; x_wconf 78' lang='lat' dir='ltr'><strong>Roboam</strong></span> <span class='ocrx_word' id='word_1_364' title='bbox 419 4854 533 4930; x_wconf 49' lang='lat' dir='ltr'><strong>rei,</strong></span> <span class='ocrx_word' id='word_1_365' title='bbox 568 4874 611 4925; x_wconf 89' lang='lat' dir='ltr'><strong>ll</strong></span> <span class='ocrx_word' id='word_1_366' title='bbox 664 4856 836 4929; x_wconf 71' lang='lat' dir='ltr'><strong>Paral.</strong></span> <span class='ocrx_word' id='word_1_367' title='bbox 886 4895 960 4940; x_wconf 69' lang='grc' dir='ltr'><strong>ιι,</strong></span> <span class='ocrx_word' id='word_1_368' title='bbox 1001 4879 1052 4942; x_wconf 82' lang='lat'><strong>6,</strong></span> <span class='ocrx_word' id='word_1_369' title='bbox 1088 4854 1251 4934; x_wconf 75' lang='lat' dir='ltr'><strong>Amos</strong></span> <span class='ocrx_word' id='word_1_370' title='bbox 1282 4884 1553 4950; x_wconf 75' lang='lat' dir='ltr'><strong>propheta:</strong></span> <span class='ocrx_word' id='word_1_371' title='bbox 1582 4901 1676 4952; x_wconf 84' lang='lat' dir='ltr'><strong>pa—</strong></span> 
     </span>
    </p>
   </div>
   <div class='ocr_carea' id='block_1_54' title="bbox 134 4956 1671 5035">
    <p class='ocr_par' dir='ltr' id='par_1_54' title="bbox 134 4956 1671 5035">
     <span class='ocr_line' id='line_1_54' title="bbox 134 4956 1671 5035; baseline 0.013 -31"><span class='ocrx_word' id='word_1_372' title='bbox 134 4956 313 5021; x_wconf 87' lang='lat' dir='ltr'><strong>triam)</strong></span> <span class='ocrx_word' id='word_1_373' title='bbox 371 4958 607 5010; x_wconf 85' lang='lat' dir='ltr'><strong>solitudo</strong></span> <span class='ocrx_word' id='word_1_374' title='bbox 660 4965 963 5016; x_wconf 86' lang='lat' dir='ltr'><strong>vastissima</strong></span> <span class='ocrx_word' id='word_1_375' title='bbox 1018 4975 1292 5035; x_wconf 88' lang='lat' dir='ltr'><strong>estusque</strong></span> <span class='ocrx_word' id='word_1_376' title='bbox 1319 4971 1382 5022; x_wconf 90' lang='lat' dir='ltr'><strong>ad</strong></span> <span class='ocrx_word' id='word_1_377' title='bbox 1423 4971 1671 5024; x_wconf 84' lang='lat' dir='ltr'><strong>Arabiam</strong></span> 
     </span>
    </p>
   </div>
   <div class='ocr_carea' id='block_1_55' title="bbox 132 5047 1674 5121">
    <p class='ocr_par' dir='ltr' id='par_1_55' title="bbox 132 5047 1674 5121">
     <span class='ocr_line' id='line_1_55' title="bbox 132 5047 1674 5121; baseline 0.011 -25"><span class='ocrx_word' id='word_1_378' title='bbox 132 5053 181 5096; x_wconf 92' lang='lat' dir='ltr'><strong>et</strong></span> <span class='ocrx_word' id='word_1_379' title='bbox 228 5061 374 5098; x_wconf 89' lang='lat' dir='ltr'><strong>mare</strong></span> <span class='ocrx_word' id='word_1_380' title='bbox 425 5047 716 5112; x_wconf 79' lang='lat' dir='ltr'><strong>Mortuum,</strong></span> <span class='ocrx_word' id='word_1_381' title='bbox 759 5068 867 5118; x_wconf 87' lang='lat' dir='ltr'><strong>quo</strong></span> <span class='ocrx_word' id='word_1_382' title='bbox 903 5053 1139 5121; x_wconf 87' lang='lat' dir='ltr'><strong>ingressa</strong></span> <span class='ocrx_word' id='word_1_383' title='bbox 1171 5057 1424 5112; x_wconf 85' lang='lat' dir='ltr'><strong>deficiunt</strong></span> <span class='ocrx_word' id='word_1_384' title='bbox 1479 5060 1674 5113; x_wconf 84' lang='lat' dir='ltr'><strong>fluenta</strong></span> 
     </span>
    </p>
   </div>
   <div class='ocr_carea' id='block_1_56' title="bbox 133 5131 1674 5209">
    <p class='ocr_par' dir='ltr' id='par_1_56' title="bbox 133 5131 1674 5209">
     <span class='ocr_line' id='line_1_56' title="bbox 133 5131 1674 5209; baseline 0.011 -24"><span class='ocrx_word' id='word_1_385' title='bbox 133 5131 378 5187; x_wconf 81' lang='lat' dir='ltr'><strong>.lordanis</strong></span> <span class='ocrx_word' id='word_1_386' title='bbox 423 5147 475 5188; x_wconf 91' lang='lat' dir='ltr'><strong>et</strong></span> <span class='ocrx_word' id='word_1_387' title='bbox 506 5138 641 5190; x_wconf 88' lang='lat' dir='ltr'><strong>alvei</strong></span> <span class='ocrx_word' id='word_1_388' title='bbox 672 5139 757 5190; x_wconf 90' lang='lat' dir='ltr'><strong>siti</strong></span> <span class='ocrx_word' id='word_1_389' title='bbox 809 5141 1010 5194; x_wconf 88' lang='lat' dir='ltr'><strong>faciunt</strong></span> <span class='ocrx_word' id='word_1_390' title='bbox 1048 5145 1226 5209; x_wconf 88' lang='lat' dir='ltr'><strong>linem,</strong></span> <span class='ocrx_word' id='word_1_391' title='bbox 1259 5156 1312 5200; x_wconf 90' lang='lat' dir='ltr'><strong>et</strong></span> <span class='ocrx_word' id='word_1_392' title='bbox 1337 5149 1543 5201; x_wconf 90' lang='lat' dir='ltr'><strong>cineres</strong></span> <span class='ocrx_word' id='word_1_393' title='bbox 1577 5147 1674 5201; x_wconf 90' lang='lat' dir='ltr'><strong>So-</strong></span> 
     </span>
    </p>
   </div>
   <div class='ocr_carea' id='block_1_57' title="bbox 134 5224 1673 5306">
    <p class='ocr_par' dir='ltr' id='par_1_57' title="bbox 134 5224 1673 5306">
     <span class='ocr_line' id='line_1_57' title="bbox 134 5224 1673 5306; baseline 0.012 -30"><span class='ocrx_word' id='word_1_394' title='bbox 134 5224 434 5292; x_wconf 87' lang='lat' dir='ltr'><strong>domorum,</strong></span> <span class='ocrx_word' id='word_1_395' title='bbox 469 5227 796 5295; x_wconf 89' lang='lat' dir='ltr'><strong>amplissima</strong></span> <span class='ocrx_word' id='word_1_396' title='bbox 857 5234 1172 5288; x_wconf 77' lang='lat' dir='ltr'><strong>extensione</strong></span> <span class='ocrx_word' id='word_1_397' title='bbox 1200 5248 1464 5302; x_wconf 85' lang='lat' dir='ltr'><strong>porrecta.</strong></span> <span class='ocrx_word' id='word_1_398' title='bbox 1503 5238 1673 5306; x_wconf 81' lang='lat' dir='ltr'><strong>Hujus</strong></span> 
     </span>
    </p>
   </div>
   <div class='ocr_carea' id='block_1_58' title="bbox 136 5315 1670 5390">
    <p class='ocr_par' dir='ltr' id='par_1_58' title="bbox 136 5315 1670 5390">
     <span class='ocr_line' id='line_1_58' title="bbox 136 5315 1670 5390; baseline 0.009 -22"><span class='ocrx_word' id='word_1_399' title='bbox 136 5315 436 5371; x_wconf 85' lang='lat' dir='ltr'><strong>solitudinis</strong></span> <span class='ocrx_word' id='word_1_400' title='bbox 477 5321 676 5371; x_wconf 89' lang='lat' dir='ltr'><strong>mentio</strong></span> <span class='ocrx_word' id='word_1_401' title='bbox 723 5320 778 5373; x_wconf 88' lang='lat' dir='ltr'><strong>fit</strong></span> <span class='ocrx_word' id='word_1_402' title='bbox 828 5320 870 5372; x_wconf 85' lang='lat' dir='ltr'><strong>ll</strong></span> <span class='ocrx_word' id='word_1_403' title='bbox 918 5320 1093 5376; x_wconf 60' lang='lat' dir='ltr'><strong>Pardl.</strong></span> <span class='ocrx_word' id='word_1_404' title='bbox 1138 5339 1226 5386; x_wconf 82' lang='lat' dir='ltr'><strong>xx,</strong></span> <span class='ocrx_word' id='word_1_405' title='bbox 1280 5328 1370 5390; x_wconf 68' lang='lat'><strong>20,</strong></span> <span class='ocrx_word' id='word_1_406' title='bbox 1404 5336 1456 5380; x_wconf 89' lang='lat' dir='ltr'><strong>et</strong></span> <span class='ocrx_word' id='word_1_407' title='bbox 1488 5326 1528 5379; x_wconf 90' lang='lat' dir='ltr'><strong>ll</strong></span> <span class='ocrx_word' id='word_1_408' title='bbox 1561 5327 1670 5382; x_wconf 76' lang='lat' dir='ltr'><strong>Ma-</strong></span> 
     </span>
    </p>
   </div>
   <div class='ocr_carea' id='block_1_59' title="bbox 135 5406 1670 5474">
    <p class='ocr_par' dir='ltr' id='par_1_59' title="bbox 135 5406 1670 5474">
     <span class='ocr_line' id='line_1_59' title="bbox 135 5406 1670 5474; baseline 0.01 -16"><span class='ocrx_word' id='word_1_409' title='bbox 135 5406 309 5460; x_wconf 88' lang='lat' dir='ltr'><strong>chab.-</strong></span> <span class='ocrx_word' id='word_1_410' title='bbox 341 5422 416 5471; x_wconf 81' lang='lat' dir='ltr'><strong>Ix,</strong></span> <span class='ocrx_word' id='word_1_411' title='bbox 450 5408 535 5461; x_wconf 77' lang='lat'><strong>&#39;55.</strong></span> <span class='ocrx_word' id='word_1_412' title='bbox 570 5409 626 5462; x_wconf 85' lang='lat' dir='ltr'><strong>In</strong></span> <span class='ocrx_word' id='word_1_413' title='bbox 669 5411 765 5465; x_wconf 89' lang='lat' dir='ltr'><strong>hac</strong></span> <span class='ocrx_word' id='word_1_414' title='bbox 799 5428 1024 5466; x_wconf 72' lang='lat' dir='ltr'><strong>summae</strong></span> <span class='ocrx_word' id='word_1_415' title='bbox 1067 5414 1190 5467; x_wconf 70' lang='lat' dir='ltr'><strong>vita:</strong></span> <span class='ocrx_word' id='word_1_416' title='bbox 1237 5431 1299 5468; x_wconf 91' lang='lat' dir='ltr'><strong>ac</strong></span> <span class='ocrx_word' id='word_1_417' title='bbox 1365 5418 1670 5474; x_wconf 84' lang='lat' dir='ltr'><strong>sanctitatis</strong></span> 
     </span>
    </p>
   </div>
   <div class='ocr_carea' id='block_1_60' title="bbox 139 5490 1672 5574">
    <p class='ocr_par' dir='ltr' id='par_1_60' title="bbox 139 5490 1672 5574">
     <span class='ocr_line' id='line_1_60' title="bbox 139 5490 1672 5574; baseline 0.008 -23"><span class='ocrx_word' id='word_1_418' title='bbox 139 5499 233 5554; x_wconf 84' lang='lat' dir='ltr'><strong>viri</strong></span> <span class='ocrx_word' id='word_1_419' title='bbox 267 5501 512 5553; x_wconf 86' lang='lat' dir='ltr'><strong>monachi</strong></span> <span class='ocrx_word' id='word_1_420' title='bbox 539 5491 842 5556; x_wconf 85' lang='lat' dir='ltr'><strong>diutissime</strong></span> <span class='ocrx_word' id='word_1_421' title='bbox 872 5490 1270 5558; x_wconf 59' lang='lat' dir='ltr'><strong>comm&#39;orantcs</strong></span> <span class='ocrx_word' id='word_1_422' title='bbox 1300 5519 1518 5574; x_wconf 90' lang='lat' dir='ltr'><strong>repente</strong></span> <span class='ocrx_word' id='word_1_423' title='bbox 1547 5520 1672 5564; x_wconf 91' lang='lat' dir='ltr'><strong>sunt</strong></span> 
     </span>
    </p>
   </div>
   <div class='ocr_carea' id='block_1_61' title="bbox 145 5591 1670 5656">
    <p class='ocr_par' dir='ltr' id='par_1_61' title="bbox 145 5591 1670 5656">
     <span class='ocr_line' id='line_1_61' title="bbox 145 5591 1670 5656; baseline 0.011 -16"><span class='ocrx_word' id='word_1_424' title='bbox 145 5604 165 5640; x_wconf 62' lang='grc' dir='ltr'>π</span> <span class='ocrx_word' id='word_1_425' title='bbox 193 5591 622 5650; x_wconf 82' lang='lat' dir='ltr'><strong>discurrentibus</strong></span> <span class='ocrx_word' id='word_1_426' title='bbox 663 5594 1049 5649; x_wconf 87' lang='lat' dir='ltr'><strong>Saracenorum</strong></span> <span class='ocrx_word' id='word_1_427' title='bbox 1079 5598 1392 5652; x_wconf 89' lang='lat' dir='ltr'><strong>latrunculis</strong></span> <span class='ocrx_word' id='word_1_428' title='bbox 1423 5602 1670 5656; x_wconf 76' lang='lat' dir='ltr'><strong>interem-</strong></span> 
     </span>
    </p>
   </div>
   <div class='ocr_carea' id='block_1_62' title="bbox 139 5683 1494 5761">
    <p class='ocr_par' dir='ltr' id='par_1_62' title="bbox 139 5683 1494 5761">
     <span class='ocr_line' id='line_1_62' title="bbox 139 5683 1494 5761; baseline 0.009 -27"><span class='ocrx_word' id='word_1_429' title='bbox 139 5683 236 5749; x_wconf 79' lang='lat' dir='ltr'><strong>pti,</strong></span> <span class='ocrx_word' id='word_1_430' title='bbox 256 5701 300 5738; x_wconf 58' lang='grc' dir='ltr'><strong>ρ)</strong></span> <span class='ocrx_word' id='word_1_431' title='bbox 340 5693 438 5739; x_wconf 84' lang='lat' dir='ltr'><strong>etc.</strong></span> <span class='ocrx_word' id='word_1_432' title='bbox 471 5685 571 5740; x_wconf 71' lang='lat' dir='ltr'><strong>Sed</strong></span> <span class='ocrx_word' id='word_1_433' title='bbox 602 5684 824 5741; x_wconf 86' lang='lat' dir='ltr'><strong>inferius</strong></span> <span class='ocrx_word' id='word_1_434' title='bbox 856 5687 920 5741; x_wconf 90' lang='lat' dir='ltr'><strong>de</strong></span> <span class='ocrx_word' id='word_1_435' title='bbox 948 5689 1025 5742; x_wconf 88' lang='lat' dir='ltr'><strong>his</strong></span> <span class='ocrx_word' id='word_1_436' title='bbox 1054 5703 1202 5758; x_wconf 75' lang='lat' dir='ltr'><strong>agam</strong></span> <span class='ocrx_word' id='word_1_437' title='bbox 1236 5691 1494 5761; x_wconf 86' lang='lat' dir='ltr'><strong>pluribus.</strong></span> 
     </span>
    </p>
   </div>
   <div class='ocr_carea' id='block_1_63' title="bbox 1780 545 3315 617">
    <p class='ocr_par' dir='ltr' id='par_1_63' title="bbox 1780 545 3315 617">
     <span class='ocr_line' id='line_1_63' title="bbox 1780 545 3315 617; baseline -0.008 -8"><span class='ocrx_word' id='word_1_438' title='bbox 1780 571 2092 610; x_wconf 84' lang='lat' dir='ltr'><strong>racenorum</strong></span> <span class='ocrx_word' id='word_1_439' title='bbox 2126 555 2228 610; x_wconf 91' lang='lat' dir='ltr'><strong>sub</strong></span> <span class='ocrx_word' id='word_1_440' title='bbox 2260 553 2562 609; x_wconf 88' lang='lat' dir='ltr'><strong>Theodosio</strong></span> <span class='ocrx_word' id='word_1_441' title='bbox 2588 550 2810 606; x_wconf 81' lang='lat' dir='ltr'><strong>Juniorc</strong></span> <span class='ocrx_word' id='word_1_442' title='bbox 2838 549 3082 617; x_wconf 84' lang='lat' dir='ltr'><strong>contigit,</strong></span> <span class='ocrx_word' id='word_1_443' title='bbox 3111 561 3233 600; x_wconf 90' lang='lat' dir='ltr'><strong>cum</strong></span> <span class='ocrx_word' id='word_1_444' title='bbox 3262 545 3315 597; x_wconf 91' lang='lat' dir='ltr'><strong>in</strong></span> 
     </span>
    </p>
   </div>
   <div class='ocr_carea' id='block_1_64' title="bbox 1779 635 3317 715">
    <p class='ocr_par' dir='ltr' id='par_1_64' title="bbox 1779 635 3317 715">
     <span class='ocr_line' id='line_1_64' title="bbox 1779 635 3317 715; baseline -0.008 -16"><span class='ocrx_word' id='word_1_445' title='bbox 1779 645 1906 699; x_wconf 88' lang='lat' dir='ltr'><strong>Sina</strong></span> <span class='ocrx_word' id='word_1_446' title='bbox 1964 646 2212 715; x_wconf 68' lang='lat' dir='ltr'><strong>degeret.</strong></span> <span class='ocrx_word' id='word_1_447' title='bbox 2245 645 2355 714; x_wconf 86' lang='lat' dir='ltr'><strong>jam</strong></span> <span class='ocrx_word' id='word_1_448' title='bbox 2404 658 2564 699; x_wconf 79' lang='lat' dir='ltr'><strong>senex</strong></span> <span class='ocrx_word' id='word_1_449' title='bbox 2600 650 2735 706; x_wconf 90' lang='lat' dir='ltr'><strong>erat,</strong></span> <span class='ocrx_word' id='word_1_450' title='bbox 2773 649 2830 694; x_wconf 92' lang='lat' dir='ltr'><strong>ut</strong></span> <span class='ocrx_word' id='word_1_451' title='bbox 2864 640 2975 708; x_wconf 89' lang='lat' dir='ltr'><strong>ipse</strong></span> <span class='ocrx_word' id='word_1_452' title='bbox 3011 643 3212 690; x_wconf 88' lang='lat' dir='ltr'><strong>narrat.</strong></span> <span class='ocrx_word' id='word_1_453' title='bbox 3248 635 3317 694; x_wconf 87' lang='lat'><strong>6,</strong></span> 
     </span>
    </p>
   </div>
   <div class='ocr_carea' id='block_1_65' title="bbox 1778 728 3319 807">
    <p class='ocr_par' dir='ltr' id='par_1_65' title="bbox 1778 728 3319 807">
     <span class='ocr_line' id='line_1_65' title="bbox 1778 728 3319 807; baseline -0.011 -15"><span class='ocrx_word' id='word_1_454' title='bbox 1778 753 1898 807; x_wconf 86' lang='lat' dir='ltr'><strong>pag.</strong></span> <span class='ocrx_word' id='word_1_455' title='bbox 1951 736 2040 799; x_wconf 70' lang='lat'><strong>92,</strong></span> <span class='ocrx_word' id='word_1_456' title='bbox 2089 735 2229 807; x_wconf 88' lang='lat' dir='ltr'><strong>apud</strong></span> <span class='ocrx_word' id='word_1_457' title='bbox 2279 734 2561 790; x_wconf 79' lang='lat' dir='ltr'><strong>Possinum</strong></span> <span class='ocrx_word' id='word_1_458' title='bbox 2614 732 2809 787; x_wconf 84' lang='lat' dir='ltr'><strong>fatetur</strong></span> <span class='ocrx_word' id='word_1_459' title='bbox 2838 746 2898 785; x_wconf 75' lang='lat' dir='ltr'><strong>ex</strong></span> <span class='ocrx_word' id='word_1_460' title='bbox 2935 728 3160 782; x_wconf 88' lang='lat' dir='ltr'><strong>aliorum</strong></span> <span class='ocrx_word' id='word_1_461' title='bbox 3193 740 3319 778; x_wconf 80' lang='lat' dir='ltr'><strong>sen-</strong></span> 
     </span>
    </p>
   </div>
   <div class='ocr_carea' id='block_1_66' title="bbox 1779 816 3320 894">
    <p class='ocr_par' dir='ltr' id='par_1_66' title="bbox 1779 816 3320 894">
     <span class='ocr_line' id='line_1_66' title="bbox 1779 816 3320 894; baseline -0.011 -12"><span class='ocrx_word' id='word_1_462' title='bbox 1779 829 1959 894; x_wconf 87' lang='lat' dir='ltr'><strong>tentia,</strong></span> <span class='ocrx_word' id='word_1_463' title='bbox 2013 828 2103 882; x_wconf 90' lang='lat' dir='ltr'><strong>ubi</strong></span> <span class='ocrx_word' id='word_1_464' title='bbox 2163 827 2347 882; x_wconf 85' lang='lat' dir='ltr'><strong>scribit</strong></span> <span class='ocrx_word' id='word_1_465' title='bbox 2383 843 2395 879; x_wconf 89' lang='lat'><strong>:</strong></span> <span class='ocrx_word' id='word_1_466' title='bbox 2428 822 2535 877; x_wconf 76' lang='lat' dir='ltr'><strong>&#39;Hv</strong></span> <span class='ocrx_word' id='word_1_467' title='bbox 2580 824 2634 876; x_wconf 85' lang='grc' dir='ltr'><strong>δὲ</strong></span> <span class='ocrx_word' id='word_1_468' title='bbox 2667 822 2819 890; x_wconf 80' lang='grc' dir='ltr'><strong>κάγὼ</strong></span> <span class='ocrx_word' id='word_1_469' title='bbox 2857 819 3016 892; x_wconf 83' lang='grc' dir='ltr'><strong>βάδην</strong></span> <span class='ocrx_word' id='word_1_470' title='bbox 3062 816 3320 884; x_wconf 77' lang='grc' dir='ltr'><strong>ἑπόμενος</strong></span> 
     </span>
    </p>
   </div>
   <div class='ocr_carea' id='block_1_67' title="bbox 1779 905 3318 988">
    <p class='ocr_par' dir='ltr' id='par_1_67' title="bbox 1779 905 3318 988">
     <span class='ocr_line' id='line_1_67' title="bbox 1779 905 3318 988; baseline -0.01 -17"><span class='ocrx_word' id='word_1_471' title='bbox 1779 920 1886 980; x_wconf 82' lang='grc' dir='ltr'><strong>τοῖς</strong></span> <span class='ocrx_word' id='word_1_472' title='bbox 1915 917 2336 988; x_wconf 80' lang='grc' dir='ltr'><strong>προστείχουσιν,</strong></span> <span class='ocrx_word' id='word_1_473' title='bbox 2365 915 2438 978; x_wconf 84' lang='grc' dir='ltr'><strong>ὡς</strong></span> <span class='ocrx_word' id='word_1_474' title='bbox 2471 915 2565 984; x_wconf 83' lang='grc' dir='ltr'><strong>μὲν</strong></span> <span class='ocrx_word' id='word_1_475' title='bbox 2599 914 2727 976; x_wconf 73' lang='grc' dir='ltr'><strong>ἴσως</strong></span> <span class='ocrx_word' id='word_1_476' title='bbox 2755 913 2972 982; x_wconf 72' lang='grc' dir='ltr'>φήσειεν</span> <span class='ocrx_word' id='word_1_477' title='bbox 3009 908 3162 968; x_wconf 80' lang='grc' dir='ltr'>ἄλλος</span> <span class='ocrx_word' id='word_1_478' title='bbox 3190 905 3318 957; x_wconf 74' lang='grc' dir='ltr'><strong>άδυ-⁵</strong></span> 
     </span>
    </p>
   </div>
   <div class='ocr_carea' id='block_1_68' title="bbox 1723 994 3320 1079">
    <p class='ocr_par' dir='ltr' id='par_1_68' title="bbox 1723 994 3320 1079">
     <span class='ocr_line' id='line_1_68' title="bbox 1723 994 3320 1079; baseline -0.012 -18"><span class='ocrx_word' id='word_1_479' title='bbox 1723 994 1733 1008; x_wconf 42' lang='lat'><strong><em>.</em></strong></span> <span class='ocrx_word' id='word_1_480' title='bbox 1779 1009 1963 1079; x_wconf 75' lang='grc' dir='ltr'><strong>ναμίᾳ,</strong></span> <span class='ocrx_word' id='word_1_481' title='bbox 1994 1009 2116 1071; x_wconf 81' lang='grc' dir='ltr'><strong>τοὺς</strong></span> <span class='ocrx_word' id='word_1_482' title='bbox 2161 1008 2356 1076; x_wconf 79' lang='grc' dir='ltr'>μᾶλλον</span> <span class='ocrx_word' id='word_1_483' title='bbox 2402 1004 2678 1074; x_wconf 81' lang='grc' dir='ltr'>ἰσχύοντας</span> <span class='ocrx_word' id='word_1_484' title='bbox 2706 1005 2765 1054; x_wconf 87' lang='grc' dir='ltr'>οὐ</span> <span class='ocrx_word' id='word_1_485' title='bbox 2817 1001 3028 1069; x_wconf 86' lang='grc' dir='ltr'>φθάνων</span> <span class='ocrx_word' id='word_1_486' title='bbox 3067 994 3320 1061; x_wconf 77' lang='grc' dir='ltr'>ἀσθενείᾳ</span> 
     </span>
    </p>
   </div>
   <div class='ocr_carea' id='block_1_69' title="bbox 1778 1085 3316 1168">
    <p class='ocr_par' dir='ltr' id='par_1_69' title="bbox 1778 1085 3316 1168">
     <span class='ocr_line' id='line_1_69' title="bbox 1778 1085 3316 1168; baseline -0.01 -19"><span class='ocrx_word' id='word_1_487' title='bbox 1778 1098 1870 1149; x_wconf 81' lang='grc' dir='ltr'><strong>τοῦ</strong></span> <span class='ocrx_word' id='word_1_488' title='bbox 1911 1100 2115 1168; x_wconf 84' lang='grc' dir='ltr'><strong>γήρως,</strong></span> <span class='ocrx_word' id='word_1_489' title='bbox 2169 1097 2220 1151; x_wconf 89' lang='lat' dir='ltr'><strong>id</strong></span> <span class='ocrx_word' id='word_1_490' title='bbox 2257 1104 2358 1163; x_wconf 89' lang='lat' dir='ltr'><strong>est,</strong></span> <span class='ocrx_word' id='word_1_491' title='bbox 2413 1095 2520 1164; x_wconf 87' lang='lat' dir='ltr'><strong>Ego</strong></span> <span class='ocrx_word' id='word_1_492' title='bbox 2563 1109 2679 1147; x_wconf 84' lang='lat' dir='ltr'><strong>vero</strong></span> <span class='ocrx_word' id='word_1_493' title='bbox 2721 1092 2970 1160; x_wconf 77' lang='lat' dir='ltr'><strong>sequebar</strong></span> <span class='ocrx_word' id='word_1_494' title='bbox 3014 1085 3316 1156; x_wconf 85' lang='lat' dir='ltr'><strong>pedetentim</strong></span> 
     </span>
    </p>
   </div>
   <div class='ocr_carea' id='block_1_70' title="bbox 1778 1180 3316 1256">
    <p class='ocr_par' dir='ltr' id='par_1_70' title="bbox 1778 1180 3316 1256">
     <span class='ocr_line' id='line_1_70' title="bbox 1778 1180 3316 1256; baseline -0.01 -14"><span class='ocrx_word' id='word_1_495' title='bbox 1778 1197 2170 1256; x_wconf 69' lang='lat' dir='ltr'><strong>prazcurrentes,</strong></span> <span class='ocrx_word' id='word_1_496' title='bbox 2201 1196 2256 1241; x_wconf 89' lang='lat' dir='ltr'><strong>ut</strong></span> <span class='ocrx_word' id='word_1_497' title='bbox 2277 1185 2484 1256; x_wconf 87' lang='lat' dir='ltr'><strong>quidem</strong></span> <span class='ocrx_word' id='word_1_498' title='bbox 2512 1185 2732 1252; x_wconf 76' lang='lat' dir='ltr'><strong>fortasse</strong></span> <span class='ocrx_word' id='word_1_499' title='bbox 2777 1183 2966 1235; x_wconf 82' lang='lat' dir='ltr'><strong>diceret</strong></span> <span class='ocrx_word' id='word_1_500' title='bbox 3009 1180 3168 1244; x_wconf 87' lang='lat' dir='ltr'><strong>alius,</strong></span> <span class='ocrx_word' id='word_1_501' title='bbox 3212 1191 3316 1244; x_wconf 71' lang='lat' dir='ltr'><strong>prce</strong></span> 
     </span>
    </p>
   </div>
   <div class='ocr_carea' id='block_1_71' title="bbox 1781 1266 3320 1342">
    <p class='ocr_par' dir='ltr' id='par_1_71' title="bbox 1781 1266 3320 1342">
     <span class='ocr_line' id='line_1_71' title="bbox 1781 1266 3320 1342; baseline -0.01 -12"><span class='ocrx_word' id='word_1_502' title='bbox 1781 1277 2088 1342; x_wconf 82' lang='lat' dir='ltr'><strong>impotentia</strong></span> <span class='ocrx_word' id='word_1_503' title='bbox 2137 1292 2237 1328; x_wconf 91' lang='lat' dir='ltr'><strong>non</strong></span> <span class='ocrx_word' id='word_1_504' title='bbox 2279 1273 2450 1328; x_wconf 85' lang='lat' dir='ltr'><strong>valens</strong></span> <span class='ocrx_word' id='word_1_505' title='bbox 2499 1273 2703 1342; x_wconf 80' lang='lat' dir='ltr'><strong>assequi</strong></span> <span class='ocrx_word' id='word_1_506' title='bbox 2744 1287 2850 1335; x_wconf 90' lang='lat' dir='ltr'><strong>eos,</strong></span> <span class='ocrx_word' id='word_1_507' title='bbox 2905 1271 2994 1339; x_wconf 87' lang='lat' dir='ltr'><strong>qui</strong></span> <span class='ocrx_word' id='word_1_508' title='bbox 3039 1266 3320 1332; x_wconf 82' lang='lat' dir='ltr'><strong>maioribus</strong></span> 
     </span>
    </p>
   </div>
   <div class='ocr_carea' id='block_1_72' title="bbox 1777 1357 3319 1434">
    <p class='ocr_par' dir='ltr' id='par_1_72' title="bbox 1777 1357 3319 1434">
     <span class='ocr_line' id='line_1_72' title="bbox 1777 1357 3319 1434; baseline -0.008 -15"><span class='ocrx_word' id='word_1_509' title='bbox 1777 1375 1927 1420; x_wconf 87' lang='lat' dir='ltr'><strong>erant</strong></span> <span class='ocrx_word' id='word_1_510' title='bbox 1968 1366 2176 1434; x_wconf 66' lang='lat' dir='ltr'><strong>praediti</strong></span> <span class='ocrx_word' id='word_1_511' title='bbox 2213 1365 2426 1429; x_wconf 84' lang='lat' dir='ltr'><strong>viribus,</strong></span> <span class='ocrx_word' id='word_1_512' title='bbox 2473 1364 2534 1417; x_wconf 92' lang='lat' dir='ltr'><strong>ob</strong></span> <span class='ocrx_word' id='word_1_513' title='bbox 2569 1363 2841 1416; x_wconf 84' lang='lat' dir='ltr'><strong>senectutis</strong></span> <span class='ocrx_word' id='word_1_514' title='bbox 2872 1357 3319 1413; x_wconf 77' lang='lat' dir='ltr'><strong>imbecillitatem:</strong></span> 
     </span>
    </p>
   </div>
   <div class='ocr_carea' id='block_1_73' title="bbox 1779 1452 3318 1525">
    <p class='ocr_par' dir='ltr' id='par_1_73' title="bbox 1779 1452 3318 1525">
     <span class='ocr_line' id='line_1_73' title="bbox 1779 1452 3318 1525; baseline -0.009 -15"><span class='ocrx_word' id='word_1_515' title='bbox 1779 1456 2228 1525; x_wconf 88' lang='lat' dir='ltr'><strong>quemadmodum</strong></span> <span class='ocrx_word' id='word_1_516' title='bbox 2281 1463 2335 1508; x_wconf 91' lang='lat' dir='ltr'><strong>et</strong></span> <span class='ocrx_word' id='word_1_517' title='bbox 2375 1454 2640 1508; x_wconf 74' lang='lat' dir='ltr'><strong>Subducto</strong></span> <span class='ocrx_word' id='word_1_518' title='bbox 2679 1452 2888 1506; x_wconf 90' lang='lat' dir='ltr'><strong>calculo</strong></span> <span class='ocrx_word' id='word_1_519' title='bbox 2919 1464 3038 1502; x_wconf 80' lang='lat' dir='ltr'><strong>mox</strong></span> <span class='ocrx_word' id='word_1_520' title='bbox 3070 1460 3318 1512; x_wconf 91' lang='lat' dir='ltr'><strong>compro-</strong></span> 
     </span>
    </p>
   </div>
   <div class='ocr_carea' id='block_1_74' title="bbox 1780 1532 3319 1609">
    <p class='ocr_par' dir='ltr' id='par_1_74' title="bbox 1780 1532 3319 1609">
     <span class='ocr_line' id='line_1_74' title="bbox 1780 1532 3319 1609; baseline -0.01 -9"><span class='ocrx_word' id='word_1_521' title='bbox 1780 1548 1916 1602; x_wconf 87' lang='lat' dir='ltr'><strong>babo</strong></span> <span class='ocrx_word' id='word_1_522' title='bbox 1956 1547 2103 1599; x_wconf 91' lang='lat' dir='ltr'><strong>illum</strong></span> <span class='ocrx_word' id='word_1_523' title='bbox 2137 1545 2324 1599; x_wconf 86' lang='lat' dir='ltr'><strong>affecta</strong></span> <span class='ocrx_word' id='word_1_524' title='bbox 2368 1553 2480 1596; x_wconf 90' lang='lat' dir='ltr'><strong>tum</strong></span> <span class='ocrx_word' id='word_1_525' title='bbox 2514 1551 2669 1597; x_wconf 85' lang='lat' dir='ltr'><strong>actate</strong></span> <span class='ocrx_word' id='word_1_526' title='bbox 2726 1543 2909 1595; x_wconf 86' lang='lat' dir='ltr'><strong>fuisse.</strong></span> <span class='ocrx_word' id='word_1_527' title='bbox 2943 1539 3074 1609; x_wconf 77' lang='lat' dir='ltr'><strong>Nam</strong></span> <span class='ocrx_word' id='word_1_528' title='bbox 3105 1549 3232 1589; x_wconf 87' lang='lat' dir='ltr'><strong>cum</strong></span> <span class='ocrx_word' id='word_1_529' title='bbox 3256 1532 3319 1586; x_wconf 90' lang='lat' dir='ltr'><strong>ad</strong></span> 
     </span>
    </p>
   </div>
   <div class='ocr_carea' id='block_1_75' title="bbox 1779 1611 3314 1707">
    <p class='ocr_par' dir='ltr' id='par_1_75' title="bbox 1779 1611 3314 1707">
     <span class='ocr_line' id='line_1_75' title="bbox 1779 1611 3314 1707; baseline -0.01 -17"><span class='ocrx_word' id='word_1_530' title='bbox 1779 1637 2108 1707; x_wconf 62' lang='lat' dir='ltr'><strong>praefecturae</strong></span> <span class='ocrx_word' id='word_1_531' title='bbox 2132 1611 2329 1689; x_wconf 80' lang='lat' dir='ltr'><strong>munus</strong></span> <span class='ocrx_word' id='word_1_532' title='bbox 2357 1641 2575 1688; x_wconf 87' lang='lat' dir='ltr'><strong>evectus</strong></span> <span class='ocrx_word' id='word_1_533' title='bbox 2618 1633 2738 1696; x_wconf 92' lang='lat' dir='ltr'><strong>fuit,</strong></span> <span class='ocrx_word' id='word_1_534' title='bbox 2776 1640 2834 1686; x_wconf 90' lang='lat' dir='ltr'><strong>ut</strong></span> <span class='ocrx_word' id='word_1_535' title='bbox 2882 1628 3190 1685; x_wconf 88' lang='lat' dir='ltr'><strong>astrucham</strong></span> <span class='ocrx_word' id='word_1_536' title='bbox 3223 1640 3314 1678; x_wconf 88' lang='lat' dir='ltr'><strong>su-</strong></span> 
     </span>
    </p>
   </div>
   <div class='ocr_carea' id='block_1_76' title="bbox 1779 1715 3318 1797">
    <p class='ocr_par' dir='ltr' id='par_1_76' title="bbox 1779 1715 3318 1797">
     <span class='ocr_line' id='line_1_76' title="bbox 1779 1715 3318 1797; baseline -0.01 -15"><span class='ocrx_word' id='word_1_537' title='bbox 1779 1744 1895 1797; x_wconf 89' lang='lat' dir='ltr'><strong>pra,</strong></span> <span class='ocrx_word' id='word_1_538' title='bbox 1931 1727 2031 1787; x_wconf 88' lang='lat' dir='ltr'><strong>sub</strong></span> <span class='ocrx_word' id='word_1_539' title='bbox 2068 1741 2210 1780; x_wconf 91' lang='lat' dir='ltr'><strong>anno</strong></span> <span class='ocrx_word' id='word_1_540' title='bbox 2253 1725 2315 1779; x_wconf 91' lang='lat' dir='ltr'><strong>C.</strong></span> <span class='ocrx_word' id='word_1_541' title='bbox 2335 1724 2396 1779; x_wconf 83' lang='grc' dir='ltr'><strong>Ν.</strong></span> <span class='ocrx_word' id='word_1_542' title='bbox 2421 1725 2557 1789; x_wconf 78' lang='grc'><strong>-405,</strong></span> <span class='ocrx_word' id='word_1_543' title='bbox 2605 1724 2702 1777; x_wconf 91' lang='lat' dir='ltr'><strong>etsi</strong></span> <span class='ocrx_word' id='word_1_544' title='bbox 2729 1723 2872 1791; x_wconf 91' lang='lat' dir='ltr'><strong>leges</strong></span> <span class='ocrx_word' id='word_1_545' title='bbox 2921 1717 3162 1779; x_wconf 87' lang='lat' dir='ltr'><strong>annales,</strong></span> <span class='ocrx_word' id='word_1_546' title='bbox 3207 1715 3318 1770; x_wconf 81' lang='lat' dir='ltr'><strong>sive</strong></span> 
     </span>
    </p>
   </div>
   <div class='ocr_carea' id='block_1_77' title="bbox 1779 1815 3320 1886">
    <p class='ocr_par' dir='ltr' id='par_1_77' title="bbox 1779 1815 3320 1886">
     <span class='ocr_line' id='line_1_77' title="bbox 1779 1815 3320 1886; baseline -0.011 -13"><span class='ocrx_word' id='word_1_547' title='bbox 1779 1820 2035 1880; x_wconf 66' lang='lat' dir='ltr'><strong>annarite,</strong></span> <span class='ocrx_word' id='word_1_548' title='bbox 2059 1817 2255 1886; x_wconf 89' lang='lat' dir='ltr'><strong>quibus</strong></span> <span class='ocrx_word' id='word_1_549' title='bbox 2271 1817 2577 1885; x_wconf 62' lang='lat' dir='ltr'><strong>praascripta</strong></span> <span class='ocrx_word' id='word_1_550' title='bbox 2589 1823 2704 1868; x_wconf 86' lang='lat' dir='ltr'><strong>erat</strong></span> <span class='ocrx_word' id='word_1_551' title='bbox 2722 1821 2870 1874; x_wconf 72' lang='lat' dir='ltr'><strong>aetas,</strong></span> <span class='ocrx_word' id='word_1_552' title='bbox 2888 1826 2992 1880; x_wconf 89' lang='lat' dir='ltr'><strong>qua</strong></span> <span class='ocrx_word' id='word_1_553' title='bbox 3018 1815 3320 1878; x_wconf 69' lang='lat' dir='ltr'><strong>peterentur</strong></span> 
     </span>
    </p>
   </div>
   <div class='ocr_carea' id='block_1_78' title="bbox 1781 1896 3318 1970">
    <p class='ocr_par' dir='ltr' id='par_1_78' title="bbox 1781 1896 3318 1970">
     <span class='ocr_line' id='line_1_78' title="bbox 1781 1896 3318 1970; baseline -0.008 -11"><span class='ocrx_word' id='word_1_554' title='bbox 1781 1907 2033 1969; x_wconf 89' lang='lat' dir='ltr'><strong>honores,</strong></span> <span class='ocrx_word' id='word_1_555' title='bbox 2093 1905 2170 1958; x_wconf 91' lang='lat' dir='ltr'><strong>uti</strong></span> <span class='ocrx_word' id='word_1_556' title='bbox 2216 1903 2360 1958; x_wconf 87' lang='lat' dir='ltr'><strong>canit</strong></span> <span class='ocrx_word' id='word_1_557' title='bbox 2383 1903 2472 1958; x_wconf 91' lang='lat' dir='ltr'><strong>ille</strong></span> <span class='ocrx_word' id='word_1_558' title='bbox 2508 1912 2614 1957; x_wconf 88' lang='lat' dir='ltr'><strong>tam</strong></span> <span class='ocrx_word' id='word_1_559' title='bbox 2647 1901 2808 1967; x_wconf 80' lang='lat' dir='ltr'><strong>Julia,</strong></span> <span class='ocrx_word' id='word_1_560' title='bbox 2850 1916 3010 1970; x_wconf 84' lang='lat' dir='ltr'><strong>quam</strong></span> <span class='ocrx_word' id='word_1_561' title='bbox 3047 1896 3318 1964; x_wconf 86' lang='lat' dir='ltr'><strong>Pompeia,</strong></span> 
     </span>
    </p>
   </div>
   <div class='ocr_carea' id='block_1_79' title="bbox 1777 1987 3316 2064">
    <p class='ocr_par' dir='ltr' id='par_1_79' title="bbox 1777 1987 3316 2064">
     <span class='ocr_line' id='line_1_79' title="bbox 1777 1987 3316 2064; baseline -0.009 -12"><span class='ocrx_word' id='word_1_562' title='bbox 1777 2008 1830 2052; x_wconf 91' lang='lat' dir='ltr'><strong>et</strong></span> <span class='ocrx_word' id='word_1_563' title='bbox 1862 1997 2003 2060; x_wconf 66' lang='lat' dir='ltr'><strong>aliae,</strong></span> <span class='ocrx_word' id='word_1_564' title='bbox 2037 1997 2105 2050; x_wconf 90' lang='lat' dir='ltr'><strong>de</strong></span> <span class='ocrx_word' id='word_1_565' title='bbox 2132 1996 2327 2064; x_wconf 84' lang='lat' dir='ltr'><strong>quibus</strong></span> <span class='ocrx_word' id='word_1_566' title='bbox 2355 1995 2406 2048; x_wconf 92' lang='lat' dir='ltr'><strong>in</strong></span> <span class='ocrx_word' id='word_1_567' title='bbox 2437 1994 2474 2048; x_wconf 89' lang='lat' dir='ltr'><strong>l.</strong></span> <span class='ocrx_word' id='word_1_568' title='bbox 2505 1994 2636 2049; x_wconf 77' lang='lat' dir='ltr'><strong>Cum</strong></span> <span class='ocrx_word' id='word_1_569' title='bbox 2667 1994 2774 2063; x_wconf 84' lang='lat' dir='ltr'><strong>lege</strong></span> <span class='ocrx_word' id='word_1_570' title='bbox 2801 1993 2866 2046; x_wconf 81' lang='grc' dir='ltr'><strong>υ.</strong></span> <span class='ocrx_word' id='word_1_571' title='bbox 2903 1991 2966 2045; x_wconf 86' lang='lat' dir='ltr'><strong>de</strong></span> <span class='ocrx_word' id='word_1_572' title='bbox 2997 1991 3184 2044; x_wconf 83' lang='lat' dir='ltr'><strong>arbitr.</strong></span> <span class='ocrx_word' id='word_1_573' title='bbox 3209 1996 3260 2040; x_wconf 91' lang='lat' dir='ltr'><strong>et</strong></span> <span class='ocrx_word' id='word_1_574' title='bbox 3281 1987 3316 2038; x_wconf 94' lang='grc'><strong>1.</strong></span> 
     </span>
    </p>
   </div>
   <div class='ocr_carea' id='block_1_80' title="bbox 1781 2080 3321 2154">
    <p class='ocr_par' dir='ltr' id='par_1_80' title="bbox 1781 2080 3321 2154">
     <span class='ocr_line' id='line_1_80' title="bbox 1781 2080 3321 2154; baseline -0.009 -12"><span class='ocrx_word' id='word_1_575' title='bbox 1781 2088 2007 2154; x_wconf 75' lang='lat' dir='ltr'><strong>Quid‘am</strong></span> <span class='ocrx_word' id='word_1_576' title='bbox 2034 2086 2354 2154; x_wconf 78' lang='lat' dir='ltr'><strong>consulebat,</strong></span> <span class='ocrx_word' id='word_1_577' title='bbox 2393 2087 2461 2140; x_wconf 87' lang='grc'><strong>57</strong></span> <span class='ocrx_word' id='word_1_578' title='bbox 2495 2085 2561 2140; x_wconf 89' lang='lat' dir='ltr'><strong>D.</strong></span> <span class='ocrx_word' id='word_1_579' title='bbox 2603 2087 2666 2140; x_wconf 88' lang='lat' dir='ltr'><strong>de</strong></span> <span class='ocrx_word' id='word_1_580' title='bbox 2693 2101 2745 2139; x_wconf 88' lang='lat' dir='ltr'><strong>re</strong></span> <span class='ocrx_word' id='word_1_581' title='bbox 2768 2084 3022 2153; x_wconf 80' lang='lat' dir='ltr'><strong>judicat.,</strong></span> <span class='ocrx_word' id='word_1_582' title='bbox 3055 2081 3148 2136; x_wconf 93' lang='lat' dir='ltr'><strong>uhi</strong></span> <span class='ocrx_word' id='word_1_583' title='bbox 3181 2080 3321 2132; x_wconf 89' lang='lat' dir='ltr'><strong>Dua-</strong></span> 
     </span>
    </p>
   </div>
   <div class='ocr_carea' id='block_1_81' title="bbox 1778 2169 3317 2242">
    <p class='ocr_par' dir='ltr' id='par_1_81' title="bbox 1778 2169 3317 2242">
     <span class='ocr_line' id='line_1_81' title="bbox 1778 2169 3317 2242; baseline -0.008 -10"><span class='ocrx_word' id='word_1_584' title='bbox 1778 2195 1963 2242; x_wconf 87' lang='lat' dir='ltr'><strong>renus,</strong></span> <span class='ocrx_word' id='word_1_585' title='bbox 1993 2193 2098 2232; x_wconf 92' lang='lat' dir='ltr'><strong>non</strong></span> <span class='ocrx_word' id='word_1_586' title='bbox 2128 2177 2552 2232; x_wconf 76' lang='lat' dir='ltr'><strong>observabuntur</strong></span> <span class='ocrx_word' id='word_1_587' title='bbox 2582 2174 2936 2237; x_wconf 85' lang='lat' dir='ltr'><strong>adamussim,</strong></span> <span class='ocrx_word' id='word_1_588' title='bbox 2965 2173 3193 2239; x_wconf 49' lang='lat' dir='ltr'><strong>illisque.</strong></span> <span class='ocrx_word' id='word_1_589' title='bbox 3212 2169 3317 2222; x_wconf 87' lang='lat' dir='ltr'><strong>sol-</strong></span> 
     </span>
    </p>
   </div>
   <div class='ocr_carea' id='block_1_82' title="bbox 1778 2258 3319 2336">
    <p class='ocr_par' dir='ltr' id='par_1_82' title="bbox 1778 2258 3319 2336">
     <span class='ocr_line' id='line_1_82' title="bbox 1778 2258 3319 2336; baseline -0.008 -12"><span class='ocrx_word' id='word_1_590' title='bbox 1778 2271 1971 2324; x_wconf 90' lang='lat' dir='ltr'><strong>vebant</strong></span> <span class='ocrx_word' id='word_1_591' title='bbox 1993 2269 2363 2336; x_wconf 82' lang='lat' dir='ltr'><strong>imperatores,</strong></span> <span class='ocrx_word' id='word_1_592' title='bbox 2381 2276 2436 2321; x_wconf 88' lang='lat' dir='ltr'><strong>ut</strong></span> <span class='ocrx_word' id='word_1_593' title='bbox 2459 2273 2612 2321; x_wconf 89' lang='lat' dir='ltr'><strong>erant</strong></span> <span class='ocrx_word' id='word_1_594' title='bbox 2635 2278 3023 2333; x_wconf 88' lang='lat' dir='ltr'><strong>nonnunquam</strong></span> <span class='ocrx_word' id='word_1_595' title='bbox 3049 2258 3319 2320; x_wconf 88' lang='lat' dir='ltr'><strong>dissoluti,</strong></span> 
     </span>
    </p>
   </div>
   <div class='ocr_carea' id='block_1_83' title="bbox 1777 2353 3320 2428">
    <p class='ocr_par' dir='ltr' id='par_1_83' title="bbox 1777 2353 3320 2428">
     <span class='ocr_line' id='line_1_83' title="bbox 1777 2353 3320 2428; baseline -0.01 -13"><span class='ocrx_word' id='word_1_596' title='bbox 1777 2359 2109 2423; x_wconf 83' lang='lat' dir='ltr'><strong>candidatos,</strong></span> <span class='ocrx_word' id='word_1_597' title='bbox 2136 2359 2219 2412; x_wconf 90' lang='lat' dir='ltr'><strong>vel</strong></span> <span class='ocrx_word' id='word_1_598' title='bbox 2239 2358 2400 2413; x_wconf 88' lang='lat' dir='ltr'><strong>etiam</strong></span> <span class='ocrx_word' id='word_1_599' title='bbox 2419 2358 2574 2428; x_wconf 87' lang='lat' dir='ltr'><strong>probi</strong></span> <span class='ocrx_word' id='word_1_600' title='bbox 2598 2366 2652 2411; x_wconf 90' lang='lat' dir='ltr'><strong>et</strong></span> <span class='ocrx_word' id='word_1_601' title='bbox 2675 2356 2826 2426; x_wconf 85' lang='lat' dir='ltr'><strong>justi,</strong></span> <span class='ocrx_word' id='word_1_602' title='bbox 2857 2369 2981 2408; x_wconf 91' lang='lat' dir='ltr'><strong>cum</strong></span> <span class='ocrx_word' id='word_1_603' title='bbox 3010 2353 3181 2407; x_wconf 87' lang='lat' dir='ltr'><strong>virtus</strong></span> <span class='ocrx_word' id='word_1_604' title='bbox 3213 2363 3320 2401; x_wconf 91' lang='lat' dir='ltr'><strong>non</strong></span> 
     </span>
    </p>
   </div>
   <div class='ocr_carea' id='block_1_84' title="bbox 1775 2439 3319 2523">
    <p class='ocr_par' dir='ltr' id='par_1_84' title="bbox 1775 2439 3319 2523">
     <span class='ocr_line' id='line_1_84' title="bbox 1775 2439 3319 2523; baseline -0.008 -18"><span class='ocrx_word' id='word_1_605' title='bbox 1775 2451 1936 2521; x_wconf 75' lang='lat'><strong>667</strong></span> <span class='ocrx_word' id='word_1_606' title='bbox 1954 2439 2296 2523; x_wconf 66' lang='lat' dir='ltr'><strong>exspectabat.</strong></span> <span class='ocrx_word' id='word_1_607' title='bbox 2309 2463 2501 2514; x_wconf 86' lang='lat' dir='ltr'><strong>annos,</strong></span> <span class='ocrx_word' id='word_1_608' title='bbox 2519 2447 2611 2503; x_wconf 74' lang='lat' dir='ltr'><strong>sed</strong></span> <span class='ocrx_word' id='word_1_609' title='bbox 2628 2446 2862 2501; x_wconf 86' lang='lat' dir='ltr'><strong>anteibat</strong></span> <span class='ocrx_word' id='word_1_610' title='bbox 2884 2444 2971 2514; x_wconf 93' lang='lat' dir='ltr'><strong>(de</strong></span> <span class='ocrx_word' id='word_1_611' title='bbox 2986 2442 3191 2511; x_wconf 87' lang='lat' dir='ltr'><strong>legibus</strong></span> <span class='ocrx_word' id='word_1_612' title='bbox 3215 2440 3319 2493; x_wconf 87' lang='lat' dir='ltr'><strong>illis</strong></span> 
     </span>
    </p>
   </div>
   <div class='ocr_carea' id='block_1_85' title="bbox 1776 2532 3287 2606">
    <p class='ocr_par' dir='ltr' id='par_1_85' title="bbox 1776 2532 3287 2606">
     <span class='ocr_line' id='line_1_85' title="bbox 1776 2532 3287 2606; baseline -0.007 -12"><span class='ocrx_word' id='word_1_613' title='bbox 1776 2541 1908 2594; x_wconf 83' lang='lat' dir='ltr'><strong>satis</strong></span> <span class='ocrx_word' id='word_1_614' title='bbox 1929 2541 2009 2606; x_wconf 89' lang='lat' dir='ltr'><strong>egi</strong></span> <span class='ocrx_word' id='word_1_615' title='bbox 2038 2538 2155 2592; x_wconf 87' lang='lat' dir='ltr'><strong>fuse</strong></span> <span class='ocrx_word' id='word_1_616' title='bbox 2183 2540 2236 2591; x_wconf 85' lang='lat' dir='ltr'><strong>in</strong></span> <span class='ocrx_word' id='word_1_617' title='bbox 2259 2538 2571 2591; x_wconf 87' lang='lat' dir='ltr'><strong>Diatrihade</strong></span> <span class='ocrx_word' id='word_1_618' title='bbox 2597 2535 2794 2590; x_wconf 74' lang='lat' dir='ltr'><strong>S.R.E.</strong></span> <span class='ocrx_word' id='word_1_619' title='bbox 2818 2532 3170 2589; x_wconf 88' lang='lat' dir='ltr'><strong>cardinalium</strong></span> <span class='ocrx_word' id='word_1_620' title='bbox 3189 2539 3287 2584; x_wconf 61' lang='lat' dir='ltr'><strong>aeta</strong></span> 
     </span>
    </p>
   </div>
   <div class='ocr_carea' id='block_1_86' title="bbox 1779 2622 3316 2698">
    <p class='ocr_par' dir='ltr' id='par_1_86' title="bbox 1779 2622 3316 2698">
     <span class='ocr_line' id='line_1_86' title="bbox 1779 2622 3316 2698; baseline -0.005 -16"><span class='ocrx_word' id='word_1_621' title='bbox 1779 2627 1872 2698; x_wconf 81' lang='lat' dir='ltr'><strong>te),</strong></span> <span class='ocrx_word' id='word_1_622' title='bbox 1892 2638 2126 2684; x_wconf 87' lang='lat' dir='ltr'><strong>attamen</strong></span> <span class='ocrx_word' id='word_1_623' title='bbox 2141 2643 2235 2682; x_wconf 89' lang='lat' dir='ltr'><strong>eas</strong></span> <span class='ocrx_word' id='word_1_624' title='bbox 2250 2643 2372 2682; x_wconf 90' lang='lat' dir='ltr'><strong>cum</strong></span> <span class='ocrx_word' id='word_1_625' title='bbox 2391 2627 2612 2694; x_wconf 80' lang='lat' dir='ltr'><strong>Rosino,</strong></span> <span class='ocrx_word' id='word_1_626' title='bbox 2634 2627 2727 2680; x_wconf 90' lang='lat' dir='ltr'><strong>lih.</strong></span> <span class='ocrx_word' id='word_1_627' title='bbox 2748 2641 2844 2690; x_wconf 82' lang='lat' dir='ltr'><strong>vn,</strong></span> <span class='ocrx_word' id='word_1_628' title='bbox 2866 2624 3040 2694; x_wconf 54' lang='lat' dir='ltr'><strong>cap.’9</strong></span> <span class='ocrx_word' id='word_1_629' title='bbox 3061 2622 3316 2691; x_wconf 81' lang='lat' dir='ltr'><strong>Antiquit.</strong></span> 
     </span>
    </p>
   </div>
   <div class='ocr_carea' id='block_1_87' title="bbox 1778 2715 3322 2791">
    <p class='ocr_par' dir='ltr' id='par_1_87' title="bbox 1778 2715 3322 2791">
     <span class='ocr_line' id='line_1_87' title="bbox 1778 2715 3322 2791; baseline -0.006 -16"><span class='ocrx_word' id='word_1_630' title='bbox 1778 2721 2001 2775; x_wconf 84' lang='lat' dir='ltr'><strong>Roman.</strong></span> <span class='ocrx_word' id='word_1_631' title='bbox 2047 2735 2169 2791; x_wconf 88' lang='lat' dir='ltr'><strong>pag.</strong></span> <span class='ocrx_word' id='word_1_632' title='bbox 2226 2720 2350 2785; x_wconf 88' lang='lat'><strong>697,</strong></span> <span class='ocrx_word' id='word_1_633' title='bbox 2375 2719 2614 2774; x_wconf 84' lang='lat' dir='ltr'><strong>arbitror</strong></span> <span class='ocrx_word' id='word_1_634' title='bbox 2673 2733 2870 2772; x_wconf 91' lang='lat' dir='ltr'><strong>annum</strong></span> <span class='ocrx_word' id='word_1_635' title='bbox 2906 2716 3098 2771; x_wconf 86' lang='lat' dir='ltr'><strong>saltem</strong></span> <span class='ocrx_word' id='word_1_636' title='bbox 3129 2715 3199 2768; x_wconf 71' lang='grc'><strong>42</strong></span> <span class='ocrx_word' id='word_1_637' title='bbox 3229 2729 3322 2767; x_wconf 84' lang='lat' dir='ltr'><strong>ex-</strong></span> 
     </span>
    </p>
   </div>
   <div class='ocr_carea' id='block_1_88' title="bbox 1784 2805 3322 2879">
    <p class='ocr_par' dir='ltr' id='par_1_88' title="bbox 1784 2805 3322 2879">
     <span class='ocr_line' id='line_1_88' title="bbox 1784 2805 3322 2879; baseline -0.003 -16"><span class='ocrx_word' id='word_1_638' title='bbox 1784 2809 1961 2879; x_wconf 85' lang='lat' dir='ltr'><strong>egisse</strong></span> <span class='ocrx_word' id='word_1_639' title='bbox 1997 2808 2050 2861; x_wconf 88' lang='lat' dir='ltr'><strong>in</strong></span> <span class='ocrx_word' id='word_1_640' title='bbox 2090 2807 2406 2876; x_wconf 70' lang='lat' dir='ltr'><strong>praefectura</strong></span> <span class='ocrx_word' id='word_1_641' title='bbox 2431 2808 2603 2874; x_wconf 90' lang='lat' dir='ltr'><strong>urbis,</strong></span> <span class='ocrx_word' id='word_1_642' title='bbox 2631 2809 2771 2861; x_wconf 90' lang='lat' dir='ltr'><strong>sicut</strong></span> <span class='ocrx_word' id='word_1_643' title='bbox 2794 2817 2846 2861; x_wconf 89' lang='lat' dir='ltr'><strong>et</strong></span> <span class='ocrx_word' id='word_1_644' title='bbox 2873 2807 2926 2860; x_wconf 92' lang='lat' dir='ltr'><strong>in</strong></span> <span class='ocrx_word' id='word_1_645' title='bbox 2951 2805 3216 2861; x_wconf 89' lang='lat' dir='ltr'><strong>senatoria</strong></span> <span class='ocrx_word' id='word_1_646' title='bbox 3244 2805 3322 2858; x_wconf 91' lang='lat' dir='ltr'><strong>di-</strong></span> 
     </span>
    </p>
   </div>
   <div class='ocr_carea' id='block_1_89' title="bbox 1777 2894 3323 2967">
    <p class='ocr_par' dir='ltr' id='par_1_89' title="bbox 1777 2894 3323 2967">
     <span class='ocr_line' id='line_1_89' title="bbox 1777 2894 3323 2967; baseline -0.004 -17"><span class='ocrx_word' id='word_1_647' title='bbox 1777 2897 1978 2967; x_wconf 90' lang='lat' dir='ltr'><strong>gnitate</strong></span> <span class='ocrx_word' id='word_1_648' title='bbox 2004 2910 2019 2961; x_wconf 90' lang='lat'><strong>;</strong></span> <span class='ocrx_word' id='word_1_649' title='bbox 2052 2897 2142 2950; x_wconf 92' lang='lat' dir='ltr'><strong>sed</strong></span> <span class='ocrx_word' id='word_1_650' title='bbox 2167 2897 2333 2965; x_wconf 87' lang='lat' dir='ltr'><strong>liquet</strong></span> <span class='ocrx_word' id='word_1_651' title='bbox 2356 2912 2418 2950; x_wconf 77' lang='lat' dir='ltr'><strong>ex</strong></span> <span class='ocrx_word' id='word_1_652' title='bbox 2439 2896 2710 2964; x_wconf 89' lang='lat' dir='ltr'><strong>epitaphio</strong></span> <span class='ocrx_word' id='word_1_653' title='bbox 2732 2894 3067 2964; x_wconf 86' lang='lat' dir='ltr'><strong>Pantagathi,</strong></span> <span class='ocrx_word' id='word_1_654' title='bbox 3088 2894 3176 2963; x_wconf 89' lang='lat' dir='ltr'><strong>qui</strong></span> <span class='ocrx_word' id='word_1_655' title='bbox 3201 2909 3323 2947; x_wconf 88' lang='lat' dir='ltr'><strong>con-</strong></span> 
     </span>
    </p>
   </div>
   <div class='ocr_carea' id='block_1_90' title="bbox 1776 2981 3349 3054">
    <p class='ocr_par' dir='ltr' id='par_1_90' title="bbox 1776 2981 3349 3054">
     <span class='ocr_line' id='line_1_90' title="bbox 1776 2981 3349 3054; baseline -0.004 -15"><span class='ocrx_word' id='word_1_656' title='bbox 1776 2986 1902 3039; x_wconf 87' lang='lat' dir='ltr'><strong>cilio</strong></span> <span class='ocrx_word' id='word_1_657' title='bbox 1926 2985 2255 3042; x_wconf 84' lang='lat' dir='ltr'><strong>Arausicano</strong></span> <span class='ocrx_word' id='word_1_658' title='bbox 2284 2987 2520 3040; x_wconf 88' lang='lat' dir='ltr'><strong>secundo</strong></span> <span class='ocrx_word' id='word_1_659' title='bbox 2548 2985 2966 3054; x_wconf 87' lang='lat' dir='ltr'><strong>subscripserat,</strong></span> <span class='ocrx_word' id='word_1_660' title='bbox 2999 2999 3141 3037; x_wconf 90' lang='lat' dir='ltr'><strong>anno</strong></span> <span class='ocrx_word' id='word_1_661' title='bbox 3171 2983 3231 3037; x_wconf 84' lang='lat' dir='ltr'><strong>C.</strong></span> <span class='ocrx_word' id='word_1_662' title='bbox 3255 2981 3317 3034; x_wconf 84' lang='lat' dir='ltr'><strong>N.</strong></span> <span class='ocrx_word' id='word_1_663' title='bbox 3343 3011 3349 3016; x_wconf 89' lang='lat'><strong><em>-</em></strong></span> 
     </span>
    </p>
   </div>
   <div class='ocr_carea' id='block_1_91' title="bbox 1778 3073 3322 3142">
    <p class='ocr_par' dir='ltr' id='par_1_91' title="bbox 1778 3073 3322 3142">
     <span class='ocr_line' id='line_1_91' title="bbox 1778 3073 3322 3142; baseline -0.002 -14"><span class='ocrx_word' id='word_1_664' title='bbox 1778 3073 1908 3142; x_wconf 72' lang='lat'><strong>529;</strong></span> <span class='ocrx_word' id='word_1_665' title='bbox 1943 3083 2119 3130; x_wconf 88' lang='lat' dir='ltr'><strong>exstat</strong></span> <span class='ocrx_word' id='word_1_666' title='bbox 2149 3075 2276 3130; x_wconf 91' lang='lat' dir='ltr'><strong>illud</strong></span> <span class='ocrx_word' id='word_1_667' title='bbox 2301 3076 2527 3131; x_wconf 90' lang='lat' dir='ltr'><strong>incisum</strong></span> <span class='ocrx_word' id='word_1_668' title='bbox 2557 3078 2811 3132; x_wconf 90' lang='lat' dir='ltr'><strong>marmori</strong></span> <span class='ocrx_word' id='word_1_669' title='bbox 2835 3075 3094 3141; x_wconf 76' lang='lat' dir='ltr'><strong>Vasioni;</strong></span> <span class='ocrx_word' id='word_1_670' title='bbox 3129 3074 3322 3128; x_wconf 85' lang='lat' dir='ltr'><strong>ultimi-</strong></span> 
     </span>
    </p>
   </div>
   <div class='ocr_carea' id='block_1_92' title="bbox 1775 3166 2676 3237">
    <p class='ocr_par' dir='ltr' id='par_1_92' title="bbox 1775 3166 2676 3237">
     <span class='ocr_line' id='line_1_92' title="bbox 1775 3166 2676 3237; baseline 0.001 -17"><span class='ocrx_word' id='word_1_671' title='bbox 1775 3181 1879 3235; x_wconf 90' lang='lat' dir='ltr'><strong>que</strong></span> <span class='ocrx_word' id='word_1_672' title='bbox 1909 3166 2016 3220; x_wconf 93' lang='lat' dir='ltr'><strong>duo</strong></span> <span class='ocrx_word' id='word_1_673' title='bbox 2041 3167 2131 3221; x_wconf 88' lang='lat' dir='ltr'><strong>isti</strong></span> <span class='ocrx_word' id='word_1_674' title='bbox 2178 3167 2428 3237; x_wconf 83' lang='lat' dir='ltr'><strong>leguntur</strong></span> <span class='ocrx_word' id='word_1_675' title='bbox 2456 3184 2676 3224; x_wconf 88' lang='lat' dir='ltr'><strong>versus:</strong></span> 
     </span>
    </p>
   </div>
   <div class='ocr_carea' id='block_1_93' title="bbox 1843 3298 3248 3360">
    <p class='ocr_par' dir='ltr' id='par_1_93' title="bbox 1843 3298 3248 3360">
     <span class='ocr_line' id='line_1_93' title="bbox 1843 3298 3248 3360; baseline -0.001 -10"><span class='ocrx_word' id='word_1_676' title='bbox 1843 3301 2075 3351; x_wconf 78' lang='lat' dir='ltr'><strong>Abstulit</strong></span> <span class='ocrx_word' id='word_1_677' title='bbox 2101 3301 2236 3352; x_wconf 77' lang='lat' dir='ltr'><strong>hunc</strong></span> <span class='ocrx_word' id='word_1_678' title='bbox 2267 3300 2413 3353; x_wconf 84' lang='lat' dir='ltr'><strong>rebus</strong></span> <span class='ocrx_word' id='word_1_679' title='bbox 2441 3300 2642 3352; x_wconf 85' lang='lat' dir='ltr'><strong>decimo</strong></span> <span class='ocrx_word' id='word_1_680' title='bbox 2680 3316 2818 3352; x_wconf 89' lang='lat' dir='ltr'><strong>mors</strong></span> <span class='ocrx_word' id='word_1_681' title='bbox 2846 3299 3022 3351; x_wconf 80' lang='lat' dir='ltr'><strong>int-ida</strong></span> <span class='ocrx_word' id='word_1_682' title='bbox 3060 3298 3248 3360; x_wconf 82' lang='lat' dir='ltr'><strong>lustro,</strong></span> 
     </span>
    </p>
   </div>
   <div class='ocr_carea' id='block_1_94' title="bbox 1844 3367 3156 3437">
    <p class='ocr_par' dir='ltr' id='par_1_94' title="bbox 1844 3367 3156 3437">
     <span class='ocr_line' id='line_1_94' title="bbox 1844 3367 3156 3437; baseline -0.001 -17"><span class='ocrx_word' id='word_1_683' title='bbox 1844 3367 2085 3435; x_wconf 75' lang='lat' dir='ltr'><strong>Namque</strong></span> <span class='ocrx_word' id='word_1_684' title='bbox 2112 3370 2367 3426; x_wconf 85' lang='lat' dir='ltr'><strong>senatoris</strong></span> <span class='ocrx_word' id='word_1_685' title='bbox 2398 3370 2568 3437; x_wconf 83' lang='lat' dir='ltr'><strong>posuit</strong></span> <span class='ocrx_word' id='word_1_686' title='bbox 2602 3379 2714 3436; x_wconf 87' lang='lat' dir='ltr'><strong>post</strong></span> <span class='ocrx_word' id='word_1_687' title='bbox 2748 3367 2953 3437; x_wconf 85' lang='lat' dir='ltr'><strong>cingula</strong></span> <span class='ocrx_word' id='word_1_688' title='bbox 2978 3369 3156 3421; x_wconf 83' lang='lat' dir='ltr'><strong>vitam.</strong></span> 
     </span>
    </p>
   </div>
   <div class='ocr_carea' id='block_1_95' title="bbox 1773 3496 3320 3566">
    <p class='ocr_par' dir='ltr' id='par_1_95' title="bbox 1773 3496 3320 3566">
     <span class='ocr_line' id='line_1_95' title="bbox 1773 3496 3320 3566; baseline -0.002 -18"><span class='ocrx_word' id='word_1_689' title='bbox 1773 3496 1973 3566; x_wconf 83' lang='lat' dir='ltr'><strong>Nempe</strong></span> <span class='ocrx_word' id='word_1_690' title='bbox 2007 3512 2128 3551; x_wconf 86' lang='lat' dir='ltr'><strong>cum</strong></span> <span class='ocrx_word' id='word_1_691' title='bbox 2162 3511 2188 3548; x_wconf 90' lang='lat' dir='ltr'><strong>a</strong></span> <span class='ocrx_word' id='word_1_692' title='bbox 2218 3497 2434 3552; x_wconf 86' lang='lat' dir='ltr'><strong>senibus</strong></span> <span class='ocrx_word' id='word_1_693' title='bbox 2463 3512 2659 3551; x_wconf 91' lang='lat' dir='ltr'><strong>nomen</strong></span> <span class='ocrx_word' id='word_1_694' title='bbox 2692 3499 2817 3551; x_wconf 89' lang='lat' dir='ltr'><strong>mite</strong></span> <span class='ocrx_word' id='word_1_695' title='bbox 2855 3507 3074 3552; x_wconf 89' lang='lat' dir='ltr'><strong>senatus</strong></span> <span class='ocrx_word' id='word_1_696' title='bbox 3110 3496 3320 3559; x_wconf 85' lang='lat' dir='ltr'><strong>haheat,</strong></span> 
     </span>
    </p>
   </div>
   <div class='ocr_carea' id='block_1_96' title="bbox 1776 3585 3316 3654">
    <p class='ocr_par' dir='ltr' id='par_1_96' title="bbox 1776 3585 3316 3654">
     <span class='ocr_line' id='line_1_96' title="bbox 1776 3585 3316 3654; baseline -0.001 -17"><span class='ocrx_word' id='word_1_697' title='bbox 1776 3585 1913 3638; x_wconf 89' lang='lat' dir='ltr'><strong>inter</strong></span> <span class='ocrx_word' id='word_1_698' title='bbox 1947 3585 2416 3653; x_wconf 86' lang='lat' dir='ltr'><strong>quadragesimum</strong></span> <span class='ocrx_word' id='word_1_699' title='bbox 2481 3595 2533 3638; x_wconf 89' lang='lat' dir='ltr'><strong>et</strong></span> <span class='ocrx_word' id='word_1_700' title='bbox 2578 3587 3079 3654; x_wconf 87' lang='lat' dir='ltr'><strong>quinquagesimum</strong></span> <span class='ocrx_word' id='word_1_701' title='bbox 3120 3600 3316 3636; x_wconf 90' lang='lat' dir='ltr'><strong>annum</strong></span> 
     </span>
    </p>
   </div>
   <div class='ocr_carea' id='block_1_97' title="bbox 1775 3674 3320 3741">
    <p class='ocr_par' dir='ltr' id='par_1_97' title="bbox 1775 3674 3320 3741">
     <span class='ocr_line' id='line_1_97' title="bbox 1775 3674 3320 3741; baseline 0.001 -15"><span class='ocrx_word' id='word_1_702' title='bbox 1775 3685 1988 3727; x_wconf 85' lang='lat' dir='ltr'><strong>senecta</strong></span> <span class='ocrx_word' id='word_1_703' title='bbox 2034 3677 2239 3726; x_wconf 78' lang='lat' dir='ltr'><strong>videtur</strong></span> <span class='ocrx_word' id='word_1_704' title='bbox 2276 3675 2531 3739; x_wconf 90' lang='lat' dir='ltr'><strong>incipere.</strong></span> <span class='ocrx_word' id='word_1_705' title='bbox 2564 3674 2714 3726; x_wconf 87' lang='lat' dir='ltr'><strong>Plato</strong></span> <span class='ocrx_word' id='word_1_706' title='bbox 2750 3690 2939 3727; x_wconf 87' lang='lat' dir='ltr'><strong>novem</strong></span> <span class='ocrx_word' id='word_1_707' title='bbox 2984 3675 3320 3741; x_wconf 59' lang='lat' dir='ltr'><strong>posuit‘aeta-</strong></span> 
     </span>
    </p>
   </div>
   <div class='ocr_carea' id='block_1_98' title="bbox 1775 3762 3322 3833">
    <p class='ocr_par' dir='ltr' id='par_1_98' title="bbox 1775 3762 3322 3833">
     <span class='ocr_line' id='line_1_98' title="bbox 1775 3762 3322 3833; baseline 0.001 -17"><span class='ocrx_word' id='word_1_708' title='bbox 1775 3773 1854 3817; x_wconf 87' lang='lat' dir='ltr'><strong>tes</strong></span> <span class='ocrx_word' id='word_1_709' title='bbox 1890 3764 2158 3829; x_wconf 88' lang='lat' dir='ltr'><strong>hominis;</strong></span> <span class='ocrx_word' id='word_1_710' title='bbox 2188 3771 2379 3831; x_wconf 80' lang='lat' dir='ltr'><strong>quat-to</strong></span> <span class='ocrx_word' id='word_1_711' title='bbox 2405 3777 2546 3816; x_wconf 88' lang='lat' dir='ltr'><strong>anno</strong></span> <span class='ocrx_word' id='word_1_712' title='bbox 2567 3762 2870 3829; x_wconf 85' lang='lat' dir='ltr'><strong>infantiam,</strong></span> <span class='ocrx_word' id='word_1_713' title='bbox 2905 3765 3170 3818; x_wconf 87' lang='lat' dir='ltr'><strong>ablactato</strong></span> <span class='ocrx_word' id='word_1_714' title='bbox 3203 3774 3322 3833; x_wconf 91' lang='lat' dir='ltr'><strong>post</strong></span> 
     </span>
    </p>
   </div>
   <div class='ocr_carea' id='block_1_99' title="bbox 1773 3854 2084 3918">
    <p class='ocr_par' dir='ltr' id='par_1_99' title="bbox 1773 3854 2084 3918">
     <span class='ocr_line' id='line_1_99' title="bbox 1773 3854 2084 3918; baseline -0.003 -12"><span class='ocrx_word' id='word_1_715' title='bbox 1773 3854 2084 3918; x_wconf 86' lang='lat' dir='ltr'><strong>triennium,</strong></span> 
     </span>
    </p>
   </div>
   <div class='ocr_carea' id='block_1_100' title="bbox 1846 3965 3177 4035">
    <p class='ocr_par' dir='ltr' id='par_1_100' title="bbox 1846 3965 3177 4035">
     <span class='ocr_line' id='line_1_100' title="bbox 1846 3965 3177 4035; baseline -0.002 -17"><span class='ocrx_word' id='word_1_716' title='bbox 1846 3965 2130 4035; x_wconf 13' lang='lat' dir='ltr'><strong>Materiam</strong></span> <span class='ocrx_word' id='word_1_717' title='bbox 2161 3982 2372 4034; x_wconf 87' lang='lat' dir='ltr'><strong>puerum</strong></span> <span class='ocrx_word' id='word_1_718' title='bbox 2399 3965 2608 4018; x_wconf 84' lang='lat' dir='ltr'><strong>trimum</strong></span> <span class='ocrx_word' id='word_1_719' title='bbox 2635 3965 2884 4035; x_wconf 89' lang='lat' dir='ltr'><strong>trimoque</strong></span> <span class='ocrx_word' id='word_1_720' title='bbox 2907 3967 3177 4028; x_wconf 88' lang='lat' dir='ltr'><strong>minorem,</strong></span> 
     </span>
    </p>
   </div>
   <div class='ocr_carea' id='block_1_101' title="bbox 1984 4034 2970 4104">
    <p class='ocr_par' dir='ltr' id='par_1_101' title="bbox 1984 4034 2970 4104">
     <span class='ocr_line' id='line_1_101' title="bbox 1984 4034 2970 4104; baseline 0.002 -17"><span class='ocrx_word' id='word_1_721' title='bbox 1984 4034 2238 4104; x_wconf 83' lang='lat' dir='ltr'><strong>Majorem</strong></span> <span class='ocrx_word' id='word_1_722' title='bbox 2266 4051 2381 4088; x_wconf 80' lang='lat' dir='ltr'><strong>vero</strong></span> <span class='ocrx_word' id='word_1_723' title='bbox 2412 4051 2622 4103; x_wconf 86' lang='lat' dir='ltr'><strong>pascere</strong></span> <span class='ocrx_word' id='word_1_724' title='bbox 2650 4034 2814 4101; x_wconf 87' lang='lat' dir='ltr'><strong>patris</strong></span> <span class='ocrx_word' id='word_1_725' title='bbox 2850 4037 2970 4089; x_wconf 89' lang='lat' dir='ltr'><strong>erit.</strong></span> 
     </span>
    </p>
   </div>
   <div class='ocr_carea' id='block_1_102' title="bbox 1777 4154 3314 4235">
    <p class='ocr_par' dir='ltr' id='par_1_102' title="bbox 1777 4154 3314 4235">
     <span class='ocr_line' id='line_1_102' title="bbox 1777 4154 3314 4235; baseline -0.001 -14"><span class='ocrx_word' id='word_1_726' title='bbox 1777 4169 1812 4222; x_wconf 94' lang='grc' dir='ltr'><strong>Ι.</strong></span> <span class='ocrx_word' id='word_1_727' title='bbox 1852 4169 1911 4221; x_wconf 90' lang='lat' dir='ltr'><strong><em>II</em></strong></span> <span class='ocrx_word' id='word_1_728' title='bbox 1938 4167 2182 4220; x_wconf 68' lang='lat' dir='ltr'><strong>Hac/tab.</strong></span> <span class='ocrx_word' id='word_1_729' title='bbox 2217 4154 2378 4234; x_wconf 80' lang='lat' dir='ltr'><strong>gloss.</strong></span> <span class='ocrx_word' id='word_1_730' title='bbox 2405 4169 2458 4219; x_wconf 86' lang='lat' dir='ltr'><strong>in</strong></span> <span class='ocrx_word' id='word_1_731' title='bbox 2492 4185 2534 4219; x_wconf 79' lang='grc' dir='ltr'>ε.</span> <span class='ocrx_word' id='word_1_732' title='bbox 2555 4183 2617 4219; x_wconf 79' lang='lat' dir='ltr'><strong>ea:</strong></span> <span class='ocrx_word' id='word_1_733' title='bbox 2646 4169 2834 4221; x_wconf 76' lang='lat' dir='ltr'><strong>litteris</strong></span> <span class='ocrx_word' id='word_1_734' title='bbox 2865 4168 2918 4220; x_wconf 72' lang='lat'><strong>2.</strong></span> <span class='ocrx_word' id='word_1_735' title='bbox 2949 4167 3190 4235; x_wconf 81' lang='lat' dir='ltr'><strong>Gregorii</strong></span> <span class='ocrx_word' id='word_1_736' title='bbox 3226 4168 3314 4231; x_wconf 77' lang='grc' dir='ltr'><strong>ΙΧ,</strong></span> 
     </span>
    </p>
   </div>
   <div class='ocr_carea' id='block_1_103' title="bbox 1775 4257 3311 4328">
    <p class='ocr_par' dir='ltr' id='par_1_103' title="bbox 1775 4257 3311 4328">
     <span class='ocr_line' id='line_1_103' title="bbox 1775 4257 3311 4328; baseline -0.002 -16"><span class='ocrx_word' id='word_1_737' title='bbox 1775 4265 1925 4312; x_wconf 78' lang='lat' dir='ltr'><strong>extra</strong></span> <span class='ocrx_word' id='word_1_738' title='bbox 1969 4257 2289 4310; x_wconf 44' lang='lat' dir='ltr'><strong>De&#39;convers.</strong></span> <span class='ocrx_word' id='word_1_739' title='bbox 2313 4258 2462 4328; x_wconf 69' lang='lat' dir='ltr'><strong>inﬁd.</strong></span> <span class='ocrx_word' id='word_1_740' title='bbox 2491 4257 2710 4311; x_wconf 89' lang='lat' dir='ltr'><strong>ascribit</strong></span> <span class='ocrx_word' id='word_1_741' title='bbox 2744 4258 2965 4311; x_wconf 91' lang='lat' dir='ltr'><strong>decenni</strong></span> <span class='ocrx_word' id='word_1_742' title='bbox 3005 4258 3311 4325; x_wconf 82' lang='lat' dir='ltr'><strong>pueritiam,</strong></span> 
     </span>
    </p>
   </div>
   <div class='ocr_carea' id='block_1_104' title="bbox 1773 4348 3315 4412">
    <p class='ocr_par' dir='ltr' id='par_1_104' title="bbox 1773 4348 3315 4412">
     <span class='ocr_line' id='line_1_104' title="bbox 1773 4348 3315 4412; baseline 0.001 -12"><span class='ocrx_word' id='word_1_743' title='bbox 1773 4348 1954 4400; x_wconf 88' lang='lat' dir='ltr'><strong>decem</strong></span> <span class='ocrx_word' id='word_1_744' title='bbox 2007 4355 2060 4400; x_wconf 86' lang='lat' dir='ltr'><strong>et</strong></span> <span class='ocrx_word' id='word_1_745' title='bbox 2111 4357 2232 4400; x_wconf 89' lang='lat' dir='ltr'><strong>octo</strong></span> <span class='ocrx_word' id='word_1_746' title='bbox 2291 4363 2460 4401; x_wconf 89' lang='lat' dir='ltr'><strong>annos</strong></span> <span class='ocrx_word' id='word_1_747' title='bbox 2516 4358 2661 4410; x_wconf 89' lang='lat' dir='ltr'><strong>nato,</strong></span> <span class='ocrx_word' id='word_1_748' title='bbox 2707 4348 3091 4401; x_wconf 85' lang='lat' dir='ltr'><strong>adolescentuli</strong></span> <span class='ocrx_word' id='word_1_749' title='bbox 3124 4365 3315 4412; x_wconf 86' lang='lat' dir='ltr'><strong>aevum,</strong></span> 
     </span>
    </p>
   </div>
   <div class='ocr_carea' id='block_1_105' title="bbox 1775 4437 3320 4512">
    <p class='ocr_par' dir='ltr' id='par_1_105' title="bbox 1775 4437 3320 4512">
     <span class='ocr_line' id='line_1_105' title="bbox 1775 4437 3320 4512; baseline 0.001 -21"><span class='ocrx_word' id='word_1_750' title='bbox 1775 4437 2189 4512; x_wconf 81' lang='lat' dir='ltr'><strong>adolescentiam</strong></span> <span class='ocrx_word' id='word_1_751' title='bbox 2229 4440 2404 4506; x_wconf 79' lang='lat' dir='ltr'><strong>agenti</strong></span> <span class='ocrx_word' id='word_1_752' title='bbox 2450 4439 2519 4493; x_wconf 71' lang='grc'><strong>25</strong></span> <span class='ocrx_word' id='word_1_753' title='bbox 2544 4455 2734 4503; x_wconf 89' lang='lat' dir='ltr'><strong>annos,</strong></span> <span class='ocrx_word' id='word_1_754' title='bbox 2780 4440 2997 4495; x_wconf 81' lang='lat' dir='ltr'><strong>florenti</strong></span> <span class='ocrx_word' id='word_1_755' title='bbox 3016 4442 3100 4506; x_wconf 80' lang='grc'><strong>56,</strong></span> <span class='ocrx_word' id='word_1_756' title='bbox 3154 4444 3320 4497; x_wconf 87' lang='lat' dir='ltr'><strong>crudo</strong></span> 
     </span>
    </p>
   </div>
   <div class='ocr_carea' id='block_1_106' title="bbox 1777 4527 3315 4604">
    <p class='ocr_par' dir='ltr' id='par_1_106' title="bbox 1777 4527 3315 4604">
     <span class='ocr_line' id='line_1_106' title="bbox 1777 4527 3315 4604; baseline 0.001 -24"><span class='ocrx_word' id='word_1_757' title='bbox 1777 4527 1889 4580; x_wconf 88' lang='lat' dir='ltr'><strong>seni</strong></span> <span class='ocrx_word' id='word_1_758' title='bbox 1929 4527 2016 4589; x_wconf 84' lang='lat'><strong>55,</strong></span> <span class='ocrx_word' id='word_1_759' title='bbox 2067 4527 2196 4601; x_wconf 26' lang='lat' dir='ltr'><strong>seni.</strong></span> <span class='ocrx_word' id='word_1_760' title='bbox 2234 4529 2507 4595; x_wconf 82' lang='lat' dir='ltr'><strong>sexaginta</strong></span> <span class='ocrx_word' id='word_1_761' title='bbox 2559 4528 2829 4600; x_wconf 87' lang='lat' dir='ltr'><strong>quinque;</strong></span> <span class='ocrx_word' id='word_1_762' title='bbox 2867 4533 3150 4604; x_wconf 73' lang='lat' dir='ltr'><strong>decrepito</strong></span> <span class='ocrx_word' id='word_1_763' title='bbox 3175 4533 3315 4598; x_wconf 86' lang='lat' dir='ltr'><strong>quod</strong></span> 
     </span>
    </p>
   </div>
   <div class='ocr_carea' id='block_1_107' title="bbox 1777 4612 3318 4682">
    <p class='ocr_par' dir='ltr' id='par_1_107' title="bbox 1777 4612 3318 4682">
     <span class='ocr_line' id='line_1_107' title="bbox 1777 4612 3318 4682; baseline 0.004 -14"><span class='ocrx_word' id='word_1_764' title='bbox 1777 4612 2020 4682; x_wconf 88' lang='lat' dir='ltr'><strong>superest</strong></span> <span class='ocrx_word' id='word_1_765' title='bbox 2052 4615 2189 4679; x_wconf 75' lang='lat' dir='ltr'><strong>vitae,</strong></span> <span class='ocrx_word' id='word_1_766' title='bbox 2230 4624 2283 4669; x_wconf 92' lang='lat' dir='ltr'><strong>et</strong></span> <span class='ocrx_word' id='word_1_767' title='bbox 2313 4617 2410 4669; x_wconf 90' lang='lat' dir='ltr'><strong>ista</strong></span> <span class='ocrx_word' id='word_1_768' title='bbox 2439 4615 2599 4671; x_wconf 87' lang='lat' dir='ltr'><strong>refert</strong></span> <span class='ocrx_word' id='word_1_769' title='bbox 2626 4617 2772 4674; x_wconf 89' lang='lat' dir='ltr'><strong>Elias</strong></span> <span class='ocrx_word' id='word_1_770' title='bbox 2799 4621 3065 4674; x_wconf 86' lang='lat' dir='ltr'><strong>Cretensis</strong></span> <span class='ocrx_word' id='word_1_771' title='bbox 3110 4620 3159 4671; x_wconf 91' lang='lat' dir='ltr'><strong>in</strong></span> <span class='ocrx_word' id='word_1_772' title='bbox 3196 4635 3318 4673; x_wconf 87' lang='lat' dir='ltr'><strong>ora-</strong></span> 
     </span>
    </p>
   </div>
   <div class='ocr_carea' id='block_1_108' title="bbox 1781 4704 3316 4778">
    <p class='ocr_par' dir='ltr' id='par_1_108' title="bbox 1781 4704 3316 4778">
     <span class='ocr_line' id='line_1_108' title="bbox 1781 4704 3316 4778; baseline 0.004 -22"><span class='ocrx_word' id='word_1_773' title='bbox 1781 4705 1925 4758; x_wconf 88' lang='lat' dir='ltr'><strong>tione</strong></span> <span class='ocrx_word' id='word_1_774' title='bbox 1946 4704 2153 4758; x_wconf 83' lang='lat' dir='ltr'><strong>decima</strong></span> <span class='ocrx_word' id='word_1_775' title='bbox 2184 4719 2324 4759; x_wconf 83' lang='lat' dir='ltr'><strong>nona</strong></span> <span class='ocrx_word' id='word_1_776' title='bbox 2348 4707 2588 4778; x_wconf 85' lang='lat' dir='ltr'><strong>Gregorii</strong></span> <span class='ocrx_word' id='word_1_777' title='bbox 2612 4708 2952 4772; x_wconf 78' lang='lat' dir='ltr'><strong>Nazian-zeni,</strong></span> <span class='ocrx_word' id='word_1_778' title='bbox 2985 4725 3036 4776; x_wconf 86' lang='lat' dir='ltr'><strong>p.</strong></span> <span class='ocrx_word' id='word_1_779' title='bbox 3075 4710 3190 4772; x_wconf 78' lang='lat' dir='ltr'><strong>l39,</strong></span> <span class='ocrx_word' id='word_1_780' title='bbox 3227 4714 3316 4778; x_wconf 88' lang='lat' dir='ltr'><strong>qui</strong></span> 
     </span>
    </p>
   </div>
   <div class='ocr_carea' id='block_1_109' title="bbox 1778 4794 3315 4867">
    <p class='ocr_par' dir='ltr' id='par_1_109' title="bbox 1778 4794 3315 4867">
     <span class='ocr_line' id='line_1_109' title="bbox 1778 4794 3315 4867; baseline 0.006 -22"><span class='ocrx_word' id='word_1_781' title='bbox 1778 4794 1956 4846; x_wconf 90' lang='lat' dir='ltr'><strong>addit:</strong></span> <span class='ocrx_word' id='word_1_782' title='bbox 1995 4813 2013 4843; x_wconf 71' lang='grc' dir='ltr'><strong>ι</strong></span> <span class='ocrx_word' id='word_1_783' title='bbox 2034 4794 2293 4860; x_wconf 84' lang='lat' dir='ltr'><strong>Quoniam</strong></span> <span class='ocrx_word' id='word_1_784' title='bbox 2321 4797 2480 4866; x_wconf 90' lang='lat' dir='ltr'><strong>igitur</strong></span> <span class='ocrx_word' id='word_1_785' title='bbox 2507 4800 2912 4866; x_wconf 82' lang='lat' dir='ltr'><strong>quadragesimo</strong></span> <span class='ocrx_word' id='word_1_786' title='bbox 2941 4811 3132 4867; x_wconf 85' lang='lat' dir='ltr'><strong>quarto</strong></span> <span class='ocrx_word' id='word_1_787' title='bbox 3157 4803 3315 4854; x_wconf 71' lang='lat' dir='ltr'><strong>&quot;anno</strong></span> 
     </span>
    </p>
   </div>
   <div class='ocr_carea' id='block_1_110' title="bbox 1774 4886 3315 4958">
    <p class='ocr_par' dir='ltr' id='par_1_110' title="bbox 1774 4886 3315 4958">
     <span class='ocr_line' id='line_1_110' title="bbox 1774 4886 3315 4958; baseline 0.005 -23"><span class='ocrx_word' id='word_1_788' title='bbox 1774 4886 2105 4951; x_wconf 85' lang='lat' dir='ltr'><strong>perticimur,</strong></span> <span class='ocrx_word' id='word_1_789' title='bbox 2160 4897 2212 4940; x_wconf 90' lang='lat' dir='ltr'><strong>et</strong></span> <span class='ocrx_word' id='word_1_790' title='bbox 2264 4899 2446 4955; x_wconf 89' lang='lat' dir='ltr'><strong>postea</strong></span> <span class='ocrx_word' id='word_1_791' title='bbox 2492 4892 2718 4942; x_wconf 84' lang='lat' dir='ltr'><strong>deficere</strong></span> <span class='ocrx_word' id='word_1_792' title='bbox 2798 4890 3085 4958; x_wconf 84' lang='lat' dir='ltr'><strong>incipimus</strong></span> <span class='ocrx_word' id='word_1_793' title='bbox 3126 4895 3315 4947; x_wconf 86' lang='lat' dir='ltr'><strong>merito</strong></span> 
     </span>
    </p>
   </div>
   <div class='ocr_carea' id='block_1_111' title="bbox 1775 4973 3313 5043">
    <p class='ocr_par' dir='ltr' id='par_1_111' title="bbox 1775 4973 3313 5043">
     <span class='ocr_line' id='line_1_111' title="bbox 1775 4973 3313 5043; baseline 0.005 -17"><span class='ocrx_word' id='word_1_794' title='bbox 1775 4973 1936 5043; x_wconf 87' lang='lat' dir='ltr'><strong>igitur</strong></span> <span class='ocrx_word' id='word_1_795' title='bbox 1969 4984 2175 5043; x_wconf 89' lang='lat' dir='ltr'><strong>tempus</strong></span> <span class='ocrx_word' id='word_1_796' title='bbox 2207 4978 2346 5028; x_wconf 88' lang='lat' dir='ltr'><strong>istud</strong></span> <span class='ocrx_word' id='word_1_797' title='bbox 2379 4978 2624 5031; x_wconf 71' lang='lat' dir='ltr'><strong>humana:</strong></span> <span class='ocrx_word' id='word_1_798' title='bbox 2654 4989 2856 5033; x_wconf 65' lang='lat' dir='ltr'><strong>naturae</strong></span> <span class='ocrx_word' id='word_1_799' title='bbox 2877 4981 3037 5035; x_wconf 89' lang='lat' dir='ltr'><strong>vitam</strong></span> <span class='ocrx_word' id='word_1_800' title='bbox 3055 4999 3170 5037; x_wconf 87' lang='lat' dir='ltr'><strong>esse</strong></span> <span class='ocrx_word' id='word_1_801' title='bbox 3186 4984 3313 5036; x_wconf 89' lang='lat' dir='ltr'><strong>deft-</strong></span> 
     </span>
    </p>
   </div>
   <div class='ocr_carea' id='block_1_112' title="bbox 1773 5065 3312 5139">
    <p class='ocr_par' dir='ltr' id='par_1_112' title="bbox 1773 5065 3312 5139">
     <span class='ocr_line' id='line_1_112' title="bbox 1773 5065 3312 5139; baseline 0.009 -23"><span class='ocrx_word' id='word_1_802' title='bbox 1773 5065 1958 5120; x_wconf 58' lang='lat' dir='ltr'><strong>nivita</strong></span> <span class='ocrx_word' id='word_1_803' title='bbox 1986 5065 2215 5120; x_wconf 88' lang='lat' dir='ltr'><strong>Sanctus</strong></span> <span class='ocrx_word' id='word_1_804' title='bbox 2241 5068 2591 5135; x_wconf 80' lang='lat' dir='ltr'><strong>Augustinus,</strong></span> <span class='ocrx_word' id='word_1_805' title='bbox 2616 5073 2771 5139; x_wconf 88' lang='lat' dir='ltr'><strong>epist.</strong></span> <span class='ocrx_word' id='word_1_806' title='bbox 2793 5074 2911 5139; x_wconf 81' lang='grc' dir='ltr'><strong>ΗΟ,</strong></span> <span class='ocrx_word' id='word_1_807' title='bbox 2941 5077 3052 5129; x_wconf 80' lang='lat' dir='ltr'><strong>lucc</strong></span> <span class='ocrx_word' id='word_1_808' title='bbox 3082 5091 3137 5128; x_wconf 88' lang='lat' dir='ltr'><strong>se</strong></span> <span class='ocrx_word' id='word_1_809' title='bbox 3167 5077 3312 5129; x_wconf 85' lang='lat' dir='ltr'><strong>locu-</strong></span> 
     </span>
    </p>
   </div>
   <div class='ocr_carea' id='block_1_113' title="bbox 1774 5157 3307 5222">
    <p class='ocr_par' dir='ltr' id='par_1_113' title="bbox 1774 5157 3307 5222">
     <span class='ocr_line' id='line_1_113' title="bbox 1774 5157 3307 5222; baseline 0.007 -13"><span class='ocrx_word' id='word_1_810' title='bbox 1774 5165 1886 5209; x_wconf 91' lang='lat' dir='ltr'><strong>tum</strong></span> <span class='ocrx_word' id='word_1_811' title='bbox 1920 5172 2038 5210; x_wconf 88' lang='lat' dir='ltr'><strong>esse</strong></span> <span class='ocrx_word' id='word_1_812' title='bbox 2080 5157 2258 5220; x_wconf 86' lang='lat' dir='ltr'><strong>refert,</strong></span> <span class='ocrx_word' id='word_1_813' title='bbox 2293 5176 2384 5214; x_wconf 81' lang='lat' dir='ltr'><strong>sex</strong></span> <span class='ocrx_word' id='word_1_814' title='bbox 2417 5171 2600 5217; x_wconf 77' lang='lat' dir='ltr'><strong>aetates</strong></span> <span class='ocrx_word' id='word_1_815' title='bbox 2636 5164 2868 5222; x_wconf 85' lang='lat' dir='ltr'><strong>hominis</strong></span> <span class='ocrx_word' id='word_1_816' title='bbox 2925 5170 3307 5222; x_wconf 83' lang='lat' dir='ltr'><strong>enumerando.</strong></span> 
     </span>
    </p>
   </div>
   <div class='ocr_carea' id='block_1_114' title="bbox 1779 5246 3308 5324">
    <p class='ocr_par' dir='ltr' id='par_1_114' title="bbox 1779 5246 3308 5324">
     <span class='ocr_line' id='line_1_114' title="bbox 1779 5246 3308 5324; baseline 0.01 -26"><span class='ocrx_word' id='word_1_817' title='bbox 1779 5266 1798 5298; x_wconf 78' lang='grc' dir='ltr'>ι</span> <span class='ocrx_word' id='word_1_818' title='bbox 1828 5246 2204 5300; x_wconf 81' lang='lat' dir='ltr'><strong>Verumtamen</strong></span> <span class='ocrx_word' id='word_1_819' title='bbox 2246 5248 2297 5301; x_wconf 83' lang='lat' dir='ltr'><strong>in</strong></span> <span class='ocrx_word' id='word_1_820' title='bbox 2348 5250 2571 5305; x_wconf 84' lang='lat' dir='ltr'><strong>infantia</strong></span> <span class='ocrx_word' id='word_1_821' title='bbox 2599 5267 2848 5324; x_wconf 84' lang='lat' dir='ltr'><strong>speratur</strong></span> <span class='ocrx_word' id='word_1_822' title='bbox 2894 5257 3142 5322; x_wconf 86' lang='lat' dir='ltr'><strong>pueritia,</strong></span> <span class='ocrx_word' id='word_1_823' title='bbox 3176 5265 3228 5312; x_wconf 91' lang='lat' dir='ltr'><strong>ct</strong></span> <span class='ocrx_word' id='word_1_824' title='bbox 3257 5264 3308 5313; x_wconf 89' lang='lat' dir='ltr'><strong>lu</strong></span> 
     </span>
    </p>
   </div>
   <div class='ocr_carea' id='block_1_115' title="bbox 1774 5336 3308 5407">
    <p class='ocr_par' dir='ltr' id='par_1_115' title="bbox 1774 5336 3308 5407">
     <span class='ocr_line' id='line_1_115' title="bbox 1774 5336 3308 5407; baseline 0.008 -18"><span class='ocrx_word' id='word_1_825' title='bbox 1774 5336 1996 5406; x_wconf 87' lang='lat' dir='ltr'><strong>pueritia</strong></span> <span class='ocrx_word' id='word_1_826' title='bbox 2041 5349 2285 5404; x_wconf 86' lang='lat' dir='ltr'><strong>speratur</strong></span> <span class='ocrx_word' id='word_1_827' title='bbox 2334 5341 2708 5407; x_wconf 87' lang='lat' dir='ltr'><strong>adolescentia,</strong></span> <span class='ocrx_word' id='word_1_828' title='bbox 2753 5355 2804 5397; x_wconf 91' lang='lat' dir='ltr'><strong>et</strong></span> <span class='ocrx_word' id='word_1_829' title='bbox 2845 5350 2895 5397; x_wconf 85' lang='lat' dir='ltr'><strong>in</strong></span> <span class='ocrx_word' id='word_1_830' title='bbox 2952 5348 3308 5403; x_wconf 88' lang='lat' dir='ltr'><strong>adolescentia</strong></span> 
     </span>
    </p>
   </div>
   <div class='ocr_carea' id='block_1_116' title="bbox 1773 5417 3304 5505">
    <p class='ocr_par' dir='ltr' id='par_1_116' title="bbox 1773 5417 3304 5505">
     <span class='ocr_line' id='line_1_116' title="bbox 1773 5417 3304 5505; baseline 0.007 -25"><span class='ocrx_word' id='word_1_831' title='bbox 1773 5417 2298 5495; x_wconf 70' lang='lat' dir='ltr'><strong>speratu‘rjuvetﬁus,</strong></span> <span class='ocrx_word' id='word_1_832' title='bbox 2326 5438 2379 5485; x_wconf 85' lang='lat' dir='ltr'><strong>et</strong></span> <span class='ocrx_word' id='word_1_833' title='bbox 2403 5431 2456 5486; x_wconf 94' lang='lat' dir='ltr'><strong>in</strong></span> <span class='ocrx_word' id='word_1_834' title='bbox 2485 5433 2757 5500; x_wconf 72' lang='lat' dir='ltr'><strong>iuventute</strong></span> <span class='ocrx_word' id='word_1_835' title='bbox 2789 5445 3034 5500; x_wconf 86' lang='lat' dir='ltr'><strong>speratur</strong></span> <span class='ocrx_word' id='word_1_836' title='bbox 3053 5439 3304 5505; x_wconf 84' lang='lat' dir='ltr'><strong>gravitas,</strong></span> 
     </span>
    </p>
   </div>
   <div class='ocr_carea' id='block_1_117' title="bbox 1775 5514 3307 5590">
    <p class='ocr_par' dir='ltr' id='par_1_117' title="bbox 1775 5514 3307 5590">
     <span class='ocr_line' id='line_1_117' title="bbox 1775 5514 3307 5590; baseline 0.009 -24"><span class='ocrx_word' id='word_1_837' title='bbox 1775 5523 1826 5569; x_wconf 87' lang='lat' dir='ltr'><strong>et</strong></span> <span class='ocrx_word' id='word_1_838' title='bbox 1852 5515 1905 5567; x_wconf 91' lang='lat' dir='ltr'><strong>in</strong></span> <span class='ocrx_word' id='word_1_839' title='bbox 1930 5514 2190 5583; x_wconf 84' lang='lat' dir='ltr'><strong>gravitate</strong></span> <span class='ocrx_word' id='word_1_840' title='bbox 2206 5527 2459 5590; x_wconf 28' lang='lat' dir='ltr'><strong>Isperatur</strong></span> <span class='ocrx_word' id='word_1_841' title='bbox 2486 5529 2752 5585; x_wconf 89' lang='lat' dir='ltr'><strong>senectus,</strong></span> <span class='ocrx_word' id='word_1_842' title='bbox 2794 5532 2895 5574; x_wconf 89' lang='lat' dir='ltr'><strong>etc.</strong></span> <span class='ocrx_word' id='word_1_843' title='bbox 2919 5523 3188 5586; x_wconf 65' lang='lat' dir='ltr'><strong>Senectus</strong></span> <span class='ocrx_word' id='word_1_844' title='bbox 3209 5542 3307 5579; x_wconf 88' lang='lat' dir='ltr'><strong>au-</strong></span> 
     </span>
    </p>
   </div>
   <div class='ocr_carea' id='block_1_118' title="bbox 1775 5603 3301 5679">
    <p class='ocr_par' dir='ltr' id='par_1_118' title="bbox 1775 5603 3301 5679">
     <span class='ocr_line' id='line_1_118' title="bbox 1775 5603 3301 5679; baseline 0.009 -21"><span class='ocrx_word' id='word_1_845' title='bbox 1775 5614 1879 5658; x_wconf 92' lang='lat' dir='ltr'><strong>tem</strong></span> <span class='ocrx_word' id='word_1_846' title='bbox 1910 5603 2070 5659; x_wconf 88' lang='lat' dir='ltr'><strong>aliam</strong></span> <span class='ocrx_word' id='word_1_847' title='bbox 2097 5614 2320 5673; x_wconf 73' lang='lat' dir='ltr'><strong>aetatem,</strong></span> <span class='ocrx_word' id='word_1_848' title='bbox 2353 5623 2510 5676; x_wconf 87' lang='lat' dir='ltr'><strong>quam</strong></span> <span class='ocrx_word' id='word_1_849' title='bbox 2555 5621 2748 5677; x_wconf 84' lang='lat' dir='ltr'><strong>speret,</strong></span> <span class='ocrx_word' id='word_1_850' title='bbox 2784 5627 2887 5665; x_wconf 90' lang='lat' dir='ltr'><strong>non</strong></span> <span class='ocrx_word' id='word_1_851' title='bbox 2925 5613 3098 5679; x_wconf 86' lang='lat' dir='ltr'><strong>habet,</strong></span> <span class='ocrx_word' id='word_1_852' title='bbox 3140 5635 3157 5668; x_wconf 79' lang='grc' dir='ltr'><strong><em>ι</em></strong></span> <span class='ocrx_word' id='word_1_853' title='bbox 3200 5607 3301 5670; x_wconf 85' lang='lat' dir='ltr'><strong>etc.</strong></span> 
     </span>
    </p>
   </div>
   <div class='ocr_carea' id='block_1_119' title="bbox 1775 5694 3301 5772">
    <p class='ocr_par' dir='ltr' id='par_1_119' title="bbox 1775 5694 3301 5772">
     <span class='ocr_line' id='line_1_119' title="bbox 1775 5694 3301 5772; baseline 0.005 -22"><span class='ocrx_word' id='word_1_854' title='bbox 1775 5694 2176 5765; x_wconf 79' lang='lat' dir='ltr'><strong>Ubigravitatis</strong></span> <span class='ocrx_word' id='word_1_855' title='bbox 2202 5697 2417 5753; x_wconf 88' lang='lat' dir='ltr'><strong>nomine</strong></span> <span class='ocrx_word' id='word_1_856' title='bbox 2445 5708 2711 5755; x_wconf 82' lang='lat' dir='ltr'><strong>senectam</strong></span> <span class='ocrx_word' id='word_1_857' title='bbox 2745 5701 2988 5772; x_wconf 82' lang='lat' dir='ltr'><strong>intelligit</strong></span> <span class='ocrx_word' id='word_1_858' title='bbox 3042 5713 3094 5760; x_wconf 87' lang='lat' dir='ltr'><strong>et</strong></span> <span class='ocrx_word' id='word_1_859' title='bbox 3145 5719 3301 5762; x_wconf 84' lang='lat' dir='ltr'><strong>sene-</strong></span> 
     </span>
    </p>
   </div>
  </div>
