  <div class='ocr_page' id='page_1' title='image "/cluster/home/n/w/nwhite01/storage/ocr_20150623/79/pst.000005712786/755.png"; bbox 0 0 4122 6338; ppageno 0'>
   <div class='ocr_carea' id='block_1_1' title="bbox 805 305 936 367">
    <p class='ocr_par' dir='ltr' id='par_1_1' title="bbox 805 305 936 367">
     <span class='ocr_line' id='line_1_1' title="bbox 805 305 936 367; baseline 0.008 -1"><span class='ocrx_word' id='word_1_1' title='bbox 805 305 936 367; x_wconf 75' lang='lat' dir='ltr'><strong>i395</strong></span> 
     </span>
    </p>
   </div>
   <div class='ocr_carea' id='block_1_2' title="bbox 1539 302 3270 377">
    <p class='ocr_par' dir='ltr' id='par_1_2' title="bbox 1539 302 3270 377">
     <span class='ocr_line' id='line_1_2' title="bbox 1539 302 3270 377; baseline 0 -13"><span class='ocrx_word' id='word_1_2' title='bbox 1539 304 1683 365; x_wconf 81' lang='lat' dir='ltr'><strong>JOS.</strong></span> <span class='ocrx_word' id='word_1_3' title='bbox 1721 304 1979 365; x_wconf 81' lang='lat' dir='ltr'><strong>MARUE</strong></span> <span class='ocrx_word' id='word_1_4' title='bbox 2015 302 2361 367; x_wconf 82' lang='lat' dir='ltr'><strong>SUARESII</strong></span> <span class='ocrx_word' id='word_1_5' title='bbox 2396 302 2621 365; x_wconf 83' lang='lat' dir='ltr'><strong>LIBER</strong></span> <span class='ocrx_word' id='word_1_6' title='bbox 2658 305 3270 377; x_wconf 80' lang='lat' dir='ltr'><strong>CHRONOLOGICUS</strong></span> 
     </span>
    </p>
   </div>
   <div class='ocr_carea' id='block_1_3' title="bbox 3744 305 3939 367">
    <p class='ocr_par' dir='ltr' id='par_1_3' title="bbox 3744 305 3939 367">
     <span class='ocr_line' id='line_1_3' title="bbox 3744 305 3939 367; baseline 0.015 -3"><span class='ocrx_word' id='word_1_7' title='bbox 3744 306 3753 309; x_wconf 79' lang='grc'><em>’</em></span> <span class='ocrx_word' id='word_1_8' title='bbox 3827 305 3939 367; x_wconf 76' lang='lat'><strong>1596</strong></span> 
     </span>
    </p>
   </div>
   <div class='ocr_carea' id='block_1_4' title="bbox 798 405 3935 487">
    <p class='ocr_par' dir='ltr' id='par_1_4' title="bbox 798 405 3935 487">
     <span class='ocr_line' id='line_1_4' title="bbox 798 405 3935 487; baseline 0 -19"><span class='ocrx_word' id='word_1_9' title='bbox 798 415 960 469; x_wconf 88' lang='lat' dir='ltr'><strong>ctutis</strong></span> <span class='ocrx_word' id='word_1_10' title='bbox 995 412 1273 477; x_wconf 82' lang='lat' dir='ltr'><strong>vocabulo,</strong></span> <span class='ocrx_word' id='word_1_11' title='bbox 1309 412 1553 481; x_wconf 82' lang='lat' dir='ltr'><strong>senium;</strong></span> <span class='ocrx_word' id='word_1_12' title='bbox 1582 429 1705 468; x_wconf 91' lang='lat' dir='ltr'><strong>nam</strong></span> <span class='ocrx_word' id='word_1_13' title='bbox 1745 415 1837 485; x_wconf 85' lang='lat' dir='ltr'><strong>qui</strong></span> <span class='ocrx_word' id='word_1_14' title='bbox 1886 405 2062 486; x_wconf 86' lang='lat' dir='ltr'><strong>gravis</strong></span> <span class='ocrx_word' id='word_1_15' title='bbox 2114 414 2337 481; x_wconf 75' lang='lat' dir='ltr'><strong>Latinis,</strong></span> <span class='ocrx_word' id='word_1_16' title='bbox 2366 419 2411 475; x_wconf 83' lang='lat' dir='ltr'><strong>A</strong></span> <span class='ocrx_word' id='word_1_17' title='bbox 2439 430 2667 487; x_wconf 85' lang='lat' dir='ltr'><strong>namque</strong></span> <span class='ocrx_word' id='word_1_18' title='bbox 2686 418 2931 487; x_wconf 85' lang='lat' dir='ltr'><strong>utAgaso</strong></span> <span class='ocrx_word' id='word_1_19' title='bbox 2955 418 3188 470; x_wconf 87' lang='lat' dir='ltr'><strong>narravit</strong></span> <span class='ocrx_word' id='word_1_20' title='bbox 3206 415 3326 470; x_wconf 84' lang='lat' dir='ltr'><strong>Nilo</strong></span> <span class='ocrx_word' id='word_1_21' title='bbox 3341 415 3481 470; x_wconf 83' lang='lat' dir='ltr'><strong>haud</strong></span> <span class='ocrx_word' id='word_1_22' title='bbox 3498 414 3680 484; x_wconf 85' lang='lat' dir='ltr'><strong>procul</strong></span> <span class='ocrx_word' id='word_1_23' title='bbox 3702 412 3935 483; x_wconf 79' lang='lat' dir='ltr'><strong>abElusa,</strong></span> 
     </span>
    </p>
   </div>
   <div class='ocr_carea' id='block_1_5' title="bbox 797 499 2334 573">
    <p class='ocr_par' dir='ltr' id='par_1_5' title="bbox 797 499 2334 573">
     <span class='ocr_line' id='line_1_5' title="bbox 797 499 2334 573; baseline 0.002 -16"><span class='ocrx_word' id='word_1_24' title='bbox 797 504 997 558; x_wconf 75' lang='lat' dir='ltr'><strong>Grazcis</strong></span> <span class='ocrx_word' id='word_1_25' title='bbox 1037 504 1340 573; x_wconf 72' lang='grc' dir='ltr'><strong>πρεσϐύτης</strong></span> <span class='ocrx_word' id='word_1_26' title='bbox 1388 512 1640 569; x_wconf 89' lang='lat' dir='ltr'><strong>vocatur;</strong></span> <span class='ocrx_word' id='word_1_27' title='bbox 1692 504 1782 573; x_wconf 89' lang='lat' dir='ltr'><strong>qui</strong></span> <span class='ocrx_word' id='word_1_28' title='bbox 1820 520 1946 560; x_wconf 89' lang='lat' dir='ltr'><strong>vero</strong></span> <span class='ocrx_word' id='word_1_29' title='bbox 1998 499 2182 569; x_wconf 79' lang='lat' dir='ltr'><strong>senex,</strong></span> <span class='ocrx_word' id='word_1_30' title='bbox 2243 520 2334 560; x_wconf 88' lang='lat' dir='ltr'><strong>seu</strong></span> 
     </span>
    </p>
   </div>
   <div class='ocr_carea' id='block_1_6' title="bbox 784 593 2334 663">
    <p class='ocr_par' dir='ltr' id='par_1_6' title="bbox 784 593 2334 663">
     <span class='ocr_line' id='line_1_6' title="bbox 784 593 2334 663; baseline 0.001 -16"><span class='ocrx_word' id='word_1_31' title='bbox 784 596 1057 662; x_wconf 42' lang='lat' dir='ltr'><strong>,seminex,</strong></span> <span class='ocrx_word' id='word_1_32' title='bbox 1078 594 1320 663; x_wconf 69' lang='grc' dir='ltr'>γηραιός,</span> <span class='ocrx_word' id='word_1_33' title='bbox 1352 603 1408 647; x_wconf 90' lang='grc' dir='ltr'><strong>ιιι</strong></span> <span class='ocrx_word' id='word_1_34' title='bbox 1434 595 1587 649; x_wconf 87' lang='lat' dir='ltr'><strong>docet</strong></span> <span class='ocrx_word' id='word_1_35' title='bbox 1613 595 1747 648; x_wconf 88' lang='lat' dir='ltr'><strong>idem</strong></span> <span class='ocrx_word' id='word_1_36' title='bbox 1778 604 1993 650; x_wconf 88' lang='lat' dir='ltr'><strong>sanctus</strong></span> <span class='ocrx_word' id='word_1_37' title='bbox 2022 595 2075 649; x_wconf 91' lang='lat' dir='ltr'><strong>in</strong></span> <span class='ocrx_word' id='word_1_38' title='bbox 2106 593 2334 648; x_wconf 80' lang='lat' dir='ltr'><strong>Enarra-</strong></span> 
     </span>
    </p>
   </div>
   <div class='ocr_carea' id='block_1_7' title="bbox 2447 504 3939 577">
    <p class='ocr_par' dir='ltr' id='par_1_7' title="bbox 2447 504 3939 577">
     <span class='ocr_line' id='line_1_7' title="bbox 2447 504 3939 577; baseline 0.001 -18"><span class='ocrx_word' id='word_1_39' title='bbox 2447 506 2505 559; x_wconf 88' lang='grc' dir='ltr'><strong>Ὀ</strong></span> <span class='ocrx_word' id='word_1_40' title='bbox 2541 508 2669 569; x_wconf 83' lang='grc' dir='ltr'>παῖς</span> <span class='ocrx_word' id='word_1_41' title='bbox 2706 507 2915 577; x_wconf 74' lang='grc' dir='ltr'>εἴρηται</span> <span class='ocrx_word' id='word_1_42' title='bbox 2945 507 3043 575; x_wconf 79' lang='grc' dir='ltr'><strong>μὲν</strong></span> <span class='ocrx_word' id='word_1_43' title='bbox 3078 506 3245 558; x_wconf 81' lang='grc' dir='ltr'><strong>τελεῖν</strong></span> <span class='ocrx_word' id='word_1_44' title='bbox 3274 508 3331 559; x_wconf 77' lang='grc' dir='ltr'>ὲν</span> <span class='ocrx_word' id='word_1_45' title='bbox 3352 505 3430 575; x_wconf 86' lang='grc' dir='ltr'><strong>τῷ</strong></span> <span class='ocrx_word' id='word_1_46' title='bbox 3452 504 3703 575; x_wconf 78' lang='grc' dir='ltr'>ἱερατικῷ</span> <span class='ocrx_word' id='word_1_47' title='bbox 3728 504 3939 574; x_wconf 77' lang='grc' dir='ltr'><strong>τάγματι</strong></span> 
     </span>
    </p>
   </div>
   <div class='ocr_carea' id='block_1_8' title="bbox 2431 594 3937 667">
    <p class='ocr_par' dir='ltr' id='par_1_8' title="bbox 2431 594 3937 667">
     <span class='ocr_line' id='line_1_8' title="bbox 2431 594 3937 667; baseline -0.001 -19"><span class='ocrx_word' id='word_1_48' title='bbox 2431 595 2528 659; x_wconf 80' lang='grc' dir='ltr'>τὰς</span> <span class='ocrx_word' id='word_1_49' title='bbox 2544 596 2757 664; x_wconf 83' lang='grc' dir='ltr'><strong>πρώτας</strong></span> <span class='ocrx_word' id='word_1_50' title='bbox 2772 598 2904 659; x_wconf 81' lang='grc' dir='ltr'><strong>τέως</strong></span> <span class='ocrx_word' id='word_1_51' title='bbox 2920 594 3263 667; x_wconf 80' lang='grc' dir='ltr'><strong>[ὑπηρεσίας]</strong></span> <span class='ocrx_word' id='word_1_52' title='bbox 3275 595 3381 649; x_wconf 84' lang='grc' dir='ltr'><strong>τῶν</strong></span> <span class='ocrx_word' id='word_1_53' title='bbox 3404 596 3660 664; x_wconf 81' lang='grc' dir='ltr'>νεοχόρων</span> <span class='ocrx_word' id='word_1_54' title='bbox 3675 594 3811 663; x_wconf 84' lang='lat' dir='ltr'><strong>(lego</strong></span> <span class='ocrx_word' id='word_1_55' title='bbox 3827 610 3937 647; x_wconf 78' lang='lat' dir='ltr'><strong>vem-</strong></span> 
     </span>
    </p>
   </div>
   <div class='ocr_carea' id='block_1_9' title="bbox 798 683 2354 755">
    <p class='ocr_par' dir='ltr' id='par_1_9' title="bbox 798 684 2333 755">
     <span class='ocr_line' id='line_1_9' title="bbox 798 684 2333 755; baseline 0.001 -20"><span class='ocrx_word' id='word_1_56' title='bbox 798 686 941 737; x_wconf 83' lang='lat' dir='ltr'><strong>tione</strong></span> <span class='ocrx_word' id='word_1_57' title='bbox 981 684 1170 751; x_wconf 85' lang='lat' dir='ltr'><strong>psalmi</strong></span> <span class='ocrx_word' id='word_1_58' title='bbox 1213 686 1609 753; x_wconf 82' lang='lat' dir='ltr'><strong>septuagesimi.</strong></span> <span class='ocrx_word' id='word_1_59' title='bbox 1649 701 1701 754; x_wconf 94' lang='lat' dir='ltr'><strong>p.</strong></span> <span class='ocrx_word' id='word_1_60' title='bbox 1731 685 1852 750; x_wconf 76' lang='lat'><strong>276,</strong></span> <span class='ocrx_word' id='word_1_61' title='bbox 1886 685 1997 740; x_wconf 83' lang='lat' dir='ltr'><strong>sive</strong></span> <span class='ocrx_word' id='word_1_62' title='bbox 2034 685 2189 755; x_wconf 88' lang='lat' dir='ltr'><strong>quasi</strong></span> <span class='ocrx_word' id='word_1_63' title='bbox 2231 686 2333 755; x_wconf 82' lang='grc' dir='ltr'><strong>γῆν</strong></span> 
     </span>
    </p>
   </div>
   <div class='ocr_carea' id='block_1_10' title="bbox 2406 683 3940 755">
    <p class='ocr_par' dir='ltr' id='par_1_10' title="bbox 2432 683 3940 754">
     <span class='ocr_line' id='line_1_10' title="bbox 2432 683 3940 754; baseline 0.001 -17"><span class='ocrx_word' id='word_1_64' title='bbox 2432 684 2605 754; x_wconf 74' lang='grc' dir='ltr'>κόρων</span> <span class='ocrx_word' id='word_1_65' title='bbox 2634 684 3069 754; x_wconf 80' lang='grc' dir='ltr'>πεπιστευμένος,</span> <span class='ocrx_word' id='word_1_66' title='bbox 3108 685 3157 738; x_wconf 92' lang='lat' dir='ltr'><strong>id</strong></span> <span class='ocrx_word' id='word_1_67' title='bbox 3198 692 3279 740; x_wconf 88' lang='lat' dir='ltr'><strong>est</strong></span> <span class='ocrx_word' id='word_1_68' title='bbox 3304 699 3493 750; x_wconf 86' lang='lat' dir='ltr'><strong>nempe</strong></span> <span class='ocrx_word' id='word_1_69' title='bbox 3518 683 3808 739; x_wconf 78' lang='lat' dir='ltr'><strong>Tlteodulus</strong></span> <span class='ocrx_word' id='word_1_70' title='bbox 3840 694 3940 739; x_wconf 76' lang='grc' dir='ltr'>ιιιιιι</span> 
     </span>
    </p>
   </div>
   <div class='ocr_carea' id='block_1_11' title="bbox 793 774 2331 859">
    <p class='ocr_par' dir='ltr' id='par_1_11' title="bbox 793 774 2331 859">
     <span class='ocr_line' id='line_1_11' title="bbox 793 774 2331 859; baseline 0.005 -34"><span class='ocrx_word' id='word_1_71' title='bbox 793 774 954 842; x_wconf 82' lang='grc' dir='ltr'>ὀρῶν,</span> <span class='ocrx_word' id='word_1_72' title='bbox 989 774 1067 828; x_wconf 86' lang='lat' dir='ltr'><strong>vel</strong></span> <span class='ocrx_word' id='word_1_73' title='bbox 1097 776 1176 838; x_wconf 79' lang='grc' dir='ltr'><strong>εἰς</strong></span> <span class='ocrx_word' id='word_1_74' title='bbox 1203 774 1308 844; x_wconf 79' lang='grc' dir='ltr'><strong>γῆν</strong></span> <span class='ocrx_word' id='word_1_75' title='bbox 1336 775 1492 846; x_wconf 74' lang='grc' dir='ltr'>ῥέων,</span> <span class='ocrx_word' id='word_1_76' title='bbox 1524 785 1717 859; x_wconf 73' lang='lat' dir='ltr'><strong>terram</strong></span> <span class='ocrx_word' id='word_1_77' title='bbox 1740 778 2014 847; x_wconf 80' lang='lat' dir='ltr'><strong>aspiciens,</strong></span> <span class='ocrx_word' id='word_1_78' title='bbox 2040 788 2195 846; x_wconf 86' lang='lat' dir='ltr'><strong>atque</strong></span> <span class='ocrx_word' id='word_1_79' title='bbox 2215 794 2331 834; x_wconf 79' lang='lat' dir='ltr'><strong>cer-</strong></span> 
     </span>
    </p>
   </div>
   <div class='ocr_carea' id='block_1_12' title="bbox 795 864 1620 933">
    <p class='ocr_par' dir='ltr' id='par_1_12' title="bbox 795 864 1620 933">
     <span class='ocr_line' id='line_1_12' title="bbox 795 864 1620 933; baseline 0.004 -17"><span class='ocrx_word' id='word_1_80' title='bbox 795 866 935 917; x_wconf 81' lang='lat' dir='ltr'><strong>unus</strong></span> <span class='ocrx_word' id='word_1_81' title='bbox 960 903 974 929; x_wconf 94' lang='lat'><strong>,</strong></span> <span class='ocrx_word' id='word_1_82' title='bbox 1015 874 1105 916; x_wconf 84' lang='lat' dir='ltr'><strong>aut</strong></span> <span class='ocrx_word' id='word_1_83' title='bbox 1129 864 1183 916; x_wconf 85' lang='lat' dir='ltr'><strong>in</strong></span> <span class='ocrx_word' id='word_1_84' title='bbox 1219 874 1408 917; x_wconf 87' lang='lat' dir='ltr'><strong>terram</strong></span> <span class='ocrx_word' id='word_1_85' title='bbox 1435 866 1620 933; x_wconf 84' lang='lat' dir='ltr'><strong>ﬂuens.</strong></span> 
     </span>
    </p>
   </div>
   <div class='ocr_carea' id='block_1_13' title="bbox 861 952 2321 1027">
    <p class='ocr_par' dir='ltr' id='par_1_13' title="bbox 861 952 2321 1027">
     <span class='ocr_line' id='line_1_13' title="bbox 861 952 2321 1027; baseline 0.005 -22"><span class='ocrx_word' id='word_1_86' title='bbox 861 952 1045 1027; x_wconf 82' lang='lat' dir='ltr'><strong>itaque</strong></span> <span class='ocrx_word' id='word_1_87' title='bbox 1078 953 1357 1025; x_wconf 85' lang='lat' dir='ltr'><strong>plusquam</strong></span> <span class='ocrx_word' id='word_1_88' title='bbox 1412 956 1895 1026; x_wconf 85' lang='lat' dir='ltr'><strong>quadragenarium</strong></span> <span class='ocrx_word' id='word_1_89' title='bbox 1926 954 2102 1012; x_wconf 84' lang='lat' dir='ltr'><strong>Nilum</strong></span> <span class='ocrx_word' id='word_1_90' title='bbox 2134 957 2321 1026; x_wconf 59' lang='lat' dir='ltr'><strong>praefe-</strong></span> 
     </span>
    </p>
   </div>
   <div class='ocr_carea' id='block_1_14' title="bbox 796 1042 2327 1116">
    <p class='ocr_par' dir='ltr' id='par_1_14' title="bbox 796 1042 2327 1116">
     <span class='ocr_line' id='line_1_14' title="bbox 796 1042 2327 1116; baseline 0.003 -19"><span class='ocrx_word' id='word_1_91' title='bbox 796 1055 961 1098; x_wconf 73' lang='lat' dir='ltr'><strong>cturae</strong></span> <span class='ocrx_word' id='word_1_92' title='bbox 1019 1058 1237 1098; x_wconf 86' lang='lat' dir='ltr'><strong>munere</strong></span> <span class='ocrx_word' id='word_1_93' title='bbox 1288 1042 1531 1099; x_wconf 90' lang='lat' dir='ltr'><strong>functum</strong></span> <span class='ocrx_word' id='word_1_94' title='bbox 1563 1046 1816 1107; x_wconf 83' lang='lat' dir='ltr'><strong>arbitror,</strong></span> <span class='ocrx_word' id='word_1_95' title='bbox 1844 1047 1955 1099; x_wconf 84' lang='lat' dir='ltr'><strong>sive</strong></span> <span class='ocrx_word' id='word_1_96' title='bbox 1979 1046 2327 1116; x_wconf 76' lang='lat' dir='ltr'><strong>quadraginta</strong></span> 
     </span>
    </p>
   </div>
   <div class='ocr_carea' id='block_1_15' title="bbox 791 1135 2322 1205">
    <p class='ocr_par' dir='ltr' id='par_1_15' title="bbox 791 1135 2322 1205">
     <span class='ocr_line' id='line_1_15' title="bbox 791 1135 2322 1205; baseline 0.005 -21"><span class='ocrx_word' id='word_1_97' title='bbox 791 1137 926 1186; x_wconf 81' lang='lat' dir='ltr'><strong>duos</strong></span> <span class='ocrx_word' id='word_1_98' title='bbox 955 1148 1125 1187; x_wconf 88' lang='lat' dir='ltr'><strong>annos</strong></span> <span class='ocrx_word' id='word_1_99' title='bbox 1161 1135 1419 1201; x_wconf 71' lang='lat' dir='ltr'><strong>attigisse,</strong></span> <span class='ocrx_word' id='word_1_100' title='bbox 1447 1151 1568 1189; x_wconf 90' lang='lat' dir='ltr'><strong>cum</strong></span> <span class='ocrx_word' id='word_1_101' title='bbox 1602 1135 1668 1189; x_wconf 90' lang='lat' dir='ltr'><strong>ad</strong></span> <span class='ocrx_word' id='word_1_102' title='bbox 1722 1137 2033 1191; x_wconf 84' lang='lat' dir='ltr'><strong>vicesimum</strong></span> <span class='ocrx_word' id='word_1_103' title='bbox 2080 1136 2322 1205; x_wconf 91' lang='lat' dir='ltr'><strong>quintum</strong></span> 
     </span>
    </p>
   </div>
   <div class='ocr_carea' id='block_1_16' title="bbox 792 1225 2377 1297">
    <p class='ocr_par' dir='ltr' id='par_1_16' title="bbox 792 1225 2377 1297">
     <span class='ocr_line' id='line_1_16' title="bbox 792 1225 2377 1297; baseline 0.005 -23"><span class='ocrx_word' id='word_1_104' title='bbox 792 1238 960 1290; x_wconf 84' lang='lat' dir='ltr'><strong>usque</strong></span> <span class='ocrx_word' id='word_1_105' title='bbox 989 1239 1187 1277; x_wconf 86' lang='lat' dir='ltr'><strong>annum</strong></span> <span class='ocrx_word' id='word_1_106' title='bbox 1226 1239 1441 1293; x_wconf 86' lang='lat' dir='ltr'><strong>operam</strong></span> <span class='ocrx_word' id='word_1_107' title='bbox 1475 1225 1708 1280; x_wconf 77' lang='lat' dir='ltr'><strong>dedisset</strong></span> <span class='ocrx_word' id='word_1_108' title='bbox 1744 1226 2050 1282; x_wconf 83' lang='lat' dir='ltr'><strong>liberalibus</strong></span> <span class='ocrx_word' id='word_1_109' title='bbox 2078 1227 2328 1297; x_wconf 86' lang='lat' dir='ltr'><strong>&#39;discipli-</strong></span> <span class='ocrx_word' id='word_1_110' title='bbox 2370 1270 2377 1293; x_wconf 76' lang='grc'><strong>,</strong></span> 
     </span>
    </p>
   </div>
   <div class='ocr_carea' id='block_1_17' title="bbox 791 1314 2325 1382">
    <p class='ocr_par' dir='ltr' id='par_1_17' title="bbox 791 1314 2325 1382">
     <span class='ocr_line' id='line_1_17' title="bbox 791 1314 2325 1382; baseline 0.005 -15"><span class='ocrx_word' id='word_1_111' title='bbox 791 1315 895 1375; x_wconf 89' lang='lat' dir='ltr'><strong>nis,</strong></span> <span class='ocrx_word' id='word_1_112' title='bbox 927 1323 979 1367; x_wconf 87' lang='lat' dir='ltr'><strong>et</strong></span> <span class='ocrx_word' id='word_1_113' title='bbox 1019 1314 1159 1382; x_wconf 85' lang='lat' dir='ltr'><strong>juris</strong></span> <span class='ocrx_word' id='word_1_114' title='bbox 1206 1316 1460 1381; x_wconf 64' lang='lat' dir='ltr'><strong>scientias,</strong></span> <span class='ocrx_word' id='word_1_115' title='bbox 1492 1318 1852 1372; x_wconf 75' lang='lat' dir='ltr'><strong>adolescentes</strong></span> <span class='ocrx_word' id='word_1_116' title='bbox 1898 1318 2149 1373; x_wconf 89' lang='lat' dir='ltr'><strong>nimirum</strong></span> <span class='ocrx_word' id='word_1_117' title='bbox 2208 1320 2325 1375; x_wconf 87' lang='lat' dir='ltr'><strong>ideo</strong></span> 
     </span>
    </p>
   </div>
   <div class='ocr_carea' id='block_1_18' title="bbox 790 1407 2324 1477">
    <p class='ocr_par' dir='ltr' id='par_1_18' title="bbox 790 1407 2324 1477">
     <span class='ocr_line' id='line_1_18' title="bbox 790 1407 2324 1477; baseline 0.007 -21"><span class='ocrx_word' id='word_1_118' title='bbox 790 1407 1189 1460; x_wconf 76' lang='lat' dir='ltr'><strong>nxcusabantur</strong></span> <span class='ocrx_word' id='word_1_119' title='bbox 1216 1407 1284 1461; x_wconf 83' lang='lat' dir='ltr'><strong>ab</strong></span> <span class='ocrx_word' id='word_1_120' title='bbox 1311 1408 1622 1473; x_wconf 84' lang='lat' dir='ltr'><strong>honoribus,</strong></span> <span class='ocrx_word' id='word_1_121' title='bbox 1653 1423 1822 1477; x_wconf 90' lang='lat' dir='ltr'><strong>usque</strong></span> <span class='ocrx_word' id='word_1_122' title='bbox 1863 1409 1928 1463; x_wconf 88' lang='lat' dir='ltr'><strong>ad</strong></span> <span class='ocrx_word' id='word_1_123' title='bbox 1959 1408 2107 1463; x_wconf 89' lang='lat' dir='ltr'><strong>illum</strong></span> <span class='ocrx_word' id='word_1_124' title='bbox 2154 1412 2324 1467; x_wconf 65' lang='lat' dir='ltr'><strong>inlatis</strong></span> 
     </span>
    </p>
   </div>
   <div class='ocr_carea' id='block_1_19' title="bbox 716 1494 2322 1562">
    <p class='ocr_par' dir='ltr' id='par_1_19' title="bbox 716 1494 2322 1562">
     <span class='ocr_line' id='line_1_19' title="bbox 716 1494 2322 1562; baseline 0.004 -13"><span class='ocrx_word' id='word_1_125' title='bbox 716 1501 718 1504; x_wconf 78' lang='grc'><em>’</em></span> <span class='ocrx_word' id='word_1_126' title='bbox 788 1511 1011 1560; x_wconf 91' lang='lat' dir='ltr'><strong>annum,</strong></span> <span class='ocrx_word' id='word_1_127' title='bbox 1040 1497 1072 1549; x_wconf 91' lang='lat' dir='ltr'><strong>l.</strong></span> <span class='ocrx_word' id='word_1_128' title='bbox 1109 1511 1148 1562; x_wconf 93' lang='grc' dir='ltr'><strong>ι,</strong></span> <span class='ocrx_word' id='word_1_129' title='bbox 1169 1494 1516 1561; x_wconf 75' lang='grc' dir='ltr'><strong>Ο.Ωιιὶωιαιε</strong></span> <span class='ocrx_word' id='word_1_130' title='bbox 1540 1514 1592 1551; x_wconf 83' lang='lat' dir='ltr'><strong>se</strong></span> <span class='ocrx_word' id='word_1_131' title='bbox 1621 1507 1889 1554; x_wconf 72' lang='lat' dir='ltr'><strong>excusant.</strong></span> <span class='ocrx_word' id='word_1_132' title='bbox 1914 1498 2079 1554; x_wconf 86' lang='lat' dir='ltr'><strong>lib.x.</strong></span> <span class='ocrx_word' id='word_1_133' title='bbox 2105 1498 2166 1554; x_wconf 80' lang='grc' dir='ltr'><strong>ϐ.</strong></span> <span class='ocrx_word' id='word_1_134' title='bbox 2199 1498 2322 1555; x_wconf 81' lang='lat' dir='ltr'><strong>Jus-</strong></span> 
     </span>
    </p>
   </div>
   <div class='ocr_carea' id='block_1_20' title="bbox 789 1584 2319 1660">
    <p class='ocr_par' dir='ltr' id='par_1_20' title="bbox 789 1584 2319 1660">
     <span class='ocr_line' id='line_1_20' title="bbox 789 1584 2319 1660; baseline 0.005 -23"><span class='ocrx_word' id='word_1_135' title='bbox 789 1584 1023 1638; x_wconf 72' lang='lat' dir='ltr'><strong>tinianzei</strong></span> <span class='ocrx_word' id='word_1_136' title='bbox 1057 1586 1314 1654; x_wconf 77' lang='grc' dir='ltr'><strong>ἐγκύκλια</strong></span> <span class='ocrx_word' id='word_1_137' title='bbox 1337 1588 1663 1642; x_wconf 76' lang='lat' dir='ltr'><strong>vocabantur</strong></span> <span class='ocrx_word' id='word_1_138' title='bbox 1687 1589 1976 1645; x_wconf 79' lang='lat' dir='ltr'><strong>circulares</strong></span> <span class='ocrx_word' id='word_1_139' title='bbox 2008 1590 2319 1660; x_wconf 67' lang='lat' dir='ltr'><strong>disciplinae,</strong></span> 
     </span>
    </p>
   </div>
   <div class='ocr_carea' id='block_1_21' title="bbox 787 1675 2318 1741">
    <p class='ocr_par' dir='ltr' id='par_1_21' title="bbox 787 1675 2318 1741">
     <span class='ocr_line' id='line_1_21' title="bbox 787 1675 2318 1741; baseline 0.005 -14"><span class='ocrx_word' id='word_1_140' title='bbox 787 1676 1155 1741; x_wconf 84' lang='lat' dir='ltr'><strong>grammatica,</strong></span> <span class='ocrx_word' id='word_1_141' title='bbox 1170 1675 1454 1740; x_wconf 86' lang='lat' dir='ltr'><strong>rhetorica,</strong></span> <span class='ocrx_word' id='word_1_142' title='bbox 1468 1676 1762 1736; x_wconf 87' lang='lat' dir='ltr'><strong>dialectica.</strong></span> <span class='ocrx_word' id='word_1_143' title='bbox 1781 1685 1894 1731; x_wconf 89' lang='lat' dir='ltr'><strong>tum</strong></span> <span class='ocrx_word' id='word_1_144' title='bbox 1913 1678 2318 1734; x_wconf 65' lang='lat' dir='ltr'><strong>mathematicae.</strong></span> 
     </span>
    </p>
   </div>
   <div class='ocr_carea' id='block_1_22' title="bbox 787 1739 2396 1838">
    <p class='ocr_par' dir='ltr' id='par_1_22' title="bbox 787 1739 2396 1838">
     <span class='ocr_line' id='line_1_22' title="bbox 787 1739 2396 1838; baseline 0.004 -22"><span class='ocrx_word' id='word_1_145' title='bbox 787 1739 904 1833; x_wconf 75' lang='lat' dir='ltr'><strong>ipse</strong></span> <span class='ocrx_word' id='word_1_146' title='bbox 934 1763 1106 1824; x_wconf 90' lang='lat' dir='ltr'><strong>Nilus,</strong></span> <span class='ocrx_word' id='word_1_147' title='bbox 1137 1764 1293 1832; x_wconf 84' lang='lat' dir='ltr'><strong>epist.</strong></span> <span class='ocrx_word' id='word_1_148' title='bbox 1320 1764 1409 1829; x_wconf 62' lang='lat' dir='ltr'><strong>i5,</strong></span> <span class='ocrx_word' id='word_1_149' title='bbox 1441 1763 1475 1817; x_wconf 93' lang='grc' dir='ltr'><strong>Ι.</strong></span> <span class='ocrx_word' id='word_1_150' title='bbox 1496 1766 1781 1825; x_wconf 79' lang='lat' dir='ltr'><strong>rx._Allatii</strong></span> <span class='ocrx_word' id='word_1_151' title='bbox 1816 1767 1880 1820; x_wconf 89' lang='lat' dir='ltr'><strong>ad</strong></span> <span class='ocrx_word' id='word_1_152' title='bbox 1908 1767 2324 1838; x_wconf 87' lang='lat' dir='ltr'><strong>Domninumju—</strong></span> <span class='ocrx_word' id='word_1_153' title='bbox 2352 1739 2396 1795; x_wconf 67' lang='grc' dir='ltr'>Β</span> 
     </span>
    </p>
   </div>
   <div class='ocr_carea' id='block_1_23' title="bbox 788 1852 2321 1926">
    <p class='ocr_par' dir='ltr' id='par_1_23' title="bbox 788 1852 2321 1926">
     <span class='ocr_line' id='line_1_23' title="bbox 788 1852 2321 1926; baseline 0.005 -22"><span class='ocrx_word' id='word_1_154' title='bbox 788 1854 1013 1919; x_wconf 87' lang='lat' dir='ltr'><strong>niorem,</strong></span> <span class='ocrx_word' id='word_1_155' title='bbox 1028 1853 1269 1907; x_wconf 87' lang='lat' dir='ltr'><strong>nbimale</strong></span> <span class='ocrx_word' id='word_1_156' title='bbox 1284 1854 1418 1922; x_wconf 80' lang='grc' dir='ltr'><strong>μετὰ</strong></span> <span class='ocrx_word' id='word_1_157' title='bbox 1433 1852 1574 1926; x_wconf 75' lang='grc' dir='ltr'>[τὴν]</span> <span class='ocrx_word' id='word_1_158' title='bbox 1587 1856 1691 1907; x_wconf 86' lang='grc' dir='ltr'><strong>τῶν</strong></span> <span class='ocrx_word' id='word_1_159' title='bbox 1717 1856 2012 1921; x_wconf 75' lang='grc' dir='ltr'><strong>ἐγκυκλίων</strong></span> <span class='ocrx_word' id='word_1_160' title='bbox 2030 1857 2321 1924; x_wconf 82' lang='grc' dir='ltr'><strong>παίδευσιν,</strong></span> 
     </span>
    </p>
   </div>
   <div class='ocr_carea' id='block_1_24' title="bbox 786 1944 2323 2016">
    <p class='ocr_par' dir='ltr' id='par_1_24' title="bbox 786 1944 2323 2016">
     <span class='ocr_line' id='line_1_24' title="bbox 786 1944 2323 2016; baseline 0.003 -20"><span class='ocrx_word' id='word_1_161' title='bbox 786 1947 879 1997; x_wconf 73' lang='grc' dir='ltr'>καὶ</span> <span class='ocrx_word' id='word_1_162' title='bbox 898 1944 993 2013; x_wconf 80' lang='grc' dir='ltr'>τὴν</span> <span class='ocrx_word' id='word_1_163' title='bbox 1017 1944 1120 1996; x_wconf 85' lang='grc' dir='ltr'><strong>τῶν</strong></span> <span class='ocrx_word' id='word_1_164' title='bbox 1149 1944 1611 2013; x_wconf 77' lang='grc' dir='ltr'><strong>φιλοσοφουμένων</strong></span> <span class='ocrx_word' id='word_1_165' title='bbox 1652 1946 1969 2016; x_wconf 78' lang='grc' dir='ltr'>ὲκμάοησιν,</span> <span class='ocrx_word' id='word_1_166' title='bbox 2004 1948 2055 2002; x_wconf 87' lang='lat' dir='ltr'><strong>id</strong></span> <span class='ocrx_word' id='word_1_167' title='bbox 2082 1961 2182 2013; x_wconf 86' lang='lat' dir='ltr'><strong>est,</strong></span> <span class='ocrx_word' id='word_1_168' title='bbox 2202 1948 2323 2002; x_wconf 87' lang='lat' dir='ltr'><strong>Post</strong></span> 
     </span>
    </p>
   </div>
   <div class='ocr_carea' id='block_1_25' title="bbox 786 2033 2324 2103">
    <p class='ocr_par' dir='ltr' id='par_1_25' title="bbox 786 2033 2324 2103">
     <span class='ocr_line' id='line_1_25' title="bbox 786 2033 2324 2103; baseline 0.002 -15"><span class='ocrx_word' id='word_1_169' title='bbox 786 2036 990 2088; x_wconf 73' lang='lat' dir='ltr'><strong>emensa</strong></span> <span class='ocrx_word' id='word_1_170' title='bbox 1021 2034 1196 2088; x_wconf 82' lang='lat' dir='ltr'><strong>studia</strong></span> <span class='ocrx_word' id='word_1_171' title='bbox 1228 2033 1567 2087; x_wconf 86' lang='lat' dir='ltr'><strong>circularium</strong></span> <span class='ocrx_word' id='word_1_172' title='bbox 1608 2035 2023 2103; x_wconf 79' lang='lat' dir='ltr'><strong>disciplinarum,</strong></span> <span class='ocrx_word' id='word_1_173' title='bbox 2076 2048 2123 2091; x_wconf 87' lang='lat' dir='ltr'><strong>et</strong></span> <span class='ocrx_word' id='word_1_174' title='bbox 2152 2054 2324 2091; x_wconf 87' lang='lat' dir='ltr'><strong>rerum</strong></span> 
     </span>
    </p>
   </div>
   <div class='ocr_carea' id='block_1_26' title="bbox 786 2124 2320 2199">
    <p class='ocr_par' dir='ltr' id='par_1_26' title="bbox 786 2124 2320 2199">
     <span class='ocr_line' id='line_1_26' title="bbox 786 2124 2320 2199; baseline 0.003 -23"><span class='ocrx_word' id='word_1_175' title='bbox 786 2124 1256 2193; x_wconf 78' lang='lat' dir='ltr'><strong>philosophicarum</strong></span> <span class='ocrx_word' id='word_1_176' title='bbox 1303 2124 1619 2190; x_wconf 82' lang='lat' dir='ltr'><strong>doctrinam,</strong></span> <span class='ocrx_word' id='word_1_177' title='bbox 1679 2126 1903 2179; x_wconf 87' lang='lat' dir='ltr'><strong>vertitur</strong></span> <span class='ocrx_word' id='word_1_178' title='bbox 1952 2126 2320 2199; x_wconf 85' lang='lat' dir='ltr'><strong>encycliorum.</strong></span> 
     </span>
    </p>
   </div>
   <div class='ocr_carea' id='block_1_27' title="bbox 786 2211 2323 2286">
    <p class='ocr_par' dir='ltr' id='par_1_27' title="bbox 786 2211 2323 2286">
     <span class='ocr_line' id='line_1_27' title="bbox 786 2211 2323 2286; baseline 0.004 -20"><span class='ocrx_word' id='word_1_179' title='bbox 786 2213 843 2266; x_wconf 85' lang='lat' dir='ltr'><strong>in</strong></span> <span class='ocrx_word' id='word_1_180' title='bbox 875 2211 993 2266; x_wconf 82' lang='lat' dir='ltr'><strong>Vita</strong></span> <span class='ocrx_word' id='word_1_181' title='bbox 1022 2213 1193 2267; x_wconf 84' lang='lat' dir='ltr'><strong>sancti</strong></span> <span class='ocrx_word' id='word_1_182' title='bbox 1223 2211 1446 2267; x_wconf 85' lang='lat' dir='ltr'><strong>Joannis</strong></span> <span class='ocrx_word' id='word_1_183' title='bbox 1489 2213 1711 2280; x_wconf 78' lang='lat' dir='ltr'><strong>Climaei</strong></span> <span class='ocrx_word' id='word_1_184' title='bbox 1744 2214 2022 2284; x_wconf 81' lang='lat' dir='ltr'><strong>disciplina</strong></span> <span class='ocrx_word' id='word_1_185' title='bbox 2054 2217 2323 2286; x_wconf 85' lang='lat' dir='ltr'><strong>encyclica</strong></span> 
     </span>
    </p>
   </div>
   <div class='ocr_carea' id='block_1_28' title="bbox 785 2297 2320 2376">
    <p class='ocr_par' dir='ltr' id='par_1_28' title="bbox 785 2297 2320 2376">
     <span class='ocr_line' id='line_1_28' title="bbox 785 2297 2320 2376; baseline 0.005 -23"><span class='ocrx_word' id='word_1_186' title='bbox 785 2313 1116 2355; x_wconf 86' lang='lat' dir='ltr'><strong>memoratur</strong></span> <span class='ocrx_word' id='word_1_187' title='bbox 1157 2297 1460 2357; x_wconf 22' lang='lat' dir='ltr'><strong>et‘dieitur</strong></span> <span class='ocrx_word' id='word_1_188' title='bbox 1505 2304 1627 2372; x_wconf 85' lang='lat' dir='ltr'><strong>quis</strong></span> <span class='ocrx_word' id='word_1_189' title='bbox 1673 2304 1855 2358; x_wconf 90' lang='lat' dir='ltr'><strong>orbem</strong></span> <span class='ocrx_word' id='word_1_190' title='bbox 1917 2305 2320 2376; x_wconf 80' lang='lat' dir='ltr'><strong>disciplinarum</strong></span> 
     </span>
    </p>
   </div>
   <div class='ocr_carea' id='block_1_29' title="bbox 786 2390 2320 2464">
    <p class='ocr_par' dir='ltr' id='par_1_29' title="bbox 786 2390 2320 2464">
     <span class='ocr_line' id='line_1_29' title="bbox 786 2390 2320 2464; baseline 0.006 -21"><span class='ocrx_word' id='word_1_191' title='bbox 786 2390 1042 2458; x_wconf 84' lang='lat' dir='ltr'><strong>perficere</strong></span> <span class='ocrx_word' id='word_1_192' title='bbox 1067 2432 1084 2456; x_wconf 93' lang='lat'><strong>,</strong></span> <span class='ocrx_word' id='word_1_193' title='bbox 1169 2405 1230 2447; x_wconf 88' lang='lat' dir='ltr'><strong>ac</strong></span> <span class='ocrx_word' id='word_1_194' title='bbox 1284 2392 1793 2459; x_wconf 76' lang='grc' dir='ltr'>ὲγκυκλοπαιδεεαν·</span> <span class='ocrx_word' id='word_1_195' title='bbox 1860 2404 2042 2464; x_wconf 88' lang='lat' dir='ltr'><strong>postea</strong></span> <span class='ocrx_word' id='word_1_196' title='bbox 2103 2396 2320 2451; x_wconf 85' lang='lat' dir='ltr'><strong>trivium</strong></span> 
     </span>
    </p>
   </div>
   <div class='ocr_carea' id='block_1_30' title="bbox 785 2480 2319 2551">
    <p class='ocr_par' dir='ltr' id='par_1_30' title="bbox 785 2480 2319 2551">
     <span class='ocr_line' id='line_1_30' title="bbox 785 2480 2319 2551; baseline 0.004 -17"><span class='ocrx_word' id='word_1_197' title='bbox 785 2488 842 2534; x_wconf 89' lang='lat' dir='ltr'><strong>et</strong></span> <span class='ocrx_word' id='word_1_198' title='bbox 873 2480 1206 2550; x_wconf 88' lang='lat' dir='ltr'><strong>quadrivium</strong></span> <span class='ocrx_word' id='word_1_199' title='bbox 1256 2482 1676 2551; x_wconf 82' lang='lat' dir='ltr'><strong>appellabantur.</strong></span> <span class='ocrx_word' id='word_1_200' title='bbox 1718 2480 1894 2537; x_wconf 87' lang='lat' dir='ltr'><strong>Nilum</strong></span> <span class='ocrx_word' id='word_1_201' title='bbox 1939 2485 2057 2538; x_wconf 89' lang='lat' dir='ltr'><strong>dein</strong></span> <span class='ocrx_word' id='word_1_202' title='bbox 2103 2501 2319 2541; x_wconf 84' lang='lat' dir='ltr'><strong>uxorem</strong></span> 
     </span>
    </p>
   </div>
   <div class='ocr_carea' id='block_1_31' title="bbox 786 2566 2321 2644">
    <p class='ocr_par' dir='ltr' id='par_1_31' title="bbox 786 2566 2321 2644">
     <span class='ocr_line' id='line_1_31' title="bbox 786 2566 2321 2644; baseline 0.006 -25"><span class='ocrx_word' id='word_1_203' title='bbox 786 2566 1009 2622; x_wconf 80' lang='lat' dir='ltr'><strong>duxisse</strong></span> <span class='ocrx_word' id='word_1_204' title='bbox 1030 2582 1226 2623; x_wconf 87' lang='lat' dir='ltr'><strong>censeo</strong></span> <span class='ocrx_word' id='word_1_205' title='bbox 1251 2584 1391 2623; x_wconf 88' lang='lat' dir='ltr'><strong>anno</strong></span> <span class='ocrx_word' id='word_1_206' title='bbox 1416 2573 1586 2624; x_wconf 65' lang='lat' dir='ltr'><strong>aetatis</strong></span> <span class='ocrx_word' id='word_1_207' title='bbox 1600 2572 1687 2635; x_wconf 79' lang='lat'><strong>50,</strong></span> <span class='ocrx_word' id='word_1_208' title='bbox 1707 2571 1959 2644; x_wconf 75' lang='lat' dir='ltr'><strong>colligens</strong></span> <span class='ocrx_word' id='word_1_209' title='bbox 1979 2572 2178 2628; x_wconf 89' lang='lat' dir='ltr'><strong>scilicet</strong></span> <span class='ocrx_word' id='word_1_210' title='bbox 2202 2574 2321 2643; x_wconf 88' lang='lat' dir='ltr'><strong>plus</strong></span> 
     </span>
    </p>
   </div>
   <div class='ocr_carea' id='block_1_32' title="bbox 785 2656 2313 2729">
    <p class='ocr_par' dir='ltr' id='par_1_32' title="bbox 785 2656 2313 2729">
     <span class='ocr_line' id='line_1_32' title="bbox 785 2656 2313 2729; baseline 0.005 -21"><span class='ocrx_word' id='word_1_211' title='bbox 785 2656 967 2711; x_wconf 89' lang='lat' dir='ltr'><strong>minus</strong></span> <span class='ocrx_word' id='word_1_212' title='bbox 982 2657 1154 2725; x_wconf 90' lang='lat' dir='ltr'><strong>ipsum</strong></span> <span class='ocrx_word' id='word_1_213' title='bbox 1177 2657 1340 2728; x_wconf 75' lang='lat'><strong>668</strong></span> <span class='ocrx_word' id='word_1_214' title='bbox 1359 2658 1533 2712; x_wconf 86' lang='lat' dir='ltr'><strong>Nilum</strong></span> <span class='ocrx_word' id='word_1_215' title='bbox 1553 2660 1607 2712; x_wconf 91' lang='lat' dir='ltr'><strong>in</strong></span> <span class='ocrx_word' id='word_1_216' title='bbox 1630 2659 1800 2714; x_wconf 90' lang='lat' dir='ltr'><strong>lucem</strong></span> <span class='ocrx_word' id='word_1_217' title='bbox 1815 2662 2070 2729; x_wconf 87' lang='lat' dir='ltr'><strong>prodiisse</strong></span> <span class='ocrx_word' id='word_1_218' title='bbox 2084 2661 2313 2716; x_wconf 87' lang='lat' dir='ltr'><strong>an.C.N.</strong></span> 
     </span>
    </p>
   </div>
   <div class='ocr_carea' id='block_1_33' title="bbox 784 2744 2317 2821">
    <p class='ocr_par' dir='ltr' id='par_1_33' title="bbox 784 2744 2317 2821">
     <span class='ocr_line' id='line_1_33' title="bbox 784 2744 2317 2821; baseline 0.003 -20"><span class='ocrx_word' id='word_1_219' title='bbox 784 2744 908 2801; x_wconf 82' lang='lat'><strong>560.</strong></span> <span class='ocrx_word' id='word_1_220' title='bbox 932 2747 1185 2818; x_wconf 78' lang='lat' dir='ltr'><strong>Suscepit</strong></span> <span class='ocrx_word' id='word_1_221' title='bbox 1206 2757 1381 2802; x_wconf 93' lang='lat' dir='ltr'><strong>autem</strong></span> <span class='ocrx_word' id='word_1_222' title='bbox 1413 2748 1577 2803; x_wconf 83' lang='lat' dir='ltr'><strong>(ilium</strong></span> <span class='ocrx_word' id='word_1_223' title='bbox 1601 2750 1661 2819; x_wconf 71' lang='lat' dir='ltr'><strong>in</strong></span> <span class='ocrx_word' id='word_1_224' title='bbox 1679 2750 1871 2820; x_wconf 89' lang='lat' dir='ltr'><strong>primis</strong></span> <span class='ocrx_word' id='word_1_225' title='bbox 1893 2765 1923 2806; x_wconf 91' lang='lat' dir='ltr'><strong>e</strong></span> <span class='ocrx_word' id='word_1_226' title='bbox 1950 2752 2170 2821; x_wconf 78' lang='lat' dir='ltr'><strong>conjuge</strong></span> <span class='ocrx_word' id='word_1_227' title='bbox 2200 2767 2317 2815; x_wconf 86' lang='lat' dir='ltr'><strong>sua,</strong></span> 
     </span>
    </p>
   </div>
   <div class='ocr_carea' id='block_1_34' title="bbox 785 2834 2316 2912">
    <p class='ocr_par' dir='ltr' id='par_1_34' title="bbox 785 2834 2316 2912">
     <span class='ocr_line' id='line_1_34' title="bbox 785 2834 2316 2912; baseline 0.006 -25"><span class='ocrx_word' id='word_1_228' title='bbox 785 2834 1101 2912; x_wconf 78' lang='lat' dir='ltr'><strong>gravissima</strong></span> <span class='ocrx_word' id='word_1_229' title='bbox 1149 2844 1203 2890; x_wconf 87' lang='lat' dir='ltr'><strong>et</strong></span> <span class='ocrx_word' id='word_1_230' title='bbox 1240 2836 1621 2893; x_wconf 85' lang='lat' dir='ltr'><strong>honestissima</strong></span> <span class='ocrx_word' id='word_1_231' title='bbox 1674 2848 1936 2905; x_wconf 89' lang='lat' dir='ltr'><strong>matrona,</strong></span> <span class='ocrx_word' id='word_1_232' title='bbox 1978 2843 2088 2894; x_wconf 92' lang='lat' dir='ltr'><strong>tum</strong></span> <span class='ocrx_word' id='word_1_233' title='bbox 2132 2841 2316 2897; x_wconf 86' lang='lat' dir='ltr'><strong>tiliam.</strong></span> 
     </span>
    </p>
   </div>
   <div class='ocr_carea' id='block_1_35' title="bbox 786 2919 2320 2999">
    <p class='ocr_par' dir='ltr' id='par_1_35' title="bbox 786 2919 2320 2999">
     <span class='ocr_line' id='line_1_35' title="bbox 786 2919 2320 2999; baseline 0.008 -24"><span class='ocrx_word' id='word_1_234' title='bbox 786 2919 973 2977; x_wconf 80' lang='lat' dir='ltr'><strong>Honor</strong></span> <span class='ocrx_word' id='word_1_235' title='bbox 992 2922 1319 2992; x_wconf 66' lang='lat' dir='ltr'><strong>pmicetum</strong></span> <span class='ocrx_word' id='word_1_236' title='bbox 1340 2934 1607 2981; x_wconf 88' lang='lat' dir='ltr'><strong>maturam</strong></span> <span class='ocrx_word' id='word_1_237' title='bbox 1631 2936 1837 2984; x_wconf 62' lang='lat' dir='ltr'><strong>aetatem</strong></span> <span class='ocrx_word' id='word_1_238' title='bbox 1865 2930 2192 2999; x_wconf 87' lang='lat' dir='ltr'><strong>requirebat,</strong></span> <span class='ocrx_word' id='word_1_239' title='bbox 2219 2947 2320 2987; x_wconf 89' lang='lat' dir='ltr'><strong>nec</strong></span> 
     </span>
    </p>
   </div>
   <div class='ocr_carea' id='block_1_36' title="bbox 786 3016 2386 3098">
    <p class='ocr_par' dir='ltr' id='par_1_36' title="bbox 786 3016 2386 3098">
     <span class='ocr_line' id='line_1_36' title="bbox 786 3016 2386 3098; baseline 0.009 -34"><span class='ocrx_word' id='word_1_240' title='bbox 786 3021 1106 3081; x_wconf 66' lang='lat' dir='ltr'><strong>praematura</strong></span> <span class='ocrx_word' id='word_1_241' title='bbox 1136 3029 1327 3070; x_wconf 82' lang='lat' dir='ltr'><strong>venere</strong></span> <span class='ocrx_word' id='word_1_242' title='bbox 1358 3016 1694 3084; x_wconf 76' lang='lat' dir='ltr'><strong>iuventutern</strong></span> <span class='ocrx_word' id='word_1_243' title='bbox 1724 3016 1965 3096; x_wconf 76' lang='lat' dir='ltr'><strong>enervari</strong></span> <span class='ocrx_word' id='word_1_244' title='bbox 2014 3023 2320 3092; x_wconf 68' lang='lat' dir='ltr'><strong>reipulilicat</strong></span> <span class='ocrx_word' id='word_1_245' title='bbox 2344 3041 2386 3098; x_wconf 69' lang='grc' dir='ltr'><strong><em>ε</em></strong></span> 
     </span>
    </p>
   </div>
   <div class='ocr_carea' id='block_1_37' title="bbox 784 3101 2322 3183">
    <p class='ocr_par' dir='ltr' id='par_1_37' title="bbox 784 3101 2322 3183">
     <span class='ocr_line' id='line_1_37' title="bbox 784 3101 2322 3183; baseline 0.008 -28"><span class='ocrx_word' id='word_1_246' title='bbox 784 3102 1057 3157; x_wconf 85' lang='lat' dir='ltr'><strong>intererat.</strong></span> <span class='ocrx_word' id='word_1_247' title='bbox 1103 3101 1430 3159; x_wconf 84' lang='lat' dir='ltr'><strong>Etlluxerant</strong></span> <span class='ocrx_word' id='word_1_248' title='bbox 1464 3115 1664 3174; x_wconf 86' lang='lat' dir='ltr'><strong>autem,</strong></span> <span class='ocrx_word' id='word_1_249' title='bbox 1694 3123 1813 3163; x_wconf 90' lang='lat' dir='ltr'><strong>cum</strong></span> <span class='ocrx_word' id='word_1_250' title='bbox 1843 3110 2042 3180; x_wconf 85' lang='lat' dir='ltr'><strong>ingruit</strong></span> <span class='ocrx_word' id='word_1_251' title='bbox 2071 3112 2159 3167; x_wconf 90' lang='lat' dir='ltr'><strong>illa</strong></span> <span class='ocrx_word' id='word_1_252' title='bbox 2200 3129 2322 3183; x_wconf 91' lang='lat' dir='ltr'><strong>pro-</strong></span> 
     </span>
    </p>
   </div>
   <div class='ocr_carea' id='block_1_38' title="bbox 784 3188 2318 3255">
    <p class='ocr_par' dir='ltr' id='par_1_38' title="bbox 784 3188 2318 3255">
     <span class='ocr_line' id='line_1_38' title="bbox 784 3188 2318 3255; baseline 0.007 -12"><span class='ocrx_word' id='word_1_253' title='bbox 784 3189 917 3244; x_wconf 88' lang='lat' dir='ltr'><strong>cella</strong></span> <span class='ocrx_word' id='word_1_254' title='bbox 964 3188 1290 3247; x_wconf 88' lang='lat' dir='ltr'><strong>incursionis</strong></span> <span class='ocrx_word' id='word_1_255' title='bbox 1347 3193 1589 3250; x_wconf 68' lang='lat' dir='ltr'><strong>Arabicae</strong></span> <span class='ocrx_word' id='word_1_256' title='bbox 1617 3196 1718 3250; x_wconf 90' lang='lat' dir='ltr'><strong>sub</strong></span> <span class='ocrx_word' id='word_1_257' title='bbox 1776 3195 2077 3253; x_wconf 89' lang='lat' dir='ltr'><strong>Theodosio</strong></span> <span class='ocrx_word' id='word_1_258' title='bbox 2126 3200 2318 3255; x_wconf 92' lang='lat' dir='ltr'><strong>minori</strong></span> 
     </span>
    </p>
   </div>
   <div class='ocr_carea' id='block_1_39' title="bbox 782 3281 2321 3360">
    <p class='ocr_par' dir='ltr' id='par_1_39' title="bbox 782 3281 2321 3360">
     <span class='ocr_line' id='line_1_39' title="bbox 782 3281 2321 3360; baseline 0.01 -28"><span class='ocrx_word' id='word_1_259' title='bbox 782 3281 1044 3351; x_wconf 78' lang='lat' dir='ltr'><strong>Augusto,</strong></span> <span class='ocrx_word' id='word_1_260' title='bbox 1081 3284 1206 3337; x_wconf 87' lang='lat' dir='ltr'><strong>anni</strong></span> <span class='ocrx_word' id='word_1_261' title='bbox 1261 3297 1290 3336; x_wconf 85' lang='lat' dir='ltr'><strong>a</strong></span> <span class='ocrx_word' id='word_1_262' title='bbox 1336 3284 1549 3349; x_wconf 77' lang='lat' dir='ltr'><strong>Christo</strong></span> <span class='ocrx_word' id='word_1_263' title='bbox 1580 3296 1705 3342; x_wconf 91' lang='lat' dir='ltr'><strong>nato</strong></span> <span class='ocrx_word' id='word_1_264' title='bbox 1760 3287 1888 3355; x_wconf 74' lang='lat' dir='ltr'><strong>MO;</strong></span> <span class='ocrx_word' id='word_1_265' title='bbox 1929 3304 2053 3344; x_wconf 89' lang='lat' dir='ltr'><strong>nam</strong></span> <span class='ocrx_word' id='word_1_266' title='bbox 2106 3292 2321 3360; x_wconf 85' lang='lat' dir='ltr'><strong>quando</strong></span> 
     </span>
    </p>
   </div>
   <div class='ocr_carea' id='block_1_40' title="bbox 782 3367 2320 3450">
    <p class='ocr_par' dir='ltr' id='par_1_40' title="bbox 782 3367 2320 3450">
     <span class='ocr_line' id='line_1_40' title="bbox 782 3367 2320 3450; baseline 0.011 -29"><span class='ocrx_word' id='word_1_267' title='bbox 782 3367 933 3426; x_wconf 86' lang='lat' dir='ltr'><strong>Nilus</strong></span> <span class='ocrx_word' id='word_1_268' title='bbox 968 3388 1071 3427; x_wconf 92' lang='lat' dir='ltr'><strong>una</strong></span> <span class='ocrx_word' id='word_1_269' title='bbox 1097 3389 1218 3428; x_wconf 89' lang='lat' dir='ltr'><strong>cum</strong></span> <span class='ocrx_word' id='word_1_270' title='bbox 1255 3374 1361 3429; x_wconf 85' lang='lat' dir='ltr'><strong>filio</strong></span> <span class='ocrx_word' id='word_1_271' title='bbox 1390 3374 1898 3448; x_wconf 85' lang='lat' dir='ltr'><strong>Theodulo,quietis</strong></span> <span class='ocrx_word' id='word_1_272' title='bbox 1932 3390 2204 3450; x_wconf 86' lang='lat' dir='ltr'><strong>appetens,</strong></span> <span class='ocrx_word' id='word_1_273' title='bbox 2234 3382 2320 3438; x_wconf 83' lang='lat' dir='ltr'><strong>Si-~</strong></span> 
     </span>
    </p>
   </div>
   <div class='ocr_carea' id='block_1_41' title="bbox 785 3464 2319 3541">
    <p class='ocr_par' dir='ltr' id='par_1_41' title="bbox 785 3464 2319 3541">
     <span class='ocr_line' id='line_1_41' title="bbox 785 3464 2319 3541; baseline 0.01 -29"><span class='ocrx_word' id='word_1_274' title='bbox 785 3473 959 3514; x_wconf 81' lang='lat' dir='ltr'><strong>meum</strong></span> <span class='ocrx_word' id='word_1_275' title='bbox 996 3471 1227 3515; x_wconf 89' lang='lat' dir='ltr'><strong>montem</strong></span> <span class='ocrx_word' id='word_1_276' title='bbox 1271 3464 1420 3528; x_wconf 86' lang='lat' dir='ltr'><strong>adiit,</strong></span> <span class='ocrx_word' id='word_1_277' title='bbox 1464 3480 1639 3521; x_wconf 90' lang='lat' dir='ltr'><strong>annus</strong></span> <span class='ocrx_word' id='word_1_278' title='bbox 1666 3483 1697 3525; x_wconf 76' lang='lat' dir='ltr'><strong>a</strong></span> <span class='ocrx_word' id='word_1_279' title='bbox 1720 3468 1933 3541; x_wconf 83' lang='lat' dir='ltr'><strong>Christo</strong></span> <span class='ocrx_word' id='word_1_280' title='bbox 1981 3482 2107 3523; x_wconf 88' lang='lat' dir='ltr'><strong>nato</strong></span> <span class='ocrx_word' id='word_1_281' title='bbox 2141 3472 2319 3526; x_wconf 86' lang='lat' dir='ltr'><strong>elabe-</strong></span> 
     </span>
    </p>
   </div>
   <div class='ocr_carea' id='block_1_42' title="bbox 787 3548 2316 3623">
    <p class='ocr_par' dir='ltr' id='par_1_42' title="bbox 787 3548 2316 3623">
     <span class='ocr_line' id='line_1_42' title="bbox 787 3548 2316 3623; baseline 0.006 -21"><span class='ocrx_word' id='word_1_282' title='bbox 787 3548 943 3602; x_wconf 87' lang='lat' dir='ltr'><strong>batur</strong></span> <span class='ocrx_word' id='word_1_283' title='bbox 963 3548 1096 3612; x_wconf 73' lang='grc'><strong>403,</strong></span> <span class='ocrx_word' id='word_1_284' title='bbox 1130 3550 1557 3620; x_wconf 82' lang='lat' dir='ltr'><strong>quinquennium</strong></span> <span class='ocrx_word' id='word_1_285' title='bbox 1593 3568 1782 3623; x_wconf 87' lang='lat' dir='ltr'><strong>nempe</strong></span> <span class='ocrx_word' id='word_1_286' title='bbox 1827 3570 1997 3622; x_wconf 87' lang='lat' dir='ltr'><strong>usque</strong></span> <span class='ocrx_word' id='word_1_287' title='bbox 2027 3556 2093 3610; x_wconf 86' lang='lat' dir='ltr'><strong>ad</strong></span> <span class='ocrx_word' id='word_1_288' title='bbox 2120 3572 2316 3611; x_wconf 90' lang='lat' dir='ltr'><strong>annum</strong></span> 
     </span>
    </p>
   </div>
   <div class='ocr_carea' id='block_1_43' title="bbox 784 3637 2320 3704">
    <p class='ocr_par' dir='ltr' id='par_1_43' title="bbox 784 3637 2320 3704">
     <span class='ocr_line' id='line_1_43' title="bbox 784 3637 2320 3704; baseline 0.008 -13"><span class='ocrx_word' id='word_1_289' title='bbox 784 3637 886 3691; x_wconf 75' lang='lat' dir='ltr'><strong>MO</strong></span> <span class='ocrx_word' id='word_1_290' title='bbox 914 3640 1158 3703; x_wconf 82' lang='lat' dir='ltr'><strong>transiit;</strong></span> <span class='ocrx_word' id='word_1_291' title='bbox 1184 3637 1497 3697; x_wconf 71' lang='lat' dir='ltr'><strong>numerabat</strong></span> <span class='ocrx_word' id='word_1_292' title='bbox 1523 3658 1649 3699; x_wconf 86' lang='lat' dir='ltr'><strong>vero</strong></span> <span class='ocrx_word' id='word_1_293' title='bbox 1681 3656 1808 3700; x_wconf 90' lang='lat' dir='ltr'><strong>tunc</strong></span> <span class='ocrx_word' id='word_1_294' title='bbox 1844 3646 1993 3702; x_wconf 90' lang='lat' dir='ltr'><strong>Nilus</strong></span> <span class='ocrx_word' id='word_1_295' title='bbox 2013 3649 2185 3703; x_wconf 65' lang='lat' dir='ltr'><strong>aetatis</strong></span> <span class='ocrx_word' id='word_1_296' title='bbox 2209 3664 2320 3704; x_wconf 69' lang='lat' dir='ltr'><strong>suae</strong></span> 
     </span>
    </p>
   </div>
   <div class='ocr_carea' id='block_1_44' title="bbox 784 3729 2318 3799">
    <p class='ocr_par' dir='ltr' id='par_1_44' title="bbox 784 3729 2318 3799">
     <span class='ocr_line' id='line_1_44' title="bbox 784 3729 2318 3799; baseline 0.01 -20"><span class='ocrx_word' id='word_1_297' title='bbox 784 3741 955 3782; x_wconf 87' lang='lat' dir='ltr'><strong>annos</strong></span> <span class='ocrx_word' id='word_1_298' title='bbox 986 3729 1372 3798; x_wconf 76' lang='lat' dir='ltr'><strong>quinquaginta</strong></span> <span class='ocrx_word' id='word_1_299' title='bbox 1406 3733 1523 3799; x_wconf 86' lang='lat' dir='ltr'><strong>plus</strong></span> <span class='ocrx_word' id='word_1_300' title='bbox 1561 3734 1759 3789; x_wconf 88' lang='lat' dir='ltr'><strong>minus.</strong></span> <span class='ocrx_word' id='word_1_301' title='bbox 1791 3734 2097 3793; x_wconf 87' lang='lat' dir='ltr'><strong>Theodulus</strong></span> <span class='ocrx_word' id='word_1_302' title='bbox 2141 3750 2318 3794; x_wconf 81' lang='lat' dir='ltr'><strong>autem</strong></span> 
     </span>
    </p>
   </div>
   <div class='ocr_carea' id='block_1_45' title="bbox 786 3813 2316 3885">
    <p class='ocr_par' dir='ltr' id='par_1_45' title="bbox 786 3813 2316 3885">
     <span class='ocr_line' id='line_1_45' title="bbox 786 3813 2316 3885; baseline 0.011 -20"><span class='ocrx_word' id='word_1_303' title='bbox 786 3813 1133 3885; x_wconf 84' lang='lat' dir='ltr'><strong>primigenius</strong></span> <span class='ocrx_word' id='word_1_304' title='bbox 1164 3834 1268 3875; x_wconf 92' lang='lat' dir='ltr'><strong>non</strong></span> <span class='ocrx_word' id='word_1_305' title='bbox 1320 3821 1488 3875; x_wconf 88' lang='lat' dir='ltr'><strong>solum</strong></span> <span class='ocrx_word' id='word_1_306' title='bbox 1527 3825 1682 3877; x_wconf 90' lang='lat' dir='ltr'><strong>anuis</strong></span> <span class='ocrx_word' id='word_1_307' title='bbox 1718 3834 1831 3878; x_wconf 89' lang='lat' dir='ltr'><strong>erat</strong></span> <span class='ocrx_word' id='word_1_308' title='bbox 1864 3841 1969 3879; x_wconf 94' lang='lat' dir='ltr'><strong>non</strong></span> <span class='ocrx_word' id='word_1_309' title='bbox 2026 3826 2177 3881; x_wconf 83' lang='lat' dir='ltr'><strong>facile</strong></span> <span class='ocrx_word' id='word_1_310' title='bbox 2216 3830 2316 3881; x_wconf 83' lang='lat' dir='ltr'><strong>mi—</strong></span> 
     </span>
    </p>
   </div>
   <div class='ocr_carea' id='block_1_46' title="bbox 787 3904 2316 3977">
    <p class='ocr_par' dir='ltr' id='par_1_46' title="bbox 787 3904 2316 3977">
     <span class='ocr_line' id='line_1_46' title="bbox 787 3904 2316 3977; baseline 0.008 -22"><span class='ocrx_word' id='word_1_311' title='bbox 787 3917 886 3955; x_wconf 92' lang='lat' dir='ltr'><strong>nor</strong></span> <span class='ocrx_word' id='word_1_312' title='bbox 922 3904 1242 3972; x_wconf 73' lang='lat' dir='ltr'><strong>Quindecim,</strong></span> <span class='ocrx_word' id='word_1_313' title='bbox 1278 3920 1337 3962; x_wconf 90' lang='lat' dir='ltr'><strong>ut</strong></span> <span class='ocrx_word' id='word_1_314' title='bbox 1363 3918 1516 3977; x_wconf 89' lang='lat' dir='ltr'><strong>putat</strong></span> <span class='ocrx_word' id='word_1_315' title='bbox 1556 3910 1619 3964; x_wconf 70' lang='lat' dir='ltr'><strong>ft.</strong></span> <span class='ocrx_word' id='word_1_316' title='bbox 1666 3909 1725 3964; x_wconf 85' lang='lat' dir='ltr'><strong>P.</strong></span> <span class='ocrx_word' id='word_1_317' title='bbox 1766 3911 2019 3966; x_wconf 76' lang='lat' dir='ltr'><strong>Pessinus</strong></span> <span class='ocrx_word' id='word_1_318' title='bbox 2062 3915 2115 3966; x_wconf 91' lang='lat' dir='ltr'><strong>in</strong></span> <span class='ocrx_word' id='word_1_319' title='bbox 2164 3913 2316 3968; x_wconf 86' lang='lat' dir='ltr'><strong>Notis</strong></span> 
     </span>
    </p>
   </div>
   <div class='ocr_carea' id='block_1_47' title="bbox 785 3990 2319 4073">
    <p class='ocr_par' dir='ltr' id='par_1_47' title="bbox 785 3990 2319 4073">
     <span class='ocr_line' id='line_1_47' title="bbox 785 3990 2319 4073; baseline 0.01 -31"><span class='ocrx_word' id='word_1_320' title='bbox 785 3992 850 4045; x_wconf 82' lang='lat' dir='ltr'><strong>ad</strong></span> <span class='ocrx_word' id='word_1_321' title='bbox 879 3990 1243 4058; x_wconf 88' lang='lat' dir='ltr'><strong>Narrationes,</strong></span> <span class='ocrx_word' id='word_1_322' title='bbox 1279 4012 1400 4066; x_wconf 83' lang='lat' dir='ltr'><strong>pag.</strong></span> <span class='ocrx_word' id='word_1_323' title='bbox 1430 3997 1529 4053; x_wconf 80' lang='grc'><strong>167</strong></span> <span class='ocrx_word' id='word_1_324' title='bbox 1551 4039 1565 4060; x_wconf 86' lang='grc'><strong>,</strong></span> <span class='ocrx_word' id='word_1_325' title='bbox 1595 4014 1700 4067; x_wconf 89' lang='lat' dir='ltr'><strong>quo</strong></span> <span class='ocrx_word' id='word_1_326' title='bbox 1730 4009 1964 4070; x_wconf 88' lang='lat' dir='ltr'><strong>tempore</strong></span> <span class='ocrx_word' id='word_1_327' title='bbox 1996 4001 2095 4056; x_wconf 89' lang='lat' dir='ltr'><strong>fuit</strong></span> <span class='ocrx_word' id='word_1_328' title='bbox 2135 4019 2163 4056; x_wconf 91' lang='lat' dir='ltr'><strong>a</strong></span> <span class='ocrx_word' id='word_1_329' title='bbox 2192 4003 2319 4073; x_wconf 54' lang='lat' dir='ltr'><strong>har,-</strong></span> 
     </span>
    </p>
   </div>
   <div class='ocr_carea' id='block_1_48' title="bbox 786 4081 2319 4159">
    <p class='ocr_par' dir='ltr' id='par_1_48' title="bbox 786 4081 2319 4159">
     <span class='ocr_line' id='line_1_48' title="bbox 786 4081 2319 4159; baseline 0.011 -28"><span class='ocrx_word' id='word_1_330' title='bbox 786 4081 931 4137; x_wconf 88' lang='lat' dir='ltr'><strong>baris</strong></span> <span class='ocrx_word' id='word_1_331' title='bbox 961 4092 1170 4151; x_wconf 87' lang='lat' dir='ltr'><strong>captus,</strong></span> <span class='ocrx_word' id='word_1_332' title='bbox 1200 4101 1384 4140; x_wconf 84' lang='lat' dir='ltr'><strong>verum</strong></span> <span class='ocrx_word' id='word_1_333' title='bbox 1411 4087 1643 4142; x_wconf 86' lang='lat' dir='ltr'><strong>adultam</strong></span> <span class='ocrx_word' id='word_1_334' title='bbox 1670 4090 1855 4159; x_wconf 81' lang='lat' dir='ltr'><strong>agebat</strong></span> <span class='ocrx_word' id='word_1_335' title='bbox 1884 4099 2087 4146; x_wconf 58' lang='lat' dir='ltr'><strong>aetatem</strong></span> <span class='ocrx_word' id='word_1_336' title='bbox 2116 4094 2319 4148; x_wconf 85' lang='lat' dir='ltr'><strong>exactis</strong></span> 
     </span>
    </p>
   </div>
   <div class='ocr_carea' id='block_1_49' title="bbox 787 4168 2316 4255">
    <p class='ocr_par' dir='ltr' id='par_1_49' title="bbox 787 4168 2316 4255">
     <span class='ocr_line' id='line_1_49' title="bbox 787 4168 2316 4255; baseline 0.01 -32"><span class='ocrx_word' id='word_1_337' title='bbox 787 4168 1155 4227; x_wconf 65' lang='lat' dir='ltr'><strong>adolescentiae</strong></span> <span class='ocrx_word' id='word_1_338' title='bbox 1182 4176 1340 4255; x_wconf 75' lang='lat' dir='ltr'><strong>annis</strong></span> <span class='ocrx_word' id='word_1_339' title='bbox 1378 4176 1463 4243; x_wconf 68' lang='lat'><strong>18,</strong></span> <span class='ocrx_word' id='word_1_340' title='bbox 1501 4186 1556 4232; x_wconf 92' lang='lat' dir='ltr'><strong>et</strong></span> <span class='ocrx_word' id='word_1_341' title='bbox 1579 4179 1721 4247; x_wconf 89' lang='lat' dir='ltr'><strong>quod</strong></span> <span class='ocrx_word' id='word_1_342' title='bbox 1749 4181 2001 4247; x_wconf 86' lang='lat' dir='ltr'><strong>excurrit,</strong></span> <span class='ocrx_word' id='word_1_343' title='bbox 2029 4197 2219 4252; x_wconf 82' lang='lat' dir='ltr'><strong>nempe</strong></span> <span class='ocrx_word' id='word_1_344' title='bbox 2251 4184 2316 4239; x_wconf 90' lang='lat' dir='ltr'><strong>ad</strong></span> 
     </span>
    </p>
   </div>
   <div class='ocr_carea' id='block_1_50' title="bbox 786 4258 2319 4339">
    <p class='ocr_par' dir='ltr' id='par_1_50' title="bbox 786 4258 2319 4339">
     <span class='ocr_line' id='line_1_50' title="bbox 786 4258 2319 4339; baseline 0.01 -31"><span class='ocrx_word' id='word_1_345' title='bbox 786 4258 929 4315; x_wconf 74' lang='lat' dir='ltr'><strong>illius</strong></span> <span class='ocrx_word' id='word_1_346' title='bbox 958 4259 1159 4312; x_wconf 84' lang='lat' dir='ltr'><strong>exitum</strong></span> <span class='ocrx_word' id='word_1_347' title='bbox 1187 4264 1525 4329; x_wconf 88' lang='lat' dir='ltr'><strong>properabat,</strong></span> <span class='ocrx_word' id='word_1_348' title='bbox 1578 4268 2023 4339; x_wconf 88' lang='lat' dir='ltr'><strong>quemadmodum</strong></span> <span class='ocrx_word' id='word_1_349' title='bbox 2052 4260 2203 4325; x_wconf 83' lang='lat' dir='ltr'><strong>Nilus</strong></span> <span class='ocrx_word' id='word_1_350' title='bbox 2234 4271 2319 4326; x_wconf 88' lang='lat' dir='ltr'><strong>in-</strong></span> 
     </span>
    </p>
   </div>
   <div class='ocr_carea' id='block_1_51' title="bbox 787 4344 2319 4429">
    <p class='ocr_par' dir='ltr' id='par_1_51' title="bbox 787 4344 2319 4429">
     <span class='ocr_line' id='line_1_51' title="bbox 787 4344 2319 4429; baseline 0.009 -29"><span class='ocrx_word' id='word_1_351' title='bbox 787 4348 1006 4403; x_wconf 79' lang='lat' dir='ltr'><strong>clinarat</strong></span> <span class='ocrx_word' id='word_1_352' title='bbox 1034 4344 1551 4429; x_wconf 79' lang='lat' dir='ltr'><strong>quinquagesimum.</strong></span> <span class='ocrx_word' id='word_1_353' title='bbox 1584 4353 1835 4411; x_wconf 80' lang='lat' dir='ltr'><strong>Horatius</strong></span> <span class='ocrx_word' id='word_1_354' title='bbox 1858 4358 2095 4425; x_wconf 87' lang='lat' dir='ltr'><strong>profecto</strong></span> <span class='ocrx_word' id='word_1_355' title='bbox 2122 4360 2319 4414; x_wconf 84' lang='lat' dir='ltr'><strong>dulcis-</strong></span> 
     </span>
    </p>
   </div>
   <div class='ocr_carea' id='block_1_52' title="bbox 787 4436 2315 4515">
    <p class='ocr_par' dir='ltr' id='par_1_52' title="bbox 787 4436 2315 4515">
     <span class='ocr_line' id='line_1_52' title="bbox 787 4436 2315 4515; baseline 0.009 -27"><span class='ocrx_word' id='word_1_356' title='bbox 787 4436 955 4490; x_wconf 85' lang='lat' dir='ltr'><strong>simus</strong></span> <span class='ocrx_word' id='word_1_357' title='bbox 983 4449 1135 4506; x_wconf 89' lang='lat' dir='ltr'><strong>pocta</strong></span> <span class='ocrx_word' id='word_1_358' title='bbox 1168 4443 1447 4511; x_wconf 81' lang='lat' dir='ltr'><strong>pangebat.</strong></span> <span class='ocrx_word' id='word_1_359' title='bbox 1472 4444 1738 4515; x_wconf 81' lang='lat' dir='ltr'><strong>integrum</strong></span> <span class='ocrx_word' id='word_1_360' title='bbox 1763 4460 1820 4500; x_wconf 88' lang='lat' dir='ltr'><strong>se</strong></span> <span class='ocrx_word' id='word_1_361' title='bbox 1852 4446 2067 4501; x_wconf 82' lang='lat' dir='ltr'><strong>laudare</strong></span> <span class='ocrx_word' id='word_1_362' title='bbox 2088 4447 2315 4503; x_wconf 87' lang='lat' dir='ltr'><strong>formam</strong></span> 
     </span>
    </p>
   </div>
   <div class='ocr_carea' id='block_1_53' title="bbox 788 4523 1841 4602">
    <p class='ocr_par' dir='ltr' id='par_1_53' title="bbox 788 4523 1841 4602">
     <span class='ocr_line' id='line_1_53' title="bbox 788 4523 1841 4602; baseline 0.009 -27"><span class='ocrx_word' id='word_1_363' title='bbox 788 4523 1122 4589; x_wconf 85' lang='lat' dir='ltr'><strong>muliebrem,</strong></span> <span class='ocrx_word' id='word_1_364' title='bbox 1152 4541 1281 4582; x_wconf 85' lang='lat' dir='ltr'><strong>cave</strong></span> <span class='ocrx_word' id='word_1_365' title='bbox 1304 4528 1551 4598; x_wconf 61' lang='lat' dir='ltr'><strong>inquiens</strong></span> <span class='ocrx_word' id='word_1_366' title='bbox 1579 4532 1841 4602; x_wconf 81' lang='lat' dir='ltr'><strong>suspicari</strong></span> 
     </span>
    </p>
   </div>
   <div class='ocr_carea' id='block_1_54' title="bbox 1059 4654 1952 4725">
    <p class='ocr_par' dir='ltr' id='par_1_54' title="bbox 1059 4654 1952 4725">
     <span class='ocr_line' id='line_1_54' title="bbox 1059 4654 1952 4725; baseline 0.012 -21"><span class='ocrx_word' id='word_1_367' title='bbox 1059 4654 1237 4725; x_wconf 81' lang='lat' dir='ltr'><strong>Cujus_</strong></span> <span class='ocrx_word' id='word_1_368' title='bbox 1261 4664 1495 4710; x_wconf 73' lang='lat' dir='ltr'><strong>oetauum</strong></span> <span class='ocrx_word' id='word_1_369' title='bbox 1526 4661 1797 4725; x_wconf 71' lang='lat' dir='ltr'><strong>trepidauit</strong></span> <span class='ocrx_word' id='word_1_370' title='bbox 1825 4671 1952 4717; x_wconf 69' lang='lat' dir='ltr'><strong>atas</strong></span> 
     </span>
    </p>
   </div>
   <div class='ocr_carea' id='block_1_55' title="bbox 1198 4722 1736 4789">
    <p class='ocr_par' dir='ltr' id='par_1_55' title="bbox 1198 4722 1736 4789">
     <span class='ocr_line' id='line_1_55' title="bbox 1198 4722 1736 4789; baseline 0.004 -11"><span class='ocrx_word' id='word_1_371' title='bbox 1198 4722 1466 4779; x_wconf 67' lang='lat' dir='ltr'><strong>Cloudere</strong></span> <span class='ocrx_word' id='word_1_372' title='bbox 1485 4722 1648 4779; x_wconf 78' lang='lat' dir='ltr'><strong>lustra</strong></span> <span class='ocrx_word' id='word_1_373' title='bbox 1660 4743 1736 4789; x_wconf 83' lang='lat' dir='ltr'><strong>m;</strong></span> 
     </span>
    </p>
   </div>
   <div class='ocr_carea' id='block_1_56' title="bbox 790 4853 2319 4924">
    <p class='ocr_par' dir='ltr' id='par_1_56' title="bbox 790 4853 2319 4924">
     <span class='ocr_line' id='line_1_56' title="bbox 790 4853 2319 4924; baseline 0.005 -16"><span class='ocrx_word' id='word_1_374' title='bbox 790 4866 932 4908; x_wconf 81' lang='lat' dir='ltr'><strong>anno</strong></span> <span class='ocrx_word' id='word_1_375' title='bbox 959 4853 1154 4921; x_wconf 78' lang='lat' dir='ltr'><strong>quippe</strong></span> <span class='ocrx_word' id='word_1_376' title='bbox 1172 4854 1578 4924; x_wconf 83' lang='lat' dir='ltr'><strong>quadragesimo</strong></span> <span class='ocrx_word' id='word_1_377' title='bbox 1601 4865 1930 4912; x_wconf 89' lang='lat' dir='ltr'><strong>constantem</strong></span> <span class='ocrx_word' id='word_1_378' title='bbox 1949 4868 2179 4923; x_wconf 76' lang='lat' dir='ltr'><strong>aetatem,</strong></span> <span class='ocrx_word' id='word_1_379' title='bbox 2208 4862 2319 4916; x_wconf 83' lang='lat' dir='ltr'><strong>sive</strong></span> 
     </span>
    </p>
   </div>
   <div class='ocr_carea' id='block_1_57' title="bbox 791 4941 2318 5017">
    <p class='ocr_par' dir='ltr' id='par_1_57' title="bbox 791 4941 2318 5017">
     <span class='ocr_line' id='line_1_57' title="bbox 791 4941 2318 5017; baseline 0.005 -23"><span class='ocrx_word' id='word_1_380' title='bbox 791 4955 1004 5009; x_wconf 86' lang='lat' dir='ltr'><strong>gravem</strong></span> <span class='ocrx_word' id='word_1_381' title='bbox 1031 4941 1330 5006; x_wconf 79' lang='lat' dir='ltr'><strong>decurrere,</strong></span> <span class='ocrx_word' id='word_1_382' title='bbox 1347 4944 1686 5014; x_wconf 72' lang='lat' dir='ltr'><strong>juventzeque</strong></span> <span class='ocrx_word' id='word_1_383' title='bbox 1718 4947 1879 5001; x_wconf 91' lang='lat' dir='ltr'><strong>robur</strong></span> <span class='ocrx_word' id='word_1_384' title='bbox 1907 4962 2120 5017; x_wconf 75' lang='lat' dir='ltr'><strong>vergere</strong></span> <span class='ocrx_word' id='word_1_385' title='bbox 2154 4949 2318 5016; x_wconf 86' lang='lat' dir='ltr'><strong>signi-</strong></span> 
     </span>
    </p>
   </div>
   <div class='ocr_carea' id='block_1_58' title="bbox 792 5029 2319 5105">
    <p class='ocr_par' dir='ltr' id='par_1_58' title="bbox 792 5029 2319 5105">
     <span class='ocr_line' id='line_1_58' title="bbox 792 5029 2319 5105; baseline 0.004 -20"><span class='ocrx_word' id='word_1_386' title='bbox 792 5032 973 5085; x_wconf 78' lang='lat' dir='ltr'><strong>ficans.</strong></span> <span class='ocrx_word' id='word_1_387' title='bbox 995 5029 1073 5083; x_wconf 80' lang='lat' dir='ltr'><strong>Ad</strong></span> <span class='ocrx_word' id='word_1_388' title='bbox 1097 5033 1346 5098; x_wconf 90' lang='lat' dir='ltr'><strong>oppidum</strong></span> <span class='ocrx_word' id='word_1_389' title='bbox 1371 5033 1561 5087; x_wconf 86' lang='lat' dir='ltr'><strong>Sucatn</strong></span> <span class='ocrx_word' id='word_1_390' title='bbox 1584 5035 1796 5102; x_wconf 86' lang='lat' dir='ltr'><strong>quidem</strong></span> <span class='ocrx_word' id='word_1_391' title='bbox 1820 5052 1941 5089; x_wconf 87' lang='lat' dir='ltr'><strong>cum</strong></span> <span class='ocrx_word' id='word_1_392' title='bbox 1958 5037 2319 5105; x_wconf 81' lang='lat' dir='ltr'><strong>pervenissent</strong></span> 
     </span>
    </p>
   </div>
   <div class='ocr_carea' id='block_1_59' title="bbox 794 5112 2317 5193">
    <p class='ocr_par' dir='ltr' id='par_1_59' title="bbox 794 5112 2317 5193">
     <span class='ocr_line' id='line_1_59' title="bbox 794 5112 2317 5193; baseline 0.008 -30"><span class='ocrx_word' id='word_1_393' title='bbox 794 5112 1030 5179; x_wconf 79' lang='lat' dir='ltr'><strong>Barbari,</strong></span> <span class='ocrx_word' id='word_1_394' title='bbox 1048 5115 1140 5183; x_wconf 85' lang='lat' dir='ltr'><strong>qui</strong></span> <span class='ocrx_word' id='word_1_395' title='bbox 1162 5126 1370 5183; x_wconf 86' lang='lat' dir='ltr'><strong>captum</strong></span> <span class='ocrx_word' id='word_1_396' title='bbox 1397 5118 1728 5174; x_wconf 87' lang='lat' dir='ltr'><strong>Theodulum</strong></span> <span class='ocrx_word' id='word_1_397' title='bbox 1760 5138 1951 5193; x_wconf 87' lang='lat' dir='ltr'><strong>venum</strong></span> <span class='ocrx_word' id='word_1_398' title='bbox 1966 5124 2317 5191; x_wconf 79' lang='lat' dir='ltr'><strong>exponebant,</strong></span> 
     </span>
    </p>
   </div>
   <div class='ocr_carea' id='block_1_60' title="bbox 794 5203 2321 5282">
    <p class='ocr_par' dir='ltr' id='par_1_60' title="bbox 794 5203 2321 5282">
     <span class='ocr_line' id='line_1_60' title="bbox 794 5203 2321 5282; baseline 0.009 -28"><span class='ocrx_word' id='word_1_399' title='bbox 794 5203 944 5268; x_wconf 73' lang='lat' dir='ltr'><strong>isque</strong></span> <span class='ocrx_word' id='word_1_400' title='bbox 1004 5203 1311 5272; x_wconf 82' lang='lat' dir='ltr'><strong>redemptus</strong></span> <span class='ocrx_word' id='word_1_401' title='bbox 1364 5204 1500 5260; x_wconf 87' lang='lat' dir='ltr'><strong>foret</strong></span> <span class='ocrx_word' id='word_1_402' title='bbox 1554 5212 1841 5279; x_wconf 80' lang='lat' dir='ltr'><strong>aquodarn</strong></span> <span class='ocrx_word' id='word_1_403' title='bbox 1876 5213 2092 5266; x_wconf 87' lang='lat' dir='ltr'><strong>tniserto</strong></span> <span class='ocrx_word' id='word_1_404' title='bbox 2152 5214 2321 5282; x_wconf 88' lang='lat' dir='ltr'><strong>ipsius</strong></span> 
     </span>
    </p>
   </div>
   <div class='ocr_carea' id='block_1_61' title="bbox 792 5290 2315 5367">
    <p class='ocr_par' dir='ltr' id='par_1_61' title="bbox 792 5290 2315 5367">
     <span class='ocr_line' id='line_1_61' title="bbox 792 5290 2315 5367; baseline 0.01 -26"><span class='ocrx_word' id='word_1_405' title='bbox 792 5290 1082 5353; x_wconf 85' lang='lat' dir='ltr'><strong>mactandi,</strong></span> <span class='ocrx_word' id='word_1_406' title='bbox 1115 5301 1166 5344; x_wconf 91' lang='lat' dir='ltr'><strong>et</strong></span> <span class='ocrx_word' id='word_1_407' title='bbox 1198 5294 1562 5362; x_wconf 83' lang='lat' dir='ltr'><strong>lacrymantis,</strong></span> <span class='ocrx_word' id='word_1_408' title='bbox 1594 5313 1886 5365; x_wconf 48' lang='lat' dir='ltr'><strong>rursusque</strong></span> <span class='ocrx_word' id='word_1_409' title='bbox 1918 5302 2236 5367; x_wconf 85' lang='lat' dir='ltr'><strong>divenditus,</strong></span> <span class='ocrx_word' id='word_1_410' title='bbox 2266 5304 2315 5356; x_wconf 89' lang='lat' dir='ltr'><strong>in</strong></span> 
     </span>
    </p>
   </div>
   <div class='ocr_carea' id='block_1_62' title="bbox 795 5378 2316 5453">
    <p class='ocr_par' dir='ltr' id='par_1_62' title="bbox 795 5378 2316 5453">
     <span class='ocr_line' id='line_1_62' title="bbox 795 5378 2316 5453; baseline 0.011 -27"><span class='ocrx_word' id='word_1_411' title='bbox 795 5392 983 5430; x_wconf 82' lang='lat' dir='ltr'><strong>mauus</strong></span> <span class='ocrx_word' id='word_1_412' title='bbox 1017 5378 1207 5431; x_wconf 81' lang='lat' dir='ltr'><strong>iterum</strong></span> <span class='ocrx_word' id='word_1_413' title='bbox 1261 5383 1486 5436; x_wconf 86' lang='lat' dir='ltr'><strong>ementis</strong></span> <span class='ocrx_word' id='word_1_414' title='bbox 1518 5382 1748 5453; x_wconf 86' lang='lat' dir='ltr'><strong>episc0pi</strong></span> <span class='ocrx_word' id='word_1_415' title='bbox 1781 5387 1951 5441; x_wconf 81' lang='lat' dir='ltr'><strong>Elusae</strong></span> <span class='ocrx_word' id='word_1_416' title='bbox 2003 5390 2316 5444; x_wconf 83' lang='lat' dir='ltr'><strong>transiisset.</strong></span> 
     </span>
    </p>
   </div>
   <div class='ocr_carea' id='block_1_63' title="bbox 793 5464 2319 5548">
    <p class='ocr_par' dir='ltr' id='par_1_63' title="bbox 793 5464 2319 5548">
     <span class='ocr_line' id='line_1_63' title="bbox 793 5464 2319 5548; baseline 0.01 -30"><span class='ocrx_word' id='word_1_417' title='bbox 793 5464 887 5518; x_wconf 85' lang='lat' dir='ltr'><strong>llic</strong></span> <span class='ocrx_word' id='word_1_418' title='bbox 920 5467 1160 5530; x_wconf 86' lang='lat' dir='ltr'><strong>antistes,</strong></span> <span class='ocrx_word' id='word_1_419' title='bbox 1192 5479 1399 5536; x_wconf 85' lang='lat' dir='ltr'><strong>captus,</strong></span> <span class='ocrx_word' id='word_1_420' title='bbox 1431 5474 1680 5539; x_wconf 66' lang='lat' dir='ltr'><strong>praeclara</strong></span> <span class='ocrx_word' id='word_1_421' title='bbox 1708 5474 1822 5542; x_wconf 81' lang='lat' dir='ltr'><strong>ejus</strong></span> <span class='ocrx_word' id='word_1_422' title='bbox 1851 5478 2121 5540; x_wconf 78' lang='lat' dir='ltr'><strong>iudole,ac</strong></span> <span class='ocrx_word' id='word_1_423' title='bbox 2154 5482 2319 5548; x_wconf 86' lang='lat' dir='ltr'><strong>pieta-</strong></span> 
     </span>
    </p>
   </div>
   <div class='ocr_carea' id='block_1_64' title="bbox 749 5556 2313 5635">
    <p class='ocr_par' dir='ltr' id='par_1_64' title="bbox 749 5556 2313 5635">
     <span class='ocr_line' id='line_1_64' title="bbox 749 5556 2313 5635; baseline 0.012 -34"><span class='ocrx_word' id='word_1_424' title='bbox 749 5632 753 5635; x_wconf 23' lang='grc' dir='ltr'><strong>Ι</strong></span> <span class='ocrx_word' id='word_1_425' title='bbox 794 5563 898 5615; x_wconf 58' lang='lat' dir='ltr'><strong>tam</strong></span> <span class='ocrx_word' id='word_1_426' title='bbox 949 5566 1218 5627; x_wconf 74' lang='lat' dir='ltr'><strong>expertus,</strong></span> <span class='ocrx_word' id='word_1_427' title='bbox 1242 5556 1479 5612; x_wconf 87' lang='lat' dir='ltr'><strong>adhibuit</strong></span> <span class='ocrx_word' id='word_1_428' title='bbox 1530 5574 1647 5615; x_wconf 88' lang='lat' dir='ltr'><strong>cum</strong></span> <span class='ocrx_word' id='word_1_429' title='bbox 1702 5562 1950 5618; x_wconf 68' lang='lat' dir='ltr'><strong>Ecclesiae</strong></span> <span class='ocrx_word' id='word_1_430' title='bbox 1995 5570 2313 5634; x_wconf 82' lang='lat' dir='ltr'><strong>ministrum,</strong></span> 
     </span>
    </p>
   </div>
   <div class='ocr_carea' id='block_1_65' title="bbox 2428 772 3937 843">
    <p class='ocr_par' dir='ltr' id='par_1_65' title="bbox 2428 772 3937 843">
     <span class='ocr_line' id='line_1_65' title="bbox 2428 772 3937 843; baseline -0.001 -19"><span class='ocrx_word' id='word_1_431' title='bbox 2428 772 2569 839; x_wconf 82' lang='lat' dir='ltr'><strong>ﬁlius</strong></span> <span class='ocrx_word' id='word_1_432' title='bbox 2592 772 2784 827; x_wconf 85' lang='lat' dir='ltr'><strong>dicitur</strong></span> <span class='ocrx_word' id='word_1_433' title='bbox 2807 774 3012 843; x_wconf 85' lang='lat' dir='ltr'><strong>quidem</strong></span> <span class='ocrx_word' id='word_1_434' title='bbox 3037 773 3338 826; x_wconf 85' lang='lat' dir='ltr'><strong>ministrare</strong></span> <span class='ocrx_word' id='word_1_435' title='bbox 3368 773 3421 825; x_wconf 81' lang='lat' dir='ltr'><strong>in</strong></span> <span class='ocrx_word' id='word_1_436' title='bbox 3450 773 3629 825; x_wconf 86' lang='lat' dir='ltr'><strong>ordine</strong></span> <span class='ocrx_word' id='word_1_437' title='bbox 3655 786 3817 833; x_wconf 84' lang='lat' dir='ltr'><strong>sacro,</strong></span> <span class='ocrx_word' id='word_1_438' title='bbox 3840 788 3937 824; x_wconf 82' lang='lat' dir='ltr'><strong>cum</strong></span> 
     </span>
    </p>
   </div>
   <div class='ocr_carea' id='block_1_66' title="bbox 2428 862 3938 931">
    <p class='ocr_par' dir='ltr' id='par_1_66' title="bbox 2428 862 3938 931">
     <span class='ocr_line' id='line_1_66' title="bbox 2428 862 3938 931; baseline 0 -18"><span class='ocrx_word' id='word_1_439' title='bbox 2428 863 2527 929; x_wconf 75' lang='lat' dir='ltr'><strong>ipsi</strong></span> <span class='ocrx_word' id='word_1_440' title='bbox 2587 862 2786 916; x_wconf 78' lang='lat' dir='ltr'><strong>credita</strong></span> <span class='ocrx_word' id='word_1_441' title='bbox 2842 864 2947 916; x_wconf 85' lang='lat' dir='ltr'><strong>sint</strong></span> <span class='ocrx_word' id='word_1_442' title='bbox 2994 864 3165 931; x_wconf 88' lang='lat' dir='ltr'><strong>prima</strong></span> <span class='ocrx_word' id='word_1_443' title='bbox 3222 864 3401 916; x_wconf 85' lang='lat' dir='ltr'><strong>munia</strong></span> <span class='ocrx_word' id='word_1_444' title='bbox 3431 877 3438 883; x_wconf 90' lang='lat'>&#39;</span> <span class='ocrx_word' id='word_1_445' title='bbox 3470 863 3716 915; x_wconf 80' lang='lat' dir='ltr'><strong>custodia:</strong></span> <span class='ocrx_word' id='word_1_446' title='bbox 3765 864 3938 929; x_wconf 82' lang='lat' dir='ltr'><strong>templi.</strong></span> 
     </span>
    </p>
   </div>
   <div class='ocr_carea' id='block_1_67' title="bbox 2426 948 3938 1019">
    <p class='ocr_par' dir='ltr' id='par_1_67' title="bbox 2426 948 3938 1019">
     <span class='ocr_line' id='line_1_67' title="bbox 2426 948 3938 1019; baseline 0 -18"><span class='ocrx_word' id='word_1_447' title='bbox 2426 949 2696 1019; x_wconf 83' lang='grc' dir='ltr'>Νεωκόροι</span> <span class='ocrx_word' id='word_1_448' title='bbox 2722 952 2861 1019; x_wconf 90' lang='lat' dir='ltr'><strong>apud</strong></span> <span class='ocrx_word' id='word_1_449' title='bbox 2895 950 3138 1005; x_wconf 84' lang='lat' dir='ltr'><strong>ethnicos</strong></span> <span class='ocrx_word' id='word_1_450' title='bbox 3184 950 3388 1014; x_wconf 76' lang='lat' dir='ltr'><strong>redimi,</strong></span> <span class='ocrx_word' id='word_1_451' title='bbox 3444 958 3535 1002; x_wconf 90' lang='lat' dir='ltr'><strong>aut</strong></span> <span class='ocrx_word' id='word_1_452' title='bbox 3583 948 3818 1009; x_wconf 76' lang='lat' dir='ltr'><strong>ceditimi,</strong></span> <span class='ocrx_word' id='word_1_453' title='bbox 3862 952 3938 1018; x_wconf 87' lang='lat' dir='ltr'><strong>qui</strong></span> 
     </span>
    </p>
   </div>
   <div class='ocr_carea' id='block_1_68' title="bbox 2425 1037 3937 1108">
    <p class='ocr_par' dir='ltr' id='par_1_68' title="bbox 2425 1037 3937 1108">
     <span class='ocr_line' id='line_1_68' title="bbox 2425 1037 3937 1108; baseline 0.001 -17"><span class='ocrx_word' id='word_1_454' title='bbox 2425 1037 2614 1091; x_wconf 67' lang='lat' dir='ltr'><strong>aedium</strong></span> <span class='ocrx_word' id='word_1_455' title='bbox 2666 1053 2942 1093; x_wconf 88' lang='lat' dir='ltr'><strong>sacrarum</strong></span> <span class='ocrx_word' id='word_1_456' title='bbox 2976 1053 3157 1093; x_wconf 90' lang='lat' dir='ltr'><strong>curam</strong></span> <span class='ocrx_word' id='word_1_457' title='bbox 3191 1038 3465 1108; x_wconf 80' lang='lat' dir='ltr'><strong>gerebant,</strong></span> <span class='ocrx_word' id='word_1_458' title='bbox 3510 1037 3765 1091; x_wconf 82' lang='lat' dir='ltr'><strong>verrendo</strong></span> <span class='ocrx_word' id='word_1_459' title='bbox 3816 1038 3937 1103; x_wconf 86' lang='lat' dir='ltr'><strong>illas,</strong></span> 
     </span>
    </p>
   </div>
   <div class='ocr_carea' id='block_1_69' title="bbox 2424 1127 3940 1199">
    <p class='ocr_par' dir='ltr' id='par_1_69' title="bbox 2424 1127 3940 1199">
     <span class='ocr_line' id='line_1_69' title="bbox 2424 1127 3940 1199; baseline -0.003 -16"><span class='ocrx_word' id='word_1_460' title='bbox 2424 1129 2796 1199; x_wconf 84' lang='lat' dir='ltr'><strong>expurgaudo,</strong></span> <span class='ocrx_word' id='word_1_461' title='bbox 2845 1137 2899 1184; x_wconf 88' lang='lat' dir='ltr'><strong>et</strong></span> <span class='ocrx_word' id='word_1_462' title='bbox 2946 1127 3285 1183; x_wconf 78' lang='lat' dir='ltr'><strong>emundanda</strong></span> <span class='ocrx_word' id='word_1_463' title='bbox 3312 1143 3377 1182; x_wconf 91' lang='lat' dir='ltr'><strong>ac</strong></span> <span class='ocrx_word' id='word_1_464' title='bbox 3438 1127 3781 1191; x_wconf 85' lang='lat' dir='ltr'><strong>exoruaudo;</strong></span> <span class='ocrx_word' id='word_1_465' title='bbox 3834 1143 3940 1180; x_wconf 84' lang='lat' dir='ltr'><strong>nam</strong></span> 
     </span>
    </p>
   </div>
   <div class='ocr_carea' id='block_1_70' title="bbox 2423 1216 3943 1287">
    <p class='ocr_par' dir='ltr' id='par_1_70' title="bbox 2423 1216 3943 1287">
     <span class='ocr_line' id='line_1_70' title="bbox 2423 1216 3943 1287; baseline 0.001 -18"><span class='ocrx_word' id='word_1_466' title='bbox 2423 1218 2602 1286; x_wconf 83' lang='grc' dir='ltr'>κορεῖν</span> <span class='ocrx_word' id='word_1_467' title='bbox 2650 1231 2753 1271; x_wconf 85' lang='grc' dir='ltr'>ηοιι</span> <span class='ocrx_word' id='word_1_468' title='bbox 2779 1225 2984 1272; x_wconf 88' lang='lat' dir='ltr'><strong>tantum</strong></span> <span class='ocrx_word' id='word_1_469' title='bbox 3028 1216 3293 1287; x_wconf 86' lang='lat' dir='ltr'><strong>signiﬁcat</strong></span> <span class='ocrx_word' id='word_1_470' title='bbox 3337 1230 3563 1279; x_wconf 88' lang='lat' dir='ltr'><strong>verrere,</strong></span> <span class='ocrx_word' id='word_1_471' title='bbox 3598 1230 3661 1270; x_wconf 91' lang='lat' dir='ltr'><strong>ae</strong></span> <span class='ocrx_word' id='word_1_472' title='bbox 3706 1216 3943 1271; x_wconf 84' lang='lat' dir='ltr'><strong>mundare</strong></span> 
     </span>
    </p>
   </div>
   <div class='ocr_carea' id='block_1_71' title="bbox 2424 1304 3943 1376">
    <p class='ocr_par' dir='ltr' id='par_1_71' title="bbox 2424 1304 3943 1376">
     <span class='ocr_line' id='line_1_71' title="bbox 2424 1304 3943 1376; baseline -0.002 -14"><span class='ocrx_word' id='word_1_473' title='bbox 2424 1307 2624 1373; x_wconf 77' lang='lat' dir='ltr'><strong>scapis,</strong></span> <span class='ocrx_word' id='word_1_474' title='bbox 2657 1307 2794 1376; x_wconf 86' lang='lat' dir='ltr'><strong>apud</strong></span> <span class='ocrx_word' id='word_1_475' title='bbox 2825 1307 3069 1373; x_wconf 90' lang='lat' dir='ltr'><strong>Suidam,</strong></span> <span class='ocrx_word' id='word_1_476' title='bbox 3101 1307 3336 1361; x_wconf 67' lang='lat' dir='ltr'><strong>Matthaei</strong></span> <span class='ocrx_word' id='word_1_477' title='bbox 3361 1321 3462 1372; x_wconf 85' lang='lat' dir='ltr'><strong>xu,</strong></span> <span class='ocrx_word' id='word_1_478' title='bbox 3492 1305 3648 1360; x_wconf 69' lang='lat' dir='ltr'><strong>Lucae</strong></span> <span class='ocrx_word' id='word_1_479' title='bbox 3672 1319 3757 1367; x_wconf 88' lang='lat' dir='ltr'><strong>xv,</strong></span> <span class='ocrx_word' id='word_1_480' title='bbox 3790 1304 3877 1358; x_wconf 82' lang='lat' dir='ltr'><strong>scd</strong></span> <span class='ocrx_word' id='word_1_481' title='bbox 3900 1316 3943 1359; x_wconf 81' lang='lat' dir='ltr'><strong>et</strong></span> 
     </span>
    </p>
   </div>
   <div class='ocr_carea' id='block_1_72' title="bbox 2422 1394 3944 1461">
    <p class='ocr_par' dir='ltr' id='par_1_72' title="bbox 2422 1394 3944 1461">
     <span class='ocr_line' id='line_1_72' title="bbox 2422 1394 3944 1461; baseline -0.002 -11"><span class='ocrx_word' id='word_1_482' title='bbox 2422 1395 2718 1461; x_wconf 69' lang='grc' dir='ltr'>καλλύνειν,</span> <span class='ocrx_word' id='word_1_483' title='bbox 2746 1396 2797 1450; x_wconf 90' lang='lat' dir='ltr'><strong>id</strong></span> <span class='ocrx_word' id='word_1_484' title='bbox 2821 1406 2897 1450; x_wconf 88' lang='lat' dir='ltr'><strong>est</strong></span> <span class='ocrx_word' id='word_1_485' title='bbox 2930 1411 3209 1458; x_wconf 76' lang='lat' dir='ltr'><strong>exornare;</strong></span> <span class='ocrx_word' id='word_1_486' title='bbox 3247 1396 3353 1449; x_wconf 88' lang='lat' dir='ltr'><strong>hoc</strong></span> <span class='ocrx_word' id='word_1_487' title='bbox 3390 1394 3607 1450; x_wconf 89' lang='lat' dir='ltr'><strong>nomine</strong></span> <span class='ocrx_word' id='word_1_488' title='bbox 3633 1394 3944 1447; x_wconf 66' lang='lat' dir='ltr'><strong>vocabantur</strong></span> 
     </span>
    </p>
   </div>
   <div class='ocr_carea' id='block_1_73' title="bbox 2421 1480 3943 1556">
    <p class='ocr_par' dir='ltr' id='par_1_73' title="bbox 2421 1480 3943 1556">
     <span class='ocr_line' id='line_1_73' title="bbox 2421 1480 3943 1556; baseline -0.003 -17"><span class='ocrx_word' id='word_1_489' title='bbox 2421 1500 2450 1539; x_wconf 91' lang='lat' dir='ltr'><strong>a</strong></span> <span class='ocrx_word' id='word_1_490' title='bbox 2485 1483 2726 1554; x_wconf 83' lang='lat' dir='ltr'><strong>profanis</strong></span> <span class='ocrx_word' id='word_1_491' title='bbox 2752 1485 2827 1548; x_wconf 90' lang='lat' dir='ltr'><strong>hi,</strong></span> <span class='ocrx_word' id='word_1_492' title='bbox 2875 1484 3074 1556; x_wconf 83' lang='lat' dir='ltr'><strong>quibus</strong></span> <span class='ocrx_word' id='word_1_493' title='bbox 3104 1483 3408 1538; x_wconf 77' lang='lat' dir='ltr'><strong>commissa:</strong></span> <span class='ocrx_word' id='word_1_494' title='bbox 3437 1489 3591 1538; x_wconf 88' lang='lat' dir='ltr'><strong>erant</strong></span> <span class='ocrx_word' id='word_1_495' title='bbox 3616 1482 3754 1538; x_wconf 73' lang='lat' dir='ltr'><strong>mdes</strong></span> <span class='ocrx_word' id='word_1_496' title='bbox 3795 1480 3943 1537; x_wconf 90' lang='lat' dir='ltr'><strong>etiam</strong></span> 
     </span>
    </p>
   </div>
   <div class='ocr_carea' id='block_1_74' title="bbox 2420 1573 3945 1640">
    <p class='ocr_par' dir='ltr' id='par_1_74' title="bbox 2420 1573 3945 1640">
     <span class='ocr_line' id='line_1_74' title="bbox 2420 1573 3945 1640; baseline -0.003 -11"><span class='ocrx_word' id='word_1_497' title='bbox 2420 1590 2587 1630; x_wconf 62' lang='lat' dir='ltr'><strong>sacrae</strong></span> <span class='ocrx_word' id='word_1_498' title='bbox 2611 1575 2678 1629; x_wconf 90' lang='lat' dir='ltr'><strong>ab</strong></span> <span class='ocrx_word' id='word_1_499' title='bbox 2703 1573 2790 1629; x_wconf 88' lang='lat' dir='ltr'><strong>his</strong></span> <span class='ocrx_word' id='word_1_500' title='bbox 2818 1573 3031 1638; x_wconf 82' lang='lat' dir='ltr'><strong>habitae,</strong></span> <span class='ocrx_word' id='word_1_501' title='bbox 3059 1573 3445 1640; x_wconf 64' lang='lat' dir='ltr'><strong>custodiendae;</strong></span> <span class='ocrx_word' id='word_1_502' title='bbox 3476 1581 3662 1628; x_wconf 87' lang='lat' dir='ltr'><strong>auctor</strong></span> <span class='ocrx_word' id='word_1_503' title='bbox 3689 1581 3770 1627; x_wconf 87' lang='lat' dir='ltr'><strong>est</strong></span> <span class='ocrx_word' id='word_1_504' title='bbox 3801 1573 3945 1627; x_wconf 82' lang='lat' dir='ltr'><strong>scho-</strong></span> 
     </span>
    </p>
   </div>
   <div class='ocr_carea' id='block_1_75' title="bbox 2422 1644 3947 1735">
    <p class='ocr_par' dir='ltr' id='par_1_75' title="bbox 2422 1644 3947 1735">
     <span class='ocr_line' id='line_1_75' title="bbox 2422 1644 3947 1735; baseline -0.002 -18"><span class='ocrx_word' id='word_1_505' title='bbox 2422 1664 2605 1719; x_wconf 88' lang='lat' dir='ltr'><strong>liastes</strong></span> <span class='ocrx_word' id='word_1_506' title='bbox 2635 1644 3032 1733; x_wconf 78' lang='lat' dir='ltr'><strong>Aristophanis.</strong></span> <span class='ocrx_word' id='word_1_507' title='bbox 3064 1662 3379 1718; x_wconf 80' lang='lat' dir='ltr'><strong>Theocritus</strong></span> <span class='ocrx_word' id='word_1_508' title='bbox 3400 1662 3691 1735; x_wconf 81' lang='grc' dir='ltr'>νεωκοριαν</span> <span class='ocrx_word' id='word_1_509' title='bbox 3718 1661 3947 1715; x_wconf 81' lang='lat' dir='ltr'><strong>nominat</strong></span> 
     </span>
    </p>
   </div>
   <div class='ocr_carea' id='block_1_76' title="bbox 2424 1748 3946 1825">
    <p class='ocr_par' dir='ltr' id='par_1_76' title="bbox 2424 1748 3946 1825">
     <span class='ocr_line' id='line_1_76' title="bbox 2424 1748 3946 1825; baseline -0.003 -18"><span class='ocrx_word' id='word_1_510' title='bbox 2424 1767 2622 1807; x_wconf 90' lang='lat' dir='ltr'><strong>munus</strong></span> <span class='ocrx_word' id='word_1_511' title='bbox 2652 1753 2827 1821; x_wconf 90' lang='lat' dir='ltr'><strong>ipsum</strong></span> <span class='ocrx_word' id='word_1_512' title='bbox 2860 1750 3065 1815; x_wconf 64' lang='lat' dir='ltr'><strong>aeditui,</strong></span> <span class='ocrx_word' id='word_1_513' title='bbox 3096 1758 3188 1825; x_wconf 88' lang='lat' dir='ltr'><strong>aut</strong></span> <span class='ocrx_word' id='word_1_514' title='bbox 3219 1750 3463 1812; x_wconf 81' lang='lat' dir='ltr'><strong>:edititni,</strong></span> <span class='ocrx_word' id='word_1_515' title='bbox 3493 1751 3560 1805; x_wconf 89' lang='lat' dir='ltr'><strong>de</strong></span> <span class='ocrx_word' id='word_1_516' title='bbox 3600 1766 3708 1819; x_wconf 89' lang='lat' dir='ltr'><strong>quo</strong></span> <span class='ocrx_word' id='word_1_517' title='bbox 3738 1748 3946 1804; x_wconf 89' lang='lat' dir='ltr'><strong>Servius</strong></span> 
     </span>
    </p>
   </div>
   <div class='ocr_carea' id='block_1_77' title="bbox 2423 1834 3945 1907">
    <p class='ocr_par' dir='ltr' id='par_1_77' title="bbox 2423 1834 3945 1907">
     <span class='ocr_line' id='line_1_77' title="bbox 2423 1834 3945 1907; baseline -0.003 -15"><span class='ocrx_word' id='word_1_518' title='bbox 2423 1839 2478 1891; x_wconf 85' lang='lat' dir='ltr'><strong>in</strong></span> <span class='ocrx_word' id='word_1_519' title='bbox 2508 1837 2691 1907; x_wconf 84' lang='lat' dir='ltr'><strong>Virgil.</strong></span> <span class='ocrx_word' id='word_1_520' title='bbox 2722 1836 2759 1890; x_wconf 87' lang='lat' dir='ltr'><strong>f.</strong></span> <span class='ocrx_word' id='word_1_521' title='bbox 2785 1837 2908 1902; x_wconf 73' lang='grc'><strong>748,</strong></span> <span class='ocrx_word' id='word_1_522' title='bbox 2936 1835 3008 1889; x_wconf 87' lang='lat' dir='ltr'><strong>illi</strong></span> <span class='ocrx_word' id='word_1_523' title='bbox 3038 1834 3292 1905; x_wconf 81' lang='grc' dir='ltr'><strong>πυλωροὶ,</strong></span> <span class='ocrx_word' id='word_1_524' title='bbox 3323 1846 3375 1891; x_wconf 90' lang='lat' dir='ltr'><strong>et</strong></span> <span class='ocrx_word' id='word_1_525' title='bbox 3399 1835 3759 1904; x_wconf 73' lang='grc' dir='ltr'>νεωφύλακες.</span> <span class='ocrx_word' id='word_1_526' title='bbox 3786 1835 3837 1889; x_wconf 92' lang='lat' dir='ltr'><strong>id</strong></span> <span class='ocrx_word' id='word_1_527' title='bbox 3872 1845 3945 1889; x_wconf 88' lang='lat' dir='ltr'><strong>est</strong></span> 
     </span>
    </p>
   </div>
   <div class='ocr_carea' id='block_1_78' title="bbox 2422 1922 3946 1993">
    <p class='ocr_par' dir='ltr' id='par_1_78' title="bbox 2422 1922 3946 1993">
     <span class='ocr_line' id='line_1_78' title="bbox 2422 1922 3946 1993; baseline -0.002 -12"><span class='ocrx_word' id='word_1_528' title='bbox 2422 1926 2627 1981; x_wconf 84' lang='lat' dir='ltr'><strong>ostiarii</strong></span> <span class='ocrx_word' id='word_1_529' title='bbox 2649 1966 2664 1985; x_wconf 89' lang='lat'><strong>.</strong></span> <span class='ocrx_word' id='word_1_530' title='bbox 2696 1925 3000 1993; x_wconf 85' lang='lat' dir='ltr'><strong>templorum</strong></span> <span class='ocrx_word' id='word_1_531' title='bbox 3029 1923 3301 1987; x_wconf 80' lang='lat' dir='ltr'><strong>custodes;</strong></span> <span class='ocrx_word' id='word_1_532' title='bbox 3328 1925 3397 1977; x_wconf 89' lang='lat' dir='ltr'><strong>ita</strong></span> <span class='ocrx_word' id='word_1_533' title='bbox 3425 1931 3649 1978; x_wconf 85' lang='lat' dir='ltr'><strong>testatur</strong></span> <span class='ocrx_word' id='word_1_534' title='bbox 3667 1922 3730 1977; x_wconf 81' lang='grc' dir='ltr'><strong>Α.</strong></span> <span class='ocrx_word' id='word_1_535' title='bbox 3755 1923 3946 1978; x_wconf 85' lang='lat' dir='ltr'><strong>Gcllius</strong></span> 
     </span>
    </p>
   </div>
   <div class='ocr_carea' id='block_1_79' title="bbox 2422 2011 3942 2085">
    <p class='ocr_par' dir='ltr' id='par_1_79' title="bbox 2422 2011 3942 2085">
     <span class='ocr_line' id='line_1_79' title="bbox 2422 2011 3942 2085; baseline -0.001 -17"><span class='ocrx_word' id='word_1_536' title='bbox 2422 2015 2513 2069; x_wconf 89' lang='lat' dir='ltr'><strong>lib.</strong></span> <span class='ocrx_word' id='word_1_537' title='bbox 2542 2031 2617 2070; x_wconf 85' lang='lat' dir='ltr'><strong>xu</strong></span> <span class='ocrx_word' id='word_1_538' title='bbox 2672 2014 2828 2068; x_wconf 86' lang='lat' dir='ltr'><strong>Noct.</strong></span> <span class='ocrx_word' id='word_1_539' title='bbox 2866 2014 3083 2067; x_wconf 79' lang='lat' dir='ltr'><strong>Atticar.</strong></span> <span class='ocrx_word' id='word_1_540' title='bbox 3119 2028 3169 2067; x_wconf 93' lang='lat' dir='ltr'><strong>c.</strong></span> <span class='ocrx_word' id='word_1_541' title='bbox 3202 2011 3299 2078; x_wconf 67' lang='lat' dir='ltr'><strong>li;</strong></span> <span class='ocrx_word' id='word_1_542' title='bbox 3334 2023 3387 2068; x_wconf 93' lang='lat' dir='ltr'><strong>et</strong></span> <span class='ocrx_word' id='word_1_543' title='bbox 3413 2013 3668 2085; x_wconf 74' lang='grc' dir='ltr'>θυρωροί,</span> <span class='ocrx_word' id='word_1_544' title='bbox 3699 2013 3750 2067; x_wconf 89' lang='lat' dir='ltr'><strong>id</strong></span> <span class='ocrx_word' id='word_1_545' title='bbox 3771 2022 3850 2069; x_wconf 87' lang='lat' dir='ltr'><strong>est</strong></span> <span class='ocrx_word' id='word_1_546' title='bbox 3869 2014 3942 2082; x_wconf 86' lang='lat' dir='ltr'><strong>ja-</strong></span> 
     </span>
    </p>
   </div>
   <div class='ocr_carea' id='block_1_80' title="bbox 2422 2102 3950 2173">
    <p class='ocr_par' dir='ltr' id='par_1_80' title="bbox 2422 2102 3950 2173">
     <span class='ocr_line' id='line_1_80' title="bbox 2422 2102 3950 2173; baseline -0.001 -14"><span class='ocrx_word' id='word_1_547' title='bbox 2422 2106 2623 2160; x_wconf 92' lang='lat' dir='ltr'><strong>nitores</strong></span> <span class='ocrx_word' id='word_1_548' title='bbox 2650 2105 2713 2158; x_wconf 87' lang='lat' dir='ltr'><strong>ad</strong></span> <span class='ocrx_word' id='word_1_549' title='bbox 2741 2103 3056 2171; x_wconf 84' lang='lat' dir='ltr'><strong>aperiendas</strong></span> <span class='ocrx_word' id='word_1_550' title='bbox 3103 2117 3158 2157; x_wconf 90' lang='lat' dir='ltr'><strong>et</strong></span> <span class='ocrx_word' id='word_1_551' title='bbox 3181 2102 3507 2158; x_wconf 82' lang='lat' dir='ltr'><strong>claudendas</strong></span> <span class='ocrx_word' id='word_1_552' title='bbox 3527 2103 3749 2173; x_wconf 82' lang='lat' dir='ltr'><strong>januas,</strong></span> <span class='ocrx_word' id='word_1_553' title='bbox 3777 2113 3950 2172; x_wconf 85' lang='lat' dir='ltr'><strong>porta-</strong></span> 
     </span>
    </p>
   </div>
   <div class='ocr_carea' id='block_1_81' title="bbox 2423 2183 3944 2265">
    <p class='ocr_par' dir='ltr' id='par_1_81' title="bbox 2423 2183 3944 2265">
     <span class='ocr_line' id='line_1_81' title="bbox 2423 2183 3944 2265; baseline -0.003 -15"><span class='ocrx_word' id='word_1_554' title='bbox 2423 2195 2485 2250; x_wconf 92' lang='lat' dir='ltr'><strong>rii</strong></span> <span class='ocrx_word' id='word_1_555' title='bbox 2509 2194 2858 2265; x_wconf 88' lang='lat' dir='ltr'><strong>appellantur,</strong></span> <span class='ocrx_word' id='word_1_556' title='bbox 2887 2192 2955 2247; x_wconf 83' lang='lat' dir='ltr'><strong>iV</strong></span> <span class='ocrx_word' id='word_1_557' title='bbox 2991 2192 3118 2263; x_wconf 78' lang='lat' dir='ltr'><strong>Reg.</strong></span> <span class='ocrx_word' id='word_1_558' title='bbox 3150 2208 3246 2257; x_wconf 83' lang='lat' dir='ltr'><strong>vn,</strong></span> <span class='ocrx_word' id='word_1_559' title='bbox 3277 2200 3333 2247; x_wconf 87' lang='lat' dir='ltr'><strong>et</strong></span> <span class='ocrx_word' id='word_1_560' title='bbox 3356 2189 3379 2246; x_wconf 89' lang='grc' dir='ltr'><strong>ι</strong></span> <span class='ocrx_word' id='word_1_561' title='bbox 3403 2190 3585 2247; x_wconf 90' lang='lat' dir='ltr'><strong>Paral.</strong></span> <span class='ocrx_word' id='word_1_562' title='bbox 3612 2207 3688 2258; x_wconf 81' lang='lat' dir='ltr'><strong>rx,</strong></span> <span class='ocrx_word' id='word_1_563' title='bbox 3721 2183 3806 2247; x_wconf 73' lang='lat' dir='ltr'><strong>xvi</strong></span> <span class='ocrx_word' id='word_1_564' title='bbox 3855 2193 3944 2258; x_wconf 67' lang='lat'><strong>42;</strong></span> 
     </span>
    </p>
   </div>
   <div class='ocr_carea' id='block_1_82' title="bbox 2420 2280 3947 2353">
    <p class='ocr_par' dir='ltr' id='par_1_82' title="bbox 2420 2280 3947 2353">
     <span class='ocr_line' id='line_1_82' title="bbox 2420 2280 3947 2353; baseline -0.002 -14"><span class='ocrx_word' id='word_1_565' title='bbox 2420 2283 2825 2352; x_wconf 82' lang='lat' dir='ltr'><strong>dictifuerunt,</strong></span> <span class='ocrx_word' id='word_1_566' title='bbox 2863 2280 3243 2353; x_wconf 73' lang='grc' dir='ltr'>οι’ττρὸπυλοι,</span> <span class='ocrx_word' id='word_1_567' title='bbox 3291 2283 3516 2339; x_wconf 87' lang='lat' dir='ltr'><strong>deorum</strong></span> <span class='ocrx_word' id='word_1_568' title='bbox 3567 2284 3822 2349; x_wconf 87' lang='lat' dir='ltr'><strong>cultores,</strong></span> <span class='ocrx_word' id='word_1_569' title='bbox 3864 2286 3947 2352; x_wconf 85' lang='lat' dir='ltr'><strong>qni</strong></span> 
     </span>
    </p>
   </div>
   <div class='ocr_carea' id='block_1_83' title="bbox 2424 2369 3949 2436">
    <p class='ocr_par' dir='ltr' id='par_1_83' title="bbox 2424 2369 3949 2436">
     <span class='ocr_line' id='line_1_83' title="bbox 2424 2369 3949 2436; baseline 0.001 -13"><span class='ocrx_word' id='word_1_570' title='bbox 2424 2371 2717 2425; x_wconf 90' lang='lat' dir='ltr'><strong>tuebantur</strong></span> <span class='ocrx_word' id='word_1_571' title='bbox 2757 2372 2899 2426; x_wconf 76' lang='lat' dir='ltr'><strong>:edes</strong></span> <span class='ocrx_word' id='word_1_572' title='bbox 2930 2382 3132 2436; x_wconf 73' lang='lat' dir='ltr'><strong>Sacras,</strong></span> <span class='ocrx_word' id='word_1_573' title='bbox 3168 2370 3419 2426; x_wconf 84' lang='lat' dir='ltr'><strong>Turnebo</strong></span> <span class='ocrx_word' id='word_1_574' title='bbox 3444 2386 3496 2426; x_wconf 91' lang='lat' dir='ltr'><strong>e.</strong></span> <span class='ocrx_word' id='word_1_575' title='bbox 3523 2370 3612 2433; x_wconf 75' lang='lat'><strong>2|,</strong></span> <span class='ocrx_word' id='word_1_576' title='bbox 3660 2371 3753 2425; x_wconf 89' lang='lat' dir='ltr'><strong>lib.</strong></span> <span class='ocrx_word' id='word_1_577' title='bbox 3783 2388 3823 2435; x_wconf 84' lang='grc' dir='ltr'><strong>ι,</strong></span> <span class='ocrx_word' id='word_1_578' title='bbox 3851 2369 3949 2426; x_wconf 76' lang='lat' dir='ltr'><strong>Ad-</strong></span> 
     </span>
    </p>
   </div>
   <div class='ocr_carea' id='block_1_84' title="bbox 2420 2458 3951 2530">
    <p class='ocr_par' dir='ltr' id='par_1_84' title="bbox 2420 2458 3951 2530">
     <span class='ocr_line' id='line_1_84' title="bbox 2420 2458 3951 2530; baseline 0.001 -20"><span class='ocrx_word' id='word_1_579' title='bbox 2420 2475 2643 2526; x_wconf 83' lang='lat' dir='ltr'><strong>versar.,</strong></span> <span class='ocrx_word' id='word_1_580' title='bbox 2667 2459 2937 2530; x_wconf 79' lang='lat' dir='ltr'><strong>Sophocli,</strong></span> <span class='ocrx_word' id='word_1_581' title='bbox 2984 2469 3037 2515; x_wconf 87' lang='lat' dir='ltr'><strong>et</strong></span> <span class='ocrx_word' id='word_1_582' title='bbox 3056 2460 3398 2528; x_wconf 83' lang='lat' dir='ltr'><strong>Aristophani</strong></span> <span class='ocrx_word' id='word_1_583' title='bbox 3430 2459 3483 2514; x_wconf 88' lang='lat' dir='ltr'><strong>in</strong></span> <span class='ocrx_word' id='word_1_584' title='bbox 3512 2460 3795 2528; x_wconf 77' lang='grc' dir='ltr'>Νεφέλαις,</span> <span class='ocrx_word' id='word_1_585' title='bbox 3824 2468 3878 2514; x_wconf 86' lang='lat' dir='ltr'><strong>et</strong></span> <span class='ocrx_word' id='word_1_586' title='bbox 3900 2458 3951 2512; x_wconf 90' lang='lat' dir='ltr'><strong>in</strong></span> 
     </span>
    </p>
   </div>
   <div class='ocr_carea' id='block_1_85' title="bbox 2420 2533 3953 2620">
    <p class='ocr_par' dir='ltr' id='par_1_85' title="bbox 2420 2533 3953 2620">
     <span class='ocr_line' id='line_1_85' title="bbox 2420 2533 3953 2620; baseline -0.001 -18"><span class='ocrx_word' id='word_1_587' title='bbox 2420 2549 2655 2620; x_wconf 81' lang='grc' dir='ltr'>Πλούτῳ,</span> <span class='ocrx_word' id='word_1_588' title='bbox 2687 2564 2751 2604; x_wconf 88' lang='lat' dir='ltr'><strong>ac</strong></span> <span class='ocrx_word' id='word_1_589' title='bbox 2783 2547 3072 2614; x_wconf 83' lang='lat' dir='ltr'><strong>Herodoto,</strong></span> <span class='ocrx_word' id='word_1_590' title='bbox 3115 2549 3291 2613; x_wconf 82' lang='lat' dir='ltr'><strong>servi,</strong></span> <span class='ocrx_word' id='word_1_591' title='bbox 3322 2533 3507 2602; x_wconf 77' lang='lat' dir='ltr'><strong>famuli</strong></span> <span class='ocrx_word' id='word_1_592' title='bbox 3552 2549 3747 2618; x_wconf 87' lang='lat' dir='ltr'><strong>templa</strong></span> <span class='ocrx_word' id='word_1_593' title='bbox 3776 2557 3953 2603; x_wconf 84' lang='lat' dir='ltr'><strong>custo-</strong></span> 
     </span>
    </p>
   </div>
   <div class='ocr_carea' id='block_1_86' title="bbox 2410 2637 3955 2707">
    <p class='ocr_par' dir='ltr' id='par_1_86' title="bbox 2410 2637 3955 2707">
     <span class='ocr_line' id='line_1_86' title="bbox 2410 2637 3955 2707; baseline 0 -16"><span class='ocrx_word' id='word_1_594' title='bbox 2410 2639 2642 2701; x_wconf 86' lang='lat' dir='ltr'><strong>dientes,</strong></span> <span class='ocrx_word' id='word_1_595' title='bbox 2657 2637 3014 2702; x_wconf 53' lang='lat' dir='ltr'><strong>imoiancillae,</strong></span> <span class='ocrx_word' id='word_1_596' title='bbox 3031 2653 3151 2707; x_wconf 74' lang='lat' dir='ltr'><strong>qua:</strong></span> <span class='ocrx_word' id='word_1_597' title='bbox 3162 2638 3468 2707; x_wconf 64' lang='lat' dir='ltr'><strong>praceduut</strong></span> <span class='ocrx_word' id='word_1_598' title='bbox 3489 2638 3646 2692; x_wconf 85' lang='lat' dir='ltr'><strong>heras</strong></span> <span class='ocrx_word' id='word_1_599' title='bbox 3668 2654 3683 2701; x_wconf 86' lang='lat'><strong>;</strong></span> <span class='ocrx_word' id='word_1_600' title='bbox 3704 2652 3955 2691; x_wconf 87' lang='lat' dir='ltr'><strong>nummus</strong></span> 
     </span>
    </p>
   </div>
   <div class='ocr_carea' id='block_1_87' title="bbox 2363 2725 3956 2798">
    <p class='ocr_par' dir='ltr' id='par_1_87' title="bbox 2363 2725 3956 2798">
     <span class='ocr_line' id='line_1_87' title="bbox 2363 2725 3956 2798; baseline -0.001 -17"><span class='ocrx_word' id='word_1_601' title='bbox 2363 2749 2369 2753; x_wconf 94' lang='grc'><strong>·</strong></span> <span class='ocrx_word' id='word_1_602' title='bbox 2422 2736 2597 2784; x_wconf 76' lang='lat' dir='ltr'><strong>cxsrat</strong></span> <span class='ocrx_word' id='word_1_603' title='bbox 2626 2726 2877 2782; x_wconf 79' lang='lat' dir='ltr'><strong>Gordiani</strong></span> <span class='ocrx_word' id='word_1_604' title='bbox 2906 2728 2971 2781; x_wconf 83' lang='lat' dir='ltr'><strong>A.</strong></span> <span class='ocrx_word' id='word_1_605' title='bbox 3002 2729 3057 2792; x_wconf 76' lang='lat'><strong>3,</strong></span> <span class='ocrx_word' id='word_1_606' title='bbox 3087 2728 3176 2782; x_wconf 88' lang='lat' dir='ltr'><strong>ubi</strong></span> <span class='ocrx_word' id='word_1_607' title='bbox 3198 2727 3394 2798; x_wconf 86' lang='lat' dir='ltr'><strong>legitur</strong></span> <span class='ocrx_word' id='word_1_608' title='bbox 3425 2727 3720 2798; x_wconf 81' lang='grc' dir='ltr'>Σαρδιαιων</span> <span class='ocrx_word' id='word_1_609' title='bbox 3759 2725 3956 2779; x_wconf 64' lang='lat' dir='ltr'><strong>veraed-</strong></span> 
     </span>
    </p>
   </div>
   <div class='ocr_carea' id='block_1_88' title="bbox 2420 2814 3955 2889">
    <p class='ocr_par' dir='ltr' id='par_1_88' title="bbox 2420 2814 3955 2889">
     <span class='ocr_line' id='line_1_88' title="bbox 2420 2814 3955 2889; baseline -0.001 -19"><span class='ocrx_word' id='word_1_610' title='bbox 2420 2832 2527 2889; x_wconf 88' lang='grc' dir='ltr'>ρων</span> <span class='ocrx_word' id='word_1_611' title='bbox 2554 2816 2692 2885; x_wconf 82' lang='lat' dir='ltr'><strong>apud</strong></span> <span class='ocrx_word' id='word_1_612' title='bbox 2723 2815 3015 2886; x_wconf 81' lang='lat' dir='ltr'><strong>Seguinum</strong></span> <span class='ocrx_word' id='word_1_613' title='bbox 3040 2831 3093 2886; x_wconf 91' lang='lat' dir='ltr'><strong>p.</strong></span> <span class='ocrx_word' id='word_1_614' title='bbox 3120 2815 3209 2880; x_wconf 76' lang='lat'><strong>23,</strong></span> <span class='ocrx_word' id='word_1_615' title='bbox 3233 2816 3421 2871; x_wconf 83' lang='lat' dir='ltr'><strong>Select.</strong></span> <span class='ocrx_word' id='word_1_616' title='bbox 3441 2818 3661 2882; x_wconf 82' lang='lat' dir='ltr'><strong>numis.,</strong></span> <span class='ocrx_word' id='word_1_617' title='bbox 3682 2814 3734 2871; x_wconf 92' lang='lat' dir='ltr'><strong>id</strong></span> <span class='ocrx_word' id='word_1_618' title='bbox 3751 2826 3836 2871; x_wconf 82' lang='lat' dir='ltr'><strong>est</strong></span> <span class='ocrx_word' id='word_1_619' title='bbox 3859 2816 3955 2869; x_wconf 73' lang='lat' dir='ltr'><strong>acl-</strong></span> 
     </span>
    </p>
   </div>
   <div class='ocr_carea' id='block_1_89' title="bbox 2407 2905 3957 2978">
    <p class='ocr_par' dir='ltr' id='par_1_89' title="bbox 2407 2905 3957 2978">
     <span class='ocr_line' id='line_1_89' title="bbox 2407 2905 3957 2978; baseline -0.001 -17"><span class='ocrx_word' id='word_1_620' title='bbox 2407 2908 2668 2978; x_wconf 82' lang='lat' dir='ltr'><strong>jutorum,</strong></span> <span class='ocrx_word' id='word_1_621' title='bbox 2699 2916 2758 2963; x_wconf 92' lang='lat' dir='ltr'><strong>ut</strong></span> <span class='ocrx_word' id='word_1_622' title='bbox 2781 2906 2869 2962; x_wconf 90' lang='lat' dir='ltr'><strong>ille</strong></span> <span class='ocrx_word' id='word_1_623' title='bbox 2903 2906 3034 2972; x_wconf 87' lang='lat' dir='ltr'><strong>vult,</strong></span> <span class='ocrx_word' id='word_1_624' title='bbox 3066 2915 3121 2962; x_wconf 88' lang='lat' dir='ltr'><strong>et</strong></span> <span class='ocrx_word' id='word_1_625' title='bbox 3149 2921 3312 2975; x_wconf 84' lang='lat' dir='ltr'><strong>penes</strong></span> <span class='ocrx_word' id='word_1_626' title='bbox 3337 2905 3625 2962; x_wconf 90' lang='lat' dir='ltr'><strong>Oeconem.</strong></span> <span class='ocrx_word' id='word_1_627' title='bbox 3656 2905 3957 2962; x_wconf 53' lang='lat' dir='ltr'><strong>Illustrissi-</strong></span> 
     </span>
    </p>
   </div>
   <div class='ocr_carea' id='block_1_90' title="bbox 2417 2993 3956 3070">
    <p class='ocr_par' dir='ltr' id='par_1_90' title="bbox 2417 2993 3956 3070">
     <span class='ocr_line' id='line_1_90' title="bbox 2417 2993 3956 3070; baseline -0.003 -17"><span class='ocrx_word' id='word_1_628' title='bbox 2417 2996 3062 3070; x_wconf 67' lang='lat' dir='ltr'><strong>musGGQFaleonerius</strong></span> <span class='ocrx_word' id='word_1_629' title='bbox 3092 2998 3144 3053; x_wconf 87' lang='lat' dir='ltr'><strong>in</strong></span> <span class='ocrx_word' id='word_1_630' title='bbox 3173 2993 3325 3055; x_wconf 78' lang='lat' dir='ltr'><strong>No‘tis</strong></span> <span class='ocrx_word' id='word_1_631' title='bbox 3344 2996 3410 3051; x_wconf 86' lang='lat' dir='ltr'><strong>ad</strong></span> <span class='ocrx_word' id='word_1_632' title='bbox 3439 2995 3815 3067; x_wconf 85' lang='lat' dir='ltr'><strong>inscriptiones</strong></span> <span class='ocrx_word' id='word_1_633' title='bbox 3828 2995 3956 3050; x_wconf 82' lang='lat' dir='ltr'><strong>Ath-</strong></span> 
     </span>
    </p>
   </div>
   <div class='ocr_carea' id='block_1_91' title="bbox 2420 3082 3958 3156">
    <p class='ocr_par' dir='ltr' id='par_1_91' title="bbox 2420 3082 3958 3156">
     <span class='ocr_line' id='line_1_91' title="bbox 2420 3082 3958 3156; baseline -0.004 -17"><span class='ocrx_word' id='word_1_634' title='bbox 2420 3084 2627 3149; x_wconf 87' lang='lat' dir='ltr'><strong>leticas,</strong></span> <span class='ocrx_word' id='word_1_635' title='bbox 2660 3102 2713 3154; x_wconf 90' lang='lat' dir='ltr'><strong>p.</strong></span> <span class='ocrx_word' id='word_1_636' title='bbox 2750 3082 2838 3149; x_wconf 67' lang='lat'><strong>47,</strong></span> <span class='ocrx_word' id='word_1_637' title='bbox 2868 3082 3456 3156; x_wconf 64' lang='lat' dir='ltr'><strong>arguitxigium,quod</strong></span> <span class='ocrx_word' id='word_1_638' title='bbox 3484 3082 3618 3138; x_wconf 79' lang='grc' dir='ltr'>νέων</span> <span class='ocrx_word' id='word_1_639' title='bbox 3631 3082 3958 3154; x_wconf 73' lang='grc' dir='ltr'>προστασίαν</span> 
     </span>
    </p>
   </div>
   <div class='ocr_carea' id='block_1_92' title="bbox 2418 3169 3955 3241">
    <p class='ocr_par' dir='ltr' id='par_1_92' title="bbox 2418 3169 3955 3241">
     <span class='ocr_line' id='line_1_92' title="bbox 2418 3169 3955 3241; baseline -0.003 -14"><span class='ocrx_word' id='word_1_640' title='bbox 2418 3171 2634 3227; x_wconf 89' lang='lat' dir='ltr'><strong>verterit</strong></span> <span class='ocrx_word' id='word_1_641' title='bbox 2661 3169 2980 3240; x_wconf 82' lang='lat' dir='ltr'><strong>templorum</strong></span> <span class='ocrx_word' id='word_1_642' title='bbox 3017 3170 3405 3241; x_wconf 55' lang='lat' dir='ltr'><strong>praefecturam,</strong></span> <span class='ocrx_word' id='word_1_643' title='bbox 3453 3185 3548 3226; x_wconf 86' lang='lat' dir='ltr'><strong>seu</strong></span> <span class='ocrx_word' id='word_1_644' title='bbox 3587 3171 3955 3240; x_wconf 66' lang='lat' dir='ltr'><strong>praesulatum,</strong></span> 
     </span>
    </p>
   </div>
   <div class='ocr_carea' id='block_1_93' title="bbox 2419 3248 3960 3330">
    <p class='ocr_par' dir='ltr' id='par_1_93' title="bbox 2419 3248 3960 3330">
     <span class='ocr_line' id='line_1_93' title="bbox 2419 3248 3960 3330; baseline -0.002 -15"><span class='ocrx_word' id='word_1_645' title='bbox 2419 3276 2514 3330; x_wconf 89' lang='lat' dir='ltr'><strong>pro</strong></span> <span class='ocrx_word' id='word_1_646' title='bbox 2540 3259 2694 3322; x_wconf 78' lang='grc' dir='ltr'>νέων.</span> <span class='ocrx_word' id='word_1_647' title='bbox 2736 3259 2789 3313; x_wconf 93' lang='lat' dir='ltr'><strong>id</strong></span> <span class='ocrx_word' id='word_1_648' title='bbox 2833 3266 2937 3324; x_wconf 87' lang='lat' dir='ltr'><strong>est,</strong></span> <span class='ocrx_word' id='word_1_649' title='bbox 2972 3258 3229 3327; x_wconf 74' lang='lat' dir='ltr'><strong>iuvenum</strong></span> <span class='ocrx_word' id='word_1_650' title='bbox 3266 3259 3588 3327; x_wconf 89' lang='lat' dir='ltr'><strong>principatu,</strong></span> <span class='ocrx_word' id='word_1_651' title='bbox 3624 3248 3769 3329; x_wconf 90' lang='lat' dir='ltr'><strong>quod</strong></span> <span class='ocrx_word' id='word_1_652' title='bbox 3823 3270 3960 3314; x_wconf 86' lang='lat' dir='ltr'><strong>recte</strong></span> 
     </span>
    </p>
   </div>
   <div class='ocr_carea' id='block_1_94' title="bbox 2420 3344 3955 3420">
    <p class='ocr_par' dir='ltr' id='par_1_94' title="bbox 2420 3344 3955 3420">
     <span class='ocr_line' id='line_1_94' title="bbox 2420 3344 3955 3420; baseline -0.001 -17"><span class='ocrx_word' id='word_1_653' title='bbox 2420 3350 2588 3420; x_wconf 89' lang='lat' dir='ltr'><strong>liquet</strong></span> <span class='ocrx_word' id='word_1_654' title='bbox 2606 3364 2637 3405; x_wconf 86' lang='lat' dir='ltr'><strong>e</strong></span> <span class='ocrx_word' id='word_1_655' title='bbox 2656 3363 2877 3404; x_wconf 89' lang='lat' dir='ltr'><strong>nummo</strong></span> <span class='ocrx_word' id='word_1_656' title='bbox 2894 3345 3076 3403; x_wconf 88' lang='lat' dir='ltr'><strong>Severi</strong></span> <span class='ocrx_word' id='word_1_657' title='bbox 3094 3346 3157 3404; x_wconf 75' lang='grc' dir='ltr'><strong>Α.</strong></span> <span class='ocrx_word' id='word_1_658' title='bbox 3177 3362 3339 3416; x_wconf 87' lang='lat' dir='ltr'><strong>quem</strong></span> <span class='ocrx_word' id='word_1_659' title='bbox 3362 3361 3485 3400; x_wconf 85' lang='lat' dir='ltr'><strong>mox</strong></span> <span class='ocrx_word' id='word_1_660' title='bbox 3505 3344 3730 3415; x_wconf 85' lang='lat' dir='ltr'><strong>profert,</strong></span> <span class='ocrx_word' id='word_1_661' title='bbox 3757 3348 3856 3401; x_wconf 87' lang='lat' dir='ltr'><strong>ubi</strong></span> <span class='ocrx_word' id='word_1_662' title='bbox 3882 3348 3955 3401; x_wconf 87' lang='lat' dir='ltr'><strong>le—</strong></span> 
     </span>
    </p>
   </div>
   <div class='ocr_carea' id='block_1_95' title="bbox 2419 3434 3957 3508">
    <p class='ocr_par' dir='ltr' id='par_1_95' title="bbox 2419 3434 3957 3508">
     <span class='ocr_line' id='line_1_95' title="bbox 2419 3434 3957 3508; baseline -0.004 -16"><span class='ocrx_word' id='word_1_663' title='bbox 2419 3440 2560 3508; x_wconf 85' lang='lat' dir='ltr'><strong>gitur</strong></span> <span class='ocrx_word' id='word_1_664' title='bbox 2591 3436 2960 3506; x_wconf 83' lang='grc' dir='ltr'>Περγαμηνῶν</span> <span class='ocrx_word' id='word_1_665' title='bbox 2993 3436 3269 3507; x_wconf 82' lang='grc' dir='ltr'>νεωκὸρων</span> <span class='ocrx_word' id='word_1_666' title='bbox 3306 3434 3599 3505; x_wconf 67' lang='grc' dir='ltr'><strong>ἐπιστάτης</strong></span> <span class='ocrx_word' id='word_1_667' title='bbox 3624 3450 3675 3503; x_wconf 93' lang='lat' dir='ltr'><strong>p.</strong></span> <span class='ocrx_word' id='word_1_668' title='bbox 3711 3434 3783 3491; x_wconf 69' lang='grc'><strong>48</strong></span> <span class='ocrx_word' id='word_1_669' title='bbox 3822 3444 3874 3488; x_wconf 86' lang='lat' dir='ltr'><strong>et</strong></span> <span class='ocrx_word' id='word_1_670' title='bbox 3908 3449 3957 3503; x_wconf 91' lang='lat' dir='ltr'><strong>p.</strong></span> 
     </span>
    </p>
   </div>
   <div class='ocr_carea' id='block_1_96' title="bbox 2418 3514 3959 3594">
    <p class='ocr_par' dir='ltr' id='par_1_96' title="bbox 2418 3514 3959 3594">
     <span class='ocr_line' id='line_1_96' title="bbox 2418 3514 3959 3594; baseline -0.004 -14"><span class='ocrx_word' id='word_1_671' title='bbox 2418 3528 2506 3590; x_wconf 71' lang='grc' dir='ltr'>δι’,</span> <span class='ocrx_word' id='word_1_672' title='bbox 2542 3543 2594 3594; x_wconf 78' lang='grc' dir='ltr'>ρ.</span> <span class='ocrx_word' id='word_1_673' title='bbox 2647 3528 2749 3580; x_wconf 70' lang='lat' dir='ltr'><strong>ius</strong></span> <span class='ocrx_word' id='word_1_674' title='bbox 2789 3536 2920 3593; x_wconf 88' lang='lat' dir='ltr'><strong>etp.</strong></span> <span class='ocrx_word' id='word_1_675' title='bbox 2967 3526 3087 3592; x_wconf 82' lang='grc' dir='ltr'>ιιι,</span> <span class='ocrx_word' id='word_1_676' title='bbox 3118 3526 3209 3581; x_wconf 87' lang='lat' dir='ltr'><strong>ubi</strong></span> <span class='ocrx_word' id='word_1_677' title='bbox 3256 3526 3439 3580; x_wconf 84' lang='lat' dir='ltr'><strong>laudat</strong></span> <span class='ocrx_word' id='word_1_678' title='bbox 3479 3514 3681 3579; x_wconf 83' lang='lat' dir='ltr'><strong>Alberti</strong></span> <span class='ocrx_word' id='word_1_679' title='bbox 3728 3524 3959 3578; x_wconf 83' lang='lat' dir='ltr'><strong>Rubenii</strong></span> 
     </span>
    </p>
   </div>
   <div class='ocr_carea' id='block_1_97' title="bbox 2419 3610 3961 3679">
    <p class='ocr_par' dir='ltr' id='par_1_97' title="bbox 2419 3610 3961 3679">
     <span class='ocr_line' id='line_1_97' title="bbox 2419 3610 3961 3679; baseline -0.003 -10"><span class='ocrx_word' id='word_1_680' title='bbox 2419 3615 2710 3671; x_wconf 83' lang='lat' dir='ltr'><strong>Diatribam</strong></span> <span class='ocrx_word' id='word_1_681' title='bbox 2736 3616 2801 3670; x_wconf 81' lang='lat' dir='ltr'><strong>de</strong></span> <span class='ocrx_word' id='word_1_682' title='bbox 2843 3615 2971 3670; x_wconf 89' lang='lat' dir='ltr'><strong>Urb.</strong></span> <span class='ocrx_word' id='word_1_683' title='bbox 3002 3614 3275 3679; x_wconf 87' lang='lat' dir='ltr'><strong>Neocoris,</strong></span> <span class='ocrx_word' id='word_1_684' title='bbox 3326 3613 3524 3669; x_wconf 82' lang='lat' dir='ltr'><strong>Julium</strong></span> <span class='ocrx_word' id='word_1_685' title='bbox 3552 3613 3592 3667; x_wconf 85' lang='lat' dir='ltr'><strong>F</strong></span> <span class='ocrx_word' id='word_1_686' title='bbox 3598 3614 3857 3667; x_wconf 73' lang='lat' dir='ltr'><strong>iunicum</strong></span> <span class='ocrx_word' id='word_1_687' title='bbox 3887 3610 3961 3665; x_wconf 83' lang='lat' dir='ltr'><strong>De</strong></span> 
     </span>
    </p>
   </div>
   <div class='ocr_carea' id='block_1_98' title="bbox 2418 3704 3959 3776">
    <p class='ocr_par' dir='ltr' id='par_1_98' title="bbox 2418 3704 3959 3776">
     <span class='ocr_line' id='line_1_98' title="bbox 2418 3704 3959 3776; baseline -0.005 -15"><span class='ocrx_word' id='word_1_688' title='bbox 2418 3724 2603 3762; x_wconf 35' lang='lat' dir='ltr'><strong>errore.</strong></span> <span class='ocrx_word' id='word_1_689' title='bbox 2631 3707 2819 3776; x_wconf 75' lang='lat' dir='ltr'><strong>profari</strong></span> <span class='ocrx_word' id='word_1_690' title='bbox 2887 3704 3035 3775; x_wconf 84' lang='lat' dir='ltr'><strong>relig.</strong></span> <span class='ocrx_word' id='word_1_691' title='bbox 3064 3712 3118 3759; x_wconf 91' lang='lat' dir='ltr'><strong>et</strong></span> <span class='ocrx_word' id='word_1_692' title='bbox 3163 3705 3420 3758; x_wconf 82' lang='lat' dir='ltr'><strong>Actorum</strong></span> <span class='ocrx_word' id='word_1_693' title='bbox 3464 3704 3692 3772; x_wconf 87' lang='lat' dir='ltr'><strong>apostol.</strong></span> <span class='ocrx_word' id='word_1_694' title='bbox 3740 3718 3796 3757; x_wconf 90' lang='lat' dir='ltr'><strong>c.</strong></span> <span class='ocrx_word' id='word_1_695' title='bbox 3849 3718 3959 3764; x_wconf 69' lang='lat' dir='ltr'><strong>xiv,</strong></span> 
     </span>
    </p>
   </div>
   <div class='ocr_carea' id='block_1_99' title="bbox 2422 3790 3959 3864">
    <p class='ocr_par' dir='ltr' id='par_1_99' title="bbox 2422 3790 3959 3864">
     <span class='ocr_line' id='line_1_99' title="bbox 2422 3790 3959 3864; baseline -0.006 -16"><span class='ocrx_word' id='word_1_696' title='bbox 2422 3797 2602 3864; x_wconf 90' lang='lat' dir='ltr'><strong>ibique</strong></span> <span class='ocrx_word' id='word_1_697' title='bbox 2632 3790 3107 3863; x_wconf 78' lang='lat' dir='ltr'><strong>Theophylactum,</strong></span> <span class='ocrx_word' id='word_1_698' title='bbox 3148 3794 3238 3863; x_wconf 92' lang='lat' dir='ltr'><strong>qui</strong></span> <span class='ocrx_word' id='word_1_699' title='bbox 3271 3792 3534 3861; x_wconf 87' lang='grc' dir='ltr'>νεωκόρον</span> <span class='ocrx_word' id='word_1_700' title='bbox 3576 3791 3959 3859; x_wconf 80' lang='lat' dir='ltr'><strong>interpretatur</strong></span> 
     </span>
    </p>
   </div>
   <div class='ocr_carea' id='block_1_100' title="bbox 2421 3882 3962 3952">
    <p class='ocr_par' dir='ltr' id='par_1_100' title="bbox 2421 3882 3962 3952">
     <span class='ocr_line' id='line_1_100' title="bbox 2421 3882 3962 3952; baseline -0.003 -17"><span class='ocrx_word' id='word_1_701' title='bbox 2421 3884 2735 3952; x_wconf 63' lang='grc' dir='ltr'>ἱερόδουλοι).</span> <span class='ocrx_word' id='word_1_702' title='bbox 2759 3883 2857 3936; x_wconf 82' lang='lat' dir='ltr'><strong>Adi</strong></span> <span class='ocrx_word' id='word_1_703' title='bbox 2890 3893 2941 3937; x_wconf 91' lang='lat' dir='ltr'><strong>et</strong></span> <span class='ocrx_word' id='word_1_704' title='bbox 2965 3882 3347 3952; x_wconf 87' lang='lat' dir='ltr'><strong>Spanhemium</strong></span> <span class='ocrx_word' id='word_1_705' title='bbox 3369 3882 3570 3936; x_wconf 83' lang='lat' dir='ltr'><strong>cursim</strong></span> <span class='ocrx_word' id='word_1_706' title='bbox 3596 3894 3690 3934; x_wconf 83' lang='lat' dir='ltr'><strong>eos</strong></span> <span class='ocrx_word' id='word_1_707' title='bbox 3719 3893 3962 3933; x_wconf 86' lang='lat' dir='ltr'><strong>comme-</strong></span> 
     </span>
    </p>
   </div>
   <div class='ocr_carea' id='block_1_101' title="bbox 2419 3971 3332 4039">
    <p class='ocr_par' dir='ltr' id='par_1_101' title="bbox 2419 3971 3332 4039">
     <span class='ocr_line' id='line_1_101' title="bbox 2419 3971 3332 4039; baseline 0.001 -14"><span class='ocrx_word' id='word_1_708' title='bbox 2419 3980 2737 4035; x_wconf 87' lang='lat' dir='ltr'><strong>morantem,</strong></span> <span class='ocrx_word' id='word_1_709' title='bbox 2767 3971 2958 4039; x_wconf 75' lang='lat' dir='ltr'><strong>p.507,</strong></span> <span class='ocrx_word' id='word_1_710' title='bbox 2990 3972 3061 4024; x_wconf 84' lang='lat' dir='ltr'><strong>De</strong></span> <span class='ocrx_word' id='word_1_711' title='bbox 3090 3973 3332 4026; x_wconf 81' lang='lat' dir='ltr'><strong>rmmism.</strong></span> 
     </span>
    </p>
   </div>
   <div class='ocr_carea' id='block_1_102' title="bbox 2487 4058 3962 4126">
    <p class='ocr_par' dir='ltr' id='par_1_102' title="bbox 2487 4058 3962 4126">
     <span class='ocr_line' id='line_1_102' title="bbox 2487 4058 3962 4126; baseline -0.001 -15"><span class='ocrx_word' id='word_1_712' title='bbox 2487 4060 2581 4124; x_wconf 83' lang='lat' dir='ltr'><strong>Est</strong></span> <span class='ocrx_word' id='word_1_713' title='bbox 2634 4063 2686 4112; x_wconf 91' lang='lat' dir='ltr'><strong>in</strong></span> <span class='ocrx_word' id='word_1_714' title='bbox 2724 4058 2955 4114; x_wconf 80' lang='lat' dir='ltr'><strong>Ecclesia</strong></span> <span class='ocrx_word' id='word_1_715' title='bbox 3000 4058 3310 4113; x_wconf 72' lang='lat' dir='ltr'><strong>ostiariatus</strong></span> <span class='ocrx_word' id='word_1_716' title='bbox 3332 4060 3466 4113; x_wconf 90' lang='lat' dir='ltr'><strong>ordo</strong></span> <span class='ocrx_word' id='word_1_717' title='bbox 3512 4058 3649 4126; x_wconf 76' lang='lat' dir='ltr'><strong>apud</strong></span> <span class='ocrx_word' id='word_1_718' title='bbox 3716 4058 3962 4119; x_wconf 85' lang='lat' dir='ltr'><strong>Latinos,</strong></span> 
     </span>
    </p>
   </div>
   <div class='ocr_carea' id='block_1_103' title="bbox 2416 4144 3963 4217">
    <p class='ocr_par' dir='ltr' id='par_1_103' title="bbox 2416 4144 3963 4217">
     <span class='ocr_line' id='line_1_103' title="bbox 2416 4144 3963 4217; baseline -0.006 -14"><span class='ocrx_word' id='word_1_719' title='bbox 2416 4148 2577 4217; x_wconf 80' lang='lat' dir='ltr'><strong>cuius</strong></span> <span class='ocrx_word' id='word_1_720' title='bbox 2598 4147 2651 4201; x_wconf 89' lang='lat' dir='ltr'><strong>in</strong></span> <span class='ocrx_word' id='word_1_721' title='bbox 2681 4145 2913 4202; x_wconf 86' lang='lat' dir='ltr'><strong>formula</strong></span> <span class='ocrx_word' id='word_1_722' title='bbox 2940 4160 2992 4215; x_wconf 91' lang='lat' dir='ltr'><strong>p.</strong></span> <span class='ocrx_word' id='word_1_723' title='bbox 3032 4145 3095 4200; x_wconf 81' lang='lat' dir='ltr'><strong>l6</strong></span> <span class='ocrx_word' id='word_1_724' title='bbox 3116 4145 3445 4201; x_wconf 79' lang='lat' dir='ltr'><strong>Pontifiralis</strong></span> <span class='ocrx_word' id='word_1_725' title='bbox 3475 4144 3729 4211; x_wconf 77' lang='lat' dir='ltr'><strong>Romani,</strong></span> <span class='ocrx_word' id='word_1_726' title='bbox 3764 4158 3963 4199; x_wconf 83' lang='lat' dir='ltr'><strong>munus</strong></span> 
     </span>
    </p>
   </div>
   <div class='ocr_carea' id='block_1_104' title="bbox 2417 4234 3963 4306">
    <p class='ocr_par' dir='ltr' id='par_1_104' title="bbox 2417 4234 3963 4306">
     <span class='ocr_line' id='line_1_104' title="bbox 2417 4234 3963 4306; baseline -0.003 -15"><span class='ocrx_word' id='word_1_727' title='bbox 2417 4236 2742 4306; x_wconf 84' lang='lat' dir='ltr'><strong>designatur,</strong></span> <span class='ocrx_word' id='word_1_728' title='bbox 2777 4234 3047 4305; x_wconf 82' lang='lat' dir='ltr'><strong>aperiendi</strong></span> <span class='ocrx_word' id='word_1_729' title='bbox 3093 4235 3460 4290; x_wconf 88' lang='lat' dir='ltr'><strong>materialibus</strong></span> <span class='ocrx_word' id='word_1_730' title='bbox 3502 4234 3740 4289; x_wconf 80' lang='lat' dir='ltr'><strong>clavibus</strong></span> <span class='ocrx_word' id='word_1_731' title='bbox 3790 4235 3963 4289; x_wconf 86' lang='lat' dir='ltr'><strong>eccle—</strong></span> 
     </span>
    </p>
   </div>
   <div class='ocr_carea' id='block_1_105' title="bbox 2351 4326 3962 4406">
    <p class='ocr_par' dir='ltr' id='par_1_105' title="bbox 2351 4326 3962 4406">
     <span class='ocr_line' id='line_1_105' title="bbox 2351 4326 3962 4406; baseline -0.004 -25"><span class='ocrx_word' id='word_1_732' title='bbox 2351 4353 2392 4406; x_wconf 79' lang='lat' dir='ltr'><strong>D</strong></span> <span class='ocrx_word' id='word_1_733' title='bbox 2422 4327 2556 4381; x_wconf 74' lang='lat' dir='ltr'><strong>siam</strong></span> <span class='ocrx_word' id='word_1_734' title='bbox 2586 4334 2639 4381; x_wconf 90' lang='lat' dir='ltr'><strong>et</strong></span> <span class='ocrx_word' id='word_1_735' title='bbox 2666 4328 2888 4382; x_wconf 88' lang='lat' dir='ltr'><strong>ostiario</strong></span> <span class='ocrx_word' id='word_1_736' title='bbox 2933 4326 3216 4381; x_wconf 67' lang='lat' dir='ltr'><strong>traduntur</strong></span> <span class='ocrx_word' id='word_1_737' title='bbox 3255 4326 3450 4397; x_wconf 83' lang='lat' dir='ltr'><strong>claves,</strong></span> <span class='ocrx_word' id='word_1_738' title='bbox 3488 4341 3632 4396; x_wconf 86' lang='lat' dir='ltr'><strong>quas</strong></span> <span class='ocrx_word' id='word_1_739' title='bbox 3653 4326 3796 4379; x_wconf 90' lang='lat' dir='ltr'><strong>indit</strong></span> <span class='ocrx_word' id='word_1_740' title='bbox 3830 4326 3962 4379; x_wconf 86' lang='lat' dir='ltr'><strong>seris</strong></span> 
     </span>
    </p>
   </div>
   <div class='ocr_carea' id='block_1_106' title="bbox 2420 4416 3963 4484">
    <p class='ocr_par' dir='ltr' id='par_1_106' title="bbox 2420 4416 3963 4484">
     <span class='ocr_line' id='line_1_106' title="bbox 2420 4416 3963 4484; baseline -0.001 -17"><span class='ocrx_word' id='word_1_741' title='bbox 2420 4423 2718 4483; x_wconf 89' lang='lat' dir='ltr'><strong>portarum,</strong></span> <span class='ocrx_word' id='word_1_742' title='bbox 2747 4431 2947 4484; x_wconf 89' lang='lat' dir='ltr'><strong>easque</strong></span> <span class='ocrx_word' id='word_1_743' title='bbox 2974 4430 3099 4469; x_wconf 86' lang='lat' dir='ltr'><strong>mox</strong></span> <span class='ocrx_word' id='word_1_744' title='bbox 3131 4416 3347 4470; x_wconf 84' lang='lat' dir='ltr'><strong>obserat</strong></span> <span class='ocrx_word' id='word_1_745' title='bbox 3389 4425 3443 4471; x_wconf 91' lang='lat' dir='ltr'><strong>et</strong></span> <span class='ocrx_word' id='word_1_746' title='bbox 3471 4425 3706 4479; x_wconf 75' lang='lat' dir='ltr'><strong>reserat;</strong></span> <span class='ocrx_word' id='word_1_747' title='bbox 3735 4424 3963 4468; x_wconf 85' lang='lat' dir='ltr'><strong>sanctus</strong></span> 
     </span>
    </p>
   </div>
   <div class='ocr_carea' id='block_1_107' title="bbox 2415 4502 3960 4574">
    <p class='ocr_par' dir='ltr' id='par_1_107' title="bbox 2415 4502 3960 4574">
     <span class='ocr_line' id='line_1_107' title="bbox 2415 4502 3960 4574; baseline -0.001 -17"><span class='ocrx_word' id='word_1_748' title='bbox 2415 4502 2737 4560; x_wconf 82' lang='lat' dir='ltr'><strong>Laurentius</strong></span> <span class='ocrx_word' id='word_1_749' title='bbox 2789 4507 2966 4569; x_wconf 81' lang='lat' dir='ltr'><strong>levita,</strong></span> <span class='ocrx_word' id='word_1_750' title='bbox 2991 4520 3085 4560; x_wconf 88' lang='lat' dir='ltr'><strong>seu</strong></span> <span class='ocrx_word' id='word_1_751' title='bbox 3107 4506 3363 4560; x_wconf 82' lang='lat' dir='ltr'><strong>diaconus</strong></span> <span class='ocrx_word' id='word_1_752' title='bbox 3388 4505 3588 4574; x_wconf 86' lang='lat' dir='ltr'><strong>gratias</strong></span> <span class='ocrx_word' id='word_1_753' title='bbox 3611 4505 3811 4573; x_wconf 79' lang='lat' dir='ltr'><strong>agebat</strong></span> <span class='ocrx_word' id='word_1_754' title='bbox 3838 4502 3960 4563; x_wconf 86' lang='lat' dir='ltr'><strong>Deo,</strong></span> 
     </span>
    </p>
   </div>
   <div class='ocr_carea' id='block_1_108' title="bbox 2416 4592 3964 4663">
    <p class='ocr_par' dir='ltr' id='par_1_108' title="bbox 2416 4592 3964 4663">
     <span class='ocr_line' id='line_1_108' title="bbox 2416 4592 3964 4663; baseline -0.003 -16"><span class='ocrx_word' id='word_1_755' title='bbox 2416 4593 2543 4662; x_wconf 89' lang='lat' dir='ltr'><strong>quia</strong></span> <span class='ocrx_word' id='word_1_756' title='bbox 2571 4593 2767 4661; x_wconf 81' lang='lat' dir='ltr'><strong>januas</strong></span> <span class='ocrx_word' id='word_1_757' title='bbox 2798 4595 2916 4662; x_wconf 85' lang='lat' dir='ltr'><strong>ejus</strong></span> <span class='ocrx_word' id='word_1_758' title='bbox 2954 4594 3176 4663; x_wconf 88' lang='lat' dir='ltr'><strong>ingredi-</strong></span> <span class='ocrx_word' id='word_1_759' title='bbox 3202 4603 3502 4659; x_wconf 83' lang='lat' dir='ltr'><strong>meruerat;</strong></span> <span class='ocrx_word' id='word_1_760' title='bbox 3551 4595 3696 4660; x_wconf 87' lang='lat' dir='ltr'><strong>apud</strong></span> <span class='ocrx_word' id='word_1_761' title='bbox 3741 4592 3964 4647; x_wconf 57' lang='grc' dir='ltr'><strong>(ἔπεος</strong></span> 
     </span>
    </p>
   </div>
   <div class='ocr_carea' id='block_1_109' title="bbox 2414 4682 3965 4753">
    <p class='ocr_par' dir='ltr' id='par_1_109' title="bbox 2414 4682 3965 4753">
     <span class='ocr_line' id='line_1_109' title="bbox 2414 4682 3965 4753; baseline -0.002 -16"><span class='ocrx_word' id='word_1_762' title='bbox 2414 4685 2574 4737; x_wconf 87' lang='lat' dir='ltr'><strong>etiam</strong></span> <span class='ocrx_word' id='word_1_763' title='bbox 2604 4684 2866 4737; x_wconf 84' lang='lat' dir='ltr'><strong>exclamat</strong></span> <span class='ocrx_word' id='word_1_764' title='bbox 2883 4683 3141 4738; x_wconf 87' lang='lat' dir='ltr'><strong>diaconus</strong></span> <span class='ocrx_word' id='word_1_765' title='bbox 3162 4682 3548 4753; x_wconf 76' lang='grc' dir='ltr'>θύρας,ούρας,</span> <span class='ocrx_word' id='word_1_766' title='bbox 3566 4683 3618 4737; x_wconf 81' lang='lat' dir='ltr'><strong>id</strong></span> <span class='ocrx_word' id='word_1_767' title='bbox 3639 4689 3746 4748; x_wconf 73' lang='lat' dir='ltr'><strong>est,</strong></span> <span class='ocrx_word' id='word_1_768' title='bbox 3785 4692 3965 4753; x_wconf 73' lang='lat' dir='ltr'><strong>partes</strong></span> 
     </span>
    </p>
   </div>
   <div class='ocr_carea' id='block_1_110' title="bbox 2414 4768 3964 4844">
    <p class='ocr_par' dir='ltr' id='par_1_110' title="bbox 2414 4768 3964 4844">
     <span class='ocr_line' id='line_1_110' title="bbox 2414 4768 3964 4844; baseline 0.002 -24"><span class='ocrx_word' id='word_1_769' title='bbox 2414 4784 2615 4838; x_wconf 79' lang='lat' dir='ltr'><strong>parias,</strong></span> <span class='ocrx_word' id='word_1_770' title='bbox 2644 4770 2903 4826; x_wconf 85' lang='lat' dir='ltr'><strong>obserans</strong></span> <span class='ocrx_word' id='word_1_771' title='bbox 2934 4771 3071 4834; x_wconf 66' lang='lat' dir='ltr'><strong>illas,</strong></span> <span class='ocrx_word' id='word_1_772' title='bbox 3097 4784 3163 4823; x_wconf 89' lang='lat' dir='ltr'><strong>ne</strong></span> <span class='ocrx_word' id='word_1_773' title='bbox 3184 4770 3304 4838; x_wconf 89' lang='lat' dir='ltr'><strong>quis</strong></span> <span class='ocrx_word' id='word_1_774' title='bbox 3336 4770 3562 4844; x_wconf 80' lang='lat' dir='ltr'><strong>inﬁdelis</strong></span> <span class='ocrx_word' id='word_1_775' title='bbox 3585 4773 3872 4838; x_wconf 83' lang='lat' dir='ltr'><strong>introeat;</strong></span> <span class='ocrx_word' id='word_1_776' title='bbox 3904 4768 3964 4823; x_wconf 63' lang='lat' dir='ltr'><strong>li.</strong></span> 
     </span>
    </p>
   </div>
   <div class='ocr_carea' id='block_1_111' title="bbox 2414 4854 3966 4929">
    <p class='ocr_par' dir='ltr' id='par_1_111' title="bbox 2414 4854 3966 4929">
     <span class='ocr_line' id='line_1_111' title="bbox 2414 4854 3966 4929; baseline -0.003 -15"><span class='ocrx_word' id='word_1_777' title='bbox 2414 4860 2474 4914; x_wconf 84' lang='lat' dir='ltr'><strong>P.</strong></span> <span class='ocrx_word' id='word_1_778' title='bbox 2504 4860 2664 4913; x_wconf 80' lang='lat' dir='ltr'><strong>Goar.</strong></span> <span class='ocrx_word' id='word_1_779' title='bbox 2703 4858 2820 4912; x_wconf 90' lang='lat' dir='ltr'><strong>0rd.</strong></span> <span class='ocrx_word' id='word_1_780' title='bbox 2858 4859 3029 4913; x_wconf 88' lang='lat' dir='ltr'><strong>sancti</strong></span> <span class='ocrx_word' id='word_1_781' title='bbox 3062 4857 3319 4912; x_wconf 88' lang='lat' dir='ltr'><strong>Dominiei</strong></span> <span class='ocrx_word' id='word_1_782' title='bbox 3368 4857 3422 4912; x_wconf 86' lang='lat' dir='ltr'><strong>in</strong></span> <span class='ocrx_word' id='word_1_783' title='bbox 3459 4854 3762 4929; x_wconf 86' lang='lat' dir='ltr'><strong>Eucholog.</strong></span> <span class='ocrx_word' id='word_1_784' title='bbox 3804 4860 3966 4915; x_wconf 79' lang='lat' dir='ltr'><strong>variis</strong></span> 
     </span>
    </p>
   </div>
   <div class='ocr_carea' id='block_1_112' title="bbox 2417 4952 3966 5023">
    <p class='ocr_par' dir='ltr' id='par_1_112' title="bbox 2417 4952 3966 5023">
     <span class='ocr_line' id='line_1_112' title="bbox 2417 4952 3966 5023; baseline -0.002 -14"><span class='ocrx_word' id='word_1_785' title='bbox 2417 4955 2732 5009; x_wconf 86' lang='lat' dir='ltr'><strong>lectionibus</strong></span> <span class='ocrx_word' id='word_1_786' title='bbox 2755 4954 2994 5015; x_wconf 85' lang='lat' dir='ltr'><strong>adnotat,</strong></span> <span class='ocrx_word' id='word_1_787' title='bbox 3015 4967 3067 5022; x_wconf 91' lang='lat' dir='ltr'><strong>p.</strong></span> <span class='ocrx_word' id='word_1_788' title='bbox 3092 4952 3218 5011; x_wconf 70' lang='grc'><strong>248.</strong></span> <span class='ocrx_word' id='word_1_789' title='bbox 3265 4954 3665 5023; x_wconf 74' lang='lat' dir='ltr'><strong>arbitratur-que</strong></span> <span class='ocrx_word' id='word_1_790' title='bbox 3712 4954 3966 5009; x_wconf 70' lang='lat' dir='ltr'><strong>Grzccam</strong></span> 
     </span>
    </p>
   </div>
   <div class='ocr_carea' id='block_1_113' title="bbox 2417 5036 4071 5104">
    <p class='ocr_par' dir='ltr' id='par_1_113' title="bbox 2417 5036 4071 5104">
     <span class='ocr_line' id='line_1_113' title="bbox 2417 5036 4071 5104; baseline -0.004 -7"><span class='ocrx_word' id='word_1_791' title='bbox 2417 5036 2709 5097; x_wconf 83' lang='lat' dir='ltr'><strong>Ecclesiam</strong></span> <span class='ocrx_word' id='word_1_792' title='bbox 2746 5040 2995 5095; x_wconf 83' lang='lat' dir='ltr'><strong>habuisse</strong></span> <span class='ocrx_word' id='word_1_793' title='bbox 3022 5039 3296 5104; x_wconf 86' lang='lat' dir='ltr'><strong>utofflcia,</strong></span> <span class='ocrx_word' id='word_1_794' title='bbox 3328 5040 3691 5101; x_wconf 80' lang='lat' dir='ltr'><strong>ostiariatum,</strong></span> <span class='ocrx_word' id='word_1_795' title='bbox 3749 5042 3967 5096; x_wconf 65' lang='grc' dir='ltr'>ωσι-οἱα</span> <span class='ocrx_word' id='word_1_796' title='bbox 4070 5036 4071 5104; x_wconf 50' lang='grc' dir='ltr'>ἦ</span> 
     </span>
    </p>
   </div>
   <div class='ocr_carea' id='block_1_114' title="bbox 2414 5129 4071 5199">
    <p class='ocr_par' dir='ltr' id='par_1_114' title="bbox 2414 5129 4071 5199">
     <span class='ocr_line' id='line_1_114' title="bbox 2414 5129 4071 5199; baseline -0.002 -13"><span class='ocrx_word' id='word_1_797' title='bbox 2414 5142 2637 5195; x_wconf 87' lang='lat' dir='ltr'><strong>statum,</strong></span> <span class='ocrx_word' id='word_1_798' title='bbox 2660 5138 2713 5184; x_wconf 87' lang='lat' dir='ltr'><strong>et</strong></span> <span class='ocrx_word' id='word_1_799' title='bbox 2735 5129 3111 5198; x_wconf 82' lang='lat' dir='ltr'><strong>acolytbatum,</strong></span> <span class='ocrx_word' id='word_1_800' title='bbox 3139 5130 3471 5198; x_wconf 75' lang='lat' dir='ltr'><strong>indicarique</strong></span> <span class='ocrx_word' id='word_1_801' title='bbox 3495 5143 3525 5183; x_wconf 87' lang='lat' dir='ltr'><strong>a</strong></span> <span class='ocrx_word' id='word_1_802' title='bbox 3555 5136 3749 5183; x_wconf 87' lang='lat' dir='ltr'><strong>sancto</strong></span> <span class='ocrx_word' id='word_1_803' title='bbox 3772 5129 3968 5199; x_wconf 77' lang='lat' dir='ltr'><strong>Diony-</strong></span> <span class='ocrx_word' id='word_1_804' title='bbox 4070 5142 4071 5167; x_wconf 45' lang='grc' dir='ltr'><strong>ι</strong></span> 
     </span>
    </p>
   </div>
   <div class='ocr_carea' id='block_1_115' title="bbox 2374 5216 3968 5288">
    <p class='ocr_par' dir='ltr' id='par_1_115' title="bbox 2374 5216 3968 5288">
     <span class='ocr_line' id='line_1_115' title="bbox 2374 5216 3968 5288; baseline -0.003 -13"><span class='ocrx_word' id='word_1_805' title='bbox 2374 5242 2377 5247; x_wconf 94' lang='grc'>·</span> <span class='ocrx_word' id='word_1_806' title='bbox 2416 5222 2498 5275; x_wconf 87' lang='lat' dir='ltr'><strong>sio</strong></span> <span class='ocrx_word' id='word_1_807' title='bbox 2518 5216 2854 5287; x_wconf 80' lang='lat' dir='ltr'><strong>AreOpagita,</strong></span> <span class='ocrx_word' id='word_1_808' title='bbox 2882 5232 2930 5271; x_wconf 88' lang='lat' dir='ltr'><strong>e.</strong></span> <span class='ocrx_word' id='word_1_809' title='bbox 2955 5219 2988 5272; x_wconf 78' lang='lat'><strong>3</strong></span> <span class='ocrx_word' id='word_1_810' title='bbox 3016 5218 3288 5272; x_wconf 83' lang='lat' dir='ltr'><strong>Ilierarch.</strong></span> <span class='ocrx_word' id='word_1_811' title='bbox 3326 5217 3530 5279; x_wconf 54' lang='lat' dir='ltr'><strong>ecetra,</strong></span> <span class='ocrx_word' id='word_1_812' title='bbox 3559 5224 3758 5272; x_wconf 82' lang='lat' dir='ltr'><strong>sancto</strong></span> <span class='ocrx_word' id='word_1_813' title='bbox 3820 5220 3968 5288; x_wconf 74' lang='lat' dir='ltr'><strong>lgna-</strong></span> 
     </span>
    </p>
   </div>
   <div class='ocr_carea' id='block_1_116' title="bbox 2419 5302 4071 5376">
    <p class='ocr_par' dir='ltr' id='par_1_116' title="bbox 2419 5302 4071 5376">
     <span class='ocr_line' id='line_1_116' title="bbox 2419 5302 4071 5376; baseline -0.001 -16"><span class='ocrx_word' id='word_1_814' title='bbox 2419 5310 2491 5363; x_wconf 92' lang='lat' dir='ltr'><strong>tio</strong></span> <span class='ocrx_word' id='word_1_815' title='bbox 2524 5310 2577 5362; x_wconf 83' lang='lat' dir='ltr'><strong>in</strong></span> <span class='ocrx_word' id='word_1_816' title='bbox 2608 5308 2837 5376; x_wconf 83' lang='lat' dir='ltr'><strong>Epistula</strong></span> <span class='ocrx_word' id='word_1_817' title='bbox 2856 5302 2929 5360; x_wconf 82' lang='lat' dir='ltr'><strong>ad</strong></span> <span class='ocrx_word' id='word_1_818' title='bbox 2957 5306 3305 5366; x_wconf 85' lang='lat' dir='ltr'><strong>Antiochen.;</strong></span> <span class='ocrx_word' id='word_1_819' title='bbox 3339 5314 3391 5360; x_wconf 89' lang='lat' dir='ltr'><strong>et</strong></span> <span class='ocrx_word' id='word_1_820' title='bbox 3436 5316 3621 5359; x_wconf 80' lang='lat' dir='ltr'><strong>sancto</strong></span> <span class='ocrx_word' id='word_1_821' title='bbox 3654 5304 3968 5376; x_wconf 73' lang='lat' dir='ltr'><strong>Epiphanio</strong></span> <span class='ocrx_word' id='word_1_822' title='bbox 4070 5360 4071 5375; x_wconf 29' lang='grc' dir='ltr'><strong>η</strong></span> 
     </span>
    </p>
   </div>
   <div class='ocr_carea' id='block_1_117' title="bbox 2417 5382 4071 5480">
    <p class='ocr_par' dir='ltr' id='par_1_117' title="bbox 2417 5382 4071 5480">
     <span class='ocr_line' id='line_1_117' title="bbox 2417 5382 4071 5480; baseline 0.016 -45"><span class='ocrx_word' id='word_1_823' title='bbox 2417 5399 2474 5449; x_wconf 63' lang='grc' dir='ltr'><strong>έν</strong></span> <span class='ocrx_word' id='word_1_824' title='bbox 2498 5399 2740 5467; x_wconf 74' lang='grc' dir='ltr'>συντόμῳ</span> <span class='ocrx_word' id='word_1_825' title='bbox 2764 5396 2949 5463; x_wconf 80' lang='grc' dir='ltr'><strong>ἀληθεῖ</strong></span> <span class='ocrx_word' id='word_1_826' title='bbox 2974 5397 3113 5480; x_wconf 67' lang='grc' dir='ltr'>λιξγῳ</span> <span class='ocrx_word' id='word_1_827' title='bbox 3140 5411 3190 5464; x_wconf 93' lang='lat' dir='ltr'><strong>p.</strong></span> <span class='ocrx_word' id='word_1_828' title='bbox 3219 5395 3341 5459; x_wconf 67' lang='lat'><strong>465,</strong></span> <span class='ocrx_word' id='word_1_829' title='bbox 3373 5396 3459 5449; x_wconf 86' lang='lat' dir='ltr'><strong>ubi</strong></span> <span class='ocrx_word' id='word_1_830' title='bbox 3488 5404 3644 5449; x_wconf 86' lang='lat' dir='ltr'><strong>vocat</strong></span> <span class='ocrx_word' id='word_1_831' title='bbox 3675 5395 3970 5467; x_wconf 62' lang='grc' dir='ltr'>θυρωροὺς</span> 
     </span>
    </p>
   </div>
   <div class='ocr_carea' id='block_1_118' title="bbox 2418 5482 4071 5549">
    <p class='ocr_par' dir='ltr' id='par_1_118' title="bbox 2418 5482 4071 5549">
     <span class='ocr_line' id='line_1_118' title="bbox 2418 5482 4071 5549; baseline -0.001 -10"><span class='ocrx_word' id='word_1_832' title='bbox 2418 5496 2469 5539; x_wconf 84' lang='lat' dir='ltr'><strong>et</strong></span> <span class='ocrx_word' id='word_1_833' title='bbox 2496 5486 2677 5540; x_wconf 79' lang='lat' dir='ltr'><strong>Patres</strong></span> <span class='ocrx_word' id='word_1_834' title='bbox 2693 5485 2902 5540; x_wconf 87' lang='lat' dir='ltr'><strong>concilii</strong></span> <span class='ocrx_word' id='word_1_835' title='bbox 2929 5484 3233 5549; x_wconf 86' lang='lat' dir='ltr'><strong>Laodiceni,</strong></span> <span class='ocrx_word' id='word_1_836' title='bbox 3250 5500 3298 5539; x_wconf 94' lang='lat' dir='ltr'><strong>c.</strong></span> <span class='ocrx_word' id='word_1_837' title='bbox 3323 5482 3407 5549; x_wconf 70' lang='grc'><strong>14,</strong></span> <span class='ocrx_word' id='word_1_838' title='bbox 3421 5494 3556 5540; x_wconf 77' lang='lat' dir='ltr'><strong>sese.</strong></span> <span class='ocrx_word' id='word_1_839' title='bbox 3576 5486 3663 5548; x_wconf 69' lang='lat' dir='ltr'><strong>lii,</strong></span> <span class='ocrx_word' id='word_1_840' title='bbox 3681 5497 3966 5547; x_wconf 80' lang='lat' dir='ltr'><strong>cantores,</strong></span> <span class='ocrx_word' id='word_1_841' title='bbox 4070 5484 4071 5489; x_wconf 65' lang='grc'><em>“</em></span> 
     </span>
    </p>
   </div>
   <div class='ocr_carea' id='block_1_119' title="bbox 2421 5573 3970 5643">
    <p class='ocr_par' dir='ltr' id='par_1_119' title="bbox 2421 5573 3970 5643">
     <span class='ocr_line' id='line_1_119' title="bbox 2421 5573 3970 5643; baseline 0 -14"><span class='ocrx_word' id='word_1_842' title='bbox 2421 5591 2515 5630; x_wconf 87' lang='lat' dir='ltr'><strong>seu</strong></span> <span class='ocrx_word' id='word_1_843' title='bbox 2542 5576 2847 5637; x_wconf 69' lang='grc' dir='ltr'>κανονικοὺς</span> <span class='ocrx_word' id='word_1_844' title='bbox 2877 5573 3099 5643; x_wconf 77' lang='grc' dir='ltr'>ψάλτας,</span> <span class='ocrx_word' id='word_1_845' title='bbox 3132 5590 3193 5629; x_wconf 88' lang='lat' dir='ltr'><strong>ac</strong></span> <span class='ocrx_word' id='word_1_846' title='bbox 3225 5576 3291 5629; x_wconf 87' lang='lat' dir='ltr'><strong>ab</strong></span> <span class='ocrx_word' id='word_1_847' title='bbox 3329 5574 3558 5630; x_wconf 80' lang='lat' dir='ltr'><strong>Eusebio</strong></span> <span class='ocrx_word' id='word_1_848' title='bbox 3584 5577 3754 5629; x_wconf 84' lang='lat' dir='ltr'><strong>etiam</strong></span> <span class='ocrx_word' id='word_1_849' title='bbox 3787 5577 3889 5630; x_wconf 87' lang='lat' dir='ltr'><strong>lib.</strong></span> <span class='ocrx_word' id='word_1_850' title='bbox 3924 5594 3970 5629; x_wconf 75' lang='lat' dir='ltr'><strong>vi</strong></span> 
     </span>
    </p>
   </div>
  </div>
