4122 6338
273 389 406 455 139Ὶ

1564 399 1658 456 DE
1692 398 1861 458 VITA
1894 400 1950 456 S.
2004 401 2167 460 NII.I

3305 391 3434 457 i398

271 503 416 559 Hist.
468 507 646 561 ecrles.
695 523 812 577 cap.
860 512 911 572 5,
960 527 1012 578 p.
1044 510 1168 563 257.
1217 509 1429 563 Sitneon
1463 508 1802 563 Thessaloni-
1831 519 1876 572 Α
1905 513 1992 565 bat
2026 521 2238 566 vertens
2292 512 2611 575 laborantes,
2651 525 2744 566 seu
2775 509 3187 578 sandopilarios.
3230 507 3438 560 Κοττιά-

269 593 450 650 censis
499 595 668 650 oﬂicia
727 607 932 652 tantum
994 611 1262 666 nuncupat
1302 600 1519 668 exigens
1571 599 1806 668 χειροθε-

270 683 416 745 σίαν,
446 693 495 737 et
525 701 630 738 non
671 687 1019 755 χειροτονίαν,
1057 687 1146 740 ubi
1183 688 1312 756 εὐχὴ
1345 687 1608 754 λεγομένη
1650 688 1706 738 ἐν
1740 688 1806 755 τῇ

265 773 461 842 εἰσόδῳ
491 775 594 843 πρὸ
621 777 716 844 τῆς
739 776 992 845 συνήθους
1024 779 1114 829 ἐπὶ
1138 777 1337 842 ἀνοίξει
1359 776 1485 828 ναοῦ
1520 777 1575 828 ἐν
1685 793 1807 827 συν-

268 863 373 930 έϐη
430 880 674 916 manuum
744 867 1084 932 positionem.
1143 875 1194 920 et
1257 882 1363 920 non
1430 867 1799 918 extensionem.

269 950 460 1004 Oratio
513 953 727 1006 dicenda
769 956 821 1006 in
865 957 1095 1022 ingressu
1147 964 1265 1008 ante
1324 964 1641 1018 consuetam,
1685 954 1808 1004 dum

267 1044 508 1108 aperitur
543 1043 712 1111 janua
755 1045 953 1112 templi,
985 1046 1162 1096 statim
1193 1060 1254 1096 ac
1287 1044 1444 1112 fuerit
1486 1058 1807 1110 congressus.

268 1128 586 1184 PutatGoar
607 1134 658 1184 in
678 1134 890 1185 lectoris
932 1135 1119 1187 ordine
1153 1135 1270 1187 illos
1293 1132 1509 1194 includi,
1534 1141 1586 1185 et
1610 1133 1708 1188 hos
1726 1145 1787 1185 or

267 1220 428 1273 diues
464 1221 616 1273 unica
659 1223 1022 1276 benedictione
1050 1222 1310 1285 conferri,
1351 1223 1597 1290 quamvis
1623 1230 1674 1274 et
1707 1221 1798 1272 for:

271 1311 475 1361 mulam
505 1311 738 1378 deputati
805 1321 964 1379 atque
995 1311 1300 1364 ceroferarii
1336 1310 1641 1372 ordinandi,
1667 1310 1813 1363 deiu-

270 1401 344 1449 de
397 1399 595 1452 inserat
635 1402 902 1454 diversam
933 1402 1000 1453 ab
1033 1400 1390 1466 ἀναγνώστου
1432 1401 1546 1452 sive
1598 1397 1814 1451 lectoris

272 1497 372 1538 8υυ
404 1488 633 1539 cantoris
663 1486 920 1552 formula;
951 1503 1176 1556 eamque
1203 1487 1505 1554 opinionem
1527 1486 1811 1546 Arcudius,

274 1574 369 1625 lib.
400 1591 449 1637 ις,
485 1576 653 1629 fusius
678 1578 946 1645 explanat,
975 1580 1316 1633 diaconulum
1349 1579 1596 1632 lectorem
1634 1575 1815 1643 appel-

272 1660 444 1711 latum
489 1661 721 1723 addens;
775 1661 959 1716 Billius
995 1664 1051 1716 in
1095 1665 1336 1717 oratione
1387 1663 1592 1716 decima
1644 1661 1815 1714 sancti

271 1747 515 1815 Gregorii
540 1748 855 1803 Nazianzeni
881 1754 1101 1819 gradum
1126 1754 1340 1806 lectoris
1360 1759 1599 1806 recenset
1615 1766 1665 1818 ιι.
1684 1752 1814 1814 575;

1906 617 2002 662 τας
2051 602 2240 654 scribit
2271 601 2323 653 in
2357 599 2680 668 Compendio
2701 607 2919 654 sanctus
2940 597 3266 667 Epiphanius
3297 596 3346 646 oi
3371 596 3437 646 τὰ

1909 688 2130 758 σώματα
2161 689 2587 756 περιστέλλοντες
2622 689 2726 740 τῶν
2756 689 3122 758 κοιμωμένων,
3148 686 3236 755 qui
3260 699 3439 750 corpo-

1909 797 1967 832 ra
1996 781 2213 847 efferunt
2254 788 2573 831 mortuorum
2620 788 2858 830 curantes
2881 779 3152 838 cadavera,
3181 786 3438 841 terraique

1909 871 2219 923 mandante-3
2272 883 2300 922 e
2354 866 2653 921 Justiniauo
2692 868 2892 921 Novell.
2925 869 2991 920 45
3019 874 3071 918 et
3129 865 3225 928 59;
3254 862 3436 930 Cujac.

1909 961 1993 1010 ad.
2030 973 2077 1010 c.
2113 958 2137 1008 l
2176 968 2227 1008 et
2270 957 2321 1018 ‘2,
2357 956 2427 1008 De
2468 957 2557 1007 vit.
2589 965 2636 1006 et
2670 956 2868 1008 honest.
2912 956 3245 1017 clericorum,
3277 962 3331 1005 et
3373 950 3439 1002 ad

1909 1061 1956 1100 c.
1994 1046 2016 1097 ιι
2059 1045 2160 1108 Qui
2188 1046 2310 1099 cier.
2339 1045 2414 1097 vel
2448 1053 2642 1097 vovent.
2672 1043 2992 1113 Spondanus
3020 1045 3071 1098 in
3101 1043 3342 1111 Epitome
3376 1040 3438 1092 ad

1909 1151 2033 1186 ann.
2077 1133 2270 1186 Christi
2301 1133 2390 1194 44,
2431 1143 2482 1187 et
2512 1132 2586 1185 De
2614 1142 2806 1187 cmmet.
2837 1149 2973 1185 iacr.
3008 1132 3100 1184 lib.
3147 1147 3202 1192 ν,
3234 1145 3347 1197 cap.
3385 1129 3439 1188 9,

1911 1232 2047 1297 yart.
2089 1239 2167 1289 .t;
2200 1232 2416 1277 sanctus
2470 1223 2821 1293 Hieronymus
2877 1226 2941 1273 de
2980 1221 3200 1274 muliere
3252 1218 3442 1287 septies

1913 1315 2016 1367 icta
2062 1314 2280 1379 epistola
2320 1313 2387 1366 49
2415 1311 2481 1364 ad
2508 1312 2784 1366 lunocent.
2815 1313 2867 1364 in
2900 1311 3017 1364 Act.
3053 1320 3230 1378 apost.
3265 1325 3314 1363 c.
3368 1322 3443 1369 ix,

1915 1403 2212 1455 imitatione
2264 1401 2478 1467 Tobiae;
2527 1403 2577 1454 in
2617 1401 2782 1454 Roma
2825 1401 3159 1454 subterranea
3197 1397 3363 1450 Maius
3396 1403 3445 1447 et

1912 1489 2215 1558 Calligonus
2252 1490 2480 1542 fossores
2512 1489 2874 1552 enuntiantur,
2919 1503 2983 1541 ex
3014 1485 3300 1555 epitaphio,
3327 1499 3443 1552 pag.

1915 1580 2016 1630 457
2066 1586 2115 1630 et
2160 1594 2210 1643 p.
2265 1577 2387 1629 59.9.
2439 1575 2704 1630 Trofimus
2736 1575 2910 1629 fossor
2942 1589 3065 1628 cum
3113 1573 3328 1640 bipalio,
3355 1584 3449 1622 seu

1915 1668 2090 1735 ligone
2125 1667 2361 1733 depictus
2390 1676 2489 1724 est,
2525 1672 2576 1717 ct
2604 1664 2892 1718 ascribitur
2930 1662 3106 1717 fossor
3155 1649 3248 1730 per
3284 1660 3450 1728 ὑπερ-

1919 1756 2120 1825 ϐασμδν
2162 1756 2394 1823 trajectis
2447 1754 2656 1819 iitteris,
2685 1753 2774 1806 ubi
2804 1751 3102 1806 Severanus
3131 1743 3275 1802 illum
3328 1762 3450 1800 cum

273 1839 516 1908 θυρωρὸς
543 1840 794 1894 ostiarius
826 1842 1018 1895 dicitur
1042 1842 1093 1894 in
1120 1842 1371 1909 Catalogo
1401 1841 1651 1895 Ecclesiae
1693 1840 1818 1895 OiIi-
1849 1819 1888 1871 Β
1918 1819 2208 1912 Trophimo
2242 1819 2449 1897 'Christi
2499 1842 2758 1909 discipulo
2792 1856 2853 1894 ex
2893 1839 3039 1904 Actis
3090 1836 3450 1905 apostolorum

273 1930 401 1992 cial,
447 1939 495 1982 et
522 1929 780 1999 διασάρης
810 1946 903 1985 seu
931 1931 1186 2000 διασάτης
1219 1933 1269 1984 id
1301 1941 1384 1984 est
1414 1932 1689 1994 transiens,
1722 1945 1815 1981 seu

272 2019 540 2082 circuitor,
565 2020 835 2087 lectorque
860 2021 1052 2073 minor.
1081 2021 1402 2089 Adiungitur
1430 2034 1458 2072 a
1480 2018 1671 2081 Goare,
1695 2034 1812 2086 pag.

277 2107 399 2173 “0,
416 2110 641 2162 Formula
666 2109 1008 2163 benedicendi
1028 2125 1388 2175 mconomum,
1409 2109 1460 2162 id
1474 2119 1554 2162 est
1578 2109 1819 2161 ecclesia:

272 2200 571 2264 custodem,
616 2214 706 2252 seu
751 2201 1040 2253 secundum
1068 2200 1372 2260 diaconum,
1403 2198 1602 2266 p.140.
1650 2198 1818 2251 Exor-

273 2292 501 2344 cistatus
551 2289 681 2342 ordo
707 2305 798 2343 seu
821 2289 1056 2343 officium
1101 2290 1240 2356 apud
1287 2288 1501 2341 Graecos
1538 2291 1817 2356 episcopos

273 2378 629 2432 committitur
651 2380 1006 2449 presbyteris;
1062 2379 1329 2433 wconomi
1371 2378 1546 2431 officia
1572 2417 1585 2440 ,
1633 2392 1817 2430 sacro-

260 2474 504 2534 rumque
532 2482 783 2521 vasorum
835 2483 898 2521 ac
940 2468 1181 2522 ecclesia:
1215 2467 1477 2530 custodis,
1522 2466 1816 2530 diaconuli,

275 2569 374 2606 seu
421 2555 631 2608 diaconi
671 2556 910 2618 secundi,
940 2570 1023 2630 ag
1031 2556 1275 2618 minoris,
1301 2565 1354 2609 et
1383 2557 1700 2609 ostiariatus
1729 2557 1815 2624 (ad

274 2657 434 2710 quem
460 2643 686 2711 pertinet
709 2643 796 2696 illa
818 2631 1098 2711 inscriptio
1121 2643 1335 2697 Gruteri
1359 2659 1412 2712 ε).
1442 2643 1562 2707 106,
1592 2658 1737 2696 num.
1762 2643 1815 2697 6;

281 2730 381 2784 llic
431 2731 645 2798 quiescit
700 2729 944 2784 Ursatius
991 2731 1259 2783 ustuarius
1303 2745 1398 2798 pro
1449 2731 1684 2794 ostiario,
1716 2730 1819 2783 nisi

275 2817 558 2886 legendum
589 2819 657 2874 sit
686 2820 1005 2872 bustuarias.
1038 2819 1265 2890 Cyrillus
1295 2821 1348 2894 in
1369 2817 1586 2873 Lexico.
1616 2817 1819 2874 Visitur

274 2921 335 2960 ea
365 2909 638 2977 inscriptio
667 2909 900 2963 Treviris
931 2911 994 2962 ad
1036 2918 1281 2962 sanctum
1324 2909 1605 2977 Paulum);
1643 2911 1816 2963 conti-

276 3006 472 3051 nentur
506 2999 830 3062 emiucnter,
875 3012 938 3050 ac
976 2997 1230 3064 implicito
1258 2998 1311 3049 in
1359 2998 1545 3052 ordine
1581 2998 1814 3062 lectoris,

275 3087 388 3142 sive
431 3086 788 3156 ἀναγνώστου.
841 3085 982 3141 Guar
1047 3086 1102 3139 in
1153 3085 1444 3157 Eucholog.
1498 3087 1606 3157 agit
1647 3096 1700 3141 et
1750 3087 1817 3140 de

275 3177 638 3247 κανδηλάπτῃ,
670 3193 761 3241 seu
789 3176 950 3246 67o
969 3190 1254 3232 accensore
1281 3192 1580 3243 cereorum,
1607 3188 1659 3232 et
1699 3177 1818 3231 Ἐκ-

272 3261 605 3334 κλησιάρχῃ,
640 3264 732 3331 qui
767 3265 1133 3335 σημαντηρίῳ,
1165 3264 1216 3317 id
1259 3273 1341 3319 est
1371 3265 1526 3334 signo
1556 3276 1819 3320 convocat

275 3351 530 3417 populum
571 3353 645 3423 ad.
685 3353 964 3407 ecclesiam
1008 3369 1038 3408 e
1089 3353 1302 3408 Justiuo
1345 3354 1397 3407 in
1447 3353 1670 3422 Dialogo
1699 3371 1816 3407 cum

278 3437 570 3506 Trypltone,
617 3439 944 3495 Tertulliano
976 3441 1049 3494 De
1075 3457 1264 3493 corona
1291 3442 1493 3506 militis,
1521 3451 1572 3494 et
1596 3442 1663 3494 ad
1687 3441 1816 3496 Sca-

270 3531 472 3600 pulum.

346 3697 535 3752 Lector
592 3701 645 3752 in
691 3699 896 3770 pulpito
950 3702 1077 3771 legit
1119 3719 1199 3768 ea,
1254 3719 1373 3770 qua:
1418 3705 1687 3776 praedicat,
1722 3721 1816 3759 seu

273 3790 526 3844 lectiones
554 3805 758 3855 sacras,
791 3792 1122 3859 verbumque
1151 3793 1265 3852 Dei,
1297 3800 1350 3844 et
1409 3793 1664 3846 lectiones
1694 3809 1815 3848 eas-

271 3881 393 3931 dem
425 3887 622 3939 cantat,
650 3888 702 3929 et
735 3876 998 3929 henedicit
1038 3892 1250 3944 panem,
1301 3887 1354 3931 et
1379 3894 1567 3933 omnes
1609 3881 1816 3936 fructus

272 3980 445 4018 novos
506 3979 536 4016 e
603 3963 898 4017 Pontificali
954 3965 1232 4032 Romano;
1293 3969 1561 4036 quondam
1612 3971 1819 4038 legebat

272 4051 619 4121 Evangelium
655 4051 707 4104 in
738 4051 920 4107 Africa
954 4068 1018 4107 ex
1052 4055 1208 4122 epist.
1233 4056 1300 4109 35
1329 4066 1382 4110 et
1417 4057 1484 4110 5-4
1513 4061 1682 4112 sancti
1714 4061 1813 4129 Cy-

269 4143 466 4213 priani,
500 4149 557 4195 ut
589 4150 737 4195 notat
756 4142 946 4212 ﬂagri,
988 4144 1078 4211 qui
1107 4143 1303 4198 Notitia
1331 4160 1426 4199 sua
1452 4148 1815 4202 ecclesiastica

270 4233 411 4288 falso
463 4233 592 4286 citat
637 4233 920 4286 concilium
976 4231 1291 4286 Toletanum
1344 4227 1609 4300 primum;
1643 4235 1696 4286 in
1753 4251 1816 4289 eo

271 4337 506 4391 namque
526 4322 853 4375 contrarium
880 4336 1000 4374 can.
1032 4322 1049 4372 Ι
1081 4329 1132 4373 et
1160 4321 1193 4373 εὶ
1217 4322 1473 4387 comperi,
1501 4321 1642 4373 λιτὸν
1668 4340 1815 4374 παπ-

1917 1951 2191 2003 perperam
2243 1935 2431 1986 miscet
2477 1934 2526 1983 in
2578 1930 2730 1984 Notis
2777 1928 3115 1997 l’urgationis
3164 1925 3451 1981 Caeciliani.

1915 2024 2071 2077 Gesta
2105 2032 2222 2091 post
2255 2021 2502 2089 Optatum
2527 2037 2575 2088 p.
2609 2020 2734 2081 266,
2759 2018 2992 2072 fossores
3040 2023 3372 2078 memorant;
3401 2022 3455 2067 et

1915 2129 1964 2182 p.
2019 2113 2115 2166 ‘27!
2172 2111 2519 2165 Saturninum
2584 2108 2862 2162 fossorem.
2925 2104 2984 2158 In
3027 2104 3192 2157 Roma
3242 2117 3456 2172 quoque

1915 2204 2267 2262 subterranea,
2298 2215 2347 2266 p.
2387 2198 2519 2259 408,
2551 2196 2830 2251 Celerinus
2859 2193 2989 2248 foss.
3009 2201 3074 2246 'et
3101 2190 3202 2246 409
3233 2193 3458 2245 Anasta-

1915 2290 2037 2343 sius”
2079 2297 2130 2341 ct
2177 2287 2471 2339 Antiochus
2516 2283 2667 2346 foss.,
2726 2291 2854 2349 etp.
2887 2280 2992 2335 495
3027 2287 3079 2333 et
3121 2278 3224 2332 459
3252 2278 3453 2345 psalttc,

1916 2373 2518 2446 psalmicines,Sidoaio,
2535 2372 2676 2425 unde
2692 2365 3318 2441 psalmistatusoﬂicium;
3333 2380 3453 2416 nam

1915 2467 2007 2534 qui
2042 2463 2380 2518 Christianos
2411 2460 2783 2521 inhutnabant,
2814 2457 2880 2512 de
2923 2455 3202 2510 traditione
3224 2453 3455 2523 psalmos

1917 2553 2309 2614 concinebant;
2369 2561 2587 2603 sanctus
2634 2546 2992 2615 liicronymus
3043 2544 3098 2597 in
3122 2541 3242 2596 Vita
3284 2541 3453 2596 sancti

1914 2639 2130 2692 Antonii
2161 2637 2488 2702 κοπιῶντας,
2517 2644 2735 2690 sanctus
2759 2631 3454 2702 Epiphanius,Bcllarmin.,

1919 2738 2046 2782 tom.
2081 2726 2143 2791 V,
2174 2727 2268 2780 lib.
2301 2742 2340 2790 ι,
2371 2741 2420 2780 c.
2446 2727 2496 2790 I,
2527 2731 2861 2779 controvers.
2891 2722 2996 2775 85.

1983 2818 2061 2870 Ad
2092 2815 2341 2869 ostiarios
2362 2813 2716 2875 redeundum,
2735 2811 2932 2880 quibus
2955 2808 3131 2864 claves
3160 2809 3454 2869 traduntur,

1917 2908 2006 2975 qui
2053 2907 2270 2974 pulsant
2300 2903 2599 2973 cymbalum
2646 2911 2700 2955 et
2740 2916 3074 2969 campanam,
3116 2909 3165 2974 et
3200 2897 3459 2967 aperiunt

1914 2995 2112 3047 librum
2146 2992 2192 3044 ei
2220 2993 2310 3060 qui
2343 2990 2616 3060 praedicat.
2650 2987 2692 3040 E
2733 2987 3051 3052 Pontificali,
3086 2981 3342 3041 moserat
3366 3000 3456 3040 ec-

1917 3079 2250 3136 clesiasticus
2276 3077 2478 3133 circulo
2509 3076 2685 3130 claves
2714 3075 2940 3145 appendi
2968 3081 3154 3129 sancto
3182 3071 3361 3140 Petro,
3392 3087 3457 3125 ex

1919 3172 2036 3240 ejus
2063 3167 2405 3238 imaginibus,
2439 3180 2573 3235 quas
2606 3161 2820 3219 exhibet
2864 3163 3212 3227 Alemannus,
3246 3161 3299 3214 in
3336 3160 3458 3212 Dis-

1917 3261 2195 3316 sertatione
2221 3258 2284 3318 de
2312 3256 2498 3324 pariet.
2525 3253 2852 3316 Lateranen.,
2869 3261 2964 3307 aut
2981 3269 3010 3306 e
3030 3251 3240 3306 baltheo
3262 3249 3455 3305 summi

1914 3349 2258 3418 poutificis,ut
2272 3347 2323 3399 in
2341 3345 2454 3398 Vita
2470 3343 2739 3398 Paschalis
2752 3340 2814 3408 ll,
2829 3342 3013 3395 codice
3030 3339 3284 3395 Vaticano
3297 3339 3452 3399 3622,

1912 3440 2068 3510 671
2109 3437 2288 3491 Roma:
2319 3435 2543 3489 celebris
2568 3434 2795 3503 scriptor
2821 3432 2955 3486 Viue
2993 3431 3195 3500 aliquot
3244 3429 3456 3499 pontifi-

1918 3547 2036 3585 cum
2065 3527 2414 3596 Paudulphus
2441 3524 2696 3579 ostiarius
2723 3524 2814 3592 qui
2838 3535 2951 3578 erat
2982 3521 3176 3577 saeculo
3203 3536 3296 3573 xit.
3329 3518 3456 3572 Fue-

1916 3629 2041 3674 runt
2090 3621 2215 3673 olim
2281 3620 2484 3672 circum
2561 3630 2741 3668 arcam
2797 3622 2850 3668 et
2907 3613 3159 3681 templum
3210 3612 3456 3672 ostiarii,

1915 3712 1932 3762 Ι
1971 3710 2143 3761 Paral.
2179 3722 2283 3767 xvi,
2311 3707 2438 3758 dicti
2471 3704 2728 3772 janitores
2756 3717 2784 3754 a
2808 3703 3009 3769 januis,
3044 3687 3303 3766 portariia
3328 3714 3456 3768 por-

1916 3798 2001 3860 tis,
2035 3796 2237 3848 cstiarii
2269 3795 2336 3846 ab
2368 3790 2747 3847 ostiislParal.
2776 3805 2846 3854 ix,
2877 3789 2978 3855 2%;
3015 3786 3212 3842 lEsdr.
3245 3803 3327 3846 tu.
3355 3789 3452 3848 24,

1917 3888 1993 3939 Ad
2037 3886 2222 3938 limina
2267 3885 2360 3951 [ῖάὶ
2391 3882 2642 3936 Custodes
2682 3880 2863 3948 Virgil.
2905 3880 2940 3931 l.
2971 3894 3092 3932 uvr
3132 3876 3161 3948 §
3209 3879 3257 3933 ί.
3296 3877 3362 3929 ι).
3393 3881 3457 3930 de

1915 3993 2038 4029 αηιι.
2068 3975 2248 4043 legatis
2293 3982 2339 4025 et
2373 3971 2399 4040 ὅ
2428 3971 2520 4023 Est
2546 3979 2716 4023 autem
2747 3969 2971 4021 institui.
3023 3966 3086 4021 de
3122 3967 3361 4019 actionib.
3403 3983 3452 4020 c.

1917 4066 2163 4127 Clericos,
2193 4065 2253 4117 :21
2292 4064 2445 4127 dist.;
2473 4077 2536 4115 ex
2577 4059 2777 4115 Isidoro
2805 4057 3076 4125 llispalcn.
3107 4072 3154 4109 c.
3193 4056 3453 4109 Ostiarius

1916 4155 1983 4207 25
2010 4156 2132 4206 dist.
2153 4168 2198 4206 c.
2235 4151 2495 4211 l’erlectis,
2528 4151 2592 4201 25
2622 4149 2748 4202 dist.
2783 4148 2869 4199 ubi
2899 4148 2962 4200 dc
2991 4145 3329 4206 basilicariis,
3358 4146 3453 4196 ba-

1915 4242 2188 4294 silicarum
2230 4222 2490 4294 ostiariis,
2525 4245 2576 4286 ct
2603 4234 2666 4285 de
2692 4230 3090 4292 tnutt'iculat'iis,
3121 4230 3280 4297 vulgo
3316 4249 3453 4282 mur-

1915 4327 2149 4399 guittiers
2181 4341 2208 4377 a
2239 4324 2518 4376 matricula
2550 4322 2661 4376 sive
2691 4318 2915 4386 albo,'in
2950 4334 3056 4389 quo
3076 4319 3452 4399 describi-ban—

270 4413 381 4465 πᾶν
420 4389 465 4465 _e
518 4411 832 4464 Balsamone
886 4410 1203 4477 appellatum
1263 4411 1524 4476 atlirmat;
1598 4411 1804 4484 ostiarii
1841 4439 1880 4492 ο
1911 4389 2015 4484 ίαν,
2074 4419 2197 4493 licet
2237 4415 2326 4467 alii
2357 4415 2621 4468 deducant
2661 4429 2691 4464 τι
2719 4413 2974 4472 marculo,
3005 4407 3146 4479 quod
3189 4389 3302 4472 eos,
3358 4411 3450 4477 qui

273 4518 474 4556 munus
517 4501 677 4561 tradit
736 4500 970 4554 Isidorus
1016 4497 1359 4568 llispalensis_
1388 4499 1441 4552 in
1474 4501 1694 4568 epistola
1741 4502 1807 4554 ad

269 4593 618 4647 Lanfredum.
654 4591 954 4646 Cardinalis
1002 4591 1261 4646 Duronius
1292 4590 1407 4647 fuse
1442 4594 1505 4646 de
1552 4593 1806 4658 ostiariis,

269 4689 327 4735 et
355 4678 650 4738 lectoribus
677 4684 740 4736 ad
770 4699 970 4736 annum
1003 4682 1202 4737 Christi
1235 4684 1322 4748 44,
1359 4701 1410 4753 p.
1448 4687 1533 4748 77,
1565 4703 1616 4737 ιι.
1665 4687 1728 4738 15
1759 4695 1810 4738 et

271 4772 362 4834 5i,
423 4773 511 4825 ubi
566 4775 632 4826 de
676 4772 868 4827 officiis
895 4784 1197 4834 cantorum
1242 4784 1295 4825 et
1340 4775 1692 4826 laborantium
1745 4790 1809 4826 ex

269 4861 498 4927 cpistola
555 4863 725 4914 sancti
781 4862 969 4930 lgnatii
1017 4863 1080 4916 ad
1109 4860 1489 4932 Polycarpum,‘
1531 4872 1582 4917 et
1626 4870 1809 4918 sancto

273 4947 596 5016 Epiphanio,
657 4950 749 5015 qui
786 4946 1007 5018 copiates
1039 4962 1091 5005 ct
1120 4951 1352 5015 fossarii,
1384 4951 1554 5018 deque
1589 4952 1808 5004 notariis

269 5043 328 5088 et
356 5035 746 5102 defensoribus,
785 5052 847 5090 ac
884 5042 1195 5106 psalmistis,
1236 5042 1308 5094 uti
1355 5039 1568 5102 Hallier,
1620 5056 1670 5106 p.
1709 5037 1808 5091 569

271 5134 331 5180 et
364 5126 488 5179 571.
520 5126 748 5180 Sanctus
778 5127 1152 5196 Hieronymus,
1205 5131 1318 5184 sive
1345 5131 1468 5198 quis
1502 5130 1637 5181 alius
1668 5127 1805 5180 inter

270 5217 392 5287 ejus
447 5233 607 5286 opera
654 5217 898 5286 Epistulae
973 5219 1037 5271 ad
1089 5219 1368 5275 Rusticum
1415 5220 1809 5274 Narbonensem

273 5302 484 5371 auctOr,
504 5308 568 5360 de
590 5318 790 5376 septem
809 5308 1080 5375 gradibus,
1099 5310 1327 5376 primum
1345 5311 1576 5365 ecclesiae
1595 5308 1811 5364 clerico-

277 5413 394 5452 rum
418 5397 657 5451 ordinent
691 5399 876 5451 statuit
909 5397 1280 5463 fossariorum,
1313 5399 1602 5453 secundum
1647 5402 1810 5453 ostia-

275 5485 642 5550 riorum;non
674 5496 990 5541 sunttamcn
1026 5489 1131 5540 ullo
1160 5489 1390 5556 insignes
1425 5488 1607 5540 ordine
1641 5488 1809 5542 fosso-

277 5593 367 5631 res
413 5579 660 5629 κοπιάται
709 5586 894 5632 sancto
935 5576 1135 5645 lgnatio
1177 5578 1226 5630 in
1280 5577 1499 5642 epistola
1527 5577 1588 5630 ad
1621 5577 1808 5630 Antio-

275 5670 505 5732 chcnos,
542 5682 697 5736 quam
729 5667 898 5736 rejicit
942 5665 1186 5730 Vossius,
1221 5676 1270 5720 at
1302 5665 1568 5721 McStrzcus
1617 5682 1804 5733 appro-

1909 4509 2146 4564 marculu
2197 4505 2337 4558 fores
2390 4504 2690 4571 pulsabant,
2735 4502 3102 4555 observarent.
3148 4498 3364 4563 Lucius,
3397 4502 3448 4550 in

1908 4599 2096 4654 Ptacit.
2133 4596 2327 4658 Curia’,
2380 4595 2470 4646 lib.
2508 4608 2548 4656 ι,
2577 4595 2660 4645 tit.
2697 4592 2730 4645 5
2757 4591 2902 4657 etii;
2952 4591 3167 4645 Colvius
3190 4591 3242 4642 in
3293 4587 3447 4641 Notis

1911 4687 1976 4739 ad
2008 4684 2192 4738 Sidon.
2476 4710 2479 4714 ι
3316 4737 3328 4750 ,

1979 4775 2143 4827 Erant
2173 4772 2381 4827 ostiarii
2419 4769 2648 4841 profani,
2693 4779 2746 4822 et
2772 4767 3002 4823 ostiaria:
3021 4762 3064 4817 ll
3093 4762 3308 4831 Βιιμν,
3323 4763 3449 4816 etin

1910 4864 2082 4919 sancti
2109 4862 2331 4916 Joannis
2368 4862 2650 4927 Evangelia
2683 4873 2732 4910 ο.
2767 4873 2801 4910 ι
2828 4863 2879 4907 et
2906 4868 3062 4915 ινιιι,
3095 4853 3232 4920 apud
3262 4851 3446 4906 Gallos

1911 4954 2175 5008 Uuissiers
2198 4967 2217 5014 ;
2248 4952 2314 5004 de
2340 4951 2447 5002 illis
2498 4947 2875 5014 Rocbeﬂavyn.
2908 4945 2941 4996 l.
2971 4959 3010 4997 ιι
3039 4941 3275 4996 Iustitia.
3310 4941 3444 4994 Par-

1912 5044 2122 5095 lament.
2163 5056 2280 5107 cap.
2316 5039 2402 5101 16,
2435 5053 2576 5089 num.
2610 5038 2696 5089 2‘2.
2729 5034 3041 5115 Deaedituis
3067 5042 3242 5087 autem
3275 5031 3442 5084 Varro

1911 5133 2002 5184 tib.
2045 5145 2095 5182 vt
2129 5127 2346 5196 Deling.
2389 5127 2506 5179 Lat.
2543 5136 2595 5180 et
2637 5127 2728 5180 lib.
2771 5140 2864 5189 ιλιι,
2901 5139 3022 5178 cum
3069 5121 3280 5189 Iosephi
3311 5120 3441 5174 Sca-

1909 5220 2059 5289 ligeri
2097 5217 2490 5288 Conjectaneis,
2531 5215 2673 5269 Fest.
2703 5215 2756 5269 iu
2785 5215 2850 5269 V.
2882 5214 3131 5268 diditus
3164 5218 3212 5262 et
3241 5207 3439 5261 Edui-

1911 5326 2044 5362 inus.
2099 5309 2441 5375 Anaguostaa,
2488 5291 2582 5360 sou
2615 5306 2838 5360 lectores
2881 5300 3226 5355 continebant
3268 5297 3438 5351 ofﬁcia

1908 5415 2078 5468 penes
2103 5398 2337 5464 Grmcos,
2388 5397 2578 5450 horum
2610 5395 2962 5457 omnium,ut
2996 5389 3190 5457 sacpius
3231 5389 3436 5455 repetii,

1907 5489 2219 5551 ciliciorum,
2255 5503 2346 5541 seu
2393 5489 2569 5557 potius
2606 5483 2853 5538 ordinum
2890 5481 3157 5534 minorum
3191 5477 3438 5530 ostiaria-

1909 5588 2015 5634 tus,
2048 5587 2099 5629 ct
2139 5579 2514 5637 exoreistatus,
2551 5589 2658 5643 quo
2688 5573 2982 5641 cxpellendi
3012 5571 3302 5630 daemonas,
3336 5568 3432 5621 im—

1911 5667 2243 5734 muutlusquc
2286 5669 2502 5735 spiritus
2545 5682 2573 5718 ει
2612 5663 2926 5731 corporibus
2955 5659 3433 5730 obsessis‘dabatur
