4122 6338
722 354 851 419 1399

1394 353 1539 414 JOS.
1578 352 1837 413 ΜᾹΒΙᾸΕ
1876 351 2223 441 SBARESII
2266 354 2491 414 LIBER
2534 351 3154 413 CIIRONOLOGICUS

3747 342 3874 405 1400

718 477 949 539 potestas
995 468 1077 521 his
1128 467 1217 536 qui
1264 479 1327 519 eo
1379 465 1749 520 initiabantur.
1792 466 2081 519 Esorcistre
2130 465 2250 532 qui-
2281 475 2320 526 Α

2390 468 2602 536 pistotas
2634 480 2760 519 suas
2784 464 2847 516 ad
2877 463 3243 519 Colossenses,
3273 465 3324 510 et
3353 454 3417 507 ad
3444 452 3877 507 Thessalonicen-

720 558 837 610 dem
871 569 901 608 a
931 553 1132 607 Latinis
1172 553 1474 620 adjurantes
1512 553 1684 605 vocali
1737 560 1882 615 sunt,
1918 554 2045 620 quia
2091 568 2251 621 super

719 645 1152 708 catechumenos,
1179 643 1270 711 qui
1299 642 1558 710 baptizati
1588 650 1760 704 erant,
1794 642 1874 694 vel
1905 657 2068 711 super
2090 656 2251 696 ener-

720 749 995 804 gumenos,
1025 735 1114 801 qui
1141 733 1473 785 vexabantur
1502 746 1530 783 a
1553 731 1902 793 daemonibus,
1933 731 2253 783 invocabant

723 839 912 879 nomen
942 823 1151 877 Domini
1181 821 1331 885 Jesu,
1365 830 1423 874 ut
1451 821 1518 873 ab
1547 821 1630 875 his
1658 822 2058 889 egrederentur.
2096 821 2254 874 Isido-

722 927 835 975 rus,
866 927 913 965 e.
946 910 1029 973 12,
1059 909 1155 963 lib.
1191 923 1264 962 νη
1311 907 1605 978 Etymolog.
1644 924 1692 961 c.
1744 907 1994 971 Clericos,
2027 909 2086 961 2i
2124 908 2249 962 dist.

725 998 970 1053 Formula
1032 997 1288 1051 solemnis
1366 1010 1469 1064 qua
1530 996 1811 1049 exorcistm
1870 995 2257 1048 ordinabantur

721 1094 893 1140 exstat
920 1086 973 1138 in
1012 1100 1061 1139 c.
1088 1084 1383 1147 Exoreista,
1416 1085 1609 1138 ibidem
1637 1102 1652 1150 ;
1685 1083 1938 1139 Salomon
1968 1085 2253 1152 quemdam

723 1174 939 1227 modum
990 1166 1325 1227 exorcizandi
1359 1171 1652 1235 adinvenit,
1683 1172 2108 1240 conjurahatqne
2144 1172 2254 1226 da?—

724 1277 912 1316 monas
944 1263 1031 1316 illo
1066 1272 1258 1325 utens;
1295 1260 1486 1313 Zonar.
1526 1268 1653 1312 tom.
1687 1258 1728 1323 l,
1768 1258 1862 1313 fol.
1891 1260 1981 1323 2t,
2011 1261 2254 1327 Χρονικ.,

727 1351 817 1403 uhi
865 1350 930 1404 de
958 1352 1155 1404 annulo
1188 1348 1424 1403 Eleazari
1462 1362 1493 1401 e
1538 1347 1790 1415 Josepho,
1822 1350 1998 1417 Antiq.
2033 1347 2254 1401 Judaie.

728 1440 820 1490 lib.
881 1451 993 1501 vui,
1046 1452 1163 1505 cap.
1196 1438 1250 1499 2,
1300 1437 1391 1503 qui
1432 1437 1498 1489 de
1542 1436 1654 1501 ipso
1704 1437 2044 1489 exorcizante
2077 1451 2257 1490 coram

728 1524 1097 1593 Vespasiano,
1155 1524 1379 1593 ejusque
1427 1524 1569 1578 ﬁliis.
1630 1523 1699 1577 At
1759 1538 1878 1592 cap.
1939 1539 2029 1577 χιι
2075 1525 2256 1578 Actor.

730 1614 934 1667 mentio
963 1615 1021 1666 tit
1044 1613 1487 1666 circumeuntium
1517 1610 1820 1665 Jndzeorum
1844 1613 2255 1673 exorcistarum,

732 1703 823 1771 qui
861 1711 1011 1756 erant
1045 1710 1246 1769 septem
1300 1702 1391 1754 lilii
1424 1700 1603 1753 Scevae
1629 1701 1882 1769 principis
1902 1700 2262 1763 sacerdotum,

2350 575 2438 614 ses
2468 561 2621 620 duas,
2650 554 2933 609 nominans
2963 567 3083 604 cum
3115 551 3167 602 in
3221 546 3457 615 Epistola
3498 545 3562 597 ad
3616 544 3877 597 Philemo-

2351 662 2471 702 nem
2505 665 2517 712 ;
2555 645 2657 698 fuit
2706 643 2792 697 hic
2844 640 3130 695 Onesimus
3175 636 3460 704 episcopus
3487 632 3698 701 Ephesi,
3738 630 3875 682 mar-

2351 746 2539 805 tyrque
2574 733 2774 795 Romte,
2820 745 2850 784 e
2881 725 3254 793 Martyrologio
3289 724 3533 776 Romano
3564 722 3629 774 l5
3656 720 3881 773 Februa-

2352 825 2417 877 rii
2440 840 2455 893 ;
2496 838 2587 892 per
2615 818 2968 890 Epiphanium
3003 818 3252 870 lectorem
3280 813 3347 866 ad
3375 810 3760 893 Philippenscs,
3790 822 3881 859 eo-

2353 924 2578 979 rumque
2628 911 2687 962 ﬁt
2743 906 2942 961 mentio
2982 905 3034 957 in
3069 900 3415 970 argumentis.
3453 882 3593 950 Erat'
3609 897 3659 950 id
3692 910 3881 948 munus

2352 1002 2556 1054 litteras
2587 993 2885 1064 perferendi
2918 992 3290 1059 episcoporum
3325 986 3390 1040 ad
3418 985 3682 1039 Ecclesias
3707 984 3882 1052 injun-

2353 1098 2499 1143 ctum
2570 1084 2879 1145 lectoribus,
2942 1079 3225 1148 acolythis,
3283 1091 3346 1130 ac
3405 1074 3767 1145 subdiaconis,
3828 1082 3884 1122 ut

2354 1178 2585 1231 ostendit
2636 1185 2850 1229 sanctus
2901 1170 3200 1241 Cyprianus
3260 1165 3418 1234 epist.
3470 1162 3557 1227 ιϐ,
3594 1163 3649 1215 in
3685 1176 3788 1230 qua
3823 1160 3883 1212 de

2355 1266 2601 1320 Celerino
2632 1262 2882 1331 acolytho
2918 1258 2983 1312 ad
3016 1258 3350 1311 diacmiatum
3381 1263 3562 1321 postea
3604 1249 3883 1318 proiecto:

2357 1356 2423 1409 de
2448 1369 2555 1423 quo
2603 1351 2798 1405 Euseb.
2847 1361 2898 1402 et
2947 1346 3285 1415 Martyrolog.
3342 1342 3496 1395 Rom.
3537 1339 3570 1392 5
3598 1337 3887 1396 Februarii,

2360 1445 2449 1497 tibi
2493 1440 2781 1495 cardinalis
2833 1436 3112 1498 Baronius,
3160 1434 3250 1500 qui
3284 1441 3339 1485 et
3370 1430 3433 1483 ad
3486 1442 3683 1481 annum
3731 1426 3798 1479 49
3838 1425 3886 1477 in

2361 1535 2553 1589 Annal.
2610 1531 2697 1600 (an
2740 1530 2826 1581 ille
2858 1527 2947 1595 qui
2987 1523 3239 1600 superius
3278 1520 3383 1574 los.
3415 1516 3714 1583 Celerinus)
3746 1514 3816 1567 24
3842 1528 3892 1566 et

2359 1626 2469 1679 25:
2529 1620 2773 1690 quamvis
2834 1618 2902 1671 de
2932 1628 3152 1670 cursore
3181 1598 3464 1666 Villamad
3509 1624 3620 1662 rem
3654 1605 3893 1675 eligendo

2364 1712 2637 1783 scripserit
2668 1717 2889 1764 sanctus
2928 1706 3177 1775 lgnatius‘
3212 1698 3525 1770 epistola'ad
3548 1696 3889 1765 Polycarpnm

733 1803 786 1845 ot
809 1793 1302 1857 invocaruntsuper
1318 1802 1412 1842 eos
1437 1789 1529 1857 qui
1547 1788 1809 1840 habebant
1835 1788 2055 1856 spiritus
2076 1788 2266 1850 malos,
2299 1797 2338 1849 Β
2365 1805 2425 1860 ει
2456 1822 2471 1868 ς
2528 1799 2830 1857 ιδιηῃπίοε
2880 1796 3276 1864 episcoporum,
3321 1804 3415 1844 seu
3443 1788 3669 1855 legatos,
3696 1784 3893 1837 ιίηεη,

734 1895 926 1934 nomen
961 1878 1173 1932 Domini
1201 1876 1348 1943 Jcsu,
1383 1883 1650 1932 tentantes
1681 1876 1949 1945 adjurare,
1986 1876 2079 1930 sed
2111 1877 2266 1929 irrito

732 1979 949 2031 conatu,
1000 1984 1051 2023 v.
1098 1968 1167 2021 23
1204 1978 1257 2022 et
1285 1968 1651 2036 sequentibus.
1687 1966 1741 2018 ln
1782 1967 2054 2035 baptismo
2086 1974 2264 2021 autem

731 2059 1063 2113 exorcismus
1114 2058 1289 2121 ﬁebat,
1327 2072 1447 2111 cum
1478 2070 1673 2124 magno
1698 2054 2079 2123 jurejurando,
2117 2056 2270 2122 jura-

736 2149 929 2202 bantin
949 2162 1139 2205 nomen
1174 2146 1378 2200 Christi
1397 2144 1792 2208 catechumeni,
1809 2152 1863 2197 et
1890 2142 2272 2197 exsumabatnr

740 2240 970 2300 ιιιῐειιιοη,
995 2235 1475 2304 imponebaturque
1495 2246 1688 2285 manus
1724 2247 1752 2284 a
1799 2232 2127 2300 presbytero,
2162 2231 2273 2284 uti

739 2327 863 2380 dist.
877 2325 1043 2396 gloss.
1071 2323 1123 2377 in
1140 2339 1190 2377 c.
1210 2323 1466 2387 Pervenit,
1488 2322 1575 2388 50,
1595 2338 1648 2390 q.
1670 2323 1722 2375 l.
1738 2320 1989 2389 Polydor.
2027 2318 2274 2389 Virgilius

739 2430 789 2468 c.
814 2414 847 2467 4
874 2422 926 2467 et
971 2412 1024 2478 5,
1062 2411 1153 2465 lib.
1208 2426 1260 2464 tv
1293 2410 1368 2462 De
1408 2411 1661 2462 inventor.
1726 2423 1933 2471 rerum;
1989 2405 2179 2475 Cujac.
2209 2405 2273 2457 ad

742 2522 791 2560 c.
822 2505 855 2557 5
878 2504 953 2556 De
976 2510 1179 2573 cognat.
1205 2499 1471 2565 spiritual.
1505 2497 1670 2551 llodie
1704 2512 1830 2550 vero
1858 2494 2193 2554 catechismi,
2225 2505 2276 2544 et

750 2592 1033 2650 exorcismi
1059 2592 1325 2647 solemnes
1350 2598 1477 2646 sunt
1501 2590 1763 2659 baptismo
1784 2587 2078 2657 conjuncti,
2097 2592 2150 2639 et
2166 2594 2276 2639 sta-

745 2688 840 2741 tim
867 2700 929 2739 ac
954 2684 1082 2737 editi
1104 2692 1294 2738 sumus
1325 2681 1590 2738 inlucem.
1622 2688 1716 2733 aut
1744 2688 1864 2747 post
1892 2676 2134 2731 triduum
2170 2676 2279 2729 sal-

747 2787 876 2837 tem,
900 2774 1501 2840 adhibeturutrumque,
1527 2771 1652 2823 dum
1675 2769 1844 2823 sacris
1869 2767 2125 2836 tingimur
2144 2765 2279 2833 lym-

747 2866 902 2936 phis;
924 2865 1111 2917 Franc.
1142 2862 1387 2918 Connan.
1422 2861 1514 2915 lib.
1551 2874 1644 2913 vm
1667 2854 2153 2912 CommentarJur.
2178 2870 2226 2906 c.
2255 2852 2281 2905 5

752 2956 889 3010 n.‘?..
922 2955 989 3007 At
1008 2952 1290 3007 exorcismi
1339 2948 1821 3019 encrgumcnorum
1866 2944 2285 2998 lormulacxstat

703 3059 707 3063 '
752 3045 805 3099 in
862 3043 1057 3097 Rituati
1117 3042 1359 3096 Romano
1413 3041 1478 3094 ad
1530 3038 1753 3091 calcem.
1810 3032 2286 3088 Eminentissimus

753 3150 967 3203 quoque
1010 3133 1298 3186 cardinalis
1332 3133 1497 3194 Bona,
1524 3125 1939 3196 sapientissime,
1971 3138 2033 3176 ac
2056 3121 2285 3191 pruden-
2311 3103 2352 3157 C

755 3227 959 3280 tissime
974 3223 1206 3287 disserit,
1236 3221 1300 3273 de
1332 3217 1545 3272 indiciis
1595 3226 1752 3283 atque
1778 3212 1948 3282 signis
1975 3222 2289 3278 cnergumc-

757 3332 967 3379 norum,
995 3315 1059 3368 de
1087 3310 1409 3366 discretione
1426 3305 1708 3375 spirituum
1729 3304 1822 3357 lib.
1852 3304 2175 3366 Aurco,cap.
2206 3296 2288 3356 tt,

762 3422 908 3460 num.
944 3404 1042 3469 14;
1078 3400 1289 3470 Ulpian.
1324 3399 1375 3450 in
1416 3398 1453 3449 Ι.
1484 3412 1523 3459 t,
1562 3394 1628 3447 D.
1658 3394 1719 3446 de
1745 3408 1859 3446 var.
1894 3400 1941 3444 et
1965 3385 2288 3444 extraordin.

763 3497 930 3567 cognit
955 3512 967 3547 :
1005 3513 1021 3543 ι
1042 3493 1097 3545 Si
1121 3488 1430 3552 incantavit,
1458 3486 1500 3541 si
1529 3486 1852 3553 imprecatus
1880 3489 1979 3545 est,
2008 3479 2075 3541 si,
2107 3486 2165 3530 ut
2190 3475 2295 3526 vul-

768 3564 881 3654 gari
914 3581 1074 3651 672
1104 3577 1474 3645 impositorum
1492 3577 1586 3639 (ita
1602 3570 1945 3638 nuncupabat
1969 3564 2295 3628 Chistianos)

767 3673 927 3727 verbo
973 3679 1094 3721 utar
1149 3662 1504 3719 exorcizarit;
1543 3679 1560 3710 ι
1590 3668 1705 3711 erat
1758 3653 2015 3722 Ulpianus
2060 3647 2299 3701 infensus

770 3757 1106 3820 Christianis,
1154 3754 1295 3807 unde
1348 3749 1554 3817 collegit
1599 3747 1822 3814 septimo
1853 3744 1987 3796 libro
2024 3739 2094 3791 De
2125 3736 2299 3805 ofﬁcio

773 3863 1007 3919 procons.
1052 3843 1310 3909 rescripta
1344 3841 1643 3909 principum
1675 3838 1739 3888 de
1773 3833 1945 3900 poenis
1971 3828 2305 3882 Christiano—

777 3910 930 3999 rum;
971 3950 999 3987 e
1034 3931 1328 3994 Lactantio,
1382 3926 1563 3994 Cujac.
1611 3938 1727 3990 cap.
1762 3910 1932 3973 Miib
1971 3933 2001 3969 χ
2038 3913 2303 3969 Observat.

779 4034 839 4078 de
879 4022 1176 4075 exorcismis
1236 4028 1283 4071 et
1309 4014 1694 4082 energnmenis;
1721 4010 1909 4060 Alciat.
1941 4006 2033 4057 lib.
2070 4013 2162 4055 vin
2202 4000 2305 4051 P.1-

781 4130 913 4183 rerg.
941 4127 1055 4180 cap.
1095 4110 1179 4162 ‘25.
1218 4106 1365 4160 Adde
1414 4104 1781 4170 Hippocratem
1814 4097 1907 4148 lib.
1948 4092 2080 4160 Περὶ
2110 4088 2309 4156 παρθε-

782 4204 927 4256 νιῶν.
954 4202 1195 4253 Romano
1213 4194 1439 4249 concilio
1461 4191 1559 4245 sub
1590 4190 1842 4241 Silvestro
1871 4197 2001 4251 papa
2026 4177 2312 4233 interfuere

787 4293 1013 4364 acolythi
1044 4290 1131 4351 44,
1153 4287 1430 4340 cxorcistae
1456 4284 1545 4343 22,
1577 4281 1802 4334 lectores
1834 4274 1993 4328 Urbis
2012 4270 2098 4335 90,
2119 4266 2311 4322 notarii

2365 1908 2593 1962 rumque
2631 1892 2828 1944 latores
2870 1884 3138 1953 comperio
3163 1879 3438 1949 acolythos
3486 1874 3628 1944 apud
3656 1879 3893 1928 sanctum

2365 1982 2743 2053 Augustinum,
2796 1976 3017 2045 epistola
3071 1972 3172 2025 1οι
3226 1971 3292 2023 ad
3325 1967 3556 2026 Sixtum,
3587 1966 3675 2019 cui
3705 1962 3893 2018 rescri-

2368 2050 2515 2140 ptum
2543 2082 2699 2123 suum
2732 2063 2879 2118 misit
2908 2076 3001 2130 per
3032 2059 3284 2112 Albinum
3311 2054 3639 2122 acolythum.
3658 2050 3899 2104 Clemens

2371 2137 2562 2214 tertius
2610 2169 2745 2224 papa
2792 2153 2845 2205 in
2899 2144 3429 2217 antiq.‘Collectione
3476 2141 3532 2206 2,
3591 2138 3728 2207 apud
3775 2137 3896 2189 Ant.

2370 2251 2594 2316 August.
2620 2245 2713 2298 lib.
2743 2257 2814 2296 vu
2849 2236 3213 2298 Decretalium,
3243 2235 3327 2287 tit.
3352 2232 3386 2285 Ἰ
3421 2231 3491 2284 ινα
3511 2244 3733 2283 concess.
3759 2224 3901 2277 Pra-

2372 2314 2486 2390 beri.
2526 2334 2594 2387 ad
2620 2332 2912 2386 Remensem
2942 2324 3405 2390 archiepiscopum,
3426 2333 3474 2372 c.
3500 2318 3568 2371 ιτ
3610 2332 3629 2365 ι
3666 2314 3903 2367 Insinua-

2374 2427 2451 2479 vit
2476 2424 2632 2478 nobis
2659 2418 2891 2489 (scribit)
2928 2416 3154 2468 dilectus
3183 2411 3321 2463 titius
3356 2415 3537 2461 noster
3568 2404 3630 2456 ϐ.
3667 2415 3831 2469 nepos
3853 2408 3904 2453 et

2376 2512 2653 2583 acolythus
2691 2514 2893 2562 noster.
2938 2523 2956 2555 ι

2446 2602 2713 2655 Minorum
2773 2598 2994 2667 istorum
3052 2590 3304 2645 ordinum
3362 2584 3653 2639 meminere
3694 2587 3906 2632 sanctus

2379 2693 2591 2746 Marcus
2616 2690 2669 2741 in
2704 2666 2962 2752 Liturgia,
2989 2681 3237 2735 Clemens
3263 2676 3541 2729 Romanus
3573 2673 3626 2723 in
3653 2666 3907 2722 constitu-

2382 2780 2639 2841 tionibus,
2660 2774 3001 2845 στήκέτωσαν
3028 2771 3084 2823 δὲ
3116 2770 3163 2821 oi
3192 2767 3291 2836 μὲν
3315 2762 3550 2831 πυ).ωρο¹ι
3576 2762 3653 2821 εἰς
3680 2759 3778 2818 τὰς
3809 2758 3909 2807 εἱσ-

2381 2872 2531 2931 όδους
2555 2868 2660 2919 τῶν
2706 2862 2931 2933 ἀνδρῶν.
2981 2859 3241 2911 Assistant
3293 2862 3466 2905 autem
3512 2847 3715 2901 ostiarii
3741 2846 3807 2897 ad
3833 2846 3911 2894 in-

2385 2973 2587 3030 gressus
2618 2954 2868 3014 virorum,
2902 2957 2955 3002 et
2985 2946 3232 2999 Canones
3264 2938 3628 3007 apostolorum
3652 2936 3760 3002 jam
3800 2933 3907 2984 Iau-

2386 3018 2495 3101 dati
2519 3062 2534 3109 ;
2570 3044 2684 3096 fuse
2710 3040 2775 3093 de
2808 3038 2887 3091 his
2920 3031 3266 3089 doctissimus
3291 3027 3489 3082 l-lallier
3518 3018 3913 3093 episcopusCa-

2386 3108 2714 3194 ballicensis,
2766 3145 2820 3197 p.
2874 3126 2997 3189 564,
3046 3125 3099 3176 in
3140 3121 3304 3174 altera
3333 3124 3482 3184 parte
3516 3114 3586 3167 De
3618 3110 3788 3167 sacris
3814 3108 3916 3162 ele-

2390 3223 2678 3281 ctionibus,
2725 3196 2779 3270 et
2826 3210 3208 3266 ordinationib.
3262 3214 3392 3261 sect.
3436 3202 3487 3267 l,
3523 3217 3571 3253 c.
3608 3203 3658 3261 Ι,
3685 3198 3839 3253 artic.
3868 3196 3912 3248 ι.
3962 3200 3965 3201 ⁷

2391 3314 2619 3367 Sanctus
2666 3302 2962 3373 Gregorius
3013 3297 3383 3351 Nazianzenus
3436 3302 3574 3344 orat.
3625 3288 3711 3353 l8,
3744 3292 3919 3340 narrat

2394 3409 2636 3458 sanctum
2697 3394 3020 3465 Cyprianum
3074 3387 3346 3455 Magnum,
3406 3388 3687 3446 antequam
3746 3382 3920 3442 pastor

2397 3494 2562 3549 ﬁeret,
2613 3462 2874 3550 verax—(Spw
2904 3464 3068 3531 fuisse
3114 3473 3400 3533 delectum,
3440 3468 3491 3523 id
3531 3473 3630 3529 est,
3652 3462 3915 3520 aedituum,

2400 3581 2472 3632 uti
2530 3576 2708 3628 Bittius
2758 3573 2812 3623 in
2851 3570 2999 3621 Notis
3029 3563 3266 3631 exponit.
3298 3560 3618 3621 Ministrum,
3655 3553 3918 3607 nimirum.

2400 3670 2486 3722 cui
2507 3664 2683 3731 templi
2715 3656 3042 3729 expurgandi
3066 3665 3118 3707 et
3146 3650 3389 3705 verrendi
3437 3661 3631 3701 munus
3659 3641 3920 3696 incumbe-

2400 3758 2510 3820 bat,
2533 3725 2637 3806 uno
2668 3725 2829 3804 verbo
2856 3742 3143 3800 ostiarius;
3170 3737 3326 3806 673
3344 3732 3786 3790 huicAdhelmus,
3806 3725 3922 3779 «2.15

2408 3846 2479 3898 De
2499 3815 2705 3895 laudib.
2736 3833 3070 3905 virginitatis,
3099 3838 3151 3883 et
3181 3828 3381 3881 llallier
3425 3838 3478 3892 p.
3506 3819 3607 3875 566
3630 3815 3922 3871 assentiun-

2406 3942 2513 3995 tur,
2567 3930 2657 3984 sed
2682 3936 2796 3978 acta
2824 3934 3119 3990 praeconem
3152 3927 3203 3970 et
3253 3913 3609 3983 expositorem
3640 3917 3924 3961 sacrorum.

2408 4021 2458 4072 id
2501 4028 2582 4070 est
2625 4016 2876 4068 lectorem
2923 4007 3224 4077 perhibent.
3255 4002 3455 4055 Deinde
3482 4013 3609 4051 vero
3634 3997 3924 4051 diaconum,

2413 4106 2718 4171 neutiquam
2774 4105 3072 4166 pastorem,
3115 4105 3205 4143 seu
3238 4088 3563 4157 pontiticem,
3595 4081 3926 4150 ltlartyrolog.

2412 4168 2591 4249 Rom;
2622 4191 2709 4244 die
2743 4186 2810 4240 26
2855 4180 3203 4252 Septembris,
3243 4174 3329 4229 ubi
3359 4172 3645 4227 cardinalis
3684 4168 3929 4222 Baronius

2414 4285 2632 4337 adnotat
2686 4278 2901 4331 Graecos
2960 4272 3145 4325 Patres
3197 4264 3587 4319 Antiochenum
3625 4258 3930 4329 Cyprianum

793 4385 857 4437 Μ
883 4350 1037 4446 {sub
1073 4350 1322 4431 Oornelio
1364 4386 1495 4439 papa
1532 4370 1585 4421 in
1622 4365 1855 4419 Ecclesia
1892 4363 2129 4415 Romana
2164 4363 2313 4410 erant

2390 4374 2624 4440 ,ltlagnm
2673 4367 2891 4421 Iustinae
2946 4373 3163 4429 procum
3225 4353 3550 4409 confundere
3605 4350 3790 4403 solitos
3826 4359 3931 4399 cum

796 4471 1022 4539 acolythi
1074 4470 1162 4530 2‘2,
1215 4463 1490 4518 exoreista:
1545 4468 1598 4511 et
1649 4456 1876 4508 lectores
1926 4465 2046 4503 cum
2082 4446 2317 4500 ostiariis

795 4534 1046 4623 52;vfuse
1096 4569 1210 4620 cap.
1240 4553 1324 4615 lO,
1368 4551 1459 4603 lib.
1498 4565 1533 4601 ιι
1594 4546 1840 4597 Prwnest.
1875 4540 2061 4607 antiq.;
2096 4534 2323 4589 concilio

800 4649 1063 4701 Arelaten.
1122 4642 1221 4695 sub
1280 4641 1463 4693 eodem
1517 4638 1776 4690 Silvestro
1827 4644 1957 4699 papa
2009 4623 2327 4691 subscripsit

801 4733 920 4790 cum
982 4734 1278 4791 Dammatc,
1334 4744 1425 4781 seu
1459 4727 1625 4777 Dafno
1658 4725 1907 4790 episcopo
1946 4735 2008 4771 ex
2052 4715 2323 4783 provincia

809 4822 1099 4876 Viennense
1128 4819 1342 4873 civitate
1367 4814 1616 4875 Vasione,
1647 4809 1828 4861 Victor
1852 4804 2136 4862 exorcista,
2167 4812 2215 4853 et
2239 4799 2327 4852 alii

808 4916 871 4964 ad
927 4924 1119 4960 annum
1152 4903 1295 4957 ΟΝ.
1342 4899 1464 4956 5'26.
1511 4896 1874 4964 Acolythatus,
1916 4889 1997 4942 vel
2027 4887 2329 4942 ceroterarii

814 5012 1028 5059 munus,
1058 4996 1139 5047 cui
1171 4994 1238 5045 ab
1270 4992 1517 5060 episcopo
1566 4984 1855 5055 porrigitur
1881 4989 1931 5033 et
1967 4978 2192 5031 traditur
2216 4990 2335 5027 cau-

815 5079 1087 5140 delahrum
1134 5097 1255 5133 cum
1298 5078 1513 5133 candela
1559 5073 1840 5133 exstincta,
1878 5078 1929 5122 et
1972 5064 2219 5119 urceolus
2248 5078 2336 5113 ra—

817 5190 948 5230 euus
988 5172 1052 5226 ad
1088 5168 1471 5238 suggerendum
1503 5166 1683 5217 vinum
1719 5172 1770 5214 et
1801 5174 1991 5227 aquam
2044 5157 2095 5209 in
2134 5153 2337 5207 Encha-
2378 5158 2381 5159 '

2420 4435 2826 4527 Carthaginensi
2856 4450 3100 4521 praesule,
3137 4448 3275 4500 sicut
3302 4443 3440 4496 idem
3474 4439 3680 4499 Billius,
3708 4435 3800 4502 qui
3826 4446 3934 4486 saa-

2430 4509 2600 4513 -,___,,_
2624 4509 2651 4527 υ
2857 4509 2870 4521 _
3089 4509 3095 4512 _

2424 4557 2568 4615 ctum
2625 4542 2942 4611 Gregorium
2981 4537 3407 4594 Nazianzenum,
3436 4525 3610 4596 quoad
3642 4522 3831 4588 potuit,
3855 4509 3947 4589 (ξι-ξ

2428 4650 2613 4690 cusare
2640 4609 2788 4683 nisus
2818 4636 2920 4681 est.
2960 4628 3029 4677 De
3063 4618 3431 4689 graduczeditui
3464 4622 3681 4669 sanctus
3703 4609 3938 4663 Paulinus

2427 4724 2685 4783 Nolanus,
2745 4718 2897 4785 epist.
2942 4714 2973 4767 6
3009 4712 3074 4764 ad
3120 4710 3380 4762 Severum.
3414 4703 3581 4755 Graeci
3614 4699 3938 4757 recentiores,

2432 4814 2655 4865 tectores
2682 4818 2883 4862 tantum
2908 4806 3222 4871 agnoscunt,
3241 4805 3295 4846 at
3318 4802 3518 4845 veteres
3536 4786 3812 4844 ostiarium
3834 4798 3941 4852 pra:-

2433 4907 2595 4964 terea,
2655 4907 2707 4951 et
2756 4894 3097 4951 exorcistam,
3148 4894 3305 4951 atque
3328 4880 3649 4949 acolythum,
3679 4886 3810 4929 teste
3836 4870 3941 4925 Hal-
3973 4869 3977 4873 ’

2434 4994 2549 5055 lier,
2592 5004 2707 5057 pag.
2870 4983 2941 5033 De
2964 4978 3205 5048 gradibus
3244 4971 3676 5041 presbyterorum,
3713 4966 3941 5016 diacono-

2442 5096 2579 5139 rum,
2630 5075 3059 5129 subdiaconorum
3106 5076 3152 5119 et
3211 5066 3477 5116 lectm'um.
3516 5058 3659 5111 Elias
3696 5050 3943 5107 Cretensis

2439 5172 2490 5224 in
2523 5168 2781 5221 decimam
2816 5161 3105 5213 orationem
3144 5154 3312 5209 sancti
3354 5148 3593 5216 Gregorii
3626 5138 3942 5197 Nazianzeni.

821 5265 1024 5319 ristiam
1068 5258 1340 5327 sanguinis
1385 5256 1602 5315 Christi,
1644 5254 1707 5307 de
1735 5267 1840 5320 quo
1879 5250 2010 5303 satis
2050 5247 2130 5314 egi
2162 5258 2343 5311 super—
2443 5274 2559 5325 ρης,
2608 5255 2728 5307 επ.
2791 5251 3019 5301 Sanctus
3077 5242 3359 5312 Dionysius
3419 5230 3757 5301 Areopagi”,
3786 5241 3894 5294 cap,
3920 5223 3947 5274 3

825 5370 926 5421 que
964 5366 1013 5405 c.
1043 5351 1074 5401 5
1097 5346 1372 5400 Corollarii
1405 5343 1622 5395 secundi
1660 5343 1728 5393 De
1759 5341 1919 5409 Agnis
1949 5337 2063 5401 Dei,
2093 5346 2143 5387 et
2171 5333 2340 5388 cardi-

830 5443 963 5498 nalis
1018 5438 1273 5491 Baronius
1321 5436 1384 5486 ad
1444 5445 1643 5485 annum
1692 5430 1797 5491 58;
1834 5443 1953 5481 cum
1994 5426 2262 5494 deputato,
2295 5430 2347 5474 et

832 5532 1186 5599 μυδηλάπτῃ,
1220 5540 1280 5578 ac
1308 5523 1638 5589 λαοσυνὰκτῃ
1668 5527 1721 5571 et
1740 5516 2099 5583 ὲκκλεσιάρχῃ
2126 5514 2347 5565 miscent

834 5620 1047 5684 (Franci-
1080 5619 1176 5672 Per
1233 5614 1539 5668 Onesimum
1591 5606 1914 5677 acolythuin,
1974 5604 2169 5655 Paulus
2209 5600 2352 5654 misit

2446 5320 2640 5399 Eccles.
2674 5340 2926 5394 hierarch.
2966 5345 3113 5405 parte
3140 5350 3201 5396 ιι,
3234 5337 3384 5383 vocat
3411 5324 3692 5394 ἐκκρίτους
3738 5320 3948 5380 λειτουρ-

2445 5436 2593 5503 γούς,
2646 5435 2696 5487 id
2723 5442 2825 5495 est,
2854 5428 3064 5483 selectos
3097 5425 3378 5484 ministros,
3410 5417 3461 5471 id
3488 5424 3587 5476 est,
3614 5412 3947 5481 presbyteros.

2448 5522 2530 5574 vel
2584 5521 2857 5581 diaconos,
2910 5516 3150 5580 aliosque
3189 5509 3448 5576 adiungit,
3490 5503 3723 5556 minores
3750 5496 3946 5553 scilin

2452 5612 2539 5684 qui
2597 5608 2885 5667 sanctuarii
2935 5604 3137 5660 foribus
3189 5606 3397 5674 astant,
3427 5605 3475 5650 et
3497 5593 3616 5649 aliis
3645 5588 3945 5645 ministrant.
