4122 6338
184 376 310 439 1401

1456 375 1552 433 DE
1593 373 1762 434 VlTA
1802 372 1862 431 S.
1897 371 2058 431 NILI

3211 348 3344 411 illi?

180 485 478 538 secundum
516 486 714 539 οξκεέαν
756 487 924 552 τάξιν,
963 488 1012 540 id
1039 497 1138 553 est,
1162 489 1429 557 proprium
1453 488 1709 548 ordinem,
1743 493 1782 546 Α
1812 485 1952 554 logi.
1990 481 2330 551 Pra‘positus,
2394 479 2446 532 in
2501 493 2549 532 c.
2587 477 2669 530 l5.
2720 475 2843 529 dist.
2885 473 2968 534 15,
3019 466 3180 521 tradit
3227 474 3348 516 octo

176 574 339 626 siculi
396 574 748 627 subdiaconos
794 577 886 643 qui
931 577 1165 630 minores
1200 576 1433 643 reliquas
1466 587 1708 640 compre-

176 660 544 724 hendebant,e
563 660 1078 729 Pachymere,atque
1106 660 1338 713 Maximo
1371 660 1423 711 in
1446 657 1701 712 'SCIIOillS.

252 747 516 812 Quorsum
551 749 648 802 iste
681 749 890 813 cinnus,
921 760 1077 817 atque.
1110 749 1317 816 farrago
1353 749 1416 801 de
1441 747 1672 801 ostiariis
1693 784 1708 807 ,

175 835 494 897 lectoribus,
531 839 809 891 exorcistis
833 877 847 899 ,
874 847 922 890 et
954 838 1111 890 aliis?
1142 838 1240 890 nisi
1275 847 1330 890 ut
1359 837 1708 890 oeconomiam

179 923 543 992 Romana‘que
608 926 874 992 providam
942 925 1388 991 disiiensationem
1463 924 1712 976 Ecclesia:

176 1012 358 1077 magis
383 1027 444 1064 ac
473 1013 639 1080 magis
665 1014 911 1075 admirer,
935 1023 1091 1080 atque
1120 1014 1426 1082 suspiciam,
1449 1028 1567 1081 quin
1593 1010 1712 1079 Spi-

172 1099 320 1150 ritus
352 1101 521 1153 sancti
560 1102 732 1153 alliam
786 1103 1035 1156 instincta
1071 1103 1346 1156 inferiores
1377 1104 1570 1172 gradus
1601 1101 1711 1154 fos-

173 1187 472 1248 soriornm,
501 1204 591 1241 seu
636 1190 921 1252 fossorum,
957 1201 1006 1242 et
1043 1192 1432 1258 psalmistarum
1467 1192 1550 1256 (de
1581 1205 1711 1257 quo-

173 1289 302 1325 rum
327 1275 520 1326 ntuniis
543 1276 661 1327 vide
688 1290 736 1328 c.
762 1277 932 1329 ultim.
951 1278 1276 1333 Pontificalis
1297 1277 1541 1339 Romani,
1560 1276 1710 1345 etc.,)

171 1364 375 1418 ofﬁciis
395 1367 664 1434 deputavit
688 1407 702 1427 ,
743 1377 795 1418 at
829 1368 1132 1433 superiores
1159 1368 1426 1419 accensuit
1460 1369 1595 1419 inter
1628 1382 1713 1418 or-

170 1452 357 1516 dines,
398 1453 498 1506 fixe
526 1455 820 1518 stabiliens,
850 1455 1185 1520 minoresque
1210 1455 1554 1520 nuncupavit,
1596 1453 1713 1506 aliis

174 1545 356 1598 tribus
403 1546 568 1598 sacris
638 1547 896 1612 majorum
952 1562 1138 1597 nomen
1201 1546 1493 1612 imponens.
1553 1543 1713 1595 Caius

169 1635 374 1687 etenim
394 1635 622 1702 pontifex
643 1635 920 1695 Maximus,
940 1635 1194 1697 Dalmata,
1212 1650 1272 1688 ex
1302 1615 1490 1702 genere
1521 1633 1715 1685 Diocle-

174 1724 314 1775 tiani
338 1724 577 1791 Augusti,
601 1725 663 1775 ad
686 1739 880 1775 annum
900 1723 958 1777 C.
977 1715 1098 1787 9.85,
1115 1725 1162 1775 in
1188 1725 1386 1792 cryptis
1405 1724 1711 1786 habitando,

173 1824 270 1861 seu
318 1810 660 1872 catacumbis,
713 1818 770 1861 ttt
814 1820 1024 1872 vocant,
1059 1813 1170 1873 sed,
1221 1821 1276 1863 ιιι
1316 1825 1413 1878 ego
1463 1810 1710 1873 arbitror,
1746 1799 1784 1851 Β

173 1899 541 1964 catatumbis;
573 1899 622 1952 id
652 1907 754 1961 est,
784 1899 848 1951 ad
885 1899 1116 1961 tumbas,
1145 1913 1236 1951 seu
1267 1899 1500 1952 tumulos
1550 1898 1713 1966 (tum-

173 1987 244 2039 ba
302 1989 440 2040 enim
492 2003 593 2040 vox
645 1998 726 2041 est
772 1990 939 2041 sancti
965 1987 1237 2056 Gregorii,
1291 2003 1408 2055 qua:
1453 1989 1712 2040 tumulum

172 2077 446 2144 signiﬁcat
479 2093 494 2130 :
535 2087 587 2131 et
617 2079 687 2130 ita
711 2079 874 2132 sensit
894 2078 1179 2131 cardinalis
1203 2077 1456 2173 Baronius
1485 2077 1538 2129 in
1568 2075 1718 2129 Notis

172 2167 243 2220 ad
264 2169 302 2220 5
316 2167 550 2220 Januarii
565 2167 832 2235 Martyrol.
848 2167 1092 2231 Romam,
1111 2167 1352 2233 quamvis
1369 2167 1607 2219 Latinius
1623 2183 1719 2217 κα-

171 2255 462 2322 τακύμὸον
519 2254 715 2308 dictum
773 2255 918 2316 velit,
979 2255 1136 2306 veluti
1193 2269 1522 2317 concavum,
1579 2254 1718 2321 apud

179 2343 353 2409 Magri
388 2343 440 2394 in
474 2342 713 2411 Notitia),
745 2357 865 2395 cum
899 2342 1099 2411 lugeret
1127 2342 1565 2410 persecutionem,
1597 2357 1721 2395 con-

178 2432 365 2485 stituit
389 2439 444 2484 ut
472 2432 683 2485 ordines
712 2446 895 2485 omnes
917 2433 969 2484 in
996 2433 1228 2486 Ecclesia
1254 2432 1330 2484 sic
1354 2432 1715 2485 ascenderent.

181 2521 245 2571 Si
311 2520 433 2587 quis
467 2521 746 2585 episcopus
773 2535 892 2574 esse
926 2531 1240 2584 mereretur,
1271 2529 1413 2574 esset
1445 2521 1718 2582 ostiarius,

179 2612 376 2670 lector,
396 2609 683 2673 exorcista;
707 2623 952 2676 sequens,
985 2610 1034 2660 id
1065 2617 1163 2672 est,
1183 2609 1474 2676 acolythus,
1504 2609 1720 2661 subdia-

176 2713 391 2763 conus;
443 2698 721 2760 diaConus,
768 2698 1062 2765 presbyter,
1111 2707 1163 2750 et
1207 2699 1484 2764 episcopus
1532 2697 1721 2750 exinde

177 2786 540 2839 ordinaretur.
579 2787 652 2839 Ex
681 2785 962 2838 Anastasio
989 2825 1002 2846 ,
1035 2785 1144 2838 sive
1173 2795 1389 2838 auctore
1421 2785 1547 2838 Vita:
1575 2794 1720 2853 pont.

180 2873 347 2924 nom.
389 2887 487 2940 pag
533 2872 622 2925 ‘15.
650 2872 900 2924 Silvester
939 2883 1117 2940 postea
1148 2876 1196 2924 in
1233 2873 1456 2926 concilio
1485 2874 1722 2925 Romano

179 2977 235 3013 c.
282 2962 335 3023 7,
365 2969 417 3012 et
452 2960 634 3014 Patres
669 2961 1100 3029 Carthaginensis
1151 2963 1336 3029 synodi
1376 2970 1578 3028 quartae
1606 2961 1724 3013 toti-

1807 573 1972 628 fttisse
1996 573 2212 642 gradus,
2245 570 2440 638 quibus
2469 566 2849 622 ascendebatur
2876 563 2939 615 ad
2984 558 3191 629 portam
3218 563 3349 607 temo

1808 665 1880 734 pii
1929 679 1992 716 es
2053 662 2332 714 Ezechiele
2369 675 2417 714 c.
2450 675 2535 722 ιιι,
2572 667 2626 712 οι
2657 657 2872 710 totidem
2906 653 3017 705 fore
3044 647 3347 716 dignitates,

1807 755 2002 822 quibus
2033 751 2335 818 proceditur
2365 750 2428 802 ad
2462 757 2734 817 papatum,
2765 746 2875 799 sive
2908 751 3173 795 summum
3215 747 3348 822 pon-

1811 820 2087 902 titicatum,
2121 852 2309 905 nempe
2349 838 2681 905 parochiam,
2714 835 3050 889 deranatum,
3083 820 3350 876 archidia-

1809 939 2079 990 c0ttatum,
2105 943 2196 981 seu
2220 925 2641 994 prmposituram,
2657 921 2943 982 abbatiam,
2964 916 3347 982 episcopatum.

1810 1015 2651 1085 archiepiscopatum,primatum
2687 1025 2738 1064 et
2761 1008 3196 1077 patriarchatum.
3243 999 3347 1050 Leo

1815 1107 2038 1159 Allatius
2061 1103 2638 1172 contettdit,etprobat
2669 1102 2760 1153 lib.
2791 1099 2866 1150 De
2906 1105 3048 1150 aetat.
3078 1103 3122 1145 et
3152 1094 3344 1142 interst.

1813 1197 2129 1257 Graecorum,
2157 1197 2407 1246 lectorem
2451 1183 2552 1244 non
2590 1189 2941 1244 ordinandum
2977 1200 3065 1238 seu
3098 1177 3339 1244 Ἀναγνώ

1814 1303 1942 1356 στην
1964 1301 2106 1347 ριιιη,
2125 1286 2214 1351 qui
2240 1284 2302 1336 18
2325 1300 2493 1336 annos
2510 1283 2697 1343 celatis,
2712 1281 2791 1333 vel
2817 1279 2884 1331 ΞΟ
2908 1293 3006 1329 non
3025 1290 3084 1326 ex
3096 1275 3350 1341 plesset,c

1813 1377 2193 1429 Nomocanone
2226 1374 2427 1435 Pltotii,
2462 1371 2718 1438 Notisque
2749 1365 3146 1425 Balsatnouis,e
3167 1359 3349 1447 Basili-

1811 1466 1910 1524 cis,
1943 1479 2078 1531 eque
2093 1461 2308 1514 Novella
2330 1453 2617 1529 prtesertim
2633 1459 2733 1511 257
2751 1453 3032 1509 Justiniani
3052 1451 3185 1517 apud
3203 1448 3348 1500 Crte-

1811 1568 1925 1616 cos,
1964 1569 2012 1619 p.
2036 1552 2102 1604 36
2125 1559 2174 1603 et
2191 1552 2276 1604 59.
2314 1549 2481 1611 Unde,
2505 1548 2656 1600 sicuti
2675 1546 2781 1612 jam
2803 1539 3026 1604 asserui,
3048 1537 3351 1590 Theodulus

1813 1642 1913 1695 Nili
1945 1641 2083 1694 ﬁlius
2115 1642 2178 1692 ad
2220 1640 2499 1707 νεωκὸρων
2528 1644 2828 1703 provectus,
2872 1634 2922 1683 iit
2964 1630 3145 1683 ordine
3175 1640 3350 1681 sacro,

1817 1747 2030 1792 munus,
2061 1730 2366 1797 impositum
2407 1725 2506 1780 sibi
2534 1741 2563 1777 a
2595 1724 2870 1777 sacerdote
2901 1719 3199 1772 divinorum
3244 1729 3351 1778 my-

1815 1820 2104 1872 steriorum
2155 1816 2377 1877 Christi,
2430 1828 2551 1866 cum
2614 1812 2836 1878 impigre
2870 1807 3010 1859 illud
3060 1805 3251 1864 obiret,
3302 1810 3352 1851 et

1815 1909 2119 1978 ὑπηρεσίας
2154 1906 2394 1974 πρώτας,
2450 1904 2745 1957 ministeria
2779 1901 2948 1968 prima
2979 1899 3088 1950 sive
3125 1893 3352 1952 osriarii,

1800 2007 1866 2051 -οι
1915 1998 2116 2060 aeditui,
2151 2005 2309 2063 atque
2347 1993 2578 2054 lectoris,
2611 2006 2728 2058 quae
2760 1998 2944 2042 mutuo
2975 2001 3091 2040 sese
3120 1983 3350 2050 comple-

1814 2089 2113 2152 ctebantur,
2161 2092 2431 2139 exerceret
2484 2083 2740 2146 studiose,
2786 2091 3135 2148 magnamque
3173 2073 3351 2126 conci-

1817 2185 1953 2229 taret
1981 2190 2127 2243 spem
2160 2172 2449 2241 profectus,
2480 2187 2598 2224 cum
2633 2171 2776 2223 brevi
2807 2178 3039 2237 tempore
3065 2167 3226 2218 multa
3258 2164 3357 2214 vir-

1818 2271 1989 2315 tutum
2007 2260 2322 2329 praebuisset
2343 2259 2653 2327 specimina,
2676 2265 2726 2308 et
2748 2257 2794 2307 id
2823 2255 3069 2306 omnibus
3091 2252 3357 2317 foretproo

1814 2359 1930 2418 pter
1961 2350 2146 2411 b'onos,
2185 2348 2485 2414 probosquc
2523 2360 2696 2398 mores
2723 2343 3122 2427 ',.cousequitur
3154 2340 3356 2393 certius

1817 2456 1939 2494 eum
1987 2440 2227 2508 exegisse
2275 2440 2456 2491 decem
2497 2446 2549 2490 ct
2578 2446 2697 2489 octo
2725 2451 2913 2497 annos,
2945 2435 3049 2486 imo
3079 2440 3130 2483 et
3155 2429 3354 2496 viginti.

1891 2527 2157 2580 Hactenus
2178 2519 2398 2593 primam
2422 2526 2666 2593 paginam
2691 2525 2819 2576 Vitae
2840 2523 3007 2576 sancti
3029 2521 3126 2572 Nili
3156 2517 3359 2569 abbatis

1821 2614 2076 2683 pervolvi,
2113 2629 2256 2665 nunc
2287 2613 2349 2665 ad
2381 2614 2600 2664 alteram
2631 2627 2812 2678 pergo.
2846 2609 2898 2661 Si
2932 2609 3076 2676 pritts
3108 2608 3361 2658 observa-

1817 2704 1984 2755 verim
2039 2701 2362 2753 recentiores
2417 2699 2650 2762 Grmcos,
2711 2699 2801 2766 qui
2853 2697 3103 2748 Romana:
3138 2693 3362 2745 malunt

1820 2793 2070 2846 Ecclesiae
2095 2792 2422 2859 reliquarum
2459 2791 2612 2842 matri
2643 2790 2928 2850 adhaerere,
2961 2802 3058 2839 nec
3095 2785 3163 2837 ab
3189 2799 3248 2837 ea
3277 2798 3358 2835 rc-

1776 2903 1779 2905 ·
1821 2884 1940 2936 velli
2009 2882 2343 2948 discindiquc
2393 2882 2642 2949 gaudent,
2694 2880 2998 2931 Iectoralum
3038 2891 3157 2929 cum
3193 2875 3360 2942 prima

1824 2983 2039 3024 tonsura
2082 2969 2347 3032 conferre,
2394 2979 2450 3021 ut
2496 2971 2546 3020 itt
2582 2968 2923 3035 Euchologio,
2957 2966 3042 3017 ubi
3075 2963 3220 3025 τάξις
3250 2979 3362 3029 χει-

179 3051 311 3102 dem
355 3059 788 3103 numeraverunt.
819 3050 1115 3101 Cardinalis
1159 3050 1417 3104 Baronius
1456 3050 1619 3101 refert
1658 3052 1720 3102 ad

1783 3087 1791 3137 ι
1828 3059 2064 3129 ροτονῑας
2105 3057 2198 3109 τοῦ
2237 3059 2580 3125 ἀναγνώστου
2625 3058 2674 3109 itt
2709 3058 2896 3125 primis
2930 3055 3165 3122 κείρεται
3191 3055 3216 3103 ὁ
3247 3051 3364 3102 δοῦ-

181 3153 388 3190 annum
422 3138 482 3191 C.
535 3139 593 3189 N.
633 3139 722 3201 4d,
757 3153 810 3189 n.
842 3139 926 3189 54.
958 3137 1050 3190 Pie
1082 3152 1143 3190 ac
1189 3139 1459 3200 ingeniose
1494 3138 1726 3191 Landul—

184 3229 330 3292 phus
358 3225 747 3280 Carthusianus
795 3236 938 3292 parte
986 3243 1002 3279 ι
1051 3226 1176 3279 Viue
1219 3227 1430 3291 Christi,
1477 3245 1524 3280 c.
1570 3229 1659 3291 65,
1699 3244 1728 3282 e

184 3326 379 3369 sancto
414 3317 717 3376 Ambrosio,
751 3316 958 3369 lectoris
991 3332 1184 3386 munus
1215 3317 1520 3384 praestitisse
1566 3328 1729 3371 testa-

186 3417 279 3456 tur
315 3405 582 3458 Cltristum
622 3406 923 3469 Dominum,
969 3406 1180 3472 quando
1209 3407 1331 3473 legit
1371 3407 1420 3457 itt
1466 3421 1727 3473 synagoga

187 3495 308 3560 ipse
353 3496 668 3549 versiculum
718 3497 944 3561 primum
990 3495 1176 3558 capitis
1224 3495 1535 3558 sexagesimi
1575 3495 1729 3562 primi

187 3583 360 3644 lsaize,
403 3593 459 3634 ut
497 3591 676 3633 narrat
699 3591 912 3634 sanctus
960 3581 1150 3647 Lucas,
1188 3599 1260 3642 ix,
1327 3583 1386 3635 18
1421 3583 1727 3652 Evangelii;

185 3669 472 3721 ostiarium
520 3670 701 3731 etiam,
729 3671 937 3736 quando
963 3670 1112 3735 ejeeit
1144 3671 1448 3735 vendetttcs,
1471 3681 1524 3722 ct
1551 3686 1732 3724 emen-

187 3770 273 3812 tes
319 3757 381 3810 de
426 3759 653 3827 templo;
702 3757 1049 3823 exorcista'm,
1105 3759 1413 3827 expellendo
1464 3761 1730 3812 daemonas

187 3862 222 3900 e
251 3849 562 3914 corporibus
581 3848 740 3917 674
763 3850 1030 3900 hominum
1053 3865 1065 3908 ;
1088 3847 1385 3913 acolythum
1409 3884 1422 3904 ,
1457 3862 1546 3898 seu
1579 3861 1729 3899 cero-

191 3936 546 3999 ferarium,se
575 3938 743 3986 lucem
771 3951 944 3986 veram
970 3934 1282 3986 ostentando
1305 3953 1317 3998 ;
1342 3944 1391 3986 et
1417 3936 1484 3986 ita
1505 3942 1733 4001 quatuor

193 4025 379 4076 munia
425 4025 686 4075 minorum
726 4023 971 4076 ordinum
1020 4023 1338 4077 exercuisse.
1395 4023 1521 4075 Erat
1570 4025 1618 4075 in
1670 4040 1733 4076 eo

192 4114 394 4179 quippe
423 4120 654 4177 potestas
695 4112 1046 4174 excelletttire,
1080 4114 1248 4175 idest,
1281 4114 1558 4165 ministerii
1595 4114 1737 4180 prin-

194 4203 385 4270 cipalis
413 4204 700 4254 secundum
731 4205 866 4269 quod
898 4211 1010 4255 erat
1036 4203 1210 4262 homo;
1244 4219 1362 4255 nam
1395 4205 1444 4254 in
1478 4215 1732 4269 quantum

202 4295 345 4344 Deus
389 4291 614 4343 habebat
637 4301 941 4358 potestatem
965 4292 1294 4343 auctoritatis
1315 4308 1327 4353 ;
1347 4293 1423 4344 sic
1452 4291 1735 4356 loquuntur

1775 3171 1782 3175 ί
1827 3153 1913 3211 λος
1944 3149 2034 3201 τοῦ
2066 3149 2200 3201 Θεοῦ
2231 3166 2332 3202 ο.ο.
2367 3153 2443 3211 ei;
2477 3149 2536 3199 τὸ
2586 3148 2752 3216 ὄνομα
2777 3147 2869 3198 τοῦ
2903 3144 3128 3214 Πατρὸς,
3159 3142 3254 3195 ’καὶ
3275 3140 3364 3192 τοῦ

1826 3240 1987 3303 Υἱοῦ,
2029 3240 2121 3292 καὶ
2164 3239 2253 3291 τοῦ
2291 3241 2441 3304 ἁγίου
2479 3239 2788 3304 Πνεῦματος
2814 3277 2827 3298 ,
2867 3237 2915 3287 id
2951 3247 3052 3294 est,
3109 3232 3366 3285 Tondetnr

1827 3347 1996 3382 servus
2034 3329 2126 3380 Dei
2169 3326 2337 3378 Ν.⁶Ν.
2378 3329 2431 3378 in
2471 3328 2670 3378 nomine
2700 3325 2896 3385 Patris,
2922 3334 2966 3374 et
2992 3322 3138 3384 Filii,
3172 3331 3218 3371 ct
3250 3319 3366 3385 Spi~

1828 3419 1961 3468 ritus
2010 3417 2220 3478 sancti;
2271 3415 2483 3466 lectoris
2535 3423 2586 3465 et
2630 3413 2862 3465 cantoris
2914 3419 2994 3463 est
3042 3409 3224 3460 eadem
3261 3409 3368 3457 for-

1828 3508 1991 3567 mula,
2024 3504 2149 3558 huic
2172 3506 2327 3559 datur
2353 3505 2486 3556 liber
2519 3503 2870 3564 Psalmorum,
2904 3517 2995 3554 seu
3028 3499 3366 3558 Psalterium,

1831 3597 1905 3651 illi
1939 3596 2316 3664 Epistolarum,
2366 3610 2458 3646 seu
2498 3593 2879 3661 Epistolarium
2930 3607 3049 3643 cum
3090 3589 3366 3664 oratione:

1830 3660 2021 3753 Κύριέ,
2051 3685 2137 3744 δὸς
2182 3683 2326 3748 αὑτῷ
2379 3683 2513 3749 μετὰ
2546 3660 2720 3747 πάσης
2748 3680 2931 3743 cog-sict;
2975 3680 3063 3729 καὶ
3110 3660 3372 3735 σὺνέσεως

1829 3776 1930 3825 τῶν
1948 3773 2099 3822 Οεὶων
2121 3788 2210 3820 σου
2234 3771 2401 3834 λόγων
2425 3770 2520 3836 τὴν
2549 3768 2774 3837 μελέτην
2804 3769 2894 3816 καὶ
2927 3765 3021 3833 τὴν
3067 3765 3372 3830 ἀνάγνωσιν

1832 3859 2096 3912 ποιεῖσθαι
2127 3875 2140 3920 ;
2183 3857 2332 3908 idest
2362 3875 2374 3908 :
2399 3856 2632 3916 Domine,
2667 3857 2733 3907 da
2762 3856 2980 3907 isticum
3001 3853 3137 3902 omni
3165 3851 3370 3917 sapien-

1833 3951 1927 4008 tia,
1950 3959 1995 4000 et
2013 3947 2170 4016 675
2197 3947 2468 4014 prudentia
2485 3945 2769 3996 divinorum
2788 3953 2990 3994 tuorum
3012 3943 3370 4010 mysteriorum

1833 4039 2236 4102 meditationem,
2271 4046 2316 4089 et
2351 4035 2608 4088 lectionem
2646 4035 2955 4086 exsecutioni
2984 4036 3249 4083 ntandarc.
3285 4031 3371 4082 ln-

1833 4130 1963 4180 clusi
2021 4137 2143 4180 sunt
2196 4128 2245 4178 in
2295 4125 2676 4178 subdiaconatu
2755 4121 3231 4189 comprehensique
3281 4118 3368 4168 alii

1834 4217 1939 4267 duo
1997 4216 2229 4265 minores
2279 4213 2512 4271 ordines,
2563 4211 2868 4263 ostiariatus
2919 4223 2981 4258 ac
3014 4206 3365 4273 acolythatus,

1834 4313 1882 4354 et
1902 4304 2063 4353 utitur
2085 4301 2334 4352 ordinans
2361 4301 2506 4351 hisce
2526 4298 2698 4350 verbis
2723 4314 2738 4359 ;
2765 4296 2950 4362 Κύριε,
2972 4295 3055 4355 δὸς
3073 4295 3216 4361 αὑτῴ
3234 4295 3367 4358 ἁγά-

197 4383 530 4446 scltolastici,
573 4391 628 4434 ut
658 4383 885 4449 explicat
917 4383 974 4434 P.
1017 4381 1287 4447 Philippus
1325 4395 1352 4431 a
1383 4381 1728 4432 Sanctissima

1783 4391 1803 4440 l
1838 4409 1941 4457 πην
1975 4391 2064 4440 καὶ
2097 4389 2423 4454 εὐπρέπειαν
2452 4389 2597 4438 οἴκου
2629 4404 2742 4445 σου,
2773 4385 3100 4453 παριστάναι
3139 4385 3253 4442 ταῖς
3278 4383 3371 4433 ϐύ-

199 4462 466 4524 Trittitate
497 4481 631 4538 part.
663 4471 817 4536 ttt'lle
856 4471 1187 4521 sacramentis
1215 4471 1266 4519 in
1302 4484 1492 4536 genere,
1548 4479 1734 4534 qumst.

199 4563 291 4624 Gil,
327 4571 428 4614 art.
458 4562 510 4612 5.
539 4561 774 4627 implevit
803 4562 958 4611 etiam
999 4573 1219 4610 munera
1244 4557 1490 4610 Christus
1522 4559 1738 4610 subdiao

201 4653 348 4712 coni,
385 4653 593 4718 quando
622 4650 891 4716 prteciuxit
919 4664 973 4700 se
1003 4650 1161 4699 linteo
1189 4689 1201 4711 ,
1233 4658 1284 4700 ct
1318 4648 1476 4714 pedes
1507 4644 1740 4714 discipu-

204 4741 378 4792 l0rum
429 4741 588 4803 lavit;
632 4739 862 4798 diaconi,
893 4739 1104 4804 quando
1136 4738 1185 4787 in
1229 4752 1377 4789 coena
1432 4753 1624 4803 corpus
1678 4746 1731 4786 et

204 4827 516 4896 sanguinem
561 4845 714 4880 suum
754 4829 1024 4895 discipulis
1073 4829 1739 4894 ministravit;presbyteri

207 4919 437 4984 denique
481 4935 600 4970 cum
625 4935 809 4986 panem
847 4933 895 4973 et
933 4924 1108 4974 vinum
1140 4921 1188 4973 iu
1229 4937 1421 4988 corpus
1454 4933 1502 4973 et
1530 4922 1740 4987 sangui-

212 5022 332 5059 nem
371 5022 523 5058 suum
570 5009 809 5068 mutavit,
850 5019 901 5059 ct
928 5012 1156 5077 episcopi
1207 5012 1499 5061 animarum
1533 5020 1740 5060 nostra-

211 5110 355 5159 rum,
395 5109 513 5146 cum
553 5095 625 5146 uti
665 5093 895 5160 pontifex
931 5097 978 5145 in
1005 5112 1092 5148 ara
1124 5099 1294 5151 crucis
1327 5115 1381 5151 se
1417 5097 1606 5148 obtulit
1644 5097 1742 5146 Pa-

210 5184 321 5244 tri,
362 5184 655 5235 sacerdotio
697 5183 888 5235 etenim
924 5182 1237 5250 fungebatur
1261 5202 1420 5248 vero;
1458 5185 1740 5237 cardinalis

211 5271 475 5340 Oreggius
501 5281 708 5324 tractat.
745 5273 794 5335 5,
826 5281 958 5338 part.
994 5287 1071 5330 ιιι,
1103 5287 1220 5338 cap.
1264 5275 1347 5337 15,
1381 5285 1565 5341 quaest.
1605 5273 1654 5324 i.

289 5363 342 5415 lit
371 5363 507 5416 caelo
535 5362 744 5430 quidem
779 5377 961 5414 novem
1001 5372 1121 5414 sunt
1153 5365 1455 5428 angelorum
1493 5365 1660 5424 chori,
1693 5373 1744 5435 et

217 5454 469 5509 Beelesia:
502 5453 875 5519 triumphantis
908 5459 1010 5504 tres
1045 5452 1371 5514 hierarcbiae,
1413 5456 1481 5504 ita
1518 5453 1567 5504 in
1605 5453 1740 5505 mili-

214 5551 368 5599 tante
405 5555 587 5593 novem
640 5555 756 5594 esse
791 5541 1003 5593 ordines
1036 5527 1606 5603 videmtts,‘secundum
1654 5558 1742 5594 ca-

220 5631 483 5696 nonistas.
523 5629 763 5699 quamvis
800 5630 862 5682 ad
903 5640 1098 5700 septem
1132 5644 1223 5684 eos
1256 5631 1562 5691 Cotttt'ahant
1597 5632 1742 5690 theo-

1842 4496 1958 4546 ραις
1980 4477 2067 4529 τοῦ
2086 4476 2208 4527 ναοῦ
2227 4476 2319 4527 τοῦ
2343 4477 2493 4541 ἁγίου
2524 4492 2636 4538 σου,
2667 4476 2921 4527 ἀνάπτειν
2951 4474 3138 4542 λύχνον
3170 4472 3376 4539 σκηνὼ-

1843 4585 2008 4635 ματος
2058 4567 2209 4632 δόξης
2267 4582 2356 4615 σου
2386 4581 2398 4627 ;
2434 4565 2481 4616 id
2512 4573 2590 4616 est
2625 4583 2637 4615 :
2673 4562 2906 4628 Domine,
2932 4565 2998 4613 da
3030 4565 3115 4614 isti
3147 4564 3373 4613 charito-

1842 4669 1960 4715 tem,
1989 4666 2034 4706 et
2075 4655 2300 4705 decorem
2330 4655 2510 4705 domus
2541 4664 2662 4716 tute,
2685 4663 2738 4706 ut
2769 4657 2980 4706 assistat
3005 4654 3180 4720 januis
3201 4651 3374 4716 templi

1841 4747 2005 4798 sancti
2054 4748 2147 4806 tui,
2187 4753 2233 4796 et
2283 4745 2527 4797 accendat
2553 4745 2814 4796 lucernam
2849 4729 3163 4795 tabernaculi
3198 4741 3376 4809 gloria!

1845 4847 1964 4888 tum.
2002 4835 2395 4903 Exercistarum
2430 4844 2602 4885 autem
2637 4831 3016 4901 presbyteratui
3049 4828 3375 4896 conjungunt

1845 4935 1950 4976 tam
2007 4941 2164 4992 super
2207 4926 2634 4984 catechumenos,
2671 4937 2829 4987 quant
2863 4928 2915 4971 et
2966 4935 3123 4985 super
3153 4933 3374 4984 cncrgu-

1843 5030 2043 5067 inenos.
2103 5015 2274 5078 Atque
2305 5013 2404 5062 hoc
2435 5011 2589 5061 tnodo
2627 4994 3290 5077 sensimIapprOpinquant,
3323 5018 3373 5059 et

1844 5103 2100 5152 accedunt
2147 5098 2210 5148 ad
2264 5097 2555 5148 Romanam
2595 5098 2883 5147 Ecclesiam
2924 5105 3191 5162 parentem
3224 5094 3371 5146 beni-

1844 5189 2170 5256 gnissimum,
2203 5195 2258 5235 ttt
2287 5184 2465 5251 accepi
2494 5185 2558 5235 ab
2590 5184 2954 5255 illustrissimo
2995 5185 3208 5236 domino
3237 5182 3374 5234 Onu-

1844 5277 1996 5344 phrio
2055 5273 2402 5326 Constantino
2458 5274 2858 5341 archiepiscopo
2916 5274 3265 5334 Deberitatto;
3320 5279 3373 5323 et

1846 5371 2110 5425 revocant,
2167 5371 2325 5429 atque
2371 5373 2646 5424 renovant,
2673 5365 2841 5431 quoad
2871 5369 3111 5429 possunt,
3147 5372 3370 5415 veterem

1845 5457 1982 5507 illam
2035 5453 2384 5505 ltierarcltiam
2439 5453 2662 5506 similem
2698 5453 2965 5514 Romanae,
2998 5467 3113 5518 qum
3142 5450 3370 5515 vigebat,

1843 5550 1895 5592 et
1947 5539 2304 5591 efllorescebat
2351 5539 2402 5591 itt
2459 5539 2719 5607 pritnzevis
2752 5540 2853 5592 illis
2897 5538 3140 5593 Ecclesia.-
3179 5539 3375 5589 Graecae

1847 5629 2107 5691 nascentis
2152 5630 2402 5690 exerdiis,
2439 5630 2697 5698 cujusque
2727 5646 2886 5699 penes
2915 5630 3014 5684 SS.
3044 5628 3375 5694 Dionysium.
