4122 6338
802 317 930 385 1ιο3

1467 329 1610 388 JOS.
1646 330 1899 388 MARL'E
1938 333 2286 392 SUARESII
2325 337 2547 396 LIBER
2583 339 3195 402 CiliiONOLOGlCUS

3837 333 3950 398 1464

799 429 1075 499 lgnatium,
1128 437 1179 482 et
1230 424 1573 497 Clementem,
1624 436 1861 504 aliosque
1889 435 2099 490 Grrccos
2147 438 2325 493 Patres
2355 464 2395 514 Α
2427 445 2536 496 rius
2590 445 2807 511 prola'a,
2848 461 2940 498 seu
2974 447 3077 497 duo
3107 445 3419 499 candelabra
3453 443 3683 498 lucentia
3719 441 3875 495 etiam
3908 443 3951 496 in

796 527 1004 572 exstant
1051 521 1262 587 vestigia
1292 531 1343 574 et
1371 535 1700 590 argumenta,
1732 540 1850 578 cum
1893 527 2139 581 Ecclesia:
2177 527 2329 582 Occi-

795 607 1016 659 dentalis
1063 620 1114 660 et
1165 606 1447 664 Orientalis
1497 610 1772 665 unanimes
1829 623 1881 666 et
1933 626 2324 682 contesseratae,

797 707 955 764 atque
1007 700 1274 753 foederatio
1309 701 1519 752 vinculo
1550 701 1842 766 charitatis,
1877 713 1924 757 et
1959 706 2160 773 glutine
2192 723 2328 777 verm

795 790 1091 840 concordiae
1125 790 1578 852 consociarentur,
1630 797 1874 857 tanquam
1903 795 2019 846 iluze
2063 796 2232 858 olivae,
2264 797 2328 848 de

794 877 989 942 quibus
1060 877 1366 941 Zacharias,
1399 886 1448 930 et
1486 876 1630 930 Nilus
1669 879 1778 946 ipse
1815 880 1867 930 in
1911 879 2141 947 Epistula
2173 897 2332 951 supc-

2430 536 2582 585 terris
2613 543 2732 587 ante
2783 534 3061 588 Dominum
3097 534 3854 602 Dominatorem,.Apocalyps.
3887 549 3951 597 xI,

2429 625 2481 686 4,
2512 641 2628 691 qu:e
2671 635 2726 675 ut
2785 627 3097 678 resarciatur
3129 625 3304 678 divina
3357 625 3702 677 miseratione
3755 620 3951 674 tandem

2431 713 2738 778 aliquando,
2775 713 3222 780 quemadmodum
3262 723 3370 767 toto
3420 712 3632 773 affectu,
3671 712 3953 776 intimoque

2431 817 2618 868 precor
2645 818 2707 855 ex
2741 803 2936 861 animo.
2970 803 3047 855 sic
3073 813 3125 856 et
3150 803 3356 855 ominor
3390 802 3751 870 perlubenter.

1137 1049 1219 1106 De
1252 1051 1581 1108 tentatione
1609 1050 1672 1109 S.
1710 1049 1839 1112 Nili
1869 1049 2130 1122 abbatis,
2166 1061 2221 1113 et
2249 1052 2486 1131 reliqua
2528 1055 2678 1125 vita,
2709 1063 2762 1114 et
2810 1063 3024 1126 morte,
3055 1065 3236 1134 atque
3265 1055 3566 1133 sepulcro.

866 1225 979 1280 Uno
1023 1229 1205 1296 spiritu
1256 1245 1356 1282 non
1407 1231 1576 1297 potuit
1625 1230 1728 1282 vita
1769 1229 1869 1282 Nili
1921 1233 2211 1285 transcurri
2265 1214 2351 1287 ac.

791 1317 1325 1382 exsnperari:cli\'us
1371 1330 1452 1370 est
1498 1319 1656 1370 altior
1704 1330 1754 1370 et
1803 1320 2084 1384 excelsior;
2131 1322 2327 1374 levavit

791 1405 983 1471 quippe
1014 1407 1088 1456 vir
1115 1405 1339 1456 eximius
1369 1406 1550 1458 oculos
1587 1407 1650 1457 ad
1681 1417 1883 1459 montes
1915 1408 2142 1476 erigens.
2175 1423 2329 1462 suos-

789 1506 891 1559 qne
931 1507 1143 1557 gressus
1183 1491 1376 1543 direxit
1422 1491 1484 1544 ad
1525 1508 1702 1559 rupes,
1747 1503 1799 1547 et
1839 1509 1967 1546 saxa
2004 1495 2236 1561 przealta,
2275 1503 2328 1546 et

791 1582 1032 1633 sublimia
1063 1596 1182 1633 cum
1216 1580 1488 1635 Theodulo
1521 1583 1647 1646 ﬁlio,
1689 1599 1809 1636 vere
1857 1584 1945 1636 Dei
1980 1600 2154 1638 servo.
2186 1583 2327 1637 Tan-

789 1671 952 1737 tisper
991 1671 1151 1738 igitur
1177 1672 1658 1739 eonquiescenduzn
1693 1671 1791 1723 fuit
1832 1687 1934 1724 una
1971 1689 2090 1726 etnn
2114 1674 2231 1736 illis
2274 1673 2324 1724 in

2426 1233 2533 1288 lius
2579 1244 2774 1302 partes,
2823 1235 3120 1303 Europam,
3152 1237 3331 1290 Asiam
3379 1245 3431 1290 et
3467 1236 3701 1290 Africam
3739 1235 3955 1290 inunda-

2430 1335 2555 1379 runt
2583 1325 2874 1394 superfusis
2910 1326 3595 1394 cxaminibus'populorum
3626 1326 3816 1379 exinde
3842 1342 3956 1394 pro-

2432 1415 2725 1481 factorum;
2760 1415 3021 1469 Cimbrica
3058 1430 3245 1483 nempe
3278 1415 3651 1482 Chersonesus
3690 1431 3716 1466 a
3758 1426 3956 1483 septen-

2432 1507 2600 1560 trione
2624 1523 2637 1570 ;
2664 1507 2729 1560 ab
2755 1516 2936 1560 austro
2957 1515 3130 1558 autem
3158 1505 3369 1578 Arabia,
3406 1521 3543 1573 quae,
3580 1506 3765 1560 saltem
3801 1505 3954 1572 Felix,

2430 1599 2715 1650 l’eninsula
2767 1587 2988 1660 videtur,
3037 1597 3162 1649 hinc
3216 1597 3333 1650 sinu
3383 1595 3632 1660 Arabico,
3678 1597 3801 1651 sive
3832 1601 3956 1650 mari

2433 1689 2724 1756 Erythraeo,
2773 1686 2917 1740 illinc
2949 1687 3067 1740 sinu
3102 1687 3348 1750 Persico,
3383 1696 3494 1740 tum
3529 1687 3595 1740 ab
3640 1701 3840 1741 oceano
3869 1686 3951 1739 ln-

791 1760 1069 1813 δίηθίιίοίε
1112 1761 1277 1829 iugis,
1335 1762 1387 1812 ίη
1431 1762 1702 1814 ηἶοηίίίηίε
1757 1761 1866 1823 θεῖν
1926 1765 1978 1815 in
2026 1764 2221 1831 (Ιιιῖυυε
2252 1763 2324 1815 il“
2362 1751 2400 1802 Β
2425 1751 2542 1831 dico
2569 1779 2742 1830 abluta
2771 1787 2823 1831 et
2847 1778 3379 1844 circumsepta;cum
3418 1776 3620 1830 Petraea
3645 1787 3697 1830 et
3730 1765 3978 1843 Deserta,

791 1851 1043 1902 solitaria:
1077 1851 1196 1902 vita:
1242 1851 1636 1920 praegustabant
1679 1854 2050 1906 suavissimam
2089 1854 2327 1907 dulcedi-

790 1957 934 1993 nem.
972 1941 1149 2008 Itaque
1172 1938 1275 1992 Nili
1329 1943 1518 2007 patria,
1543 1942 1776 2005 nomine,
1805 1943 2015 2006 studiis,
2054 1944 2326 2012 dignitate,

790 2028 1033 2097 conjuge,
1081 2029 1245 2096 prole.
1287 2030 1594 2089 virtutibus,
1635 2032 2002 2095 conversione,
2036 2033 2324 2100 rebusque,

789 2119 964 2185 quoad
1012 2118 1222 2186 assequi
1268 2119 1436 2186 potui,
1479 2119 1662 2186 gestis,
1708 2105 1979 2189 hucusque
2022 2125 2325 2187 transactis,

791 2208 1114 2276 colligendus
1143 2218 1222 2260 est
1249 2207 1455 2260 fructus
1482 2210 1706 2262 tirocinii
1745 2213 2043 2276 rnonastici,
2081 2214 2130 2266 in
2158 2230 2328 2285 eoque

792 2285 1148 2365 percipiendo,
1205 2308 1255 2351 et
1289 2299 1642 2365 excerpendo,
1685 2310 1737 2353 et
1775 2303 2030 2370 quidquid
2075 2307 2192 2359 vita:
2236 2322 2328 2359 su-

791 2390 985 2458 perfuit
1015 2390 1359 2453 recensendo,
1387 2390 1533 2458 juvat
1564 2407 1775 2457 operam
1809 2409 2001 2448 navare
2030 2407 2323 2461 strenuam,

790 2482 958 2533 donec
999 2480 1063 2532 ad
1115 2489 1306 2532 metam
1354 2481 1687 2547 perveniam,
1741 2482 2089 2551 ultimamque
2131 2485 2327 2540 lineam

789 2571 1003 2633 ducam,
1033 2576 1083 2621 et
1121 2571 1360 2636 sepulcra
1390 2584 1730 2636 componam.

859 2657 1151 2725 lntentator
1180 2665 1260 2710 est
1289 2656 1549 2709 malorum
1581 2656 1718 2712 Deus
1737 2699 1751 2723 ,
1781 2660 1858 2713 uti
1899 2662 2088 2715 scribit
2115 2673 2332 2717 sanctus

787 2743 1019 2799 Iacobus
1066 2747 1339 2812 apostolus
1375 2746 1425 2797 in
1459 2746 1616 2812 epist.
1653 2763 1705 2811 ν,
1747 2748 1830 2802 l5.
1863 2748 2107 2803 Tentavit
2152 2759 2332 2804 tamen

787 2834 1056 2885 Abraham
1087 2832 1218 2887 Gen.
1254 2849 1384 2898 xxu,
1418 2835 1441 2885 l
1474 2849 1620 2902 seqq.
1664 2849 1824 2903 super
1871 2834 2022 2891 lsaac
2073 2837 2184 2890 ﬁlio
2231 2852 2333 2892 suo

791 2923 1092 2993 unigenito,
1125 2938 1280 2991 quem
1320 2922 1572 2992 diligebat
1607 2925 1781 2990 unice,
1804 2914 1884 2978 ἰιι
1923 2927 2009 2994 pia
2042 2926 2160 2994 ejus
2205 2928 2334 2982 obe-

2428 1883 2546 1919 nam
2581 1867 2631 1918 in
2663 1867 2760 1919 has
2795 1873 2899 1919 tres
2933 1875 3036 1917 tota
3077 1864 3329 1918 dividitur
3361 1865 3578 1928 Arabia,
3614 1880 3812 1934 perque
3841 1867 3958 1918 istas

2425 1957 2558 2010 duas
2583 1958 2815 2010 adlneret
2846 1955 3166 2018 Palazstinm,
3199 1971 3262 2009 ac
3297 1955 3482 2024 Syria',
3516 1971 3544 2008 a
3575 1971 3678 2023 qua
3705 1956 3953 2011 dirimitu.

2426 2046 2692 2114 Euphrate
2726 2046 2883 2099 ﬂuvio
2905 2041 3270 2107 interﬂuente;
3305 2044 3700 2099 Chersonesum
3728 2045 3955 2098 Cimbri-

2425 2152 2539 2190 cam
2573 2152 2601 2188 a
2636 2135 2862 2190 Cimbris
2903 2137 3105 2189 dictam
3148 2135 3360 2203 populis
3384 2174 3398 2197 ,
3445 2148 3553 2202 quo
3585 2135 3801 2187 nomine
3838 2134 3961 2188 Gcr~

2428 2228 2568 2281 mani
2607 2234 2800 2280 vocant
2843 2227 2964 2288 τοὺς
2990 2226 3185 2296 λῃστάς
3205 2267 3221 2291 ,
3259 2226 3310 2280 id
3341 2233 3453 2290 est,
3493 2227 3722 2278 latrones
3742 2266 3754 2289 ,
3789 2228 3830 2279 si
3861 2241 3958 2293 qua

2425 2315 2554 2369 ﬁdes
2581 2314 2865 2369 Plutarcho
2910 2315 2962 2367 in
2990 2300 3194 2380 Morio,
3240 2315 3474 2368 arbitror
3513 2329 3632 2369 esse
3661 2315 3818 2367 ollam
3851 2330 3957 2368 suco

2426 2418 2638 2457 censam
2663 2441 2677 2465 ,
2709 2416 2866 2470 quam
2911 2398 3236 2468 praeviderat
3260 2398 3518 2453 Jeremias
3552 2415 3583 2452 a
3631 2399 3768 2452 facie
3820 2402 3962 2468 aqui-

2427 2495 2565 2548 lonis
2589 2509 2639 2546 c.
2679 2506 2718 2556 ι,
2756 2507 2807 2543 v.
2843 2490 2926 2543 l5.
2960 2489 3114 2543 Certe
3158 2487 3419 2551 Scandia,
3469 2489 3584 2552 sive
3619 2488 3961 2542 Scandinavia

2429 2583 2536 2652 (ita
2578 2581 2721 2635 enim
2760 2587 3098 2647 nuncupatur
3151 2576 3266 2631 haec
3312 2576 3590 2645 peninsula
3645 2578 3783 2630 inter
3827 2593 3964 2631 mare

2428 2673 2721 2737 Baltieum,
2753 2686 2846 2724 seu
2889 2670 3160 2724 Codanum
3207 2668 3418 2732 sinum,
3452 2677 3507 2722 et
3547 2683 3810 2722 oceanum
3853 2685 3963 2737 scp-

2430 2761 2798 2829 tentrionalem
2833 2768 3053 2814 extensa
3089 2757 3262 2810 Plinio
3286 2764 3340 2810 et
3365 2756 3586 2825 Solino)
3628 2743 3966 2824 cognomina-

2431 2863 2517 2908 tur
2560 2852 2749 2918 vagina
2770 2849 3028 2920 gentium,
3050 2855 3102 2901 et
3125 2832 3336 2899 elﬁcina
3356 2846 3658 2907 nationum,
3685 2844 3808 2912 quia
3832 2845 3964 2898 sicut

2431 2943 2606 2998 innuit
2625 2940 2922 2994 Jornandes
2944 2937 3036 3006 (an
3063 2935 3364 2990 Gordianus
3396 2935 3680 2998 diaconus,
3710 2935 3798 3002 qui
3851 2935 3966 2989 scri-

789 3013 985 3066 dientia
1016 3014 1176 3084 676
1207 3015 1517 3082 probaretur
1552 3013 1761 3068 saeculis
1791 3014 1844 3066 in
1876 3015 2118 3070 notitiam
2153 3015 2331 3085 prole-
2357 3057 2399 3114 α

2357 3057 2399 3114 c
2431 3033 2616 3101 psitde
2632 3031 2791 3084 rebus
2819 3026 3050 3082 Geticis?
3067 3027 3107 3090 ),
3125 3039 3190 3079 ex
3211 3039 3278 3114 ea
3297 3024 3547 3077 nimirum
3568 3023 3966 3114 innumerabilis

788 3103 976 3168 renda;
1011 3103 1166 3171 idque
1192 3103 1477 3156 observant
1505 3111 1720 3156 sanctus
1748 3103 2098 3170 Augustinus,
2117 3105 2212 3166 lib,
2244 3120 2331 3158 xvi

793 3190 868 3244 Ile
914 3191 1118 3243 civitate
1146 3189 1256 3253 Dei,
1296 3205 1344 3244 c.
1377 3191 1464 3254 52,
1497 3199 1548 3244 et
1586 3201 1802 3246 sanctus
1830 3190 2064 3247 Joannes
2099 3192 2335 3263 Chryso-

794 3291 1021 3343 stomus,
1055 3282 1196 3334 hom.
1225 3282 1257 3334 4
1281 3282 1333 3333 in
1369 3279 1574 3344 Cenem,
1601 3295 1706 3334 non
1737 3290 1912 3335 autem
1945 3282 2044 3348 ipsi
2093 3282 2216 3347 Deo,
2249 3282 2334 3336 cui

796 3381 920 3425 nota
971 3381 1083 3425 erat
1142 3371 1257 3439 ejus
1305 3370 1435 3425 ﬁdes
1486 3371 1799 3440 singularis.
1855 3370 2074 3425 Tentari
2123 3388 2336 3441 quoque

797 3464 1036 3531 permisit
1068 3462 1204 3515 Deus
1244 3477 1455 3516 servum
1503 3478 1658 3517 suum
1711 3462 1809 3517 Job
1847 3464 1983 3530 (toto
2013 3464 2146 3516 libro
2175 3463 2335 3531 Job),

797 3551 889 3607 sed
932 3551 1098 3604 ﬁdelis
1146 3552 1468 3613 Altissimus,
1530 3567 1704 3620 neque
1766 3553 1967 3618 patitur
2015 3567 2336 3620 quemquam

799 3642 1180 3709 tentari'supra
1209 3640 1262 3694 id
1293 3641 1433 3709 quod
1480 3650 1671 3709 potest,
1706 3640 1834 3695 facit
1872 3642 2030 3695 etiam
2068 3657 2187 3694 cum
2224 3652 2341 3695 ten-

800 3732 998 3784 tatione
1027 3740 1362 3798 proventum,
1395 3731 1471 3784 sic
1495 3730 1635 3783 enim
1667 3731 1856 3798 probat
1887 3732 2030 3785 velut
2055 3733 2340 3800 explorans

794 3824 1065 3888 justorum
1106 3819 1294 3880 ﬁdem.
1333 3834 1362 3872 e
1401 3827 1586 3873 sancto
1625 3820 1792 3873 Paulo
1821 3821 2009 3876 llCor.
2050 3839 2115 3885 x,
2153 3823 2254 3886 l5;
2290 3830 2341 3874 et

799 3925 830 3961 e
861 3920 1045 3962 sancto
1091 3911 1421 3979 Augustino,
1453 3925 1610 3964 serm.
1640 3925 1676 3963 ll
1724 3910 1800 3963 De
1848 3914 2010 3964 verbis
2056 3912 2260 3962 Domini
2291 3913 2344 3962 in

803 3997 1107 4050 Muuhwum
1131 4013 1182 4060 χ,
1207 4008 1262 4047 ιιι
1290 4013 1382 4050 eos
1402 4005 1641 4050 coronet.
1667 3996 1862 4049 Sancto
1884 3998 2164 4051 Ambrosio
2190 4005 2340 4058 teste,

797 4088 894 4141 lib.
927 4102 977 4140 ιν
1034 4086 1105 4140 De
1143 4085 1364 4151 Abarin,
1415 4101 1463 4141 c.
1495 4084 1526 4138 8
1549 4123 1563 4147 ,
1612 4099 1710 4139 nec
1743 4086 1989 4150 sustinet,
2032 4087 2263 4155 sinitque
2293 4088 2343 4140 in

795 4180 1144 4232 .tentationem
1193 4193 1285 4231 eos
1331 4177 1532 4240 induci,
1577 4177 1654 4230 vel
1694 4177 1994 4249 εἰσενέγκῃ,
2041 4185 2098 4231 ut
2130 4186 2347 4231 sanctus

799 4268 1133 4337 Augustinus
1162 4269 1376 4335 exponit
1408 4283 1454 4320 c.
1485 4269 1538 4330 9,
1568 4269 1658 4322 lib.
1691 4285 1725 4321 ιι
1758 4269 1832 4321 De
1858 4284 2013 4321 serm.
2053 4268 2262 4321 Domini
2291 4272 2347 4321 in

2435 3117 2712 3170 hominum
2755 3111 3038 3168 multitudo
3086 3109 3312 3164 diversis
3359 3107 3691 3176 temporibus
3731 3107 3965 3175 prosiliit,

2435 3216 2488 3262 et
2519 3200 2611 3273 per
2648 3213 2838 3265 totum,
2883 3186 3040 3270 quam
3091 3200 3195 3252 late
3234 3205 3398 3267 patet,
3440 3195 3648 3250 telluris
3675 3194 3968 3249 habitabilis

2436 3297 2665 3365 spatium
2710 3293 2832 3347 inde
2876 3289 3269 3358 commigravit,
3321 3302 3452 3340 neve
3500 3295 3739 3354 repetam
3784 3284 3968 3338 effusos

2436 3387 2626 3442 exinde
2654 3382 2922 3444 Cimbros,
2958 3378 3282 3441 Ambronas,
3313 3386 3366 3430 et
3400 3374 3694 3437 Teutonas,
3731 3390 3759 3427 a
3791 3374 3968 3427 Catulo

2438 3478 2598 3531 variis
2639 3475 2833 3544 prteliis
2863 3471 3092 3534 attritos,
3127 3477 3180 3524 et
3209 3483 3238 3522 a
3267 3467 3326 3521 (Ξ.
3375 3465 3540 3520 Mario
3568 3465 3633 3518 ad
3663 3465 3969 3517 internecio-

2441 3577 2559 3614 nem
2601 3575 2770 3626 usque
2828 3558 3027 3610 deletos
3059 3558 3109 3608 in
3148 3553 3420 3624 provincia
3450 3550 3818 3614 Narbonense,
3855 3549 3967 3602 dum

2441 3647 2637 3704 Gallias
2667 3645 2955 3714 pervagati,
2979 3653 3032 3697 et
3062 3643 3422 3706 Germaniam,
3448 3640 3966 3692 invaderentltaliam

2441 3738 2542 3792 sub
2573 3749 2771 3790 annum
2808 3733 2874 3786 ab
2901 3730 3045 3785 Urbe
3072 3730 3285 3782 condita
3318 3727 3440 3790 650,
3474 3736 3525 3779 et
3554 3737 3679 3779 ante
3711 3727 3966 3778 Christum

2442 3835 2624 3881 natum
2657 3820 3132 3893 102,-testantibus
3173 3818 3333 3889 677
3382 3816 3655 3869 Plutarch.
3695 3816 3746 3868 in
3792 3813 3966 3876 Mario,

2444 3913 2637 3982 p.140;
2677 3911 2890 3971 Velleio,
2922 3909 3014 3962 lib.
3037 3924 3096 3973 ιι,
3125 3923 3245 3976 pag.
3281 3909 3410 3970 HE);
3433 3903 3666 3970 Iustino,
3691 3905 3782 3958 lib.
3803 3919 3968 3965 vam,

2444 4015 2565 4067 pag.
2604 3997 2743 4062 224;
2792 3996 2989 4048 Annaeo
3030 3994 3221 4055 Floro,
3254 3993 3344 4047 lib.
3382 4008 3461 4045 ιιι.
3503 4008 3549 4047 c.
3586 3995 3639 4057 5;
3669 3992 3857 4057 Plinio,
3887 3991 3966 4046 lib.

2446 4103 2519 4152 tv,
2546 4102 2594 4142 c.
2626 4087 2721 4150 l4;
2761 4084 2928 4138 Paulo
2969 4082 3182 4143 Orosio,
3207 4081 3300 4134 lib.
3332 4097 3386 4145 v,
3422 4096 3471 4133 c.
3508 4081 3603 4144 16;
3652 4081 3901 4148 Eutropio
3925 4079 3967 4130 in

2448 4179 2686 4247 Epitome
2713 4176 2960 4240 Liviana;
3004 4171 3306 4226 Berthaudo
3339 4170 3390 4222 in
3424 4169 3574 4222 Flor.
3616 4171 3757 4224 Call.
3787 4173 3876 4223 lib.
3902 4186 3967 4231 tu,

2447 4285 2494 4324 ο.
2526 4270 2576 4322 4.
2624 4269 2754 4322 Cum
2815 4266 3001 4320 Decius
3049 4263 3311 4331 Trajanus
3360 4259 3680 4327 imperaret,
3733 4258 3885 4311 Gothi
3916 4273 3968 4309 cx

801 4368 992 4420 monte,
1026 4372 1123 4410 nec
1161 4356 1376 4408 omnino
1419 4357 1670 4421 immittit,
1713 4373 1805 4410 seu
1842 4357 2095 4424 relinquit
2137 4358 2338 4425 virgam
2374 4357 2418 4412 D
2443 4359 2623 4413 eadem
2664 4356 2941 4424 peninsula
2970 4354 3095 4416 orti,
3128 4350 3447 4417 deductique
3470 4348 3523 4400 in
3555 4346 3848 4415 Scythiam,
3875 4356 3966 4398 tum

802 4457 1142 4514 peccatorum
1178 4461 1338 4523 super
1377 4454 1573 4500 sortem
1600 4445 1864 4514 justorum
1891 4486 1906 4508 ,
1938 4461 1967 4498 e
2001 4447 2138 4518 psal.
2167 4462 2343 4512 cxxiv,

808 4538 860 4601 '5,
918 4544 976 4590 ut
1023 4537 1250 4604 explicat
1305 4536 1739 4605 eloquentissime
1789 4545 2010 4612 sanctus
2064 4536 2349 4605 Gregorius

809 4627 1194 4694 Nazianzenus,
1221 4637 1356 4678 orat.
1389 4643 1424 4689 ι,
1464 4643 1514 4695 p.
1551 4627 1672 4680 588.

877 4718 1121 4771 Tentavit
1150 4716 1307 4770 etiam
1338 4717 1514 4769 Nilum
1549 4718 1685 4770 Deus
1716 4731 1873 4784 super
1904 4716 2013 4768 ﬁlio
2051 4732 2150 4768 suo
2175 4714 2352 4769 Theo-

809 4808 976 4872 ilulo,
1031 4816 1088 4861 ut
1150 4807 1306 4860 ambo
1363 4805 1703 4874 pretiosiores
1755 4804 2119 4857 invenirentur
2174 4818 2348 4869 auro,

805 4898 949 4965 quod
993 4913 1085 4965 per
1115 4899 1286 4966 ignem
1319 4898 1600 4966 probatur,
1634 4912 1664 4950 e
1692 4899 1879 4951 san‘cto
1924 4895 2079 4949 Petro
2126 4894 2179 4962 (ι
2206 4895 2348 4948 Petr.

811 5001 860 5051 ι,
903 4985 1284 5052 7).Cecinerat
1325 4985 1614 5053 profanus,
1658 4993 1711 5038 et
1743 4984 2006 5053 relegatus
2050 4980 2138 5033 ille
2176 4989 2347 5047 poeta:

883 5082 1090 5155 S‘eiiicet
1118 5093 1172 5135 ut
1202 5085 1397 5150 fulvum
1426 5097 1685 5155 spectatur
1706 5087 1758 5137 in
1790 5086 1988 5153 ignibus
2021 5097 2207 5137 aurum
2226 5120 2241 5146 ,

824 5160 828 5164 ’
934 5153 1199 5221 'Tempore
1224 5155 1295 5204 sic
1323 5153 1460 5207 duro
1481 5165 1553 5207 est
1583 5154 1898 5222 inspicienda
1927 5155 2075 5221 ﬁdes.

815 5247 1070 5322 llancque
1124 5263 1489 5323 tempestatem
1537 5255 1885 5322 procellosam
1935 5261 2243 5308 consecuta
2273 5257 2355 5304 est

813 5339 1076 5401 mirabilis
1118 5346 1501 5414 tranquillitas,
1542 5345 1795 5413 illazsique
1856 5346 2070 5398 fuerunt
2117 5344 2275 5395 ambo
2303 5340 2352 5392 in

818 5437 975 5503 aquis
1019 5435 1225 5492 validis.
1253 5435 1293 5486 ll
1323 5435 1475 5488 Esdr.
1507 5449 1579 5496 ιχ,
1607 5433 1692 5485 Η.
1715 5433 1839 5486 Duae
1869 5443 1992 5487 sunt
2020 5433 2353 5501 potissimum

825 5526 876 5577 in
913 5527 1160 5579 universo
1196 5535 1454 5578 terrarum
1487 5525 1614 5578 orbe
1656 5522 1928 5591 regiones,
1962 5539 2080 5589 quas
2113 5522 2271 5574 variis
2302 5521 2353 5571 in

818 5618 1025 5669 necatis
1073 5628 1178 5672 tres
1215 5617 1535 5672 notissimas.
1572 5625 1621 5668 et
1663 5615 1982 5667 cohrcrentes
2029 5613 2250 5665 invicem
2290 5610 2352 5664 il-

2449 4447 2592 4501 Getis
2636 4446 2875 4511 immisti,
2907 4445 3171 4512 Gothique
3207 4441 3474 4511 appellati,
3505 4439 3661 4507 quasi
3695 4438 3898 4505 γόητες,
3927 4436 3967 4487 id

2449 4539 2528 4585 est
2556 4533 2714 4599 magi,
2737 4532 2848 4584 sive
2881 4531 3258 4592 incantatores,
3282 4542 3403 4580 eum
3433 4525 3765 4579 devicerunt.
3806 4522 3915 4575 Mox
3946 4535 3967 4571 a

2450 4618 2689 4682 Claudio,
2729 4617 3010 4682 Proboque
3059 4617 3270 4679 domiti,
3301 4623 3354 4667 et
3379 4614 3565 4668 crediti
3616 4613 3728 4681 Gog
3778 4622 3828 4665 ct
3877 4610 3969 4662 Ma-

2449 4721 2568 4775 gog,
2634 4720 2768 4775 quos
2827 4705 3208 4775 przenuntiarat
3276 4702 3517 4756 Ezechiel
3567 4717 3616 4756 c.
3678 4717 3873 4754 xxxvnt
3929 4709 3970 4753 et

2451 4809 2634 4858 xxxrx,
2659 4805 2711 4848 et
2740 4795 2804 4848 de
2825 4795 3021 4863 quibus
3043 4792 3152 4860 agit
3178 4799 3398 4843 sanctus
3417 4787 3672 4854 Joannes,
3695 4789 3964 4857 Apocalyp.

2449 4902 2539 4950 xx,
2577 4886 2640 4951 7;
2683 4894 2899 4939 sanctus
2928 4883 3263 4948 Augustinus
3310 4880 3407 4935 lib.
3460 4894 3526 4933 xx
3584 4880 3658 4934 De
3700 4881 3840 4934 civit.
3871 4878 3966 4938 Dei,

2451 4992 2501 5029 c.
2526 4976 2608 5040 ll;
2628 4973 2872 5036 Orosius,
2901 4972 2993 5024 lib.
3014 4984 3109 5031 vlt,
3132 4983 3180 5023 c.
3199 4968 3286 5033 39,
3311 4968 3633 5037 fortunaque
3655 4983 3776 5021 cum
3795 4967 3969 5020 Roma-

2452 5067 2535 5120 nis
2576 5065 2692 5118 orbi
2747 5061 3145 5117 dominantibu’s
3177 5075 3320 5114 nunc
3355 5073 3633 5128 prospera,
3673 5058 3969 5125 quandoque

2451 5156 2673 5209 adversa
2718 5159 3011 5222 pugnantes
3054 5150 3326 5204 Valentem
3371 5148 3644 5210 fuderunt,
3681 5147 3802 5201 dein
3847 5145 3967 5198 Con-

2453 5241 2851 5310 stantinopolim
2885 5241 3227 5302 obsederunt,
3277 5237 3399 5290 inde
3438 5235 3661 5288 Romam
3710 5242 3964 5308 ceperunt,

2453 5343 2505 5388 ct
2525 5335 2870 5388 obtinuerunt
2890 5331 2988 5384 sub
3010 5331 3243 5399 regibus,
3268 5329 3437 5380 donec
3459 5341 3485 5379 a
3513 5324 3736 5380 Narscte
3760 5324 3965 5386 subacti,

2455 5434 2505 5477 et
2538 5422 2868 5478 exterminati
2909 5422 3119 5475 fuerunt
3150 5435 3204 5472 in
3238 5417 3410 5472 Italia.
3440 5417 3569 5481 Quae
3596 5426 3770 5469 autem
3802 5425 3965 5468 eorum

2457 5514 2629 5580 portio
2676 5514 2726 5564 in
2775 5510 3116 5564 Narbonense
3162 5507 3431 5577 provincia
3483 5506 3814 5564 subsederat,
3864 5513 3966 5569 qua:

2459 5603 2522 5655 ab
2571 5602 2650 5654 bis
2700 5599 3000 5668 Langothire
3053 5613 3242 5652 nomen
3287 5596 3385 5650 fuit
3430 5596 3659 5662 sortita,
3699 5601 3876 5661 postea
3919 5588 3962 5641 in
