4122 6338
350 307 486 373 1405
699 344 703 350 ·
1580 373 1582 375 .
1625 322 1721 380 DE
1755 323 1878 384 VIT

1973 325 2022 386 5.
2050 327 2208 387 NiLI
3084 342 3086 345 '
3414 339 3542 403 1405

347 419 653 490 Hispaniam
713 431 1042 495 transgressa
1093 443 1215 482 cum
1276 429 1458 485 Alanis
1519 441 1571 487 et
1619 433 1886 500 Yandaiis,
1917 442 2346 510 Acalipharum,
2397 460 2520 500 mox
2577 445 2924 503 Sullanorum
2967 450 3127 506 ductu
3173 453 3272 509 sibi
3295 454 3546 509 subdide-

344 513 629 606 gentilibus
659 515 810 580 suis,
839 527 892 570 et
933 516 1281 584 Gothaianioa,
1331 538 1426 577 seu
1465 522 1753 579 Cataionim
1799 541 1895 580 no-
1995 539 2119 585 runt
2157 548 2301 586 anno
2346 534 2468 599 635,
2501 546 2551 590 et
2583 535 2847 592 Persidem
2897 553 3038 593 anno
3084 541 3208 606 639,
3241 543 3349 594 imo
3378 553 3539 596 totam

345 603 1130 694 meu_dedit,_ethandaiusire
1159 609 1441 678 imposuit,
1469 623 1521 666 et
1549 613 1600 667 iu
1631 614 1894 668 Tarraco—
1990 621 2346 675 obtinuerunt
2392 606 2650 690 Africam,
2681 635 2733 679 et
2760 627 2993 694 depulsis
3029 603 3306 694 Romanis,
3342 630 3542 685 Mauri~
3595 675 3599 680 .

343 690 522 787 nensi,
675 691 933 748 Toletana
986 712 1206 765 regnum
1257 699 1551 755 Gothorum
1592 706 1887 768 constituit,
1989 712 2183 775 tanias,
2223 720 2278 766 et
2303 711 2644 776 Numidiam,
2675 690 2926 784 mistique
2956 715 3210 773 Vaudalis
3253 690 3321 772 ibi
3354 736 3540 787 supcr-

340 784 580 880 nundad
616 786 923 880 Austria‘cns
973 792 1248 857 pervenit:
1300 791 1519 846 Vandali
1565 797 1720 848 etiam
1769 797 1892 850 inde
1988 805 2231 866 stitibus,
2269 807 2680 860 communicatis
2721 811 3063 875 nominibus,
3094 813 3168 865 uti
3203 784 3539 880 superstitio-

341 871 665 939 trajicieutes
693 875 745 927 in
777 874 1033 941 Africam,
1067 893 1128 932 ea
1165 880 1336 946 potiti,
1386 881 1612 935 Romam
1659 884 1891 952 diripue-

338 970 482 1023 runt,
511 971 564 1014 et
587 961 821 1017 Africam
863 979 1212 1036 occuparunt,
1238 985 1518 1038 quousque
1573 972 1886 1041 Beiisarius,

331 1050 484 1117 jussu
508 1051 793 1107 Justiniani
818 1059 1039 1126 Augusti
1067 1075 1160 1114 eos
1190 1061 1431 1114 abolerit.
1473 1061 1548 1117 Ne
1586 1079 1886 1120 recenseam

1988 895 2166 959 nibus,
2219 892 2418 950 Christi
2470 895 2677 950 Domini
2726 898 3060 954 divinitatem
3107 903 3447 971 abnegantes,
3487 905 3538 955 in

1986 983 2270 1053 Hispanias
2292 989 2637 1056 trajeceruut,
2665 1000 2714 1040 et
2743 989 2793 1040 in
2823 989 3044 1053 Gallias,
3076 991 3244 1046 donec
3266 1007 3356 1046 eos
3379 995 3540 1045 Carn-

1986 1073 2070 1129 lus
2101 1072 2359 1128 Martialis
2392 1091 2456 1128 an
2489 1075 2710 1129 Tudes?
2754 1087 2857 1129 tam
2905 1079 3099 1132 celebri
3136 1083 3410 1143 contudit,
3445 1099 3539 1134 ox-

336 1140 553 1238 tjallias.
594 1144 654 1238 in
689 1146 886 1214 quibus
912 1149 1085 1238 adhuc
1113 1166 1290 1204 rerum
1332 1154 1610 1214 potiuntur
1643 1155 1831 1209 Franci
1857 1173 1888 1210 θ
1984 1166 2279 1234 stinxitque
2313 1166 2513 1234 prmtio.
2552 1165 2661 1218 imo
2695 1164 2929 1219 Siciliam
2953 1207 2968 1231 ,
3014 1177 3067 1221 et
3109 1168 3331 1222 Romam
3370 1140 3535 1238 ipsum

338 1228 726 1298 Scandiuavia,
779 1251 871 1290 seu
917 1236 1180 1292 Cimbrica
1223 1241 1562 1298 Chersoneso
1615 1250 1884 1315 progressi

237 1389 248 1397 .
334 1324 519 1386 etiam,
553 1330 952 1396 propagatique,
979 1329 1054 1382 uti
1086 1330 1369 1386 Turnebus
1399 1333 1625 1390 affirmat
1646 1352 1764 1405 cap.
1793 1339 1882 1398 57.

334 1414 428 1469 Ιίιι.
460 1416 580 1468 xxiv
606 1417 887 1472 Adversar.
917 1427 1194 1487 postquam
1224 1423 1277 1474 in
1304 1422 1645 1478 Germaniam
1675 1426 1876 1491 diiiusi,

331 1508 649 1561 commorati
695 1508 922 1563 fuissent
967 1510 1183 1574 ibidem,
1229 1520 1282 1566 et
1327 1511 1640 1569 Franeonize
1685 1531 1880 1572 nomen

331 1595 671 1661 indidissem,
724 1597 1312 1670 Belgicamlaggressi,
1350 1604 1601 1659 Cclticam
1647 1623 1879 1676 quoque,

237 1737 248 1743 .
329 1700 392 1739 ac
417 1687 814 1756 Aquitanicam,
853 1689 1366 1764 Narbonensequ
1391 1708 1668 1765 ceperunt,
1704 1707 1756 1751 et
1787 1698 1882 1753 ﬂos

1982 1255 2348 1324 diripuerunt,
2403 1269 2465 1310 ac
2516 1264 2818 1320 vastarunt,
2869 1273 3224 1326 magnamque
3268 1259 3526 1313 Graeciam

1980 1347 2343 1400 detinuerunt.
2372 1344 2494 1400 ideo
2520 1345 2771 1414 Vaginam
2802 1348 3177 1411 Vaudalorum,
3208 1350 3256 1401 id
3285 1359 3365 1403 est
3389 1391 3404 1413 ,
3437 1349 3536 1402 Sa-

1980 1446 2319 1496 racenorum,
2341 1448 2432 1489 seu
2454 1436 2757 1504 Maurorum
2781 1438 2881 1491 sub
2918 1436 3112 1490 Carolo
3145 1437 3334 1507 Magno
3375 1438 3535 1492 fuisse

1979 1523 2039 1576 P.
2074 1524 2306 1578 Guesnai
2340 1525 2391 1576 in
2420 1524 2580 1577 Maria
2615 1524 2923 1593 Magdalena
2953 1525 3282 1580 Massiliense
3312 1528 3532 1588 advena,

1981 1627 2030 1679 p.
2063 1612 2187 1676 562,
2223 1613 2420 1666 dictam
2451 1612 2615 1667 fuisse
2642 1612 2874 1666 Africam
2910 1613 3155 1678 alllrmat,
3188 1623 3241 1668 et
3289 1630 3387 1682 ego
3420 1616 3536 1669 fuse
3592 1608 3594 1612 ⁷

1979 1701 2150 1772 probo
2180 1703 2232 1756 in
2263 1698 2637 1757 Dissertatione
2665 1702 2726 1756 de
2753 1702 3062 1772 patrimonio
3118 1713 3261 1772 pont.
3297 1704 3444 1758 Rom.
3477 1707 3531 1760 in

329 1781 695 1837 rentissimum
744 1795 964 1852 regnum
1015 1784 1408 1853 tundaveruut;
1447 1805 1544 1844 nee
1591 1792 1738 1846 enim
1775 1796 1884 1850 An-
1914 1761 1955 1814 Β
1983 1792 2212 1864 provinc.
2252 1791 2606 1847 Narbonense.
2647 1797 2814 1846 Antea
2847 1793 3196 1862 praeiuseraut
3242 1794 3406 1848 variis
3441 1810 3532 1849 ex-

328 1869 468 1938 gios,
507 1873 598 1940 qui
641 1873 960 1938 Britannias,
1013 1890 1111 1930 nec
1139 1874 1554 1946 Langobardos,
1589 1883 1680 1950 qui
1722 1900 1885 1938 occu-

326 1968 524 2026 parunt
552 1958 754 2014 italiam
785 1963 1125 2028 postmodum
1155 1967 1587 2020 commemorabo
1611 2009 1625 2031 ,
1677 1968 1884 2038 regnis-

327 2061 433 2114 que
459 2047 532 2100 ibi
563 2049 794 2102 conditis
815 2050 1059 2104 eamdem
1079 2052 1338 2120 originem
1367 2066 1694 2124 agnoscunt;
1724 2060 1883 2114 omit-

328 2147 440 2192 tam
491 2151 746 2208 praeterea
804 2141 1064 2209 lieruios,
1118 2144 1468 2216 Bnrgundos,
1524 2148 1878 2214 Normannos,

1983 1882 2324 1936 cursionibus
2357 1893 2610 1954 vexantes
2644 1881 2874 1951 Syriam,
2902 1889 2954 1934 et
2979 1881 3341 1944 Paiazstinam,
3379 1883 3532 1938 babi-

1983 1979 2155 2026 ta'ntes
2180 1968 2231 2023 in
2262 1971 2526 2034 tentoriis,
2554 1970 2699 2024 isaize
2727 1971 2949 2035 xm,‘20.
2985 1969 3245 2024 Latrones
3277 1973 3528 2033 Arabum.

1980 2061 2070 2130 qui
2123 2069 2297 2114 castra
2332 2061 2654 2124 inraserant,
2708 2076 2892 2114 omnes
2944 2059 3176 2128 majores
3223 2070 3348 2113 natu
3395 2047 3532 2112 filios

1977 2150 2161 2205 Joram
2216 2150 2357 2221 regis
2389 2147 2523 2205 Juda
2573 2148 2972 2214 interfecerunt,
3016 2151 3252 2204 Arabum
3308 2151 3528 2214 scilicet,

327 2226 577 2288 Hunnus.
603 2229 884 2299 Bulgaros.
916 2243 968 2286 et
996 2235 1130 2289 alios
1163 2238 1405 2304 populos,
1437 2239 1528 2307 qui
1553 2255 1615 2292 ex
1645 2256 1708 2293 eo
1739 2240 1884 2294 fonte
1942 2260 1946 2263 ·
1976 2244 2068 2312 qui
2119 2229 2357 2296 contines
2409 2249 2533 2294 sunt
2590 2239 2969 2309 EthiOpibus;
3030 2255 3153 2293 nam
3203 2241 3398 2309 duplex
3449 2252 3531 2294 est

328 2326 648 2383 manarunt,
686 2321 1009 2392 nominaque
1057 2338 1153 2378 sua
1219 2333 1510 2394 posuerunt
1541 2328 1596 2380 iu
1630 2328 1806 2383 terris.
1976 2327 2246 2401 Ethiopia
2274 2350 2286 2385 :
2319 2340 2440 2401 post
2472 2329 2755 2402 Egyptum
2802 2331 2986 2395 altera,
3022 2330 3075 2383 in
3128 2330 3323 2383 finibus
3366 2328 3530 2382 Palzr-

399 2409 477 2462 Ad
522 2410 772 2464 Arabiam
807 2427 888 2466 me
918 2425 1191 2486 converto,
1239 2429 1360 2484 qua:
1396 2417 1549 2484 quasi
1593 2415 1773 2486 Ereps,
1825 2419 1876 2472 id
1974 2423 2150 2488 stinae,
2199 2434 2294 2476 seu
2331 2419 2507 2474 Terrae
2540 2420 2748 2474 Sancta:
2778 2428 2831 2473 et
2868 2418 3053 2483 Sinai;
3110 2419 3235 2478 alia.
3272 2419 3384 2470 sive
3418 2418 3528 2471 Ma-

327 2502 429 2555 cst,
474 2494 695 2548 occidua
728 2505 783 2550 et
831 2499 1132 2561 tenebrosa,
1181 2509 1238 2553 ut
1274 2499 1508 2570 Scaliger
1543 2504 1656 2557 vult
1693 2505 1744 2557 in
1780 2503 1877 2558 Fe-
1973 2512 2118 2574 dian,
2151 2525 2181 2563 a
2211 2524 2316 2579 qua
2344 2507 2586 2577 Sephora
2608 2523 2744 2561 uxor
2769 2505 2993 2574 Moysis.
3027 2503 3355 2572 Ethiopissa
3386 2505 3526 2558 dicta

329 2591 492 2648 stum,
535 2585 780 2653 inquam
827 2585 1113 2656 Pom'peius
1159 2598 1464 2656 penetrans,
1499 2588 1771 2660 Agarenos
1799 2595 1868 2646 vi-

1973 2614 2021 2655 c.
2061 2613 2099 2653 ll
2125 2596 2291 2652 Exod.
2317 2603 2368 2650 et
2394 2611 2444 2650 c.
2471 2612 2542 2649 xu
2565 2595 2841 2649 Numeror.
2872 2593 2941 2647 De
2964 2594 3145 2648 hacin
3181 2592 3312 2658 psal.
3346 2607 3524 2651 ιινιιτ

327 2683 493 2740 eerat,
543 2672 839 2733 Saracenos
865 2678 986 2730 dein
1018 2680 1308 2747 appellatos
1348 2693 1451 2734 non
1486 2683 1553 2734 ab
1600 2683 1741 2752 Agar
1780 2699 1876 2737 an-
1976 2685 2275 2756 «Ethiopia
2294 2683 2577 2755 praeveniet
2593 2695 2784 2735 manus
2802 2680 2920 2750 ejus
2941 2679 3099 2746 Deo,»
3120 2678 3206 2733 ubi
3227 2676 3529 2732 Geuebrar-

326 2763 470 2829 cilia,
505 2765 582 2821 rei
609 2765 745 2845 Sara.
767 2782 935 2827 uxore
959 2769 1271 2833 Abrahami,
1301 2784 1332 2823 ι
1359 2787 1462 2840 qua
1495 2787 1554 2826 se
1575 2769 1876 2842 gloriaban-
1970 2780 2090 2846 dus,
2140 2779 2259 2833 vide
2291 2775 2541 2831 Allatium
2597 2773 3064 2828 inﬂexaemerum
3111 2768 3354 2826 Eustath.
3407 2782 3524 2841 pag.

330 2863 417 2907 tur
435 2857 740 2925 progenitos
763 2857 816 2929 (α
844 2857 1194 2927 Sozomcuo),
1218 2869 1402 2942 verum
1434 2876 1463 2914 a
1494 2875 1626 2916 voce
1646 2863 1872 2917 Arabica
1971 2867 2072 2925 328
2089 2887 2103 2935 ;
2135 2877 2363 2939 quatuor
2377 2865 2608 2920 Arabum
2636 2861 2827 2935 genera
2843 2861 3100 2919 describit
3116 2859 3191 2915 La
3214 2861 3359 2915 Valle
3386 2867 3524 2927 part.

329 2944 518 3012 Sarait,
560 2949 713 3016 quasi
749 2948 974 3012 iuraces,
1008 2961 1060 3004 et
1093 2951 1432 3020 λῃστρικούς,
1458 2967 1487 3006 e
1519 2951 1790 3022 Sealigero
1817 2955 1871 3008 in

1973 2976 2050 3024 ιιι,
2083 2958 2235 3027 epist.
2266 2956 2352 3020 ii,
2388 2971 2440 3026 p.
2462 2953 2584 3018 482,
2618 2952 2711 3022 qui
2741 2950 3006 3021 hodieque
3033 2958 3364 3020 grassantur.
3411 2949 3518 3001 Sed

328 3031 516 3090 Euseb.
557 3037 800 3106 Χρονικ..
825 3037 952 3106 quin
997 3047 1050 3092 et
1107 3039 1348 3093 Scenitas
1390 3056 1422 3093 a
1457 3043 1720 3106 tentoriis,
1769 3043 1869 3098 sub
1896 3064 1938 3120 ο
1970 3049 2036 3101 ad
2079 3061 2289 3102 cozevos
2333 3041 2436 3098 Nili
2481 3041 2866 3111 regrediamur,
2905 3053 3040 3109 quos
3076 3039 3216 3100 inter
3257 3033 3525 3105 Vopiscus

324 3122 520 3190 quibus
555 3125 774 3194 degunt,
827 3135 1160 3195 nuncupatos
1193 3128 1301 3182 ἀπὸ
1345 3129 1453 3182 τῶν
1496 3129 1726 3200 σκηνῶν.
1765 3134 1874 3186 Au.

324 3218 514 3279 gustus
541 3228 633 3268 eos
663 3215 916 3279 tentavit,
944 3225 1166 3271 canente
1196 3215 1418 3287 Virgilio
1441 3237 1454 3273 :

396 3301 578 3358 Omnis
607 3303 806 3369 Arabs,
834 3320 1008 3361 omnes
1041 3315 1298 3362 verterunt
1327 3318 1470 3376 terga
1511 3307 1700 3364 Saliari.

1352 3396 1564 3452 .ls‘neid.
1607 3400 1698 3452 lib.
1733 3415 1804 3453 ix.

395 3521 486 3540 ...
514 3481 718 3550 Inferre
763 3495 952 3554 parum
998 3485 1333 3552 lacrymabile
1384 3486 1600 3550 bellum,

529 3573 829 3626 Hii-canisve
870 3574 1136 3626 Arabisve.
1443 3622 1463 3638 ._

1466 3661 1681 3720 Αὲηεὸά.
1712 3679 1801 3722 .vu.

324 3750 394 3804 At
421 3749 724 3819 Propertius
758 3751 809 3804 in
835 3749 980 3820 Eleg.
1013 3757 1081 3804 ad
1108 3750 1312 3804 Musam
1344 3750 1435 3804 iiii.
1466 3767 1522 3810 η.

533 3839 601 3892 Et
628 3840 811 3892 domus
844 3841 1054 3891 intacta:
1089 3848 1135 3889 te
1158 3841 1330 3890 tremit
1367 3839 1592 3894 Arabiw.

324 3928 588 3998 Traianus
629 3929 880 3981 Arabiam
921 3927 1173 3980 domitam
1206 3925 1406 3996 redegit
1449 3928 1500 3980 in
1547 3922 1869 3996 provinciam

323 4018 534 4070 obtritis
581 4015 875 4084 Agarenis,
926 4014 1091 4084 678
1129 4013 1427 4082 et‘magna
1477 4012 1594 4083 eius
1642 4017 1872 4085 regionis

325 4113 474 4174 parte
499 4112 755 4172 occupata
781 4120 795 4168 ;
829 4112 1052 4157 testatur
1083 4105 1134 4158 id
1165 4102 1359 4157 Sextus
1390 4102 1615 4168 Rullus,
1647 4113 1698 4157 et
1729 4106 1871 4157 anti-

322 4209 488 4253 ouum
525 4194 824 4257 nomisma,
869 4194 920 4247 in
957 4207 1066 4263 quo
1095 4193 1316 4262 legitur,
1347 4193 1549 4252 Arabia
1582 4193 1865 4260 acquisita.

223 4297 227 4302 ‘
324 4286 525 4337 Noram
553 4284 745 4337 deinde
782 4282 1112 4351 provinciam
1142 4281 1265 4334 fecit
1311 4280 1539 4334 Severus
1570 4281 1866 4348 Augustus,

1973 3137 2214 3193 nominat
2263 3131 2547 3190 Blemmies
2582 3140 2764 3204 gentes
2804 3127 3158 3200 Barbarasin
3204 3126 3513 3187 Aureliano,

1972 3237 2026 3281 et
2058 3221 2296 3289 Plinius,
2353 3220 2446 3276 lib.
2485 3235 2539 3286 γ,
2585 3237 2635 3276 c.
2695 3219 2750 3283 8,
2795 3219 3038 3288 Blemyes
3088 3225 3244 3272 vocat
3301 3214 3526 3284 populos

1972 3312 2259 3379 IEthiopia:
2305 3321 2492 3365 versus
2534 3317 2775 3364 austrum
2806 3322 2836 3360 a
2875 3305 3058 3374 Blemy
3102 3319 3209 3359 uno
3235 3320 3266 3358 ο
3297 3303 3524 3357 ducibus

1973 3399 2210 3475 Dionysii
2246 3413 2437 3454 nomen
2476 3401 2777 3461 mutuato‘s,
2807 3411 2839 3450 e
2887 3393 3189 3457 Strabone,
3223 3393 3261 3448 i.
3295 3408 3403 3446 xm
3425 3431 3439 3456 ,
3473 3402 3526 3446 et

1974 3489 2229 3559 Stephau.
2275 3477 2345 3541 De
2371 3485 2538 3540 urbib.
2572 3484 2835 3554 capitibus
2885 3488 3151 3542 carertes.
3201 3479 3525 3535 Claudianus

1972 3579 2114 3634 feros
2138 3576 2355 3641 vocitat,
2372 3583 2425 3629 et
2444 3574 2583 3629 locat
2605 3574 2742 3626 inter
2760 3569 2970 3627 Meroen
2993 3584 3056 3624 ac
3075 3569 3307 3639 Syenen,
3321 3567 3373 3619 in
3393 3564 3524 3619 Car-

1972 3671 2108 3723 mine
2152 3667 2217 3720 de
2268 3661 2414 3718 Nilo.
2452 3665 2694 3733 Biemyas
2725 3661 2936 3728 subegit
2965 3659 3191 3722 Probus,
3235 3669 3524 3722 eorumque

1970 3758 2206 3822 captivos
2224 3752 2445 3806 Romam
2471 3749 2788 3814 transmisit,
2810 3748 2901 3818 qui
2925 3746 3222 3800 mirabilem
3245 3746 3329 3798 sui
3349 3745 3519 3798 visum

1969 3845 2201 3914 stupenti
2226 3844 2424 3913 papula
2450 3840 2692 3896 Romano
2711 3829 3071 3909 prmbue'runt;
3097 3835 3161 3890 de
3185 3835 3269 3890 bis
3295 3835 3396 3889 ista
3421 3833 3523 3886 Ma-

1970 3935 2249 3988 mertinius
2277 3931 2495 3987 dixit'in
2523 3928 2855 3985 Genetllliaco
2885 3925 3258 3981 Maximih’ani.
3279 3924 3391 3978 Non
3409 3920 3525 3978 ist-.e

1971 4026 2128 4078 modo
2149 4065 2164 4091 ,
2196 4024 2418 4093 aliaeque
2451 4031 2634 4094 gentes
2670 4016 2894 4084 viribus,
2926 4017 3200 4088 armisque
3234 4014 3522 4073 terribiles.

1967 4112 2132 4182 679
2165 4112 2353 4168 fiducia
2405 4114 2678 4167 instructael
2707 4110 2776 4165 ad
2829 4109 3117 4181 perniciem
3171 4101 3519 4159 humanitatis

1969 4210 2209 4265 utuntur,
2228 4200 2316 4254 sed
2332 4185 2695 4253 etiam‘Blemli
2719 4199 2798 4266 (ut
2816 4197 2998 4266 audio)
3024 4186 3228 4249 levibus
3262 4192 3419 4245 modo
3435 4205 3524 4244 as-

1968 4289 2102 4342 sueti
2127 4288 2332 4357 sagittis
2359 4288 2614 4343 adrersus
2644 4283 2942 4356 Ethiopes,
2966 4290 3231 4354 quarunt,
3251 4287 3386 4351 'quze
3409 4276 3520 4334 non

325 4375 417 4444 qui
459 4374 559 4452 sibi
594 4375 805 4428 titulum
835 4373 1045 4425 Arabici
1077 4370 1385 4439 assumpsit,
1418 4378 1479 4422 ut
1515 4369 1565 4422 in
1599 4370 1867 4439 Apparatu
1905 4377 1946 4432 υ
1976 4373 2170 4428 habent
2193 4386 2360 4441 arma,
2385 4384 2438 4429 et
2467 4385 2600 4443 pene
2632 4371 2790 4429 nudis
2814 4373 2952 4428 odiis
2971 4369 3150 4441 praelia
3189 4367 3520 4423 internecina

327 4465 583 4519 historico
604 4480 766 4518 arcus
785 4461 1124 4530 triumphalis
1151 4461 1312 4514 erecti
1336 4459 1399 4512 ad
1424 4458 1593 4528 ipsius
1617 4460 1874 4514 honorem

326 4556 599 4609 adnotavi.
632 4553 976 4624 Vagabantur
1004 4551 1217 4620 quidem
1247 4551 1466 4612 Arabes,
1496 4557 1592 4605 seu
1621 4548 1877 4610 Saraceni

325 4659 554 4714 semper,
585 4645 715 4699 etin
746 4644 920 4697 vicina
952 4641 1305 4696 excurrebant
1333 4640 1546 4708 oppida,
1581 4639 1874 4712 vicosque;

327 4742 478 4802 rapto
503 4735 742 4789 viventes
762 4774 776 4798 ,
809 4735 1123 4804 praedasque
1159 4736 1534 4786 convcctantes
1559 4774 1573 4797 ,
1605 4730 1732 4801 quin
1770 4731 1876 4788 via-

328 4823 533 4876 toribus
576 4821 908 4878 insidiantes.
938 4821 1302 4890 Nomadesque
1347 4820 1488 4873 sicut
1536 4817 1745 4889 Scythae
1785 4820 1878 4872 de-

329 4910 585 4964 nominati
607 4918 752 4973 sunt,
782 4919 837 4963 ut
867 4914 1041 4979 arguit
1071 4911 1128 4965 P.
1156 4911 1424 4964 Contbeiis
1467 4909 1534 4963 ad
1563 4907 1802 4964 Nicetam
1822 4911 1874 4962 in

331 4997 447 5053 Vita
477 4999 644 5054 sancti
676 4997 951 5068 Hyacinthi
979 5000 1327 5064 AMaSlri8ﬂ.,
1350 5017 1400 5069 p.
1422 5001 1514 5065 l5;
1549 4997 1875 5052 Romanum-

327 5102 434 5158 que
461 5089 801 5142 incesserunt
838 5087 1120 5155 imperium
1142 5128 1156 5150 ,
1203 5095 1432 5143 excusso
1458 5087 1606 5157 iugo,
1640 5087 1876 5156 magnis-

329 5195 439 5248 que
468 5192 590 5232 cum
628 5179 800 5246 copiis
825 5177 1108 5241 irruentes,
1156 5178 1541 5232 lsmaeiitarttm
1581 5179 1750 5231 ascito
1779 5189 1876 5230 no-

333 5268 475 5321 mine
520 5269 587 5322 ab
623 5266 876 5332 lsmacle,
910 5276 1029 5336 post
1055 5263 1405 5331 Mahometis,
1431 5269 1525 5338 qui
1567 5278 1661 5336 per
1690 5278 1877 5319 ascen-

331 5372 508 5412 sorem
544 5359 733 5411 cameli
769 5357 974 5411 videtur
1017 5358 1285 5425 designari
1337 5355 1485 5411 lsaite
1530 5364 1639 5422 nt,
1671 5357 1723 5417 8,
1769 5367 1874 5410 non

331 5448 504 5504 solum
536 5447 802 5518 iiegiram,
850 5461 940 5501 seu
977 5445 1176 5510 fugam,
1226 5459 1408 5499 verum
1441 5449 1600 5498 etiam
1649 5449 1875 5500 mortem

330 5538 604 5606 Cynicam,
653 5548 704 5591 et
744 5537 938 5590 fabulis
982 5538 1356 5599 inumbratam,
1407 5551 1495 5588 an.
1539 5535 1598 5590 C.
1647 5536 1710 5588 Ν.
1759 5539 1877 5605 plus

334 5628 509 5684 minus
534 5628 629 5683 631
661 5646 674 5693 ;
710 5643 828 5681 nam
861 5625 1066 5697 Syriam
1089 5635 1138 5679 et
1169 5625 1450 5695 A‘lgyptum
1478 5625 1867 5681 Saracenorum

1976 4465 2334 4518 comntittunt.
2364 4461 2542 4519 De‘bis
2566 4463 2824 4532 Sulpitius
2870 4462 3097 4514 Severus
3119 4458 3244 4512 dial.
3272 4456 3395 4522 l,'e.
3431 4455 3517 4508 l5.

1974 4550 2274 4605 Prtemonui
2299 4549 2506 4618 dudum
2557 4563 2607 4618 p.
2640 4547 2758 4610 659,
2803 4548 2903 4601 sub
2931 4544 3153 4615 imperio
3188 4540 3520 4604 Diocletiani,

1973 4649 2026 4694 et
2050 4639 2208 4695 Petro
2241 4635 2492 4708 episcopo
2529 4637 2941 4692 Alexandrinam
2983 4633 3518 4713 Ecclesiam'regente

1973 4737 2225 4799 martyre,
2275 4726 2370 4797 qui
2416 4727 2668 4782 occubuit
2721 4713 2860 4780 anno
2886 4722 2947 4780 C.
2974 4722 3038 4780 N.
3063 4719 3188 4786 5m,
3226 4721 3525 4775 manaehos

1975 4833 2202 4875 summas
2249 4816 2463 4874 virtutis
2492 4833 2554 4874 ac
2581 4818 2878 4873 sanctitatis
2907 4818 2959 4870 in
2991 4807 3532 4877 solitudine'i‘liecue
3567 4830 3571 4834 ·

1974 4909 2324 4980 interemptos
2349 4919 2382 4962 a
2409 4907 2832 4965 discurrentibus
2881 4898 3272 4959 Saracenbru’ni
3317 4900 3530 4954 iatrun-.

1974 4999 2113 5054 culis
2156 5013 2186 5053 e
2233 4996 2515 5052 collatione
2545 4994 2579 5050 6
2624 4993 2866 5050 Cassiani
2900 5008 2948 5048 c.
2983 4990 3004 5045 i
3034 5000 3099 5068 et
3134 4991 3186 5044 2.
3223 4988 3519 5045 Cardiualis

1975 5089 2240 5143 Barouius
2286 5101 2339 5140 rn
2395 5086 2535 5141 notis
2579 5088 2642 5140 ad
2675 5081 3318 5157 Matyrologium.'diebus
3346 5075 3407 5130 l4
3431 5072 3519 5130 Ja-

1976 5179 2169 5241 nuarii,
2208 5172 2270 5229 19
2313 5173 2612 5236 Fcbntarii.
2646 5183 2701 5229 et
2751 5162 2816 5228 i6
2845 5168 2898 5228 et
2925 5171 2994 5228 28
3038 5166 3178 5233 Maii,
3231 5165 3391 5222 refert
3429 5167 3514 5224 in.-

1925 5287 1930 5290 ·
1976 5270 2253 5324 cursiones
2296 5268 2469 5320 varias
2501 5265 2911 5329 Saracenorum,
2942 5264 3190 5332 equibus
3229 5259 3396 5327 prima
3433 5263 3524 5312 est.

1976 5360 2076 5412 ista
2123 5356 2222 5410 sub
2271 5352 2596 5410 Diocletiano
2639 5355 2702 5409 ad
2738 5367 2938 5409 annum
2976 5349 3117 5405 ΟΝ.
3165 5348 3285 5412 505,
3316 5346 3380 5400 de
3409 5360 3523 5414 qua,

1975 5447 2262 5501 Cassianus
2288 5446 2415 5514 agit,
2449 5446 2500 5499 in
2539 5442 2772 5506 Thecue,
2808 5443 3028 5511 ejusque
3057 5437 3225 5494 Graeci
3258 5435 3521 5489 memine-_

1977 5539 2099 5587 runt
2153 5535 2204 5585 in
2251 5531 2570 5600 Pienol0gio,
2627 5532 2713 5583 die
2746 5529 2810 5582 14
2840 5527 3078 5581 Januarii
3105 5527 3249 5578 hisce
3289 5523 3464 5572 verbis
3496 5535 3516 5584 ες

1977 5625 2085 5693 Πρὸ
2117 5623 2170 5676 δὲ
2212 5623 2412 5692 χρόνων
2454 5621 2656 5674 πολλῶν
2698 5620 2787 5671 ἐπὶ
2822 5619 2920 5686 τῆς
2966 5614 3239 5684 βισιλεξας
3289 5609 3511 5689 novitq-
