4122 6338
568 333 700 397 ΝῦΊ

1298 334 1426 394 JOS
1482 317 1742 392 minus
1774 329 2125 391 SUARESII
2165 329 2388 389 LIBER
2426 328 3046 392 CHRONOLOGICUS

3629 321 3783 387 1408.

565 436 748 491 τιανοῦ
797 434 892 489 τοῦ
945 436 1243 507 βασιλέως,
1296 438 1393 490 καὶ
1443 435 1650 505 Πέτρου
1698 434 2128 513 ἀρχιεπισκόπου

2242 450 2343 488 cem
2390 437 2814 504 persecutionem
2854 434 3163 489 Diocletiani
3213 431 3471 486 adversus
3499 429 3775 485 Christia-

560 526 977 598 ¹Ἀλεξανδρείας
996 526 1355 597 ἀνῃρέθησαν,
1380 525 1475 579 καί
1500 526 1677 595 ἕτεροι
1716 523 2121 593 Ἦσυχάζοντες,

567 617 663 668 καὶ
690 615 842 669 αὐτοὶ
874 617 932 667 ὲν
957 614 1035 685 τῷ
1063 616 1190 685 Σινᾷ
1226 615 1360 683 δρει.
1392 612 1724 676 Ἐξελθόντες
1750 612 1857 681 γὰρ
1877 613 2125 663 οἱκατοι-

570 702 789 767 κοῦντες
826 706 919 758 καὶ
950 700 1103 757 αὐτοὶ
1130 706 1187 755 ὲν
1234 702 1311 772 τῷ
1347 704 1476 771 Σινᾷ
1503 702 1616 773 ὄρει
1645 702 1966 772 Σαρακηνοὶ,
1993 702 2126 754 ἀπο-

572 792 816 854 θανόντος
863 791 956 844 τοῦ
1016 791 1289 860 φυλάρχου
1317 791 1525 854 ἀὐτῶν,
1560 792 1785 853 πολλοὺς
1831 791 2126 859 ἐφόνευσαν

570 880 679 934 τῶν
705 881 957 950 ἀσκητῶν
975 896 988 910 ο
1008 880 1116 932 τῶν
1144 882 1199 932 δὲ
1231 879 1429 933 λοιπῶν
1458 880 1731 948 φυγόντων
1764 881 1844 941 εἰς
1888 880 1949 932 τὸ
1995 879 2125 948 ὀχύ-

575 987 755 1039 ρωμα,
797 971 966 1041 ἐφάνη
1019 974 1132 1032 τοῖς
1175 971 1504 1039 Σαρακηνοίς
1546 969 1759 1038 διά.τῆς
1787 968 1977 1031 νυκτὸς
1997 968 2128 1036 φλὸξ

510 1108 515 1117 .
574 1061 741 1129 πυρὸς
767 1060 1131 1113 κατακαίουσα
1155 1060 1270 1111 ὅλον
1293 1058 1355 1110 τὸ
1378 1059 1501 1126 ὅρος
1519 1075 1534 1090 ο
1564 1060 1595 1126 ἡ
1627 1058 1684 1109 δὲ
1713 1057 1842 1129 φλὸξ
1867 1058 2128 1127 ἀνήρχετο

574 1148 676 1209 ἕως
727 1150 820 1200 τοῦ
870 1148 1130 1216 οὐρανοῦ·
1164 1150 1257 1201 καὶ
1290 1148 1488 1208 ἰδόντες
1521 1149 1570 1199 οἱ
1607 1148 1910 1216 Σαρακηνυὶ
1934 1147 2128 1215 εφοϐή-

574 1238 764 1306 θησαν,
808 1239 901 1288 καὶ
947 1238 1199 1306 ῥίψαντες
1242 1236 1309 1287 τὰ
1338 1237 1475 1289 ὅπλα
1504 1236 1680 1287 αὐτῶν
1716 1235 1934 1303 ἔφυγον.
1976 1236 2037 1287 Οἱ
2071 1234 2126 1286 δὲ

576 1328 786 1394 πρῶτον
842 1328 1138 1393 σφαγέντες
1186 1322 1324 1396 ἦσαν
1363 1328 1654 1395 τριάκοντα
1712 1326 1857 1377 ὀκτὼ
1916 1324 2129 1393 ἔχοντες

578 1414 791 1483 πληγὰς
822 1417 1105 1486 διαφόρους
1130 1419 1186 1468 ὲν
1208 1419 1317 1478 τοῖς
1345 1414 1588 1483 σώμασιν
1619 1415 1794 1467 αὐτῶν
1815 1429 1830 1442 ⁶
1866 1414 1926 1477 ἐξ
1954 1415 2128 1467 αὐτῶν

577 1506 632 1557 δὲ
655 1506 922 1574 ᾑρέθησαν
953 1496 1045 1558 δῦο
1073 1507 1301 1569 ζῶντες,
1326 1504 1538 1567 Σά66ας
1575 1507 1668 1557 καὶ
1706 1505 1959 1566 Ἡσαΐας·
1986 1506 2035 1557 οἱ
2072 1503 2129 1556 δὲ

579 1594 919 1661 φονευθέντες
957 1596 1005 1647 oi
1051 1595 1147 1664 μὲν
1188 1594 1286 1657 τὰς
1315 1594 1557 1663 κεφαλὰς
1589 1594 1982 1663 ἀπετμήθησαν
2038 1610 2128 1645 τε-

580 1672 891 1754 ).είως,’τῶν
920 1684 975 1736 δὲ
1007 1687 1070 1737 ὲκ
1110 1684 1206 1736 τοῦ
1247 1684 1364 1745 ἑνὸς
1394 1684 1587 1754 μέρους
1614 1683 1832 1752 ἐκράτει
1858 1683 1919 1735 τὸ
1936 1682 2126 1753 δέρμα,

2229 540 2360 587 nos,
2400 528 2531 579 adiit
2564 528 2614 580 in
2658 525 2994 580 Palwstinam
3024 524 3345 597 adoraturus
3377 536 3529 577 saera
3568 519 3775 574 Christi

2229 612 2443 667 Domini
2470 622 2813 668 monumenta
2835 632 2850 679 ;
2874 614 2997 667 hinc
3019 612 3254 681 perrexit
3270 612 3335 665 ad
3357 620 3590 665 montem
3613 607 3777 670 Sina,

2228 703 2283 755 in
2318 703 2474 771 cujus
2506 705 2814 766 solitudine,
2860 718 2922 756 ac
2953 703 3153 758 vertice
3197 701 3446 755 monachi
3488 699 3775 769 degebant,

2228 808 2457 861 quorum
2502 797 2664 847 vitam
2698 795 2989 863 angelicam
3019 793 3295 861 depingit;
3321 800 3460 867 vtum
3493 798 3674 845 narrat
3712 798 3780 839 ut

2233 882 2507 943 Saraceni,
2537 898 2659 936 cum
2690 897 2875 953 eorum
2903 882 3010 938 dux
3039 896 3070 934 e
3098 881 3205 933 vita
3238 879 3538 947 migrassel,
3564 877 3615 929 iu
3640 875 3780 929 soli-

2232 972 2510 1025 tudinibus
2531 972 2746 1035 Getrab,
2775 970 3011 1033 Cbobar,
3047 981 3099 1023 et
3123 969 3311 1033 Cedar,
3337 969 3562 1035 aliisque
3585 972 3782 1041 sancto

2232 1060 2400 1114 monti
2437 1049 2717 1128 proximis,
2750 1062 2935 1115 obvios
2973 1073 3231 1128 quosque
3252 1057 3591 1131 peremerint,
3622 1070 3818 1108 cum-.

2232 1165 2336 1217 que
2388 1149 2441 1201 in
2495 1160 2739 1203 sanctum
2776 1157 3022 1207 montem
3058 1155 3375 1216 pergerent,
3421 1146 3505 1199 cui
3552 1152 3784 1211 praeerat

2234 1241 2415 1303 Dulas,
2444 1239 2620 1293 dictus
2650 1240 2718 1292 ob
2749 1238 3210 1293 mansuetudinem
3248 1235 3454 1305 Moyses
3501 1234 3553 1286 in
3592 1232 3778 1297 Turri,

2233 1331 2429 1383 oborta
2453 1329 2630 1382 subito
2662 1328 2871 1383 ﬂamma
2915 1344 3035 1382 cum
3071 1325 3215 1379 fumo
3245 1325 3433 1377 terruit
3473 1321 3733 1375 Barbaros
3759 1360 3778 1382 .

2233 1419 2324 1486 qui
2363 1420 2430 1471 ab
2459 1419 2672 1487 incepto
2708 1418 3025 1472 destiterunt
3050 1417 3273 1479 itinere;
3328 1421 3447 1480 post
3474 1427 3655 1466 eorum
3688 1426 3783 1465 re—

2233 1523 2445 1562 cessum
2469 1510 2653 1561 exiens
2674 1522 2704 1561 e
2726 1507 2884 1559 Turri
2916 1505 3078 1559 Dulas
3104 1519 3226 1557 eum
3256 1501 3552 1565 monachis,
3582 1502 3786 1568 reperit

2234 1599 2450 1667 triginta
2473 1605 2596 1653 octo
2617 1597 2909 1650 monachos
2933 1595 3160 1658 occisos,
3191 1608 3222 1647 e
3244 1594 3445 1662 quibus
3494 1590 3780 1645 duodecim

2237 1668 2521 1739 in'Getrah
2567 1687 2891 1739 monasterio
2934 1684 3210 1754 jacebaut,
3238 1692 3287 1736 et
3320 1682 3516 1751 passim
3547 1679 3782 1747 dispersi

583 1752 729 1825 ἄλλοι
770 1775 933 1841 μέσον
979 1774 1253 1841 ἐκόπησαν
1292 1792 1309 1810 ·
1333 1773 1423 1834 οὓς
1450 1752 1649 1840 έθαψαν
1672 1773 1722 1824 οἱ
1750 1771 1843 1823 δύο
1875 1752 2125 1840 μοναχοὶ,

2242 1773 2343 1837 alii,
2376 1774 2642 1841 spirantes
2678 1752 2947 1841 praeterea
2993 1773 3161 1837 duos,
3204 1771 3438 1824 Sabbam
3476 1768 3678 1823 scilicet
3712 1783 3784 1821 ac

582 1860 650 1912 τὰ
678 1861 806 1929 περὶ
826 1861 1001 1913 αὐτῶν
1025 1863 1265 1923 εἰπόντες
1286 1879 1299 1891 ⁸
1331 1861 1382 1915 id
1411 1870 1494 1915 est
1520 1882 1535 1915 .'
1574 1860 1758 1914 Multis
1781 1871 1903 1913 ante
1942 1872 2137 1929 tempo-

585 1952 728 2002 ribus
784 1951 1000 2020 (scilicet
1046 1952 1345 2019 priusquam
1393 1950 1750 2003 occiderentur
1782 1967 1813 2002 a
1875 1949 2124 2003 Barbaris

586 2038 855 2092 Blemmiis
899 2040 1135 2092 vocitetis
1179 2040 1272 2092 sub
1310 2037 1592 2091 Theodosio
1630 2038 1696 2091 A.
1735 2039 1993 2104 monachi,
2021 2053 2136 2091 cum

589 2126 773 2196 quibus
806 2138 916 2179 erat
951 2127 1155 2196 Nilus),
1180 2129 1273 2180 sub
1313 2129 1524 2193 imperio
1553 2127 1870 2180 Diocletiani
1895 2128 2137 2196 Augusti,

587 2228 635 2269 et
681 2218 831 2271 Petro
872 2218 1203 2272 Alexandria:
1246 2201 1626 2287 archiepiscopo
1667 2226 1788 2274 caesi
1834 2219 2061 2286 fuerunt,
2090 2226 2141 2271 et

591 2309 687 2359 alii
736 2307 1076 2376 tranquillam
1116 2309 1275 2361 vitam
1334 2308 1588 2376 degentes,
1639 2316 1689 2361 et
1731 2309 1834 2375 ipsi
1864 2323 2062 2377 quoque
2087 2308 2172 2378 ing

593 2394 722 2449 Sina
779 2410 967 2450 monte.
1022 2396 1232 2465 Egressi
1269 2399 1458 2450 etenim
1517 2399 1606 2465 qui
1653 2407 1701 2450 et
1723 2398 1957 2450 habitant
1988 2413 2143 2466 prope

558 2543 563 2555 Ι
594 2480 723 2535 Sina
754 2493 973 2536 montem
1012 2483 1284 2550 Saraceni,
1315 2496 1518 2537 mortuo
1547 2488 1779 2553 ipsorum
1814 2487 1977 2541 tribus
2006 2504 2141 2554 pra!-

596 2570 747 2637 [ει-ιο,
792 2570 1042 2638 plurimos
1082 2572 1407 2623 trucidarunt
1444 2572 1803 2625 exercitationi
1848 2573 2144 2626 monasticae

595 2660 838 2720 deditos;
877 2661 1087 2726 reliquis
1138 2669 1308 2714 autem
1332 2662 1388 2714 in
1434 2663 1771 2715 munitionem
1800 2660 2143 2731 profugienti-

598 2748 712 2811 bus,
766 2751 875 2801 visa
926 2751 1027 2819 fuit
1068 2750 1341 2804 Saracenis
1379 2751 1595 2822 ﬂamma
1635 2754 1929 2803 universum
1960 2749 2146 2802 ambu-

542 2880 547 2887 .
598 2853 712 2891 rens
749 2849 991 2901 montem,
1025 2838 1183 2908 eaque
1220 2841 1287 2891 ad
1328 2839 1509 2891 aulum
1544 2856 1702 2908 usque
1731 2840 2048 2907 assurgebot.
2083 2836 2147 2890 Id

599 2928 823 2981 uidentes
854 2927 1103 2981 Saraceni
1147 2931 1517 2990 extimuerunt,
1565 2939 1613 2983 et
1673 2931 1783 2982 suis
1842 2928 2147 2982 armis-ab-

2233 1864 2448 1927 Isaiam,
2480 1879 2511 1919 e
2531 1864 2728 1933 quibus
2755 1864 2888 1918 obiit
2913 1862 3077 1919 lsaias
3107 1862 3422 1922 confestim,
3464 1869 3519 1914 at
3546 1860 3780 1921 Sahbas,

2234 1971 2355 2009 cum
2383 1954 2588 2009 cladem
2618 1954 2997 2020 recensuisset,
3034 1954 3113 2008 sic
3135 1967 3351 2023 quoque
3388 1951 3618 2005 decessit
3644 1965 3785 2018 qua-

2234 2045 2480 2113 draginta
2502 2051 2624 2113 post
2646 2044 2783 2107 dies,
2817 2043 2888 2097 ita
2916 2052 2976 2096 ut
2998 2041 3466 2113 quadragesimum
3496 2056 3782 2093 numerum

2235 2133 2622 2187 monachorum
2661 2132 2922 2188 caesorum
2968 2133 3325 2202 impleverim,
3358 2142 3411 2184 et
3455 2130 3565 2184 haec
3598 2130 3784 2183 omnia

2235 2223 2524 2294 contigisse
2590 2223 2820 2278 allirmat
2897 2225 2985 2278 die
3047 2222 3281 2277 secunda
3343 2222 3546 2289 mensis
3621 2219 3785 2289 Tybi,

2237 2327 2358 2383 quae
2386 2322 2730 2383 computatur
2751 2312 2819 2367 ab
2850 2311 3114 2382 IEgyptiis
3146 2312 3211 2364 Η
3237 2309 3494 2365 Januarii.
3524 2308 3792 2377 Adjungit

2240 2403 2327 2456 hie
2356 2401 2678 2455 Ammonius
2704 2409 2939 2469 stragem
2972 2400 3129 2453 aliam
3165 2398 3269 2452 sibi
3304 2397 3372 2450 ab
3394 2398 3563 2449 altero
3594 2410 3792 2448 narra-

2242 2502 2349 2547 tam
2382 2494 2668 2555 monacho,
2705 2492 2796 2560 qui
2823 2485 3069 2556 viderat,
3094 2498 3150 2543 et
3172 2487 3507 2556 confugerat.
3530 2487 3723 2539 editam
3754 2500 3791 2537 α

2241 2584 2530 2649 Barbaris,
2592 2582 2983 2636 monachorum
3038 2582 3091 2633 in
3146 2578 3433 2633 solitudine
3476 2576 3671 2635 Baithu
3728 2575 3790 2627 in

2241 2674 2435 2727 Arabia
2484 2672 2708 2736 Petraea,
2747 2670 3033 2724 Ptolemteo
3062 2666 3311 2727 Ratbeni,
3360 2666 3473 2720 sive
3504 2676 3564 2718 ut
3595 2663 3647 2716 in
3682 2662 3791 2715 Ba—

2245 2766 2349 2819 silii
2379 2764 2677 2828 Menologio
2711 2764 2926 2832 legitur,
2961 2765 3087 2815 etin
3117 2761 3387 2822 Romano,
3432 2760 3485 2811 in
3534 2756 3791 2825 Egypto,

2245 2858 2369 2924 quia
2400 2856 2501 2910 sila
2528 2863 2609 2908 est
2645 2854 2698 2907 iu
2746 2854 2881 2906 mari
2934 2852 3135 2914 Rubro,
3190 2865 3283 2904 seu
3331 2850 3396 2902 ad
3440 2850 3589 2902 littus
3623 2847 3796 2899 maris

2246 2946 2437 3007 Rubri,
2470 2954 2529 2998 ut
2558 2944 2672 2998 vult
2708 2943 2767 2996 Ρ.
2803 2943 3133 3010 Augustinus
3171 2940 3433 3001 Lnbinus,
3470 2938 3791 3007 probatque,

591 3016 741 3086 jectis
781 3020 1111 3088 aufugerunt.
1157 3020 1257 3083 Qui
1304 3036 1419 3073 vero
1478 3022 1702 3088 primum
1754 3020 1907 3072 occisi
1938 3019 2138 3087 fuerunt

2246 3036 2505 3090 referente
2526 3035 2752 3087 Domino
2788 3032 3041 3086 Michaele
3072 3030 3301 3083 Antonio
3327 3027 3627 3090 Baudrand,
3660 3040 3795 3094 geo-

603 3107 815 3175 trigt'nta
853 3119 964 3160 octo
1010 3119 1176 3172 erant,
1202 3111 1354 3184 rariis
1405 3110 1696 3162 uulneribus
1744 3111 1932 3161 concisi
1955 3110 2063 3161 suis
2095 3109 2148 3159 in

602 3198 919 3264 corporibus.
1003 3198 1085 3251 Ea:
1135 3200 1213 3251 Itis
1255 3214 1410 3264 porro
1454 3199 1558 3251 duo
1618 3200 1717 3252 rivi
1767 3198 2147 3267 superfuerunt,

603 3286 803 3339 Sabbas
849 3298 895 3339 et
954 3286 1139 3340 Esaias
1165 3304 1183 3340 :
1204 3289 1494 3356 interfectis
1521 3297 1693 3341 autem
1720 3287 2029 3356 quibusdam
2055 3302 2148 3338 ra-

602 3385 691 3441 put
744 3378 948 3444 penitus
999 3388 1074 3430 est
1104 3386 1450 3445 amputatum,
1482 3380 1775 3447 aliquorum
1804 3394 1919 3430 vero
1952 3391 2017 3431 ea;
2042 3393 2149 3431 una

602 3476 747 3530 parte
777 3467 909 3520 cutis
958 3467 1287 3533 retinebatur,
1344 3468 1468 3521 aliis
1517 3470 1795 3521 dimidium
1828 3468 2147 3522 exciderant.

604 3554 708 3607 Eos
740 3556 1043 3622 sepelierunt
1089 3559 1190 3609 duo
1220 3558 1480 3621 monac/ti,
1516 3559 1606 3625 qui
1641 3559 1883 3609 dixerunt
1904 3573 2150 3626 qua’cun-

602 3660 699 3711 que
724 3645 828 3697 illis
870 3646 1208 3711 contigerunt.
1269 3647 1585 3702 Ammonius
1615 3649 1912 3718 presbyter,
1954 3660 2006 3703 et
2036 3663 2154 3703 mo-

605 3735 809 3787 nachus
841 3734 1142 3803 Aigyptius,
1177 3751 1239 3789 ac
1271 3747 1470 3806 martyr
1498 3753 1619 3791 cum
1648 3748 1834 3793 saneto
1860 3738 2021 3793 Petro
2039 3740 2153 3808 epi-

605 3840 787 3892 sCOpo,
822 3835 981 3893 atque
1027 3835 1259 3895 martyre
1288 3830 1673 3893 Alexandrino,
1693 3845 1757 3883 ex
1792 3832 2025 3887 Eusebio
2053 3832 2149 3885 lib.

606 3929 725 3976 \‘ltl,
747 3931 795 3967 e.
818 3917 851 3969 9
880 3916 1017 3969 llist.
1042 3917 1248 3980 eccles.,
1272 3918 1426 3986 cujus
1458 3921 1772 3989 martyrinm
1802 3920 1990 3976 Latine
2015 3921 2151 3974 ΒΡ.

607 4002 921 4058 Frauciseus
952 4007 1215 4060 Combetls
1244 4009 1667 4072 laudatissimus,
1697 4018 1753 4062 et
1787 4010 1991 4063 Gallice
2020 4008 2151 4062 RLPo

608 4092 856 4147 Nicolaus
914 4090 988 4145 Le
1055 4093 1227 4147 Sueur
1295 4078 2155 4158 accuratissimus.reddiderunt,

610 4183 763 4235 ambo
814 4181 1051 4257 ejusdem
1108 4182 1356 4237 ordinis:
1394 4184 1734 4247 Ammonius,
1767 4183 2007 4252 inquam,
2043 4183 2156 4237 for-

614 4266 769 4319 tassis
823 4267 930 4330 ille,
977 4269 1132 4335 eujus
1179 4272 1411 4323 animam
1458 4271 1511 4324 in
1564 4271 1755 4325 etelum
1806 4272 2000 4325 deferri
2028 4272 2158 4325 vidit

2252 3127 2455 3194 grapho
2506 3122 2831 3191 peritissimo
2872 3122 2925 3174 in
2980 3120 3195 3175 Lexico.
3240 3118 3312 3173 Ea
3365 3118 3596 3173 solitudo
3629 3132 3677 3169 c.
3718 3131 3794 3167 xv

2254 3212 2422 3267 Exodi
2481 3221 2705 3265 vocatur
2754 3210 2916 3274 Elim,
2958 3208 3162 3277 fuitque
3190 3209 3422 3263 secunda
3460 3207 3654 3267 statio,
3693 3220 3795 3257 seu

2253 3302 2462 3355 mansio
2499 3298 2867 3359 Hebrzeorutn,
2897 3298 2987 3350 ubi
3016 3307 3167 3351 erant
3199 3297 3480 3369 duodecim
3512 3295 3702 3351 fontes,
3735 3303 3797 3345 et

2246 3389 2591 3458 septuaginta
2627 3388 2853 3456 palmas,
2902 3400 3023 3455 quae
3070 3393 3452 3439 suecreverunt
3490 3384 3541 3434 in
3568 3383 3787 3445 silvam,

2256 3480 2345 3533 tibi
2393 3479 2602 3548 Moyses
2650 3477 2968 3541 monachus,
3001 3475 3223 3544 ejusque
3265 3474 3559 3542 diScipulus
3588 3471 3753 3525 Psoes
3780 3513 3797 3535 ,

2254 3578 2309 3622 et
2350 3567 2545 3636 Ioseph
2598 3568 2857 3642 Ephesius
2902 3568 3037 3619 mira
3088 3575 3363 3635 patrarunt
3411 3579 3590 3633 opera.
3634 3566 3693 3615 ln
3730 3578 3799 3616 ea

2255 3664 2555 3712 tercentum
2610 3655 2897 3722 Blemmyas
2947 3656 3241 3708 transvecti
3290 3669 3421 3707 nave
3466 3654 3532 3706 ad
3574 3652 3798 3713 Clisma,

2255 3762 2375 3817 qua:
2411 3761 2507 3798 arx
2543 3754 2627 3799 est
2662 3743 2918 3803 Arabum,
2959 3757 3024 3795 ex
3052 3741 3417 3807 JEthiopibus,
3458 3750 3509 3792 ct
3544 3740 3631 3817 Eia
3662 3740 3803 3793 urbe

2255 3833 2465 3887 Arahize
2483 3829 2719 3893 Petraea}.
2742 3832 2832 3885 ubi
2864 3830 2989 3884 olim
3019 3830 3157 3899 legio
3195 3828 3436 3881 Romana
3466 3827 3800 3889 subsidebat,

2260 3920 2528 3987 Stephano
2586 3928 2720 3971 teste
2768 3918 2843 3971 De
2887 3918 3138 3983 urbibus,
3198 3919 3467 3971 irruentes
3542 3914 3803 3968 fuderunt

2258 4010 2599 4072 Pharanitas,
2637 4008 2729 4076 qui
2770 4021 2887 4061 sese
2938 4006 3248 4071 tuebantur,
3296 4023 3417 4061 cum
3472 4007 3807 4076 refugissent

2259 4102 2396 4152 intra
2430 4110 2641 4161 murum
2689 4092 2856 4148 Paulo
2896 4094 3097 4148 Petram
3130 4095 3267 4148 duce
3292 4106 3453 4163 atque
3500 4099 3800 4160 hortatore,

2260 4196 2313 4243 et
2373 4186 2482 4240 illic
2544 4185 2799 4239 obsessos
2869 4184 3290 4249 interemerunt,
3378 4196 3431 4238 et
3490 4184 3803 4250 Jercmiam,

2260 4278 2383 4331 dein
2444 4275 2633 4344 ipsum
2701 4272 2947 4327 Paulum.
3001 4274 3093 4327 Ille
3145 4274 3479 4341 monachus,
3562 4275 3651 4343 qui
3705 4290 3805 4327 ex-

614 4361 830 4405 sanctus
861 4351 1147 4418 Antonius,
1178 4370 1208 4408 e
1237 4368 1425 4410 sancto
1454 4359 1743 4412 Athanasio
1763 4360 1927 4427 680
1958 4360 2010 4411 in
2033 4360 2151 4427 ejus
2180 4373 2224 4427 ι)
2251 4367 2560 4437 ploraverat
2620 4364 2720 4418 ista
2748 4401 2763 4426 ,
2814 4378 2934 4418 sese
2984 4356 3263 4417 abscon'dit
3310 4366 3410 4418 sub
3458 4364 3640 4429 ramisf
3688 4362 3807 4429 pul—

617 4438 756 4503 Vita,
796 4450 848 4495 et
882 4443 1096 4509 Snidas,
1134 4461 1285 4515 teque
1322 4446 1451 4501 Vitis
1479 4447 1696 4501 Patrum
1723 4488 1738 4512 ,
1778 4464 1831 4517 p.
1868 4448 1987 4512 l30,
2028 4464 2147 4502 car-

2247 4469 2495 4517 marum,
2568 4451 2809 4521 viditque
2881 4452 3098 4506 latitans
3172 4452 3514 4505 Salathielem
3582 4451 3800 4513 occidi;

617 4531 729 4583 din.
768 4531 1027 4586 Baronius
1066 4536 1120 4589 in
1160 4536 1533 4607 Martyrologio
1579 4536 1737 4592 Rom.
1781 4538 1847 4591 ad
1888 4535 2153 4591 Kalendas
2246 4541 2403 4609 εει
2472 4554 2705 4608 cumque
2762 4540 2985 4594 Barbari
3040 4542 3282 4609 receptui
3345 4547 3598 4593 canentes
3653 4538 3804 4590 edita

620 4618 966 4689 Septembris,
1000 4622 1222 4677 istorum
1246 4628 1627 4682 monaChorum
1672 4628 1868 4683 caedem
1903 4628 2153 4698 [Egyptia

620 4708 819 4778 lingua,
852 4722 1152 4766 enarratam
1184 4715 1283 4767 sibi
1324 4717 1389 4769 ah
1422 4717 1597 4771 Sahba
1634 4727 1684 4772 et
1739 4718 1874 4770 Isaia
1896 4758 1912 4783 ,
1951 4718 2155 4770 descri-

623 4800 757 4866 psit;
794 4800 1060 4855 inventam
1095 4818 1218 4858 vero
1248 4802 1525 4858 Naucratae
1551 4807 1635 4874 (ea
1668 4807 1797 4859 urbs
1828 4814 1929 4869 est,
1960 4822 2078 4874 quae
2104 4818 2157 4861 et

626 4887 923 4951 Naucratis,
964 4890 1017 4942 in
1047 4890 1277 4961 Egypto
1310 4892 1545 4948 Pollucis
1590 4893 1955 4961 grammatici,
2002 4897 2158 4962 cujus

624 4986 707 5030 est
734 4981 1094 5034 Onomasticon
1119 4983 1350 5037 dicatum
1383 4984 1687 5053 imperatori
1720 4973 2035 5047 Commodo,
2060 4986 2159 5038 sub

625 5083 733 5133 quo
766 5068 853 5123 ille
884 5067 1081 5135 ﬂoruit,
1108 5081 1160 5126 et
1201 5089 1393 5129 nomus
1425 5076 1845 5131 mediterraneus
1877 5078 2016 5130 intra
2039 5075 2159 5129 Del-

629 5164 733 5209 tam
770 5160 836 5211 ab
887 5174 947 5213 ea
995 5174 1328 5230 nuncupatur
1372 5174 1425 5220 et
1469 5168 1666 5221 ostium
1727 5167 1871 5231 Nili,
1925 5167 2069 5237 quod
2110 5174 2163 5219 et

632 5248 980 5317 Canopieum.
1010 5250 1201 5317 Plinio,
1238 5254 1507 5322 Straboni,
1542 5268 1595 5312 et
1630 5259 1899 5327 Stephano
1932 5257 2163 5313 auctori-

635 5339 765 5407 bus)
805 5340 1211 5409 descriptionem
1242 5346 1378 5398 banc
1405 5349 1543 5413 apud
1570 5340 1945 5403 anachoretam
1974 5363 2164 5418 quem—

640 5431 759 5483 dam
785 5428 1017 5487 Joannes
1041 5432 1313 5508 presbyter
1333 5437 1513 5491 Grazce
1532 5440 1823 5513 vertit.llle
1850 5441 2169 5511 Ammonius

644 5516 885 5573 cellulam
940 5521 1167 5577 habebat
1212 5524 1265 5578 in
1313 5526 1561 5595 Canopo;
1615 5540 1698 5581 est
1748 5531 1850 5583 hoc
1896 5522 2165 5599 eppidum

649 5603 864 5678 λείῃ)ιὶ
887 5611 1025 5667 haud
1050 5611 1231 5682 procul
1262 5616 1326 5669 ah
1352 5602 1767 5682 Alexandriamt
1792 5618 1997 5687 fugiens
2024 5627 2179 5673 atro-'

2251 4635 2427 4693 strage
2475 4626 2904 4689 monachorum,
2961 4640 3147 4678 navem
3208 4642 3313 4679 non
3378 4626 3727 4687 invenissent,
3766 4641 3803 4679 a

2252 4714 2539 4770 sexcentis.
2568 4714 2874 4768 Pharanitis
2909 4715 2973 4767 ad
3017 4730 3182 4767 unum
3234 4716 3407 4769 necati
3457 4726 3626 4770 sunt:
3668 4725 3810 4772 tunc

2253 4820 2538 4874 erumpens
2584 4805 2685 4859 iste
2726 4805 3045 4859 Ammonius
3100 4806 3393 4859 monachos
3439 4821 3606 4861 caesos
3650 4821 3809 4859 eom-

2254 4897 2391 4965 perit
2438 4894 2505 4949 39
2554 4902 2609 4949 et
2658 4894 3128 4964 quadragesimum
3184 4894 3477 4958 Domuum,
3534 4896 3625 4963 qui
3674 4909 3804 4947 mox

2255 4975 2510 5041 animam
2536 4984 2841 5047 exhalavit;
2886 4982 3113 5037 Andreae
3141 4984 3356 5053 quidem
3390 4986 3633 5045 vulnera,
3673 4984 3806 5049 quia

2256 5092 2364 5131 non
2395 5085 2549 5131 erant
2598 5074 2771 5129 letalia
2792 5111 2807 5133 ,
2843 5072 3059 5128 luerunt
3085 5083 3293 5141 curata,
3320 5085 3371 5128 et
3408 5073 3568 5127 Orion
3602 5073 3808 5128 illaesos

2258 5167 2619 5235 deprehensus
2669 5160 2995 5233 supervixit,
3049 5182 3113 5222 ac
3162 5180 3269 5220 una
3319 5179 3441 5217 cum
3494 5161 3807 5229 Obedienc,

2260 5267 2419 5326 atque
2455 5254 2784 5325 primoribus
2814 5258 3261 5315 Pharanitarum,
3309 5254 3808 5323 corporaquadra-

2262 5349 2407 5416 ginta
2435 5348 2616 5403 itidem
2653 5350 3037 5405 monachorum
3072 5346 3509 5402 Christianoritu
3544 5343 3812 5413 gestando

2262 5437 2485 5506 palmas,
2523 5439 2857 5508 hymnosque
2887 5438 3238 5501 concinendo,
3274 5437 3642 5491 tumularunt:
3672 5434 3810 5486 inihi

2267 5538 2442 5581 autem
2496 5528 2845 5596 perstiterunt
2896 5527 3179 5596 religiosus
3223 5524 3481 5587 Obedien,
3537 5534 3590 5577 et
3616 5521 3809 5583 Orion,

2270 5634 2335 5673 ac
2377 5618 2637 5677 Andreas.
2692 5618 2888 5675 Verum
2944 5634 3062 5675 cum
3113 5620 3209 5672 ista
3254 5616 3559 5675 rescivisset
3603 5613 3671 5668 ab
3714 5612 3814 5666 illo
