4122 6338
337 273 472 376 nos

1619 309 1713 367 DE
1735 309 1906 370 VITA
1946 309 2001 367 S.
2043 311 2202 370 ΝΙῘᾸ

3373 312 3504 373 1410

250 436 251 439 “
328 432 593 489 monacho
621 430 875 500 profugo,
902 436 953 482 et
990 425 1244 495 αὐτόπτῃ.
1280 425 1328 477 id
1376 430 1477 487 est,
1505 423 1597 492 qui
1626 424 1858 490 propriis
1889 434 1932 485 Α
1958 424 2239 478 cltcrrintos
2282 424 2684 479 Commentarios
2737 426 3041 494 composuit,
3092 427 3181 493 qui
3212 426 3278 477 at!
3309 429 3507 477 excrci-

325 526 497 578 oculis
546 523 765 585 viderat,
812 518 1129 574 Ammonius
1179 516 1230 567 in
1272 514 1665 584 zEgyptuntad
1714 524 1867 582 tugu-

326 613 466 668 iinm
511 630 663 667 suum
712 625 958 665 reversus
1003 616 1104 672 est,
1156 616 1208 659 et
1258 605 1508 675 .Egyptio
1551 603 1868 670 conscripsit

327 705 611 765 idiomate,
673 701 895 769 ejusque
966 698 1115 764 λόγος
1176 699 1241 749 de
1306 696 1407 749 ista
1466 694 1609 748 crede
1680 708 1867 747 versus

321 790 523 854 (ἔντερα,
556 801 612 843 ut
653 788 881 842 indicari
920 801 951 839 a
1005 786 1062 839 P.
1110 784 1375 841 Combeﬁs
1425 784 1606 839 (haece
1658 784 1869 837 Latine-

1965 517 2209 570 talionem
2242 526 2536 586 pra'parant
2591 526 2639 568 et
2678 520 3142 580 conversationem;
3189 528 3237 570 et
3294 520 3510 584 captivi-

1966 614 2120 657 tatem
2165 617 2212 659 et
2272 609 2460 660 caulem
2494 615 2791 659 sanctorum
2832 607 3053 659 Patrum
3105 609 3393 673 descripsit.
3441 608 3509 659 Ili

1963 698 2145 763 quippe
2180 700 2413 751 monachi
2443 701 2606 751 necati
2640 699 2847 767 fuerunt
2871 716 2902 750 ο
2929 700 3196 761 Barbaris,
3240 718 3496 768 mtncupa-

1966 785 2031 836 tis
2060 785 2317 841 Blemmiis
2341 789 2403 840 ab
2435 789 2633 841 Arabia
2663 804 2822 857 usque
2846 790 2911 840 ad
2947 788 3228 857 Egi/ptum
3281 803 3328 843 et
3365 808 3505 843 mare

323 896 429 947 que
461 879 676 933 Parisiis
719 878 895 931 editus
943 875 1040 929 fuit
1081 891 1220 930 anno
1268 876 1398 929 1660
1428 878 1479 929 in
1511 886 1720 939 octavo,
1752 885 1805 929 ct
1838 890 1876 929 a»
1966 872 2215 938 Rubrum,
2268 876 2422 940 juxta
2448 878 2786 953 solitudinem
2829 880 3237 931 excurrentibus.
3293 883 3505 933 Etcum

323 969 384 1023 P.
430 969 497 1022 Le
528 970 703 1022 Sueur
732 966 931 1021 Gallice
962 966 1189 1032 ibidem,
1233 969 1528 1035 eodemque
1556 981 1698 1019 anno
1727 980 1757 1018 e
1780 981 1869 1019 co—

324 1060 536 1113 dicibus
565 1057 947 1126 manuscriptis
977 1056 1163 1126 Regio,
1210 1057 1531 1121 Mazzarino,
1563 1066 1615 1110 et
1654 1057 1870 1125 Seguie—

326 1149 478 1200 riano
513 1159 627 1215 pOst
654 1147 784 1200 Acta
832 1154 1135 1199 sanctorum
1189 1146 1477 1209 Eustachii,
1508 1160 1601 1197 scu
1646 1145 1869 1207 Placidi,

324 1247 376 1288 ct
405 1232 745 1301 'l‘beopistcs,
798 1236 907 1287 sive
946 1234 1179 1287 Tatiatue
1205 1234 1466 1303 conjugis,
1495 1243 1547 1286 ct
1580 1232 1870 1286 Laudatio—

324 1343 445 1380 nem
506 1324 703 1378 Nicettc
752 1324 1109 1393 Paphlagonis
1158 1325 1434 1377 insertam.
1488 1321 1679 1389 Incipit
1718 1321 1871 1387 λόγος

322 1416 622 1479 Amtnonii,
681 1416 922 1482 Ἐγένετό
980 1434 1101 1485 μοι,
1157 1416 1483 1483 desinitquc,
1561 1414 1638 1482 τῷ
1698 1415 1873 1483 ἁμαρ-

320 1503 495 1571 τωλῷ.
592 1502 1024 1571 Martyrologium
1102 1500 1399 1553 Romanum
1478 1500 1563 1553 die
1647 1501 1708 1555 l4
1786 1501 1872 1555 Ja-

324 1594 499 1646 nuarii
563 1594 675 1646 haec
725 1595 919 1646 habet:
983 1611 1001 1642 ι
1048 1591 1103 1644 In
1158 1590 1516 1663 monteSina
1565 1600 1872 1645 sanctorum

324 1684 543 1752 triginta
581 1694 700 1736 octo
744 1683 1125 1737 monachorum
1156 1697 1185 1733 a
1235 1672 1519 1735 Saracenis
1566 1682 1636 1735 ob
1672 1681 1869 1734 Christi

325 1772 479 1845 ﬁdem
519 1771 943 1827 interfectorum.
987 1771 1043 1825 In
1073 1769 1300 1840 .Egypto
1326 1770 1395 1823 in
1427 1770 1607 1823 Raithi
1644 1771 1871 1839 regione

322 1872 629 1917 sanctorum
677 1878 805 1916 xuii
850 1863 1267 1929 monachomm,
1315 1862 1406 1932 qui
1441 1876 1536 1931 pro
1568 1860 1870 1916 Christiana

323 1954 578 2022 religiene
624 1968 652 2006 a
710 1952 982 2008 Blemmiis
1024 1954 1189 2008 occisi
1248 1963 1412 2017 sunt;
1452 1973 1470 2004 ι
1527 1954 1597 2006 ibi
1653 1962 1759 2006 tam
1818 1953 1868 2005 in

323 2054 509 2101 monte
529 2042 654 2096 Sina
675 2082 689 2106 ,
712 2059 869 2113 quam
898 2045 951 2097 in
981 2044 1158 2098 Raithi
1202 2046 1542 2113 reponendus
1573 2054 1653 2099 est
1682 2058 1869 2098 nume-

324 2147 416 2185 rus
459 2133 807 2201 quadraginta
858 2136 1276 2195 monachorum,
1334 2144 1392 2188 ut
1421 2144 1630 2189 constat
1676 2152 1706 2189 e
1744 2151 1868 2188 nar—

323 2222 528 2275 ratione
566 2224 948 2291 suprascripta,
995 2232 1048 2278 et
1096 2226 1171 2276 sic
1214 2224 1276 2277 ad
1327 2225 1635 2294 octuaginta
1676 2240 1868 2278 nume-

322 2320 523 2363 rantur.
562 2312 801 2365 Meminit
840 2314 1023 2365 Petrus
1070 2312 1142 2364 La
1192 2312 1334 2365 Valle
1382 2294 1693 2367 monasterii
1746 2329 1867 2366 cum

320 2401 542 2452 ecclesia
574 2401 670 2451 sub
719 2401 870 2451 titulo
900 2400 1255 2467 Quadraginta
1304 2409 1592 2465 martyrum
1633 2401 1683 2451 in
1718 2399 1864 2464 Sina,

319 2497 450 2539 tom.
490 2487 524 2548 I,
567 2488 721 2555 epist.
755 2487 837 2551 il,
872 2503 923 2555 p.
962 2488 1082 2551 9.87,
1107 2489 1395 2553 primorum
1436 2488 1656 2550 scilicet,
1695 2489 1867 2554 quoad

321 2577 452 2629 mihi
500 2578 803 2646 conjccutra
880 2577 1001 2630 licet
1067 2577 1302 2645 assequi.
1351 2576 1712 2630 Conlirmatur
1760 2576 1869 2630 haec

320 2666 568 2719 excursio
594 2667 692 2719 sub
739 2666 1061 2719 Diocletiano
1099 2667 1273 2720 verbis
1309 2665 1453 2719 hisce
1498 2666 1620 2728 Nili,
1660 2666 1865 2720 deseri-

322 2757 494 2809 beatis
535 2770 670 2820 eam,
718 2770 835 2823 qua:
881 2754 977 2808 sub
1022 2753 1346 2819 Theodosio,
1396 2755 1444 2807 id
1494 2766 1574 2808 est
1606 2772 1717 2808 :evo
1768 2770 1867 2809 suo

319 2847 514 2906 evenit,
546 2845 887 2914 ἀνῃρέθησαν
915 2845 969 2896 δὲ
999 2845 1141 2897 ἄλλοι
1181 2846 1283 2913 πρὸ
1323 2846 1576 2897 πλειόνων
1614 2844 1768 2905 ἐτῶν,
1814 2844 1866 2897 id

318 2945 421 2999 est,
473 2935 725 3002 interfecti
782 2950 895 2987 vero
947 2935 1039 2986 atii
1085 2934 1360 2999 (monachi
1414 2934 1698 3002 nimirum)
1745 2943 1867 2986 ante

1918 1038 1919 1041 η
1965 959 2113 1014 Nilus
2148 964 2259 1029 ipse
2285 965 2711 1020 circumstantias
2745 981 2929 1020 omnes
2961 967 3180 1019 medium
3206 1008 3218 1028 ,
3268 986 3383 1035 qua:
3413 986 3503 1022 ac-

1967 1052 2227 1116 ciderunt,
2260 1055 2383 1121 quia
2425 1065 2551 1110 tunc
2583 1060 2760 1112 aderat
2790 1060 2842 1110 in
2880 1056 3006 1110 Sina
3039 1066 3234 1121 monte,
3268 1075 3329 1110 ac
3356 1076 3507 1111 ςυιιι-

1968 1143 2248 1207 miserans,
2284 1159 2373 1197 eas
2415 1150 2701 1212 spei-labat,
2752 1148 3170 1217 nominatimque
3215 1151 3506 1200 moaacbos

1968 1229 2273 1285 interfectos
2303 1234 2504 1301 aliquot
2526 1250 2866 1298 enumerans,
2900 1247 3109 1305 tempus
3137 1252 3350 1306 quoque
3379 1238 3507 1305 adji-

1968 1321 2073 1373 ciat
2119 1322 2377 1375 decimam
2430 1334 2673 1390 quartam
2717 1326 2855 1379 diem
2902 1327 3172 1390 Januarii,
3226 1337 3281 1380 ut
3329 1329 3480 1379 rctul'

1969 1408 2347 1478 adjungatque,
2377 1412 2607 1475 πάντως
2638 1414 2743 1480 γὰρ
2765 1415 2882 1478 τοῖς
2907 1417 3223 1469 εὐλαϐἐσιν
3260 1418 3297 1482 ἡ
3324 1418 3507 1483 μάθη-

1969 1501 2188 1567 σιςκαὶ
2222 1500 2325 1553 τοῦ
2353 1504 2572 1567 χρόνου
2604 1502 2700 1554 καὶ
2729 1500 2845 1554 τῶν
2879 1503 3174 1571 ὀνομάτων
3192 1507 3508 1565 σπουδάζε-

1969 1604 2061 1640 ται
2080 1628 2095 1653 ,
2123 1590 2425 1642 κοινωνεῖν
2456 1591 2578 1654 ταῖς
2618 1591 2871 1657 μνήμαις
2907 1592 3023 1645 τῶν
3058 1595 3238 1663 ἁγίων
3268 1596 3507 1648 ἐθέλου-

1970 1686 2110 1727 σιν’
2159 1675 2210 1728 id
2263 1686 2382 1741 est,
2438 1681 2641 1729 omnino
2690 1697 2903 1749 namque
2955 1700 2985 1734 a
3036 1684 3224 1737 devotis
3277 1685 3505 1736 studiose

1968 1765 2219 1834 quwritur
2250 1766 2466 1819 scientia
2502 1770 2738 1836 temporis
2799 1773 3177 1839 nominumque,
3222 1775 3503 1826 uolentibus

1971 1854 2230 1924 (scilicet)
2285 1856 2649 1909 memoriarum
2704 1869 2999 1911 sanctorum
3046 1860 3160 1927 ﬁeri
3198 1865 3502 1928 participes;

1970 1959 2077 2001 tres
2131 1955 2334 2000 tantum
2376 1948 2614 2002 nominat
2654 1965 2839 2013 etcsos,
2870 1949 3201 2004 Theodulum
3234 1954 3505 2023 presbyte-

1968 2053 2109 2101 rum,
2143 2037 2388 2103 Paulum,
2419 2049 2472 2093 et
2499 2039 2777 2103 Joannem,
2819 2052 2997 2110 postca
3028 2043 3269 2095 nominat
3304 2056 3504 2112 septem

1968 2141 2020 2194 p.
2056 2127 2145 2192 87,
2190 2129 2383 2192 quibus
2414 2145 2441 2182 a
2498 2130 2553 2181 P.
2604 2129 2675 2184 Lc
2727 2129 2898 2184 Sueur
2952 2141 3170 2187 octavus
3210 2133 3507 2186 adnectitur

1967 2214 2136 2268 Isaac.
2172 2216 2224 2267 ld
2255 2232 2378 2279 vero
2403 2218 2631 2270 arbitror
2660 2219 2920 2282 evenisse,
2953 2221 3073 2288 quia
3107 2224 3195 2289 qui
3230 2222 3499 2291 Martyrol.

1971 2304 2195 2359 Rtnnan.
2249 2316 2635 2359 contcxucrunt
2676 2308 2814 2359 diem
2867 2309 3148 2374 sepultura:
3198 2312 3503 2364 adnotatum

1967 2396 2245 2461 diligi-nter
2278 2397 2644 2456 observarunt,
2680 2396 2831 2463 isque
2862 2396 3116 2450 confusus
3149 2398 3242 2451 fuit
3276 2416 3394 2452 cum
3417 2419 3503 2464 eo,

1968 2497 2074 2548 quo
2100 2484 2201 2533 sub
2245 2482 2583 2543 Diocletiano,
2610 2492 2668 2535 ut
2695 2499 2819 2535 mox
2856 2487 3290 2550 memorabimus,
3316 2503 3343 2540 a
3376 2489 3505 2558 Bar-

1966 2571 2110 2625 baris
2139 2572 2298 2626 occisi
2321 2571 2534 2625 fuerunt
2559 2573 2646 2625 alii
2676 2575 2943 2638 monachi,
2969 2584 3020 2627 et
3050 2592 3176 2640 una,
3208 2579 3503 2646 eademque

1965 2662 2270 2716 celebritate
2302 2677 2597 2716 concursus
2630 2663 2783 2717 fiebat
2812 2664 2875 2716 ad
2911 2664 3019 2717 loca
3054 2678 3342 2735 martyrum
3378 2670 3503 2721 isto-

1966 2768 2079 2805 rum
2127 2754 2385 2821 sanguine
2423 2752 2656 2819 perfusa,
2703 2754 2781 2805 vel
2824 2754 3041 2807 tumulis
3084 2758 3388 2819 nobilitata;
3440 2774 3506 2809 ne

1965 2842 2034 2909 pii
2072 2843 2296 2894 viatores
2334 2850 2549 2909 propter
2584 2843 2868 2911 longinqua
2898 2844 3164 2911 itinerum
3198 2845 3365 2912 Spatia
3407 2860 3505 2898 ssc-

1965 2932 2085 2999 pius
2125 2932 2478 2996 lassarcntur,
2526 2932 2664 2985 sicut
2705 2948 2735 2984 c
2768 2932 2882 2985 Nilo
2927 2934 3108 2997 retuli,
3142 2945 3193 2987 ct
3230 2948 3257 2986 e
3294 2933 3505 2990 Menteis

318 3023 489 3091 plures
527 3038 708 3086 annos,
756 3038 981 3091 quorum
1019 3024 1271 3076 memoria
1300 3024 1483 3077 eadem
1523 3024 1609 3078 die
1646 3025 1865 3093 (nempe
1894 3042 1935 3096 ο
1968 3023 2153 3089 Ιίῳιρῑ,
2186 3013 2509 3089 adiuuatque
2547 3023 2828 3077 rardinalis
2884 3023 3155 3076 llarouius.
3186 3025 3304 3077 Dies
3326 3035 3502 3078 auten.

322 3113 544 3179 septima
580 3120 698 3179 post
730 3112 1097 3180 Epiphaniam,
1129 3126 1221 3163 seu
1251 3113 1645 3178 decimaquarta
1668 3110 1864 3165 Janua-

322 3202 417 3267 rii)
461 3203 776 3265 celebratur,
823 3216 889 3253 ne
917 3209 1060 3253 tanta
1101 3214 1165 3251 ex
1198 3199 1595 3265 intercapedine
1622 3200 1861 3252 crebrio-

323 3290 468 3343 ribus
494 3290 840 3344 convcntibns
873 3288 1151 3340 multitudo
1180 3287 1388 3353 piorum
1437 3287 1711 3343 coulluens
1744 3286 1865 3339 l‘ati-

322 3394 568 3452 garetur;
601 3383 692 3436 sed
734 3382 797 3434 de
831 3382 1105 3441 Cassiano,
1136 3388 1188 3433 et
1221 3380 1452 3442 Thecue,
1500 3396 1562 3434 ac
1600 3382 1863 3452 Raythuni

322 3474 565 3539 superius
604 3480 778 3523 actum
809 3480 886 3524 est
921 3471 1105 3523 iterum
1173 3471 1470 3539 iterumque
1528 3473 1768 3540 apposite
1797 3471 1861 3524 ad

322 3562 542 3628 primam
574 3561 727 3615 istam
754 3562 1145 3625 excursionem,
1179 3561 1278 3615 sub
1318 3576 1459 3613 anno
1487 3572 1666 3613 autem
1699 3562 1760 3614 C.
1791 3561 1858 3613 Ν.

320 3650 439 3704 505.
465 3650 738 3705 Mirabetis
763 3661 958 3713 autem,
984 3651 1120 3718 quod
1149 3650 1199 3700 in
1226 3648 1598 3716 Martyrologio
1619 3648 1860 3700 Romano

322 3742 385 3792 ad
418 3740 485 3791 ~28
516 3739 631 3791 Maii
672 3739 843 3791 locata
881 3739 951 3791 sit
999 3736 1230 3789 secunda
1274 3734 1513 3788 incursio
1550 3736 1659 3807 ista
1701 3733 1859 3788 Sara-

320 3842 572 3881 ceuorum
606 3828 675 3881 ita
718 3838 969 3894 concepta
1002 3842 1016 3878 :
1063 3842 1081 3875 σ
1107 3822 1321 3877 Thecue
1346 3824 1396 3877 in
1421 3822 1695 3879 Palaestina
1734 3841 1859 3879 san-

227 3905 237 3911 ’
322 3919 524 3968 ctor'um
550 3914 929 3967 monachorum
959 3922 1271 3980 martyrum,
1307 3913 1397 3979 qui
1430 3921 1664 3980 tempore
1694 3912 1860 3965 Theo-

317 4003 452 4057 dosii
481 4002 717 4056 Junioris
764 4016 793 4054 a
821 4002 1096 4055 Saracenis
1137 4000 1299 4053 occisi
1324 4006 1469 4061 sunt,
1505 4013 1731 4067 quorum
1769 4014 1858 4053 sa-

318 4112 439 4152 cras
463 4097 713 4165 reliquias
736 4095 926 4149 accolze
944 4094 1269 4161 colligentes,
1294 4106 1501 4145 summa
1522 4093 1860 4146 veneratione

320 4188 438 4241 illas
458 4188 775 4248 habuerunt,
802 4203 818 4235 ι
842 4199 961 4238 cum
995 4184 1047 4236 in
1077 4182 1371 4251 Menologio
1402 4180 1585 4235 Graaro
1622 4181 1858 4235 toleran-

321 4288 406 4329 tur
459 4278 557 4330 ista
608 4275 693 4328 die
747 4275 949 4327 decima
983 4283 1171 4341 quarta
1221 4271 1460 4325 Januarii
1507 4267 1719 4325 ιοῦτοι
1750 4272 1856 4324 τὸν

318 4364 647 4433 ἀσκητικὸν
662 4364 804 4426 ,βίον
831 4362 1167 4426 ποθοῦντες,
1190 4360 1333 4416 πᾶσι
1358 4361 1479 4426 τοῖς
1504 4362 1605 4415 τοῦ
1632 4362 1857 4428 κόσμου

319 4454 543 4519 χαίρειν
578 4452 862 4514 εἰπόντες,
893 4448 1191 4512 κατῴκουν
1214 4448 1324 4516 τὴν
1350 4448 1583 4516 ἔρημον.
1618 4449 1752 4501 Μεθ’
1774 4442 1859 4501 ὦν

319 4539 395 4611 ἦν
422 4545 453 4593 ὀ
474 4538 758 4607 μακάριος
775 4538 979 4602 Nattae
999 4538 1254 4604 ἔπαρχος
1278 4538 1527 4605 γεγονὼς
1552 4541 1857 4590 Κωνσταν-

283 4624 285 4626 ’
316 4633 734 4694 τινουπόλεως,
757 4633 789 4683 ό
811 4630 905 4681 καὶ
927 4628 1165 4695 δυνάμει
1193 4630 1395 4703 λόγου,
1421 4628 1518 4688 καὶ
1544 4628 1648 4681 τοῦ
1688 4628 1857 4696 ἁγίου

318 4723 653 4789 Πνεύματος
666 4719 875 4786 χάριτι,
898 4717 1193 4795 κάλλιστα
1221 4717 1644 4785 συγῖῬάμματα
1667 4717 1857 4781 ἐκθεὶς

318 4814 465 4880 πρὸς
494 4812 654 4881 682
681 4810 945 4876 ἄσκησιν
972 4810 1369 4875 ἐπτιλείςροντα
1390 4808 1485 4861 καὶ
1517 4808 1628 4875 τὴν
1654 4809 1856 4877 διαγω-

318 4904 450 4972 γὴν,
481 4904 575 4955 καὶ
603 4901 1024 4969 αἰχμαλωσίαν,
1062 4901 1155 4951 καὶ
1182 4902 1488 4966 ἀναίρεσιν
1516 4899 1631 4953 τῶν
1676 4901 1858 4953 ὁσίων

316 4993 586 5058 Πατέρων
609 4993 829 5044 τούτων
850 4987 1191 5055 διαγράψας.
1221 4984 1391 5041 Οὗτοι
1430 4988 1538 5055 γὰρ
1576 4987 1857 5056 ἀνῃρέθη-

318 5095 436 5135 σαν
473 5080 588 5132 imo
619 5079 732 5131 τῶν
753 5078 1065 5144 βαρϐάρων
1092 5076 1279 5127 ὄντων
1317 5076 1652 5144 λεγομένων
1672 5080 1876 5157 Boleti-~

313 5172 502 5240 μύων,
529 5169 645 5222 ἀπὸ
685 5168 942 5234 Ἀραϐίας
984 5166 1090 5230 ἕως
1116 5166 1407 5233 Αἰγύπτου
1430 5167 1523 5217 καὶ
1547 5165 1855 5232 θαλάσσης

331 5260 607 5326 Ἐρυθρας
636 5255 779 5308 κατὰ
810 5256 921 5322 τὴν
954 5255 1169 5321 ἔρημον
1204 5255 1702 5321 παρατεταμένων·
1755 5254 1854 5307 Isti

318 5350 662 5401 desiderantes
723 5348 875 5399 vitam
928 5346 1305 5397 exercitationis
1361 5347 1674 5408 monastica’,
1731 5362 1854 5397 cun-

318 5441 411 5491 ctis
449 5438 625 5489 mundi
664 5436 811 5488 rebus
852 5434 1203 5498 valedicentes,
1244 5433 1541 5485 habitarunt
1582 5435 1635 5485 in
1668 5435 1852 5487 solitu-

318 5527 455 5589 dine,
494 5541 603 5578 cum
636 5527 816 5593 quibus
843 5533 951 5577 erat
981 5522 1155 5574 beatus
1193 5519 1368 5582 Nilus,
1394 5522 1551 5588 quiet
1606 5523 1650 5573 vi
1682 5522 1853 5588 copia-

319 5629 413 5681 que
443 5614 663 5678 dicendi,
692 5624 738 5667 et
770 5613 934 5666 sancti
968 5611 1188 5678 Spiritus
1231 5612 1399 5679 gratia
1430 5612 1699 5675 prmdius,
1736 5612 1852 5677 pul-

1967 3114 2248 3179 sepulturze
2270 3112 2635 3163 universorum
2659 3128 2761 3163 non
2797 3114 2973 3165 statim
3004 3123 3121 3181 post
3152 3116 3347 3168 caedem
3381 3116 3501 3182 fuit;

1965 3208 2116 3253 erant
2157 3199 2351 3268 quippe
2403 3200 2573 3266 sparsi
2622 3201 2765 3253 varia
2810 3216 2899 3268 per
2948 3204 3157 3267 tuguria
3210 3204 3424 3272 singuli,
3452 3215 3506 3259 et

1968 3301 2074 3343 tres
2106 3298 2308 3343 tantum
2347 3290 2413 3343 ad
2452 3289 2578 3345 Sina
2622 3290 2768 3344 luere
2811 3292 3080 3355 trucidati,
3118 3294 3206 3346 alii
3243 3296 3425 3362 procul
3452 3297 3503 3349 in

1960 3382 2352 3450 suis’tuguriis,
2385 3399 2483 3437 nec
2526 3383 2869 3436 invcrisimile
2899 3382 3109 3437 videtur
3134 3399 3162 3437 a
3197 3385 3284 3437 die
3325 3385 3384 3437 l-i
3418 3384 3505 3437 Ja-

1961 3470 2155 3534 nuarii,
2184 3471 2248 3523 ad
2290 3472 2429 3523 diem
2455 3471 2522 3523 28
2554 3470 2696 3532 Maii,
2738 3471 3085 3523 remotiorum
3119 3472 3305 3524 funera
3337 3474 3505 3525 l'nis~e

1961 3564 2247 3621 protracta,
2282 3555 2332 3606 in
2364 3556 2732 3623 perquirendis
2762 3550 2901 3609 enim
2924 3539 3263 3625 corporibus,
3287 3568 3340 3610 et
3360 3574 3504 3612 cout-

1960 3642 2263 3709 portandis,
2319 3643 2630 3696 diuturnum
2694 3654 3065 3710 consumptum
3129 3654 3210 3699 est
3257 3656 3501 3714 tempus,

1961 3746 2056 3786 nec
2088 3740 2258 3786 tutum
2298 3742 2411 3786 erat
2439 3747 2503 3786 eo
2550 3747 2769 3786 munere
2812 3732 3093 3787 defunctos
3138 3737 3408 3801 prosequi,
3451 3745 3503 3787 et

1958 3820 2349 3875 multitudinem
2421 3821 2561 3874 ciere
2632 3820 2861 3873 ﬁdelium
2937 3822 3000 3873 ad
3074 3824 3501 3877 cohonestandas

1957 3908 2257 3975 exsequias,
2302 3908 2469 3963 donec
2496 3908 2648 3977 quies
2679 3917 2818 3961 esset
2842 3922 2872 3961 a
2904 3906 3150 3963 Barbaris
3193 3910 3489 3977 impetrata,

1958 4010 2300 4065 ipsorumque
2339 3999 2444 4051 dux
2475 3998 2772 4061 adeundus,
2813 4006 2864 4050 et
2893 3999 3122 4051 orandus
3168 4008 3301 4060 erat,
3354 4008 3409 4051 ut
3434 4016 3495 4053 cr

1955 4087 2228 4153 Epitome,
2260 4102 2418 4155 quam
2451 4102 2573 4139 mox
2622 4086 2923 4153 subjiciam,
2961 4087 3283 4140 narrationis
3312 4102 3340 4140 a
3385 4088 3500 4139 Nilo

1955 4174 2073 4242 ipso
2112 4177 2446 4229 cencinnatze
2483 4175 2697 4243 patebit.
2744 4174 2863 4229 Dies
2895 4183 3070 4228 autem
3105 4180 3234 4229 istos
3274 4176 3499 4230 Romani

1954 4264 2307 4335 Martyrologii
2349 4268 2685 4320 ‘collectores
2735 4280 2858 4319 cum
2905 4266 3277 4329 rescivisscnt,
3343 4272 3499 4323 attxie

1889 4346 1933 4403 υ
1958 4354 2308 4423 religioseque
2349 4362 2753 4417 conservaram,
2797 4362 2901 4407 tam
2931 4369 3049 4408 cum
3091 4355 3154 4407 de
3196 4356 3294 4409 hac
3322 4357 3499 4410 incur-

1956 4447 2108 4502 sione
2143 4449 2244 4501 sub
2286 4446 2588 4501 Theodosio
2621 4456 2802 4517 agunt,
2837 4448 2900 4501 de
2926 4463 3028 4517 qua
3070 4457 3289 4503 sanctus
3314 4449 3494 4518 Angu-

1955 4539 2147 4603 stinus,
2165 4539 2319 4608 epist.
2341 4538 2437 4590 122
2455 4540 2519 4590 ad
2545 4538 2897 4592 Victorianum
2919 4558 2937 4604 ,'
2959 4539 3245 4605 Nicephor.
3270 4539 3494 4603 Callisti,

1955 4624 2047 4681 lib.
2077 4643 2184 4689 xw,
2210 4634 2333 4695 'cap.
2374 4627 2472 4693 5i;
2510 4636 2562 4681 et
2592 4629 2878 4682 cardinalis
2919 4628 3203 4689 Baronius,
3231 4629 3280 4681 in
3305 4632 3494 4684 Annal.

1953 4717 2015 4769 ad
2051 4731 2139 4769 an.
2172 4714 2303 4781 MO;
2337 4731 2397 4769 ac
2430 4725 2646 4770 sanctus
2682 4715 2989 4783 ilieronym.
3023 4715 3075 4768 in
3112 4715 3211 4769 Vit.
3243 4716 3491 4773 Patrum,

1952 4818 2110 4873 quam
2154 4822 2273 4861 cum
2306 4806 2369 4858 de
2394 4807 2511 4861 aliis
2542 4807 2929 4861 Saracenorum
2962 4808 3284 4871 incursibus,
3325 4809 3494 4876 deque

1952 4893 2248 4947 subsecutis
2283 4894 2663 4947 monachorum
2708 4896 2937 4950 czcdibus
2971 4905 3216 4961 tractant;
3257 4911 3377 4948 nam
3408 4898 3493 4949 die

1950 4982 2154 5035 decima
2222 4998 2361 5036 nona
2444 4983 2715 5038 Februarii
2777 4987 2965 5053 legitur
3015 4987 3068 5039 in
3118 4986 3490 5055 Martyrologio

1950 5072 2107 5141 683
2142 5074 2325 5125 eodem
2351 5113 2363 5133 ,
2400 5076 2835 5129 commemoratio
2865 5085 3170 5130 sanctorum
3207 5079 3490 5130 monacho-

1953 5175 2091 5222 rum,
2123 5168 2174 5212 et
2225 5160 2450 5213 aliorum
2489 5172 2799 5231 martyrum,
2855 5164 2945 5231 qui
3000 5180 3028 5216 a
3078 5164 3356 5217 Saracenis
3390 5168 3503 5218 sub

1950 5250 2084 5301 duce
2129 5250 2491 5303 Aletnundaro
2538 5252 2827 5305 suavissime
2873 5253 2991 5305 caesi
3044 5263 3169 5307 sunt
3214 5254 3281 5306 ob
3334 5254 3486 5307 ﬁdem

1950 5338 2168 5392 Christi.
2222 5339 2347 5406 Ejus
2396 5340 2749 5393 meminerunt
2782 5340 3105 5409 Nicephorus
3134 5343 3356 5407 Callisti,
3393 5345 3486 5397 lib.

1951 5446 2057 5492 xw,
2086 5448 2134 5482 c.
2164 5430 2265 5495 55;
2296 5441 2483 5483 auctor
2502 5432 2752 5483 Historiis
2779 5431 3022 5485 Miscella:
3050 5435 3140 5487 lib.
3172 5450 3258 5497 xv,
3288 5449 3338 5502 p.
3364 5434 3485 5498 92H,

1948 5536 1977 5572 e
2011 5519 2354 5587 Tthphaue,
2394 5532 2442 5573 et
2468 5530 2704 5573 statuunt
2750 5537 2944 5575 annum
2977 5524 3240 5576 decimum
3290 5540 3486 5577 nomnn

1949 5611 2246 5675 Anastasii,
2283 5611 2341 5662 C.
2385 5609 2452 5663 -Ν,
2495 5612 2629 5677 508;
2675 5611 2944 5666 Cedrcnus
2975 5630 3171 5667 annum
3218 5616 3481 5669 decimum
