4122 6338
602 259 727 326 1111

1304 257 1450 318 JOS.
1488 252 1743 314 ΜΑΒῙᾹΞ
1781 250 2128 312 SUARESII
2168 249 2387 307 LIBER
2428 247 3038 307 CHRONOLOGICUS

3646 240 3776 306 1419

597 368 886 430 Anastasii,
916 367 1008 423 50l
1051 363 1114 419 C.
1144 363 1208 417 N.
1250 378 1312 417 ac
1342 361 1681 415 indictionem
1705 359 2033 420 secundam;
2058 356 2143 408 alii
2175 365 2216 418 Α
2247 355 2429 422 passio
2459 355 2511 409 in
2538 352 2842 416 Palzestina,
2871 354 2935 406 de
2961 369 3065 421 qua
3091 355 3293 426 mentio
3317 352 3445 406 litin
3471 351 3775 406 Graecorum

599 458 859 513 Anastasii
886 457 1245 519 undecimum,
1267 453 1326 508 C.
1358 450 1420 503 N.
1445 450 1566 504 502.
1597 449 1875 516 Uteunque
1903 447 1992 508 sit,
2015 461 2133 498 car-

596 550 788 604 dinalis
841 548 1130 609 Batonius,
1182 554 1235 599 et
1287 542 1482 596 Setbus
1541 538 1832 601 Calvisius,
1893 536 2136 605 quamvis

602 641 917 702 haereticus,
970 649 1144 690 tamen
1201 643 1422 687 exactus
1474 638 1773 698 temporum
1806 634 2132 694 supputator,

602 746 798 784 annum
828 729 888 783 C.
921 726 983 779 N.
1034 727 1150 785 508¹
1171 724 1417 786 firmant,
1447 734 1554 789 quo
1578 717 1996 778 Alcmundat-us,
2029 715 2138 768 sive

600 821 995 873 Alamundarus
1026 818 1125 869 iste
1163 814 1396 883 Zetices,
1421 826 1486 864 an
1534 809 1867 861 Scenitarum
1901 807 2137 874 regulus,

602 927 694 965 scu
723 908 1043 978 phylarchus
1071 919 1189 958 cum
1216 902 1403 955 Zareta
1426 914 1548 967 rege
1572 898 1852 950 Persarum
1888 896 1941 948 in
1980 896 2140 949 PIICB-

605 1002 775 1053 πίοι-ιη
837 1011 889 1051 et
939 995 1144 1065 Syriam
1193 991 1453 1052 excurrit,
1496 987 1724 1054 fecitque
1768 987 2027 1053 impetum
2085 985 2136 1035 in

606 1086 907 1139 Palzestitzze
939 1084 1092 1147 fines,
1123 1091 1176 1136 et
1202 1090 1404 1150 strages
1434 1079 1534 1132 ista
1567 1075 1717 1128 tertia
1754 1074 2137 1126 monachorum

604 1176 704 1229 fuit
734 1186 858 1227 tunc.
885 1173 1044 1237 edita,
1079 1171 1220 1239 quod
1254 1168 1460 1222 facinus
1484 1179 1671 1219 rursus
1697 1161 2008 1217 Vadicarius
2032 1161 2140 1216 fra-

605 1276 688 1320 ter
720 1264 877 1332 Agari
910 1261 1174 1314 demortui
1208 1260 1376 1312 fertur
1406 1242 1713 1310 renovasse.
1744 1253 2140 1306 Alemuudarus

606 1363 782 1410 autem
810 1352 1003 1405 Christi
1034 1352 1186 1404 fidem
1211 1348 1485 1416 amplexus
1513 1352 1616 1405 est,
1640 1342 1706 1395 ad
1727 1357 1815 1394 an.
1838 1340 1899 1395 C.
1923 1339 1985 1394 N.
2015 1342 2138 1415 515.

606 1448 665 1493 ut
693 1436 976 1493 cardinalis
1008 1433 1266 1486 Baronius
1310 1447 1338 1485 e
1366 1429 1686 1497 Nicephoro,
1720 1427 1791 1479 lib
1821 1441 1948 1490 xvtt,
1982 1439 2030 1480 c.
2052 1426 2139 1490 55,

606 1537 661 1583 et
688 1537 904 1582 auctore
936 1524 1181 1578 Historia:
1224 1521 1494 1585 Miscellte,
1534 1522 1626 1577 lib.
1652 1518 2014 1585 suprascripto
2051 1532 2138 1582 xv,

607 1619 798 1688 probat
866 1616 931 1670 de
983 1614 1329 1668 conversione
1382 1611 1658 1672 Saraceni,
1700 1609 1790 1677 qui
1827 1621 1993 1686 nepos
2029 1614 2143 1659 erat

2239 445 2557 513 Menologio.
2592 462 2609 493 ι
2653 442 2833 496 Τοιίεε
2855 441 3069 496 Barbari
3104 443 3340 512 aggressi
3373 450 3498 497 sunt
3542 442 3660 495 loca
3690 443 3778 496 illa

2240 541 2447 595 sancta,
2487 541 2540 583 et
2566 531 2900 584 cacodaenton
2932 529 3148 584 invidus
3181 532 3348 584 hostis
3378 530 3628 598 angelicae
3667 546 3780 583 mo-

2241 623 2533 674 nachorum
2557 615 3061 682 vitae,Barbarorum
3085 636 3239 689 opera
3259 621 3488 690 quietem
3505 637 3777 675 servorum

2244 711 2332 765 Dei
2372 711 2683 780 perturbare
2713 720 2936 765 conatus
2965 719 3066 775 est,
3097 722 3148 764 et
3187 726 3365 765 aream
3398 711 3552 766 istam
3602 728 3782 780 perse-

2241 800 2473 856 cutionis
2523 801 2826 855 turbinibus
2875 803 3162 866 ventilare;
3226 803 3363 856 unde
3417 814 3632 856 coactus
3682 802 3780 856 fuit

2241 889 2574 946 Justinianus
2603 893 2870 960 Augustus
2892 894 2942 944 in
2976 893 3103 945 Sina
3124 892 3397 947 castellum
3433 895 3780 959 exaediﬁcare,

2245 989 2303 1035 ut
2352 981 2471 1034 illos
2513 982 2741 1035 validius
2782 989 3095 1050 protegeret.
3142 982 3328 1034 'lurrts
3383 981 3577 1034 etenim
3624 990 3778 1035 antea

2242 1081 2445 1126 tantum
2470 1080 2605 1136 erat,
2642 1072 2732 1126 sed
2765 1072 2812 1126 is
2844 1086 3034 1124 novam
3075 1055 3426 1124 munitionem
3457 1072 3776 1134 construxit,

2247 1173 2377 1219 teste
2403 1165 2681 1233 Procopio,
2707 1165 2800 1219 lib.
2827 1181 2858 1217 v
2909 1164 2980 1217 De
3006 1165 3190 1230 uadi/ie.
3229 1163 3544 1228 Iustiniani,
3575 1179 3626 1231 p.
3651 1165 3709 1216 Η
3729 1179 3777 1224 t;

2243 1254 2371 1318 quin
2419 1266 2469 1307 et
2507 1255 2642 1322 apud
2681 1253 3018 1322 Theopolim,
3058 1254 3169 1308 sive
3197 1254 3533 1307 Antiochiam
3574 1270 3778 1307 murum

2243 1337 2426 1392 Sancti
2461 1339 2689 1394 Maronis
2720 1355 2884 1408 prope
2931 1340 3185 1408 Daphnen
3225 1341 3528 1405 renovavit,
3572 1354 3624 1407 p.
3660 1339 3779 1393 129.

2248 1427 2339 1481 Est
2369 1437 2544 1481 autem
2575 1430 2965 1483 monasterium
3009 1423 3188 1482 Sancti
3209 1427 3458 1495 ,Maronis
3493 1428 3783 1496 principale

2248 1519 2690 1574 monasteriorum
2731 1519 2977 1573 secundae
3010 1517 3193 1587 Syrias,
3226 1519 3381 1586 cujus
3429 1520 3783 1572 ambasciator

2246 1607 2500 1660 diaconus
2533 1605 2729 1660 Paulus
2761 1607 2812 1658 in
2860 1606 3445 1675 Constantinopolitano
3488 1623 3517 1658 v
3544 1621 3781 1660 (Boume—

608 1679 948 1760 Amerumnis
1000 1704 1052 1755 in
1100 1711 1276 1756 castro
1310 1699 1510 1767 Ampeli
1546 1698 1734 1766 Syriae,
1769 1711 1889 1750 cum
1925 1680 2148 1748 vidisset
2177 1679 2219 1737 Β
2249 1696 2371 1749 nico
2424 1696 2682 1762 concilio,
2742 1696 2950 1750 actione
2994 1696 3182 1765 prima,
3240 1695 3557 1763 subscripsit
3607 1695 3782 1748 libello

611 1795 837 1863 speciem
888 1791 1107 1846 infantis
1146 1791 1198 1842 in
1235 1788 1588 1843 Encharistia.
1634 1787 1848 1841 Relatio
1905 1785 2148 1854 Gregorii

612 1885 926 1952 Decapolitre
973 1881 1170 1948 prodiit
1214 1879 1351 1948 typis
1384 1879 1568 1932 Romae
1604 1893 1632 1932 a
1687 1877 1843 1930 Patre
1883 1874 2086 1930 Isidoro
2117 1886 2148 1927 a

616 1971 1071 2040 SanctoJosepho
1092 1970 1374 2023 Carmelita
1401 1968 1714 2022 Excalceato
1737 1966 1916 2020 Graece
1936 1964 2150 2018 Latine—

611 2079 714 2132 que
733 2063 1018 2132 publicata.
1047 2059 1199 2114 Pater
1226 2073 1439 2128 quoque
1470 2058 1795 2126 TheOphilus
1824 2055 2146 2125 Raynaldus,

613 2153 770 2206 aliam
822 2150 1217 2205 conversionem
1261 2149 1516 2217 principis
1568 2147 1744 2202 Persae
1799 2162 1828 2200 a
1881 2144 2037 2219 Petro
2085 2145 2150 2198 de

615 2240 790 2295 Monte
823 2248 946 2293 tunc
971 2239 1217 2307 episcopo
1250 2237 1512 2291 Brixiensi
1569 2252 1775 2291 versam
1817 2223 2061 2290 La‘tinum
2097 2233 2150 2286 in

615 2347 916 2390 sermonem
977 2347 1040 2385 ex
1098 2329 1283 2384 Graeco
1325 2323 1626 2397 Epipbauii,
1675 2325 1966 2392 Romaque
2011 2337 2152 2375 anno

615 2424 678 2478 ϐ.
707 2424 774 2475 Ν.
801 2420 937 2476 1525
987 2432 1261 2482 excusam,
1293 2427 1351 2470 ut
1376 2416 1552 2485 arguit
1573 2430 1634 2468 ex
1664 2413 2058 2482 Epigrammate
2088 2411 2154 2464 ad

618 2514 917 2566 Matthmum
979 2509 1254 2564 Gibertum
1316 2506 1607 2568 Datarium,
1669 2512 1792 2558 mo:
1847 2502 2153 2570 episcopum

619 2600 882 2654 Vernnen.
935 2595 1326 2665 dignissimum,
1363 2609 1467 2647 non
1513 2602 1711 2655 tamen,
1761 2599 1820 2643 ut
1862 2590 2060 2643 vocitat
2093 2588 2152 2640 P.

618 2692 755 2744 idem
798 2686 1156 2757 Theophilus,
1217 2685 1562 2749 cardinalem,
1614 2682 1796 2736 recudi
1843 2680 2055 2735 curavit
2100 2678 2156 2732 in

619 2779 810 2836 Gallia.
837 2779 908 2832 De
935 2777 1117 2831 Judteo
1143 2792 1235 2846 per
1256 2777 1564 2831 miraculum
1588 2783 1782 2830 sanctte
1812 2772 2157 2827 Eucharistia'.

619 2872 686 2923 ad
720 2869 874 2923 fidem
922 2868 1278 2922 Christianam
1327 2878 1589 2920 converso
1649 2861 1990 2917 Innocentius
2021 2860 2156 2915 Ter-

2249 1789 2655 1842 monachorum.
2720 1786 2841 1840 Fuit
2903 1799 2954 1839 et
3007 1785 3305 1839 Alexander
3367 1785 3782 1838 archimandrita
3869 1811 3874 1816 -

2247 1876 2409 1930 etiam
2453 1891 2520 1929 ex
2553 1877 2708 1944 epist.
2755 1875 2823 1927 2‘2
2865 1875 3158 1928 Ilormisdze
3193 1875 3258 1926 de
3292 1873 3567 1926 Maronitis
3595 1874 3660 1925 ad
3695 1888 3781 1926 an.

2246 1964 2308 2018 C.
2335 1963 2400 2018 N.
2423 1965 2590 2029 1099;
2620 1963 2935 2017 Ptolemmus
2961 1962 3156 2016 Lucen.
3189 1963 3240 2017 in
3263 1963 3451 2015 Annal.
3471 1977 3536 2015 ex
3565 1959 3786 2015 Richar-

2245 2055 2346 2120 do;
2376 2057 2463 2108 sed
2497 2067 2546 2108 et
2574 2055 2860 2109 cardinalis
2893 2053 3222 2108 Baroniusin
3250 2051 3400 2108 Notis
3435 2053 3498 2106 ad
3533 2053 3785 2122 Mat-tyro-

2247 2147 2444 2215 logium
2501 2144 2801 2199 Romanum
2843 2145 2931 2200 die
2962 2144 3023 2196 21
3078 2143 3368 2208 Octobris,
3398 2153 3453 2198 et
3487 2145 3541 2217 in
3591 2145 3782 2197 Annal.

2247 2235 2530 2288 erclesiast.
2578 2234 2642 2288 ad
2671 2249 2866 2288 annum
2895 2233 3047 2286 “89..
3080 2233 3194 2286 Tibi
3221 2232 3460 2301 profecto
3489 2232 3781 2287 satisfaciet

2249 2333 2573 2394 purpuratus
2620 2324 2711 2377 ille
2765 2324 2908 2391 pugil
2964 2322 3242 2384 Ecclesiae,
3296 2337 3395 2376 nec
3454 2321 3784 2375 insimulabis

2249 2412 2571 2484 ἀπροσεξίας
2599 2413 2774 2467 virum
2811 2410 2955 2464 hunc
2997 2424 3286 2472 summum,
3322 2409 3365 2463 si
3416 2409 3630 2478 legeris,
3670 2424 3784 2477 qua:

2251 2503 2438 2557 scribit
2462 2502 2526 2555 ad
2549 2501 2613 2554 11
2636 2498 2895 2564 Januarii,
2921 2509 2973 2552 et
2998 2499 3062 2551 19
3090 2496 3364 2554 Februarii
3396 2495 3496 2563 (uti
3522 2510 3642 2565 pag.
3670 2496 3781 2558 l67,

2253 2591 2304 2645 in
2326 2590 2476 2644 Notis
2500 2590 2566 2644 ad
2589 2589 2688 2643 Nili
2709 2589 2968 2657 διήγημα,
2993 2586 3051 2640 Ρ.
3080 2584 3360 2653 Possinus)
3391 2595 3445 2638 et
3472 2583 3783 2653 expenderis

2252 2683 2365 2737 haec
2389 2680 2548 2735 verba
2584 2697 2598 2734 :
2643 2697 2662 2730 ι
2705 2677 2940 2747 Contigit
2966 2676 3227 2744 ejusmodi
3260 2675 3574 2744 gravissima
3608 2688 3781 2743 perse-
3811 2746 3822 2758 .

2249 2775 2415 2836 cutio,
2436 2780 2563 2834 etc.,
2599 2787 2616 2822 ι
2653 2779 2707 2823 et
2737 2766 2997 2837 eiusmodi
3024 2781 3119 2834 pro
3145 2765 3304 2819 simili
3330 2763 3564 2820 volueris
3596 2764 3785 2818 intelli-

2253 2876 2394 2932 gere,
2410 2868 2464 2917 et
2492 2859 2663 2913 amice
2681 2871 2894 2926 quoque
2911 2855 3030 2908 ista.
3066 2873 3084 2905 ι
3111 2852 3226 2907 Una
3253 2853 3470 2922 (inquit)
3494 2851 3783 2921 eademque

620 2960 726 3014 tius
774 2959 869 3012 lib.
901 2973 975 3024 iV,
1014 2958 1173 3027 epist.
1200 2955 1286 3010 84.
1327 2956 1481 3029 Anno
1527 2955 1699 3022 primo
1728 2951 2008 3006 Iustiniani
2049 2953 2158 3004 Au-
2181 2975 2224 3033 ρ
2254 2949 2552 3037 persecutio
2573 2948 2986 3006 Saracenorum,
3009 2944 3120 2998 sive
3140 2958 3170 2996 a
3194 2941 3479 2996 Saracenis
3497 2949 3780 3006 commota,

620 3048 783 3117 gusti,
805 3048 867 3102 C.
898 3044 958 3100 Ν.
990 3046 1113 3112 527,
1145 3046 1304 3099 iidem
1358 3043 1689 3112 Nicephorus
1730 3050 1783 3097 et
1837 3049 2026 3094 auctor
2056 3040 2155 3095 Mi-

620 3137 796 3192 scellae
843 3135 1059 3189 tradunt
1107 3135 1208 3189 sub
1270 3133 1628 3186 Alemundaro
1663 3145 1784 3200 rege
1837 3129 2153 3197 Zeticaa-(an

623 3226 803 3295 regulo
853 3224 1345 3294 Seenitarutn?)in
1380 3222 1732 3285 Palaestinam,
1796 3237 1890 3275 seu
1946 3219 2153 3289 Syriam

623 3312 872 3381 primam,
902 3311 1201 3365 excurrisse
1234 3309 1546 3371 Saracenos,
1593 3322 1791 3376 easque
1823 3306 2154 3376 deprtedatos

625 3398 812 3463 fuisse,
844 3414 1015 3468 usque
1059 3399 1125 3452 ad
1149 3397 1281 3453 lines
1307 3397 1637 3479 Antiochiet,
1687 3396 1821 3449 nihil
1865 3404 2042 3449 tamen
2089 3394 2156 3448 de

627 3485 928 3540 monachis.
1219 3515 1223 3518 ν
1775 3495 1782 3500 “

700 3575 821 3628 Fuit
848 3582 901 3628 et
933 3574 1317 3627 monachorum
1349 3569 1701 3640 quadraginta
1734 3580 1966 3638 quatuor
1989 3567 2160 3625 cades

631 3663 686 3718 in
721 3664 870 3716 laura
929 3661 1097 3716 sancti
1150 3660 1301 3713 Saba:
1349 3660 1404 3712 in
1448 3657 1727 3712 Palaestina
1783 3656 2085 3711 occisorum
2129 3671 2158 3708 a

630 3751 934 3816 Saracenis,
965 3765 995 3805 e
1019 3750 1250 3804 Baronio
1278 3749 1546 3803 cardinalc
1583 3747 1649 3800 ad
1677 3746 1816 3801 diem
1858 3744 1924 3800 16
1953 3745 2072 3799 Maii
2105 3744 2157 3798 in

632 3840 781 3894 Notis
816 3840 883 3893 ad
912 3837 1141 3891 Roman.
1193 3835 1527 3904 Martyrolog.
1554 3846 1608 3892 et
1635 3835 1688 3888 in
1718 3833 1912 3888 Annal.
1952 3834 2017 3887 ad
2061 3848 2158 3887 an-

634 3944 761 3983 num
796 3928 854 3982 C.
902 3925 968 3982 Ν.
993 3925 1114 3988 619,
1146 3939 1241 3978 seu
1287 3923 1683 3986 650,'Heraclio
1730 3924 2068 3992 imperatore,
2095 3923 2161 3978 de

632 4033 738 4087 qua
757 4015 1004 4070 Moschus
1043 4015 1095 4067 in
1128 4013 1299 4067 Prata
1324 4011 1608 4081 spirituali,
1637 4025 1688 4066 e.
1713 4012 1766 4074 4,
1797 4027 1853 4064 n.
1880 4011 1945 4063 ‘2!
1998 4021 2051 4064 et
2071 4010 2158 4074 99,

634 4105 738 4160 ubi.
773 4103 1104 4174 Rosweydus
1157 4102 1379 4157 laudans
1418 4102 1592 4171 ipsum
1639 4100 1960 4154 cardinalem
1998 4097 2162 4152 Baro-

636 4193 814 4259 nium;
848 4192 941 4248 sed
980 4208 1102 4248 cum
1134 4191 1440 4263 μνημονικῷ
1476 4193 1826 4262 ἁμαρτηματι
1874 4190 1937 4243 ad
1971 4189 2036 4247 19
2064 4187 2162 4242 Fe-

2254 3031 2309 3099 et
2336 3040 2534 3105 inﬂicta
2562 3038 2954 3108 suprascriptos
2984 3044 3200 3091 sanctos
3239 3033 3533 3088 monachos
3562 3031 3782 3087 diversis

2251 3133 2305 3186 in
2334 3130 2468 3184 locis
2499 3128 2702 3196 positos
2736 3126 2967 3189 vexavit,
2990 3124 3322 3193 diversisque
3354 3122 3546 3178 diebus
3573 3121 3781 3185 occidit,

2253 3220 2371 3290 (seu
2410 3214 2637 3271 diversis
2681 3212 3054 3281 temporibus),
3095 3222 3280 3265 utnon
3314 3213 3525 3266 mireris
3575 3213 3620 3266 si
3652 3224 3784 3279 sape

2251 3318 2439 3375 agatur
2469 3307 2522 3359 in
2557 3304 2802 3358 Romano
2832 3302 3200 3373 Martyrologio
3244 3301 3468 3355 inferius
3501 3301 3564 3357 de
3599 3316 3782 3355 mona-

2252 3399 2367 3453 chis
2393 3398 2547 3456 cmsis
2593 3411 2624 3450 a
2667 3395 2970 3453 Saracenis.
2998 3394 3072 3449 lta
3120 3393 3420 3465 persecutio
3453 3392 3782 3459 Diocletiani,

2252 3493 2336 3545 vel
2373 3493 2598 3545 aliorum
2630 3501 2978 3560 tyrannorum
3000 3491 3056 3544 in
3085 3489 3424 3544 Christianos
3451 3487 3784 3543 debacchan-

2256 3580 2386 3631 tium
2419 3577 2614 3632 dicitur
2641 3593 2767 3641 una,
2800 3578 3045 3646 quamvis
3073 3580 3298 3652 diversis
3338 3579 3550 3644 diebus,
3585 3586 3782 3647 tempo«

2256 3669 2508 3736 ribusque
2550 3666 2713 3722 fuerit
2741 3668 2971 3721 excitata
3019 3679 3073 3721 et
3111 3678 3498 3742 consummata.
3534 3686 3554 3718 ι
3587 3667 3629 3720 Ε
3674 3669 3788 3736 qui-

2255 3758 2356 3813 bus
2410 3757 2700 3812 cardinalis
2747 3757 2964 3810 Baronii
3018 3757 3230 3822 verbis,
3288 3771 3448 3824 quam
3494 3756 3654 3810 fuerit
3705 3757 3790 3810 ille

2256 3854 2484 3899 attentus
2508 3844 2560 3898 in
2585 3843 2850 3913 Operibus
2875 3845 2987 3901 suis
3015 3845 3209 3901 clarius
3239 3844 3468 3899 elucebit
3490 3844 3790 3915 aequissimo

2256 3948 2433 3986 rerum
2457 3934 2789 3987 aestimatori.
2939 3998 2941 4000 _

2325 4019 2459 4072 Dum
2484 4020 2632 4073 Nilus
2656 4035 2752 4088 pro
2779 4035 2929 4075 more
2954 4036 3051 4077 suo
3077 4022 3141 4075 ad
3176 4032 3413 4085 sanctos,
3446 4024 3535 4091 qui
3559 4032 3712 4077 erant
3741 4022 3790 4076 in

2258 4105 2431 4172 Rubo,
2456 4117 2508 4161 et
2527 4107 2707 4162 Griece
2720 4108 2892 4179 Βάτῳ,
2920 4125 3076 4177 quem
3102 4108 3308 4180 Moyses
3331 4111 3464 4164 vidit
3491 4111 3790 4171 ardentem.

2258 4206 2313 4250 at
2369 4197 2786 4276 ineombustum,
2835 4188 2998 4252 Esodi
3048 4215 3125 4265 In,
3179 4199 3247 4265 2,
3309 4199 3398 4252 ubi
3457 4200 3710 4267 sacellum
3762 4214 3792 4252 a

639 4282 860 4344 bruarii,
915 4281 980 4335 de
1023 4297 1150 4351 qua.
1182 4289 1236 4336 et
1289 4281 1583 4336 Antiochus
1636 4281 1689 4333 in
1743 4279 1997 4349 Epistola,
2064 4295 2156 4334 seu
2187 4284 2440 4341 Dsancta
2501 4287 2693 4341 Helena
2741 4288 2976 4359 Augusta
3023 4287 3124 4342 fuit
3171 4297 3536 4361 exstructum,
3590 4299 3647 4345 et
3697 4289 3794 4344 sub

643 4374 932 4438 fragmento
952 4371 1017 4424 ad
1041 4360 1406 4434 Eustachium,
1435 4371 1577 4439 quod
1607 4371 1878 4439 praeﬁxum
1907 4382 1992 4425 est
2022 4369 2158 4423 Pan-

636 4462 806 4512 dectae
840 4457 1054 4519 intesta:
1070 4468 1202 4513 tom.
1223 4441 1295 4510 lx.
1315 4459 1643 4512 Bibliotheca
1674 4459 1913 4512 Patrum.
1931 4457 2160 4516 Sedcbat

645 4557 770 4600 tunc
793 4545 1166 4614 Hierosolymis
1184 4547 1492 4615 patriarchas
1514 4548 1566 4600 in
1589 4547 1850 4602 Persidem
1875 4563 1903 4600 a
1926 4547 2159 4600 Chosrou

641 4636 848 4690 abducti
865 4637 1255 4705 τοπατηρητής.
1283 4635 1331 4688 id
1353 4647 1431 4688 est
1450 4614 1617 4688 locum
1635 4647 1833 4698 teneas,
1860 4637 2121 4697 Modestus
2144 4654 2159 4700 ;

646 4724 937 4791 imperabat
958 4721 1253 4784 Heraclius,
1288 4720 1380 4789 qui
1407 4720 1708 4774 Chrosroen
1732 4721 1880 4774 vicit.
1905 4721 1978 4774 De
1998 4721 2160 4773 mira-

643 4810 813 4873 culis,
867 4822 984 4877 qua‘.
1029 4807 1370 4877 contigerunt
1419 4821 1539 4862 cum
1593 4806 1721 4860 illud
1779 4809 2193 4879 monasterium_

646 4898 953 4954 invaserunt
983 4895 1230 4952 Saraceni
1255 4905 1443 4965 praeter
1477 4895 1770 4959 Moschum,
1800 4895 2028 4963 Cyrillus
2049 4911 2162 4948 mo-

641 4986 850 5040 nachus
877 4984 928 5036 in
957 4984 1101 5039 Actis
1123 4986 1290 5039 sancti
1322 4985 1491 5050 Sabre,
1525 4986 1610 5040 die
1634 4985 1665 5038 5
1697 4987 1999 5055 Decembris
2023 5003 2038 5050 ;
2062 4983 2166 5039 Eu-

642 5077 880 5145 thymius
908 5075 1074 5128 abbas
1100 5061 1213 5130 adio
1247 5077 1316 5129 20
1357 5075 1594 5130 Januarii
1642 5089 1925 5131 recensens
1960 5089 2167 5140 grassa-

643 5166 846 5218 tionem
861 5162 1023 5233 σει
1035 5161 1398 5217 Saracenicam
1415 5165 1514 5218 sub
1533 5165 1834 5229 Anastasio,
1851 5165 1914 5218 de
1929 5179 2030 5232 qua
2050 5162 2167 5215 etin

645 5255 807 5309 rebus
843 5255 1002 5322 gestis
1043 5253 1211 5309 sancti
1229 5251 1446 5308 Joannis
1478 5255 1764 5310 Silentiarii
1815 5255 1953 5322 apud
2005 5253 2170 5306 Meta-

646 5345 919 5411 phrastem
966 5343 1051 5399 die
1125 5343 1188 5398 13
1238 5341 1379 5398 Maii.
1430 5344 1491 5394 ln
1545 5342 1912 5412 Martyrologio
1958 5343 2168 5411 quidem

648 5432 891 5485 Romano
919 5432 1030 5486 haec
1055 5432 1333 5496 habentur,
1371 5430 1453 5486 die
1478 5429 1540 5483 16
1562 5429 1676 5482 Maii
1714 5450 1726 5483 :
1753 5452 1770 5483 ι
1795 5431 2170 5486 Monachorum

652 5520 709 5572 in
763 5521 907 5575 laura
969 5521 1140 5576 sancti
1191 5521 1342 5576 Saba:
1391 5535 1420 5574 a
1452 5518 1730 5574 Saracenis
1781 5522 2170 5575 interfectorum

2256 4377 2408 4430 altari
2432 4377 2760 4445 compositus
2789 4379 3161 4447 ingens/lapis,
3186 4387 3238 4432 et
3265 4393 3424 4446 prope
3447 4393 3604 4446 quem
3630 4377 3794 4432 Justi-

2256 4466 2449 4519 nianus
2509 4466 2795 4534 imperator
2867 4483 3110 4536 magnam
3169 4468 3450 4522 aediﬁcavit
3514 4467 3790 4521 ecclesiam

2257 4556 2423 4608 instar
2453 4556 2610 4619 arcis,
2639 4565 2695 4608 ut
2718 4555 3010 4624 ProcOpius
3038 4557 3263 4612 laudatis
3291 4557 3424 4610 locis
3451 4555 3724 4622 describit,
3744 4565 3793 4610 et

2259 4651 2537 4696 attestatur
2581 4643 2770 4698 Petrus
2815 4661 2840 4696 a
2889 4645 3036 4698 Valle
3095 4655 3226 4698 tom.
3271 4643 3530 4713 [Pet-agr.
3567 4662 3617 4716 p.
3651 4647 3792 4701 286:

2259 4730 2324 4783 ad
2361 4742 2572 4786 sanctos
2603 4734 2882 4802 (inquam),
2929 4734 2980 4787 id
3014 4741 3095 4787 est
3124 4731 3464 4802 perfectiores
3487 4738 3794 4795 monachos.

2260 4819 2420 4885 paulo
2452 4832 2573 4874 ante
2603 4823 2668 4875 de
2702 4831 2880 4875 monte
2909 4821 3035 4874 Sina
3062 4821 3442 4888 descendisset,
3483 4833 3541 4897 ut
3584 4825 3797 4878 haberet

2260 4924 2380 4962 cum
2423 4910 2553 4977 ipsis
2597 4926 2856 4980 synaxes,
2909 4920 2958 4964 et
3002 4911 3346 4977 collationes,
3405 4914 3616 4982 aliaque
3642 4914 3795 4981 spiri-
3845 4921 3847 4924 '

2263 4997 2422 5049 tuulia
2439 5000 2869 5059 exercitamenta,
2896 4999 3140 5052 monachi
3167 5000 3326 5052 etiam
3343 4999 3797 5068 distinguebantur

2259 5082 2315 5136 in
2366 5085 2689 5153 ἀρχαρίους,
2731 5083 2841 5138 sive
2903 5086 3187 5155 ἀρχαίους,
3225 5087 3275 5140 id
3318 5094 3432 5148 est,
3485 5087 3795 5155 incipientes,

2267 5174 2683 5241 μικροσχήμους,
2709 5175 2798 5226 καὶ
2827 5176 3281 5246 μεγαλοσχήμους,
3307 5176 3355 5229 id
3373 5185 3475 5239 est,
3497 5193 3652 5243 parva
3672 5186 3798 5230 reste

2269 5263 2479 5314 amictos
2500 5301 2514 5326 ,
2545 5264 2848 5332 indutosque
2873 5265 3032 5335 605
3067 5281 3275 5333 magna,
3309 5266 3396 5334 qui
3426 5265 3613 5319 τέλειοι
3648 5267 3797 5319 καλό-

2271 5364 2422 5417 γηροι
2500 5347 2858 5416 dicebantur,
2936 5364 2994 5409 ut
3069 5356 3209 5422 apud
3290 5355 3796 5426 Hierosolymitauos

2272 5435 2474 5499 equites
2519 5436 2734 5501 novitii,
2773 5445 2824 5490 et
2867 5437 3245 5502 (Irand-Croix,
3280 5440 3439 5506 Goar,
3491 5443 3667 5511 p.472,
3699 5441 3797 5494 488

2214 5585 2216 5587 ,
2272 5522 2506 5578 e15|7in
2529 5524 2773 5594 Eucltol.;
2799 5530 2887 5583 sed
2913 5517 3095 5585 vereor
3120 5547 3182 5586 ne
3203 5533 3270 5586 sit
3297 5533 3393 5586 hoc
3417 5533 3792 5586 monachorum
