4122 6338
165 305 285 375 1413

1445 309 1723 369 DE'VITA
1769 311 1826 370 S.
1859 309 2021 367 NlLl

3168 304 3304 370 HM

140 415 414 472 discrimen
455 413 744 469 recentius.
800 412 1004 475 Evenit,
1060 413 1134 466 uti
1200 412 1308 481 jam
1358 413 1668 481 praeuotavi,
1700 429 1740 482 Α
1773 416 1859 468 alii
1913 416 2128 469 nomine
2182 414 2378 470 Paulus
2436 427 2508 480 et,
2559 415 2788 472 Joannes
2837 419 2946 486 jam
2998 418 3308 472 exbalaraut

138 509 379 563 excursio
424 509 512 560 illa
549 508 912 562 memorabilis
959 506 1342 560 Saracenorum
1374 505 1437 558 ad
1469 520 1667 558 annum

137 599 195 653 C.
233 598 294 651 N.
328 599 449 663 410,
515 598 607 667 qui
642 612 833 651 canum
889 598 1472 665 instarexagitatarum
1525 596 1670 648 rabie

138 690 453 743 inconditum
487 691 700 743 edentes
729 690 1013 742 clamorem
1047 691 1099 741 in
1135 689 1224 742 Dei
1256 689 1399 742 viros
1446 689 1669 742 insilue-

138 789 303 832 runt:
340 779 576 848 ipsorum
629 779 910 842 belluinos,
974 777 1278 846 ferinosque
1327 793 1502 831 mores
1556 778 1667 846 jam

136 871 374 937 graphice
400 867 683 922 delineavit
711 867 859 922 Nilus
887 870 936 920 in
961 882 1056 920 sua
1085 868 1505 935 Complotationc
1524 868 1666 935 (sic),

135 959 571 1027 quemadmodum
619 969 672 1013 et
716 958 1052 1022 Ammonius,
1098 973 1202 1010 non
1247 958 1524 1010 violentius
1564 957 1667 1023 lupi

136 1049 281 1117 agnis
325 1049 598 1113 insultant,
631 1048 916 1111 ululantes,
938 1049 988 1099 in
1022 1048 1206 1115 primis
1231 1052 1592 1107 corroserunt,
1621 1055 1671 1097 et

135 1140 480 1206 compilarant
523 1154 868 1207 quascunque
906 1144 1285 1207 congesserant
1337 1137 1439 1188 illa:
1476 1144 1671 1188 sancta:

134 1227 364 1281 formicas
394 1239 751 1298 praeparantes
789 1230 853 1282 ad
894 1228 1174 1280 hibernum
1215 1228 1410 1280 victum
1449 1226 1671 1279 summi-

133 1330 263 1374 tates
299 1310 570 1386 arborum,
602 1321 899 1386 baccasque
933 1319 1223 1382 silvestres,
1266 1331 1384 1383 quae
1428 1316 1493 1367 ad
1531 1316 1673 1367 hunc

136 1426 286 1464 usum
334 1411 522 1464 sedulo
576 1410 832 1472 collectzn,
881 1417 932 1461 et
980 1408 1257 1461 custodita:
1297 1407 1508 1468 siccari,
1563 1405 1674 1458 sive

134 1500 330 1563 durari,
366 1501 672 1568 servarique
709 1509 969 1567 poterant,
1004 1515 1124 1550 mox
1155 1497 1457 1566 compulere
1489 1511 1672 1548 mona-

134 1595 261 1647 chos
294 1603 350 1646 ut
381 1609 472 1647 eas
523 1593 586 1645 ad
621 1608 738 1648 sese
806 1595 1178 1660 deportarent;
1215 1593 1350 1644 alios
1403 1603 1526 1642 vero
1559 1603 1674 1640 mo-

134 1685 366 1748 nachos,
421 1685 512 1753 qui
565 1692 719 1737 erant
776 1684 917 1736 intra
983 1683 1260 1736 ecclesiam
1324 1680 1671 1741 abstrahunt,

133 1776 437 1844 mutantque
478 1775 590 1827 suis
618 1775 956 1836 centonibus,

132 1876 264 1919 nunt
283 1865 470 1919 ordine
493 1863 555 1917 ad
589 1865 805 1929 eadem,
833 1873 943 1916 tum
967 1863 1372 1916 circumstantes
1398 1860 1674 1913 truculenti

131 1953 407 2005 carnifices
459 1953 692 2005 eduxere
723 1951 928 2020 gladios
967 1951 1124 2014 irati,
1167 1958 1219 2002 et
1263 1958 1406 2002 torve
1440 1948 1673 2016 igneum,

131 2034 544 2108 rutilantemque
581 2040 954 2093 subvolventcs
989 2040 1228 2091 obtutum
1283 2053 1406 2106 erga
1436 2037 1672 2089 strictam

132 2131 271 2182 illam
331 2131 534 2189 aciem,
593 2139 940 2196 paratamque
996 2129 1111 2181 neci
1159 2143 1254 2196 pro
1306 2126 1538 2189 Christo,
1588 2123 1674 2179 cui

133 2220 531 2298 fqmulabantur
559 2219 848 2273 subeuodae
893 2220 1100 2272 fortiter
1130 2235 1190 2271 ac
1229 2232 1499 2287 generose.
1532 2215 1673 2283 Lego

132 2325 316 2375 nempe
341 2310 615 2378 πυρωπόν,
640 2317 693 2362 et
717 2310 1012 2379 πυρρωπόν
1036 2311 1186 2375 (utin
1211 2317 1376 2370 textu,
1405 2305 1672 2373 notisque,

131 2413 184 2466 p.
236 2399 599 2463 l60,doctiss.
645 2399 940 2467 Pessinus).
977 2397 1226 2451 Mandant
1261 2395 1521 2450 sacerdoti
1572 2394 1673 2448 loci

132 2489 288 2552 sacri,
321 2499 379 2540 ut
402 2489 681 2556 protendat
706 2489 987 2546 cervicem.
1023 2487 1361 2556 inferuntque
1387 2501 1490 2539 non
1515 2485 1676 2539 simul

133 2579 287 2630 ambo
319 2579 444 2642 (duo
473 2578 668 2631 etenim
703 2578 876 2644 ipsum
921 2576 1384 2645 circumstabant),
1411 2575 1500 2630 sed
1536 2589 1673 2629 unus

133 2675 252 2732 post
289 2665 451 2717 alium
494 2678 652 2718 enses
680 2668 931 2732 utrinque
982 2663 1283 2732 inﬂigendo,
1317 2674 1375 2717 ut
1403 2665 1673 2719 crudelius

98 2755 408 2825 -degustata
440 2764 609 2808 morte
641 2755 996 2819 occideretur,
1035 2756 1214 2823 plagas
1256 2754 1322 2808 ad
1363 2756 1676 2825 interscapl-

133 2844 261 2897 lium
307 2855 361 2897 et
390 2844 711 2909 mamillam,
742 2859 772 2898 e
816 2845 1009 2913 quibus
1060 2844 1146 2897 ille
1181 2845 1427 2898 sacerdos
1458 2845 1672 2900 victima

135 2929 240 2983 Deo
292 2944 446 2984 sacra
496 2931 763 2993 concidit,
823 2930 963 2986 sicut
1012 2939 1066 2985 et
1105 2931 1221 2999 ejus
1277 2933 1674 2988 concellulanus

132 3021 482 3085 grandaevus,
530 3027 585 3072 et
624 3018 829 3072 fractus
875 3033 983 3072 non
1025 3019 1179 3072 annis
1223 3027 1448 3082 tantum.
1494 3021 1584 3074 sed
1623 3027 1674 3073 et

135 3109 445 3168 monasticis
475 3109 773 3172 laboribus,
807 3108 1036 3177 denique
1069 3125 1198 3178 puer
1226 3111 1329 3163 illis
1363 3110 1672 3164 ministrans

131 3199 313 3264 jussus
355 3199 585 3267 relegere
629 3199 838 3259 baccas,
915 3199 991 3251 uti
1037 3199 1148 3268 jam
1201 3200 1434 3254 narravi.
1486 3198 1670 3251 Satiati

136 3289 382 3343 mactatis
437 3289 584 3343 hisee
639 3290 809 3344 tribus
856 3287 1077 3344 Barbari
1132 3289 1350 3356 reliquis
1399 3289 1672 3342 menacbis

135 3380 439 3433 indicarunt
483 3389 540 3434 ut
587 3378 762 3447 fugam
810 3386 1166 3448 capesserent,
1206 3388 1260 3442 et
1303 3379 1531 3440 abirent,
1576 3377 1672 3427 οὐκ

135 3465 245 3520 οἴδα
275 3468 327 3519 τι
373 3467 659 3530 παθόντες,
691 3483 878 3520 manus
943 3451 1138 3520 indicio
1185 3466 1496 3528 suadentes,
1548 3482 1669 3520 cum

135 3558 312 3610 adhuc
336 3564 575 3612 tenerent
601 3556 858 3624 sanguine
891 3554 1112 3608 infectos
1151 3570 1336 3629 enses,
1358 3558 1521 3608 nescio
1542 3573 1671 3624 quo-

136 3646 286 3695 modo
319 3643 511 3711 placati
541 3643 710 3712 (Nilus
748 3643 941 3712 inquit,
972 3659 1024 3712 p.
1053 3643 1142 3713 50)
1183 3659 1286 3712 per
1316 3654 1500 3713 tesqua
1538 3661 1671 3712 prae-

135 3731 315 3799 cipitia
377 3732 676 3799 gradientes
741 3732 893 3786 ocius
959 3731 1204 3784 monachi
1264 3731 1366 3784 nisi
1424 3739 1548 3784 sunt
1604 3732 1669 3785 ad

138 3831 371 3875 montem
399 3824 644 3887 evadere,
680 3837 778 3874 nec
802 3822 942 3874 enim
983 3820 1066 3870 via
1097 3819 1215 3870 trita
1238 3818 1390 3880 erat,
1422 3819 1672 3872 haesitan-

138 3911 287 3972 tiam,
319 3908 729 3976 tarditatemque
759 3923 909 3960 suam
938 3905 1093 3960 Nilus
1123 3907 1207 3959 hic
1232 3908 1418 3976 pingit,
1463 3917 1572 3961 tum
1602 3909 1669 3962 ob

137 4004 370 4056 atatem.
403 3996 473 4048 uti
497 3996 605 4063 jam
643 3996 928 4057 insinuavi,
954 4002 1063 4048 tum
1086 3990 1226 4063 quod
1257 3995 1445 4050 abduci
1472 3994 1671 4050 videret

138 4083 470 4136 Theodulum
517 4083 734 4136 unicum
782 4099 938 4137 suum
993 4084 1182 4146 illium,
1234 4095 1286 4137 et
1322 4083 1668 4152 professionis

136 4173 343 4227 socium
379 4188 407 4225 a
446 4172 712 4238 Barbaris,
745 4173 938 4241 illeque
990 4181 1189 4240 patrem
1222 4173 1456 4227 vicissim
1491 4190 1668 4243 respe-

136 4269 333 4325 ctarct,
384 4260 813 4328 pertrahentibus
860 4261 1181 4316 immanibus
1213 4277 1334 4314 eum
1381 4263 1667 4318 tortoribus

1769 507 2023 568 animam.
2069 507 2491 574 przeiverantque
2553 517 2836 561 mctatores
2890 508 3194 575 presbytero
3241 508 3305 559 ad

1769 595 2040 662 ccclestem
2068 596 2289 658 gloriam
2323 597 2460 649 velut
2490 579 2952 650 auteambulones.
2973 598 3307 663 Sepelieruut

1771 685 1943 753 itaque
1981 685 2374 738 dcfunctosdie
2407 688 2626 753 septima
2659 697 2774 754 post
2813 686 3181 754 Epiphaniam,
3214 705 3306 739 seu

1769 775 1969 828 decima
1990 785 2175 842 quarta
2196 774 2455 838 Januarii,
2482 777 2553 829 uti
2583 779 2691 845 jam
2723 778 2875 830 toties
2898 781 3141 844 praelatus
3167 794 3305 839 sum,

1771 865 2017 918 monachi
2055 867 2368 934 superstites
2412 881 2533 919 cum
2560 868 2697 919 Nilo.

1842 953 2026 1007 Omnis
2075 955 2126 1006 in
2161 953 2429 1008 Tbcodulo
2464 957 2637 1010 stabat
2690 957 2840 1010 chari
2888 956 3116 1025 parentis
3160 971 3305 1008 cura.

1771 1043 1921 1096 Nilus
1959 1044 2118 1109 igitur
2168 1043 2280 1096 vale
2318 1044 2458 1097 dicto
2519 1045 2687 1097 saetis
2742 1046 3213 1103 commilitonibus,
3260 1053 3311 1094 et

1773 1131 2028 1185 missione
2068 1133 2229 1199 petita
2276 1133 2597 1200 temporaria
2621 1172 2634 1195 ,
2666 1148 2722 1186 se
2755 1134 2926 1187 itineri
2975 1134 3220 1202 accingit,
3254 1141 3312 1184 ut

1773 1235 1893 1272 eum
1920 1222 2250 1287 perquireret
2273 1260 2285 1282 ,
2319 1221 2709 1274 commendans
2744 1237 2801 1274 se
2836 1222 3169 1275 orationibus
3189 1237 3311 1274 san.

1773 1311 2062 1372 cti.cmtus,
2098 1321 2150 1363 et
2195 1311 2247 1364 in
2290 1311 2393 1364 Deo
2431 1311 2663 1380 deﬁgens
2698 1327 2910 1364 onmem
2947 1328 3091 1380 spem
3136 1327 3309 1377 suam,

1775 1402 1937 1462 utque
1980 1405 2159 1458 pastor
2195 1396 2540 1464 deperditam.
2590 1407 2901 1465 raptamque
2938 1401 3198 1452 oviculam
3231 1416 3313 1452 rc-

1773 1494 2146 1548 cuperaturus,
2203 1485 2468 1538 animatus
2517 1486 2728 1552 quidem
2781 1488 3110 1551 bacliducia,
3165 1503 3310 1540 erra-

1774 1572 1983 1624 bundus
2007 1583 2207 1634 tamen,
2240 1587 2300 1623 ac
2332 1571 2516 1639 lugens
2546 1571 2752 1625 Pharao
2788 1576 2932 1626 venit
2955 1576 3055 1642 (est
3085 1591 3143 1626 ca
3180 1576 3310 1627 urbs

1775 1659 1982 1713 Arabiae
2014 1660 2247 1723 Peli-aena,
2293 1668 2344 1713 et
2397 1675 2550 1713 mons
2599 1661 2660 1714 ad
2697 1662 2872 1714 sinum
2916 1663 3199 1714 Arabicum
3259 1663 3310 1712 in

999 1781 1275 1839 provectos
1313 1779 1467 1823 male
1491 1769 1674 1836 dispo-
1708 1742 1745 1795 Β
1774 1748 1984 1816 Ᾱεὶεγριί
2037 1751 2287 1801 conlinio.
2325 1749 2640 1803 Ptolemaeus
2708 1751 2950 1803 meminit
2998 1752 3308 1818 populorum

1776 1839 2204 1892 Pbaranitarum.
2234 1838 2305 1892 lbi
2338 1841 2595 1893 habitavit
2620 1839 2806 1894 lsmael
2845 1841 3309 1902 liliusAbt-abami,

1775 1932 1827 1976 et
1852 1923 2009 1991 Agar,
2031 1923 2160 1975 Gen.
2187 1939 2232 1977 c.
2267 1939 2372 1985 ut,
2394 1940 2442 1977 v.
2465 1924 2552 1986 22,
2589 1925 2792 1991 fuitque
2812 1926 2873 1978 15
2904 1928 3110 1979 mansio
3133 1925 3311 1994 populi

1775 2007 1936 2062 Israel
1957 2025 2016 2062 ex
2043 2019 2259 2063 auctore
2281 2010 2419 2063 Mar.
2450 2013 2631 2063 histor.
2656 2022 2839 2080 estque
2863 2015 3112 2082 solitudo)
3135 2017 3314 2082 ibique

1775 2088 1987 2154 habitos
2055 2115 2085 2152 a
2135 2115 2190 2154 se
2255 2111 2495 2156 recenset
2571 2102 2712 2156 ultro
2757 2105 2997 2172 citroque
3041 2119 3314 2158 sermones

1774 2207 1894 2245 cum
1959 2192 2272 2259 quibusdam
2331 2192 2737 2257 accedentibus,
2789 2195 2951 2246 vitam
2996 2195 3310 2258 solitariam,

1773 2282 1885 2333 sive
1907 2281 2232 2334 eremiticam
2281 2282 2696 2346 dilaudantibus,
2733 2295 2889 2353 atque
2921 2285 3313 2339 circumseden-

1776 2371 1917 2436 tibus
1955 2380 2007 2424 et
2036 2387 2252 2426 causam
2293 2373 2522 2442 gemitus
2574 2390 2635 2428 ac
2684 2374 2842 2429 ﬂetus
2877 2377 3310 2444 exquireutibus;

1776 2462 1828 2514 in
1855 2461 2113 2532 lacrymas
2140 2464 2281 2516 enim
2307 2479 2525 2533 gemens
2566 2465 2994 2534 colliqucscebat,
3032 2481 3092 2518 ac
3121 2465 3311 2518 sedens

1773 2549 2010 2616 ejulabat
2062 2551 2475 2613 miserabiliter,
2529 2555 2814 2620 respondet
2873 2569 2998 2607 suas
3050 2570 3313 2607 aerumnas

1772 2645 1988 2704 paratus
2029 2651 2323 2704 exponere,
2356 2639 2703 2708 deplorutque
2741 2644 3094 2696 calamitatem
3134 2660 3310 2707 suam,

1772 2724 1974 2794 filiique
2004 2726 2381 2795 captivitatem,
2416 2730 2497 2782 vel
2529 2731 2723 2784 czedem
2755 2747 2912 2800 quam
2942 2737 3312 2800 presumebat,

1773 2815 2036 2870 interdum
2062 2817 2388 2882 meticulose,
2413 2821 2680 2887 totiusque
2697 2822 2816 2874 vitm
2858 2838 2967 2876 suae
2989 2825 3310 2878 curriculum

1773 2920 1906 2973 pene
1961 2920 2116 2960 orsus
2156 2907 2384 2961 breviter
2413 2911 2682 2972 contexit,
2720 2911 3183 2981 interrogatusque
3244 2916 3310 2968 de

1775 3004 1950 3064 strage
1987 3003 2318 3059 sanctorum,
2368 2997 2560 3052 divina:
2607 3000 2952 3066 providentia;
2996 3004 3310 3071 specimina,

1773 3091 1827 3137 et
1857 3083 2172 3139 documenta
2197 3087 2513 3156 quamplura
2535 3089 2850 3157 depromens
2870 3091 3037 3145 sacris
3063 3107 3093 3144 e
3114 3090 3306 3155 Libris,

1774 3183 1883 3228 tum
1918 3174 2270 3230 Barbarorum
2307 3178 2525 3242 victum,
2571 3178 2882 3241 latrocinia,
2936 3181 3210 3245 saevitiam,
3262 3193 3314 3235 et

1771 3265 2094 3316 camelorum
2145 3265 2416 3327 carnibus,
2474 3281 2608 3332 quos
2663 3268 2955 3334 praesertim
3007 3280 3310 3338 nuncupant

1770 3352 2086 3413 dromadas,
2128 3352 2637 3426 scu\dr0medarios_
2669 3369 2698 3407 a
2745 3371 2928 3418 cursu,
2967 3358 3309 3422 alimentum;

1771 3440 1954 3506 Stellae,
1982 3442 2090 3495 sive
2111 3443 2239 3496 astri
2269 3443 2496 3497 Luciferi
2528 3444 2749 3510 cultum,
2775 3447 3090 3501 sacrificium
3120 3465 3312 3516 puero-

1768 3545 1887 3583 rum
1935 3531 2106 3585 tetatis
2161 3531 2289 3586 flore
2331 3547 2392 3587 ac
2438 3534 2643 3601 egregia
2690 3533 2856 3588 forma
2907 3538 3304 3598 excellentium,

1772 3621 1854 3676 vel
1895 3623 2026 3676 albae
2071 3633 2124 3677 et
2174 3625 2382 3677 macula
2439 3627 2673 3678 carentis
2724 3629 2938 3680 eamelae
2983 3628 3250 3691 diluculo;
3283 3644 3314 3680 c

1770 3725 2028 3765 converso
2057 3715 2440 3766 monachorum
2489 3715 2646 3764 vitam
2687 3714 3005 3781 angelicam,
3036 3717 3310 3782 pietatem,

1769 3807 1930 3865 atque
1957 3799 2414 3852 conversationem
2445 3807 2716 3853 austeram
2746 3802 2819 3855 ob
2843 3803 3027 3857 oculos
3053 3806 3221 3871 ponit,
3251 3814 3308 3857 ut

1769 3886 2085 3939 conveniant
2120 3887 2186 3938 ad
2221 3900 2368 3940 sacra
2411 3887 2659 3955 mysteria
2699 3891 3155 3947 communicantes
3190 3910 3202 3957 ;
3243 3893 3312 3946 de

1770 3977 1935 4043 inani,
1984 3993 2144 4046 quam
2195 3976 2420 4048 fugiunt,
2458 3977 2644 4046 gloria,
2686 3982 2846 4048 utque
2897 3996 3019 4035 vere
3068 3983 3307 4051 philoso-

1768 4068 2003 4135 phantur
2038 4057 2505 4134 (Persae-profecto
2536 4066 2708 4122 adhuc
2741 4068 3018 4123 immolant
3055 4072 3313 4126 feminam

1767 4149 2051 4219 camelum,
2095 4163 2232 4210 teste
2262 4153 2335 4208 La
2369 4152 2531 4220 Valle,
2561 4141 2711 4224 parte
2745 4173 2782 4221 r,
2827 4172 2880 4226 p.
2913 4158 3015 4213 155
3045 4170 3098 4214 et
3142 4160 3228 4227 48,
3255 4171 3308 4215 et

1767 4240 1945 4295 Niceta
1975 4242 2025 4294 in
2062 4240 2177 4294 Vita
2204 4239 2260 4296 S.
2290 4239 2422 4295 Elia:
2463 4243 2578 4296 novi
2604 4246 2866 4313 martyris,
2909 4261 2961 4314 p.
2981 4246 3122 4313 .202,
3146 4264 3303 4317 quem

135 4348 378 4412 subinde,
405 4350 574 4402 donec
614 4349 782 4401 innuit
817 4349 974 4413 ﬁlius,
1010 4360 1065 4402 ut
1094 4350 1190 4418 ipsi
1230 4351 1328 4404 sibi
1364 4353 1661 4407 consuleret
1701 4354 1741 4408 ο
1771 4331 1994 4400 [mnum
2039 4329 2324 4385 Combeﬁ3°
2372 4330 2616 4386 ﬂorebat
2643 4332 2788 4388 Eli“
2837 4334 2935 4389 ίδίθ
2960 4350 3102 4390 ³¹¹¹¹⁰
3146 4336 3204 4390 C-
3239 4335 3303 4389 Ν·

137 4449 318 4505 pater,
359 4437 590 4507 fugaque
629 4439 854 4492 salutem
903 4450 1197 4507 quaereret;
1237 4440 1469 4494 haerebat
1493 4451 1670 4496 tamen

133 4523 306 4591 Nilus,
331 4526 499 4580 donec
521 4527 741 4580 nimium
762 4528 1095 4582 intervallum
1114 4530 1230 4598 ejus
1250 4531 1432 4585 oculos
1454 4530 1672 4586 frustra-

136 4625 252 4670 tum
278 4627 378 4680 est,
412 4617 684 4671 deficiente
713 4619 1062 4674 nihilominus
1093 4635 1250 4675 sensu
1286 4623 1449 4688 visus,
1492 4631 1672 4677 secuta

134 4714 216 4758 est
279 4706 525 4761 voluntas
573 4717 623 4761 ct
676 4724 826 4761 amor
868 4709 1033 4763 lilium
1089 4713 1474 4778 comitabatur,
1525 4713 1708 4768 Nilus

139 4797 354 4852 tandem
412 4798 598 4851 dolore
648 4800 921 4854 confectus
969 4801 1237 4856 discessit.
1289 4803 1456 4857 Simul
1514 4813 1674 4873 atque

135 4887 388 4939 Saraceni
417 4889 600 4953 procul
629 4901 980 4955 recesserunt,
1013 4893 1192 4961 multis
1217 4893 1336 4948 aliis
1367 4908 1458 4964 per
1486 4895 1673 4949 solitu-

135 4974 316 5030 dinem
365 4975 674 5042 trucidatis,
742 4986 796 5030 et
846 4980 1090 5035 discusso
1144 4981 1359 5044 nimbo,
1416 4981 1673 5034 serenitas

134 5061 572 5135 cll‘ulsitalidua,
607 5076 794 5120 rursus
815 5081 937 5121 cum
959 5069 1078 5123 aliis
1101 5069 1375 5127 monachis
1402 5069 1672 5122 descendit

135 5167 176 5205 ο
198 5162 372 5206 monte
401 5153 571 5217 Nilus,
601 5162 658 5214 ut
690 5153 860 5208 tribus
903 5155 1007 5210 illis
1037 5157 1206 5212 ollicia
1244 5159 1420 5213 debita
1451 5157 1669 5214 exhibe-

138 5251 350 5308 rentur,
379 5243 828 5314 ltumarenturque
850 5247 1002 5300 beata
1021 5262 1263 5316 corpora.
1289 5249 1476 5306 Senem
1504 5249 1674 5302 adhuc

139 5333 247 5403 ipsi
283 5334 570 5403 spirantem
621 5338 1008 5404 compererunt,
1049 5337 1140 5405 qui
1191 5339 1467 5393 collectum
1519 5326 1672 5406 spiri-

121 5433 364 5493 'tum,,ut
393 5437 490 5479 eos
511 5425 878 5480 adhortaretur
909 5426 974 5480 ad
1005 5427 1341 5482 serviendum
1370 5428 1532 5497 686
1566 5427 1674 5498 Deo

147 5519 474 5577 constanter,
495 5513 707 5568 demum
739 5515 948 5570 emisit:
976 5515 1260 5572 vocabatur
1290 5516 1373 5568 hic
1403 5517 1674 5587 presbyter

148 5601 477 5671 Theodnlus,
503 5612 552 5658 ct
573 5619 824 5660 coronam
848 5605 1081 5674 migrans
1100 5605 1164 5660 ad
1194 5605 1387 5660 cmlum
1413 5604 1670 5672 obtinuit;

1772 4420 1892 4484 768,
1942 4421 2125 4474 mundi
2176 4420 2461 4488 8268);~de
2513 4421 2775 4476 Arabibus
2823 4426 3172 4493 nomadibus,
3215 4427 3304 4495 qui

1771 4513 1936 4566 stellae
1983 4510 2203 4565 Veneris
2250 4512 2514 4566 matutino
2543 4528 2606 4568 ac
2632 4512 2881 4569 Lucifero
2910 4525 3057 4570 astro
3086 4516 3302 4585 (gemini

1773 4603 2023 4672 prtevium
2050 4601 2300 4669 temporis
2325 4603 2533 4656 vocavit
2553 4601 2748 4656 Seneca
2775 4603 3035 4669 tragicus;
3059 4611 3138 4654 est
3161 4603 3300 4656 enim

1771 4707 1960 4759 vesper
2013 4689 2208 4753 etiam,
2270 4705 2388 4759 quae
2446 4691 2666 4746 lucescit
2714 4692 2817 4757 bis,
2873 4690 3035 4759 q‘nasl‘
3071 4691 3306 4745 educe-ns

1772 4796 2072 4851 cogensque
2144 4781 2417 4839 stellarum
2458 4782 2682 4839 aliarum
2721 4780 2952 4849 gregem)
2984 4795 3033 4846 p.
3069 4778 3190 4835 2l7.
3229 4779 3302 4832 lbi

1771 4868 2037 4926 Combeﬁs
2063 4867 2238 4929 Nilum
2269 4869 2510 4929 dilaudat
2533 4870 2599 4926 de
2630 4870 2744 4926 isto
2765 4866 3084 4922 Saracenico
3121 4883 3305 4922 errore

1773 4959 1825 5017 in
1857 4959 1991 5015 libro
2030 4957 2100 5015 De
2128 4958 2270 5016 caede
2297 4952 2602 5013 sanctorum
2624 4955 2841 5011 Patrum
2871 4957 2923 5015 in
2952 4965 3131 5016 mente
3154 4957 3307 5020 Sina,

1771 5059 1824 5100 et
1853 5044 2022 5100 fusius
2052 5044 2182 5110 agit.
2680 5040 2683 5042 ’
3114 5067 3118 5074 -

1838 5153 2019 5213 Astitit
2080 5149 2197 5204 Nilo
2261 5165 2383 5206 cum
2458 5151 2728 5205 retulisset
2799 5152 3072 5206 incursum
3143 5149 3304 5203 Sara-

1771 5258 2058 5305 cenorum,
2117 5251 2169 5294 et
2215 5244 2407 5294 eaedem
2463 5233 2882 5306 monachorum,
2923 5242 3079 5309 cujus
3134 5240 3306 5313 hypo-

1772 5333 1995 5403 typosim
2040 5331 2148 5398 jam
2207 5331 2453 5398 reposui,
2509 5317 2762 5402 profugus
2815 5329 3110 5399 ecaptivis,
3167 5340 3305 5401 quos

1770 5421 1984 5476 Barbari
2045 5404 2556 5496 comprehenderant
2606 5421 2818 5487 elapsus
2862 5434 2925 5474 ex
2978 5431 3160 5473 eorum
3210 5437 3304 5474 ea.

1771 5513 1916 5571 stris.
1968 5525 2153 5567 servus
2193 5527 2380 5580 nempe
2423 5510 2728 5579 Magadonis
2751 5511 3039 5575 senatoris,
3082 5519 3135 5566 et
3163 5528 3304 5568 nun-

1774 5605 1865 5659 tiat
1890 5601 2050 5672 687
2085 5602 2258 5656 adhuc
2290 5601 2545 5657 anhelans
2580 5614 2634 5656 se
2659 5600 2756 5655 abs
2786 5600 2890 5655 illis
2917 5599 3185 5673 aufugisse
3208 5602 3302 5657 do-
