4122 6338
801 178 930 241 HIS

1524 183 1668 242 IOS.
1709 183 1968 241 MARI/E
2007 182 2357 243 SUARESII
2397 186 2624 244 LIBER
2652 185 3278 249 CHRONOLOGICUS

3830 196 3948 258 1416

791 290 1078 357 signatum,
1115 302 1172 343 ut
1205 289 1569 344 immolaretur
1616 306 1738 344 cum
1780 291 2056 345 Theodulo
2100 292 2200 343 Nili
2231 293 2339 346 ﬂlio
2371 301 2412 354 Α
2440 295 2711 356 emittunt,
2759 295 2898 346 unde
2946 294 3186 348 scintilla:
3233 294 3490 359 decussae,
3535 296 3695 366 688
3720 301 3841 353 etin
3878 302 3951 352 fo-

792 377 1120 430 illueescenti
1169 378 1454 432 Lucifero:
1484 389 1762 446 percenset
1808 392 2120 449 apparatum
2168 383 2338 434 sacri-

747 480 749 483 ·
792 466 918 526 ficii,
959 475 1012 518 et
1045 464 1326 530 Tlieoduli,
1370 467 1462 534 qui
1501 477 1737 535 perstare
1784 471 2042 529 voluerat,
2086 479 2336 522 constan-

789 554 940 614 tiam,
997 554 1186 607 confisi
1238 554 1430 608 divinat
1480 556 1890 618 misericordiae.
1946 557 2331 612 immanitatem

791 646 1078 699 nomadum
1142 645 1375 697 Arabum
1433 653 1632 698 tantam
1691 645 1935 709 afﬁrmat,
1972 655 2029 699 ut
2079 655 2336 699 exuerent

790 751 1002 787 onmem
1063 733 1479 794 humanitatem,
1533 744 1585 790 et
1632 733 1880 787 smvireut
1924 733 2104 802 impie,
2148 732 2338 786 imma-

793 823 1038 891 niterque
1090 822 1140 872 iu
1197 821 1508 884 monachos,
1561 834 1790 888 cumquo
1842 821 2056 873 illorum
2107 835 2335 888 corpora

792 912 1076 964 illudentes
1125 909 1609 968 cxcarnilicassent.
1666 909 1925 976 insepulta
1974 909 2064 960 illa
2105 908 2335 961 derelin-

789 1009 1036 1071 querent,
1070 1016 1162 1052 nec
1190 1001 1350 1051 liumo
1381 1008 1572 1066 tegere,
1601 998 1682 1048 vel
1707 996 1932 1049 obruere
1961 997 2332 1066 dignarentur,

791 1092 881 1145 sed
918 1089 1020 1143 Deo
1052 1091 1364 1141 devotorum
1414 1089 1605 1139 animae
1633 1086 1685 1137 in
1723 1085 1915 1137 cmlum
1961 1093 2185 1152 receptas
2216 1087 2333 1137 vin-

790 1183 989 1233 dictam
1032 1197 1058 1230 ιι
1106 1179 1212 1230 Deo
1253 1177 1587 1246 ﬂagitabant,
1630 1184 1681 1228 et
1724 1174 1943 1242 sanguis
1977 1174 2042 1226 ad
2074 1189 2192 1225 eum
2227 1174 2335 1226 cla-

791 1271 988 1323 mabat.
1035 1270 1159 1322 Erat
1205 1269 1424 1319 nuntius
1465 1268 1565 1318 iste
1598 1280 1784 1317 servus
1829 1263 2134 1330 Magadouis
2176 1277 2333 1315 sena-
2368 1290 2370 1293 -

792 1362 940 1420 toris,
977 1359 1068 1426 qui
1109 1357 1330 1418 addidit,
1370 1365 1426 1408 ut
1456 1355 1660 1406 Arabes
1710 1353 1782 1404 illi
1830 1352 2101 1404 tribunum
2135 1353 2332 1404 milita-

792 1452 918 1502 riter
973 1456 1352 1516 repugnantem
1411 1435 1936 1510 interceperint,‘et
1993 1442 2329 1494 membratim

788 1540 1074 1592 ceciderint
1115 1536 1433 1605 (στρατηγὸν
1459 1536 1553 1602 τῆς
1597 1533 1863 1593 πολιτείας
1914 1532 2093 1582 ducem
2152 1532 2328 1598 reipu-

788 1636 932 1685 blicre
963 1629 1286 1695 vertissent),
1319 1626 1593 1679 dominum
1629 1638 1750 1674 vero
1792 1637 1945 1674 suum
1980 1620 2326 1689 Magadonem

790 1723 1000 1790 publico
1031 1718 1361 1788 perfunctum
1413 1727 1631 1766 munere
1662 1726 1784 1764 cum
1831 1712 1940 1762 ﬂlio
2009 1710 2326 1776 duobusque

790 1809 999 1863 famulis
1064 1816 1247 1860 contra
1300 1801 1455 1854 tidem
1513 1799 1686 1852 datam
1749 1795 2150 1855 interfecerint,
2209 1802 2323 1844 tum

791 1898 1108 1952 monachum
1165 1891 1520 1946 venerabilem
1587 1888 1908 1954 prmcipitem
1972 1884 2217 1936 dederint
2271 1881 2326 1933 iti

792 1999 1012 2052 petram,
1040 1981 1383 2049 seopuluuive
1406 1976 1702 2042 subjectum
1725 1992 1738 2037 ;
1766 1989 1889 2026 mox
1933 1972 2324 2025 adolescentem

793 2074 1109 2128 monachum
1156 2069 1544 2125 obtruncarint,
1595 2074 1706 2117 tum
1753 2061 1912 2113 alium
1959 2060 2327 2113 adolescentu-

742 2149 746 2153 V
792 2165 899 2215 lum
951 2162 1249 2213 animosum
1301 2155 1610 2207 vulneribus
1657 2150 2002 2212 confecerint,
2041 2162 2325 2202 occurren-

791 2265 973 2319 tesque
1008 2258 1115 2301 tres
1155 2247 1347 2307 adhuc,
1379 2252 1429 2295 et
1469 2244 1518 2293 in
1554 2240 1778 2308 tuguriis
1799 2230 2032 2298 duobus,
2070 2247 2324 2302 repertos.

791 2342 858 2394 ad
903 2347 1141 2392 austrum
1188 2333 1400 2400 quidem
1439 2344 1624 2389 unum,
1669 2335 1721 2379 et
1753 2327 1975 2377 alterum
2010 2326 2076 2376 ad
2118 2333 2327 2389 septen—

793 2429 1048 2490 trionem;
1081 2421 1439 2475 ——universiiu
1463 2428 1581 2472 octo
1601 2416 1908 2474 monachos,
1931 2414 2122 2480 quibus
2139 2414 2180 2465 si
2205 2413 2328 2479 jun-

792 2525 986 2585 gantur
1038 2522 1144 2567 tres
1189 2510 1466 2571 nominati,
1511 2506 1808 2575 sepultique
1837 2504 2117 2570 superius,
2162 2503 2324 2555 unde-

793 2608 898 2660 eim
937 2602 1412 2672 computabuntur;
1442 2626 1510 2637 -—
1536 2612 1595 2650 se
1624 2597 1710 2648 ille
1739 2609 1924 2648 servus
1970 2603 2044 2646 tot
2095 2592 2326 2646 caedibus

798 2692 1140 2762 perterritum
1197 2687 1489 2756 arripuisse
1542 2684 1716 2752 fugam
1772 2685 1998 2746 asserit;
2053 2683 2142 2735 sed
2199 2681 2325 2748 quid

797 2791 971 2836 actum
1015 2777 1305 2838 Theodulo,
1355 2789 1508 2841 quem
1555 2771 1926 2824 immolandum
1971 2771 2068 2838 ipsi
2110 2769 2325 2821 Barbari

2440 381 2565 434 ruite
2615 381 2880 435 siccorum
2923 383 3307 450 aridorumque
3353 384 3696 451 virgultorum
3737 399 3954 456 exceptae

2435 467 2702 522 ﬂammam
2750 470 3044 525 excitarent
3088 470 3157 522 ad
3207 484 3397 524 carnes
3446 477 3844 541 concoquendas
3901 478 3952 530 in

2435 555 2643 610 itinere.

2495 642 2707 698 Interea
2752 644 2938 710 Nilus,
2991 646 3187 714 aliique
3231 647 3367 702 versi
3405 648 3470 700 ad
3518 647 3683 702 olIieia
3728 649 3951 706 funebria

2436 732 2575 785 circa
2610 745 2869 787 caesorum
2920 749 3166 804 carpora,
3213 737 3456 805 quintum
3483 738 3591 806 jam
3631 739 3790 800 diem,
3819 758 3955 794 IllOl‘-

2437 829 2558 873 tuos
2594 834 2687 874 eos
2727 823 3073 888 invenerunt,
3114 832 3166 876 et
3198 825 3306 879 huc
3340 826 3570 894 illucque
3603 827 3824 894 jacentia
3875 847 3960 884 ca-

2433 910 2625 961 davera
2650 911 2794 963 nullo
2847 919 2980 963 tetro
3038 911 3232 966 infecta
3289 915 3491 976 odore,
3549 929 3649 967 non
3699 921 3953 984 putredine

2434 997 2642 1062 vitiata,
2688 1013 2785 1052 uec
2830 999 3020 1052 violata
3069 1015 3247 1053 morsu
3285 1002 3570 1055 bestiarum
3602 1003 3867 1068 feracium,
3903 1017 3953 1059 ct

2433 1089 2854 1152 carnirorarum,
2890 1091 2978 1143 sed
3016 1091 3336 1157 incorrupta,
3376 1101 3427 1145 et
3457 1093 3802 1160 integra,rnec
3835 1097 3944 1149 dis~

2433 1176 2604 1229 soluta
2640 1178 2717 1229 vel
2747 1177 2907 1243 ﬂuxa,
2942 1189 2997 1230 ut
3030 1180 3244 1241 assolet,
3275 1195 3499 1246 quorum
3525 1183 3738 1233 nomina
3765 1184 3950 1237 didice-

2431 1274 2554 1317 runt
2595 1267 2662 1317 ab
2693 1267 2780 1319 illo
2819 1266 3120 1334 Magadouis
3159 1283 3311 1321 servo
3342 1288 3354 1321 :
3398 1271 3450 1323 in
3484 1270 3789 1327 Betliambre
3821 1274 3950 1328 Pro-

2431 1354 2626 1414 culum,
2676 1354 2956 1423 Hypatium
3005 1357 3055 1408 in
3112 1355 3268 1418 Geth,
3320 1356 3465 1412 Isaac
3514 1361 3570 1412 in
3618 1365 3944 1427 monasterio,

2432 1441 2482 1492 in
2535 1443 2806 1496 mansione
2850 1429 3119 1497 eremitica
3176 1445 3385 1510 Salael,
3439 1447 3726 1501 Macarium
3780 1460 3946 1505 autem

2432 1544 2458 1579 (ι
2526 1528 2758 1582 Marcum
2817 1547 2909 1598 per
2963 1533 3297 1587 solitudinem
3342 1545 3490 1589 extra
3537 1539 3850 1604 mansiones,
3900 1553 3950 1594 et

2366 1588 2447 1665 ΒΙ
2507 1616 2704 1683 njamin
2738 1617 2790 1670 in
2840 1621 3101 1674 exteriore
3134 1636 3309 1676 eremo
3349 1622 3532 1689 zElim,
3582 1627 3856 1680 Eusebium
3897 1631 3946 1682 in

2433 1703 2470 1736 '-"
2513 1706 2556 1756 la
2592 1706 2775 1772 (locus
2807 1709 2887 1760 est
2938 1709 3035 1761 hoc
3062 1709 3274 1763 nomine
3322 1711 3386 1763 ad
3417 1724 3709 1766 extremum
3753 1719 3942 1769 montis

2432 1821 2441 1857 λ
2499 1794 2613 1846 Jem
2661 1794 2845 1862 quinto
2889 1797 3056 1863 lapide
3103 1798 3170 1850 ab
3221 1800 3330 1852 inde
3376 1815 3546 1861 sacra,
3595 1803 3681 1855 ubi
3725 1802 3946 1859 Joannes

2430 1882 2692 1937 Clintacus
2744 1899 2911 1937 annos
2972 1887 3316 1955 quadraginta
3361 1890 3562 1957 peregit
3607 1906 3723 1943 cum
3771 1892 3945 1957 lose)

2428 1981 2479 2025 et
2511 1971 2675 2025 filiam
2708 1974 2758 2025 in
2788 1973 2930 2037 Aze;
2960 1975 3011 2026 in
3039 1973 3210 2028 Patris
3249 1975 3320 2029 Le
3352 1975 3524 2031 Sueur
3562 1981 3797 2034 versione
3825 1981 3944 2034 Gal-

2428 2061 2528 2113 lica
2569 2061 2654 2114 hic
2698 2061 2843 2115 Isaac
2869 2063 3188 2131 adjuugitur,
3228 2079 3291 2118 ex
3331 2065 3557 2120 Eusebio
3583 2079 3633 2120 et
3652 2067 3778 2125 Elia.
3812 2070 3941 2123 Cum

2428 2151 2559 2204 alter
2589 2150 2864 2205 confossus
2895 2154 3057 2219 plagis
3082 2154 3254 2207 adhuc
3282 2155 3510 2208 animam
3543 2158 3789 2220 traheret,
3819 2174 3937 2212 enni

2428 2240 2770 2304 deportarunt
2816 2241 2866 2292 in
2901 2241 3180 2302 cellulam,
3220 2252 3272 2293 et
3310 2245 3574 2308 persoluto
3620 2246 3830 2310 reliquis
3864 2247 3943 2298 of-

2430 2328 2567 2389 lieio,
2618 2326 2837 2379 reduces
2869 2329 3221 2380 exanimatum
3264 2344 3422 2396 prope
3471 2331 3731 2398 hydriam,
3777 2333 3826 2385 in
3861 2349 3943 2401 ge-

2431 2430 2530 2466 nua
2566 2430 2810 2482 pronum,
2844 2424 2896 2468 et
2923 2433 2951 2468 a
2976 2427 3100 2483 potu
3133 2428 3342 2485 propter
3367 2418 3636 2471 vulnerum
3660 2421 3943 2476 inﬂamma-

2430 2508 2647 2570 tionem,
2679 2509 2803 2561 dunt
2829 2507 2958 2586 sitit,
2985 2507 3238 2562 defecisse
3268 2521 3611 2578 agnoverunt,
3643 2521 3694 2565 et
3717 2515 3761 2566 ei
3785 2515 3939 2567 etiam

2425 2601 2567 2667 justa
2601 2600 2942 2664 fecerunt;et
2985 2601 3240 2668 siquidem
3288 2601 3374 2653 isti
3423 2612 3543 2655 octo
3591 2615 3712 2656 sunt
3753 2606 3838 2657 alii
3874 2609 3956 2663 ab,

2429 2690 2532 2743 illis
2575 2699 2708 2753 octo,
2753 2704 2974 2757 quorum
3020 2689 3210 2741 caedem
3244 2700 3584 2744 enarraverat
3621 2707 3800 2746 Servus
3835 2694 3941 2746 Ma-

2431 2780 2666 2846 gadonis,
2708 2780 2900 2846 quique
2937 2793 3055 2830 cum
3098 2778 3283 2841 tribus,
3327 2795 3459 2846 quos
3505 2780 3763 2847 primitias
3803 2799 3940 2834 mar-

797 2870 1165 2928 susurrabant,
1196 2867 1443 2932 ignorare
1474 2877 1530 2915 se
1564 2860 1771 2912 fatetur.
1807 2859 2000 2926 Ingerit
2032 2858 2181 2910 Nilus
2210 2872 2322 2924 gra-

2366 2890 2393 2943 3
2427 2878 2597 2934 tyrum
2648 2867 2853 2917 illorum
2906 2865 3535 2936 jureqnuueupabimus,
3586 2869 3936 2921 novemdecim

798 2963 944 3014 viore
971 2955 1327 3012 sollicitudine
1360 2965 1646 3020 oppressus
1697 2951 1961 3001 somnium
1991 2961 2167 3005 suum,
2206 2960 2326 2999 cum

801 3065 907 3118 prae
960 3048 1141 3102 dolore
1180 3033 1569 3103 obdormisset,
1602 3047 1659 3090 ttt
1699 3037 1920 3104 opinor,
1957 3035 2101 3087 visus
2130 3033 2229 3086 sibi
2267 3034 2344 3085 ab

801 3142 978 3207 ignoto
1036 3133 1295 3188 redditam
1359 3130 1634 3196 epistolam
1685 3125 1798 3186 lilii,
1840 3124 1892 3175 in
1937 3123 2090 3189 cujus
2141 3120 2332 3172 inseri.-

801 3227 980 3293 ptione
1004 3238 1060 3276 se
1095 3219 1356 3290 μακάριον
1396 3215 1705 3268 Theodulus
1741 3211 2108 3271 attestabatur,
2138 3208 2187 3259 id
2229 3215 2328 3265 est,

805 3315 1038 3380 felicem;
1074 3310 1217 3363 addit
1259 3305 1618 3359 fortitudinem
1651 3299 1925 3364 cujusdam
1970 3295 2152 3348 matris
2192 3293 2332 3343 Plia-

807 3417 900 3454 ran
934 3397 1208 3451 incolentis
1230 3434 1244 3457 ,
1280 3407 1398 3460 quze
1428 3390 1620 3441 mulier
1649 3399 1773 3436 vere
1803 3382 1957 3434 fortis
1985 3382 2200 3432 inventa
2230 3384 2328 3428 est.

807 3489 939 3542 Nam
970 3487 1136 3539 filium
1177 3482 1564 3535 adolescentem
1601 3477 1641 3527 a'
1663 3463 1909 3524 Barbaris
1942 3465 2333 3533 grassatoribus

811 3579 1180 3645 interemptum
1205 3611 1222 3633 ,
1262 3578 1320 3622 ut
1358 3563 1668 3634 praefertur,
1719 3572 1837 3611 eum
1891 3555 2198 3645 accepisset,
2231 3565 2331 3645 non

812 3641 1136 3720 muliebriter
1163 3659 1369 3726 eiulans
1416 3667 1537 3705 eum
1586 3646 1815 3707 deﬂevit,
1849 3644 1939 3697 sed
1987 3642 2098 3712 Deo
2139 3641 2334 3726 gratias

816 3766 1002 3820 agens,
1035 3751 1206 3817 deque
1234 3744 1400 3812 ipsius
1446 3733 1616 3793 salute
1645 3749 1852 3797 secura,
1879 3745 2059 3820 necem
2083 3730 2222 3781 illius
2251 3741 2335 3794 ge-

817 3819 1005 3892 nerose
1034 3835 1295 3894 toleravit,
1339 3838 1393 3882 et
1437 3825 1537 3879 sibi
1568 3825 1739 3890 potius
1765 3819 2023 3886 gratulata
2054 3825 2153 3872 est,
2184 3823 2337 3867 tunc-

817 3944 922 3998 que
965 3925 1110 3977 illius
1137 3918 1377 3985 exemplo
1401 3931 1456 3968 se
1505 3899 1846 3966 commotum,
1879 3907 2178 3998 pudoreque
2209 3917 2335 3955 con-

820 3989 996 4070 fusum
1060 4010 1289 4063 erexisse
1370 4002 1602 4053 animum
1686 3996 1964 4048 confitetur
2005 3989 2220 4051 .Nilus,
2285 3996 2334 4040 et

824 4104 1106 4182 maxiiqum
1146 4098 1380 4149 levnmen
1432 4100 1589 4156 atque
1617 4084 1857 4139 solatium
1882 4080 1999 4131 inde
2023 4077 2330 4182 percepisse.

1021 4174 1026 4178 ‘
1680 4158 1685 4162 '
1748 4155 1766 4182 ἶ.
1803 4169 1812 4180 ο
1909 4175 1921 4182 _
2002 4166 2012 4178 .
2102 4167 2192 4182 .-ΔΑ
2280 4163 2326 4182 ηε

822 4191 974 4243 Certe
999 4161 1044 4240 si
1070 4184 1252 4236 eodem
1300 4187 1534 4244 tempore
1585 4161 1928 4239 superfuisset
1969 4166 2198 4233 ejusdem
2229 4161 2330 4213 Nili
2362 4166 2404 4219 Ι)

824 4276 1040 4339 conjux,
1073 4278 1126 4321 et
1153 4268 1277 4325 ﬂlia,
1308 4262 1562 4332 potuisset
1587 4259 1650 4332 ad
1694 4257 1809 4308 illas
1852 4250 2219 4339 apostrophen,
2252 4247 2334 4301 vel

828 4337 1040 4427 aliquod
1105 4352 1446 4419 epiphonema
1512 4345 1736 4409 dirigere
1776 4356 1790 4390 :
1831 4353 1896 4427 an
1948 4337 2070 4427 quia
2117 4341 2335 4386 mortuae

832 4424 1026 4502 mundo
1053 4447 1224 4500 erant,
1261 4436 1441 4496 tacuit,
1469 4448 1533 4484 an
1568 4437 1774 4496 propter
1803 4426 1970 4478 illatas
1996 4424 2100 4492 jam
2127 4433 2330 4481 causas,

830 4533 1108 4604 aquanimi
1154 4525 1360 4581 lectoris
1390 4520 1488 4574 erit
1523 4517 1815 4570 arbitrium.
2141 4519 2149 4536 ι

901 4643 1153 4695 Memorat
1181 4648 1338 4704 porro
1370 4627 1535 4689 Nilus,
1576 4627 1717 4677 hisce
1755 4623 1947 4704 nuntiis
1976 4620 2215 4674 cladium
2244 4631 2335 4667 au-

836 4734 958 4787 ditis
1009 4700 1316 4780 convenisse
1387 4714 1734 4771 Pharanitas,
1785 4700 2059 4774 vistimque
2113 4705 2332 4756 consilio

841 4837 944 4875 non
995 4792 1431 4869 dissimulandum
1495 4804 1631 4857 istud
1685 4801 1970 4868 ﬂagitium,
2026 4791 2337 4856 silentioque

843 4903 1140 4974 tegendum,
1177 4899 1280 4948 imo
1306 4896 1410 4961 regi
1432 4894 1775 4944 Barbaroruut
1833 4896 2013 4940 contra
2052 4882 2222 4974 foedus
2247 4888 2337 4930 'at-

845 4971 1098 5046 tentatum
1139 4982 1312 5036 scelus
1340 4979 1756 5045 significandum,
1786 4971 2335 5040 conquerendumque,

849 5093 905 5133 ut
943 5079 1121 5130 saltem
1160 5070 1514 5124 inbiberentur
1558 5067 1689 5119 foeda
1730 5067 1827 5116 ista
1870 5060 2142 5114 latrocinia
2184 5057 2334 5109 dein-

850 5180 1001 5233 Ceps;
1033 5164 1281 5216 miserunt
1303 5155 1454 5220 igitur
1478 5151 1616 5203 cives
1634 5151 1704 5201 illi
1730 5151 1859 5202 duos
1889 5148 2332 5233 liemerodromos,

855 5228 1035 5309 id-est,
1067 5229 1547 5299 cursores‘diurnos
1592 5234 1866 5300 puberibus
1909 5231 2209 5288 adultiores,
2251 5228 2339 5293 qui

857 5339 1029 5390 ferunt
1075 5334 1173 5386 tela
1216 5339 1267 5382 et
1288 5326 1514 5382 hastilia,
1558 5331 1614 5372 ut
1649 5319 1797 5384 ligant
1844 5318 1995 5378 feras,
2037 5325 2086 5368 et
2121 5317 2336 5373 silicem,

862 5422 937 5478 vel
960 5419 1229 5487 igniarium
1251 5430 1278 5469 e
1314 5413 1474 5475 silice,
1523 5408 1778 5472 ferroque,
1811 5417 1924 5471 quae
1962 5403 2135 5455 collisa
2170 5403 2338 5467 ignem

2427 2958 2882 3021 computabuntur,
2909 2965 2959 3010 et
2986 2957 3303 3023 reliquorum
3328 2959 3688 3010 novemdecim
3723 2962 3933 3012 nomina

2428 3044 2597 3095 Fastis
2644 3044 2891 3109 inscripta
2937 3046 3239 3098 cmlestibus
3297 3047 3439 3099 velut
3489 3048 3824 3102 adauctorum
3887 3063 3936 3105 et

2427 3139 2794 3184 coronatorum
2823 3131 3208 3184 venerabimur.

2493 3219 2832 3272 Commodum
2867 3217 2986 3270 ecce
3023 3215 3136 3270 Nilo
3189 3218 3393 3272 Pliaran
3445 3221 3786 3287 regredientc,
3818 3226 3936 3277 red-

2429 3316 2553 3360 eunt
2608 3320 2726 3358 cum
2769 3304 2962 3369 litteris;
3000 3305 3160 3370 reguli
3190 3303 3560 3368 Barbarorum,
3594 3307 3935 3363 Hemerodro-

2429 3395 2498 3443 mi
2542 3408 2571 3444 a
2597 3393 2896 3444 Piiaranitis
2924 3393 2992 3452 ad,
3026 3393 3171 3446 illum
3203 3395 3367 3457 missi,
3407 3405 3458 3448 et
3494 3397 3556 3448 ad
3585 3413 3762 3465 pacem
3807 3416 3933 3453 eon-
3963 3450 3967 3453 .

2432 3479 2774 3542 firmandam,
2839 3489 3057 3546 quaeque
3106 3493 3253 3548 capta
3307 3483 3515 3536 fuerant
3577 3486 3931 3554 restituenda,

2430 3566 2750 3631 mediumque
2793 3566 3073 3630 ultionem,
3127 3580 3192 3617 ne
3237 3572 3547 3621 commercia
3603 3574 3936 3627 solverentur

2430 3668 2487 3706 se
2538 3654 2747 3720 regulus
2797 3653 3041 3706 offerebat
3100 3653 3203 3706 illis
3263 3667 3582 3722 promptum.
3643 3657 3934 3714 Remittunt

2430 3751 2664 3796 oratores
2690 3755 2807 3792 cum
2835 3740 2989 3793 donis
3022 3740 3312 3794 Pbaranttze
3339 3744 3402 3795 ad
3426 3744 3667 3796 eumdem
3697 3747 3930 3812 regulum

2431 3827 2799 3888 Bai-berorum,
2838 3828 2926 3894 qui
2955 3827 3175 3880 libenter
3223 3839 3516 3897 argentatas
3548 3832 3764 3886 audiunt
3807 3852 3931 3902 que-

2433 3902 2698 3978 rimonias,
2726 3902 2786 3966 et.
2815 3923 2932 3966 ante
2958 3929 3176 3980 quorum
3210 3917 3457 3983 principis
3488 3917 3669 3970 faciem
3711 3935 3930 3972 munera

2432 4002 2651 4068 spatium
2710 4000 2923 4063 faciunt,
2981 4001 3376 4054 Proverbiornm
3425 4021 3568 4069 xviii,
3628 4007 3709 4069 16,
3748 4017 3810 4060 ut
3855 4019 3932 4062 est

2431 4105 2583 4141 omne
2631 4089 2970 4140 Barbarorum
3010 4103 3170 4155 genus
3209 4089 3512 4159 φιλόδωρον,
3545 4094 3634 4143 καὶ
3683 4097 3932 4166 φιλοχρήο

2431 4193 2609 4244 ματον,
2639 4191 2701 4227 ex
2734 4174 3075 4228 Herodian.in
3117 4174 3316 4238 Sever.,
3345 4178 3393 4228 id
3419 4188 3517 4240 est,
3548 4195 3728 4234 amans
3759 4183 3928 4236 dono-

2429 4280 2544 4316 rum
2598 4272 2648 4316 ct
2676 4264 3033 4330 pecuniarum.
3063 4263 3426 4331 Peregrinatur
3467 4282 3585 4319 cum
3630 4274 3932 4327 oratoribus

2430 4351 2532 4403 illis
2570 4351 2633 4402 ad
2678 4360 2917 4402 octavum
2961 4364 3123 4416 usque
3166 4351 3299 4402 diem
3343 4351 3529 4416 Nilus;
3568 4370 3684 4406 nam
3726 4359 3793 4409 ad
3838 4360 3931 4414 hoc

2429 4441 2529 4491 iter
2557 4430 2935 4490 eonﬂciendum
2967 4439 3236 4490 duodecim
3279 4449 3390 4492 erat
3417 4443 3600 4495 diebus
3643 4459 3810 4509 opus;
3857 4449 3928 4501 la-

2430 4526 2707 4580 borabatur
2752 4525 2802 4575 in
2830 4524 3007 4576 eodem
3047 4539 3192 4588 aqua:
3229 4528 3463 4591 penuria,
3491 4530 3579 4580 sed
3611 4530 3729 4586 fons
3753 4527 3936 4601 prmi."

2431 4628 2546 4664 mus
2576 4615 2877 4678 sperabatur
2919 4626 2946 4662 a
2977 4611 3288 4674 sitientibus,
3321 4621 3373 4665 et
3405 4615 3768 4685 indicabatur;
3806 4634 3928 4678 tune

2431 4699 2600 4761 Nilus,
2658 4707 2765 4751 tam
2825 4699 3083 4752 debilitate
3158 4697 3541 4771 senectutisque
3600 4706 3924 4776 infirmitate,

2431 4802 2584 4854 quam
2629 4785 2771 4853 gravi
2811 4786 3060 4837 modestia
3095 4787 3403 4855 retardante,
3437 4793 3510 4844 uti
3537 4794 3646 4858 jam
3682 4797 3925 4856 animad-

2431 4876 2579 4937 verti,
2633 4873 2877 4940 nequibat
2933 4875 3136 4940 assequi
3187 4879 3403 4932 comites
3451 4895 3514 4933 eo
3560 4885 3906 4939 convolante:

2433 4977 2725 5029 quanquam
2756 4961 2941 5013 virium
2971 4963 3096 5015 satis
3119 4965 3400 5018 etiamnum
3423 4967 3582 5034 jactat
3607 4971 3702 5023 sibi
3735 4988 3924 5040 super-

2434 5051 2591 5104 fuisse
2622 5049 2851 5114 lingenti,
2883 5064 2942 5102 ae
2965 5054 3294 5114 praesumenti
3324 5061 3645 5119 reperturum
3668 5073 3725 5110 se
3747 5059 3924 5114 Theo-

2434 5137 2608 5189 dulum
2641 5138 2800 5188 tilium
2851 5151 3020 5200 suum,
3044 5148 3093 5191 et
3114 5139 3170 5193 id
3199 5142 3317 5205 quia
3351 5142 3544 5194 circum
3585 5143 3779 5198 fontem
3819 5149 3921 5201 dif-

2435 5223 2534 5275 fusi
2558 5225 2764 5277 Barbari
2787 5234 2952 5288 erant,
2973 5237 3025 5278 et
3053 5239 3173 5279 vero
3194 5227 3363 5280 Nilum
3393 5228 3530 5283 illico
3551 5232 3607 5284 lii
3623 5243 3920 5299 raptarum,

2438 5324 2555 5361 mox
2587 5313 2902 5389 dimiserunt
2958 5314 3201 5373 militibus
3252 5316 3398 5380 visis,
3455 5326 3507 5370 et
3556 5333 3612 5372 se
3639 5320 3918 5389 infugam

2437 5396 2700 5453 dederunt.
2757 5388 2986 5456 Perrexit
3038 5401 3190 5469 igitur
3229 5418 3380 5458 cum
3438 5406 3738 5471 militibus,
3786 5388 3918 5473 qua-
