4122 6338
175 326 308 391 1417

169 524 430 575 barorum
498 515 824 577 'Ammanis,
909 512 1000 580 qui
1084 508 1309 563 comiter
1398 517 1461 556 ac
1534 499 1726 567 perhu-

172 613 408 663 maniter
457 623 552 676 eos
611 606 835 673 excepit.
909 601 1196 668 Diligenter
1262 596 1332 649 ibi
1398 592 1550 645 Nilus
1607 603 1727 657 pcr-

172 706 454 750 scrutatur
507 695 571 748 de
623 693 752 753 lilio,
795 686 1136 742 rumusculos
1188 695 1374 735 omnes
1421 687 1725 743 aucupans,

177 786 349 854 389
384 784 702 850 tandemque
746 797 774 833 a
802 778 1068 846 ~p|uribus
1096 815 1110 837 ,
1164 772 1326 825 etiam
1379 763 1747 851 jurejurando

177 874 430 939 νεικειὶιο
468 867 873 929 afﬁrmantibus,
904 861 1147 932 agnoscit
1167 873 1286 911 eum
1319 847 1518 916 vivere,
1546 850 1727 904 diven-

175 935 465 1028 ditumque
490 947 700 1011 cuidam
736 954 873 1022 apud
907 950 1118 1003 Elusam
1147 946 1364 1007 urbem;
1399 952 1628 1006 eumque
1652 935 1724 987 illi

182 1026 554 1110 hortarentur,
587 1054 642 1098 ut
672 1059 735 1096 eo
761 1057 817 1094 se
843 1038 1131 1098 conferret,
1158 1034 1296 1086 haud
1335 1029 1494 1082 dubie
1535 1026 1728 1095 quippe

181 1140 262 1191 ibi
291 1153 414 1191 eum
451 1138 720 1187 inventum
754 1131 855 1192 iri;
878 1141 999 1180 cum
1026 1125 1237 1177 duobus
1265 1120 1363 1172 via-
1393 1115 1580 1184 peritis
1603 1112 1727 1163 Elu-

184 1240 310 1277 sam
345 1221 738 1291 proﬁciscitur;
778 1216 830 1266 in
853 1216 937 1266 via
963 1209 1184 1263 oﬂ'endit
1214 1205 1359 1256 Nilus
1392 1216 1550 1269 quem
1579 1198 1726 1250 vide-

183 1321 273 1364 rat
296 1314 468 1363 virum
496 1308 628 1359 alias
653 1303 814 1355 Elusa
845 1312 1138 1357 reversum,
1167 1305 1446 1361 agasonem
1479 1286 1726 1338 nimirum

183 1407 504 1466 sequentem
525 1397 767 1462 jumenta
791 1397 1004 1448 onusta,
1032 1383 1121 1447 qui
1145 1382 1376 1450 agnitum
1400 1374 1730 1429 familiariter

181 1461 371 1541 Nil-um
420 1461 706 1553 appellans,
740 1482 958 1532 eductas
991 1491 1020 1528 e
1043 1473 1290 1542 pharetra
1321 1466 1523 1520 litteras
1551 1461 1729 1515 reddi—

183 1580 290 1640 dit,
329 1551 576 1644 bonoque
609 1574 787 1624 animo
820 1581 937 1622 esse
991 1566 1165 1632 ipsum
1209 1559 1389 1628 jussit,
1434 1557 1516 1607 ὅτι
1553 1551 1655 1620 γὰρ
1701 1551 1728 1600 ὁ

185 1639 502 1736 πριάμενος*
554 1662 665 1714 υἱόν
731 1674 820 1710 σου
874 1653 1086 1720 (aiens)
1141 1651 1253 1703 ἐστὶ
1308 1645 1446 1698 κατὰ
1504 1639 1729 1710 Χριστὸν

1453 301 1549 366 DE
1589 302 1758 362 VITA
1797 299 1855 357 S.
1897 295 2075 354 NlLl.

170 430 765 500 triduoquepervenit
818 423 971 480 Nilus
1030 421 1082 473 in
1149 424 1324 472 castra
1383 412 1550 481 reguli
1605 413 1723 461 bar-
1754 414 1794 466 Α
1828 400 2158 468 tempestive,

3213 266 3347 327 HIS

2183 395 2253 447 ita
2281 399 2482 452 uteum
2514 382 2754 457 persequi
2785 369 2993 434 barbari
3021 374 3349 442 nequiverint

1826 466 2040 560 propter
2069 487 2295 556 spatium
2325 481 2598 550 temporis,
2622 492 2685 532 ex
2716 488 2822 541 quo
2849 472 3067 532 abierat,
3096 478 3145 520 et
3176 466 3350 517 incer-

1826 555 1938 633 tum
1969 555 2267 645 victuram
2310 573 2591 639 delegerat.
2623 566 2733 635 Ego
2768 576 2893 615 vero
2926 560 3200 629 (ait),cum
3236 555 3350 623 plu-

1828 671 1962 724 rima
1996 667 2182 738 mortis
2216 667 2390 731 imago
2416 658 2575 712 menti
2601 670 2732 709 meae
2759 652 3148 708 obversaretur,
3189 643 3351 711 gemi-

1827 759 2015 812 nabam
2055 754 2131 809 ad'
2164 752 2488 805 Altissimum
2522 759 2705 814 preces
2731 741 2891 811 690
2917 753 3081 796 meas,
3113 743 3164 786 et
3199 747 3349 798 opem

1826 848 1944 914 ejus
1973 841 2321 912 implorabam
2351 837 2459 905 spei
2485 843 2694 902 plenus,
2721 847 2785 884 ne
2831 843 2986 882 cruor
3023 839 3172 878 meus
3198 823 3352 873 iuno-

1827 950 1962 990 cuus
2016 943 2068 988 et
2097 931 2343 986 innoxius
2366 923 2693 979 daemonibus
2736 917 2958 987 impuris
2994 915 3265 967 libaretur.
3299 916 3356 958 et

1829 1033 1994 1085 astro,
2026 1037 2119 1076 seu
2153 1018 2400 1092 maligno
2441 1012 2647 1081 spiritui
2697 1005 3041 1062 obscenitatis
3085 1015 3144 1053 ac
3180 997 3355 1052 libidi-

1829 1114 1913 1167 nis
1951 1112 2271 1165 administro
2297 1145 2312 1169 ,
2358 1104 2607 1173 virginea:
2646 1114 2777 1152 meat
2812 1096 2991 1150 carnis
3024 1092 3175 1145 nidor
3219 1097 3359 1141 esset

1827 1199 2168 1257 oblectationi
2197 1197 2539 1248 vehementer
2558 1189 2870 1259 elﬂagitaus.
2893 1183 3028 1236 Ecce
3058 1175 3354 1244 proditLu—

1828 1291 1960 1346 eil‘er
1986 1303 2147 1358 super
2181 1287 2457 1339 horizonta
2489 1282 2655 1334 fausta
2698 1279 2832 1337 luce,
2864 1290 2945 1328 me
2979 1262 3236 1339 supplicio
3255 1278 3357 1319 tam

1829 1377 2166 1434 exsecranda
2194 1378 2456 1434 eximens,
2508 1370 2659 1439 quasi
2708 1367 2813 1418 Deo
2849 1362 3203 1432 praecipiente,
3239 1370 3360 1424 pro-

1829 1483 2023 1537 perans
2049 1466 2137 1517 illa
2174 1463 2342 1523 stella,
2387 1469 2444 1512 ut
2491 1472 2586 1525 ego
2635 1455 2891 1508 nescirem
2927 1462 3196 1509 occasum,
3243 1459 3359 1497 sur-

1829 1566 1956 1625 guut
1982 1563 2033 1609 et
2077 1564 2198 1607 orto
2233 1552 2340 1620 jam
2396 1547 2505 1601 sole
2557 1543 2793 1604 barbari,
2837 1542 2948 1607 ejus
2994 1537 3270 1606 splendore
3305 1548 3366 1585 ac

1827 1645 2018 1713 jubare
2057 1639 2376 1712 perturbati,
2408 1638 2530 1706 quia
2561 1634 2850 1702 legitimum
2896 1627 3366 1696 praescriptumque
3447 1633 3450 1637 ‘

186 1717 353 1807 Gelon;
416 1717 719 1822 pdarqpiwv
753 1717 956 1814 ispsdc,
987 1741 1228 1810 quoniam
1256 1737 1342 1802 qui
1377 1734 1546 1800 [ilium
1593 1738 1734 1780 tuum

1837 1731 2082 1787 saerillcii
2116 1741 2326 1797 tempus
2349 1726 2642 1785 efﬂuxerat,
2680 1728 2867 1787 meque
2903 1717 3219 1769 assidentem
3274 1727 3365 1779 pe-

187 1845 358 1901 emit,
394 1852 467 1894 est
517 1837 796 1891 secundum
846 1833 1107 1887 Christum
1145 1827 1434 1878 divinarum
1499 1817 1735 1871 sacerdos

198 1932 599 2002 mysteriorum;
633 1935 686 1979 et
728 1923 868 1976 illius
895 1919 1087 1972 dicitur
1114 1915 1262 1968 obire
1301 1899 1482 1963 munia
1508 1905 1560 1959 in
1595 1904 1738 1957 ordi-

192 2040 262 2076 ne
296 2029 506 2076 sacrato
542 2029 711 2084 usque
743 2012 806 2065 ad
839 2010 1006 2078 prima
1048 2003 1388 2060 ostiariorum
1441 1995 1738 2050 ministeria

194 2101 421 2165 ﬁdenter
471 2115 750 2176 provectus
776 2139 791 2164 ,
839 2111 1081 2165 magnam
1127 2107 1253 2146 vero
1294 2088 1529 2143 studiose
1568 2099 1737 2153 spem,

196 2215 360 2252 nemo
410 2207 465 2269 ut
512 2194 762 2262 majorem
811 2186 1089 2243 ostentarit
1122 2222 1138 2247 ,
1184 2180 1432 2236 exhibere
1495 2189 1740 2245 progres-

195 2306 313 2352 sus,
358 2266 420 2340 ac
467 2285 612 2339 brevi
659 2293 896 2349 tempore
940 2275 1154 2329 multam
1205 2267 1421 2322 virtutis
1462 2264 1740 2332 experien-

197 2351 330 2432 tiam
375 2366 638 2444 przetiere,
678 2379 729 2423 et
773 2368 840 2436 ab
871 2364 1117 2418 omnibus
1163 2360 1422 2413 faventem
1471 2354 1608 2407 ferre
1634 2351 1742 2404 cal-

194 2464 402 2526 culum,
439 2463 578 2530 quod
629 2460 732 2511 illis
778 2458 847 2509 sit
894 2465 1209 2522 persuasum
1253 2449 1321 2500 ob
1360 2458 1571 2498 morum
1615 2455 1740 2507 pro-

202 2555 426 2607 bitatem
455 2529 725 2608 idoneum,
752 2540 903 2596 ut'ad
937 2541 1077 2592 hunc
1110 2536 1330 2605 gradum
1373 2529 1736 2584 extolleretur.

205 2639 377 2706 (Urbs
405 2649 487 2690 est
512 2637 668 2688 Elusa
695 2633 821 2686 olim
848 2630 1055 2682 Arabia:
1081 2644 1096 2690 ;
1123 2625 1214 2678 sed
1246 2630 1427 2690 postea
1451 2619 1744 2690 imperante

201 2724 510 2782 Justiuiano
559 2725 856 2777 Palaestinam
903 2719 1067 2774 tertia:
1108 2713 1208 2768 fuit
1245 2711 1494 2776 ascripta,
1523 2706 1746 2774 ejusque

199 2827 429 2874 sanctus
457 2816 810 2884 Hieronymus
850 2812 902 2864 in
938 2810 1054 2861 Vita
1089 2805 1261 2861 sancti
1303 2799 1593 2853 Hilarionis
1629 2811 1742 2849 me-

203 2906 412 2975 minit.)
439 2897 565 2958 iniit
595 2919 720 2970 ergo
739 2900 946 2954 tandem
967 2891 1180 2948 Elusam
1211 2890 1361 2943 Nilus
1391 2888 1740 2947 exhilaratus,

195 3008 368 3070 atque
398 2997 576 3048 Ιιιιιίιὶει
621 2991 884 3051 diﬂluens,
920 2987 1047 3039 adiit
1079 2981 1395 3043 Ecclesium,
1429 2979 1496 3030 τὰ
1546 2977 1744 3043 τέμενα

204 3067 303 3139 ’το-ὓ
329 3086 480 3144 Θεοῦ,
509 3084 705 3152 gratias
734 3079 964 3132 referens
985 3072 1130 3128 O.M.
1161 3072 1268 3124 Deo
1297 3085 1404 3123 non
1429 3068 1547 3121 sine
1577 3067 1748 3134 lacry-

211 3176 339 3234 mis,
377 3188 510 3240 quas
549 3169 799 3238 gaudium
829 3165 1020 3226 ciebat,
1054 3163 1334 3216 deducitur
1363 3159 1613 3217 domum,
1658 3154 1749 3207 ubi

212 3263 356 3313 titius
381 3267 513 3320 erat,
541 3273 569 3309 a
607 3257 788 3309 multis
828 3251 1247 3312 collactantibus;
1288 3254 1342 3299 at
1375 3245 1515 3297 tilius
1560 3240 1748 3294 obvius

211 3350 350 3417 patri
379 3350 636 3418 procedit,
673 3355 877 3415 patrem
911 3344 995 3394 vix
1013 3340 1250 3408 agnoscit
1272 3345 1485 3404 propter
1519 3345 1744 3391 comam,

213 3455 376 3507 quam
410 3439 544 3490 forte
575 3437 907 3504 promiserat,
936 3441 986 3484 et
1009 3438 1181 3483 vestes
1212 3425 1471 3487 sordidas,
1497 3420 1752 3486 collacry-

212 3537 430 3580 mantur
451 3526 626 3584 ambo,
651 3531 932 3591 postquam
955 3527 1104 3587 pater
1141 3515 1329 3569 defixis
1359 3514 1410 3565 in
1434 3512 1596 3567 lilium
1625 3522 1751 3560 ocu-

211 3620 304 3680 lis,
339 3630 508 3683 eoque
540 3614 818 3668 confestim
861 3612 1059 3678 agnito,
1107 3615 1309 3660 tantum
1345 3603 1596 3672 gaudium
1623 3615 1750 3651 con-

210 3707 392 3772 cipere
413 3702 592 3755 animo
615 3714 718 3754 non
751 3699 952 3761 valens,
981 3695 1211 3750 concidit
1235 3690 1478 3743 resolutis
1507 3687 1746 3746 artubus,

211 3804 269 3846 et
320 3790 584 3851 exanimis
623 3789 874 3847 creditus,
905 3799 933 3835 a
963 3784 1069 3834 lilio
1097 3781 1430 3846 amplexante
1461 3779 1746 3834 recreatus,

213 3893 270 3935 et
309 3889 533 3940 erectus,
564 3879 650 3930 diu
675 3887 854 3928 vocem
885 3887 987 3924 non
1015 3870 1231 3934 invenit,
1266 3877 1317 3921 et
1342 3881 1438 3935 pro
1465 3864 1639 3917 verbis
1668 3863 1749 3915 la-

212 3969 784 4038 crymasloguebatur,
816 3964 1024 4017 tandem
1046 3962 1212 4014 lilium
1238 3959 1471 4012 vicissim
1504 3955 1749 4022 amplexu

213 4058 518 4111 arctissimo
546 4056 935 4123 constringens,
963 4051 1193 4118 exquirit
1232 4048 1588 4100 narrationem
1617 4035 1752 4096 libe—

218 4145 441 4198 rationis
467 4159 596 4207 suae,
645 4152 900 4211 rogatque
946 4142 1140 4206 ipsum,
1177 4147 1230 4191 ut
1263 4152 1380 4189 eam
1420 4140 1772 4210 percenseat“

291 4235 612 4289 ParuitNilo
643 4234 968 4295 Thcodulus,
1009 4243 1337 4296 casuumquc
1378 4226 1569 4279 seriem
1610 4223 1751 4275 ordi-

1837 1821 2079 1883 ctinatim
2110 1825 2372 1872 consertis
2413 1809 2774 1880 digitis,'etc'.,
2810 1820 3031 1874 meaque
3069 1802 3366 1870 amplexum

1839 1919 2102 1974 griiua,et
2135 1905 2472 1960 manantibus
2514 1898 2737 1952 ubertim
2782 1894 3033 1964 lacrymis
3075 1893 3226 1946 sinus
3271 1889 3370 1939 im—

1838 1987 2090 2068 plentem,
2140 1995 2534 2064 interrogarunt
2566 1989 2630 2042 de
2671 2001 2825 2042 servo
2856 1985 2965 2045 illo,
2996 1997 3148 2051 quem
3179 1980 3369 2031 frustra

1841 2085 2230 2154 requisierant;
2268 2081 2358 2137 sed
2392 2095 2511 2134 cum
2549 2093 2633 2131 me
2669 2075 2798 2145 ipsis
2828 2074 3117 2128 adhaesisse
3150 2084 3372 2136 respou-

1841 2177 2057 2239 dissem,
2092 2191 2190 2228 nec
2214 2189 2320 2243 quo
2350 2171 2669 2240 perrexisset
2705 2168 2840 2220 scire
2877 2165 2984 2216 ullo
3013 2162 3169 2215 modo
3214 2175 3374 2212 nove-

1793 2288 1796 2293 -
1842 2273 1982 2327 runt,
2018 2271 2289 2331 parcentes
2318 2259 2548 2328 corpori,
2584 2259 2851 2323 vitamque
2875 2253 3206 2319 indulgentes
3240 2250 3374 2301 hanc

1840 2353 2037 2406 ﬂuxam
2092 2361 2144 2405 et
2177 2350 2454 2413 caducam,
2489 2349 2722 2400 animam
2750 2344 2925 2398 conati
2956 2349 3081 2395 sunt
3114 2338 3372 2399 occidere,

1847 2458 1909 2495 ac
1943 2452 2194 2495 aeternam
2223 2455 2409 2508 rapere
2440 2435 2908 2491 immortalitatem.
2955 2431 3238 2484 Jusseruut
3271 2429 3374 2479 itu-

1845 2546 1951 2598 que
1975 2547 2056 2583 mc
2091 2532 2461 2598 μιαροφαγεῖν,
2504 2528 2553 2578 id
2587 2537 2688 2590 est,
2719 2522 3094 2577 contaminatis
3125 2520 3256 2572 cibis
3285 2531 3378 2569 ve-

1845 2623 1941 2684 sci,
1976 2631 2029 2673 et
2061 2620 2374 2673 mulieribus
2403 2616 2702 2678 colludere“;
2735 2615 2827 2669 sed
2861 2611 2952 2666 Dei
2982 2613 3146 2664 l‘ultus
3179 2609 3376 2660 auxilio

1843 2710 2160 2773 contradixi,
2193 2723 2292 2763 nec
2319 2707 2550 2762 obedivi.
2578 2704 2896 2759 Perventum
2928 2703 3156 2770 denique
3182 2699 3244 2753 ad
3264 2699 3378 2752 cui-

1845 2813 1953 2854 tam
1985 2802 2276 2868 regionem,
2311 2812 2378 2852 ex
2423 2796 2509 2848 illa
2545 2793 2831 2848 solitudine
2861 2803 2964 2846 tam
3001 2791 3185 2851 sterili,
3231 2797 3279 2840 et
3311 2789 3376 2838 ad

1843 2890 2039 2943 Sucam
2072 2891 2248 2942 vicum
2279 2894 2580 2940 statuerunt
2607 2899 2690 2937 me
2719 2883 2917 2936 nudum
2956 2896 3114 2948 prope
3149 2888 3372 2947 portam,

1847 2973 2090 3030 venalem
2140 2976 2328 3029 incolis
2365 2983 2786 3043 proposuerunt.
2820 2988 2848 3024 a
2881 2961 3078 3039 quibus
3119 2985 3238 3021 cum
3274 2969 3378 3020 duo

1852 3077 2055 3120 tantum
2085 3065 2446 3129 aurcipﬂ'erre
2467 3075 2592 3119 utur
2635 3080 2730 3133 pro
2761 3064 2948 3132 pretio,
2975 3060 3374 3130 indignabumli,

1851 3157 2093 3210 strictum
2123 3157 2352 3224 gladium
2404 3154 2687 3208 identidem
2720 3154 2903 3223 jugulo
2937 3167 3055 3205 meo
3094 3152 3377 3203 admoven-

1851 3253 1948 3307 tes,
1978 3256 2243 3312 caputque
2268 3236 2611 3310 amputaturi,
2645 3244 2746 3295 nisi
2778 3242 2898 3309 quis
2932 3257 3015 3293 me
3044 3241 3206 3308 pluris
3241 3255 3377 3291 mer-

1849 3337 2093 3394 caretur;
2131 3330 2241 3397 ipse
2285 3327 2414 3382 ﬂens
2464 3329 2678 3381 orabam
2731 3336 3082 3389 mercatores,
3119 3343 3148 3381 e
3185 3326 3378 3394 quibus

1848 3417 2041 3483 aliquis
2082 3417 2350 3478 misertus,
2405 3416 2489 3468 vix
2521 3431 2604 3468 me
2631 3414 2886 3481 addicens
2924 3416 3165 3477 redemit,
3197 3417 3259 3466 ab
3289 3430 3378 3467 eu-

1851 3523 1952 3575 que
1982 3522 2105 3560 mox
2134 3508 2312 3570 isthic,
2341 3505 2515 3559 Elusae
2548 3507 2828 3574 nempe,in
2863 3506 2963 3578 alia
2999 3507 3177 3559 mundl
3211 3505 3376 3556 natio-
3422 3539 3427 3547 ι

1851 3610 1916 3644 ne
1947 3595 2236 3646 distractus
2266 3593 2362 3645 fui.
2407 3593 2528 3645 Haec
2558 3595 2779 3644 audiens
2801 3578 2962 3659 pater
2990 3594 3173 3644 dolore
3205 3594 3376 3657 disse.~

1849 3683 2098 3745 cabatur;
2134 3681 2333 3734 idcirco
2360 3696 2425 3735 ne
2453 3681 2703 3751 gaudium
2731 3681 2847 3748 ejus
2878 3689 3258 3748 corrumperet,
3281 3683 3377 3734 ob-

1850 3773 2194 3838 turbaretque
2222 3786 2407 3825 rursus
2433 3781 2730 3839 paternum
2764 3772 3022 3833 animum,
3077 3770 3382 3825 Theodulus

1852 3863 2008 3914 tinem
2042 3861 2249 3914 dicendi
2281 3861 2423 3924 fecit,
2466 3869 2773 3929 patremque
2810 3863 3140 3915 commonuit
3184 3871 3242 3915 ut
3273 3862 3382 3929 glo-

1851 3951 1981 4002 riam
2020 3950 2126 4003 Deo
2181 3950 2485 4019 gratiasque
2515 3949 2725 4004 oﬂ‘erret
2758 3966 2852 4020 pro
2874 3961 2980 4003 tam
3006 3952 3196 4018 insigni
3224 3953 3381 4004 bene-

1853 4040 1992 4093 ﬁcio.
3311 4047 3313 4050 -

1922 4128 2161 4195 Regessit
2206 4128 2356 4183 Nilus
2388 4132 2593 4181 vovisse
2639 4130 2996 4196 Omnipmenti
3030 4146 3086 4182 se
3134 4131 3221 4181 illo
3248 4145 3380 4198 Ipso,

1851 4232 1956 4281 quo
2002 4217 2308 4269 Thcodulus
2366 4219 2761 4284 periclitabatur
2802 4227 3070 4285 tempore,
3120 4220 3383 4288 tantisque

215 4342 307 4383 tur
337 4328 528 4390 abhis,
561 4327 612 4378 in
645 4324 839 4392 quibus
874 4322 1179 4390 Magadonis
1214 4332 1399 4372 servus
1421 4315 1540 4382 fuga
1571 4314 1749 4377 lapsus
1785 4338 1825 4389 Β
1854 4303 2255 4358 conﬂictabatur
2287 4309 2557 4370 :erumnis,
2596 4308 2638 4359 si
2687 4308 2947 4361 viventem
2973 4307 3143 4377 ipsum
3169 4325 3383 4378 compc—

216 4421 468 4478 desierat,
483 4430 703 4484 quaeque
720 4414 963 4465 retulisse
984 4407 1495 4479 prxsumit,~nolens,
1516 4413 1751 4470 repetere

217 4521 300 4562 tot
327 4507 654 4569 discrimina,
688 4518 805 4572 quae
848 4499 1145 4554 molestiam
1199 4498 1543 4556 facesserent,
1583 4506 1753 4559 neque

214 4600 455 4650 dolorem
481 4609 756 4658 renovare,
781 4593 1102 4658 tatdiumque
1129 4587 1315 4640 aﬂ‘erre
1337 4588 1530 4640 denuo.
1564 4583 1751 4634 Parata

216 4685 432 4754 (inquit)
463 4692 615 4737 erant
651 4682 848 4745 omnia,
875 4677 1184 4732 utdilueulo
1209 4685 1551 4743 perageretur
1586 4671 1751 4724 sacri-

222 4773 398 4824 ticium
438 4783 581 4823 astro
629 4765 910 4833 matutino,
951 4777 1002 4818 et
1048 4776 1170 4818 tuus
1201 4764 1508 4815 Theodulus
1556 4763 1772 4833 immo-_

220 4862 410 4910 landus
443 4862 491 4909 in
517 4869 760 4926 promptu
801 4859 963 4911 Deum
1002 4858 1280 4914 invocans,
1312 4864 1368 4905 ut
1415 4868 1534 4904 eum
1569 4849 1753 4901 redde-

223 4957 305 4998 "el
337 4949 534 5013 Ιδδΐεηιί
571 4948 704 5005 Seni,
739 4947 904 5015 πατρὶ
932 4944 1204 5015 πρεςόύτῃ
1232 4942 1377 5012 (hinc
1409 4945 1619 4992 senecta
1650 4935 1748 4985 Niii

223 5038 392 5103 magis
420 5051 480 5088 ac
513 5037 679 5102 magis
709 5038 1108 5100 comprobatur,
1134 5050 1184 5101 p.
1220 5033 1358 5095 “3),
1393 5042 1442 5081 et
1480 5028 1748 5080 conlidens

210 5127 427 5194 jacebat
467 5141 662 5192 pronus
708 5124 875 5184 lmini,
917 5124 1226 5190 abjectaque
1259 5121 1413 5181 facie,
1456 5109 1543 5172 sed
1576 5119 1753 5169 animo

221 5227 433 5265 sursum
465 5214 619 5264 elato.
652 5201 966 5261 Cous'tructa
991 5208 1161 5261 fuerat
1190 5211 1255 5261 ab
1300 5208 1401 5260 illis
1442 5205 1588 5273 popis
1620 5203 1754 5255 lera-

225 5299 365 5352 libus
385 5313 498 5360 ara,
540 5297 744 5365 gladius
789 5297 1030 5350 nudatus.
1083 5296 1331 5357 libamen,
1368 5294 1564 5359 pltiuia,
1613 5291 1752 5350 thus,

223 5389 521 5442 adhibenda
561 5388 907 5439 instrumenta
961 5400 1064 5437 non
1111 5385 1330 5436 deerant
1387 5384 1448 5433 ad
1500 5396 1754 5432 onmno-

224 5479 366 5530 niam
393 5488 496 5528 tam
531 5478 813 5539 funestam,
849 5491 965 5528 cum
1005 5491 1187 5526 servus
1211 5475 1293 5525 ille
1341 5472 1756 5524 comnmnicarit

227 5568 353 5620 mihi
377 5582 528 5619 suum
558 5568 621 5617 de
653 5566 770 5632 fuga
802 5565 1104 5624 consilium,
1140 5574 1188 5613 et
1213 5563 1355 5614 solus
1385 5574 1495 5613 eam
1531 5562 1754 5630 arripuit

533 5659 794 5715 PATROL.
841 5656 951 5712 Gn.
1000 5654 1250 5712 LXXIX.

1858 4397 1912 4446 ri-
1934 4405 2013 4448 set
2043 4411 2297 4464 unquam,
2329 4397 2564 4448 δουλείαν
2596 4399 2934 4465 ἐγκρατείας,
2971 4402 3062 4454 καὶ
3098 4401 3194 4468 τῆς
3227 4401 3386 4470 ἄλλης

1855 4485 2212 4544 κ;ικοπαοεἰας
2244 4486 2499 4553 σκληρὰν,
2550 4487 2600 4538 id
2624 4497 2722 4550 est,
2751 4479 3056 4551 servitutem
3091 4499 3386 4557 temperan-

1816 4577 1938 4626 .tlm
1964 4611 1976 4632 ,
2028 4589 2118 4626 seu
2164 4574 2512 4642 jejuniorum,
2551 4585 2625 4629 ‘ac
2668 4578 3029 4641 abstinentiae,
3071 4590 3123 4632 et
3167 4583 3385 4634 alterius
3428 4581 3430 4584 ’

1855 4661 2156 4717 alﬂictionis
2198 4666 2580 4731 austeriorem;
2620 4668 2756 4720 inter
2802 4668 3167 4722 dormiendum
3212 4680 3385 4721 autem

1855 4754 2138 4806 exaudisse
2162 4770 2367 4819 vocem,
2397 4771 2498 4823 qua
2535 4759 2893 4822 spondebatur
2918 4768 3190 4824 acceptum
3224 4758 3388 4809 fuisse

1855 4853 2033 4894 votum
2090 4845 2238 4904 illud,
2280 4846 2634 4911 desideriique
2668 4856 2965 4912 compotem
3008 4863 3122 4902 sese
3162 4848 3271 4900 fore
3296 4863 3308 4908 ;
3338 4847 3387 4898 id

1856 4932 2069 4997 exsequi
2094 4947 2149 4983 se
2183 4933 2334 4994 velle,
2368 4946 2428 4984 ac
2453 4935 2753 4999 expeditum
2776 4951 2915 4990 esse.

1925 5019 2231 5075 Theodulus
2262 5023 2323 5074 ad
2354 5023 2457 5074 voti
2499 5033 2702 5091 partem
2734 5028 3042 5094 explendam
3069 5026 3276 5077 exhibet
3313 5040 3387 5087 se,

1861 5119 1916 5160 ut
1940 5119 2141 5175 patrem
2169 5111 2441 5176 sublevet;
2478 5115 2752 5166 concludit
2789 5130 2956 5183 pater,
2987 5127 3040 5165 ut
3070 5116 3224 5167 ambo
3264 5130 3387 5180 pro-

1861 5203 2040 5250 missis
2070 5209 2293 5261 starent,
2325 5211 2375 5252 et
2420 5217 2538 5266 quae
2588 5203 2806 5269 polliciti
2839 5211 3108 5265 voverant,
3151 5203 3388 5254 exsolve-

1860 5297 1995 5338 rent.

1932 5378 2090 5429 thlztt
2124 5391 2366 5446 precatus
2391 5381 2559 5441 Nilus,
2605 5391 2652 5435 et
2691 5382 2905 5434 adorata
2941 5384 3181 5435 Numinis
3223 5384 3391 5448 provi-

1857 5468 2030 5518 dentia
2066 5469 2360 5536 subjunxit,
2389 5477 2689 5540 episcopum
2725 5474 2912 5535 Elusaz,
2941 5490 3059 5526 cum
3095 5475 3179 5524 diu
3221 5473 3380 5524 fovis-

1861 5567 1937 5608 sct
1965 5568 2014 5610 et
2054 5559 2362 5615 detinuisset
2393 5565 2531 5629 ipsos
2561 5565 2695 5628 apud
2722 5581 2775 5616 se
2809 5573 2948 5632 (nam
2982 5563 3226 5632 θεοφιλὴς
3253 5573 3384 5621 erat,

2966 5655 3036 5710 45
