4122 6338
720 405 849 469 1419

1475 409 1614 469 JOS.
1659 411 1915 469 ΜΑΠῙῈ
1957 412 2309 471 SUARESII
2342 415 2442 472 LI‘l
2462 366 2597 468 ἱ3Εῐὶ
2637 410 3251 473 ClIRONOLOGICUS

3730 417 3914 482 -1420

714 519 887 571 tdcst.
917 529 1100 568 amans
1131 512 1220 570 Dei
1260 530 1312 569 et
1344 518 1594 585 proximi,
1635 527 1793 585 atque
1838 520 2244 588 liospitalis)in—
2271 535 2316 589 Α
2345 520 2491 574 Jami
2528 517 2608 585 egi
2648 518 2777 570 satis
2813 518 2877 571 de
2914 518 3155 587 jejunio;
3196 521 3287 574 80d
3336 520 3421 575 hic
3472 524 3771 597 perﬂringo
3810 528 3912 582 ista

712 605 907 657 vitasse
936 616 992 656 ut
1020 618 1199 657 secum
1240 609 1878 674 permanerentollieiose,
1930 611 2246 677 promitten-

712 696 780 747 do
824 694 1256 763 tranquillitatem
1312 709 1524 748 omnem
1552 735 1566 757 ,
1595 698 1917 768 .blandaque
1965 701 2244 768 tyrannide
2285 704 2300 714 '

713 783 840 851 ipsis
867 784 1197 852 impetrasse,
1226 785 1317 849 cev
1348 783 1507 851 ζυγὸν
1540 786 1799 839 ἐπιθεῖναι
1837 788 1926 840 τὸν
1976 789 2244 858 ἱερατικὸν

713 875 786 940 μὴ
822 872 1178 941 βουλομένοις,
1229 883 1286 926 ιιι
1319 889 1527 928 sacrum
1557 876 1769 944 jugum,
1800 893 2110 945 quanquam
2140 881 2236 932 de—

711 958 1054 1013 trectantibus
1105 959 1432 1028 imponeret;
1473 963 1697 1030 denique
1745 965 1977 1033 ambos,
2015 968 2241 1020 remisso

710 1051 853 1118 prius
875 1049 1137 1124 Theoduli
1154 1053 1343 1119 pretio,
1367 1063 1418 1106 et
1434 1054 1630 1107 donato
1662 1056 1968 1117 liberaliter,
1990 1050 2240 1125 omnique

645 1178 649 1182 .
704 1140 1066 1209 691viatieo
1097 1142 1287 1195 idoneo
1312 1144 1601 1197 instructos
1625 1144 1909 1198 dimisisse.
1943 1147 2046 1199 lsla
2081 1146 2235 1200 B.'P.

706 1229 979 1291 Pessinus,
996 1247 1026 1285 e
1043 1246 1139 1285 ms.
1156 1231 1504 1286 illustrissimi
1530 1232 1829 1287 Monrhallii
1854 1218 2235 1304 archiepiscopi

707 1317 976 1385 Tolosani,
1007 1318 1188 1374 Graec
1232 1320 1528 1389 Latineque
1562 1321 1787 1377 Parisiis
1816 1325 2015 1389 edidit;
2053 1341 2236 1377 verum

704 1422 734 1457 e
776 1407 957 1475 Regio,
1002 1417 1055 1461 et
1089 1408 1395 1462 Mazzariuo
1431 1425 1560 1463 mss.
1599 1409 1784 1464 Latine
1815 1427 2029 1479 quoque
2062 1412 2239 1465 reddi-

704 1497 853 1548 derat
894 1499 1211 1552 reverendus
1246 1498 1400 1552 Pater
1432 1496 1756 1551 Franciscus
1790 1499 2103 1577 (lambens.
2145 1501 2236 1552 sed

704 1585 1036 1641 eLGallicum
1061 1587 1115 1640 in
1145 1602 1447 1641 sermonem
1480 1591 1837 1651 transtulitB.
1860 1591 1914 1643 P.
1946 1589 2017 1642 Le
2039 1589 2233 1655 Sueur,

704 1677 945 1741 quamvis
986 1674 1044 1727 Ι).
1109 1675 1339 1730 Erouval
1388 1678 1460 1729 illi
1491 1680 1798 1748 versionem
1839 1680 2057 1730 alteram
2099 1681 2237 1746 typis

707 1767 1006 1816 mandatam
1029 1762 1170 1817 anno
1197 1764 1350 1828 1649,
1375 1766 1528 1832 cujus
1561 1776 1746 1819 auctor
1767 1765 1828 1817 li.
1865 1768 1923 1819 P.
1956 1765 2232 1819 Possinum

702 1851 1042 1922 sequebatur,
1059 1858 1398 1904 ostentasset.
1424 1829 1742 1919 l1ipmnanus
1761 1850 2002 1905 Latinam
2026 1856 2227 1907 versio-
2265 1829 2303 1880 Β

704 1953 823 1989 nem
871 1937 1250 2005 publicaverat,
1286 1955 1444 2007 quam
1500 1957 1529 1993 a
1590 1942 2058 1995 Surio'insertam
2117 1945 2229 1994 suis

704 2035 991 2094 martyrum
1037 2026 1286 2079 llistoriis
1327 2028 1591 2093 arbitror;
1638 2029 1986 2082 nihilominus
2036 2030 2231 2083 Narra~

706 2114 896 2167 tionem
951 2113 1105 2166 istam
1158 2112 1261 2166 Nili
1317 2115 1555 2182 redigere
1605 2116 1761 2168 libuit
1805 2119 1891 2170 hic
1939 2118 1993 2169 iu
2045 2118 2228 2185 Epito-

704 2216 843 2265 men,
868 2208 936 2252 ‘et
968 2200 1065 2253 tria
1099 2189 1439 2253 considerare
1467 2203 1723 2256 attentius
1748 2204 2004 2256 voeabula
2042 2221 2230 2273 nempe

703 2293 816 2351 ταῖς
833 2290 1021 2355 κόμαις
1046 2291 1139 2357 τῆς
1176 2290 1430 2357 κεφαλῆς,
1457 2299 1528 2352 et,
1562 2296 1931 2360 μιαροφαγεῖν,
1952 2294 2178 2361 denique
2212 2312 2225 2347 :

705 2379 799 2430 καὶ
827 2378 1030 2444 γυναιξὶ
1072 2378 1441 2446 προσπαίζειν,
1482 2379 1533 2431 id
1565 2389 1666 2440 est,
1703 2384 1935 2445 cwsarie,
1973 2384 2229 2450 comisque

705 2469 924 2532 cupitis;
955 2470 1231 2530 comedere,
1263 2483 1374 2533 qua:
1399 2480 1516 2519 sunt
1552 2468 1762 2527 illicita,
1796 2480 1844 2521 et
1872 2476 2226 2535 exsecranda;

706 2574 820 2611 cum
849 2556 1145 2608 mulieribus
1176 2556 1368 2607 (tulere.
1411 2555 1451 2606 E
1496 2558 1668 2623 primo
1698 2572 1865 2625 arguo
1899 2560 2085 2611 solitos
2116 2574 2231 2610 mo-

708 2648 904 2699 naehos
937 2642 1218 2704 attonderi,
1254 2643 1328 2695 uti
1354 2643 1462 2709 jam
1500 2644 1668 2695 immi.
1709 2644 1992 2697 Salvianus
2020 2645 2110 2698 lib.
2137 2660 2228 2697 vm

711 2738 778 2788 De
804 2734 1163 2803 gubernatione
1185 2732 1278 2785 Dei
1311 2733 1563 2784 describit
1594 2736 1909 2785 monachum
1934 2736 2227 2800 palliatum,

706 2836 757 2879 et
793 2826 1064 2893 pallidum,
1109 2808 1161 2875 et
1207 2822 1394 2875 recisis
1437 2836 1711 2875 comarum
1761 2822 2035 2875 llueutium
2085 2824 2230 2889 jubis

709 2930 875 2981 usque
904 2912 967 2964 ad
1002 2921 1175 2965 cutem
1219 2921 1450 2973 tonsum,
1487 2926 1606 2978 pag.
1646 2912 1776 2975 l90;
1812 2912 2147 2975 Sirmondus,
2177 2912 2230 2963 in

706 3003 859 3068 epist.
892 3000 979 3062 25,
1010 3000 1102 3051 lib.
1141 3014 1195 3050 ιιι
1228 2996 1454 3059 Sidonii,
1500 2997 1689 3067 chcz,
1744 3000 1793 3051 in
1840 2999 2031 3052 Cltrou.
2067 3002 2230 3051 sancti

714 3089 990 3151 Benedicti,
1024 3102 1140 3153 cap.
1174 3086 1227 3137 4.
1264 3086 1437 3137 Nilum
1471 3094 1647 3138 autem
1692 3088 1889 3139 aluisse
1922 3102 2127 3139 comam
2177 3089 2228 3138 iu

709 3181 873 3239 luctu,
905 3190 957 3230 et
987 3176 1295 3244 promisisse
1325 3174 1442 3227 ideo
1480 3176 1719 3243 capillus,
1754 3184 1813 3226 ut
1860 3173 2045 3228 faciem
2078 3178 2230 3227 obte-

709 3278 910 3337 gerent,
935 3265 1187 3319 nccalilio
1204 3264 1379 3317 statim
1404 3262 2230 3331 agnosceretur.Lugentesenim

708 3368 760 3410 et
790 3358 861 3409 rei
914 3356 1153 3408 solebant
1182 3354 1309 3405 olim
1344 3353 1560 3405 barbam
1613 3352 1974 3419 capilltunque
2005 3353 2235 3405 submit-

618 3456 621 3459 '
710 3460 846 3510 tere;
902 3453 1125 3499 testatur
1154 3445 1203 3497 id
1237 3445 1301 3497 de
1339 3432 1574 3496 Eumene
1602 3440 1867 3505 Justinus,
1916 3443 2007 3496 lib.
2041 3459 2230 3503 xxxvi,

661 3510 668 3521 ⁸
708 3539 877 3602 deque
909 3535 1144 3601 Augusto
1192 3537 1411 3584 Sueten.
1454 3547 1501 3583 c.
1551 3532 1654 3591 ‘25;
1688 3529 1871 3596 Cujac.
1914 3525 2006 3582 lib.
2041 3547 2091 3582 vt
2132 3531 2231 3582 Ob-

710 3624 1030 3678 servatJur.
1070 3639 1117 3676 c.
1165 3625 1210 3682 Ι,
1251 3622 1316 3673 ad
1355 3620 1445 3672 lib.
1482 3635 1546 3671 xv
1586 3619 1650 3672 υ.
1689 3617 1755 3670 De
1786 3618 1967 3685 iujun;
2008 3617 2033 3687 §
2070 3618 2233 3671 Gene-

710 3716 886 3766 raliter
912 3715 964 3765 in
1000 3711 1135 3765 verb.
1166 3711 1239 3763 vel
1284 3708 1496 3775 capillos
1528 3707 1818 3760 submittat.
1855 3707 2074 3761 Ovidius
2112 3708 2233 3775 qui-

710 3808 825 3856 dem
875 3804 1135 3870 relegatus
1181 3802 1245 3855 ad
1294 3800 1559 3853 Euxinum
1593 3785 1819 3850 Pontum
1863 3812 2112 3866 egressus
2153 3807 2234 3851 est

715 3893 851 3946 Urbe
870 3933 883 3955 ,

776 4020 777 4023 η
846 3976 1120 4043 Squalidus
1158 3976 1401 4027 immissis
1438 3975 1575 4025 hirta
1602 3990 1691 4040 per
1722 3990 1813 4024 ora
1845 3974 2029 4024 contis-

711 4067 1078 4119 tinusulendus
1113 4064 1397 4117 cardinalis
1430 4062 1686 4117 Baronius
1723 4063 1775 4115 in
1808 4063 2093 4113 Annalibus
2131 4060 2233 4112 Ec-

713 4158 829 4206 t-les.
872 4156 934 4204 ad
970 4169 1165 4205 annum
1214 4152 1317 4218 58,
1367 4167 1516 4205 num.
1556 4152 1643 4217 55,
1677 4156 1815 4220 apud
1865 4152 2229 4219 Spondanum.

781 4246 928 4309 Quod
957 4246 1143 4297 attinet
1172 4247 1233 4296 ad
1267 4247 1638 4313 μιαροφαγεῖν,
1680 4262 1786 4297 ιιοιι
1813 4255 2017 4297 tantum
2043 4246 2234 4313 Opinor

716 4334 1042 4387 'l'heudulum
1077 4334 1372 4400 intelligere
1414 4333 1704 4400 idolotlryta
1740 4347 2099 4401 paganorum,
2152 4334 2232 4384 vel

2346 611 2471 662 [ιι-ει
2494 606 2610 657 riter
2645 606 2711 657 de
2743 606 3060 661 abstinentia
3094 612 3288 672 carnis,
3326 626 3432 679 qua
3466 615 3770 682 reprimitur
3799 633 3911 670 κοι-

2341 696 2486 747 λιοίῑε
2502 692 2659 760 ιίμων
2678 732 2695 757 ,
2739 696 2829 762 qui
2868 696 3234 765 παραπλήσιος
3261 712 3342 754 est
3369 703 3786 775 ἐγγαστριμύοφ
3803 744 3819 767 ,
3860 708 3911 761 id

2340 794 2449 850 est,
2516 782 2711 834 dwmon
2744 785 2965 849 ventris,
2999 787 3087 854 qui
3113 787 3319 841 vicinus
3346 793 3811 863 estventriloquo;
3848 797 3912 850 de

2337 872 2741 927 Caruluusianis
2790 876 2960 929 saneti
3008 875 3306 943 Brunonis,
3340 882 3429 947 qui
3477 883 3908 949 anachoreticam

2337 955 2520 1013 vitam
2563 959 2613 1010 in
2641 963 2925 1017 Occidente
2958 968 3253 1033 renovavit,
3285 969 3536 1036 alumnis,
3571 974 3767 1041 quique
3788 989 3910 1043 per-

2339 1060 2517 1116 petuo
2581 1049 2852 1104 abstinent
2900 1054 2965 1107 ab
3012 1070 3104 1108 esu
3138 1058 3402 1121 carnium,
3448 1059 3712 1115 Ostiensis
3757 1063 3907 1116 card.

2335 1139 2630 1192 Henricus
2676 1140 2742 1192 de
2793 1140 3085 1209 Segusione
3115 1146 3286 1199 obiter
3314 1147 3366 1199 in
3399 1163 3449 1204 c.
3482 1148 3767 1203 Consilium
3798 1162 3905 1206 ext.

2334 1225 2397 1276 de
2435 1225 2655 1277 ol'se‘rv.
2681 1226 2936 1292 Jejuitior.
2963 1239 3016 1283 et
3042 1210 3277 1286 Joannes
3320 1233 3544 1287 Andreae
3564 1274 3579 1299 ,
3626 1238 3717 1304 qui
3745 1247 3905 1291 stata

2334 1312 2731 1368 Carthusianis
2775 1332 2837 1369 ex
2886 1318 3023 1370 libro
3072 1321 3288 1373 Arualdi
3331 1322 3489 1391 692
3523 1325 3589 1377 de
3628 1325 3904 1379 Villanova

2334 1418 2433 1469 pro
2456 1398 2608 1469 ipsis
2638 1402 2969 1472 conscripto,
3021 1409 3093 1458 uti
3129 1410 3394 1462 Antonius
3426 1409 3637 1463 Butrius
3667 1413 3720 1464 in
3756 1429 3905 1466 mar-

2333 1493 2462 1561 gine
2509 1488 2919 1555 iPanormitani,
2960 1506 3011 1547 et
3052 1494 3287 1550 Joannes
3330 1498 3638 1555 Cbarlerius
3666 1504 3729 1555 de
3768 1502 3905 1556 Ger-

2333 1591 2469 1633 Sone:
2498 1580 2708 1645 o-ppido
2739 1581 3019 1636 ltemensis
3053 1584 3323 1648 dimcesis,
3374 1598 3534 1656 atque
3571 1588 3901 1658 Fogerolius,

2335 1658 2401 1721 in.
2441 1670 2595 1720 libr-0
2648 1666 2928 1737 Porphyrii
2967 1671 3040 1723 De
3093 1674 3452 1749 abstinentia.“
3489 1676 3671 1739 Quoad
3722 1681 3900 1731 lusum

2333 1772 2457 1809 cum
2516 1754 2884 1819 mulieribus,
2942 1760 3167 1825 pudicus
3204 1763 3292 1816 ille
3328 1765 3659 1818 castimoniae
3714 1775 3903 1820 custos

2333 1855 2385 1899 et
2433 1845 2773 1914 purissimus
2805 1849 3117 1904 adolescens
3150 1852 3286 1904 velat
3326 1852 3430 1906 .hoc
3468 1854 3631 1907 verbo
3661 1858 3898 1923 turpitu-

2332 1936 2509 1987 dinem
2530 1933 2627 1997 ,ad
2655 1950 2815 2001 quam
2849 1937 3046 2005 impuri
3096 1948 3149 1992 et
3178 1940 3331 2009 impii
3370 1943 3643 2009 praedones
3675 1944 3899 1999 obsceni

2332 2022 2662 2075 Mabunuetis
2712 2038 3075 2090 praecursores
3134 2045 3258 2082 eum
3310 2030 3631 2097 adigebant;
3682 2047 3809 2087 nam
3851 2036 3899 2089 si

2335 2111 2488 2164 lmdis
2517 2112 2699 2178 ipsum
2725 2114 2865 2167 escis
2890 2116 3215 2182 explessent,
3246 2128 3299 2171 et
3324 2120 3716 2185 inquinassent,
3749 2122 3897 2179 baud

2331 2200 2493 2252 dubie
2532 2201 2597 2252 ad
2638 2201 3085 2256 incontinentiam
3128 2209 3547 2273 protraxissent.
3614 2210 3897 2264 Ἐκάθισεν

2331 2290 2357 2339 ὀ
2399 2288 2527 2349 λαὸς
2575 2292 2789 2355 φαγεῖν,
2818 2293 2915 2343 καὶ
2960 2296 3121 2358 πιεῖν,
3169 2296 3265 2346 καὶ
3309 2296 3609 2365 ἀνέστησαν
3655 2298 3894 2363 παίζειν.

2332 2377 2498 2429 Exodi
2530 2392 2580 2430 σ-
2620 2394 2792 2442 xxx",
2830 2395 2886 2432 γ.
2915 2380 2978 2443 6;
3022 2381 3074 2433 id
3103 2394 3221 2444 est,
3252 2387 3385 2435 sedit
3416 2387 3632 2452 populus
3664 2390 3896 2442 mandu-

2333 2482 2452 2516 care
2501 2476 2548 2516 et
2583 2465 2791 2530 bibere;
2836 2483 2959 2535 qua:
2998 2462 3169 2522 verba
3224 2472 3417 2524 inserit
3447 2472 3736 2541 Apostolus
3772 2476 3793 2527 Ι
3825 2480 3894 2529 a.l

2333 2552 2658 2606 Corinthe.
2711 2570 2769 2617 ι,
2807 2570 2861 2607 v.
2900 2556 2956 2619 7,
3007 2558 3103 2608 καὶ
3153 2559 3364 2626 γυναιξὶ
3404 2562 3769 2629 ,προσπαίζειν
3816 2565 3896 2619 ait

2333 2640 2661 2701 Theodulus,
2710 2641 2762 2692 id
2797 2653 2914 2704 est,
2955 2644 3283 2699 mulieribus
3331 2646 3587 2701 alludere.
3639 2650 3894 2704 Mouacbi

2333 2729 2569 2796 profecto
2599 2729 2811 2781 caelibes
2839 2740 3015 2793 erant,
3072 2743 3130 2784 et
3179 2736 3453 2787 vovebant
3495 2739 3895 2806 servabantque

2333 2819 2656 2880 castitatem,
2711 2819 2851 2869 unde
2881 2819 3221 2874 vocabantur
3255 2824 3466 2893 Azyges
3496 2843 3510 2879 :
3544 2828 3734 2894 synod.
3767 2846 3892 2895 vm,

2333 2921 2437 2960 aet.
2473 2907 2616 2974 5,-p.
2650 2907 2773 2959 266.
2812 2907 2883 2957 Τὸ
2908 2908 3065 2975 σῶμα
3104 2912 3190 2972 εἰς
3223 2913 3581 2983 τὴν.σήμερον
3614 2918 3794 2983 ἁγνόν,
3822 2922 3892 2973 ad

2335 2998 2651 3047 hodiernum
2684 3012 2853 3063 usque
2877 2997 3015 3049 diem
3045 3007 3261 3053 castum
3296 3002 3576 3069 professus
3602 3015 3682 3060 est
3709 3006 3895 3062 Theo—

2334 3083 2509 3144 dulus,
2540 3098 2656 3151 pag.
2690 3084 2811 3146 H7,
2844 3083 2895 3135 in
2920 3083 3271 3149 Narratione,
3301 3104 3456 3142 suum
3481 3105 3677 3159 corpus
3702 3093 3894 3147 hacte-

2331 3186 2433 3222 nus
2456 3172 2750 3237 virgineum
2773 3188 2788 3228 ;
2819 3173 2954 3223 etde
2980 3172 3203 3227 Maleho
3235 3179 3499 3233 monacho
3521 3180 3640 3233 fuse
3662 3192 3892 3236 sanctus

2333 3256 2686 3325 Hieronymus
2722 3259 2771 3309 iu
2804 3259 2920 3324 ejus
2945 3257 3089 3322 Vita,
3127 3272 3190 3313 et.
3214 3262 3649 3333 Martyrologium
3684 3269 3892 3323 Bonna-

2332 3360 2456 3397 num
2520 3344 2607 3397 die
2670 3346 2729 3397 ‘Zl
2790 3344 3058 3407 Octobris,
3119 3363 3289 3415 qluem
3347 3340 3889 3423 barbari'captivum

2331 3446 2615 3500 coegerunt
2648 3438 2895 3490 feminam
2915 3440 3187 3505 captivam
3213 3458 3391 3496 secum
3417 3446 3667 3509 retinere,
3691 3464 3856 3515 quam
3874 3478 3890 3491 ι

2334 3526 2412 3577 vis
2444 3541 2564 3577 cum
2602 3527 2689 3577 illa
2721 3537 2869 3579 casta
2893 3528 3106 3580 vivebat
3158 3532 3354 3586 castior
3388 3535 3499 3601 ipse
3526 3553 3539 3587 :
3568 3536 3742 3603 deque
3777 3542 3891 3593 alin

2334 3614 2599 3665 monacho
2639 3614 2976 3667 adolescente
3003 3617 3219 3683 vinem,
3245 3631 3294 3674 et
3323 3638 3351 3674 a
3388 3625 3688 3686 meretrice,
3720 3642 3891 3697 paga-

2331 3719 2522 3755 norum
2573 3702 2943 3755 insidiantium
2990 3704 3112 3772 ejus
3170 3712 3401 3763 castitati
3438 3725 3589 3778 arte,
3642 3716 3889 3772 immissa

2332 3793 2584 3858 pellecto,
2628 3803 3011 3860 exsectamque
3052 3795 3312 3852 dentibus
3354 3800 3467 3852 suis
3496 3801 3725 3868 linguam
3751 3820 3883 3872 pro-

2330 3881 2498 3946 priam
2548 3880 2804 3933 adversus
2854 3896 2969 3933 eam
3023 3896 3380 3952 censpuente.
3418 3886 3545 3943 Vide
3586 3890 3731 3946 Vitas
3776 3892 3885 3947 Pa-

2333 3978 2493 4019 trum.
2528 3967 2598 4019 Ex
2633 3968 2734 4050 ista
2768 3983 2927 4036 porro
2957 3970 3209 4036 Epittome
3240 3977 3402 4044 liquet
3432 3996 3594 4047 quam
3643 3983 3887 4050 agitatus

2330 4067 2382 4110 et
2405 4049 2699 4109 concussus
2721 4054 2882 4109 fuerit
2908 4058 3134 4112 animus
3150 4061 3272 4126 Nili,
3297 4074 3447 4118 aetate
3464 4068 3575 4133 jam
3624 4049 3886 4138 vergente

2333 4162 2393 4199 ac
2431 4148 2852 4214 ingravescente,
2887 4156 3045 4214 atque
3078 4149 3351 4206 devoratis
3393 4162 3469 4207 tot
3507 4156 3768 4211 molestiis
3829 4170 3887 4213 et

2331 4235 2612 4300 au'umnis,
2645 4237 2888 4289 turbatus
2920 4246 2975 4289 et
3003 4237 3233 4294 amictus
3278 4240 3565 4310 (occupant
3596 4245 3737 4297 enim
3770 4250 3887 4301 cla-

2332 4326 2498 4378 riores
2523 4327 2735 4378 animos
2768 4326 3034 4379 interdum
3054 4329 3427 4384 humanarum
3467 4334 3723 4401 caligines
3746 4350 3873 4403 pas-

716 4440 899 4491 azyma
920 4422 1243 4485 Judaeorum,
1266 4436 1384 4489 quin
1406 4436 1607 4473 canone
1626 4422 1689 4474 τί)
1710 4422 1946 4487 Apostol.
1970 4437 2005 4473 ιι
2038 4420 2231 4487 Synodi

2337 4417 2603 4485 sionum),
2627 4418 2783 4484 quasi
2803 4418 2941 4471 mole
2974 4420 3340 4475 calamitatum
3382 4439 3487 4477 non
3530 4426 3703 4478 solum
3744 4443 3883 4480 cur-

715 4504 1000 4579 Gaugre'n.,
1034 4526 1232 4563 xxxrm
1260 4509 1571 4574 Laodicen.,
1600 4510 1939 4573 ttTrullauat,
1971 4509 2229 4578 prohibita

716 4616 925 4669 quoque
954 4606 1107 4661 sunt;
1140 4600 1232 4650 sed
1259 4608 1310 4650 et
1341 4600 1487 4651 cibus
1518 4600 1730 4659 vetitos,
1754 4600 1949 4667 quibus
1972 4598 2235 4651 abstinent

716 4689 991 4741 mthodoxi
1025 4686 1155 4741 feria
1191 4697 1336 4739 sexta
1362 4688 1616 4752 qualibet,
1645 4698 1695 4740 et
1719 4687 1940 4753 singulis
1968 4686 2231 4749 Sabbalis,

717 4796 778 4830 ac
819 4780 867 4829 in
902 4775 1335 4845 Quadragesima,
1368 4775 1602 4843 plerique
1639 4791 1763 4827 vero
1812 4776 2054 4828 monachi
2100 4792 2235 4843 prae-

718 4867 915 4919 stitntis
946 4865 1131 4918 diebus
1161 4881 1224 4918 ex
1267 4866 1510 4918 instituto
1539 4863 2020 4926 monasteriorum;
2053 4875 2234 4916 notum

719 4958 841 5010 illud
878 4955 1205 5023 proverbium
1244 4974 1255 5006 :
1292 4953 1457 5023 Τυρὸς
1498 4954 1589 5005 καὶ
1630 4953 1786 5021 ἄρτος
1823 4951 1916 5002 καὶ⁸
1941 4948 2097 5013 οἶνος,
2125 4952 2232 5018 βίος

721 5042 1360 5112 μοναχοῷκαϋημερινός.
1400 5042 1465 5095 Ut
1500 5042 1676 5094 nullus
1708 5042 2076 5109 episcoporum
2125 5054 2239 5091 mo-

720 5136 904 5185 nachis
938 5131 1168 5184 volatilia
1202 5132 1476 5184 comedere
1526 5132 1797 5193 concedat,
1846 5132 2083 5183 sancitur
2131 5145 2176 5181 c.
2206 5128 2237 5179 9

720 5222 1055 5273 Additiouum
1094 5221 1155 5273 ad
1188 5204 1429 5286 Capitula
1467 5221 1644 5273 Caroli
1693 5219 1760 5272 ιι.
1812 5221 1862 5271 in
1911 5220 2236 5272 Bibliotheca

721 5309 1075 5371 Cluniacensi,
1104 5310 1189 5360 ubi
1230 5307 1550 5372 Qucrcetan.
1581 5311 1741 5361 multa
1774 5317 1942 5367 notat,
1970 5324 2021 5375 p.
2048 5309 2136 5361 27.
2171 5308 2239 5358 De

722 5396 1071 5464 xcrOpbagiis,
1099 5395 1269 5457 idest,
1324 5394 1590 5446 aridorum
1624 5404 1677 5444 et
1702 5384 2238 5447 siccuruurciborum

722 5503 833 5547 esu,
860 5496 961 5538 etc.
991 5485 1371 5547 Tertullianus,
1393 5485 1487 5536 lib.
1512 5499 1562 5544 v,
1594 5496 1709 5550 cap.
1740 5485 1790 5539 ι,
1817 5486 2065 5534 Adversus
2096 5482 2271 5547 Mur-_

723 5576 879 5636 cium;
918 5573 1068 5625 Philo
1095 5611 1107 5634 ,
1151 5573 1241 5624 lib.
1291 5587 1336 5631 ι,
1375 5572 1440 5622 De
1478 5573 1563 5623 vit.
1605 5571 1954 5635 contemplat.;
1996 5570 2137 5623 Fest.
2189 5573 2237 5621 in

725 5664 864 5715 \ctb.
905 5660 1125 5723 l'anetn;
1175 5660 1473 5714 Cardinalis
1507 5660 1765 5713 Baronius
1812 5658 1873 5712 ad
1905 5673 2100 5712 annum
2151 5661 2234 5713 5i.

2334 4516 2489 4558 vatus
2534 4515 2587 4557 et
2637 4508 2943 4566 inclinatus.
2981 4524 3168 4562 verum
3215 4514 3374 4565 etiam
3407 4514 3661 4576 obrutus,
3712 4524 3885 4583 atque

2333 4608 2621 4661 oppressus
2650 4597 2750 4647 sub
2777 4611 2939 4649 onere
2963 4608 3111 4651 tanto
3135 4598 3388 4653 fatiscens
3415 4602 3583 4669 magis
3613 4617 3677 4653 ac
3702 4605 3883 4672 magis

2335 4680 2647 4735 insénuerit.
2679 4682 2885 4735 Etenim
2917 4685 2960 4737 si
2992 4685 3099 4751 (uti
3126 4687 3706 4756 compulabam)Nilus
3727 4706 3882 4745 anno

2336 4764 2399 4817 C.
2428 4764 2492 4818 N.
2521 4766 2643 4829 560,
2678 4766 3140 4837 Constantinopoli
3166 4771 3315 4836 (quae
3336 4770 3469 4823 δέκα
3496 4772 3657 4835 ἔτεσι,
3690 4775 3740 4827 id
3772 4787 3881 4837 est,

2336 4853 2517 4905 decem
2558 4855 2712 4907 annis
2740 4856 2975 4920 condita,
3024 4856 3264 4909 dedicata
3314 4858 3484 4913 fuerat
3527 4878 3668 4915 anno
3698 4862 3760 4918 C.
3811 4864 3880 4919 Ν.

2336 4942 2467 5004 350,
2517 4958 2546 4995 e
2593 4942 2807 4996 Juliano
2839 4945 3091 5010 Apostata
3118 4944 3347 5011 Caesare,
3393 4960 3533 5006 erat.
3569 4952 3617 5013 ί,
3643 4967 3697 5017 p.
3742 4952 3881 5013 256)

2336 5040 2493 5085 natus
2529 5043 2669 5098 erat;
2702 5047 2843 5084 anno
2871 5030 2930 5083 C.
2964 5030 3027 5085 N.
3062 5033 3183 5096 405,
3217 5037 3497 5103 ριίιιΐρειυε
3526 5039 3705 5090 itidem
3742 5040 3881 5094 Urbi

2338 5122 2576 5175 delectus
2610 5124 2784 5175 aetatis
2812 5121 2901 5182 42,
2944 5136 3038 5175 seu
3067 5123 3154 5187 45,
3202 5126 3479 5178 studuerat
3517 5127 3715 5193 quippe
3746 5130 3887 5183 libe-

2341 5212 2541 5265 ralibus
2569 5210 2881 5278 disciplinis,
2912 5211 2963 5265 in
2984 5213 3115 5266 urbe
3135 5213 3240 5265 (ΣΡ.
3261 5217 3323 5265 ad
3348 5230 3541 5267 annum
3567 5214 3625 5267 C.
3654 5215 3723 5270 N.
3747 5218 3880 5285 585,

2339 5303 2509 5354 aetatis
2537 5301 2642 5365 25;
2688 5301 2914 5353 duxerat
2957 5317 3176 5354 uxorem
3218 5318 3358 5355 anno
3394 5303 3526 5365 390,
3562 5307 3739 5361 aetatis
3769 5310 3879 5373 30;

2340 5389 2619 5455 reliquerat
2661 5391 2883 5456 patriam
2911 5403 2960 5444 et
2994 5392 3191 5455 aulam,
3221 5392 3561 5457 proﬁciscens
3603 5397 3668 5448 ad
3718 5413 3873 5449 mon-

2343 5487 2443 5529 tem
2472 5478 2595 5531 Sina
2625 5494 2764 5531 anno
2797 5479 2918 5533 405.
2956 5481 3211 5533 Prmterea
3251 5481 3468 5538 incursu
3499 5484 3637 5538 laeto
3670 5487 3880 5541 Arabes

2344 5568 2504 5618 liliqu
2550 5583 2701 5620 suum
2756 5568 3085 5622 Theodulum
3137 5572 3501 5635 abduxerunt,
3563 5591 3725 5643 quem
3783 5579 3880 5629 diu

2344 5655 2691 5723 perquisitum
2736 5672 2873 5712 anno
2916 5657 3042 5731 illi,
3082 5674 3175 5714 seu
3217 5660 3334 5727 ill,
3374 5663 3499 5716 dum
3547 5663 3720 5717 artatis
3762 5680 3877 5718 sua
