4122 6338
769 373 899 435 “23
1487 352 1632 436 JCS.
1667 378 1922 435 MARl/E
1959 379 2305 438 SUARESII
2349 379 2574 438 LIBER
2610 378 3222 439 CHRONOLOGICUS
3797 375 3946 439 ἨΞΞ

763 484 873 534 tota
911 480 1242 549 disciplinam
1291 473 1722 536 ecclesiasticam
1770 486 2024 540 continet.
2085 486 2361 547 FloruitA
2388 488 2650 548 eionibus,
2697 497 2750 540 et
2795 487 3241 548 accusationibus,
3282 484 3628 547 invehebatur
3665 489 3946 545 exsultans

766 573 852 624 ille
883 586 1024 624 anno
1055 570 1252 625 Christi
1298 571 1361 624 N.
1407 571 1530 625 855.
1565 572 1636 625 lta
1669 573 1970 640 Capitulare
2007 576 2180 629 Caroli
2226 575 2293 628 Μ.
2399 575 2754 642 potissimum.
2806 573 2873 626 At
2912 571 3061 626 Nilus
3102 574 3237 641 stylo
3275 570 3525 624 utebatur
3555 573 3759 636 aulico,
3789 575 3945 627 ideo-

764 662 1044 715 colleetum
1104 662 1171 714 ab
1209 663 1469 728 Ansegiso
1516 664 1704 715 abbate
1747 654 2062 718 Laubiensis
2103 682 2295 720 mona-
2395 679 2497 730 que
2531 663 2692 716 dictio
2720 661 2821 714 Nili
2845 663 3145 731 castigatior
3167 673 3265 715 est.
3305 661 3656 716 Nihilominus
3690 673 3942 718 sanctum

763 749 911 802 sterii
933 752 1374 804 Cameracensem
1411 753 1545 804 intra
1569 752 1864 814 dioecesim,
1894 755 1943 805 in
1971 770 2075 822 quo
2097 766 2293 808 statuta
2392 751 2647 804 Joannem
2682 751 2918 804 imitatur
2943 753 2992 803 in
3018 751 3297 803 Peristeria
3327 759 3380 801 et
3429 751 3481 802 in
3510 751 3942 806 vitiorunrinse-

763 840 1031 892 variarunt
1063 841 1389 908 synodorum
1440 851 1492 894 et
1533 853 1888 896 convcntuum
1909 882 1923 906 ,
1952 854 2003 898 et
2033 846 2294 897 eonstitu-
2391 844 2648 905 elatione,
2674 843 2916 894 eruditus
2948 841 3113 907 ipsius
3134 839 3326 906 λόγοις,
3361 840 3410 892 id
3435 848 3536 904 est,
3572 843 3938 903 sermonibus,

763 930 930 979 tiones
964 937 1070 979 tam
1111 927 1283 979 Caroli
1336 927 1504 997 Magni
1537 945 1696 998 quam
1727 929 1975 983 Ludovici
2005 930 2294 996 Pii,etLo-
2390 946 2526 999 quos
2576 945 2737 998 penes
2763 944 2820 982 se
2852 917 3500 998 praescriptos'hahebat,
3552 939 3609 982 ut
3664 931 3830 999 liquet
3871 945 3937 982 ex

763 1015 913 1065 tbarii
936 1013 1164 1072 concise,
1187 1003 1472 1082 paucisque
1490 1016 1662 1069 verbis
1685 1015 2072 1082 exprimuntur,
2097 1032 2291 1083 eonge-
2388 1023 2544 1090 epist.
2589 1020 2712 1081 295,
2753 1019 2844 1072 lib.
2899 1035 2956 1075 ιι,
3017 1017 3094 1069 Ad
3119 1016 3440 1069 Zenodorum
3480 1019 3749 1084 det-anum,
3783 1029 3839 1073 et
3871 1035 3938 1072 ex

760 1114 896 1156 stunt
949 1113 1028 1154 est
1075 1103 1125 1154 in
1161 1093 1387 1171 quatuor
1428 1105 1624 1168 libros;
1650 1104 1714 1156 ad
1737 1119 1932 1156 annum
1971 1106 2092 1168 775,
2125 1107 2287 1158 cello-
2386 1112 2540 1175 epist.
2574 1111 2658 1174 l5,
2687 1109 2777 1161 lib.
2808 1124 2888 1170 ιιι,
2917 1107 2986 1158 ad
3012 1106 3241 1158 llierium
3273 1108 3651 1174 presbyterum;
3675 1109 3729 1181 iu
3760 1109 3936 1176 prima

757 1203 911 1244 catur
940 1192 1024 1245 hic
1053 1193 1362 1261 Ausegisns.
1389 1191 1541 1261 Apud
1557 1192 1769 1246 Grazcos
1797 1193 2075 1261 Κεφάλαια.
2107 1209 2286 1248 vocata
2385 1201 2450 1252 de
2482 1200 2679 1252 Christi
2705 1197 2914 1250 Domini
2949 1197 3232 1263 baptismo,
3263 1197 3434 1263 deque
3463 1195 3662 1264 Spiritu
3701 1207 3934 1254 sancto;

758 1282 970 1335 fuerunt
1008 1283 1299 1335 hortatoria
1339 1281 1630 1348 Carpathii,
1684 1297 1788 1335 non
1829 1283 1964 1350 ejus,
2015 1285 2100 1337 cui
2150 1300 2286 1350 prte-
2387 1287 2437 1338 in
2483 1285 2712 1339 secunda
2730 1287 2794 1338 de
2821 1282 3059 1347 Jobo,‘ex
3089 1283 3191 1334 illis
3221 1297 3491 1349 promens,
3517 1283 3645 1351 agit.
3679 1283 3940 1336 Arctissi-

762 1380 951 1418 tmmcn
988 1365 1084 1418 fuit
1107 1365 1293 1430 Philo,
1328 1368 1380 1418 in
1418 1367 1588 1420 insuia
1615 1371 1776 1422 maris
1804 1368 2071 1436 Carpathii
2101 1386 2286 1424 versus
2387 1389 2468 1426 ma
2518 1372 2932 1435 consuetudine,
2971 1370 3227 1422 charitate
3273 1369 3646 1422 ardentissima
3700 1369 3936 1422 devincti

759 1456 1066 1523 Aigyptum,
1103 1457 1240 1509 inter
1271 1456 1504 1520 Cretam,
1535 1457 1884 1527 Rhodumque
1919 1459 2146 1515 ordinati
2171 1461 2284 1529 epi-
2383 1470 2534 1515 erant
2564 1461 2735 1532 sancti
2785 1457 3014 1510 Joannes
3053 1466 3106 1508 et
3140 1455 3323 1519 Nilus;
3365 1458 3505 1509 unde
3540 1455 3690 1509 Nilus
3719 1457 3940 1524 egregie

757 1549 902 1615 scopi
937 1563 966 1600 ει
1006 1558 1189 1602 sancto
1219 1548 1412 1603 Basilio
1439 1552 1504 1603 ad
1537 1565 1664 1604 ann.
1691 1551 1752 1605 C.
1785 1553 1918 1618 574;
1949 1554 2039 1607 sed
2066 1553 2285 1609 Joannis
2385 1559 2559 1602 tuetur
2580 1549 2828 1616 ipsum,et
2852 1545 3109 1597 Joannem
3125 1545 3428 1612 episcopum
3445 1545 3939 1613 Constantinopoli-

757 1638 1403 1714 Carpatltiicujuslcgerat
1422 1639 1574 1695 Nilus
1591 1642 2135 1698 admonacboslndia:
2151 1661 2285 1714 prze-
2383 1651 2561 1697 tonum
2608 1637 2855 1704 θεοφόρον
2897 1633 3080 1702 ἄνδρα.
3136 1649 3294 1701 quem
3329 1633 3622 1686 Soslhenes
3651 1633 3941 1692 Commen-

757 1711 1427 1792 eepta,c’Pbotio,eSexto
1443 1728 1695 1794 Senensi;
1720 1711 2284 1792 S.Maximiconlesso—
2320 1793 2328 1794 ί
2382 1724 2626 1777 tariensis
2659 1723 2904 1790 culpabat
2935 1722 3008 1781 ὼς
3043 1722 3271 1790 ὀργίλον,
3331 1731 3458 1786 εισι,
3499 1732 3557 1775 υῑ
3590 1722 3936 1781 iracundum.

758 1813 832 1863 ris
859 1813 925 1864 ad
947 1828 1035 1865 an.
1059 1814 1186 1876 650;
1209 1814 1366 1867 Marci
1379 1816 1613 1869 eremita:
1626 1793 1769 1869 anno
1789 1818 1909 1880 906,
1937 1829 1988 1872 et
2011 1821 2281 1886 monachi,
2313 1793 2356 1846 Β
2381 1837 2386 1862 <

2313 1793 2356 1846 Β
2381 1813 2536 1880 epist.
2557 1813 2675 1874 509,
2703 1813 2790 1864 lib.
2824 1828 2858 1873 t,
2892 1811 2955 1863 ad
2995 1811 3237 1864 eumdem
3291 1811 3627 1872 Sostbenem,
3659 1820 3941 1878 comparat

705 1925 711 1931 -
757 1900 909 1966 cujus
942 1915 1044 1955 ms.
1070 1901 1202 1953 liber
1236 1902 1543 1956 inscribitur
1580 1904 1804 1957 Multam
1849 1907 2137 1960 desiderato
2174 1893 2283 1976 [ilio
2380 1901 2568 1955 Joanni
2600 1901 2844 1968 Baptistae
2867 1909 3023 1966 atque
3039 1898 3277 1964 Christo;
3303 1907 3361 1951 ut
3393 1899 3486 1952 lib.
3521 1913 3580 1959 tt,
3621 1901 3774 1965 epist.
3806 1897 3937 1961 185,

759 1988 913 2052 Nico,
945 2000 1176 2058 suntque
1203 1992 1388 2059 viginti
1417 1994 1587 2061 capita
1620 1996 1802 2049 eodem
1834 1997 1884 2048 in
1915 2011 2227 2063 argumento
2256 2015 2286 2053 ο
2380 2006 2498 2046 eum
2519 1992 2772 2053 dilaudat,
2810 1989 3270 2043 eteearbunculum
3310 1987 3559 2043 Ecclesia
3591 1988 3660 2040 ob
3678 1987 3940 2056 splendo-

756 2079 916 2147 695
952 2080 1174 2144 Photio;
1201 2081 1452 2135 Diadochi
1487 2084 1721 2152 episcopi
1766 2083 2009 2138 Photices
2043 2086 2094 2138 in
2125 2087 2284 2153 Epiro
2382 2094 2489 2134 rem
2517 2080 2726 2147 pietatis
2748 2080 2812 2130 ad
2833 2077 3102 2130 Valerium
3138 2077 3554 2142 Cubicularium,
3593 2075 3756 2144 696
3795 2084 3934 2139 etc.,

759 2181 935 2224 vetere
967 2171 1102 2225 intra
1124 2171 1390 2242 Illyricum
1416 2175 1694 2240 Κεφάλαια
1729 2183 1963 2239 centum,
1989 2191 2104 2242 qua:
2125 2176 2175 2228 in
2198 2177 2284 2230 Bi.
2381 2169 2556 2221 recitat
2578 2185 2591 2231 ;
2616 2177 2666 2220 et
2685 2168 2775 2221 lib.
2796 2167 3044 2234 ttt,epist.
3066 2167 3181 2231 199,
3206 2167 3449 2219 eumdem
3472 2163 3933 2229 vocatEntheum,

760 2260 1019 2314 bliotheca
1036 2263 1252 2315 Patrum
1279 2273 1510 2326 exstant,
1540 2265 1734 2332 illeque
1777 2264 1957 2318 ﬂoruit
1988 2266 2050 2319 ad
2083 2282 2282 2322 annum
2380 2275 2388 2306 ⁴

2380 2265 2434 2310 et
2474 2271 2567 2310 eos
2611 2256 2699 2324 qui
2735 2258 3031 2324 Augustum
3078 2255 3464 2307 εὐλαϐέστατον
3508 2255 3599 2306 καὶ
3619 2253 3933 2306 ἁπλούστα-

757 2350 888 2412 59ος
919 2350 1095 2403 Basilii
1118 2350 1291 2420 Magni
1321 2351 1584 2417 Ascetica,
1618 2371 1736 2423 qua:
1779 2365 1953 2409 tamen
1987 2357 2285 2410 tribuuntur
2379 2363 2486 2407 τον.
2525 2347 2992 2415 benignissimum.
3018 2345 3930 2412 etsimplicissimum,ulextorrem

757 2439 1045 2491 Eustachio
1067 2439 1360 2494 Sebasteno
1381 2441 1728 2506 Qumstiones,
1760 2460 1948 2512 nempe
1971 2447 2285 2512 compendio

757 2527 1029 2594 explicata:
1056 2547 1068 2580 :
1103 2539 1226 2582 sunt
1259 2532 1396 2582 enim
1428 2530 1479 2582 in
1527 2531 1610 2584 his
1636 2535 1972 2601 expurganda
2011 2535 2283 2600 nonnulla,

759 2634 878 2682 quae
921 2627 1066 2672 notat
1097 2620 1379 2674 cardinalis
1429 2620 1785 2689 Bellarminus
1826 2624 1916 2677 lib.
1969 2623 2044 2677 De
2090 2625 2282 2686 Script.

755 2709 1035 2762 ecclesiast.
1067 2709 1131 2761 ad
1165 2724 1362 2761 annum
1395 2711 1524 2775 570;
1565 2710 1887 2765 Paracnetica
1923 2712 2165 2766 Dorothci
2199 2730 2286 2767 ar-

757 2797 1138 2862 rhimandritte,
1181 2800 1270 2866 qui
1305 2801 1445 2852 eirea
1463 2799 1562 2854 560
1593 2816 1790 2854 annum
1822 2802 1987 2866 vixit;
2025 2801 2287 2856 Theodori

754 2886 986 2954 episcopi
1027 2885 1254 2940 Sabaita:
1278 2889 1342 2940 ad
1371 2903 1566 2941 annum
1597 2889 1698 2942 559.
1721 2907 1736 2955 ;
1761 2889 2024 2945 Theodori
2051 2893 2286 2960 episcopi

756 2972 967 3026 Edessa:
993 2975 1270 3040 Practica;
1311 2975 1458 3030 Isaia:
1495 2977 1723 3042 abbatis,
1749 2978 1968 3048 Agapeti
2013 2981 2077 3032 ad
2118 2979 2286 3032 Justi-

757 3065 973 3114 nianutn
1013 3065 1410 3132 imperatorem,
1453 3065 1623 3121 Patris
1671 3067 1980 3130 Amnmnaz,
2019 3070 2143 3137 Cap.
2189 3071 2278 3134 l7;

755 3151 991 3214 )lacarii,
1019 3168 1110 3206 seu
1145 3153 1324 3220 magni
1351 3154 1682 3222 seniorisque
1718 3155 1783 3206 ad
1813 3169 2010 3207 annum
2042 3156 2174 3219 540;
2207 3157 2280 3208 in-

755 3255 918 3309 super
957 3241 1235 3308 Κεφάλαια
1284 3245 1559 3312 πρακτικὰ
1587 3243 1837 3314 llesychii
1873 3244 2184 3314 presbyteri,
2220 3259 2283 3296 ac

755 3343 934 3397 postea
982 3335 1214 3401 episcopi
1257 3332 1753 3405 llierosolymitani,
1795 3337 1860 3389 ad
1902 3351 2100 3389 artuum
2141 3336 2282 3400 601;

754 3422 1014 3477 l‘hilothei
1077 3425 1322 3478 monachi
1367 3426 1674 3479 monasterii
1717 3426 2008 3496 ὑπερατίας
2027 3429 2281 3480 Θεοτὸκου

753 3514 807 3561 ἐν
833 3511 959 3578 Σινᾷ
987 3510 1079 3562 τοῦ
1133 3512 1291 3578 βάτου
1325 3514 1604 3580 Κεφάλαια
1633 3514 1731 3579 58;
1769 3513 1933 3568 lsaaci
1980 3517 2118 3583 Syri.
2154 3517 2281 3569 Item

751 3618 781 3649 e
819 3599 1077 3666 Capitulis
1103 3599 1322 3654 Joannis
1351 3613 1542 3655 aseeta:
1571 3603 1795 3668 fruetus,
1831 3605 1919 3670 qui
1947 3614 2195 3656 auctores
2227 3606 2278 3656 in

752 3690 1027 3742 eodiribus
1063 3689 1161 3743 Ill}.
1199 3689 1297 3742 BB.
1325 3700 1377 3744 et
1400 3691 1523 3754 250,
1555 3691 1977 3759 eomperiuntur,
2010 3693 2089 3744 vel
2115 3693 2166 3744 in
2194 3692 2279 3745 Bi-

753 3779 1012 3832 bliotheca
1043 3780 1254 3832 Patrum
1285 3781 1485 3842 Grzece,
1515 3780 1823 3848 Latineque,
1846 3798 1948 3848 qua
1971 3785 2169 3835 exarati
2193 3798 2279 3835 ca-

755 3870 910 3927 lamo,
933 3884 1035 3935 qua
1064 3856 1202 3936 typis
1218 3867 1368 3934 editi,
1397 3878 1448 3922 et
1479 3870 1716 3937 Capitula
1748 3871 1845 3922 ista
1869 3869 2043 3924 forsan
2075 3873 2141 3924 ah
2163 3873 2280 3925 aliis

752 3965 999 4022 excerpta
1031 3958 1324 4011 fueruntex
1366 3960 1712 4026 amplioribus
1737 3962 2069 4023 tractatibus,
2107 3962 2279 4012 homi-

754 4046 1230 4109 liis,etscntentiis,
1257 4049 1636 4114 responsisqne
1665 4049 1729 4101 ad
1755 4050 2041 4116 ἐρωτήσεις
2067 4050 2278 4102 Patrum

755 4138 988 4201 illorum,
1051 4139 1127 4206 uti
1163 4139 1402 4206 Capitula
1439 4138 1648 4191 diversa
1690 4139 2017 4192 diversorum
2065 4139 2276 4192 Patrum

754 4227 910 4278 simul
955 4229 1323 4280 consarcinata
1364 4238 1415 4282 et
1463 4238 1808 4290 coacervata,
1861 4245 2086 4296 quorum
2128 4246 2282 4282 exor-

752 4319 895 4368 dium
926 4327 1006 4369 est
1030 4335 1040 4368 :
1066 4314 1253 4368 Beatus
1284 4316 1606 4384 Epiphanius
1647 4321 1813 4383 dixit;
1839 4330 1887 4372 et
1931 4320 1982 4370 in
2019 4319 2150 4373 Vitis
2182 4320 2278 4372 Pa-

2265 3112 2278 3134 ’
2309 3110 2348 3165 C

2383 2435 2579 2489 faceret
2618 2436 2963 2503 impulerunt,
2998 2451 3028 2488 a
3063 2435 3170 2488 Deo
3209 2436 3424 2504 punitos
3450 2450 3514 2488 ex
3554 2452 3742 2507 eorum
3795 2451 3934 2488 cono

2383 2524 2612 2578 fessione
2647 2525 2942 2578 invidentes
2972 2526 3249 2592 episcopos
3276 2535 3460 2579 narrat
3487 2526 3686 2579 Severo
3722 2540 3928 2578 excon-

2383 2614 2505 2669 Suli.
2540 2613 2695 2667 Certe
2720 2623 2964 2666 sanctum
2990 2612 3249 2667 Joannem
3276 2614 3394 2668 Nilo
3418 2630 3545 2669 suas
3573 2616 3732 2668 etiam
3761 2616 3929 2669 visio—

2384 2721 2476 2758 nes
2535 2714 2692 2770 atque
2735 2703 3078 2757 revelationes
3165 2705 3594 2758 communicasse
3643 2705 3810 2772 liquet
3857 2720 3924 2758 ex

2385 2792 2541 2858 epist.
2575 2791 2789 2856 snbseq.
2841 2791 2963 2854 294.
2996 2793 3086 2844 lib.
3125 2808 3198 2852 ιι,
3250 2793 3300 2843 in
3347 2807 3452 2860 qua
3501 2794 3671 2860 ipsum
3717 2806 3931 2860 magna

2387 2880 2690 2950 Byzantina:
2732 2881 3143 2941 illuminatorem
3202 2880 3454 2934 Ecclesia:
3509 2881 3925 2945 admirabitem,

2387 2972 2496 3024 imo
2531 2972 2694 3025 totius
2740 2971 2884 3025 orbis
2919 2952 3178 3032 nominat,
3209 2968 3449 3024 scribens
3479 2972 3540 3024 ad
3573 2972 3924 3026 Anastasium

2387 3062 2691 3129 episcopum
2717 3099 2732 3122 ,
2769 3061 2973 3113 scilicet
3017 3071 3252 3128 tempore
3293 3061 3620 3114 sacrosancti
3669 3061 3925 3115 sacriﬁcii

2385 3152 2449 3204 ab
2482 3152 2667 3203 eodem
2702 3159 2888 3205 sancto
2931 3138 3134 3203 Joanne
3163 3150 3307 3204 visos
3336 3152 3554 3219 angelos
3585 3150 3752 3204 altare
3779 3165 3924 3219 _cum

2385 3240 2725 3292 veneratione
2777 3240 3171 3292 circumeuntes
3217 3239 3269 3292 in
3299 3241 3461 3294 domo
3511 3239 3740 3304 Domini,
3793 3255 3927 3293 cum

2382 3328 2634 3396 inciperet
2658 3328 3002 3386 oblationem,
3024 3344 3192 3395 usque
3215 3330 3280 3382 ad
3309 3330 3542 3398 mysterii
3569 3344 3927 3383 consumma-

2382 3420 2600 3484 tionem,
2633 3419 2696 3472 de
2730 3433 2833 3488 qua
2864 3419 3081 3486 epistola
3103 3434 3260 3486 supra
3295 3419 3616 3470 mihisermo
3650 3417 3768 3480 fuit,
3797 3433 3924 3486 pag.

2380 3508 2504 3568 655,
2535 3518 2588 3561 et
2621 3509 2708 3560 ubi
2752 3523 3030 3576 operarum
3078 3509 3272 3561 mendo
3303 3508 3422 3570 39.3,
3471 3516 3778 3560 numeratur
3805 3523 3819 3570 ;
3850 3509 3927 3560 ibi

2381 3597 2675 3663 διορατικὸς
2705 3596 2979 3664 ὑπάρχων,
3008 3613 3109 3649 non
3133 3599 3475 3666 exponendus
3497 3609 3631 3662 erat,
3661 3614 3775 3649 cum
3809 3600 3926 3649 acie

2380 3687 2644 3737 oculorum
2703 3686 2924 3748 valeret;
2977 3687 3065 3738 sed
3131 3688 3304 3752 potius
3349 3704 3462 3738 cum
3518 3688 3566 3738 in
3607 3689 3716 3739 visu
3764 3688 3926 3754 foret,

2379 3777 2488 3830 sive
2513 3779 2804 3839 horamate,
2827 3777 2892 3829 de
2918 3791 3022 3842 quo
3046 3777 3224 3826 Actor.
3249 3790 3363 3840 cap.
3395 3791 3500 3838 xiv,
3521 3791 3568 3825 v.
3592 3775 3644 3836 4,
3672 3787 3784 3826 etc.
3811 3793 3921 3835 ut,

2378 3885 2427 3922 v.
2465 3871 2517 3931 9,
2549 3870 2942 3922 eruditissimus
2991 3867 3296 3920 llolstenius
3341 3867 3392 3918 in
3420 3864 3568 3918 Notis
3604 3866 3667 3917 ad
3709 3869 3924 3932 passio-

2379 3974 2497 4010 nem
2536 3957 2634 4010 SS.
2668 3958 2936 4024 Perpetua:
2970 3970 3022 4011 et
3058 3958 3343 4011 Felicitatis
3367 3973 3429 4009 ex
3460 3957 3684 4010 Alcuino
3723 3969 3775 4008 et
3820 3960 3930 4010 Ad-

2381 4048 2596 4110 helmo,
2635 4064 2685 4114 p.
2736 4047 2854 4112 132,
2901 4048 3098 4115 ὅραμα,
3159 4047 3366 4113 Θέαμα,
3416 4048 3658 4111 ὅπτασις,
3707 4049 3924 4114 ὅρασις.

2380 4137 2513 4202 εἶδος
2549 4140 2863 4205 φαντασίας,
2910 4141 3027 4192 Θέα.
3069 4140 3293 4207 Hesyeh.
3339 4139 3669 4207 δεορατικός,
3716 4142 3927 4205 perspi-

2383 4247 2496 4293 cax,
2528 4230 2869 4291 Datnasccno,
2901 4238 2952 4282 et
2991 4229 3288 4281 Alexandro
3327 4227 3690 4294 Aphrmlismo,
3721 4229 3927 4281 inscri—

2384 4322 2588 4387 ptiones
2625 4323 2978 4383 li0tnan:e,cx
3022 4320 3133 4372 viso
3166 4329 3216 4371 et
3259 4319 3392 4371 visu.
3431 4318 3575 4370 Nilus
3614 4318 3830 4384 quidem
3869 4318 3924 4370 in

756 4416 892 4460 trum
927 4407 1120 4459 similia
1152 4407 1515 4468 inveniuntur,
1546 4416 1596 4458 et
1612 4408 1959 4473 plurimorum
1996 4410 2271 4476 Synopsim
2310 4413 2347 4462 D
2378 4411 2653 4477 prteceptis
2683 4410 3037 4462 exundantem
3082 4409 3355 4462 coercebat
3403 4411 3786 4475 eloquentiam.
3830 4423 3928 4459 ea-

757 4494 907 4545 vertit
935 4510 963 4546 c
992 4491 1174 4546 Graeco
1208 4495 1260 4546 in
1309 4491 1553 4546 Latinum
1579 4494 1630 4546 in
1669 4493 1784 4547 Vita
1813 4493 1986 4547 Basilii
2019 4498 2277 4560 monachi,

752 4589 804 4632 et
834 4578 1064 4648 praefecti
1102 4581 1264 4634 laura:
1299 4581 1530 4643 Maleini,
1570 4582 1902 4642 aseetieaque
1925 4582 2282 4650 Deseriptinne

752 4667 981 4722 Jaeohus
1013 4667 1282 4721 Pontanus
1308 4668 1588 4724 Soeietatis
1614 4670 1759 4724 Jesu.
1787 4670 1908 4723 Vide
1937 4671 2278 4724 Sit-mundum

756 4759 805 4806 in
829 4751 975 4808 Notis
997 4756 1060 4807 ad
1092 4753 1516 4816 Theodnlplmm,
1551 4772 1667 4822 pag.
1709 4757 1829 4810 9.74.
1860 4756 2109 4811 Versarat
2136 4759 2280 4811 diur-

757 4854 821 4891 na
851 4849 1211 4907 nocturnaque
1256 4856 1414 4892 manu
1466 4842 1636 4903 Nilus,
1680 4851 1731 4895 et
1771 4845 2016 4894 diuturna
2061 4846 2281 4899 lectione

757 4928 973 4978 triverat
1014 4927 1179 4980 libros
1204 4945 1405 4993 saeros,
1451 4930 1580 4983 adeo
1612 4939 1667 4983 ut
1693 4931 1810 4984 illos
1843 4932 2113 4983 itnbihisse
2139 4933 2278 4984 vide-

755 5016 1076 5079 retur,lot'os
1103 5033 1286 5068 eorum
1311 5021 1437 5072 scite
1461 5033 1616 5086 atque
1639 5022 1875 5087 apposite
1892 5021 2204 5088 applieabat,
2233 5032 2283 5073 et

752 5106 1049 5170 evponebat
1078 5093 1532 5175 concionc,sequc
1566 5113 1614 5160 in
1651 5110 1731 5162 his
1766 5109 2280 5169 exercitatissimum,

753 5204 805 5244 et
842 5211 1147 5260 germanum
1197 5199 1361 5248 sancti
1393 5197 1613 5252 Joannis
1655 5201 2014 5268 Chrysostomi
2046 5206 2281 5273 discipu-

758 5283 862 5334 lutn
899 5286 1212 5344 exhibebat;
1249 5288 1337 5338 sed
1390 5294 1633 5354 qnatnvis
1683 5306 1858 5345 sumat
1900 5310 1994 5360 pro
2047 5307 2283 5362 tempore

757 5373 833 5424 vel
866 5376 1079 5425 ntatetia
1100 5376 1247 5429 Nilus
1278 5379 1516 5431 diversos
1536 5381 1846 5447 eloquentia:
1880 5386 2074 5446 vultus,
2108 5394 2280 5438 tamen

759 5465 926 5531 ipsius
955 5466 1183 5530 rn'essior
1218 5478 1294 5518 est
1324 5484 1479 5533 quant
1511 5469 1677 5519 sancti
1710 5468 1927 5522 Joannis
1960 5473 2144 5541 stylus.
2179 5474 2281 5524 llo-

757 5565 868 5605 ctor
919 5558 1110 5609 etenim
1154 5559 1238 5608 ille
1279 5541 1493 5610 sanctus
1537 5559 1824 5611 Antiochia:
1854 5571 2008 5614 natus
2051 5563 2282 5616 Asiatica

759 5656 962 5698 tumens
990 5648 1251 5710 laeumlia,
1290 5665 1332 5701 ei
1377 5662 1618 5705 assuetus
1650 5652 1841 5705 forensi
1879 5655 2040 5720 copiae
2073 5655 2121 5705 in
2155 5669 2281 5707 eon-

2381 4513 2483 4563 quc
2532 4499 2878 4551 contrahebat
2918 4498 2969 4550 in
3008 4496 3273 4565 Capitula,
3306 4497 3445 4552 unde
3475 4511 3665 4547 nomen
3697 4496 3925 4546 sortitus

2381 4597 2479 4648 est,
2518 4586 2920 4652 Κεφπλαιώτου,
2957 4587 3146 4653 stylutu
3167 4601 3434 4652 usurpans
3465 4586 3701 4643 brevem,
3729 4597 3793 4634 ac
3819 4584 3926 4634 int-

2381 4677 2709 4745 perativum,
2762 4675 3055 4743 Epictetum
3103 4677 3259 4728 etiam
3313 4674 3606 4731 adhibens,
3662 4688 3827 4740 quem
3874 4685 3927 4726 et

2379 4768 2694 4819 Christianae
2735 4766 2932 4834 aptavit
2995 4764 3382 4832 philosophiae,
3445 4764 3925 4830 austeritatemque

2381 4852 2678 4903 Stoicorum
2705 4851 2972 4904 duriorem
2999 4849 3272 4902 emollivit.
3309 4847 3364 4899 ln
3395 4849 3694 4916 Διηγήματι
3741 4860 3922 4901 autem

2384 4943 2579 4993 laxavit
2614 4939 2758 4992 [rc-na
2799 4939 3106 5000 elocutioni,
3163 4936 3400 4989 serviens
3434 4936 3642 4988 alTectui
3693 4952 3817 4999 suo,
3859 4940 3923 4987 ab

2381 5045 2548 5097 eoque
2598 5039 2800 5096 raptus,
2839 5037 2997 5093 utque
3031 5025 3255 5093 legimus
3286 5028 3338 5078 in
3372 5025 3569 5078 Mena-0
3609 5025 3748 5092 prid.
3803 5025 3923 5078 ldus

2380 5118 2632 5170 Novemb.
2661 5137 2672 5169 :
2714 5117 3033 5184 ἘΟρήνησεν
3059 5115 3171 5166 υἱὸν
3201 5114 3361 5167 αὑτοῦ
3389 5114 3724 5182 αἰχμάλωτον
3766 5115 3924 5166 πλέον

2379 5212 2470 5260 τοῦ
2513 5209 2856 5276 καθήκοντος,
2888 5205 3060 5268 καθὼς
3091 5209 3145 5257 ἐν
3189 5206 3264 5274 τῷ
3302 5204 3430 5274 παρ’
3459 5203 3619 5256 αὐτοῦ
3648 5206 3927 5257 συντεθένο

2384 5318 2430 5350 τι
2459 5299 2742 5365 γράμματι
2777 5297 3064 5363 ἐμφέρεται
3091 5311 3102 5323 ·
3138 5297 3184 5345 i.l
3231 5302 3330 5357 est,
3368 5291 3528 5344 Luait
3557 5292 3723 5360 filiam
3769 5309 3922 5344 suum

2383 5391 2660 5453 cap/Erum,
2685 5387 2952 5453 plusquam
2983 5388 3241 5446 decuerat,
3269 5383 3699 5450 quemadmodum
3717 5399 3742 5434 ε
3764 5382 3921 5443 libro,

2369 5494 2528 5543 'quem
2568 5481 2625 5530 (le
2655 5480 2743 5531 illo
2776 5479 3078 5543 composuit,
3109 5476 3338 5542 θίγω-[ριν.
3375 5485 3420 5526 ει
3451 5475 3669 5538 ﬂoribus
3699 5474 3921 5524 rhetori-

2384 5569 2454 5617 ris
2482 5569 2783 5633 parpuratvit
2822 5569 3028 5633 phrases
3060 5581 3199 5615 suas.
3231 5562 3302 5614 lta
3340 5563 3388 5614 in
3420 5560 3534 5613 Johi
3557 5561 3688 5629 justi
3739 5561 3919 5612 verbis

2385 5655 2532 5706 multi
2562 5671 2619 5706 ea
2649 5671 2748 5706 non
2774 5655 3086 5720 lltlt'lligttttl,
3113 5661 3158 5702 et
3182 5650 3419 5718 qua-dant
3449 5649 3514 5699 ibi
3540 5645 3917 5712 sieaccipiunt,
