4122 6338
232 303 374 370 1425

1506 310 1602 369 DE
1642 310 1804 369 VITA
1857 310 1916 369 S.
1974 309 2157 369 NILI.

3264 287 3393 349 11.26

225 417 383 483 quasi
417 415 617 485 aliquid
664 402 859 471 durum
904 418 1099 472 dixerit
1141 418 1248 473 Job
1289 418 1341 471 in
1385 419 1586 479 Deum,
1636 432 1771 486 quos
1800 421 1845 476 Α
1873 418 2027 471 mista
2059 432 2199 469 vero.
2224 423 2368 479 sunt,
2422 422 2475 465 ct
2515 405 2896 486 paraphrasim
2931 401 3098 454 solam
3153 397 3392 465 sapiunt;

226 506 431 560 refutat
462 517 681 561 sanctus
715 510 1045 577 Augustinus
1086 510 1138 562 iu
1170 509 1514 562 Enarratione
1558 506 1761 560 Psalmi

225 609 348 655 cur,
402 613 453 664 p.
481 596 623 651 459:
654 599 969 666 eloquentize
1002 614 1219 666 quoque
1258 600 1366 652 vim
1418 597 1668 666 expandit
1716 595 1768 648 in

228 684 564 755 Panegyrico
588 688 794 740 Albiani
823 688 1040 751 Galatae,
1075 689 1368 756 nutritique
1388 689 1633 757 Ancyrae,
1660 685 1771 739 for-

229 776 397 835 mosi,
430 782 482 826 et
507 776 683 828 casti:
723 792 844 829 cum
885 778 948 829 ad
985 792 1135 829 sacra
1180 776 1470 829 ministeria
1497 783 1774 827 vocaretur

231 865 346 924 ille,
383 866 434 916 in
460 879 694 917 ercmum
731 867 794 919 ad
836 880 1065 921 montem
1101 867 1370 934 confugit;
1408 866 1507 919 sub
1554 865 1776 918 Leontio

232 952 567 1020 presbytero,
608 963 720 1006 tum
757 956 1026 1022 episcopo,
1062 956 1311 1009 lustravit
1337 955 1621 1009 saeraloca
1652 953 1773 1007 Ilie-

235 1043 549 1110 rosolymis,
593 1044 798 1111 jejunio
841 1047 1084 1109 vaca'vit,.
1113 1054 1166 1099 et
1201 1045 1587 1113 praedicationi,
1626 1057 1778 1095 num-

232 1144 389 1181 mum
440 1128 671 1184 Caesaris
717 1146 823 1185 non
870 1142 1023 1185 uorat
1074 1141 1127 1185 et
1172 1133 1224 1185 in
1270 1132 1455 1184 Nitriae
1488 1130 1777 1185 solitudine

236 1220 569 1273 obdormivit
594 1222 646 1274 in
687 1222 930 1277 Domino.
962 1223 1107 1276 Ilauc
1138 1224 1190 1275 in
1228 1236 1421 1291 genere
1446 1223 1778 1276 demonstra-

238 1309 354 1358 tivo
392 1308 748 1362 laudationem
793 1292 1194 1364 nu‘ntcrisNilus
1243 1312 1491 1366 omnibus
1552 1310 1781 1364 absolvit

235 1396 660 1462 elegantissime,
690 1412 849 1464 quam
892 1398 952 1449 lt.
1004 1398 1065 1451 P.
1105 1398 1358 1451 Pessinus
1396 1398 1579 1452 Latine
1624 1398 1781 1450 vertit

236 1490 299 1533 et
325 1483 509 1535 edidit.
534 1484 775 1537 Sanctus
799 1484 1087 1547 Gregorius
1115 1484 1482 1539 Nazianzenus
1508 1487 1781 1539 characte-

242 1582 358 1618 rem
409 1566 713 1623 Polemonis
760 1571 1013 1637 sophistae
1058 1572 1205 1625 visus
1248 1583 1327 1625 est
1362 1587 1666 1639 usurpasse,
1705 1571 1779 1622 uti

242 1664 469 1710 sanctus
513 1656 907 1727 Hierooytnus,’
948 1670 1001 1712 et
1052 1661 1403 1728 Sophronius,
1449 1662 1540 1713 lib.
1592 1660 1661 1712 De
1682 1662 1774 1711 vir.

244 1742 415 1795 illast.
466 1744 912 1805 animadvertunt,
964 1746 1087 1799 licet
1138 1747 1470 1814 ististylum
1536 1745 1781 1799 Isocratis

244 1844 313 1881 ac
349 1830 583 1898 ήδύτητα
630 1830 886 1900 Erasmus
932 1833 1019 1886 ille
1062 1843 1343 1900 suspectus
1374 1835 1608 1896 .eriticus
1633 1834 1783 1885 aliin-

246 1927 355 1985 gat,
387 1918 615 1971 Basilius
659 1920 907 1985 exprimit
936 1920 1361 1983 Demosthenem,
1394 1900 1523 1973 .sive
1576 1919 1785 1989 Thucy-

247 2004 467 2068 didem,
514 2014 569 2058 et
621 2006 736 2057 alii’
764 2006 946 2061 Patres
989 2007 1180 2061 imitati
1237 2015 1361 2061 sunt
1407 2007 1540 2059 alios
1586 2007 1785 2073 priores

248 2103 512 2158 oratores,
559 2094 638 2146 vel
678 2094 987 2150 historicos.
1046 2094 1272 2149 Flaccus
1308 2095 1529 2149 Albinus
1567 2095 1649 2148 vel
1700 2094 1787 2145 ΑΙ·
1812 2124 1833 2137 ο

251 2182 447 2247 cuinus
496 2181 691 2246 abbas,
726 2182 901 2235 Caroli
951 2184 1018 2236 Al.
1070 2180 1395 2250 deliciosus,
1430 2182 1483 2236 id
1528 2194 1609 2237 est
1659 2184 1790 2237 dile-

252 2278 395 2333 ctus,
436 2280 505 2335 et,
540 2280 600 2324 ut
626 2272 811 2325 volunt
856 2272 1038 2340 aliqui,
1085 2271 1460 2329 auricularius.
1489 2271 1541 2324 id
1591 2278 1692 2334 est,
1722 2272 1790 2323 ab

251 2360 412 2428 697
435 2361 649 2415 areanis
672 2361 1111 2425 confessionibus,
1133 2362 1343 2430 reliquit
1364 2362 1498 2414 inter
1518 2375 1673 2427 opera
1696 2375 1789 2414 sua

256 2449 437 2500 Caroli
455 2447 628 2518 Magni
649 2464 983 2517 responsum,
1010 2450 1183 2518 inquo
1208 2464 1360 2504 sensa
1379 2449 1461 2502 ille
1478 2465 1570 2503 sua
1592 2448 1789 2516 patefa~

254 2536 329 2588 cit
361 2553 607 2591 sermone
634 2541 918 2603 comatico,
941 2540 1054 2591 sive
1073 2538 1421 2607 χρωματικῷ,
1452 2539 1500 2590 id
1531 2549 1631 2601 est,
1658 2538 1791 2604 ligu-

255 2632 395 2687 rato,
423 2624 532 2676 sive
559 2622 890 2692 κοσμητικῷ,
911 2623 961 2675 id
1002 2630 1102 2685 est,
1138 2625 1412 2682 adornata.
1453 2632 1568 2690 post
1595 2624 1685 2675 lib.
1716 2623 1793 2676 De

255 2712 417 2762 divin.
447 2712 603 2778 Ofﬁc.
636 2728 687 2777 p.
718 2712 806 2765 84.
846 2711 901 2764 lu
940 2710 1299 2765 Concionibus
1317 2711 1577 2785 ejusmodi
1616 2721 1697 2764 est
1730 2725 1792 2763 ea

257 2800 323 2851 de
346 2799 534 2866 gladiis
554 2799 781 2861 duobus,
809 2815 968 2866 quam
1021 2799 1201 2852 Grtcce
1237 2797 1529 2866 Latineque
1570 2798 1789 2867 praebui,

254 2896 310 2939 et
333 2887 434 2939 illa:
466 2887 583 2939 duae
619 2887 685 2940 de
717 2887 995 2947 Paschate,
1027 2888 1107 2939 vel
1144 2887 1548 2940 Resurrectione
1572 2886 1790 2950 Christi,

256 2988 484 3041 quarum
511 2971 829 3040 Epitomem,
864 2972 944 3024 vel
973 2972 1260 3039 fragmenta
1301 2972 1523 3024 inseruit
1550 2984 1647 3023 suo
1675 2972 1791 3022 Mu-

260 3062 514 3132 ριοόίϐλῳ
537 3060 780 3121 Photius,
808 3062 923 3113 cod.
952 3062 1074 3124 276,
1098 3076 1125 3113 a
1149 3063 1383 3113 selectas
1415 3075 1505 3111 eas
1520 3059 1789 3123 referens;

258 3166 523 3218 purpuras
539 3150 733 3218 eloquii
755 3152 835 3203 sui
858 3151 1108 3216 explicuit
1138 3150 1385 3203 resolutis
1406 3159 1623 3218 turgens
1638 3147 1793 3216 νιφά-

255 3242 426 3299 δεσσι,
466 3240 834 3307 ellerbuitque,
887 3242 959 3292 uti
1000 3240 1258 3293 Pindarus
1302 3240 1436 3307 apud
1487 3239 1793 3303 Horatium,

258 3326 526 3394 profundo
572 3328 866 3380 immensus
903 3342 1016 3379 ore.
1061 3328 1321 3380 Dicuntur
1348 3336 1549 3381 etesse
1590 3333 1698 3379 tres
1730 3326 1795 3379 de

257 3416 500 3469 Ascensu
539 3415 749 3468 Domini
779 3419 1036 3469 hactenus
1066 3414 1293 3472 inediae.
1319 3429 1347 3465 a
1382 3423 1565 3467 sancto
1594 3410 1795 3465 Joanne

260 3504 590 3557 Damasceuo
618 3505 670 3555 in
695 3504 926 3570 Eclogis,
964 3519 1055 3555 seu
1085 3501 1357 3554 Parallelis
1384 3501 1629 3553 indicata:
1656 3499 1796 3567 apud

259 3596 469 3647 Sixtum
512 3595 823 3658 Senensem,
852 3604 903 3647 et
939 3609 966 3645 a
1004 3593 1191 3646 Photio
1222 3594 1415 3647 ibidem
1445 3593 1623 3646 relatae
1648 3607 1791 3646 com-

261 3682 545 3747 pendiose;
585 3689 666 3734 est
706 3689 759 3733 et
818 3680 985 3746 Λόγος
1030 3682 1108 3742 εἰς
1149 3682 1245 3749 τὴν
1297 3680 1655 3750 προσκύνησιν
1697 3680 1795 3746 τῆς

164 3764 168 3766 Ἴ
258 3768 420 3834 ἁγίας
457 3768 693 3829 ἁλύσεως
716 3768 809 3820 τοῦ
864 3769 1017 3835 ἁγίου
1065 3770 1157 3820 καὶ
1183 3768 1485 3834 κορυφαίου.
1527 3766 1633 3817 τῶν
1662 3767 1794 3816 ἁπο-

260 3860 461 3911 στό).ων
500 3860 728 3926 Πέτρου,
781 3873 873 3911 seu
913 3859 1223 3923 ὑπόμνημα.
1252 3855 1475 3921 Incipit:
1501 3855 1669 3905 Ὅσοι
1717 3853 1795 3916 τῷ

257 3949 366 4000 τοῦ
396 3947 716 4012 κορυφαίου
751 3944 868 4008 τῶν
892 3944 1241 3996 ἀποστόλων
1273 3942 1405 4006 θείῳ
1432 3942 1596 4008 ἔρωτι
1631 3940 1793 4009 γενό-

253 4052 424 4102 μενοι
451 4034 685 4100 κάτοχοι
728 4032 918 4091 blS._in
944 4031 1041 4084 BB.
1064 4030 1162 4084 BR.
1192 4046 1243 4098 p.
1275 4031 1366 4083 151
1394 4030 1569 4084 eCod.
1597 4028 1791 4092 Ὤιιίοη

262 4126 399 4179 i790
437 4139 467 4177 e
490 4124 750 4187 Lolliana,
783 4123 943 4176 etiam
971 4130 1087 4189 post
1118 4119 1216 4173 Nili
1247 4120 1311 4173 de
1340 4120 1481 4172 caede
1502 4119 1794 4174 monacho—

262 4227 381 4264 rum
406 4212 579 4265 instar'
599 4209 928 4271 Lectionum,
969 4223 1059 4260 seu
1108 4220 1434 4260 sermonum.
1474 4205 1791 4273 lnscriptum

1870 520 1989 572 qua:
2008 518 2133 557 vero
2160 502 2508 556 meditabatur
2545 497 2599 548 in
2618 481 2931 548 Psalterium
2957 487 3136 541 nescio
3174 502 3238 542 an
3277 501 3389 552 pcr—

1830 650 1832 652 τ
1871 592 2075 650 fecerit.
2104 600 2155 645 et
2182 606 2364 643 eorum
2386 586 2584 653 aliquid
2615 582 2844 649 supersit
2885 580 2938 631 in
2978 592 3104 629 mss.
3146 575 3255 641 jam
3290 574 3398 624 lau—

1873 682 2012 735 datis
2045 679 2147 733 BB.
2172 678 2271 730 BB.
2305 676 2565 745 praecipue
2594 673 2660 723 72
2684 671 2883 730 codice,
2912 668 2997 717 ubi
3021 664 3167 715 Νειλ.
3200 673 3276 715 ρει
3306 661 3399 712 ad-

1875 776 2110 820 notatum
2136 766 2449 821 Vocabulum
2475 779 2489 826 ;
2525 761 2578 813 iu
2605 759 2707 811 Joh
2740 758 2917 810 etiam.
2944 752 3140 815 Ingenii
3187 755 3399 817 quidem

1884 873 2013 910 vena
2038 869 2142 909 non
2182 869 2389 921 semper
2418 853 2481 904 ad
2521 859 2701 901 votum
2730 844 3033 913 respondet,
3080 854 3248 907 neque
3288 838 3391 889 fru-

1879 955 1988 999 stra
2011 945 2224 1013 quidam
2256 942 2561 1011 praedicant,
2591 938 2735 989 claro
2754 935 2838 987 die
2868 934 3068 993 nitere;
3107 929 3302 996 pluvio,
3343 942 3404 977 ac

1878 1034 2124 1088 snhstillo
2154 1032 2284 1085 illud
2309 1029 2629 1083 ﬂaccescerc.
2662 1023 2889 1075 llahitns
2933 1019 3170 1085 corporis
3204 1014 3406 1068 confert

1876 1126 1940 1175 ad
1974 1123 2388 1179 lucubrationes,
2412 1117 2550 1170 sicut
2581 1121 2634 1169 et
2660 1112 2821 1165 animi
2848 1130 2860 1161 :
2896 1117 3155 1176 mgrotans
3191 1118 3403 1169 corpus,

1876 1228 2015 1280 {eger
2045 1208 2415 1264 auimusnihil
2433 1220 2624 1260 sanum
2656 1202 2904 1271 pariunt;
2937 1194 3250 1265 proveniunt
3272 1192 3406 1243 fetus

1882 1301 2079 1354 mentis
2116 1300 2466 1368 pulchriores,
2507 1295 2597 1363 qui
2650 1293 2982 1345 deducuntur
3011 1296 3061 1340 ct
3096 1293 3407 1354 promuntur

1881 1405 1944 1443 ex
1978 1389 2062 1441 illa
2098 1403 2304 1450 serena,
2329 1386 2435 1438 imo
2472 1388 2785 1452 quteruntur
2815 1378 2880 1431 ad
2914 1391 3005 1430 eos
3035 1373 3431 1443 parturiendos-

1878 1479 1985 1532 otia
2010 1487 2062 1530 ct
2092 1491 2352 1531 secessus.
2382 1474 2510 1528 Ilor.
2544 1491 2559 1525 :

2017 1590 2245 1644 Boeotum
2273 1590 2328 1641 in
2354 1603 2529 1640 crasso
2544 1585 2751 1652 jurares
2780 1596 2895 1634 aere
2922 1589 3119 1632 natum.

1813 1734 1854 1791 Β
1878 1723 2086 1777 (Icelum
2131 1720 2497 1784 mitissimum,
2524 1717 2747 1785 ejusque
2793 1710 3091 1771 clementia,
3131 1717 3181 1760 ct
3215 1716 3411 1771 tempe-

1884 1812 1987 1865 ries
2036 1812 2321 1880 plurimum
2375 1809 2513 1860 valet
2563 1806 2626 1858 ad
2686 1812 2931 1857 ornatum
2983 1799 3134 1867 styli,
3183 1804 3234 1849 et
3282 1808 3413 1861 qua-

1883 1899 1948 1961 si,
1979 1909 2034 1951 ut
2056 1899 2124 1950 ita
2148 1898 2370 1965 loquar,
2389 1895 2452 1948 ad
2473 1892 2720 1947 dictionis
2747 1890 3029 1958 ήδύχρουν,
3050 1886 3099 1939 id
3130 1882 3412 1947 est,hedy-

1886 1988 2097 2047 chrum,
2124 1992 2205 2039 est
2234 1983 2358 2037 illud
2387 1990 2736 2049 unguentum,
2758 1976 2896 2046 quod
2927 1975 3113 2027 illitum
3147 1970 3295 2024 faciei
3326 1984 3414 2023 so-

1884 2075 1954 2127 let
1986 2074 2241 2125 inducere
2279 2069 2595 2124 suavitatem
2619 2065 2819 2129 odoris,
2872 2074 2925 2117 et
2962 2060 3227 2123 laevitatis,
3260 2058 3410 2111 Cice—

1887 2176 2016 2215 rone
2044 2169 2210 2221 teste,
2244 2159 2336 2212 lib.
2384 2175 2444 2213 ut
2474 2155 2762 2211 Tusculan.
2803 2167 2852 2207 c.
2882 2151 2969 2205 46.
3021 2150 3199 2216 Itaque
3235 2145 3413 2198 varius

1885 2260 1967 2307 est
1993 2252 2081 2306 ille
2126 2251 2176 2304 in
2208 2249 2323 2317 ejus
2349 2247 2600 2320 Epistolis
2627 2260 2725 2315 pro
2766 2245 3003 2299 locorum
3029 2280 3044 2305 ,
3074 2236 3413 2299 valetudinis,

1888 2355 2127 2405 casuum,
2163 2348 2216 2393 ct
2240 2322 2539 2407 temporum
2568 2335 2882 2399 diﬂ‘erentia,
2921 2340 2974 2386 et
3003 2329 3138 2383 forte
3165 2342 3416 2381 nonnun-

1887 2447 2069 2499 quam,
2100 2432 2176 2484 uti
2196 2429 2443 2492 Roscius,
2472 2428 2686 2481 erudior
2731 2426 2848 2479 fuit.
2877 2424 2986 2478 Cie.
3020 2422 3110 2474 lib.
3174 2417 3248 2471 De
3280 2426 3413 2469 orat.

1889 2536 2007 2590 cap.
2064 2521 2183 2573 124.
2235 2519 2514 2573 Liberatus
2561 2517 2722 2585 igitur
2760 2513 3051 2581 agitatione
3100 2509 3332 2585 mentis,
3368 2514 3418 2557 ct

1889 2608 2052 2661 animi
2090 2606 2341 2666 motibus,
2374 2615 2532 2672 atque
2561 2602 2872 2670 passionum
2892 2599 3128 2661 testibus,
3160 2604 3213 2647 et
3241 2593 3416 2646 ﬂucti-

1890 2697 1991 2750 bus
2015 2695 2236 2749 undosis
2260 2694 2423 2764 698
2447 2694 2722 2761 expeditus
2753 2689 2925 2753 Nilus,
2965 2693 3291 2754 tempestate,
3315 2698 3416 2750 qua

1885 2785 2116 2853 jactatus
2148 2783 2337 2848 fuerat,
2368 2783 2572 2846 sedata,
2605 2786 2918 2848 recuperato
2958 2792 3077 2831 cum
3111 2773 3417 2827 lilio’l‘hcn-

1891 2874 2039 2938 dulo,
2073 2889 2130 2927 se
2168 2872 2366 2940 recepit
2411 2862 2468 2924 in
2506 2876 2721 2940 portum
2772 2866 2993 2937 quietis,
3047 2866 3099 2917 in
3150 2861 3417 2914 alcedonia

1864 2977 2010 3027 sua,
2055 2962 2143 3016 ubi
2168 2961 2390 3029 adeptus
2436 2958 2715 3028 εὐθυμίαν,
2760 2971 2853 3010 seu
2902 2951 3349 3021 tranquillitatem,
3392 2964 3422 2999 c

1817 3025 1859 3081 θ
1894 3025 2094 3105 Seneca
2126 3066 2174 3105 c.
2216 3025 2284 3115 2,-
2305 3050 2370 3104 ad
2422 3025 2699 3107 Severum.
2749 3047 2820 3099 De
2860 3046 2979 3097 vita
3027 3038 3419 3109 tranquillitate,

1893 3156 1991 3195 nec
2022 3144 2185 3206 enim,
2220 3140 2409 3195 scribit
2447 3138 2662 3192 moralis
2682 3137 2770 3190 ille
2811 3131 3177 3204 philosophus,
3228 3128 3420 3197 imitari

1892 3243 1946 3288 et
1975 3232 2260 3287 transferre
2288 3230 2447 3284 verba
2472 3228 2539 3283 ad
2560 3241 2744 3281 eorum
2774 3226 3002 3278 formam
3024 3233 3297 3275 necessum
3322 3226 3421 3278 est,

1893 3322 2037 3389 quod
2074 3318 2443 3389 appellationis
2476 3316 2657 3371 Graece
2697 3312 3034 3387 vimbaberc
3076 3309 3249 3368 debet,
3286 3306 3422 3357 sicut

1891 3410 2001 3472 alii,
2030 3409 2119 3478 qui
2142 3407 2481 3475 tranquillum
2504 3403 2668 3467 animi
2692 3409 2982 3464 verterunt,
3005 3412 3101 3451 nec
3124 3396 3282 3449 etiam
3301 3408 3423 3459 apa-
3514 3462 3519 3465 _

1872 3498 2053 3574 .thiam
2092 3496 2438 3559 Socraticam,
2470 3494 2535 3547 de
2563 3507 2669 3561 qua
2701 3489 2913 3558 Lipsius
2940 3497 3058 3557 post
3093 3486 3421 3539 Ciceroneni,

1893 3572 1985 3638 lib.
2013 3584 2391 3637 tv’Aeadcmic.
2423 3581 2643 3654 Ωιιωεε..
2668 3594 2719 3633 c.
2752 3577 2852 3630 150
2881 3596 2895 3643 ;
2922 3576 3171 3635 Plinium,
3206 3572 3295 3624 lib.
3328 3585 3421 3627 vn.

1898 3670 2029 3723 Nat.
2066 3670 2266 3721 Hister.
2294 3684 2343 3721 e.
2373 3670 2473 3732 I8;
2504 3668 2780 3729 Senecam,
2810 3665 2902 3735 lib.
2939 3679 2977 3724 ι,
3026 3662 3180 3727 epist.
3226 3656 3324 3710 104
3342 3669 3425 3719 ;,ρι

1895 3758 1950 3809 b'.
1983 3756 2261 3824 Augustin.
2290 3754 2383 3807 lib.
2414 3769 2501 3806 uv
2530 3752 2604 3803 De
2632 3751 2771 3803 civit.
2804 3750 2917 3811 Dei,
2957 3762 3073 3815 cap.
3114 3746 3169 3810 9,
3204 3760 3425 3813 qumque
3446 3750 3463 3765 ‘

1893 3843 2240 3908 impatientia,
2286 3843 2397 3895 sive
2442 3838 2842 3907 impassibilitas
2885 3834 3197 3898 dicitur,‘et
3229 3834 3293 3885 de
3322 3848 3423 3899 qua

1893 3941 2111 3987 sanctus
2163 3930 2516 3999 Hieronymus
2548 3913 2707 3980 ctiam
2760 3926 2824 3980 ad
2862 3923 3252 3995 Ctesiphontem
3282 3922 3422 3991 agit:

1895 4038 2000 4076 non
2031 4023 2245 4089 inquam
2273 4018 2425 4071 Nilus
2463 4015 2765 4071 sectabatur
2791 4028 2930 4077 eam,
2963 4011 3054 4066 sed
3096 4025 3233 4073 eam,
3268 4023 3423 4075 quam
3490 4008 3495 4013 ‘

1892 4113 2051 4181 epist.
2083 4110 2204 4170 I72,
2235 4110 2327 4163 lib.
2354 4123 2412 4173 ll,
2436 4106 2499 4159 ad
2525 4104 2790 4159 Valerium
2818 4100 3212 4156 Cubicularium
3242 4096 3428 4166 ὑψηλο-

1891 4202 2054 4271 τάτην
2092 4194 2373 4262 ἀπάθειαν,
2426 4196 2477 4250 id
2526 4204 2611 4250 est
2635 4193 3052 4254 excelsissimam
3087 4188 3424 4244 indolentiam

257 4310 343 4355 est
358 4301 519 4363 enim,
539 4299 797 4363 Δέσποτα,
811 4299 1115 4366 εὐλόγησαν,
1148 4312 1239 4349 seu
1254 4294 1575 4363 Εὑλόγησον,
1596 4294 1788 4363 Κύριε,

1894 4306 1955 4343 ex
1982 4289 2243 4343 Allatiana
2293 4286 2535 4341 versione
2591 4284 2809 4349 vocitat,
2839 4290 2934 4336 aut
2974 4281 3047 4335 uti
3082 4281 3218 4349 apud
3257 4279 3427 4346 ipsum

264 4393 331 4445 ad
356 4390 652 4445 I6.lanuar.
674 4388 968 4442 Cardinalis
1002 4388 1256 4440 Baronius
1288 4387 1340 4439 in
1375 4384 1526 4440 Notis
1558 4385 1624 4439 ad
1656 4384 1792 4437 Mar-

263 4478 580 4548 tyrologium
631 4476 931 4547 Romanum
979 4475 1232 4527 Kalendis
1276 4474 1500 4541 Augusti
1554 4471 1794 4526 meminit

266 4568 498 4621 homilite
527 4566 721 4619 habita:
752 4565 804 4617 in
839 4564 1141 4617 celehr‘ate
1192 4572 1496 4617 catenarum
1541 4573 1595 4618 et
1635 4562 1791 4632 gladii

262 4661 434 4714 sancti
484 4660 645 4724 Petri,
697 4673 816 4727 qua:
848 4670 1030 4732 sancto
1075 4657 1263 4709 Joanni
1295 4657 1671 4725 Chrysostomo
1705 4655 1796 4708 tri-

266 4750 546 4810 buebatur,
573 4750 665 4801 sed
683 4749 857 4816 potius
880 4748 1164 4813 asserenda
1185 4755 1263 4799 est
1280 4755 1464 4799 sancto
1488 4744 1697 4807 Proclo,
1714 4743 1792 4797 vel

265 4845 451 4890 saneto
481 4834 763 4899 Germano,
806 4837 1041 4889 nondum
1068 4834 1208 4887 enim
1233 4844 1537 4885 catenarum
1562 4832 1795 4886 miracu-

264 4927 374 4978 lum
403 4923 698 4989 contigerat
731 4937 884 4976 :eam
918 4926 973 4977 in
1021 4924 1263 4977 Latinum
1298 4936 1502 4976 versam
1534 4937 1564 4975 e
1610 4921 1793 4976 Graeco

265 5012 445 5067 retulit
474 5010 975 5078 Lipromanus,.sed
1027 5012 1144 5065 Nilo
1177 5028 1291 5065 eam
1336 5026 1438 5065 non
1483 5012 1791 5078 adrogarem

268 5112 374 5152 tam
409 5098 581 5151 facile.
611 5098 706 5151 Est
732 5106 785 5150 et
818 5098 1244 5152 Commentarios
1285 5100 1338 5152 in
1378 5107 1621 5153 sanctum
1666 5112 1794 5164 apo-

267 5187 460 5241 stolum
488 5184 701 5238 Petrum
734 5185 787 5237 in
806 5183 1061 5237 Lolliana.
1095 5187 1149 5238 ln
1182 5188 1464 5255 cxegeticis
1493 5188 1701 5239 brevem
1731 5186 1795 5239 il-

270 5279 378 5327 lum
420 5266 780 5336 crediderim;
826 5287 922 5324 nec
959 5272 1098 5323 enim
1148 5272 1270 5334 vidi,
1315 5288 1434 5340 qua:
1474 5274 1525 5326 in
1575 5271 1794 5325 Cantica

267 5362 501 5431 scripsit,
530 5362 627 5415 nisi
652 5374 718 5408 ea
744 5377 861 5427 qua:
886 5377 1004 5413 cum
1034 5361 1257 5414 aliorum
1278 5361 1492 5415 Patrum
1515 5364 1796 5416 Commen-

270 5452 441 5515 tariis,
474 5460 601 5503 tom.
633 5444 661 5500 ί
723 5446 1033 5503 libliotlwca:
1068 5448 1291 5501 Patrum
1318 5444 1659 5505 Graeco-Lat.
1692 5451 1795 5504 Pa-

270 5537 415 5593 risiis
459 5546 585 5593 sunt
628 5532 787 5601 edita,
836 5537 900 5591 dc
929 5539 1120 5606 quibus
1152 5553 1312 5608 supra
1361 5537 1449 5593 fol.
1482 5539 1601 5595 657.
1638 5541 1795 5596 Com-

1895 4383 2161 4436 vertebam
2199 4380 2486 4449 ἀτάραχον,
2515 4374 3006 4447 imperturbabilem,
3039 4374 3094 4427 in
3123 4370 3425 4440 Opusculis,

1892 4487 2014 4525 cum
2043 4487 2100 4525 se
2128 4470 2431 4538 praestiterit
2457 4468 2702 4536 deinceps
2722 4462 3135 4523 Nilus..Homiui
3178 4472 3317 4516 certe
3350 4462 3430 4512 ni-

1892 4563 1965 4615 hil
1992 4570 2070 4615 est
2092 4562 2259 4627 magis
2283 4560 2529 4627 optabile,
2549 4574 2707 4627 quam
2736 4572 2973 4629 prosper,
2988 4554 3279 4623 atquabilis,
3309 4566 3427 4617 ρον·-

1890 4657 2183 4717 petuusque
2194 4646 2310 4699 vitae
2325 4655 2476 4700 tenor
2490 4646 2605 4699 sine
2620 4645 2724 4698 ulla
2740 4642 3050 4706 oll‘ensione,
3066 4638 3293 4695 secundo
3309 4651 3429 4688 eur—

1892 4738 1974 4799 sit,
1994 4750 2112 4789 cum
2144 4734 2423 4802 tranquilla
2454 4744 2577 4787 sunt
2599 4734 2777 4786 omnia
2842 4741 2895 4785 et
2920 4718 3140 4798 placata,
3166 4724 3430 4779 etlicero-
3520 4724 3525 4733 '

1891 4838 1977 4887 ne,
1995 4831 2129 4877 orat.
2150 4822 2218 4874 27
2235 4822 2361 4874 Post
2387 4821 2608 4874 reditum
2637 4823 2705 4873 ad
2722 4820 2966 4884 Quirites,
2989 4815 3079 4867 lib.
3115 4830 3172 4867 ll.
3199 4813 3429 4881 Contigit

1894 4908 1989 4963 iste
2007 4918 2110 4962 tam
2133 4907 2267 4969 Nilo,
2285 4923 2444 4975 quam
2464 4906 2759 4965 Theodulo,
2781 4889 2898 4972 post
2917 4902 3187 4955 incursum
3213 4902 3431 4957 Sarace-
3456 4963 3463 4969 _
3520 4938 3523 4939 ν

1890 5004 2158 5059 norum,et
2172 4992 2345 5045 Nilum
2360 4993 2571 5073 quidem
2588 4992 2791 5060 expleto
2807 4990 3153 5059 quadraginta
3166 4990 3428 5047 curriculo
3519 5035 3527 5041 .

1892 5097 2153 5136 annorum
2196 5096 2382 5134 rursus
2406 5081 2460 5132 in
2489 5094 2693 5139 eremo,
2717 5080 2781 5133 ad
2802 5079 3025 5149 gloriam
3048 5080 3312 5136 cmlestem
3341 5094 3425 5132 ara

1892 5171 2063 5225 bitror
2084 5181 2345 5232 evectum,
2379 5183 2499 5223 cum
2535 5169 2822 5239 nonaginta
2849 5171 2969 5239 plus
3003 5172 3177 5227 minus
3208 5184 3425 5237 percur-

1895 5269 2036 5315 reret
2057 5274 2244 5312 annos.
2287 5287 2297 5296 -

1960 5369 2356 5435 Longaaviorem
2383 5369 2642 5439 migrasse
2674 5369 3026 5425 contendebat
3050 5369 3153 5422 Leo
3177 5369 3421 5429 Allatius,
3484 5372 3487 5373 ⁷

1893 5456 1973 5509 vir
2004 5455 2200 5508 Graecaa
2246 5455 2439 5525 linguae
2463 5448 2900 5525 peritissimus-et
2934 5456 3323 5519 historitersed
3352 5456 3420 5507 illi

1896 5540 2143 5595 assentiri
2186 5556 2411 5610 nequeo.
2464 5542 2594 5596 Nam
2624 5543 2762 5611 quod
2794 5543 2965 5610 arguit
3014 5542 3064 5595 in
3100 5541 3333 5597 Diatriba
3362 5546 3422 5598 de
