4122 6338
812 217 942 282 1427

1472 218 1475 219 ⁷
1531 223 1674 282 JOS.
1708 222 1962 280 MAerE
1999 219 2341 280 SUARESII
2373 220 2601 281 LIBER
2635 222 3245 285 CHRONOLOGICUS

3821 222 3934 286 1428

813 324 951 384 Nili:
976 370 992 397 ,
1036 345 1087 398 p.
1124 331 1209 395 i5,
1247 331 1300 384 in
1349 330 1481 384 vivis
1518 330 1691 385 adhuc
1742 330 1913 399 egisse
1961 344 2098 382 anno
2120 304 2332 381 Christi
2364 328 2408 382 Α
2435 328 2653 381 sendnm
2687 330 2873 382 nullibi
2901 338 3226 397 compertum
3256 326 3346 381 sit.
3373 324 3561 380 Moneo
3584 335 3756 380 tamen
3782 327 3927 384 lecto-

812 419 1228 489 qningentesimo
1287 436 1350 473 ex
1406 419 1573 488 Epist.
1606 419 1691 484 70,
1734 419 1827 471 lib.
1873 419 1999 471 tAd
2048 418 2328 469 Zosariunt

813 510 1089 576 tribunum,
1108 511 1159 564 in
1179 525 1304 579 qua,
1323 509 1496 574 Ἰδοὺ,
1513 509 1718 574 scribit,
1734 510 1947 562 λοιπὸν
1964 521 2337 565 πεντακοσιο-

812 598 1121 661 Utor-hoc,
1161 608 1262 653 etc.
1288 597 1418 651 Ecce
1436 598 1667 666 deinceps
1689 598 2112 666 quingentesimus
2146 613 2332 658 annus,

724 718 727 719 ν
814 702 989 754 nempe
1018 702 1046 738 a
1069 668 1184 739 nece
1210 684 1404 739 Christi
1428 685 1634 737 Domini
1664 701 1770 751 pro
1799 684 1940 736 nobis
1977 685 2032 736 in
2058 700 2204 736 cruce
2232 694 2335 735 tam

814 773 1089 826 crudeliter
1115 774 1267 841 afﬁxi
1316 782 1365 824 et
1392 774 1581 833 occisi;
1604 787 1707 825 non
1740 773 1877 840 quod
1926 772 2207 826 efﬂuxisset
2235 787 2334 825 an-

814 870 918 909 nus
947 856 1422 925 qningentesimus,
1470 858 1560 912 sed
1604 856 1742 925 quod
1783 858 2334 925 qnadringentesimus

812 941 1026 1008 elapsus
1055 950 1214 1003 esset,
1258 951 1305 995 et
1350 942 1415 994 ad
1445 942 1923 1010 quingentesimum
1967 943 2333 997 decurreretur

814 1028 1089 1092 saeculum,
1128 1030 1281 1098 idque
1314 1044 1339 1082 a
1367 1031 1622 1098 particula
1643 1030 1823 1082 λοιπὸν
1849 1031 1978 1084 satis
2007 1031 2341 1105 designatur,

817 1132 936 1186 qua
958 1119 1217 1185 signiﬁcat
1251 1120 1519 1186 deinceps.
1556 1119 1735 1187 Itaque
1760 1121 1988 1187 deinceps
2013 1120 2126 1189 (ait)
2156 1122 2223 1173 ad
2244 1137 2329 1173 an.

811 1206 1261 1274 quingentesimum
1304 1209 1573 1277 vergimur.
1606 1208 1760 1262 Certe
1793 1209 1837 1262 si
1868 1208 2078 1263 Justino
2120 1210 2353 1277 juniore_

812 1295 1101 1361 imperante
1127 1312 1213 1348 an.
1244 1296 1343 1349 567
1384 1297 1449 1349 C.
1478 1296 1544 1347 N.
1576 1298 1808 1364 reliquit}:
1829 1291 2131 1350 sanctoru’m
2179 1298 2331 1352 istius

812 1382 1015 1435 scilicet
1049 1383 1169 1446 Nili,
1207 1382 1484 1446 Theoduli,
1532 1393 1583 1436 et
1628 1386 1850 1437 aliorum
1894 1386 2331 1439 anachoretarum

816 1470 1327 1538 Constantinopolim
1354 1471 1618 1524 translatae
1645 1481 1784 1534 sunt,
1826 1480 2107 1540 antequam
2137 1472 2331 1525 Mauri-

812 1557 915 1610 tius
936 1558 1203 1626 Angustus
1218 1558 1334 1611 iniit
1356 1558 1655 1625 imperium,
1676 1557 1879 1611 obierat
1900 1557 2067 1622 Nilus,
2084 1568 2136 1611 et
2154 1559 2329 1611 Theo-

810 1645 966 1698 dulus
1017 1644 1187 1698 adhuc
1230 1645 1344 1711 ejus
1393 1644 1533 1697 ﬁlius
1561 1683 1575 1705 ,
1630 1650 1685 1695 ut
1729 1659 1758 1697 e
1802 1643 1999 1698 Menaeo
2042 1645 2325 1714 probatur;

809 1732 1109 1805 underecte
1142 1748 1236 1801 pro
1260 1731 1501 1785 Mauritio
1526 1732 1846 1785 Marcianum
1894 1733 1944 1785 in
1988 1747 2051 1785 eo
2092 1735 2327 1802 reposuit

811 1819 872 1871 Β.
895 1818 951 1871 Ρ.
974 1817 1228 1873 Possinus
1254 1820 1305 1872 in
1343 1818 1492 1874 Notis
1525 1821 1587 1873 ad
1618 1822 1878 1887 Διήγημα,
1922 1835 2012 1874 seu
2055 1820 2325 1875 Narratio-

808 1922 929 1960 nem
968 1908 1126 1961 caedis
1153 1909 1554 1962 monachorum.
1574 1907 1679 1975 Ego
1706 1922 1829 1959 vero
1849 1915 2099 1975 praetcrea
2144 1910 2325 1960 emen-
2362 1917 2369 1923 ‘

807 1996 924 2046 dari
949 2010 1042 2063 pro
1064 1997 1153 2047 ἐπὶ
1191 1985 1524 2066 Μαρκιανὸῢ,
1574 2004 1626 2049 et
1663 1997 1936 2066 legendum
1966 2012 2179 2059 censeo,
2223 2000 2327 2059 ἕως

807 2084 1136 2154 Μαρκιανοῢ,
1158 2101 1312 2153 usque
1342 2086 1408 2138 ad
1441 2085 1763 2138 Marcianum
1791 2100 1854 2137 ex
1889 2086 2124 2153 ejusdem
2165 2083 2227 2136 li.
2266 2085 2337 2138 P.»

807 2169 1007 2223 Possini
1045 2186 1301 2224 consensu
1332 2190 1346 2225 :
1386 2174 1547 2225 moris
1563 2174 1757 2225 etenim
1782 2174 1907 2225 mihi
1943 2182 2023 2227 est
2043 2175 2180 2243 quod
2207 2190 2321 2227 sum

807 2260 1025 2311 daturus
1048 2259 1101 2311 in
1131 2274 1319 2313 manus
1342 2260 1635 2324 hominum,
1658 2270 1776 2314 ante
1806 2263 2096 2322 amicorum
2123 2260 2325 2330 judicio

806 2347 1131 2413 examinare,
1168 2356 1224 2400 ut
1261 2349 1434 2402 verbis
1460 2358 1578 2402 utar
1605 2349 1757 2402 Plinii
1782 2335 2014 2405 Junioris
2037 2353 2089 2404 in
2125 2351 2325 2419 Episto-

802 2434 857 2487 la
880 2435 947 2487 ad
981 2435 1288 2502 Maximum,
1310 2438 1399 2490 lib.
1430 2453 1544 2502 Vill,
1581 2448 1633 2491 ct
1664 2426 1715 2491 in
1756 2440 1939 2507 primis
1962 2440 2059 2493 viri
2082 2449 2184 2493 tam
2202 2457 2324 2494 eru—

804 2524 921 2591 diti,
941 2534 992 2581 et
1023 2526 1074 2581 in
1111 2529 1337 2583 lectione
1397 2531 1745 2599 versioneque
1774 2530 2074 2587 Graecorum
2102 2533 2319 2588 histori-

804 2630 987 2669 corum
1026 2616 1158 2671 adeo
1200 2618 1416 2671 versati.
1453 2619 1803 2684 Quamobrem
1854 2622 2047 2687 miror,
2094 2622 2320 2676 Leonem

801 2702 1051 2758 Allatium
1072 2720 1134 2759 ex
1158 2706 1255 2759 hac
1279 2707 1519 2775 epistola,
1548 2724 1705 2777 quam
1738 2726 1926 2765 rursus
1958 2713 2142 2779 ingerit
2164 2712 2324 2781 699

805 2792 1082 2859 integram,
1111 2794 1355 2863 colligere
1386 2796 1558 2849 Nilum
1594 2800 1948 2865 supervixisse
1981 2816 2175 2854 annum
2219 2801 2320 2853 500

803 2878 863 2933 C.
890 2878 979 2943 N.;
1022 2881 1247 2935 dilucide
1280 2891 1422 2950 patet
1446 2899 1632 2951 nempe
1664 2886 1717 2938 in
1746 2902 1805 2940 ea
1859 2887 2059 2952 Nilum,
2090 2906 2209 2943 cum
2236 2890 2318 2942 in-

805 2966 1147 3019 vehereturin
1174 2965 1403 3031 Judaeos,
1427 2980 1786 3040 assereretque
1804 2973 1921 3027 illos
1950 2972 2085 3043 saepe
2112 2988 2322 3043 propter

805 3056 951 3107 varia
983 3056 1185 3109 scelera
1219 3059 1453 3125 captivos
1483 3059 1647 3114 fuisse
1679 3062 1956 3126 abductos,
2005 3078 2188 3117 verum
2216 3063 2323 3118 Deo

803 3153 1085 3208 annuente,
1116 3146 1230 3214 μετ’
1251 3147 1401 3214 ὀλίγα
1433 3148 1545 3216 ἐτη,
1576 3148 1627 3201 id
1667 3158 1747 3202 est
1773 3159 1892 3217 post
1925 3166 2120 3218 paucos
2154 3166 2322 3207 annos

804 3232 861 3283 in
906 3242 1098 3285 terram
1140 3234 1510 3300 promissionis
1545 3246 1817 3290 revocatos
1846 3252 1995 3304 esse;
2023 3248 2075 3292 at
2112 3249 2323 3308 propter

804 3336 992 3375 manus
1021 3323 1304 3389 sacrilegas
1337 3324 1387 3375 in
1420 3321 1512 3375 Dei
1555 3322 1746 3377 Filium
1777 3324 1995 3392 injectus
2025 3327 2323 3393 illatamque

804 3416 1025 3460 mortem
1065 3408 1484 3469 acerbissimam,
1524 3408 1801 3463 damnatos
1847 3410 2093 3462 παντελεῖ
2123 3413 2323 3483 πορθή-

804 3510 911 3557 oet,
937 3494 1156 3548 omnino
1185 3496 1383 3574 ultimae
1412 3496 1777 3559 devastationi,
1812 3498 1922 3551 sive
1952 3499 2029 3565 (ut
2070 3500 2323 3566 propheta

801 3583 1055 3637 .leremias
1086 3584 1223 3653 luget
1268 3583 1562 3640 Lamentat.
1609 3600 1701 3639 seu
1734 3586 1930 3639 Thren.
1965 3604 2002 3651 ι,
2036 3604 2084 3640 v.
2113 3589 2195 3655 Η)
2227 3591 2323 3643 da-

805 3681 889 3728 tos
912 3672 964 3724 in
995 3688 1229 3736 manum,
1254 3674 1317 3726 de
1344 3688 1450 3740 qua
1480 3686 1584 3725 non
1626 3682 1872 3741 poterunt
1904 3690 2137 3745 surgere.
2169 3676 2317 3732 Nilus

804 3761 1061 3813 exclamat
1095 3780 1107 3812 :
1154 3762 1275 3814 Ἰδοὺ
1307 3762 1487 3813 λοιπὸν
1522 3765 1954 3827 πεντακοσιοστὺν
1980 3764 2125 3826 ἔτοςο
2159 3767 2207 3818 id
2236 3778 2318 3820 est

806 3845 887 3898 En
942 3848 1193 3914 deinceps,
1242 3848 1318 3899 uel
1338 3849 1565 3915 reliquus
1618 3859 1713 3910 est,
1753 3858 1843 3901 aut
1873 3861 2100 3918 superest
2151 3870 2315 3907 annus

802 3936 1249 4003 quingentesimus.
1291 3948 1395 3987 non
1424 3936 1563 4003 quod
1596 3939 1833 4003 expletus
1866 3948 2023 4001 esset,
2062 3940 2150 3992 sed
2181 3942 2320 4008 quod

807 4034 1113 4093 properaret
1170 4039 1201 4077 a
1244 4023 1762 4093 quadringentesimo
1822 4025 1887 4078 ad
1962 4027 2320 4095 quingentesi-

806 4126 972 4174 mum,
1023 4112 1134 4166 sive
1186 4120 1433 4179 quartum
1489 4113 1736 4165 saeculum
1787 4113 2083 4168 absolutum
2134 4117 2320 4172 decur-

2440 428 2547 467 rem
2581 429 2792 469 menon
2826 418 2891 469 ad
2942 429 3167 483 unguem
3218 415 3499 482 vivumque
3553 428 3803 478 resecare,
3852 433 3934 472 nec

2436 499 2499 551 ad
2527 500 2803 555 obrussam
2837 502 2946 554 veri
2964 501 3224 563 alfricare,
3253 500 3301 552 id
3322 508 3403 553 est
3423 500 3725 553 examinare
3749 501 3809 554 ad
3837 503 3938 555 lan-

2437 603 2552 641 cem
2597 599 2651 642 et
2695 591 2759 643 ad
2787 591 3037 643 trutinam
3065 628 3080 651 ,
3131 599 3290 660 atque
3338 598 3603 642 momenta
3651 592 3939 659 scrupulose

2435 690 2605 730 annos
2632 677 3002 744 computando,
3027 678 3117 729 sed
3148 677 3638 745 παχυμερέστερον,
3660 686 3715 729 ut
3733 677 3939 745 loquun-

2436 773 2521 815 tur
2548 763 2952 830 jurisconsulti;
2998 764 3194 819 sufficit
3219 766 3451 831 epochas
3474 765 3814 831 praefecturas,
3867 767 3939 819 in-

2432 850 2697 903 cursionis
2748 851 3003 914 Arabum,
3043 866 3201 919 quam
3248 852 3386 904 intra
3447 850 3508 903 C.
3561 848 3623 903 N.
3656 850 3759 902 450
3784 852 3940 905 et500

2431 940 2616 993 statuit
2642 938 2897 995 Possinus
2950 942 3050 995 sub
3077 940 3377 995 Theodosio
3405 938 3646 1003 Iuniore,
3675 956 3729 1008 p.
3765 942 3857 995 127
3896 952 3941 996 et

2432 1031 2551 1093 167,
2587 1032 2649 1084 ad
2672 1029 2843 1085 Notas
2878 1032 2930 1084 in
2956 1029 3347 1096 Narrationcm,
3375 1039 3427 1084 et
3447 1031 3725 1083 exordium
3755 1031 3937 1099 imperii

2434 1120 2688 1174 Marciani
2734 1120 2925 1188 ligere,
2984 1134 3076 1187 per
3121 1134 3290 1173 annos
3337 1120 3568 1187 denique
3606 1120 3936 1187 quadraginta

2429 1208 2580 1263 Nilus
2607 1219 2874 1271 excoctus,
2895 1218 2946 1262 et
2979 1209 3228 1277 probatus
3257 1207 3308 1259 in
3342 1208 3427 1261 illa
3454 1207 3780 1268 incursione,
3802 1218 3939 1272 atque

2430 1306 2621 1351 auctus
2646 1298 2943 1351 sacerdotio
2971 1298 3037 1349 ab
3069 1298 3320 1365 episcopo
3346 1296 3598 1361 Elusano,
3629 1310 3723 1349 seu
3751 1296 3936 1365 presby-

2429 1392 2597 1438 teratu
2614 1386 2793 1450 etiam,
2823 1385 3160 1453 quantumvis
3181 1385 3571 1437 illustrissimus
3602 1384 3934 1451 archiepisco-

2426 1487 2525 1540 pus
2546 1473 2834 1527 lconiensis
2858 1472 3223 1540 Caryophilus,
3257 1480 3406 1539 neget
3426 1486 3545 1523 eum
3590 1470 3756 1524 fuisse
3780 1485 3933 1525 sacer-

2428 1562 2625 1623 dotem,
2655 1574 2750 1614 seu
2780 1560 3145 1628 presbyterum
3183 1574 3234 1626 p.
3276 1559 3326 1610 ll
3369 1557 3595 1610 Diatrib.
3642 1557 3824 1621 Allat.,
3854 1560 3932 1625 qui

2358 1652 2399 1705 Β
2427 1647 2715 1700 oscitanter
2736 1661 2874 1714 saepe
2900 1646 3101 1707 scribit,
3140 1655 3195 1697 ut
3225 1659 3344 1698 eum
3367 1646 3708 1712 reprehendit
3729 1644 3932 1699 Allatins

2424 1736 2645 1803 passim,
2680 1737 2870 1788 mentis
2899 1735 3167 1802 pabulum,
3221 1733 3272 1785 id
3298 1743 3374 1787 est
3399 1734 3792 1787 meditationem
3840 1750 3925 1787 non

2421 1825 2670 1886 deseruit,
2712 1824 2839 1923 q‘u-in
2876 1824 3000 1923 cibo
3047 1823 3136 1923 illo
3173 1822 3347 1875 solido
3400 1823 3651 1923 pascebat
3690 1823 3928 1923 animum,

2429 1922 2481 1965 et
2506 1910 2830 1981 promulsida
2857 1911 3380 1979 degustabatteternas
3400 1910 3739 1964 beatitudinis
3766 1912 3926 1979 volup-

2423 2010 2633 2066 tateque
2674 1999 3083 2068 perfundebatur
3111 1997 3355 2059 mtherea,
3384 1999 3807 2065 contemplationi
3833 2014 3926 2053 ca:-

2420 2088 2536 2141 lesti
2614 2086 2906 2153 saepissime
2960 2074 3222 2146 addictus,
3276 2084 3327 2135 in
3403 2099 3508 2151 qua
3573 2086 3927 2138 exardescebat

2422 2178 2628 2244 igneus,
2661 2184 2711 2227 et
2740 2172 2984 2241 quamvis
3035 2172 3091 2224 in
3118 2172 3273 2225 terris
3302 2172 3535 2241 degeret,
3565 2172 3803 2225 evolabat
3825 2188 3925 2227 cre-

2422 2263 2567 2315 brius
2596 2263 2659 2315 acl
2688 2262 2903 2321 coelum,
2933 2259 3068 2311 unde
3094 2259 3341 2326 pnevisas
3365 2273 3450 2312 res
3475 2266 3584 2311 tam
3614 2259 3666 2311 in
3690 2259 3927 2326 epistolis,

2420 2364 2577 2417 quam
2611 2350 2663 2400 in
2695 2348 3006 2401 tractatibus
3030 2348 3185 2399 verba
3217 2360 3319 2398 non
3355 2346 3518 2399 invita
3554 2346 3929 2412 sequebantur;

2420 2439 2667 2491 visitahat
2699 2437 2948 2504 frequens
2977 2436 3087 2488 loca
3117 2433 3315 2488 Christi
3347 2433 3555 2487 Domini
3588 2435 3815 2502 vestigiis
3837 2437 3930 2487 cal-

2419 2540 2557 2592 cata,
2615 2538 2668 2580 et
2725 2541 2876 2580 sacro
2931 2539 3116 2578 cruore
3169 2538 3409 2591 respersa
3446 2523 3680 2577 :vicinia
3738 2538 3927 2590 nempe,

2420 2627 2640 2679 mosque
2666 2612 2870 2679 priscus
2916 2627 3032 2665 etim
3066 2610 3365 2675 alliciebat;
3403 2610 3692 2662 inoleverat
3750 2610 3926 2677 quippe

2419 2700 2745 2753 consuetudo
2773 2684 3033 2751 invisendi
3066 2698 3512 2765 Hierosolymam,
3545 2688 3575 2750 e
3601 2708 3780 2751 sant-to
3804 2696 3926 2750 Gre-

2418 2790 2563 2857 gorio
2593 2787 2848 2856 Nysseno,
2879 2794 2930 2839 et
2974 2785 3179 2853 Magno,
3197 2777 3289 2853 'qni
3339 2785 3621 2853 hucusque
3676 2787 3923 2853 perdurat.

2422 2877 2555 2930 Vide
2593 2877 2765 2931 Grets.
2801 2876 2872 2928 De
2898 2875 3205 2943 peregrinat.
3250 2872 3595 2942 lnitiatusque
3620 2875 3926 2945 presbytera-

2426 2965 2523 3028 tui,
2562 2965 2719 3033 700
2764 2964 2931 3017 sacris
2971 2962 3140 3023 litare,
3181 2961 3359 3026 divina
3390 2976 3617 3030 pangere
3664 2963 3921 3030 praeconia,

2425 3053 2733 3113 monachos,
2798 3057 2853 3102 et
2905 3064 3088 3102 omnes
3143 3050 3383 3116 populos,
3456 3044 3833 3118 magnatesque'
3867 3053 3925 3103 ad

2426 3138 2620 3191 Christi
2647 3151 2878 3189 amorem
2902 3136 3151 3198 excitare,
3179 3136 3357 3189 laudes
3380 3137 3494 3204 ejus
3525 3136 3801 3192 decantare
3831 3154 3922 3191 non

2424 3224 2665 3281 cessabat
2694 3239 2787 3292 per
2818 3238 2986 3275 annos
3014 3221 3101 3275 40.
3133 3221 3225 3275 Est
3270 3224 3321 3274 in
3354 3223 3557 3297 honore
3585 3226 3671 3277 hic
3693 3241 3922 3280 numerus

2423 3311 2898 3381 quadragenarius,
2927 3323 3081 3376 quem
3112 3306 3570 3377 Christusjejunio
3598 3312 3921 3379 quadraginta

2424 3402 2626 3453 dierum
2654 3398 2919 3452 decoravit
2944 3416 2956 3449 :
2999 3397 3049 3450 id
3079 3396 3377 3452 observavit
3405 3397 3631 3466 Moyses,
3669 3410 3922 3468 postquam

2424 3486 2601 3540 divina
2622 3485 2706 3538 lex
2756 3485 2991 3552 ingressa
3036 3494 3116 3537 est
3144 3485 3197 3537 in
3225 3487 3407 3539 orbem
3457 3495 3756 3553 terrarum;
3801 3491 3922 3543 Elias

2423 3586 2487 3624 eo
2514 3572 2719 3624 dierum
2758 3585 2980 3623 numero
3025 3570 3188 3623 Deum
3226 3586 3484 3638 quaerens,
3527 3575 3643 3638 ejus
3689 3576 3921 3629 visionem

2423 3668 2743 3713 consecutus
2772 3667 2869 3722 est,
2906 3666 2963 3709 ut
2991 3658 3213 3710 orabant
3238 3660 3407 3711 sancti
3436 3662 3779 3729 quadraginta
3801 3678 3924 3716 manu.

2427 3760 2566 3819 tyres
2593 3751 2644 3803 in
2668 3760 2855 3818 stagno
2882 3751 3051 3818 rigido
3091 3750 3177 3803 die
3214 3751 3245 3803 9
3274 3750 3443 3803 Martii
3474 3752 3574 3804 sub
3622 3751 3818 3805 Licinio
3838 3752 3923 3802 im-

2425 3847 2683 3905 peratore.
2732 3840 2806 3889 Ita
2852 3846 2967 3905 post
3018 3851 3279 3893 annorum
3331 3840 3674 3907 quadraginta
3716 3842 3922 3907 spatium

2424 3938 2640 3983 sanctus
2692 3927 2850 3982 Nilus
2898 3943 3147 3981 coronam
3194 3932 3396 3998 accepit
3423 3932 3772 3985 confessionis
3806 3924 3921 3991 suae.

2424 4015 2605 4091 totque
2656 4021 2952 4074 facinorum
2999 4021 3351 4088 egregiorum,
3392 4032 3445 4073 et
3494 4024 3765 4087 virtutum,
3806 4038 3922 4090 quas

2418 4111 2526 4178 jam
2560 4110 2855 4177 percensui,
2886 4108 3174 4176 praesertim
3205 4109 3523 4172 tolerantiae;
3555 4126 3725 4178 neque
3760 4111 3922 4163 dubito

810 4205 948 4251 reret
1001 4199 1066 4253 ad
1103 4199 1368 4267 quintum,
1408 4200 1551 4268 quod
1600 4200 1863 4266 instabat;
1924 4219 2044 4257 nam
2082 4207 2227 4269 vixit,
2263 4217 2319 4261 ut
2350 4231 2358 4283 ι

2358 4230 2392 4283 D
2422 4200 2569 4268 quin,
2598 4214 2715 4266 quae
2748 4205 2961 4250 voverat
2987 4196 3208 4264 jejunia,
3242 4204 3292 4249 ct
3315 4197 3591 4250 δουλείαν
3616 4198 3921 4267 ἐγκρατείας

806 4285 995 4353 saepius
1027 4286 1153 4351 dixi,
1186 4296 1236 4340 et
1263 4304 1325 4341 ex
1354 4290 1569 4355 epochis
1596 4288 1917 4358 praefecturae
1968 4309 2029 4346 ac
2061 4295 2320 4351 incursio-

806 4379 889 4433 nis
921 4386 1142 4440 constat,
1170 4378 1271 4438 ἕως
1308 4380 1639 4447 Μαρκιανοῦ,
1686 4396 1851 4449 usque
1883 4383 1948 4435 ad
1975 4382 2318 4453 Marcianum,

805 4468 892 4534 qui
952 4468 1253 4534 auspicatus
1283 4478 1363 4521 est
1390 4471 1739 4537 principatum
1774 4466 1911 4527 anno
1956 4474 2150 4529 Christi
2196 4478 2316 4531 451.

808 4554 918 4620 ipse
939 4540 1173 4623 profecto
1198 4556 1441 4619 Allatius,
1470 4571 1522 4624 p.
1551 4558 1634 4621 Η,
1665 4558 1856 4611 ibidem
1885 4564 2121 4627 agnoscit
2143 4562 2319 4618 Nilum

808 4642 1086 4709 usurpasse
1131 4659 1403 4698 numerum
1443 4645 1703 4713 integrum
1768 4657 1819 4700 et
1865 4651 2179 4716 completum
2226 4668 2321 4721 pro

808 4733 1123 4799 incompleto
1173 4744 1328 4803 atque
1373 4743 1635 4799 truncato,
1677 4747 1733 4790 ut
1777 4737 2112 4804 adjunctionc
2158 4744 2317 4798 simili

806 4818 1110 4871 conciliaret
1156 4821 1534 4875 incrementum
1583 4831 1763 4877 contra
1814 4823 2022 4880 Judazos
2072 4842 2182 4880 suae
2227 4832 2318 4883 de-

807 4903 1191 4965 monstrationi,
1220 4906 1373 4971 cujus
1403 4908 1640 4974 exempla
1674 4909 1725 4959 in
1759 4910 1926 4964 sacris
1969 4926 2179 4978 quoque
2212 4912 2320 4965 Lit-

807 4991 932 5043 teris
959 4990 1255 5057 frequentia
1280 5002 1431 5058 sunt;
1464 5010 1560 5047 nec
1594 5005 1741 5050 vacat
1766 4998 2018 5053 inhaerere
2038 5001 2235 5053 diutius
2267 5002 2319 5055 in

808 5078 942 5139 istis,
976 5079 1053 5132 vel
1086 5078 1339 5143 refellere,
1369 5083 1506 5149 quod
1532 5084 1752 5139 Allatius
1776 5095 1923 5154 putat
1951 5103 2118 5142 annos
2146 5090 2323 5157 trigin-

809 5180 858 5221 ta
888 5169 985 5221 sub
1023 5170 1276 5236 magistro
1310 5168 1688 5237 Cltrysostomo
1736 5190 1909 5229 mores
1938 5178 2001 5229 ad
2048 5179 2320 5230 mollitiem

809 5253 1025 5306 idoneos
1056 5256 1285 5317 exuisse,
1320 5264 1443 5319 etc.,
1466 5270 1585 5307 cum
1631 5259 1822 5311 sederit
1870 5259 2320 5327 Constantinopoli

810 5352 1022 5397 sanctus
1052 5345 1459 5412 Chrysostomus
1487 5359 1657 5397 annos
1689 5360 1870 5399 novem
1903 5349 2019 5416 plus
2049 5351 2242 5411 minus,
2274 5358 2323 5401 et
2362 5390 2370 5395 .

778 5449 787 5456 ·
815 5429 1144 5483 Antiochiam
1174 5431 1341 5484 Nilum
1392 5432 1684 5499 profectum
1716 5430 1876 5487 fuisse
1924 5435 1995 5487 ad’
2033 5451 2151 5488 eum
2184 5435 2321 5488 invi-

2423 4292 2517 4344 καὶ
2542 4291 2646 4357 τῆς
2679 4290 2869 4354 ἄλλης
2898 4289 3285 4351 κακοπαθείας
3333 4290 3624 4354 σκληρὰν,
3655 4291 3703 4341 id
3728 4299 3803 4343 est
3831 4305 3920 4339 ser-

2422 4382 2628 4433 vitutem
2658 4378 3025 4445 temperantia,
3058 4385 3105 4430 et
3130 4377 3344 4429 alterius
3386 4377 3670 4444 aﬂiictionis
3696 4379 3919 4429 austerio-

2422 4454 2527 4520 rem
2554 4468 2826 4533 peregerit.
2869 4466 3027 4518 Multa
3076 4466 3217 4519 illius
3253 4480 3443 4534 genera
3475 4480 3631 4531 supra
3674 4480 3787 4531 pag.
3836 4462 3920 4515 650

2422 4556 2619 4615 notavi,
2643 4562 2695 4606 et
2720 4540 3033 4605 crediderim
3068 4552 3230 4605 fuisse
3254 4552 3352 4604 ista
3378 4552 3677 4608 vcrherum.
3707 4552 3811 4604 sive
3840 4551 3918 4603 lla-

2423 4642 2697 4711 gellorum,
2738 4656 2853 4707 quae
2880 4642 3173 4693 invaluerat
3195 4639 3330 4705 apud
3354 4638 3629 4707 Egyptios
3661 4641 3832 4701 etiam,
3858 4641 3919 4690 in-

2424 4732 3007 4786 cussionem.Palladius
3030 4734 3145 4796 ejus
3167 4729 3402 4795 meminit
3419 4731 3699 4805 episcopus
3724 4729 3918 4781 llr-leno-

2424 4822 2708 4889 politanus,
2733 4822 2824 4874 lib.
2848 4836 2940 4871 vm
2979 4818 3074 4871 Vit.
3099 4818 3243 4872 Patr.
3275 4835 3391 4887 pag.
3417 4820 3535 4883 713,
3564 4821 3649 4872 ubi
3678 4818 3914 4871 Rosweid.

2422 4910 2593 4965 Grets.
2626 4920 2676 4963 et
2703 4911 2889 4961 Rader.
2922 4907 3149 4963 Joannes
3180 4909 3445 4963 Climacus
3472 4895 3588 4976 cap.
3612 4910 3644 4962 5
3671 4908 3743 4959 De
3777 4908 3913 4974 pani-

2425 4998 2581 5049 tentia
2614 5012 2727 5059 eos,
2767 4998 2855 5063 qui
2886 4996 3206 5064 ἀποροῦντες
3255 5005 3403 5055 erant
3444 4994 3686 5063 δακρύων
3716 4992 3915 5061 (scribit)

2423 5086 2641 5144 ἑαυτοὺς
2685 5083 3024 5143 κατέκοπτον,
3084 5086 3172 5151 qui
3212 5100 3314 5135 non
3357 5092 3596 5149 poterant
3642 5081 3915 5151 lacrymari,

2424 5175 2733 5240 semetipsos
2759 5173 3122 5225 discindebant
3146 5172 3386 5239 flagellis,
3414 5180 3468 5222 ut
3500 5173 3637 5223 Elius
3676 5168 3917 5225 Cretensis

2424 5263 2873 5331 exponit,éatutoii;
2890 5263 3189 5330 πληκτικῶς
3210 5261 3597 5328 βάλλοντες,κα“ι
3610 5262 3913 5327 πλήττοντες.

2426 5353 2623 5417 scipsos
2651 5351 2887 5409 feriendo
2919 5350 3286 5418 percutientcs,
3323 5358 3480 5416 atque
3512 5351 3639 5401 adeo
3676 5349 3915 5401 ferientes.

2427 5439 2565 5505 quod
2594 5456 2710 5495 cum
2733 5440 2846 5495 Nilo
2870 5455 2960 5508 per
2983 5448 3187 5493 aetatem
3219 5438 3353 5493 foret
3378 5438 3560 5492 durius
3608 5448 3761 5506 atque
3784 5446 3918 5499 aspc-
