4122 6338
209 287 352 352 1429

1505 299 1598 356 DE
1625 301 1818 358 vmi.
1857 297 1914 354 s.
1957 293 2135 353 NlLI.
2171 257 2174 259 ’

3276 293 3407 353 H30

203 395 351 459 rius,
381 397 576 463 partim
609 397 776 451 voluit
797 397 978 465 junior
1005 406 1056 450 ct
1078 397 1299 451 validior
1325 398 1628 452 Theodulus
1658 416 1744 452 su-
1773 407 1835 461 Α,
1865 408 2007 464 pacta
2037 395 2249 449 luerunt
2286 395 2336 446 iu
2366 410 2456 448 eos
2485 395 2659 464 omnia
2686 393 2786 448 Nili
2813 395 2982 464 Opera
3003 396 3028 453 1
3053 412 3117 448 an
3151 396 3256 448 duo
3286 405 3404 448 tau-

206 482 330 535 bire
350 497 412 536 ac
433 486 652 552 exsequi
671 501 685 548 ;
702 501 797 538 uec
819 487 962 538 enim
985 495 1184 538 tantum
1210 486 1342 552 Περὶ
1370 485 1473 553 τῆς
1498 487 1744 539 κατανύ-

204 570 360 632 ξεως
384 571 608 636 ψυχῆς,
643 572 692 624 id
717 581 820 637 est,
863 573 937 626 De
967 575 1346 641 compunctione
1375 577 1580 638 animm,
1603 575 1749 627 Nilus

207 657 452 721 scripsit,
490 667 544 708 ιιι
565 658 673 723 jam
712 658 935 714 iudicavi
967 677 1083 730 pag.
1113 661 1212 714 657
1238 662 1530 728 superioris
1559 663 1752 716 Indicis

207 743 512 808 librorum;
561 747 650 798 sed
703 757 756 800 et
799 749 863 801 de
913 751 1154 817 corporis
1203 752 1559 803 maceratione
1605 749 1752 803 Nilus

210 842 413 886 tractat
442 835 657 900 copiose
687 836 738 887 in
765 837 1008 904 epistola,
1037 854 1194 906 quam
1227 839 1372 892 dedit
1400 840 1473 892 ad-
1495 839 1755 891 Thauma-

209 922 360 973 sium
393 925 730 987 monachum,
763 941 880 993 qua:
905 927 994 980 lib.
1024 929 1057 980 5
1095 936 1426 981 -numeratur
1453 929 1540 999 55,
1564 937 1672 980 tum
1703 929 1756 980 iu

208 1009 345 1070 alia,
373 1025 492 1078 quae
521 1013 828 1064 inscribitur
857 1014 1084 1068 Charieli
1128 1016 1432 1084 presbytero
1456 1017 1637 1069 eodem
1664 1017 1754 1068 lib.

210 1113 302 1159 tu,
337 1113 393 1150 η.
419 1098 541 1161 245,
575 1100 661 1151 ubi
692 1101 964 1166 Περϊτῶν
984 1100 1500 1168 κατανενυγμένων
1545 1101 1759 1153 conclu-

209 1185 342 1248 dit;
379 1194 430 1238 et
483 1187 693 1238 demum
746 1187 798 1238 iu
847 1187 936 1238 lib.
980 1203 1028 1238 iv
1059 1187 1296 1254 epistolis
1340 1188 1404 1240 de
1450 1185 1760 1245 κατανύξει

207 1272 484 1340 discipulo
516 1273 733 1326 directis
757 1275 807 1336 1,
829 1273 882 1336 2,
920 1276 971 1337 5,
1001 1276 1050 1337 4,
1083 1274 1133 1337 5,
1163 1275 1214 1332 6.

287 1360 365 1413 Ex
412 1361 517 1414 illis
566 1361 803 1428 epistolis
847 1363 1104 1429 pellucide
1151 1363 1440 1431 colligitur,
1489 1362 1660 1414 Nilum
1693 1361 1759 1412 ab

210 1449 487 1516 episcopis
512 1450 812 1504 consultum
867 1460 920 1504 et
963 1453 1029 1504 ab
1065 1453 1239 1505 omnis
1266 1453 1398 1505 artis
1443 1451 1759 1519 professori-

213 1537 342 1600 bus,
383 1524 646 1604 lprzeclare
675 1539 861 1604 pieque
887 1541 1241 1607 respondisse,
1278 1553 1374 1592 nec
1413 1540 1629 1592 dubium
1657 1545 1756 1599 est,

213 1629 397 1692 ipsum
427 1629 621 1681 divinis
649 1628 700 1679 iu
732 1629 975 1682 laudibus
1007 1628 1282 1682 assiduum
1312 1629 1498 1688 fuisse,
1525 1630 1760 1682 tandem-

1870 497 1978 537 tum
2008 492 2160 535 erant
2191 483 2335 543 libri,
2386 483 2473 550 qui
2511 490 2773 535 tomorum
2832 485 2982 537 titulo
3009 483 3404 551 designantur?

1866 572 1930 624 Π.
1966 571 2025 625 P.
2072 571 2252 624 Labbe
2290 571 2573 624 Societatis
2604 571 2748 634 Jcsu,
2779 570 2929 623 Tom.
2964 571 3049 632 ill,
3075 587 3125 639 p.
3161 573 3256 624 125
3286 572 3400 622 Dis-

1865 672 1986 713 sert.
2049 661 2266 726 thealog.
2320 660 2371 712 iu
2403 660 2539 713 hanc
2565 661 2874 713 sententiam
2906 662 3118 714 scribit:
3161 680 3177 711 ι
3213 661 3400 713 Omnia

1851 747 1964 800 .Nili
2005 748 2260 813 ogiuscula
2313 748 2545 798 nondum
2581 745 2860 813 quisquam
2913 747 2963 798 in
3016 762 3174 798 unum
3209 762 3400 814 corpus

1854 837 2097 902 redegit;
2148 836 2288 902 quod
2341 834 2514 886 luerat
2565 834 2852 900 optandum
2903 836 2954 886 iu
2989 834 3096 887 νγ.
3129 834 3226 886 PP.
3271 837 3395 888 edit.

1854 923 2141 978 Colonien.
2183 930 2233 972 et
2266 920 2527 973 Parisien.
2578 921 2828 974 Biblioth.
2877 922 3129 988 Pleraque
3159 922 3267 988 jam
3305 937 3398 973 cx—

1854 1022 2019 1074 staut,
2051 1013 2150 1064 alia
2182 1013 2505 1078 reperientur
2534 1011 2586 1062 in
2613 1010 2882 1073 Bavarica,
2926 1010 3198 1071 Vaticana,
3242 1031 3258 1061 ι
3293 1019 3393 1062 ctc.

1857 1100 2210 1166 Alphabetum
2236 1100 2444 1152 abbatis
2480 1098 2606 1159 Nili,
2647 1114 2754 1166 quo
2781 1102 3058 1152 erudiebat
3112 1101 3396 1152 monachos

1859 1203 1985 1241 suos
2015 1189 2079 1238 ad
2119 1188 2437 1255 syinbolicas
2473 1187 2766 1242 locutiones
2804 1189 2980 1257 lingua
3010 1189 3282 1256 Copthica,
3315 1189 3393 1240 iii-

1858 1275 2055 1327 dicavit
2090 1274 2216 1325 mihi
2249 1275 2309 1325 Β.
2347 1274 2405 1326 Ρ.
2436 1273 2660 1327 Kircher
2683 1275 3063 1339 amicissimus,
3108 1287 3158 1328 et
3189 1279 3392 1345 lingun-

1860 1379 1974 1413 rum
2013 1361 2387 1428 peritissimus,
2416 1379 2476 1415 ex
2505 1377 2674 1429 eoque
2705 1363 2952 1416 idiomate
2990 1380 3300 1418 conversum
3339 1366 3389 1416 iu

1859 1452 2098 1505 Gl'iBClllll
2136 1452 2252 1503 fuit.

1926 1542 1979 1592 in
2015 1541 2292 1608 llorologio
2326 1540 2499 1594 Cra-ca
2529 1542 2671 1594 edito
2701 1540 2933 1594 Venetifs
2966 1542 3116 1606 1565,
3161 1543 3209 1594 in
3242 1543 3383 1596 deci-

1862 1645 1947 1682 mo
1978 1639 2146 1688 sexto,
2184 1630 2248 1681 ad
2281 1631 2415 1681 diem
2454 1632 2513 1682 i9.
2542 1628 2894 1682 Novembris:
2925 1629 3036 1682 Τοῦ
3069 1633 3235 1683 ὁσιὉυ
3275 1635 3385 1683 Πα-

213 1731 326 1781 que
359 1718 410 1768 iu
439 1725 618 1770 monte
648 1716 775 1770 Sina
811 1718 1145 1784 grandaevum
1189 1718 1359 1771 \‘ivcre
1385 1718 1633 1771 desiisse:
1665 1718 1752 1770 diu

1822 1719 1829 1762 ι
1861 1716 1995 1783 τρός
2031 1715 2190 1784 ἡμῶν
2210 1718 2424 1768 Νείλου
2454 1717 2778 1778 κατάλυσις
2815 1717 2978 1768 οἴνου
3035 1717 3125 1769 καὶ
3161 1718 3380 1772 ἐλαίου.

211 1805 362 1856 enim
398 1805 546 1867 vixit,
573 1806 662 1872 qui
693 1806 826 1858 bene
857 1807 1016 1866 vixit;
1060 1807 1195 1859 sicut
1232 1805 1332 1859 Job
1373 1806 1551 1859 omnia
1583 1806 1757 1872 dupli-

211 1892 300 1943 cia
351 1893 485 1945 boua
537 1901 656 1960 post
702 1894 1045 1945 teutatioucm
1093 1896 1328 1960 accepit,
1375 1895 1447 1946 ita
1493 1893 1756 1960 duplicem

212 1978 372 2033 Nilus
411 1981 632 2048 gratiam
667 1982 886 2048 adeptus
913 1997 1032 2034 cum
1069 1981 1219 2049 foret,
1261 1993 1417 2048 atque
1450 1983 1609 2034 vitam
1634 1996 1755 2034 san-

208 2077 360 2119 etam
393 2069 754 2136 trausegisset,
783 2084 900 2122 cum
934 2069 1072 2132 aliis,
1103 2069 1208 2121 lilio
1232 2069 1452 2131 scilicet,
1495 2078 1545 2121 ct
1571 2083 1754 2120 mona-

126 2218 129 2219 ν
210 2155 334 2208 chis
365 2156 733 2210 exercentibus
753 2171 868 2210 sese
896 2158 1073 2218 simul,
1099 2159 1150 2209 iu
1181 2166 1372 2210 aeterna
1397 2158 1559 2225 gloria
1588 2158 1753 2209 victu—

210 2259 329 2306 rus,
346 2245 408 2296 ad
425 2259 511 2312 au.
528 2244 724 2298 Christi
754 2245 975 2299 45υείιέ
998 2246 1113 2307 451,
1138 2256 1296 2314 atque
1319 2247 1403 2297 ubi
1432 2250 1528 2298 tria
1561 2246 1751 2298 saecula

210 2328 540 2395 perfecisset,
571 2316 988 2384 sivetresaatates
1019 2330 1160 2400 (nam
1190 2331 1436 2399 qnmlibet
1465 2331 1749 2397 γενεά,δειι

208 2427 341 2470 aetas
361 2418 571 2487 triginta
583 2419 814 2470 continet
830 2420 1040 2488 annos),
1062 2421 1268 2473 transiit
1285 2421 1346 2473 ad
1363 2421 1543 2473 coelica
1561 2422 1748 2487 gaudia

210 2506 386 2571 Nilus,
411 2509 597 2560 relicto
617 2505 1012 2576 Theodulo,qui
1044 2518 1310 2575 parentem
1339 2509 1590 2568 imitatus,
1613 2508 1747 2574 jam-

131 2653 133 2655 ,
208 2611 319 2663 que
355 2595 554 2656 τέλειος
581 2595 897 2662 καλόγηρος,
937 2595 1203 2662 perfectus
1236 2612 1419 2659 senex,
1469 2611 1530 2649 ac
1559 2611 1746 2648 mona-

209 2687 348 2741 chus
375 2686 560 2754 pleuus
595 2686 802 2738 dierum
857 2701 920 2740 ac
948 2689 1280 2748 meritorum,
1326 2688 1490 2753 patris
1539 2685 1745 2753 regulas

207 2776 505 2829 observans
557 2781 610 2828 et
631 2774 851 2837 monita,
882 2774 1120 2841 jejuniis,
1152 2771 1503 2837 orationibus,
1537 2789 1599 2826 ac
1619 2774 1743 2826 diri-

208 2865 296 2918 uis
323 2864 588 2932 alloquiis,
617 2873 670 2917 et
696 2864 962 2918 exercitiis
991 2865 1245 2926 intentus,
1280 2863 1508 2931 denique
1535 2864 1739 2930 requie-

206 2953 285 3005 rit
310 2952 468 3006 etiam
497 2952 549 3006 in
580 2967 725 3020 pace.

277 3060 446 3112 Ambo
478 3061 530 3112 in
561 3067 738 3122 monte
777 3057 901 3111 Sina
939 3058 1288 3126 exspirarunt.
1315 3056 1552 3124 Deposita
1577 3067 1626 3109 et
1659 3068 1736 3109 tu-

203 3149 408 3198 mulata
440 3147 908 3213 luerunt,701ac
947 3145 1066 3198 inde
1091 3145 1604 3211 Constantinopolim
1639 3144 1738 3197 sub

196 3237 434 3304 iuniore,
467 3251 558 3289 seu
610 3237 902 3302 posteriore
930 3233 1138 3288 Justino
1174 3236 1491 3301 imperatore
1540 3233 1602 3284 ad
1640 3248 1734 3284 an-

203 3340 335 3396 nuui
367 3324 464 3378 567
495 3324 554 3377 P.
593 3323 658 3374 Ill.
696 3324 966 3390 deportata
993 3336 1215 3390 corpora
1247 3322 1503 3388 ipsorum,
1533 3329 1583 3372 et
1609 3320 1736 3371 alio-

203 3426 326 3463 rum
366 3421 670 3464 sauctorum
696 3411 1073 3463 monachorum
1104 3417 1423 3469 ascetarum,
1455 3416 1508 3459 ut
1539 3416 1733 3457 testan-

203 3507 294 3551 tur
329 3497 497 3550 Grzeci
523 3499 805 3564 scriptores
835 3495 1136 3562 Mcnologii,
1164 3503 1216 3545 et
1261 3492 1608 3560 Nicephorus,
1639 3492 1730 3543 lib.

201 3585 400 3638 Eccles.
442 3584 642 3637 Histor.
681 3599 787 3645 xiv,
828 3598 876 3634 c.
928 3582 1010 3634 Η.
1052 3582 1200 3634 Libet
1239 3595 1379 3633 nunc
1435 3579 1730 3642 adnectere,

199 3688 325 3742 quae
356 3676 601 3742 leguntur
637 3673 689 3725 in
723 3671 959 3725 Romano
992 3671 1366 3738 Martyrologio
1405 3671 1570 3737 pridie
1609 3669 1732 3720 ldus

199 3760 536 3826 Novembris,
591 3776 682 3814 seu
716 3761 800 3814 die
835 3760 1148 3812 duodecimo
1177 3775 1189 3807 :
1233 3776 1250 3808 ‹
1279 3757 1730 3822 Constantinopoli

200 3853 374 3907 sancti
409 3849 510 3903 Nili
541 3851 772 3909 abbatis,
827 3851 917 3913 qui
969 3863 1031 3898 ex
1082 3845 1326 3912 praefecto
1367 3846 1515 3898 urbis
1561 3845 1731 3898 factus

201 3941 498 3994 monachus
570 3939 670 3993 sub
730 3937 1030 3990 Theodosio
1081 3936 1319 4001 Juuiore,
1378 3936 1617 3988 doctrina
1679 3943 1732 3986 et

199 4029 482 4083 sanctitate
502 4027 726 4091 claruit;
753 4045 768 4075 ι
791 4026 1174 4078 ubicardiualis
1197 4025 1482 4089 Baronius;
1511 4022 1728 4076 Michael

196 4114 444 4169 Neander
474 4113 826 4176 Soravieusis,
850 4125 1127 4180 suspectus
1150 4115 1270 4166 licet
1302 4123 1508 4178 auctor,
1532 4114 1583 4164 iu
1614 4128 1726 4165 me—

197 4206 412 4273 nologio
469 4203 736 4278 Basiliano
792 4205 850 4257 Β.
925 4204 1097 4256 Nilum
1155 4213 1412 4256 memorat
1483 4203 1534 4253 in
1599 4203 1726 4255 urbe

193 4295 781 4363 Constantinopolitaua
839 4294 1106 4361 quondam
1175 4293 1483 4358 eparclium,
1544 4292 1594 4342 id
1646 4299 1799 4364 esto

195 4382 522 4451 praalectntn.
577 4382 799 4435 Sirletus
835 4383 886 4434 in
941 4381 1248 4447 Menologio,
1306 4379 1720 4432 Poss’cviuus'iu

193 4470 461 4534 Apparatu
479 4485 646 4532 sacro,
678 4468 857 4521 Sixtus
887 4469 1076 4520 Seueu.
1108 4467 1159 4517 in
1180 4466 1496 4516 Bibliotheca
1518 4476 1719 4527 sancta,

191 4554 478 4607 cardiualis
512 4553 859 4606 Bellarmiuus
892 4553 962 4603 De
991 4551 1320 4615 scriptoribus
1344 4551 1718 4612 ecclesiasticis,

191 4656 314 4708 pag.
347 4640 465 4704 ηδ,
494 4641 748 4692 Simlerus
779 4639 830 4690 in
855 4637 1088 4705 Epitome
1120 4638 1454 4690 Bibliothecw
1482 4638 1718 4698 Gesner-i,

190 4731 423 4796 suspeCIi
452 4730 644 4793 etiam;
683 4727 741 4778 P.
768 4727 1030 4780 Combelis
1061 4728 1124 4779 de
1160 4727 1498 4795 Cyriacorum
1531 4728 1722 4777 ἱιιιιιιιι⁴

193 4817 380 4879 nitate,
427 4833 476 4884 p.
532 4817 670 4882 127°,
711 4815 941 4868 Gretser.
994 4814 1065 4864 De
1097 4829 1242 4864 cruce
1271 4813 1362 4865 lib.
1397 4827 1432 4874 ι,
1479 4826 1593 4880 cap.
1632 4811 1725 4873 55,

194 4904 416 4957 Vossius
444 4905 534 4957 lib.
567 4921 625 4968 ιι,
654 4905 723 4956 De
751 4906 936 4956 histor.
965 4901 1126 4955 Graec.
1150 4917 1167 4951 :
1195 4900 1304 4952 Bail
1333 4901 1383 4952 iu
1409 4899 1720 4976 Bibliotheca

189 4993 473 5046 concionat.
520 5008 574 5060 p.
611 4993 728 5044 196.
763 4991 1078 5053 liabaliesu,
1114 4990 1443 5056 metropolita
1502 4988 1717 5048 Sohein,

189 5081 475 5136 Latinitate
516 5081 741 5132 donatus
788 5081 852 5132 ab
879 5081 1178 5146 Abrahamo
1214 5077 1555 5138 Echcllensi,'
1589 5076 1716 5127 mihi

187 5172 319 5226 olim
349 5169 638 5237 peramico,
671 5168 721 5219 in
751 5167 998 5235 Catalogo
1037 5169 1288 5220 librorum
1324 5165 1713 5227 Chaldmorum,

181 5261 281 5329 qui
313 5266 514 5326 prostat
549 5256 728 5308 Romae
763 5271 901 5308 anno
930 5255 1060 5308 1655
1110 5251 1340 5308 ex‘cusus
1382 5254 1434 5304 iu
1466 5252 1714 5304 duodeci-

184 5365 298 5412 mo,
329 5364 379 5416 p.
407 5349 490 5408 Μ,
519 5347 712 5398 indicat
741 5344 1018 5412 Evagrium
1045 5346 1361 5398 monachum
1386 5343 1522 5395 duos
1546 5350 1723 5412 tomos,

182 5437 573 5504 composuisse,
604 5442 657 5487 at
687 5434 859 5486 Nilum
903 5435 1216 5487 monachum
1260 5434 1394 5485 duos
1429 5432 1714 5494 admirabi-

183 5528 288 5589 lcs,
329 5534 379 5578 ct
413 5538 647 5578 crcmum
681 5522 891 5574 illorum
926 5520 1090 5574 fuisse
1147 5519 1418 5575 Lucinam,
1452 5518 1531 5572 Au
1565 5533 1710 5572 com-

1859 1806 2183 1859 Κοντάκιον
2215 1806 2314 1857 τοῦ
2350 1807 2539 1867 ὁσίου,
2559 1803 2703 1872 ἦχος
2732 1808 2830 1856 πλ.
2861 1806 2926 1856 6·
2965 1805 3039 1872 Τῇ
3072 1806 3383 1872 ὑπερμάχῳ

1859 1895 2159 1961 στρατηγῷ
2205 1893 2308 1958 τὰς
2344 1895 2736 1961 φρυγανώδεις
2779 1893 2891 1946 τῶν
2921 1893 3121 1946 παθῶν
3162 1896 3274 1945 τῶν
3313 1895 3378 1945 ἐκ

1855 1983 1957 2034 τοῦ
1979 1982 2244 2048 σώματος
2277 1962 2725 2045 mammam},
2748 1981 3050 2049 τμητικῶς,
3077 1983 3245 2034 Νεῖλε
3266 1998 3378 2050 μα-

1854 2071 2114 2135 κάριε,ἐν
2141 2071 2413 2136 ἀγρύπνῳ
2427 2085 2538 2122 σου
2554 2065 2896 2136 συνέκοψας
2921 2072 3130 2137 ἱκεσίᾳ·
3153 2073 3376 2134 ἀλλ’ὡς

1849 2159 2000 2225 ἔχων
2021 2160 2353 2224 παρρησίαν
2377 2160 2521 2224 πρὸς
2544 2160 2645 2210 τὸν
2670 2160 2880 2224 Κύριον
2908 2160 2974 2210 ἐκ
2992 2163 3281 2210 παντοίων
3300 2177 3374 2225 με

1849 2246 2136 2298 κινδύνων
2152 2247 2566 2312 ἐλευθέρωσον,
2605 2249 2700 2298 ἵνα
2721 2245 2898 2312 κράζω
2914 2263 3011 2299 σοι
3034 2265 3044 2276 ’
3069 2245 3368 2316 Χαίροι[ς1,

1849 2334 2052 2407 Πάτερ.
2086 2336 2430 2401 παγκόσμιε,
2486 2335 2534 2388 id
2590 2345 2688 2398 est,
2745 2344 2801 2387 ut
2856 2335 3196 2402 interpretor,
3253 2334 3371 2386 Nile

1848 2423 1987 2474 beate
2044 2425 2095 2471 in
2149 2421 2287 2488 vigili
2341 2433 2426 2474 tua
2468 2423 2837 2489 supplicatione
2886 2423 3154 2474 concidisti
3198 2423 3367 2474 cursim

1847 2511 2042 2560 cremiis
2071 2510 2263 2559 similes
2291 2511 2573 2574 passiones,
2596 2525 2709 2578 qua:
2733 2519 3045 2577 consurgunt
3071 2526 3097 2560 e
3127 2525 3367 2576 corpore;
3395 2534 3398 2547 ·

1845 2615 2013 2650 verum
2043 2601 2118 2648 uti
2146 2598 2337 2661 pollens
2372 2601 2673 2650 auctoritate
2692 2600 2828 2664 apud
2852 2599 3145 2660 Dominum,
3176 2615 3235 2649 ea:
3260 2615 3367 2649 om-

1843 2687 2039 2751 nigenis
2070 2685 2229 2736 libera
2261 2701 2337 2736 me
2361 2686 2621 2749 periculis,
2649 2695 2701 2738 ut
2729 2684 2806 2738 ad'
2826 2695 2872 2738 te
2896 2685 3222 2754 proclamem,
3255 2687 3361 2738 sal-

1843 2790 1914 2838 ve,
1950 2773 2108 2824 Pater
2138 2773 2341 2824 omnino
2369 2774 2634 2826 adornata.
2665 2774 2997 2842 Quantopere
3015 2775 3247 2842 jucunda
3280 2791 3363 2829 es-

1841 2872 1917 2914 set
1958 2861 2150 2912 natalis
2179 2860 2346 2913 sancti
2382 2857 2484 2912 Nili
2519 2861 2826 2914 solemuitas
2870 2863 2946 2914 vel
2978 2862 3099 2915 hinc
3139 2853 3362 2930 conjicc,

1839 2949 1979 3018 quod
2008 2950 2188 3000 vinum
2224 2949 2273 2998 iu
2303 2964 2362 3000 ca
2421 2950 2702 3024 oleumque
2745 2950 3150 3003 distribueretur
3177 2965 3362 3002 mona—

1838 3041 1950 3094 chis
1984 3055 2012 3092 a
2061 3041 2431 3107 paracellariis,
2475 3049 2526 3093 et
2559 3039 2887 3104 Contacium,
2936 3049 3180 3108 tanquam
3220 3056 3361 3107 ptes-

1839 3144 1902 3182 na
1934 3138 2202 3192 canerent,
2265 3130 2599 3196 sonitumque
2659 3129 2876 3196 plausus
2931 3131 3162 3190 ederent,
3210 3129 3363 3197 quasi

1838 3231 2085 3284 supremo
2110 3217 2386 3282 pugnatori
2441 3225 2488 3266 et
2512 3216 2781 3268 exercitus
2811 3217 2930 3268 duci
2956 3217 3255 3284 psallentes.
3285 3214 3358 3264 En

1835 3308 1989 3358 etiam
2025 3320 2053 3356 e
2087 3303 2285 3355 Μιξηιεο
2312 3301 2560 3355 Biblioth.
2594 3303 2894 3357 Barberiuzn
2914 3304 2984 3356 Μ.
3027 3305 3081 3357 S.
3113 3306 3226 3356 cod.
3259 3305 3354 3356 201

1836 3409 1885 3459 p.
1919 3393 2040 3444 255.
2533 3443 2538 3448 ﬁ

1834 3482 1987 3549 702
2018 3481 2169 3546 Μηνὶ
2196 3483 2586 3548 Νοεμϐρίῳ,ια’
2612 3484 2811 3549 ἡμέρᾳ,
2837 3481 3034 3550 μνήμη
3065 3482 3164 3534 τοῦ
3193 3483 3358 3548 ἁγίου

1831 3569 2050 3635 Πατρός
2103 3568 2267 3636 ἡμῶν
2312 3569 2603 3635 Θεοδώρου
2645 3569 2745 3621 τοῦ
2797 3569 3151 3621 Στουδίτου·
3186 3569 3235 3619 id
3279 3580 3357 3619 est

1833 3661 1992 3726 (sicut
2042 3662 2094 3712 in
2129 3661 2332 3724 edito):
2363 3660 2555 3712 Mensis
2605 3659 2908 3712 Novembris
2963 3659 3228 3711 undecima
3273 3658 3356 3710 die

1833 3747 2076 3796 memoria
2104 3747 2268 3795 sancti
2305 3744 2755 3796 Patris'Theodori
2781 3743 3002 3797 Studita:
3025 3762 3044 3806 ;
3069 3753 3120 3796 et
3142 3759 3189 3810 p.
3212 3743 3308 3796 236
3336 3761 3351 3796 :

1829 3832 1981 3897 Mqu
2001 3832 2311 3897 Νοεμϐρίῳ,
2331 3829 2404 3893 ιβ’
2422 3830 2603 3895 ἡμέρᾳ
2614 3828 2813 3896 μνήμη
2833 3831 2933 3882 τοῦ
2948 3831 3112 3896 ἁγίου
3133 3830 3354 3894 Πατρός

1827 3920 1990 3990 ἡμῶν
2004 3921 2216 3970 Νείλου
2228 3918 2328 3969 τοῦ
2349 3919 2652 3981 Ἀσκητοῦο
2669 3919 2716 3970 id
2730 3928 2808 3970 est
2825 3937 2837 3969 :
2852 3917 2904 3968 Μ
2909 3915 3040 3970 ensis
3049 3916 3104 3992 ,Ν
3109 3918 3349 3970 ovembris

1829 4014 1908 4064 die
1954 4010 2252 4062 duodecima
2304 4009 2546 4061 memoria
2604 4009 2771 4059 sancti
2813 4005 2987 4059 Patris
3049 4009 3207 4059 nostri
3237 4005 3353 4060 Nili

1826 4102 2202 4153 exercitatoris.

1903 4192 2190 4256 ΔΑἴγυπτον
2224 4188 2612 4260 ἄρδειΝεῐλος
2636 4203 2648 4215 ο
2680 4185 2834 4238 ἀλλὰ
2872 4184 2966 4236 καὶ
2996 4185 3190 4236 κτίσιν

1898 4286 1932 4330 Λ
1946 4280 2102 4346 όγοις
2132 4277 2398 4342 κατάρδει
2420 4276 2512 4326 καὶ
2543 4273 2732 4326 θανὼν
2762 4274 2968 4336 Νεῖλος
2984 4272 3186 4340 μέγας.

1893 4369 2092 4420 Pertuit
2123 4365 2386 4418 exundans
2418 4363 2699 4432 1Egyptum
2733 4362 2906 4424 Nilus,
2943 4373 2992 4413 at
3023 4379 3218 4414 omnem

1894 4457 2127 4508 Mortuus
2153 4454 2236 4503 hic
2270 4451 2425 4503 Nilus
2457 4451 2774 4503 sermonibus
2805 4451 2992 4518 irrigat
3021 4449 3210 4501 orbem.

1825 4543 2005 4609 Οὗτος
2021 4544 2206 4608 πολὺς
2232 4545 2299 4596 ἐν
2324 4545 2514 4609 λόγοις
2548 4542 2640 4595 καὶ
2663 4543 2729 4593 ἐν
2748 4541 2958 4609 ἔργοις,
2979 4541 3084 4603 ἕως
3108 4539 3212 4605 τῆς
3237 4543 3345 4600 ,βα-

1821 4640 2050 4701 σιλείας
2085 4637 2418 4702 Μαρκιανοῦ
2452 4636 2556 4687 τοῦ
2581 4635 2880 4699 βασιλέως
2907 4637 3158 4698 ἔπαρχος
3189 4635 3342 4690 Κων-

1820 4731 2365 4791 σταντινουπόλεως
2392 4725 2819 4793 γνωριζόμενος·
2836 4719 3027 4789 σεμνῇ
3061 4720 3125 4770 δὲ
3146 4736 3341 4787 γυναι-

1823 4820 1879 4870 κὶ
1935 4817 2298 4883 συζευχθεὶς,
2338 4816 2432 4869 καὶ
2485 4815 2591 4868 δύο
2638 4815 2833 4872 τέκνα,
2873 4810 3048 4874 appar
3069 4808 3161 4859 καὶ
3191 4807 3343 4872 θῆλυ

1819 4904 2142 4964 ἁποτεκὼν,
2193 4907 2306 4965 τὴν
2347 4899 2560 4953 ἑαυτοῦ
2611 4896 2892 4960 πεποίηκε
2933 4893 3187 4960 σύζυγον
3234 4891 3342 4956 τὴν

1818 4989 2444 5044 Κωνσταντινούπολιν
2480 4981 2840 5042 καταλιπεῖν,
2880 4981 2974 5033 καὶ
3003 4981 3070 5032 ἐν
3101 4979 3219 5041 τοῖς
3246 4981 3339 5030 Ab-

1817 5080 2040 5145 γύπτου
2061 5073 2477 5140 μοναστηρίοις
2504 5067 2973 5136 χατασκηνῶσαι,
2991 5065 3342 5135 μερίσασθαι

1816 5183 1877 5217 τε
1905 5164 1973 5215 τὰ
2007 5162 2196 5222 τέκνα,
2227 5161 2320 5210 καὶ
2353 5159 2489 5222 τοὺς
2511 5160 2809 5224 ἐκγόνους,
2833 5157 2964 5210 υἱὸν
2991 5156 3083 5208 καὶ
3108 5153 3341 5218 τὸνμὲν

1817 5248 2172 5316 παραλαϐεῖν
2197 5248 2298 5298 τὸν
2324 5247 2452 5298 υἱὸν
2480 5246 2822 5310 Θεόδουλον,
2848 5245 2958 5310 τὴν
2984 5242 3049 5293 δὲ
3076 5241 3185 5306 τὴν
3211 5241 3340 5290 ἐαυ-

1815 5340 1916 5388 τοῦ
1943 5336 2242 5404 θυγατέρασ
2278 5336 2370 5386 καὶ
2407 5336 2598 5409 οὕτως.
2627 5333 2983 5396 ποιήσαντες
3016 5328 3342 5392 διέστησαν

1814 5427 1908 5477 ἀπ’
1950 5424 2247 5488 ἀλλήλων.
2295 5425 2444 5475 Ἐπεὶ
2480 5422 2589 5475 οὖν
2636 5425 2666 5472 ό
2711 5418 2993 5487 μακάριος
3023 5415 3227 5479 Ιὶέἱῖος
3276 5415 3340 5466 τὸ

1770 5553 1777 5560 .
1816 5513 1947 5576 ὅρος
1981 5511 2232 5578 κατῆλθε
2267 5514 2366 5564 τοῦ
2396 5511 2534 5564 ruit
2564 5511 2654 5559 xui
2686 5507 2878 5574 συνῆν
2909 5507 3024 5570 τοῖς
3061 5507 3340 5572 Πατράσι,
