4122 6338
696 349 821 416 1431
926 344 927 349 “

1438 351 1582 411 JOS.
1624 346 1881 410 manu
1918 344 2261 407 sumes”
2292 302 2515 402 LIBER
2552 336 3169 399 CHRONOLOGICUS

3731 328 3870 390 1432

691 454 976 523 Βάρϐιιροί
1000 471 1153 519 τινες
1180 439 1463 521 ἐξαίφνης
1495 455 1769 526 ἐλθόντες
1792 454 1869 516 ὡς
1892 449 2087 517 θῆρες,
2113 448 2225 518 ,τὸν

2323 445 2389 497 ab
2418 445 2533 511 ipso
2562 442 2722 496 Petro
2754 451 2806 496 et
2832 430 2999 495 Paulo
3040 439 3399 508 apostolorum
3432 438 3769 506 principibus.
3793 441 3866 492 ad

697 545 830 596 υἱὸν
882 543 1210 595 Θεόδουλον
1257 542 1473 595 ἔλαϐον
1507 542 1625 594 σὺν
1676 540 1881 605 ἄλλοις
1921 539 2223 601 πλείστοις

688 632 1090 698 αἰχμαλώτοις,
1122 629 1193 683 ὃν
1220 631 1701 698 ὠςίαίχμάλωτον
1725 628 2017 695 ἐθρήνησε
2038 628 2223 680 πλέον

687 720 789 773 τοῦ
814 719 1193 783 καθήκοντος,
1228 718 1416 783 καθὼς
1448 719 1516 770 ὲν
1539 714 1615 781 τῷ
1640 717 1771 783 παρ’
1797 716 1976 770 αὑτοῦ
2012 733 2222 769 συντε-

688 807 843 859 θέν-τι
884 806 1170 877 γράμματι
1212 805 1535 873 ἐμφέρεται.
1581 805 1691 871 Τῆς
1729 807 1889 870 θείας
1935 800 2044 858 οὖν
2088 822 2221 858 κατ-

686 896 951 958 αξιωθεὶς
988 894 1331 961 ἱερωσύνης.
1357 893 1454 947 καὶ
1480 896 1701 961 λόγους
1725 892 2084 958 ἁσκητικοὺς
2116 892 2221 945 πά-

685 981 1066 1047 σηςσοφίας,
1089 970 1183 1031 real
1208 978 1529 1044 συνέσεως,
1560 978 1658 1032 καὶ
1695 979 1981 1046 ὠφελείας
2006 978 2218 1044 ἐκθεὶς,

684 1067 928 1135 δυνάμει
948 1070 1138 1134 λόγου
1178 1070 1272 1119 καὶ
1303 1067 1472 1135 ἀγίου
1506 1067 1841 1135 Πνεύματος
1865 1067 2054 1134 χάριτι
2076 1070 2222 1135 πρὸς

686 1158 946 1222 ἄσκησιν
972 1146 1419 1222 ἐπαλείφοιλτας,
1447 1152 1767 1218 ἐπιστολάς
1806 1170 1870 1206 τε
1901 1155 2019 1216 ,καὶ
2044 1155 2222 1222 κεφά-

684 1255 824 1303 λαια
874 1248 1127 1302 πλεῖστα
1177 1249 1449 1321 συνθεὶς,
1495 1250 1591 1303 καὶ
1634 1250 1903 1315 πολλοὺς
1955 1250 2035 1315 τῷ
2091 1253 2221 1314 θείῳ

685 1339 848 1403 ἔρωτι
901 1335 978 1401 τῷ
1019 1338 1244 1403 Χριστῷ
1287 1336 1358 1389 δι’
1385 1335 1579 1389 αὐτῶν
1610 1332 2096 1403 προσοιιιειώσας,
2154 1339 2223 1392 ἐν

683 1425 884 1492 εἰρήνῃ
935 1426 1280 1480 τελειοῦται.
1316 1424 1530 1477 Κεῒται.
1552 1424 1641 1488 δὲ,
1672 1424 1751 1489 ὥς
1784 1442 1990 1492 φασιν,
2022 1420 2220 1492 αὐτὸς,

685 1515 777 1566 καὶ
804 1517 836 1566 ό
871 1513 1195 1580 Θεόδουλος
1218 1519 1345 1582 υίὸς
1361 1514 1690 1582 αὑτοῦ,μεθ’
1713 1513 1926 1580 ἐτέρων
1947 1512 2223 1581 ἀσκητῶν

683 1604 751 1653 ἐν
760 1601 837 1665 τῷ
850 1602 1146 1669 σεϐασμίιρ
1166 1603 1286 1668 ναῷ
1308 1603 1422 1656 τῶν
1435 1602 1642 1671 Ἀγίων
1669 1601 2044 1654 Ἀποστὸλων
2062 1603 2129 1653 ἐν
2144 1600 2223 1666 τῷ

696 1691 1188 1757 Ὀρφανοτροεεείῳ
1258 1690 1531 1744 ὑποκάτω
1621 1690 2044 1755 θυσιαστηρίου
2104 1692 2220 1743 ὑπὸ

2328 533 2840 603 orphanotmpliium
2876 540 2957 586 est
2981 538 3371 592 constructum,
3422 528 3614 594 templo
3652 528 3861 596 reposi-

2321 634 2436 677 tum
2485 623 2653 685 fuisse
2702 621 2949 675 allirmat.
2989 619 3364 688 Apostolorum
3396 618 3671 671 ecclesiam
3721 620 3867 669 Con-

2320 709 2670 767 stantinushl.
2703 724 2843 761 anno
2873 707 3081 776 imperii
3121 706 3376 760 vicesimo
3405 706 3721 772 construxit.
3751 704 3867 757 Eu-

2327 804 2440 856 seb.
2478 800 2571 854 lib.
2617 815 2669 853 tv
2695 798 2770 851 De
2824 799 2914 850 sit.
2943 795 3302 859 Constantini,
3338 809 3454 861 cap.
3486 793 3554 848 58
3585 802 3637 847 et
3661 794 3763 860 59;
3794 809 3861 847 ex

2322 905 2495 958 eoque
2522 890 2783 943 Baronius
2819 884 3125 951 cardinalis,
3156 892 3209 937 et
3230 897 3261 937 e
3296 881 3515 937 Socrate
3540 881 3607 935 ad
3659 896 3861 934 annum

2321 978 2516 1033 Christi
2544 979 2654 1032 nati
2681 977 2784 1031 550
2831 976 2891 1030 Ρ.
2929 975 3021 1041 DL;
3054 972 3367 1028 instauravit
3392 970 3863 1043 Constantius‘an—

2319 1082 2390 1119 no
2416 1065 2556 1128 358;
2603 1066 2882 1119 dicebatur
2912 1063 3291 1132 Apostolmum.
3336 1058 3860 1129 Orphanotrophium

2320 1167 2497 1225 autem
2528 1156 2734 1226 primus
2783 1150 3018 1208 condidit
3052 1150 3532 1218 Constantinopoli,
3569 1157 3621 1203 et
3666 1148 3861 1217 hujus-

2322 1244 2707 1312 modipietatis
2736 1241 3008 1297 adinvenit
3036 1241 3263 1294 ofﬁcium
3292 1259 3303 1293 :
3330 1238 3564 1303 Zoticus,
3605 1238 3695 1293 el.
3728 1236 3861 1291 0m-

2322 1336 2399 1386 nis
2430 1336 2516 1398 '54,
2552 1334 2613 1389 C.
2648 1334 2721 1387 De
2751 1334 3023 1401 episcopis,
3068 1342 3116 1385 et
3151 1332 3387 1393 clericis;
3437 1339 3547 1384 tum
3575 1329 3761 1383 Nicon.
3792 1330 3863 1381 de

2322 1425 2519 1492 quibus
2546 1418 2728 1492 Cujac.
2759 1424 2850 1479 lib.
2895 1439 2933 1485 ι,
2966 1437 3083 1490 cap.
3126 1420 3491 1495 iﬁObservat.
3524 1420 3662 1487 jur.;
3691 1417 3861 1471 Justi-

2320 1513 2513 1566 nianus
2543 1512 2815 1582 Augustus
2841 1512 2907 1567 ad
2950 1511 3355 1565 Demosthenem
3383 1508 3448 1562 Ρ.
3481 1508 3542 1561 P.
3573 1509 3627 1562 in
3661 1508 3698 1560 l.
3729 1524 3867 1560 sane

2321 1602 2503 1663 cimus,
2533 1600 2593 1654 C.
2620 1600 2699 1653 De
2727 1608 3045 1653 sacrosancl.
3063 1598 3240 1650 eccles.
3268 1597 3421 1649 Anna
3445 1593 3739 1658 Comnena,
3760 1594 3863 1646 lib.

2324 1689 2391 1743 15
2415 1688 2686 1742 Alexiadis
2714 1689 2855 1742 circa
2881 1688 3161 1742 ecclesiam
3198 1687 3377 1740 Sancti
3401 1686 3548 1739 Pauli
3578 1682 3858 1752 Orpbano-

696 1780 1019 1832 ἰουστίνου
1034 1781 1139 1833 τοῦ
1148 1764 1450 1845 ,ϐασιλέως
1463 1795 1611 1832 κατα
1625 1777 2075 1851 [τε]θέντες.Εῑεὶ
2095 1778 2220 1833 Ροε-

2323 1780 2591 1846 trophium
2617 1795 2647 1833 a
2678 1790 2826 1849 patre
2866 1794 2966 1833 suo
2995 1778 3265 1832 conditum
3310 1777 3471 1830 tradit
3510 1776 3676 1830 instar
3705 1774 3862 1827 urbis

684 1882 832 1918 sinus
853 1883 915 1919 ex
930 1866 1227 1936 Menologio
1251 1866 1558 1922 Graecorum
1585 1866 1726 1919 istud
1746 1864 2218 1934 edideritElogium

684 1956 866 2013 Sancti
889 1957 1049 2025 hujus
1076 1954 1201 2020 Nili,
1230 1956 1467 2024 prompsi
1498 1964 1675 2009 tamen
1704 1969 1803 2023 ego
1828 1969 1893 2008 ex
1914 1954 2041 2017 alio,
2074 1957 2218 2023 quod

680 2052 954 2098 exaratum
1011 2047 1217 2099 calamo
1275 2047 1329 2099 in
1374 2044 1558 2098 charta
1599 2058 1897 2113 papyracea
1945 2044 2135 2096 visitur
2168 2048 2219 2097 in

681 2130 780 2185 BB.
808 2131 906 2184 BB.
932 2133 1017 2185 cui
1046 2132 1254 2185 rubrica
1300 2131 1618 2199 inscriptum
1650 2140 1753 2193 est,
1774 2128 1858 2197 Τῇ
1896 2130 2046 2196 αὐτῇ
2081 2129 2220 2197 ὴμέ-

571 2249 575 2252 ν
671 2222 999 2289 pa,"nempe
1048 2223 1159 2290 ipsa
1208 2221 1391 2276 eadem
1419 2220 1505 2275 die
1536 2217 1622 2288 ιβ’,
1650 2204 2006 2287 μνήμὴἦῴ
2050 2222 2220 2272 ὁσίου

679 2306 843 2376 ήμῶν
880 2310 1095 2362 Νείλου
1145 2309 1251 2363 τοῦ
1281 2308 1588 2375 ’Δσκητοῦ,
1625 2323 1733 2376 qua
1774 2308 1871 2362 die
1898 2308 2235 2371 celebratur,“

674 2396 875 2464 μνήμη
891 2413 955 2450 το
964 2396 994 2448 ῦ
1004 2395 1493 2465 ἐνάγὼιςΙΙατρὸς
1505 2394 1669 2463 ημῶν
1680 2396 1947 2463 Ἰωάννου
1962 2396 2221 2463 ἀρχιεπι-

677 2486 909 2539 σιιόπου
949 2486 1397 2552 ’Ἀλεξανδρείας
1424 2484 1531 2538 τοῦ
1572 2483 1928 2552 Ἐλεήμονος
1946 2498 1961 2514 ’
1991 2484 2220 2551 scriptor

682 2576 823 2628 illius
850 2585 961 2628 erat
979 2574 1188 2629 Blasius
1209 2577 1526 2638 monachus,
1551 2583 1607 2629 et
1624 2574 1690 2628 ad
1715 2574 2011 2641 marginem
2040 2572 2220 2625 varias

641 2663 932 2731 lectiones
992 2664 1263 2725 adnotavi,
1308 2663 1493 2731 sicque
1550 2663 1603 2715 in
1650 2661 1897 2718 Latinum
1949 2662 2215 2715 converti:

684 2751 784 2804 Hic
845 2751 1025 2820 (Nilus
1055 2752 1252 2821 nempe)
1286 2754 1479 2805 multus
1510 2752 1612 2821 fuit
1643 2753 1696 2806 in
1724 2749 2062 2815 sermonibus,
2090 2760 2139 2803 ct
2167 2751 2219 2804 in

680 2842 913 2908 operibus
943 2855 1099 2907 usque
1144 2843 1211 2893 ad
1254 2842 1524 2909 imperium
1556 2842 1881 2908 imperatoris
1937 2840 2215 2904 Marciani,

680 2923 948 2991 pratfeclus
1004 2921 1481 2990 Constantinopolis
1547 2923 1769 2975 innotuit
1831 2923 1850 2991 (
1896 2937 2019 2976 nam
2079 2921 2218 2991 ἀρχὴ

679 3013 846 3082 ἄνδρα
910 3011 1143 3065 δείκνυσι
1167 3030 1192 3074 ·,
1244 3012 1296 3064 id
1353 3020 1474 3076 est,
1522 3012 1865 3080 magistratus
1912 3015 2083 3073 virum
2136 3013 2219 3065 in-

680 3089 860 3169 dicat).
898 3100 1137 3155 lionestaz
1158 3117 1271 3154 vero
1306 3101 1507 3153 mulieri
1536 3100 1866 3153 matrimonio
1893 3101 2218 3167 conjunctus,
2244 3089 2249 3158 Ϊ

680 3185 905 3251 duosque
931 3182 1143 3245 liberos,
1184 3180 1471 3235 masculum
1493 3190 1541 3233 et
1586 3180 1849 3254 feminam,
1910 3181 2216 3247 suscipiens,

679 3272 865 3341 eﬂ'ecit,
890 3279 945 3323 ut
968 3270 1127 3337 ipsius
1174 3270 1363 3336 coniux
1394 3270 1645 3323 desereret
1691 3266 2215 3336 Constantinopolim,

679 3368 728 3411 et
756 3359 810 3410 in
836 3354 1048 3425 Egypti
1078 3356 1389 3409 monasteria
1415 3355 1662 3408 secederet
1685 3371 1704 3418 ;
1732 3354 2016 3423 partiretur
2057 3364 2104 3406 et
2150 3353 2218 3405 li-

683 3439 872 3514 bei‘os;
921 3457 969 3500 et
1015 3448 1123 3516 ipse
1166 3446 1371 3514 quidem
1418 3444 1633 3512 suscepit
1673 3440 1839 3512 [illum
1878 3440 2215 3504 Theodulum,

684 3540 779 3593 illa
802 3553 918 3591 uera
942 3537 1109 3605 ﬁliam
1139 3551 1324 3599 suam;
1355 3535 1531 3601 hisque
1559 3532 1803 3599 peractis,
1835 3530 2048 3583 invicem
2079 3546 2219 3596 sepe.

685 3628 789 3683 rati
814 3619 955 3680 sunt.
984 3624 1269 3692 Postquam
1298 3621 1458 3690 igitur
1495 3621 1678 3678 beatus,
1713 3612 1868 3671 Nilus
1899 3626 2122 3671 montem
2150 3618 2219 3669 ad

685 3716 811 3770 Sina
839 3715 1081 3783 perrexit,
1106 3721 1154 3767 et
1180 3720 1506 3766 conversatus
1530 3716 1606 3775 est
1648 3724 1764 3760 cum
1799 3706 2044 3761 Palribus
2068 3708 2216 3768 inibi,

676 3804 904 3868 barbari
945 3802 1158 3872 quidam
1203 3803 1467 3868 derepente
1508 3795 1931 3866 supervenientes,
1973 3798 2052 3849 uti
2096 3797 2219 3864 [erce

654 3940 655 3943 η
688 3891 886 3956 bellum,
910 3907 1024 3943 cum
1052 3886 1288 3957 pluribus
1312 3888 1432 3941 aliis
1457 3887 1694 3955 captiuis,
1723 3885 1897 3953 ﬁlium,
1924 3885 2035 3952 ejus
2064 3883 2219 3938 Theo-

685 3978 865 4035 dulunt
881 3987 1138 4045 ceperunt,
1155 3993 1301 4045 quem
1320 3979 1397 4031 uti
1418 3970 1672 4042 captivum
1690 3977 1743 4026 in
1760 3975 2057 4028 servitutem
2076 3975 2220 4037 reda-

688 4078 846 4131 ctum,
871 4066 1025 4136 703
1052 4066 1183 4117 luxit
1203 4066 1473 4133 plusquam
1501 4064 1762 4127 decuerat,
1784 4062 2217 4131 quemadmodum

687 4161 740 4217 in
765 4158 895 4211 libro
917 4171 1068 4225 super
1090 4171 1152 4209 ea
1183 4171 1234 4207 re
1255 4154 1534 4221 composito
1560 4151 1856 4220 prcefertur.
1882 4150 2067 4203 Divina
2121 4151 2219 4219 igi-

688 4260 771 4299 tur
795 4246 979 4315 dignus
1001 4243 1205 4297 habitus
1233 4243 1586 4312 presbyterum
1632 4241 1737 4307 ipse
1761 4238 1918 4294 Nilus
1948 4238 2217 4294 Sermones

635 4395 637 4398 ς
686 4336 747 4387 de
777 4335 1063 4388 mouastica
1092 4326 1472 4394 exercitatione,
1512 4331 1653 4384 omni
1680 4330 1954 4399 sapientia,
1993 4330 2217 4399 pruden—

688 4423 785 4485 tia,
808 4432 854 4474 et
891 4421 1119 4475 utilitate
1146 4422 1214 4475 ad
1232 4421 1650 4493 exercitationem
1700 4421 1911 4472 idoneos
1958 4420 2215 4487 exposuit,

687 4511 848 4579 quivi
879 4509 1117 4572 rationis,
1141 4519 1189 4562 et
1214 4508 1435 4577 Spiritus
1481 4509 1647 4563 sancti
1691 4507 1866 4577 gratia
1910 4515 2216 4575 perungunt.

689 4598 971 4667 Epistolas,
1012 4608 1059 4649 et
1110 4596 1350 4661 Capitula
1385 4597 1697 4661 composuit;
1732 4596 1996 4665 plerosque
2046 4594 2218 4649 divino

686 4689 844 4744 etiam
868 4703 1042 4741 amore
1064 4702 1154 4756 per
1182 4686 1295 4753 ipsa
1315 4684 1520 4738 Christo
1545 4702 1662 4738 cum
1686 4687 2011 4750 admovisset,
2039 4687 2092 4738 in
2118 4703 2215 4753 pa-

688 4793 742 4831 ce
770 4775 1099 4829 obdormivit.
1142 4774 1294 4828 Jacet
1323 4790 1439 4827 vero
1469 4771 1548 4843 (ut
1586 4772 1754 4841 aiunt)
1800 4775 1926 4840 ipse,
1977 4789 2036 4825 ac
2076 4774 2219 4825 illius

688 4867 827 4932 ﬁlius
862 4863 1149 4918 Tlteodulus
1175 4881 1289 4918 cum
1315 4864 1435 4917 aliis
1474 4863 1681 4926 ascetis,
1710 4861 1765 4914 id
1790 4870 1885 4926 est,
1917 4862 2221 4915 exercitato-

690 4954 829 5007 ribus
861 4955 915 5005 in
962 4956 1244 5007 venerando
1280 4963 1578 5008 sanctorum
1617 4951 1977 5021 Apostolorum
2034 4952 2220 5017 templa

692 5044 906 5111 inferius
953 5042 1045 5094 sub
1107 5043 1263 5096 altari
1309 5043 1566 5112 deportati
1622 5052 1669 5095 et
1713 5042 1975 5095 translati.
2026 5039 2219 5094 Verum

688 5135 908 5186 Allatius
935 5144 1148 5199 quoque
1180 5130 1379 5209 profert
1403 5132 1583 5185 eadem
1625 5130 1812 5195 ferme,
1847 5145 1966 5199 qua:
2021 5130 2225 5183 scilicet

689 5216 971 5284 exscripsit
1004 5231 1034 5268 e
1071 5214 1363 5281 Meuologio
1392 5215 1594 5281 Graeco,
1643 5216 1734 5269 sed
1779 5226 2061 5277 truncata;
2093 5216 2224 5268 nihil

690 5305 828 5357 enim
861 5305 926 5357 de
952 5298 1214 5371 sepulcro,
1250 5317 1303 5371 p.
1338 5302 1371 5354 9
1419 5302 1646 5355 Diatrib.
1685 5303 1747 5356 de
1770 5302 1928 5357 Nilis.
1961 5304 2223 5372 Nicepho-

689 5407 785 5446 rus
831 5407 973 5456 vero,
1006 5393 1098 5445 lib.
1131 5407 1241 5453 xrv,
1277 5407 1326 5445 c.
1358 5390 1444 5455 54,
1480 5390 1651 5443 Nilum
1702 5393 1807 5446 vita
1834 5394 2159 5448 defunctum
2194 5408 2222 5445 a

694 5484 901 5538 Justin
933 5485 1247 5552 posteriore,
1281 5485 1403 5537 inde
1429 5483 1565 5550 (sive
1598 5498 1627 5536 a
1660 5495 1837 5538 monte
1865 5483 2017 5547 Sina)
2051 5494 2226 5538 trans-

694 5572 854 5627 latum
884 5574 933 5626 in
960 5573 1300 5628 fundamento
1321 5568 1624 5627 sacratioris
1657 5583 1873 5638 mensae,
1892 5571 1956 5624 in
1989 5587 2051 5625 co
2085 5570 2226 5639 quod

2318 1864 2554 1933 amplum
2582 1865 2721 1919 istud
2753 1867 2809 1917 ὲν
2836 1866 2947 1926 τοῖς
2977 1865 3109 1934 πρὸς
3136 1864 3235 1933 τὴν
3286 1862 3577 1932 ἀκρόπολιν
3610 1861 3864 1930 μέρεσιν,

2318 1954 2442 2007 ἔνθα
2471 1955 2567 2007 καὶ
2612 1955 2670 2006 τὸ
2702 1953 2873 2023 στόμα
2901 1954 2993 2005 τοῦ
3012 1954 3209 2005 Πόντου
3232 1953 3515 2020 ἀνοίγεται,
3542 1959 3601 2005 ut
3627 1966 3712 2003 me
3737 1965 3859 2003 mo-

2320 2046 2440 2097 nuit
2474 2045 2796 2099 reverendus
2831 2036 2986 2096 Pater
3017 2043 3296 2106 Pessinus,
3329 2043 3423 2112 qui
3450 2042 3603 2095 vertit
3629 2041 3682 2094 in
3713 2040 3861 2093 Lati-

2320 2146 2444 2184 num
2475 2146 2526 2199 p.
2552 2130 2656 2183 482
2683 2131 2749 2182 ad
2778 2129 2900 2182 485.
2925 2127 3046 2182 Fuit
3071 2137 3124 2181 et
3140 2127 3321 2181 Romae
3340 2126 3857 2196 Orphanotropbium

2319 2220 2589 2273 conditum
2610 2204 2654 2271 'a
2692 2217 2949 2285 Gregorio
2979 2216 3047 2271 Μ.
3095 2217 3149 2269 in
3177 2216 3341 2271 Notit.
3373 2215 3500 2270 νοις.
3533 2210 3729 2269 Eccles.
3762 2214 3857 2267 ubi

2319 2324 2481 2363 nunc.
2511 2307 2695 2362 Sancti
2734 2308 2988 2375 Stephani
3039 2307 3261 2360 ecclesia
3301 2293 3502 2368 est,-et
3555 2303 3857 2371 Hospitium

2319 2397 2633 2465 Ethiopum
2681 2397 2793 2450 sive
2848 2395 3097 2451 ludorum
3126 2433 3141 2456 ,
3205 2393 3489 2447 Alexandri
3515 2392 3575 2445 III
3630 2404 3861 2445 munere

2320 2485 2461 2538 haud
2495 2484 2682 2553 procul
2714 2499 2743 2536 a
2773 2482 3002 2536 Basilica
3045 2481 3224 2536 Sancti
3258 2482 3422 2544 Petri,
3448 2491 3501 2535 et
3530 2480 3709 2534 Sancti
3736 2479 3859 2534 Ste-

2318 2572 2477 2639 phani
2503 2570 2779 2624 ecclesiam
2807 2568 3304 2633 Cata-Barbaraz,et
3326 2567 3638 2623 Gala-Gallae
3674 2577 3853 2632 vocat,

2317 2676 2349 2715 e
2375 2659 2670 2725 Grimaldo,
2697 2668 2749 2715 et
2777 2659 3180 2715 Martinello.Ad
3205 2659 3567 2713 illustrandam
3590 2660 3857 2712 narratio-

2318 2763 2461 2814 nem,
2487 2757 2539 2802 et
2563 2748 2727 2802 vitam
2762 2746 2868 2801 Nili
2918 2746 3308 2812 elucidandam,
3338 2747 3477 2800 haud
3525 2748 3633 2809 erit.
3668 2748 3762 2811 abs
3797 2764 3859 2801 re

2317 2835 2435 2907 quae
2461 2840 2710 2908 leguntur
2736 2838 2790 2890 in
2812 2836 3106 2904 Menologio
3148 2838 3276 2905 imp.
3311 2836 3485 2891 Basilii
3524 2847 3645 2890 ante
3683 2853 3858 2893 annos

2320 2925 2439 2992 727,
2470 2926 2582 2981 MS.
2604 2926 2747 2996 quod
2780 2924 2991 2979 Paulus,
3045 2922 3088 2977 γ
3122 2924 3260 2995 Bibl.
3295 2923 3465 2985 Vatic.
3497 2924 3692 2988 intulit,
3736 2927 3859 2979 eui-

2316 3030 2421 3084 que
2459 3016 2513 3069 in
2543 3006 2782 3085 margine
2812 3010 2876 3068 C.
2914 3013 2968 3079 7,
2990 3012 3080 3065 τοῦ
3111 3012 3210 3081 βλα
3249 3013 3302 3067 id
3326 3017 3427 3075 est‘,
3456 3001 3638 3067 codice
3660 3011 3689 3064 7
3713 3021 3857 3066 tem-

2318 3104 2391 3172 pli
2442 3102 2795 3157 Blachernen.
2843 3101 3345 3179 Constantinopoli,
3382 3110 3435 3155 et
3490 3116 3609 3171 quae
3651 3102 3857 3157 contuli

2318 3208 2449 3272 cum
2468 3192 2653 3247 codice
2687 3192 2774 3254 74,
2797 3192 2921 3246 item
2938 3207 3039 3247 ms.
3062 3191 3288 3244 BB.BB.
3318 3206 3371 3259 p.
3404 3192 3493 3257 45,
3527 3193 3814 3260 appingere
3838 3210 3857 3245 :

2321 3277 2400 3345 Τῇ
2434 3276 2582 3344 αὐτῇ
2611 3275 2799 3344 ἡμέρᾳ
2828 3275 2900 3327 ιδ’
2937 3276 3289 3342 Ἰανουάριον
3319 3275 3522 3344 μνήμη
3551 3277 3653 3330 τοῦ
3680 3279 3859 3330 ὁσίου

2316 3364 2542 3432 Πατρός
2580 3363 2743 3432 ἡμῶν
2796 3362 3146 3416 Θεοδούλου.
3188 3356 3400 3426 οὗτος
3432 3362 3697 3429 ὑπῆρχεν
3725 3364 3860 3423 υίὸς

2313 3454 2529 3505 Νείλου
2579 3452 2680 3505 τοῦ
2724 3451 2920 3518 σοφοῦ
2965 3450 3071 3504 τοῦ
3111 3452 3413 3518 γεγονότος
3444 3449 3558 3517 μὲν
3595 3450 3857 3517 ἐπάρχου

2317 3532 2992 3604 Κωνσταντινουπόλεως
3009 3528 3485 3604 ,καταλιπόντος
3514 3538 3581 3590 δὲ
3614 3539 3724 3605 τὴν
3755 3538 3858 3591 δό-

2318 3628 2432 3689 ξαν
2452 3627 2554 3680 τοῦ
2575 3616 2823 3697 πόσμουλ.
2850 3627 2947 3679 καὶ.
2966 3628 3351 3692 ἀπελθόντος,
3374 3627 3468 3680 καὶ
3481 3628 3859 3695 μονάσαντσς

2315 3716 2385 3767 ἐν
2426 3714 2504 3779 τῷ
2546 3712 2667 3782 ὄρει
2700 3712 2846 3781 Σινᾷ
2867 3715 3018 3781 μετὰ
3050 3713 3158 3766 τοῦ
3188 3701 3321 3767 vici}
3349 3715 3532 3779 αὐτοῦ
3555 3732 3570 3746 ·
3600 3716 3716 3769 τῶν
3745 3718 3859 3770 δύο

2313 3803 2381 3856 δὲ
2418 3804 2804 3880 ὑπαρχόντων
2845 3803 3046 3857 ἔπειτα
3063 3843 3078 3868 ,
3111 3803 3205 3855 καὶ
3235 3804 3349 3868 τὴν
3373 3804 3707 3869 ἀσκητικὴν
3747 3815 3854 3857 πο.

2312 3896 2539 3970 λιτείαν
2562 3893 2884 3962 διαγόντων
2911 3893 3203 3961 ἐξαίφνης
3223 3893 3860 3961 ἐπιπεσόντων-Βαρσά-

2307 3988 2450 4047 ρων,
2492 3980 2591 4032 καὶ
2642 3979 2987 4048 ἀρξαμένων
3040 3981 3438 4048 κατασφάξειν
3476 3982 3629 4046 τοὺς.
3652 3982 3866 4050 ἀγίους

2317 4068 2594 4137 Πατέρας,
2627 4071 2659 4121 ό
2684 4067 2799 4136 μέν
2837 4067 3047 4132 Νεῖλος
3070 4069 3148 4133 ὡς
3169 4069 3436 4135 ἠδυνήθη
3468 4072 3752 4139 ἔφυγεν,ό
3790 4071 3860 4123 δὲ

2317 4157 2445 4222 υἱὸς
2466 4157 2648 4211 αὑτοῦ
2665 4157 2988 4222 Θεόδουλος
3012 4158 3305 4226 ἐκρατήθη
3333 4160 3692 4237 αἰχμάλωτος
3709 4163 3862 4229 μετὰ

2289 4245 2517 4312 ηιξτέρου
2550 4245 2685 4311 ἐνὸς
2716 4245 2867 4311 υἱοῦ,
2894 4244 2990 4297 καὶ
3022 4244 3287 4311 δεθέντες
3305 4236 3622 4310 ἀπήγοντο
3651 4250 3860 4313 εὑρόν-

2246 4374 2294 4436 D
2315 4352 2430 4388 των
2452 4333 2611 4409 ’1οῇ
2632 4334 2697 4387 δὲ
2719 4334 2836 4388 τῶν
2858 4335 3171 4402 Βαρϐάρων
3195 4338 3378 4389 τόπον
3395 4336 3662 4404 χλοερὸν,
3691 4338 3863 4389 κατέ-

2316 4438 2557 4475 παυσαν
2588 4464 2603 4487 ,
2629 4423 2726 4476 καὶ
2752 4424 3069 4476 ἐϐούλοντο
3091 4424 3313 4491 σφάξαι
3336 4426 3474 4490 τοὺς
3494 4426 3664 4487 νέους
3702 4464 3719 4488 ,
3759 4428 3864 4477 καὶ

2278 4501 2282 4504 ’
2317 4511 2492 4564 θῦσαι
2520 4509 2597 4575 τῷ
2620 4511 2729 4578 πρὸ
2754 4511 2856 4565 τοῦ
2883 4501 3061 4587 ἡλίου
3090 4512 3477 4566 ἀνατέλλοντι
3518 4501 3731 4579 ἄστρῳ,
3760 4516 3864 4564 καὶ

2314 4598 2706 4666 βουλομένων
2751 4599 2857 4651 τοῦ
2889 4601 3037 4667 πρωῒ
3086 4586 3307 4669 σφάξαι
3347 4601 3485 4664 τσὺς
3526 4602 3719 4664 νέους,
3759 4604 3863 4653 καὶ

2319 4687 2638 4757 προσάγειν
2678 4689 2896 4741 θυσίαν
2936 4689 3014 4753 τῷ
3055 4686 3250 4756 ἄστρῳ
3264 4688 3513 4755 πρωτνῷ.
3544 4691 3638 4741 καὶ
3680 4692 3713 4741 ό
3745 4690 3868 4757 μὲν
3972 4722 3975 4723 ν

2318 4770 2403 4837 εἷς
2428 4773 2666 4840 ἔφυγεν,
2692 4777 2746 4827 ol
2768 4773 2835 4825 δὲ
2855 4774 3135 4842 Βὰρόαροι
3155 4774 3543 4842 κοιμηθέντες,
3561 4774 3663 4829 τοῦ
3685 4777 3868 4842 ἡλίου

2318 4861 2737 4927 ἀνατείλαντος
2782 4863 2881 4914 καὶ
2930 4864 3035 4916 τοῦ
3078 4862 3299 4929 ἄστρου
3352 4864 3664 4930 κρυόέντος
3683 4905 3699 4929 ,
3746 4869 3866 4917 οὐκ

2320 4952 2591 5019 ἔσφαξαν
2612 4953 3078 5007 τὸννΘεόδουλονο
3095 4953 3452 5020 ,ϐουλόμενοι
3476 4954 3543 5005 δέ
3565 4952 3864 5018 πωλῆσαι,

2271 5112 2277 5116 ,
2319 5039 2427 5094 δύο
2442 5044 2665 5108 μόνσυς
2691 5041 3020 5107 χρυσίνους
3044 5040 3398 5108 ἐλάμϐανον,
3426 5044 3521 5094 καὶ
3550 5038 3869 5109 γυμνώσας

2321 5132 2353 5181 ό
2385 5124 2470 5193 εἷς
2494 5128 2556 5181 τὸ
2585 5128 2754 5195 ξίφος
2789 5127 2963 5193 ἤθελε
2989 5122 3232 5196 σφάξαν
3285 5130 3415 5182 τοτὲ
3442 5131 3737 5197 ἠγόρασεν
3758 5133 3871 5183 αὑ-

2323 5216 2428 5268 τὸν
2479 5216 2844 5279 Ἐπίσκοπος
2867 5254 2883 5279 ,
2925 5218 3020 5270 καὶ
3048 5218 3345 5284 ἀπέλυσε,
3376 5218 3471 5271 καὶ
3504 5216 3697 5282 καλῶς
3718 5220 3869 5286 ,βιώ-

2327 5321 2441 5373 σας
2464 5306 2769 5374 ἐκοιμήθη.
2800 5304 2951 5370 Ωυιε,
2993 5322 3076 5360 me
3108 5309 3414 5375 interprete,
3443 5309 3513 5359 ita
3529 5317 3726 5361 sonant
3760 5307 3871 5363 La-

2328 5395 2436 5447 tine
2481 5394 2725 5448 :Eadem
2768 5395 2847 5446 die
2878 5397 3077 5449 decima
3097 5406 3285 5464 quarta
3324 5393 3571 5449 Januarii
3614 5400 3873 5449 memoria

2326 5486 2494 5535 sancti
2523 5482 2702 5537 Patris
2732 5486 2895 5537 nostri
2918 5471 3445 5545 Tlteoduli.Fuitiste
3457 5484 3608 5557 ﬁlius
3635 5482 3753 5537 Nili
3776 5503 3839 5536 sa
3864 5513 3879 5525 -

2326 5573 2528 5637 pientis,
2556 5574 2643 5641 qui
2669 5574 2867 5629 exstiti.
2889 5574 3164 5650 pra'fectus
3194 5571 3700 5642 Constantinopolis,
3743 5590 3870 5643 qur-
