4122 6338
251 301 387 366 1433

1507 302 1601 360 DE
1639 304 1810 360 VITA
1857 304 1914 360 S.
1960 303 2140 360 NlLl.

3275 308 3294 368 1
3307 310 3407 370 434

247 427 347 479 que
369 409 637 477 dereliquit
672 408 893 478 gloriam
919 409 1116 472 mundi,
1140 417 1186 460 et
1218 409 1342 459 abiit
1365 408 1418 458 in
1442 420 1660 459 montem
1690 407 1772 460 Si-
1805 414 1845 465 Α
1874 419 1922 460 ct
1959 425 2076 474 quzc
2105 409 2303 464 inserui
2350 423 2507 476 supra
2559 424 2675 478 pag.
2699 409 2800 464 679
2845 424 2894 463 et
2917 412 3034 474 668,
3063 428 3156 480 per
3188 413 3407 483 ὕστερον

249 513 338 556 na,
361 497 524 561 ibique
553 511 665 547 cum
699 494 808 560 ﬁlio
840 494 1200 546 monachatum
1226 493 1485 562 professus
1508 503 1598 551 est.
1631 509 1772 544 cum-

247 603 343 656 que
359 586 586 636 ibiambo
612 585 930 646 exsisterent,
949 591 994 634 et
1014 585 1168 634 vitam
1187 582 1603 633 exercitatoriam
1625 581 1776 631 duce-

248 687 382 738 rent,
399 692 462 728 ex
476 675 746 742 improviso
765 673 1138 724 incurrentibus
1158 671 1391 722 barbaris
1439 681 1485 722 et
1500 670 1773 738 aggressis,

239 767 482 835 jugulare
510 774 712 817 sanctos
746 760 946 813 Patres.
999 761 1152 812 Nilus
1186 761 1388 827 quidem
1414 761 1577 826 potuit
1622 759 1776 824 aufu-

245 874 384 924 gere,
428 857 537 924 ejus
579 865 748 907 autem
789 853 930 920 ﬁlius
976 854 1029 903 in
1073 861 1373 926 potestatem
1414 867 1586 902 eorum
1636 851 1767 901 venit

243 950 478 1016 captivus
509 963 621 997 cum
641 961 741 996 uno
769 945 871 1005 alio
895 943 1228 1004 adolescente,
1266 952 1312 993 et
1344 942 1506 1008 ligati,
1532 941 1705 1000 tracti,
1729 949 1776 991 et

245 1040 457 1090 abducti
491 1038 721 1104 fuerunt.
767 1035 832 1084 At
876 1031 1085 1084 barbari
1122 1048 1242 1104 cum
1278 1032 1578 1083 invenissent
1609 1031 1774 1080 larunt

245 1128 506 1187 virentem,
542 1122 912 1190 requieverunt,
944 1117 1270 1190 volebantque
1307 1115 1550 1182 jugulare
1600 1113 1776 1164 adole-

242 1224 460 1274 scentes,
492 1222 540 1264 et
563 1192 856 1276 sacrificare
887 1187 1063 1260 Stella’
1085 1207 1268 1257 orienti
1291 1217 1406 1257 ante
1439 1204 1615 1263 solem,
1637 1219 1777 1254 cunt-

240 1320 342 1371 que
369 1311 648 1353 statuerent
673 1314 819 1350 mane
838 1297 1082 1364 jugulare
1123 1296 1484 1356 adolescentes,
1522 1303 1563 1345 3t
1594 1293 1775 1358 offerre

241 1393 562 1458 sacri/icium
588 1388 766 1442 Stella:
803 1387 1086 1448 matutiuw,
1126 1402 1256 1438 unus
1298 1385 1499 1451 quidem
1554 1383 1774 1450 effugit;

244 1482 455 1533 barbari
501 1495 653 1548 porro
702 1479 1140 1536 indormiseentes,
1192 1484 1368 1527 exorto
1393 1476 1516 1535 sole,
1553 1483 1598 1524 et
1628 1469 1774 1524 stella

239 1571 351 1636 iam
375 1569 658 1628 recondita,
703 1567 910 1617 minime
944 1565 1256 1617 Theodulum
1283 1563 1629 1630 jugularunt;
1659 1576 1772 1610 cum

245 1670 418 1709 autem
440 1656 706 1708 divendere
727 1655 929 1716 vellent,
958 1654 1085 1705 duos
1138 1663 1340 1703 tantum
1369 1667 1547 1704 aureos
1577 1666 1774 1716 compe-

1881 499 2155 565 πρότερον,
2179 498 2333 566 705
2351 507 2403 550 et
2419 499 2700 563 ἄνωκάτω,
2727 500 2886 562 idest,
2902 518 2988 554 sus
3006 505 3165 570 deque
3186 505 3405 569 integra;

1878 603 1998 639 nam
2045 587 2234 652 Photii,
2267 588 2568 655 Nicephori,
2599 600 2649 643 et
2681 591 2905 642 aliorum
2935 591 3254 658 scriptorum
3291 592 3406 645 lot-a

1878 678 2120 731 laudibus
2159 679 2327 730 sancli
2362 678 2460 730 Nili
2503 680 2852 745 personantia
2883 695 3166 748 congerere
3191 681 3402 746 longum

1878 769 2034 820 nimis
2061 779 2111 820 et
2151 768 2388 834 putidum
2439 767 2622 820 foret:
2671 784 2730 821 ea
2785 778 3036 836 praetcrea
3079 778 3185 821 tam
3236 769 3302 822 R.
3343 769 3401 822 P.

1877 853 2150 920 Pessinus,
2186 874 2344 925 quam
2374 855 2598 910 Allatius
2643 857 2761 912 fuse
2807 860 3196 926 pmmiserunt.
3228 858 3402 912 Unum

1874 952 2187 1013 observabo,
2219 959 2476 1019 martyres
2504 951 2629 1003 olim
2662 961 2944 1018 antequam
2970 951 3176 1019 publica
3200 951 3303 1004 illis
3320 967 3406 1003 ve—

1875 1043 2076 1095 neratio
2097 1042 2486 1103 decerneretur,
2512 1040 2689 1106 illique
2727 1040 2779 1092 in
2803 1031 3072 1093 Cauonem
3097 1040 3290 1102 Missae,
3309 1056 3402 1093 seu

1877 1132 2296 1199 Liturgisesacra:
2319 1129 2570 1198 Diptycha
2589 1129 2930 1192 referrentur,
2951 1130 3136 1183 solitos
3151 1129 3404 1182 vindicari

1876 1225 1971 1276 abs
1993 1222 2279 1290 episcopis,
2301 1220 2392 1287 qui
2415 1220 2692 1286 diligenter
2724 1218 3060 1285 inquirebant
3087 1234 3206 1281 cum
3227 1219 3400 1287 'plebi-~

1873 1313 1992 1371 bus.
2011 1328 2074 1364 ex
2099 1311 2284 1378 Optato
2309 1309 2738 1369 Milevitano,lib.
2768 1309 2788 1359 1
2816 1307 3006 1360 Contra
3041 1307 3401 1373 Parntenian.,

1874 1413 1924 1456 ct
1944 1418 1973 1454 e
2001 1411 2183 1453 saneto
2207 1400 2500 1467 Augustino
2524 1399 2574 1450 in
2603 1398 2796 1453 Brevic.
2820 1411 2931 1466 post
2956 1399 3241 1463 collation.,
3277 1416 3405 1466 sup-

1874 1492 2015 1560 plicii
2071 1499 2229 1556 atque
2287 1491 2431 1542 necis
2463 1504 2702 1551 causam,
2750 1505 2866 1556 quae
2905 1488 3030 1541 facit
3078 1499 3400 1557 martyrem;

1873 1592 2046 1646 neque
2103 1591 2226 1628 vero
2261 1590 2356 1643 pro
2407 1586 2637 1643 martyre
2677 1575 2812 1644 Deus
2846 1576 3120 1637 orahatur,
3175 1591 3239 1626 ne
3273 1576 3400 1627 huic

1873 1653 2065 1736 injuria
2119 1668 2300 1730 ﬁeret;
2349 1666 2438 1719 sed
2473 1664 2518 1718 is
2544 1666 2845 1732 rogabatur,
2876 1676 2933 1716 ut
2959 1680 3052 1731 pro
3085 1665 3237 1717 nobis
3269 1679 3398 1717 exo-

244 1748 467 1810 riebant,
500 1755 547 1798 et
579 1760 709 1797 unus
762 1743 1025 1796 denudans
1048 1759 1239 1805 ensem,
1269 1742 1462 1794 volebat
1501 1752 1770 1800 mactare;
1802 1777 1843 1830 Β
1873 1768 2014 1812 ..πει
2067 1757 2252 1819 Dum],
2306 1765 2417 1808 mm
2477 1770 2639 1821 super
2685 1754 2801 1821 ejus
2852 1764 3252 1807 monumentum
3305 1768 3400 1806 ex-

244 1846 356 1887 tum
383 1837 644 1901 episcopus
681 1847 792 1884 eum
835 1831 1062 1891 redemit,
1106 1839 1152 1881 et
1198 1829 1448 1889 liberavit;
1495 1837 1546 1879 at
1583 1829 1668 1878 ille
1702 1828 1771 1878 vi-

241 1941 366 1978 vens
397 1923 642 1991 praeclare
666 1920 958 1972 obdormiit.
988 1919 1435 1983 Adnotategrcgie
1458 1917 1518 1970 Β.
1555 1917 1614 1968 Ρ.
1645 1919 1768 1970 Pos-

242 2017 398 2069 sinus
437 2026 646 2080 semper
679 2009 1096 2068 laudatissimus,
1129 2023 1176 2074 p.
1218 2007 1308 2059 181
1379 2005 1524 2059 Nott.
1561 2007 1643 2060 bis
1694 1991 1781 2057 di-I

241 2103 536 2164 venditum,
577 2112 638 2150 ac
665 2097 854 2164 legitur
901 2097 951 2145 in
991 2095 1155 2147 altero
1205 2094 1380 2146 codiC(
1442 2109 1579 2147 ms.:
1621 2093 1766 2144 Αὐτὸ

241 2194 354 2260 τὰρ
380 2179 777 2245 θεοποιοῦνται
796 2190 848 2238 ol
873 2186 1124 2253 μάταιοι,
1148 2185 1413 2251 ἠδυνήθη
1433 2184 1640 2252 φυγεῖν
1659 2179 1770 2247 εἷς·

240 2279 467 2345 συνέϐη
501 2296 560 2331 τε
590 2280 681 2330 καὶ
723 2277 886 2341 ὕπνῳ
913 2276 1144 2340 πρωϊνῷ
1175 2272 1668 2340 κατασχεσθῆναι,
1708 2274 1776 2325 ἐν

243 2389 310 2425 τε
340 2367 652 2436 παρελθεῖν
680 2367 784 2419 τὸν
809 2367 1046 2434 ἀστέρα.
1074 2367 1110 2430 ἢ
1139 2363 1438 2417 ἀνατεῖλαι
1461 2366 1564 2416 τὸν
1584 2363 1773 2428 ἣλιον,

241 2461 341 2514 καὶ
377 2456 717 2510 καταλιπεῖν
747 2455 850 2506 τοῦ
878 2454 1099 2521 σφάξαι
1129 2453 1234 2504 τὸν
1272 2452 1613 2513 Θεόδουλον,
1645 2451 1780 2504 ὅθεν

243 2551 510 2613 ἑάθησαν
534 2547 716 2598 αὑτὸν
744 2548 828 2608 εὶς
849 2544 1084 2610 πρᾶσιν.
1109 2547 1211 2607 Εις
1233 2547 1410 2595 πόλιν
1430 2561 1562 2618 τινα¹
1580 2545 1779 2596 ἐλθόν-

241 2651 342 2698 τες
373 2633 566 2701 μηδὲν
589 2633 791 2698 ἕτερον
826 2633 1101 2698 φέροντες
1125 2633 1226 2682 τοῦ
1251 2631 1574 2683 Θεοδούλου
1610 2635 1660 2682 εὶ
1693 2630 1777 2695 μὴ

241 2722 353 2774 δύο
379 2722 702 2789 χρυσίνους
728 2721 1073 2787 ἐγύμνωσαν
1109 2723 1176 2773 τὸ
1202 2721 1392 2787 ξίφος,
1435 2720 1529 2772 καὶ
1566 2719 1781 2773 ἔθεσαν

241 2813 341 2864 ἐπὶ
392 2811 497 2863 τὸν
551 2808 847 2878 τράχηλον
888 2810 1070 2862 αὑτοῦ
1117 2809 1484 2875 ἀπελοῦντες
1529 2807 1776 2875 σφάξαι.

244 2899 429 2953 αὐτοῦ
495 2899 564 2950 δὲ
644 2900 1009 2961 ἱκετεύοντος
1081 2899 1380 2966 ἠγοράσθη
1450 2897 1604 2965 παρὰ
1676 2897 1780 2950 τοῦ

247 2988 574 3040 ἐπισκόπου
609 3003 624 3018 ’
682 2987 934 3051 ὕστερον
1003 2985 1068 3037 δὲ
1117 2990 1147 3038 ό
1205 2987 1394 3052 πατὴρ
1437 2985 1615 3038 αὐτοῦ
1669 2986 1780 3039 ὰπ-

1871 1849 2126 1903 struendo
2169 1849 2334 1899 altare
2383 1845 2520 1909 Deo,’
2544 1847 2596 1898 in
2629 1845 2808 1897 album
2862 1852 2916 1897 et
2946 1859 3225 1895 numerum
3272 1859 3400 1895 san-

1872 1949 2079 1993 ctorum
2110 1953 2230 1990 eum
2251 1937 2598 1989 asciscebant.
2626 1945 2684 1987 ut
2703 1934 2931 1986 allirmat
2964 1935 3121 1985 etiam
3149 1933 3401 1984 Nicolaus

1871 2023 2217 2085 Alemannus,
2259 2020 2477 2073 Dissert.
2512 2021 2576 2072 de
2596 2019 2901 2072 Lateranen.
2955 2018 3151 2071 Portet.
3200 2033 3252 2085 p.
3298 2017 3397 2080 54;

1871 2125 1933 2163 es
1983 2116 2166 2162 sancto
2200 2108 2491 2174 Augustino
2527 2119 2688 2158 serm.
2727 2106 2826 2159 115
2861 2105 2933 2157 De
2960 2108 3146 2157 divers.
3179 2115 3232 2158 et
3266 2122 3314 2158 c.
3351 2120 3401 2157 \l

1874 2186 2155 2264 Apocalyp.
2223 2193 2417 2247 Verum
2455 2193 2556 2246 iste
2596 2195 2731 2247 ritus
2764 2192 3031 2246 adhibitus
3060 2192 3158 2244 iuit
3190 2201 3240 2244 et
3269 2209 3399 2246 con-

1874 2285 2170 2339 fessoribus
2205 2298 2268 2337 es
2296 2283 2452 2336 Petro
2505 2282 2756 2336 Damiano
2788 2283 2841 2334 in
2881 2272 2983 2334 Vit'.
3015 2280 3072 2336 S.
3103 2279 3402 2348 llomualdi,

1876 2392 1924 2428 c.
1959 2374 2044 2438 72,
2075 2382 2130 2427 et
2157 2374 2380 2441 epistola
2434 2375 2500 2427 29
2535 2376 2599 2426 ad
2624 2373 2907 2426 llcuricum
2943 2371 3401 2440 archiepiscopum

1879 2465 2215 2526 Ravennat.,
2271 2473 2429 2532 atque
2492 2463 2760 2517 cardinale
2809 2461 3057 2524 Barouio,
3111 2475 3230 2527 cap.
3280 2461 3314 2513 5
3351 2459 3404 2512 in

1878 2555 2254 2624 MarterIOgio
2303 2553 2564 2607 Romano.
2610 2553 2755 2606 Unde
2798 2551 3139 2604 canonizatos
3167 2551 3285 2613 hos,
3317 2550 3408 2601 Ni-

1877 2645 1988 2697 lum
2011 2643 2212 2696 scilicet
2230 2650 2384 2707 atque
2409 2639 2761 2701 Theodulum,
2785 2637 2950 2690 fuisse
2977 2637 3159 2703 liquet,
3193 2636 3407 2703 quando

1879 2731 1980 2785 sub
2013 2728 2166 2782 altari
2218 2727 2435 2781 fuerunt
2479 2740 2661 2778 eorum
2703 2724 2984 2777 recondita:
3007 2723 3276 2790 reliquiae;
3310 2722 3405 2776 de-

1878 2816 2218 2871 clarabantur
2267 2815 2406 2867 enim
2458 2815 2556 2866 hoc
2606 2815 2706 2864 rizu
2746 2811 2865 2864 illos
2913 2811 3130 2873 vixisse,
3157 2825 3216 2862 ac
3249 2810 3406 2861 rebus

1881 2905 2041 2973 gestis
2077 2905 2336 2957 meruisse
2364 2903 2630 2957 caelestem
2664 2902 2985 2964 beatitatem,
3019 2911 3068 2952 et
3101 2898 3405 2951 facultatem

1880 3010 1976 3063 pro
2032 2994 2186 3047 nobis
2237 3007 2332 3046 eos
2381 2992 2753 3045 invocantibus
2808 2991 2942 3057 apud
2978 2988 3141 3041 Deum
3177 2995 3405 3039 Interve-

242 3079 459 3130 έλαόον
512 3077 714 3137 αὑτὸν.
781 3078 876 3129 καὶ
941 3076 1006 3128 τὸ
1064 3075 1276 3128 λοιπὸν
1334 3076 1444 3142 τῆς
1481 3076 1626 3142 ζωῆς
1682 3092 1848 3148 καεο

1778 3105 1781 3114 ι
1807 3092 1848 3148 c
1881 3083 2082 3136 niendi.
2110 3081 2246 3135 Sunt
2274 3081 2468 3162 quippe
2496 3081 2684 3147 phialae
2701 3093 2874 3132 aurea:
2903 3078 3065 3146 plenae
3093 3076 3406 3128 odoramen-

245 3165 364 3228 ,ιὼς
413 3164 643 3230 βιώσας
679 3165 748 3216 ἐν
778 3163 989 3232 εἰρήνῃ
1029 3163 1350 3230 ἐτελειώθη.
1380 3165 1433 3217 ld
1478 3174 1593 3218 est:
1624 3163 1778 3216 Illam

243 3262 380 3314 enim
403 3259 605 3322 stellam
638 3258 774 3326 fatui
799 3257 960 3308 Deum
979 3273 1086 3309 esse
1115 3259 1335 3324 ﬁngunt,
1368 3260 1528 3322 potuit
1561 3259 1774 3325 aufuge-

248 3362 302 3398 re
323 3363 479 3406 unus,
514 3345 722 3413 contigit
751 3354 798 3397 et
823 3361 998 3397 somno
1034 3347 1284 3397 matutino
1312 3345 1549 3396 distineri
1583 3344 1774 3394 barba-

249 3454 355 3500 ros,
385 3449 431 3494 et
457 3439 659 3489 interim
687 3437 916 3496 Astrum,
940 3451 1026 3488 seu
1047 3435 1262 3489 Stellam
1289 3436 1570 3500 prceterire,
1605 3433 1774 3486 Solem

247 3544 364 3581 vero
411 3529 624 3588 exoriri,
669 3528 1067 3592 destiteruntque
1100 3525 1181 3576 illi
1229 3526 1288 3576 ab
1338 3525 1573 3592 incepto,
1621 3540 1775 3592 neque

249 3617 566 3668 Theodulum
591 3615 899 3683 jugularunt
919 3654 934 3677 ,
963 3613 1094 3665 unde
1123 3613 1268 3664 illum
1295 3614 1361 3665 ad
1388 3613 1776 3666 venundandam

245 3709 488 3774 sospit‘em
539 3706 892 3772 reliquerunt:
947 3705 1195 3758 venientes
1259 3713 1430 3755 autem
1483 3703 1549 3754 ad
1603 3703 1775 3754 urbem

243 3795 544 3863 quamdam;
575 3796 700 3846 nihil
729 3795 893 3857 aliud,
917 3795 1016 3847 nisi
1037 3796 1162 3845 duos
1183 3808 1362 3844 aureos
1397 3806 1488 3857 pro
1517 3790 1777 3842 Theodulo

243 3885 621 3954 proferentibus
651 3885 750 3943 his,
773 3884 859 3950 qui
887 3883 1136 3944 emebant,
1169 3882 1543 3933 distrinxerunt
1583 3895 1771 3943 ensem,

244 3985 294 4027 et
313 3989 463 4042 super
483 3971 641 4039 ipsius
661 3971 847 4022 collum
872 3980 1169 4038 posuerunt,
1191 3971 1481 4023 minitantes
1503 3986 1609 4024 sese
1629 3969 1775 4022 illaut

246 4074 586 4115 maetaturos.
618 4061 732 4127 Ipse
757 4077 869 4113 vero
914 4056 1148 4128 supplex,
1181 4071 1228 4112 et
1270 4076 1486 4113 exorans
1518 4054 1774 4126 coemptas

245 4153 350 4218 fuit
397 4151 459 4202 ab
497 4151 752 4218 episcopo,
786 4151 903 4201 dein
941 4151 1049 4216 ejus
1096 4158 1241 4214 pater
1281 4151 1443 4214 ipsum
1480 4150 1685 4216 recepit,
1729 4155 1775 4200 et

241 4241 568 4305 postmodum
599 4239 884 4292 Theodulus
915 4241 1069 4291 uitam
1101 4239 1347 4306 reliquam
1382 4249 1554 4290 sancte
1589 4238 1774 4290 tradu-

241 4330 425 4389 xit,ac
463 4329 514 4379 in
549 4343 672 4394 pace
715 4335 1097 4378 consummatus
1143 4334 1239 4377 est.
1293 4324 1524 4378 Plurima
1559 4340 1773 4392 quoque

243 4420 333 4470 lux
353 4416 595 4470 Historiae
613 4415 824 4468 Niliaca:
841 4414 1104 4482 allulgebit
1122 4428 1186 4465 ex
1210 4413 1308 4476 his,
1331 4429 1446 4479 qua:
1465 4415 1516 4466 in
1537 4413 1772 4466 Menela-

243 4509 331 4574 gio
347 4516 686 4561 recensentur
705 4505 768 4558 de
785 4504 1076 4567 monachis,
1107 4517 1242 4572 quos
1262 4513 1517 4556 necarunt
1539 4505 1770 4565 barbari,

1881 3181 2053 3226 torum
2087 3173 2350 3224 orationes
2378 3180 2681 3224 sanctorum
2709 3185 2753 3223 c.
2787 3184 2841 3229 ν,
2873 3184 2922 3220 v.
2954 3167 2985 3219 8
3014 3165 3291 3233 Apocalyp.
3316 3183 3330 3228 ;
3357 3174 3407 3216 ιιι

1880 3263 2096 3314 multum
2127 3261 2258 3314 valet
2290 3261 2578 3328 deprecatio
2596 3261 2728 3325 justi
2760 3260 2994 3321 assidua,
3027 3272 3058 3309 θ
3095 3256 3267 3309 sancti
3311 3253 3404 3307 Ja-

1876 3348 2248 3417 cobiEpistola
2279 3364 2325 3402 c.
2351 3365 2400 3412 v,
2452 3365 2502 3401 ν.
2540 3349 2624 3402 l6.
2660 3349 2916 3401 Torrente
2951 3360 3180 3413 namque
3219 3338 3419 3411 volup?

1877 3438 2000 3491 tatis
2049 3434 2299 3505 potantur
2325 3439 2376 3490 in
2407 3437 2651 3506 paradiso
2673 3437 2864 3496 sancti.
2897 3446 2949 3490 et
2976 3436 3028 3489 in
3057 3436 3258 3488 lumine
3289 3437 3408 3488 bea—

1879 3524 2021 3578 tilico
2053 3527 2230 3578 vident
2257 3526 2424 3580 lucem
2457 3526 2893 3595 inaccessibilem,
2923 3532 2977 3579 et
3006 3525 3184 3579 lumen
3216 3526 3404 3581 indeli-

1877 3613 2044 3677 ciens,
2081 3629 2142 3668 ac
2171 3615 2391 3677 deliciis,
2424 3616 2740 3684 gaudiisque
2765 3615 2976 3668 arcanis
3009 3614 3122 3678 Dei,
3157 3632 3275 3682 qua:
3301 3633 3403 3668 non

1875 3704 2001 3756 licet
2030 3703 2230 3755 homini
2266 3703 2430 3768 loqui,
2452 3704 2549 3754 hoc
2575 3704 3127 3770 estinenarrabilibus
3157 3704 3270 3756 sine
3303 3706 3406 3756 line

1862 3793 2238 3866 perfruuntur.
2259 3791 2437 3844 Gloria
2451 3792 2557 3844 lucc
2573 3801 2648 3844 est
2661 3792 2893 3843 omnibus
2906 3793 3096 3845 sanctis
3107 3793 3240 3860 ejus,
3264 3799 3405 3846 canit.

1875 3882 2058 3944 David,
2087 3881 2228 3935 Psal.
2259 3897 2436 3938 usus.
2464 3897 2514 3933 v.
2545 3881 2595 3945 9,
2620 3881 2682 3933 ad
2711 3896 2869 3948 quam
2898 3881 3208 3948 benignilica
3232 3881 3399 3948 gratia

1875 3970 2450 4025 miserentisAltissimi
2479 3984 2576 4023 nos
2606 3978 2662 4021 ut
2687 3971 2892 4032 evehat,
2925 3969 3224 4036 redemptos
3249 3985 3403 4024 sacro

1875 4062 2134 4131 sanguine
2160 4061 2278 4114 Filii
2331 4057 2412 4113 sui
2464 4058 2672 4112 Domini
2707 4061 2873 4123 nostri
2900 4057 3023 4112 Jesu
3056 4059 3278 4120 Christi,
3313 4058 3404 4111 Ni-
3443 4090 3447 4096 -

1872 4152 1981 4204 lum
2016 4137 2069 4204 et
2097 4150 2449 4209 Theodulum.
2476 4147 2766 4217 beatosque
2795 4163 2984 4203 omnes
3018 4148 3241 4216 spiritus
3262 4150 3401 4201 votis

1874 4241 2140 4294 continuis
2192 4239 2385 4292 obnixe
2440 4239 2720 4305 deprecor,
2774 4246 2830 4290 ut
2880 4253 2972 4306 per
3000 4252 3111 4301 eos,
3142 4245 3194 4290 et
3221 4235 3400 4290 Nilum

1875 4328 2156 4396 praecipue,
2189 4328 2340 4395 cujus
2369 4328 2457 4380 hic
2480 4328 2636 4379 vitam
2663 4326 2714 4378 in
2745 4326 2896 4380 terris
2922 4325 3200 4390 delineavi,
3225 4324 3398 4377 vivam

1875 4427 2128 4469 aztcrnum
2164 4416 2217 4468 in
2254 4416 2408 4479 coelo,
2439 4425 2491 4470 et
2520 4415 2656 4470 inter
2683 4431 2775 4469 eos
2806 4415 2933 4466 mihi
2959 4430 2988 4468 e
3019 4413 3250 4482 peccatis
3271 4413 3402 4466 meis

1877 4506 2165 4572 emcrgenti
2213 4505 2362 4558 locus
2391 4521 2605 4560 sursum
2640 4505 2957 4560 inveniatur.

1545 4672 2127 4698 ————-‘m~————~

317 4816 560 4902 Sequitur
620 4830 755 4902 apud
804 4828 1099 4902 Suaresium
1151 4835 1481 4902 erratorunu~
1517 4828 1674 4902 series
1719 4832 1862 4902 quea
1898 4843 1987 4894 per
2022 4830 2256 4902 paginas
2308 4829 2390 4892 17,
2425 4829 2654 4898 in—[olio,
2700 4837 2756 4882 ut
2794 4831 2958 4890 aiunt,
3033 4839 3122 4878 exs
3160 4825 3397 4886 «tiatur;

241 4894 624 4957 prwmittuntur
654 4897 822 4946 versus
853 4897 1035 4963 quibus
1065 4894 1289 4957 Lectoris
1321 4894 1695 4963 indulgentiam
1732 4894 1921 4948 Editor
1952 4894 2202 4949 sollicitat
2228 4911 2248 4949 :

1040 5024 1334 5094 Humanum
1374 5038 1450 5077 est
1477 5039 1672 5094 errare,
1698 5041 1904 5094 manus
1956 5043 2150 5094 quoque
2196 5025 2396 5078 lubrica
2427 5025 2567 5092 fallit

1166 5091 1327 5161 .Sunt
1382 5092 1591 5161 fragiles
1625 5092 1812 5143 calami
1843 5091 2182 5160 difﬁcilesque
2220 5096 2346 5160 tgpi.

1041 5158 1240 5227 Ingenii
1296 5158 1386 5212 est
1420 5158 1595 5212 eadem
1646 5176 1744 5229 non
1786 5158 1982 5229 semper
2033 5177 2198 5222 uena;
2235 5158 2448 5213 remittit

1176 5229 1340 5296 Arcus
1400 5238 1611 5290 tensus;
1667 5228 1842 5279 hebent
1894 5231 2138 5296 ancipites
2169 5229 2348 5296 gladii.

1033 5293 1243 5414 Corrigge
1296 5297 1369 5346 sic
1406 5312 1522 5363 ergo
1578 5312 1772 5348 errores
1807 5313 1896 5363 per
1945 5293 2191 5363 opuscula
2229 5295 2362 5361 Nili,

1206 5373 1357 5414 uncta
1407 5374 1477 5414 tot
1529 5364 1671 5414 illius
1715 5366 1802 5414 aui
1846 5364 2149 5414 docuntenta
2196 5365 2342 5414 leais.

1206 5373 1357 5414 uncta
1407 5374 1477 5417 tot
1529 5364 1671 5416 illius
1715 5366 1802 5432 qui
1846 5364 2149 5416 documenta
2196 5365 2342 5433 legis.

1780 5531 1844 5541 .—
