4122 6338
644 343 779 408 1143

2087 344 2151 401 s.
2192 342 2351 425 NIL}

3670 338 3814 402 1444

641 468 697 511 at
739 458 785 512 si
829 456 1015 511 ventri:
1048 456 1379 533 blandiaris,
1424 454 1843 510 triculcntiorem
1884 469 2005 508 eum
2058 455 2179 509 red-
2209 460 2251 512 Α

2209 460 2251 512 Α
2281 456 2525 524 γαστέρα
2546 454 2601 506 δὲ
2655 452 3010 522 θεραπεύσας,
3063 452 3399 522 ἀγριωτέραν
3452 455 3812 523 παρασκευά-¹

644 548 756 601 des.

711 634 926 691 Gulosis
950 635 1065 704 ipsa
1105 648 1318 703 quoque
1352 633 1621 688 insomnia
1641 673 1657 700 ,
1690 634 1792 691 cibi
1822 639 1963 700 sunt.

713 808 897 864 Ventri
926 809 1129 876 impera
1150 846 1166 871 ,
1199 822 1264 862 ne
1293 807 1384 860 tibi
1414 807 1503 861 ille
1525 807 1766 875 imperet.

716 898 982 966 Oppresso
1012 904 1193 949 ventre
1226 896 1436 949 animus
1475 896 1774 949 humilitate
1797 909 1932 954 .sese
1960 894 2176 963 deji-cit;

650 989 882 1041 molliter
917 994 1094 1039 autem
1120 986 1298 1039 habito
1324 1026 1339 1050 ,
1378 987 1430 1038 in
1463 986 1625 1038 altum
1652 986 1903 1051 assurgit.

722 1075 1028 1128 Daemonum
1054 1075 1298 1142 princeps
1325 1084 1407 1128 cst
1427 1073 1685 1138 Satanas;
1716 1076 1958 1128 vitiorum
1980 1085 2177 1140 autem,

653 1164 796 1234 gula.
1708 1180 1711 1181 ν
1838 1166 1846 1172 “

734 1249 1081 1318 Posteaquam
1159 1250 1331 1303 malus
1408 1263 1501 1303 seu
1560 1248 1801 1305 diabolus
1857 1249 2166 1305 helluonum

654 1353 846 1392 manus
896 1352 957 1390 ac
1021 1338 1179 1405 pedes
1230 1352 1419 1391 somno
1470 1337 1732 1406 colligavit
1770 1378 1785 1400 ,
1818 1339 1915 1392 ita
1969 1339 2180 1392 demum

657 1423 913 1475 arbitratu
939 1438 1035 1476 suo
1071 1423 1247 1475 omnia
1291 1423 1430 1489 agit,
1468 1430 1628 1491 atque
1670 1422 1913 1490 turpibus
1962 1422 2184 1491 spectris

2277 560 2407 604 σεις.
3540 590 3551 599 .

2345 635 2468 697 Τοῖς
2520 634 2946 705 γαστριμάργοις
3010 631 3102 683 καὶ
3151 630 3218 683 τὰ
3275 631 3498 685 ἐνύπνια
3528 630 3604 701 (5)
3658 633 3813 702 βρώο

2279 737 2443 793 ματα.

2348 807 2547 875 Κράτει
2563 808 2811 877 γαστρὸς,
2842 809 2932 863 ινα
2954 809 3028 879 μὴ
3057 810 3194 878 αὕτη
3226 808 3472 878 κρατήσῃ
3505 825 3621 860 σου.

2346 894 2579 963 Γαστρὸς
2611 890 2947 964 Θλὶϐομένης,
2979 897 3321 950 ταπεινοῦται
3374 895 3570 965 καρδία
3594 915 3606 927 ·
3644 894 3809 962 θερα-

2280 984 2584 1054 πευομένης
2617 986 2693 1048 δὲ,
2734 986 2880 1055 πρὸς
2908 985 3037 1052 ὕψος
3067 985 3360 1054 ἐπαίρεται.

2354 1072 2568 1140 ’Ἄρχων
2596 1072 2692 1141 μὲν
2733 1073 3017 1142 δαιμόνων,
3064 1075 3092 1125 ὁ
3128 1073 3391 1134 Σατανᾶς’
3420 1070 3599 1140 ἄρχων
3621 1070 3677 1123 δὲ
3701 1087 3818 1122 παι

2237 1162 2253 1178 ⁸
2282 1158 2409 1219 θῶν,
2437 1161 2469 1230 ἡ
2495 1163 2919 1233 γαστριμαργία.

2351 1248 2470 1301 Τῶν
2495 1252 2917 1321 γαστιριμὰργων
2935 1254 3120 1322 χεῖρας
3146 1248 3279 1321 ὁμοῦ
3314 1250 3405 1304 καὶ
3448 1249 3611 1312 πόδας
3654 1249 3819 1319 ὕπνῳ

2281 1336 2553 1407 δεσμήσας
2577 1340 2605 1391 ὀ
2632 1340 2881 1409 πονηρὸς,
2912 1342 3088 1393 πάντα
3117 1343 3215 1394 ὅσα
3242 1340 3500 1410 ἠθέλησεν
3530 1339 3819 1409 ἐποίησεν.

2283 1426 2527 1495 αἰσχραῖς
2578 1428 2916 1496 φαντασίαις,
2967 1429 3059 1480 καὶ
3113 1432 3330 1498 μιαραῖς
3370 1427 3657 1497 ἑκκρίσεσι
3712 1425 3826 1480 καὶ

659 1510 987 1578 impurisque
1027 1511 1420 1566 excretionibus
1463 1511 1697 1565 animum
1746 1520 1802 1566 et
1851 1525 2049 1579 corpus
2098 1511 2182 1564 in-
2281 1529 2287 1558 ι

1576 1527 1697 1565 num
1746 1520 1802 1566 et
1851 1525 2049 1579 corpus
2098 1511 2182 1564 in-
2281 1512 2454 1582 ψυχὴν
2484 1515 2575 1568 καὶ
2608 1515 2762 1585 σῶμα
2789 1516 3204 1586 καταρυπώσας.

660 1597 785 1650 (icit.

726 1684 876 1753 Apud
916 1685 1213 1736 mundanos
1262 1684 1411 1737 radix
1464 1698 1702 1738 omntum
1753 1684 2014 1753 malorum
2057 1700 2182 1739 ava-

663 1772 779 1825 ritia
814 1780 930 1837 est;
974 1772 1109 1839 apud
1141 1757 1431 1825 monachos
1459 1781 1635 1826 autem
1672 1774 1792 1841 gula
1824 1775 2019 1842 potius.

728 1952 1012 2021 Copiosum
1058 1961 1262 2006 stercus
1298 1953 1563 2021 ingentem
1607 1950 1863 2007 vermium
1907 1962 2188 2003 numerum

662 2043 861 2112 gignit;
902 2052 955 2094 et
1003 2041 1243 2093 ciborum
1292 2042 1443 2108 copia
1490 2054 1740 2110 maguum
1787 2038 2189 2091 libidinosarum

663 2132 1049 2201 cogitationum
1085 2145 1365 2183 numerum
1395 2137 1655 2199 procreat.
1685 2137 1692 2144 '

1178 2238 1255 2293 De
1292 2238 1648 2307 fornicatione.

732 2347 1120 2402 Fornicatiouis
1164 2349 1383 2418 spiritus
1407 2386 1423 2410 ,
1464 2332 1560 2416 per
1602 2347 1781 2402 carnis
1819 2343 2190 2415 cupiditatem,

667 2436 789 2490 inde
819 2437 978 2489 etiam
1008 2451 1037 2489 α
1071 2436 1242 2503 prima
1274 2444 1450 2501 aetate,
1483 2435 1636 2489 nobis
1660 2435 1926 2504 negotium
1960 2431 2189 2487 facessit.

665 2524 837 2589 Atque
870 2530 1019 2575 atrox
1050 2524 1166 2590 ejus
1206 2522 1399 2576 bellum
1422 2529 1547 2587 est,
1577 2535 1641 2575 ac
1669 2521 1859 2590 duplex
1885 2560 1900 2584 ,
1932 2520 1986 2572 in
2016 2518 2194 2572 animo

669 2623 856 2677 nempe
883 2618 935 2663 et
964 2610 1018 2662 in
1045 2624 1267 2678 corpore
1292 2609 1709 2663 consideratum.
1746 2608 1913 2662 Porro
1943 2608 2198 2661 adversus

667 2712 789 2751 eum
815 2698 1135 2751 continentia
1167 2707 1383 2753 strenue
1407 2705 1642 2767 pugnat,
1673 2695 1837 2750 animi
1866 2695 2163 2749 humilitate
2182 2733 2197 2756 ,

668 2783 786 2837 sine
807 2797 909 2850 qua
940 2797 1038 2836 nec
1063 2782 1467 2839 fornicationem
1493 2784 1798 2852 quisquam,
1824 2797 1919 2836 nec
1944 2782 2046 2834 alia
2073 2779 2199 2833 vitia

668 2887 919 2940 superare
958 2874 1192 2940 poterit,
1228 2874 1486 2930 auxilium
1533 2873 1942 2942 ipsi‘aﬂ‘crente.
1987 2870 2203 2940 Oportet

668 2975 827 3031 ergo,
855 2961 1008 3029 juxta
1051 2963 1393 3017 Proverbium
1425 2974 1447 3002 ο
1475 3005 1491 3029 ,
1531 2964 1674 3017 omni
1706 2962 1949 3019 custodia
1990 2975 2203 3016 servare

669 3063 762 3101 cor
802 3049 868 3101 ab
918 3049 1165 3105 obscenis
1211 3051 1652 3118 cogitationibus,
1701 3065 1800 3104 nec
1834 3051 1995 3103 ullam
2022 3064 2204 3102 earum

670 3138 747 3205 ad,
780 3152 878 3192 nos
921 3139 1255 3192 accedentem
1295 3139 1608 3205 admittere;
1643 3153 1710 3192 ne
1733 3138 1931 3206 alioqui
1966 3138 2200 3190 animum

670 3226 907 3288 subiens,
932 3227 1081 3280 illum
1107 3227 1282 3280 trahat
1310 3242 1403 3282 seu
1427 3235 1661 3292 enervet,
1691 3235 1849 3295 atque
1874 3225 1941 3279 ad
1964 3224 2204 3293 volupta-

673 3324 774 3368 tem
802 3315 1002 3370 illiciat.
1031 3316 1215 3384 Opera:
1241 3318 1467 3385 pretium
1496 3327 1579 3372 est
1603 3317 1743 3370 enim
1776 3315 2066 3371 secundum
2100 3313 2203 3368 ι)οα

675 3403 805 3455 mini
853 3404 1146 3457 doctrinam
1186 3404 1212 3443 ά
1238 3444 1253 3467 ,
1287 3405 1543 3458 mundare
1590 3405 1740 3472 prius
1779 3404 1920 3471 quod
1949 3402 2091 3455 intus
2120 3409 2202 3455 est

674 3489 879 3553 calicis,
924 3498 984 3543 ut
1032 3490 1122 3544 ﬁat
1168 3492 1327 3544 etiam
1378 3492 1431 3544 id
1476 3492 1616 3558 quod
1670 3491 1867 3543 deforis
1896 3489 2013 3553 ‘est,
2057 3504 2213 3540 mun-

676 3581 824 3633 dum.
866 3576 1307 3648 Quandoquidem
1328 3578 1592 3647 jejunium
1622 3591 1835 3648 quoque
1871 3592 1975 3632 non
2017 3577 2214 3631 idcirco

679 3678 881 3722 tantum
915 3671 1160 3735 colimus,
1187 3680 1245 3725 ut
1272 3686 1468 3739 corpus
1488 3671 1816 3734 aﬂlictemus,
1839 3686 2020 3724 verum
2050 3669 2209 3721 etiam

678 3767 737 3811 ut
773 3757 1107 3826 prudentiam
1140 3760 1330 3813 mentis
1371 3760 1729 3834 adipiscamur
1750 3764 1777 3823 ςζ
1802 3774 1867 3813 ne
1893 3774 1986 3828 per
2022 3758 2216 3810 immo-

680 3848 850 3899 dicam
882 3847 1121 3900 ciborum
1150 3847 1354 3914 c0piam
1390 3849 1691 3913 obscurata,
1724 3849 2084 3911 custodiendis
2117 3862 2211 3901 co-

682 3936 1024 4000 gitationibus
1060 3938 1234 4004 impar
1278 3937 1365 3991 sit.
1399 3937 1536 4000 Quin
1575 3937 1700 3989 illud
1737 3950 1949 4005 quoque
1990 3934 2210 3987 manda-

682 4036 815 4089 tum,
838 4029 975 4094 quod
1003 4031 1204 4097 primus
1237 4028 1395 4082 homo
1424 4043 1452 4081 a
1482 4026 1589 4081 Deo
1613 4027 1791 4080 datum
1825 4025 2063 4094 accepit,
2094 4036 2210 4078 ser-

686 4112 866 4180 pentis
885 4122 1041 4180 caput
1072 4117 1355 4169 observare
1382 4115 1532 4184 jubet
1558 4126 1580 4152 °
1605 4131 1618 4180 ;
1662 4115 1763 4169 hoc
1790 4125 1870 4168 est
1900 4112 2214 4182 perniciosa;

752 4295 775 4324 α
806 4285 959 4338 Prov.
994 4301 1067 4351 tv,
1094 4284 1184 4336 23.
1255 4284 1281 4323 (ι
1310 4288 1486 4341 Matth.
1511 4302 1663 4349 mu,
1691 4287 1777 4339 26.
1849 4297 1871 4324 ε
1905 4286 2038 4338 Gen.
2061 4299 2142 4340 tu.
2176 4283 2258 4337 l5.

2351 1686 2507 1757 Παρὰ
2541 1687 2638 1754 μὲν
2684 1689 2961 1755 κοσμικοῖς
3030 1688 3152 1757 ῥίζα
3205 1687 3421 1739 πάντων
3470 1686 3577 1737 τῶν
3631 1688 3823 1740 κακῶν

2214 1754 2257 1809 Β
2289 1754 2690 1841 ἡφιλαργύρια,
2724 1754 2869 1840 παρὰ
2931 1771 2985 1825 δὲ
3021 1754 3267 1841 μοναχοῖς
3298 1771 3494 1849 μᾶλλον
3522 1773 3555 1840 ἡ
3592 1789 3828 1842 γαστρι-

2331 1863 2515 1915 αογία.

2331 1880 2364 1915 α
2441 1880 2515 1915 ια.

2290 1880 2563 2021 ιΔιῖῐῐίλῖἧθος
2628 1950 2828 2020 κόπρου
2882 1950 3095 2018 πλῆθος·
3137 1950 3427 2017 σκωλήκων
3483 1951 3641 2018 γεννᾷ
3673 1966 3687 1979 ο
3722 1946 3835 2001 καὶ

2288 2034 2488 2108 πλῆθος
2534 2040 2851 2111 βρωμάτων,
2877 2038 3074 2108 πλῆθος
3098 2038 3358 2108 ὲμπαθῶν
3386 2037 3681 2107 λογισμῶν.

2767 2230 2906 2299 Περὶ
2932 2231 3208 2299 πορνείας
3230 2229 3326 2300 (li).

2359 2342 2432 2398 Τὸ
2464 2343 2676 2413 πνεῦμα
2704 2343 2802 2413 τῆς
2838 2345 3108 2413 πορνείας,
3149 2344 3235 2397 διὰ
3275 2348 3374 2413 τῆς
3407 2340 3695 2410 ἐπιθυμίας
3722 2338 3835 2409 τῆς

2295 2435 2515 2503 σαρκὸς,
2547 2432 2653 2484 ἀπὸ
2681 2431 2898 2501 πρώτης
2929 2432 3139 2501 ἡλικίας
3172 2433 3302 2501 ἡμῖν
3326 2432 3550 2501 ἐνοχλεῖ.
3587 2432 3694 2483 Καὶ
3722 2446 3837 2499 χα-

2292 2521 2450 2583 λεπὸς
2472 2523 2500 2573 ὁ
2524 2521 2708 2572 τούτου
2742 2520 2992 2588 πόλεμος,
3025 2520 3119 2573 καὶ
3149 2520 3386 2585 διπλοῦς,
3414 2520 3469 2572 ἐν
3487 2536 3543 2571 τε
3563 2521 3703 2588 ψυχῇ
3729 2517 3837 2570 καὶ

2298 2607 2505 2679 σώματι
2562 2591 2952 2679 θεωρούμενος.
3012 2609 3503 2679 Ἀντιστρατεύεται
3554 2608 3610 2659 δὲ
3654 2606 3838 2675 τούτῳ

2296 2698 2555 2765 γενναίως
2587 2699 2619 2766 ἡ
2653 2698 2962 2767 ἐγκράτεια,
3002 2698 3423 2768 συναιρουμένης
3452 2698 3585 2765 αὐτῇ
3616 2696 3707 2749 καὶ
3729 2696 3840 2762 τῆς

2297 2785 2676 2848 ταπεινώσεως
2708 2786 2806 2854 τῆς
2848 2786 3043 2855 ψυχῆς,
3068 2784 3136 2857 ἦς
3183 2786 3333 2848 ἐκτὸς
3379 2784 3500 2837 οὔτε
3550 2785 3833 2854 πορνείας.

2301 2874 2423 2927 οὔτε
2458 2874 2628 2927 ἄλλων
2676 2874 2861 2928 παθῶν
2923 2872 3200 2943 δυνήσεταί
3242 2889 3324 2936 τις
3375 2873 3752 2943 περιγενέσθαι
3792 2872 3839 2923 ⁸.

2306 2963 2424 3034 Χρὴ
2455 2963 2629 3035 τοίνυν
2666 2961 2807 3016 κατὰ
2834 2963 2930 3033 τὴν
2965 2964 3265 3033 Παροιμίαν
3297 2961 3397 3031 (7),
3439 2963 3586 3035 πάσῃ
3615 2961 3837 3029 φυλακῇ

2233 3081 2274 3135 C
2303 3053 2488 3118 τηρεῖν
2534 3042 2626 3119 τὴν
2674 3049 2897 3119 καρδίαν
2950 3050 3054 3102 ἀπὸ
3112 3049 3368 3125 ῥυπαρῶν
3409 3048 3703 3116 λογισμῶν,
3737 3046 3845 3099 καὶ

2313 3137 2510 3204 μηδένα
2531 3137 2731 3205 τούτων
2761 3136 3159 3206 προσϐάλλοντα
3178 3137 3598 3209 παραδέχεσθαι·
3628 3139 3843 3206 μήποτε

2312 3225 2602 3294 παρεισδὺς
2671 3225 2899 3293 ὲκλύσῃτ
2940 3225 3141 3295 ταύτην
3177 3231 3268 3280 καὶ
3302 3228 3647 3297 ὑπαγάγηται
3701 3225 3845 3293 πρὸς

2310 3315 2633 3392 φιληδονίαν.
2681 3317 2949 3385 Προσήκει
3014 3318 3122 3386 γὰρ
3187 3317 3500 3386 καθαρίζειν
3567 3318 3839 3386 πρότερον

2308 3404 2447 3456 κατὰ
2468 3395 2567 3471 τὴν
2605 3402 2698 3455 τοῦ
2752 3404 2952 3474 Κυρίου
3006 3404 3380 3467 διδασκαλίαν,
3437 3404 3493 3457 τὸ
3551 3403 3694 3455 ἔνδον
3741 3402 3848 3455 τοῦ

2308 3492 2586 3561 ποτηρίου,
2608 3492 2695 3544 ἵνα
2714 3493 2934 3561 γένηται
2959 3493 3126 3547 καὶτὸ
3154 3493 3255 3558 ἔξω
3278 3494 3532 3564 καθαρόν.
3573 3493 3725 3546 Ἐπεὶ
3746 3494 3850 3544 καὶ

2307 3579 2404 3648 τὴν
2434 3579 2686 3647 νηστείαν
2718 3581 3009 3648 ἀσκοῦμεν,
3039 3583 3099 3634 οὐ
3123 3583 3257 3652 πρὸς
3289 3583 3580 3652 κακουχίαν
3609 3582 3699 3634 τοῦ
3737 3580 3852 3633 σώ-

2314 3686 2478 3738 ματος
2520 3669 2723 3734 ἁπλῶς,
2781 3669 2910 3724 ἀλλὰ
2945 3670 3198 3739 καὶπρὸς
3237 3673 3391 3740 νῆψιν
3419 3672 3511 3723 τοῦ
3561 3674 3697 3732 νοὸς,
3756 3673 3852 3723 ἵνα

2314 3761 2387 3830 μὴ
2421 3764 2486 3830 τῇ
2522 3762 2758 3833 ἀμετρίᾳ
2789 3761 2899 3815 τῶν
2946 3762 3242 3833 βρωμάτων
3271 3760 3617 3837 σκοτισθεὶςη
3647 3758 3855 3810 ἀδυνασ

2316 3851 2473 3918 τήσει
2503 3851 2636 3918 πρὸς
2660 3851 2755 3920 τὴν
2781 3852 2887 3904 τῶν
2914 3850 3188 3920 λογισμῶν
3224 3850 3489 3919 φυλακήν.
3515 3848 3621 3902 Καὶ
3640 3850 3672 3916 ἡ
3699 3849 3858 3917 παρὰ

2313 3935 2407 3987 τοῦ
2443 3937 2573 3987 Θεοῦ
2620 3939 2676 3989 δὲ
2698 3940 2741 3970 ⁷⁸
2770 3939 2979 3991 δοθεῖσα
3013 3939 3144 4008 πρὸς
3181 3939 3269 3991 τὸν
3303 3936 3512 4008 πρῶτον
3564 3937 3858 4006 ἄνθρωπον

2316 4021 2541 4090 ἐντολὴ,
2574 4022 2779 4074 κελεύει
2822 4024 2918 4092 τὴν
2967 4023 3201 4092 κεφαλὴν
3234 4025 3403 4092 ὄφεως
3437 4027 3655 4095 τηρεῖν·
3694 4039 3862 4074 τουτ-

2318 4112 2457 4173 έστι,
2473 4112 2570 4180 τὴν
2588 4113 2757 4182 ἀρχὴν
2780 4113 2871 4166 τοῦ
2896 4113 3155 4182 βλαϐεροῦ
3176 4114 3454 4183 λογισμοῦ,
3478 4114 3543 4167 δι’
3567 4110 3633 4184 ἦς
3659 4114 3862 4184 ἕρπειν

1951 4438 2177 4490 ΥΑΒΙᾸΞ
2201 4437 2597 4493 LECTIONES.

758 4596 780 4625 ⁸
802 4591 887 4648 Al.
924 4591 1304 4661 περιγίνεσθαι.

1382 4595 1401 4625 ⁷
1437 4592 1522 4648 Al.
1553 4594 1768 4664 ἐλκύσῃ.
1836 4597 1873 4627 ⁷⁸
1918 4596 2069 4650 Abest
2097 4596 2159 4647 ab
2180 4594 2253 4645 al.

2196 4753 2419 4810 NOTE.

768 4952 843 5026 (5)
881 4950 1178 5007 Ἔγύπνια.
1208 4950 1713 5026 πυροῦσθαι-ἰδίωμα,
1744 4955 1883 5026 circa
1908 4947 2219 5026 Antoninum

701 5014 886 5077 metu...
923 5032 1145 5090 occupat
1172 5031 1331 5088 caput
1350 5022 1417 5076 90
1448 5020 1696 5090 Synodiri
1719 5021 1972 5073 adversus
1993 5014 2221 5090 Iragm-

704 5091 844 5143 diam
874 5084 1105 5142 lreuaai’:
1138 5084 1430 5155 corrigetur
1472 5084 1647 5142 autem
1684 5103 1777 5156 per
1805 5096 1962 5154 caput
1991 5085 2057 5139 59
2079 5084 2222 5153 ejus-

706 5160 823 5209 dem
850 5158 1046 5219 operis,
1078 5156 1349 5207 somnium.

774 5222 852 5293 (6)
874 5226 1180 5293 Πορκίας.
1228 5220 1440 5293 lndubie
1478 5225 1802 5293 turpiterque
1828 5223 2063 5293 corrupti
2098 5231 2222 5275 sunt

708 5291 924 5361 Metius
946 5292 1288 5361 Aristinusret
1312 5290 1536 5361 Sytnron
1568 5290 1817 5361 Magister
1834 5301 1885 5343 et
1907 5290 2217 5361 Lugentem,

709 5360 761 5412 in
790 5358 1016 5427 Synopsi
1052 5372 1112 5409 ac
1138 5357 1373 5424 Epitome
1419 5357 1709 5414 Cauoumn.
1760 5370 1902 5410 tomo
1931 5358 1969 5409 ll
2028 5359 2214 5410 Biblio-

714 5425 1022 5488 Ilteciejuris
1053 5427 1289 5492 canonici
1315 5428 1526 5485 veteris,
1555 5442 1603 5492 p.
1629 5428 1727 5476 705
1748 5438 1797 5476 ct
1817 5428 1936 5486 738,
1970 5429 2106 5478 κατὰ
2134 5428 2221 5476 τὸν

712 5492 799 5542 τοῦ
818 5492 1028 5562 Κυρίου
1055 5491 1223 5557 λόγον,
1246 5494 1374 5562 ,ἴσως
1408 5491 1805 5555 καταδικάζεται
1840 5496 1930 5545 καὶ
1953 5496 2106 5562 ἀνὴρ,
2133 5495 2222 5545 καὶ

715 5561 882 5629 γυνὴ,
938 5561 1023 5612 διὰ
1074 5561 1319 5629 πορνείαν
1383 5565 1458 5614 vel
1519 5563 1763 5631 πορνείας
1830 5561 2224 5628 ἀποζευγνύμε-

2321 4964 2417 4999 νοι.
2450 4944 2643 5017 Liquet
2665 4949 2802 5001 enim
2829 4964 2889 5002 ex
2922 4947 3035 5017 ipso
3062 4946 3296 5010 Cauone,
3330 4948 3417 5015 qui
3441 4956 3513 5001 est
3547 4947 3731 5003 Basilii
3758 4967 3866 5003 no-

2321 5031 2443 5078 uus,
2486 5014 2653 5085 scribi
2678 5014 2953 5085 oportere;
2975 5016 3093 5082 δίχα
3119 5014 3388 5079 πορνείας,
3412 5032 3509 5069 nec
3537 5019 3866 5085 probatione

2321 5094 2401 5137 est
2423 5098 2574 5151 opus.
2620 5080 2786 5133 Juxta
2838 5080 3056 5136 Domini
3102 5100 3403 5141 sermonem,
3450 5080 3550 5135 vit"
3578 5096 3625 5137 et
3668 5092 3866 5139 mulicr

2323 5153 2454 5204 citra
2486 5152 2842 5221 fornicationis
2872 5168 3084 5204 musam
3123 5153 3366 5219 separati,
3396 5154 3593 5212 patitor
3613 5157 3868 5206 condem-

2324 5231 2536 5272 rtaulur.

2398 5290 2471 5354 (7)
2506 5285 2663 5355 Κατὰ
2688 5285 2798 5351 τὴν
2821 5290 3155 5355 Παροιμίαν.
3192 5290 3501 5347 Ludibrium
3536 5307 3725 5345 revera
3754 5302 3863 5351 est,

2329 5358 2465 5420 quod
2519 5354 2783 5409 Patricius
2838 5354 3046 5413 Junius.
3100 5360 3221 5410 dum
3284 5364 3469 5423 nescit,
3512 5363 3625 5414 haec
3671 5361 3863 5421 verlin,

2327 5424 2547 5496 Ἀφελοῇ
2584 5426 2640 5476 τὸ
2668 5424 2873 5496 ἱμάτιον
2916 5422 3095 5496 αὐτου,
3127 5427 3363 5494 παρῆλθε
3398 5422 3523 5496 γάρ,
3555 5444 3671 5482 esse
3698 5430 3861 5479 Salo-

2328 5492 3117 5565 utouisgl’rovcrb._3\\'tt,-_|5A.
3156 5492 3547 5565 παροιμιασέὴν
3585 5498 3633 5549 iu
3676 5513 3867 5565 προοι-

2331 5563 2555 5628 μιαστὴν
2582 5561 2850 5627 pervertit,
2896 5576 2943 5627 ι».
2969 5562 3032 5613 53
3056 5562 3264 5614 Catenae
3292 5561 3342 5615 in
3382 5563 3497 5617 Job.
