4122 6338
139 387 271 450 Ηᾷὗ

1435 382 1529 441 DE
1566 381 1748 441 ΟΕΤο
1776 385 2008 444 VITIlS

3164 399 3293 460 lWi

134 505 214 563 εἰς
268 502 368 568 τὴν
445 497 717 569 ἡμετέραν
787 465 1293 567 ἐπιχειρεῖψυχήν·
1355 496 1560 563 μήποτε
1603 494 1738 560 ςῇΑ

1664 539 1666 556 ,
1699 500 1738 547 Α
1769 495 2106 560 cogitationis
2136 482 2340 552 initium
2363 540 2376 564 ,
2403 516 2492 570 per
2519 504 2660 573 quod
2696 506 2759 558 ad
2797 507 3029 560 animam
3057 521 3292 565 nostram

142 590 417 660 παραδοχῇ
451 589 548 658 τῆς
572 587 826 656 κεφαλῆς,
877 588 969 639 καὶ
1002 586 1061 638 τὸ
1095 585 1273 637 λοιπζν
1337 583 1487 651 σῶμα
1546 599 1664 633 συν·

133 684 345 748 εισρυῇ,
371 681 460 732 καὶ
473 677 944 743 κατακυλισθῶμεν
967 677 1043 737 εἰς
1061 675 1154 742 τὴν
1182 673 1429 742 ἀθέμιτον
1449 673 1660 741 πρᾶξιν.

135 769 316 820 Καλὴν
344 764 435 819 οὖν
465 768 531 819 τὰ
561 767 728 835 νήπια
779 764 1090 826 Βαϐυλῶνος
1114 779 1127 792 ⁸
1165 765 1304 843 φημὶ
1334 762 1390 813 δὲ
1437 763 1560 822 τοὺς
1607 763 1663 811 ὲν

133 859 278 926 ἀρχῇ
325 855 755 925 προσϐάλλοντας
805 853 1056 922 αἰσχροὺς
1106 852 1423 919 λογισμούς·
1477 849 1661 915 ἐδαφί-

137 948 254 1009 ζειν
283 947 374 996 καὶ
406 945 704 1012 συντρίϐειν
757 943 892 1012 πρὸς
925 942 1035 1012 τὴν⁵
1067 939 1289 1007 πέτραν,
1312 941 1431 1006 ἣτις
1465 939 1610 990 ἐστὶν
1641 941 1666 990 ὁ

133 1035 392 1102 Χριστός·
431 1033 799 1102 Ἀδρυνῦέντες
843 1031 950 1099 γὰρ
974 1027 1293 1098 παρέξουαιν
1333 1028 1459 1094 ἡμῖν
1501 1025 1662 1092 ὀχλή-

133 1141 250 1185 σεις
303 1123 500 1185 πολλάς
555 1124 646 1184 καὶ
695 1121 1009 1190 πράγματα.
1065 1119 1153 1186 Μὴ
1205 1116 1564 1185 θαρρήσωμεν
1611 1115 1663 1164 δὲ

133 1213 464 1266 καταϐαλεῖν
528 1211 614 1264 διὰ
689 1211 851 1279 μόνης
907 1209 1207 1276 ἀσκήσεως,
1249 1205 1307 1256 τὸ
1359 1205 1664 1268 ἀκάθαρτον

135 1301 354 1367 πνεῦμα
382 1300 482 1367 τῆς
513 1297 782 1366 πορνείας,
812 1298 859 1347 εί
894 1296 967 1363 μὴ
1001 1296 1091 1346 καὶ
1143 1295 1174 1362 ὴ
1221 1295 1365 1361 παρὰ
1406 1292 1495 1344 τοῦ
1532 1291 1663 1342 Θεοῦ

136 1390 509 1456 συνεφάψηται
559 1387 793 1455 βοήθεια.
843 1387 915 1436 Οὐ
952 1383 1218 1436 παύσεται
1264 1385 1372 1451 γὰρ
1403 1385 1430 1433 ὁ
1461 1381 1656 1449 ἄνθρωο

134 1495 240 1538 πος
273 1476 663 1545 πολεμούμενος
693 1475 782 1526 ὑπ’
814 1471 1000 1535 αὑτοῦ,
1032 1474 1225 1549 μέχρις
1262 1471 1326 1524 ἂν
1358 1472 1414 1521 ἐν
1441 1469 1663 1537 ἀληθεία

131 1567 420 1634 πιστεύσῃ,
466 1567 546 1616 ὅτι
595 1566 692 1614 οῦκ
728 1563 834 1632 ἰδίᾳ
860 1562 1057 1630 σπουδῇ
1094 1562 1187 1614 καὶ
1237 1559 1488 1628 καμάτῳ,
1517 1560 1579 1626 τῇ
1606 1557 1659 1608 δὲ

129 1652 229 1704 τοῦ
257 1651 387 1704 Θεοῦ
424 1652 597 1720 σκέπη
621 1650 712 1702 καὶ
745 1650 1039 1717 ἀντιλήψει,
1065 1649 1162 1717 τῆς
1199 1647 1440 1717 χαλεπῆς
1462 1646 1661 1713 ταύτης

126 1740 574 1808 ἀπαλλαγήσεται
617 1742 893 1806 μάστιγος,
952 1737 1253 1805 ’Υπερφυὲς
1297 1735 1403 1804 γάρ
1450 1736 1561 1796 ἐστι
1602 1733 1661 1784 τὸ

127 1829 384 1896 πρᾶγμα,
415 1827 507 1879 καὶ
535 1830 562 1879 ὁ
593 1827 718 1887 τοὺς
746 1827 1064 1895 ὲρεθισμοὺς
1094 1827 1192 1893 τῆς
1217 1824 1412 1895 σαρκὸς
1444 1823 1535 1875 καλ⁵
1565 1821 1660 1883 τὰς

129 1915 320 1981 ἡδονὰς
346 1915 542 1981 ταύτης
565 1915 908 1978 καταπατῶν,
931 1916 1124 1981 τρόπον
1144 1914 1285 1974 τινὰ,
1309 1911 1399 1964 τοῦ
1417 1911 1661 1979 σώματος

127 2003 237 2065 ἔξω
263 2003 487 2067 γίνεται.
522 1994 620 2055 Διὸ
641 2004 732 2054 καὶ
762 2002 1020 2054 ἀδύνατον
1061 2000 1325 2071 ἀνθρώπῳ
1356 2003 1467 2061 τοῖς
1515 1998 1662 2059 ίδίοις

127 2095 351 2160 πτεροῖς
411 2093 716 2160 ἁναπτῆσαι
739 2093 760 2122 ⁸
818 2091 952 2160 πρὸς
979 2091 1074 2161 τὴν
1108 2090 1311 2160 ὑψηλὴν
1342 2091 1580 2157 ἁγνείαν,
1615 2091 1661 2141 εί

132 2181 210 2249 μὴ
257 2183 346 2232 καὶ
366 2181 521 2249 χάρις
545 2180 700 2242 Θεοῦ,
731 2180 918 2232 τοῦτον
957 2179 1062 2232 ἀπὸ
1088 2180 1282 2249 βόθρου
1322 2181 1432 2234 τῶν
1473 2180 1658 2233 παθῶν

125 2270 343 2334 ἀνάγοι.
377 2272 580 2336 Δεῖγμα
620 2270 675 2321 δὲ
706 2268 818 2331 τοῦ,
855 2270 951 2337 τὴν
992 2268 1188 2337 ἀρετὴν
1216 2269 1415 2336 ταύτην
1460 2271 1659 2337 κτήσα-

129 2358 255 2409 σθαί
287 2375 406 2409 τινα
439 2357 673 2420 τελείως,
691 2358 750 2409 τὸ
785 2357 1046 2426 μηδεμίαν
1092 2356 1318 2424 αἰσχράν
1371 2356 1661 2423 φαντασίαν

125 2449 186 2498 ὲν
218 2451 330 2508 τοῖς
356 2447 542 2510 ὕπνοις
587 2447 852 2515 ὲπιπηδᾷν
881 2450 945 2515 τῇ
1002 2447 1143 2516 ψυχῇ
1166 2460 1180 2474 ⁶
1233 2438 1391 2498 αὗται
1430 2447 1537 2514 γὰρ
1570 2444 1660 2496 τοῦ

125 2538 306 2585 νοσεῖν
334 2535 631 2614 τῖμυχὴν
663 2537 978 2603 τεκμήριον,
1010 2535 1102 2586 καὶ
1135 2537 1205 2602 μή
1239 2551 1323 2584 πω
1349 2533 1440 2585 τοῦ
1461 2533 1661 2595 πάθους

127 2619 492 2686 ἀπηλλάχθαι.
529 2619 616 2669 Διὸ
641 2621 733 2671 καὶ
761 2620 955 2683 ταύτας
978 2620 1191 2688 ἔλεγχον
1235 2617 1372 2671 εἶναι
1406 2619 1503 2686 τῆς
1530 2635 1661 2684 προ-

126 2704 398 2772 λαϐούσης
428 2706 655 2772 λέγομεν
686 2705 968 2776 ῥᾳθυμίας,
995 2707 1090 2758 καὶ
1118 2707 1215 2774 τῆς
1265 2707 1320 2757 ὲν
1351 2708 1477 2775 ἡμῖν
1504 2707 1662 2757 ἀσθε-

129 2792 300 2853 νείας,
338 2789 423 2845 οἷα
473 2798 570 2863 τῆς
621 2794 1030 2864 καλυπτομένης
1069 2799 1124 2847 εν
1174 2798 1282 2855 τοῖς
1332 2795 1665 2864 ἀποκρύφοις

128 2885 233 2950 τῆς
251 2882 422 2950 ψυχῆς
451 2885 636 2952 μέρεσι
657 2886 831 2947 νόσου,
887 2884 1292 2953 φανερουμένης
1336 2884 1420 2935 διὰ
1467 2883 1560 2950 τῆς
1608 2885 1664 2935 ὲν

127 2974 243 3031 τοῖς
275 2971 459 3032 ὕπνοις
482 2973 735 3041 ρεύσεως.
779 2974 935 3038 Μέγα
971 2969 1082 3034 οὖν,
1127 2973 1358 3040 ἀδελφοὶ,
1385 2975 1443 3024 τὸ
1474 2973 1664 3041 κατόρ-

1764 596 1974 650 serpere
1998 596 2250 652 conatur;
2281 605 2346 642 ne
2379 591 2532 656 forte,
2562 595 2794 648 admisso
2823 598 3010 663 capite,
3033 599 3293 667 reliquum

1764 672 1921 741 etiam
1956 688 2151 742 corpus
2183 693 2285 730 una
2317 679 2564 733 illahatur
2586 723 2598 744 ,
2633 693 2683 735 ct
2715 683 2764 735 in
2793 684 3048 738 nefariam
3083 688 3294 742 decida-

1766 773 1883 813 mus
1910 762 2189 817 actionem.
2223 765 2361 818 Bene
2393 768 2570 836 itaque
2598 771 2729 832 erit,
2765 773 2809 824 si
2843 776 3090 840 parvulos
3126 775 3293 845 Baby-

1765 848 1902 902 lonis
1923 889 1938 910 ,
1983 859 2160 918 turpes
2181 892 2194 916 ,
2226 854 2438 922 inquam
2458 895 2471 916 ,
2501 860 2882 925 cogitationes,
2910 878 3028 930 qua:
3053 878 3151 915 nos
3182 867 3293 932 pri-

1763 950 1908 987 mum
1939 938 2283 1004 adoriuntur,
2311 943 2373 994 ad
2407 953 2609 1010 petram
2631 983 2644 1004 ,
2692 960 2810 1012 quae
2848 958 2928 1000 est
2955 949 3195 1003 Christus
3229 948 3249 988 ί
3277 989 3291 1009 ,

1763 1024 2045 1106 allidamus
2074 1036 2233 1094 atque
2259 1029 2563 1084 obteramus
2589 1034 2632 1084 ε.
2666 1035 2872 1088 ΑιΙιιΙιαι
2903 1039 3095 1090 etenim
3122 1077 3135 1101 ,
3174 1038 3292 1106 plu«

1764 1102 1954 1163 rituum
1983 1115 2136 1167 nobis
2170 1119 2446 1171 turbarum
2477 1135 2536 1173 ac
2568 1122 2928 1176 molestiarum
2952 1127 3291 1179 exhibebant.

1761 1198 1869 1254 Nec
1915 1217 2038 1256 vero
2081 1218 2177 1260 nos
2210 1207 2478 1275 impurmn
2518 1210 2885 1266 fornicationis
2921 1215 3166 1282 spiritum
3204 1232 3298 1286 per

1762 1287 1927 1338 solam
1979 1289 2282 1358 religiosam
2338 1296 2780 1360 exercitationem
2831 1298 3129 1366 dejecwros
3177 1317 3296 1355 esse

1761 1378 2123 1444 confidamus,
2163 1382 2265 1434 nisi
2313 1381 2400 1435 Dei
2437 1385 2736 1440 subsidium
2766 1390 3072 1442 accesserit.
3114 1390 3299 1458 Neque

1760 1462 1900 1513 enim
1943 1464 2098 1517 homo
2144 1467 2211 1516 al.
2246 1481 2308 1518 eo
2349 1478 2470 1521 ante
2512 1474 2806 1539 oppugnari
2855 1473 3092 1537 desinet,
3133 1492 3294 1544 quam

1759 1564 1881 1603 Vere
1906 1554 2210 1616 crediderit,
2242 1556 2379 1623 quod
2413 1573 2516 1612 non
2551 1575 2648 1611 suo
2679 1560 2857 1612 studio
2889 1571 2940 1613 et
2974 1563 3176 1626 labore,
3205 1566 3294 1618 sed

1760 1640 1850 1692 Dei
1882 1643 2207 1707 protectione
2237 1653 2395 1711 atque
2425 1646 2667 1712 praesidio
2692 1649 2758 1700 ab
2785 1648 2882 1701 hoc
2901 1663 3090 1715 aspero
3131 1649 3301 1719 ﬂagro

1760 1729 2061 1783 liberandus
2105 1733 2192 1784 sit.
2228 1730 2496 1799 Siquidem
2543 1748 2625 1786 res
2667 1743 2749 1787 est
2802 1736 2997 1789 eximia
3040 1751 3102 1789 ac
3141 1752 3296 1805 supra

1763 1825 2150 1880 naturam;‘et
2185 1819 2276 1885 qui
2318 1821 2496 1873 carnis
2543 1819 2870 1874 irritamenta
2913 1831 2964 1875 et
3007 1824 3298 1891 voluptates

1758 1905 2000 1971 proterit,
2035 1920 2062 1958 a
2100 1921 2322 1975 corpore
2368 1907 2760 1976 quodammodo
2808 1911 3034 1964 excedit.
3076 1911 3300 1967 Proinde

1759 1993 1870 2046 fleri
1900 1995 2101 2062 nequit,
2134 2005 2191 2049 ut
2222 1997 2381 2050 homo
2416 1998 2637 2052 suismet
2665 1999 2851 2066 pennis
2880 2001 2944 2052 ad
2974 2002 3296 2066 mstitatem,

1759 2085 2025 2137 excelsam
2072 2101 2217 2151 rem,
2267 2087 2546 2151 convolet,
2588 2087 2690 2141 nisi
2729 2087 2822 2141 Dei
2865 2104 3077 2158 quoque
3135 2092 3299 2159 gratia

1758 2187 1878 2226 eum
1911 2188 1939 2226 a
1967 2174 2417 2241 perturbationum
2462 2177 2622 2228 animi
2659 2177 2806 2230 fovea
2865 2178 2916 2228 in
2971 2179 3135 2230 altum
3170 2182 3300 2232 edu-

1751 2259 1916 2312 'xerit.
1937 2260 2197 2313 Caeterum
2230 2263 2481 2315 indicium
2510 2304 2523 2326 ,
2558 2265 2696 2332 quod
2730 2265 2992 2332 quispiam
3029 2266 3166 2319 hanc
3196 2271 3300 2322 vir-

1759 2357 1924 2402 tutem
1953 2350 2106 2416 plene
2133 2350 2202 2402 sit
2233 2361 2579 2413 consecutus,
2613 2352 2752 2406 istud
2784 2363 2884 2416 est,
2920 2354 2963 2411 si
2994 2356 3136 2406 nulla
3160 2355 3298 2409 foeda

1759 2437 2068 2505 itnaginatio
2125 2453 2219 2506 per
2263 2455 2506 2492 somnum
2554 2443 2604 2492 in
2661 2442 2888 2493 animam
2942 2443 3158 2494 insiliat.
3216 2442 3301 2496 Ea:

1759 2539 1988 2590 namque
2052 2535 2364 2590 argumento
2405 2535 2529 2578 sunt
2577 2529 2808 2580 animam
2865 2538 3165 2595 aegrotare,
3203 2545 3300 2583 nec

1759 2612 1826 2664 ab
1873 2613 2178 2680 hujusmodi
2227 2614 2416 2667 affectu
2468 2616 2644 2667 adhuc
2694 2629 2815 2669 esse
2861 2616 3103 2670 liberam.
3149 2615 3299 2671 Unde

1761 2710 1811 2754 et
1839 2704 2051 2755 easdem
2085 2704 2312 2757 dicimus
2341 2705 2700 2758 antecedentis
2742 2706 2999 2759 socordia).
3019 2747 3034 2772 ,
3075 2707 3297 2762 abditae-

1761 2807 1864 2859 que
1907 2795 1956 2844 in
1985 2794 2136 2846 nobis
2167 2794 2541 2848 imbecillitatis
2569 2810 2686 2848 esse
2718 2795 2962 2859 indices,
2997 2812 3100 2849 non
3143 2812 3300 2852 secus

1762 2895 1825 2934 ac
1872 2883 2040 2934 morbi
2088 2884 2364 2948 cujusdam
2413 2884 2464 2936 in
2513 2885 2676 2936 animi
2721 2886 3079 2952 penetralibus
3115 2886 3298 2939 delite-

1763 2971 1961 3024 scentis
1991 3011 2004 3035 ,
2038 2986 2100 3024 ac
2135 2986 2252 3024 sese
2308 2960 2671 3038 patefacientis
2717 2988 2810 3040 per
2857 2973 3138 3026 illusionem
3181 2989 3299 3042 quae

130 3061 291 3130 θωμα
321 3061 418 3127 τῆς
448 3063 660 3128 ἁγνείας
691 3063 781 3114 καὶ
821 3062 1169 3130 σωφροσύνης
1191 3079 1203 3090 ·
1241 3063 1332 3113 καὶ
1370 3063 1454 3114 διὰ
1507 3062 1662 3114 τοῦτο
1688 3077 1732 3137 c

1688 3077 1732 3137 ρ
1765 3061 1814 3110 in
1848 3061 2050 3113 somnis
2075 3063 2356 3129 contingit.
2387 3062 2573 3131 Magna
2602 3063 2800 3132 itaque,
2830 3064 3040 3129 fratres,
3081 3067 3298 3119 castita-

135 3153 400 3220 μεγάλαις
431 3154 523 3203 καὶ
557 3152 822 3213 ποικίλαις
844 3153 1152 3215 ἐπιϐουλαῖς
1182 3154 1492 3222 πολεμεῖται
1515 3153 1664 3222 παρὰ

131 3243 243 3292 τῶν
268 3242 492 3310 ἐχθρῶν.
541 3240 675 3292 Ἀλλ’
707 3243 868 3308 ἡμεῖς
919 3242 1135 3304 εἰδότες,
1176 3243 1256 3294 ὅτι
1305 3242 1477 3308 χωρὶς
1507 3243 1664 3307 ἁγια-

128 3331 314 3396 σμοῦ,
369 3332 507 3383 κατὰ
565 3331 650 3382 τὸν
694 3332 1032 3392 Ἀπρστολον,
1078 3330 1269 3393 οὐδεὶς
1320 3331 1522 3396 ὄψεται
1563 3331 1664 3380 τὸν

135 3421 374 3485 Κύριον,
417 3418 491 3488 μὴ
545 3419 928 3486 ἀποκάμωμεν,
996 3419 1344 3484 φυλάττοντες
1395 3417 1662 3484 ἐπιμελῶς

128 3509 230 3574 τὴν
265 3508 502 3576 καρδίαν,
539 3508 630 3558 καὶ
659 3509 1122 3574 ὲγκρατευόμενοι,
1141 3507 1228 3556 καὶ
1253 3507 1465 3561 πυκνῶς
1496 3524 1663 3575 προσ-

132 3596 417 3662 ευχόμενοι
471 3594 605 3660 μετὰ
655 3595 976 3661 στεναγμοῦ,
1033 3595 1125 3646 καὶ
1154 3594 1315 3646 τᾶλλα
1368 3595 1661 3658 ποιοῦντες,

128 3685 279 3743 ὅπως
309 3681 402 3750 τὴν
430 3683 650 3750 κάμινον
679 3683 776 3750 τῆς
805 3683 1073 3750 ἡμετέρας
1095 3683 1309 3750 σαρκὸς,
1343 3682 1406 3748 ἢν
1433 3683 1460 3730 ὁ
1487 3682 1663 3731 Βαὸυ-

130 3773 322 3833 λὼνιος
352 3772 596 3839 βασιλεὺς
625 3773 846 3824 ἀνάπτει
886 3775 995 3830 τοῖς
1028 3773 1123 3836 τῆς
1153 3769 1444 3834 ἐπιθυμίας
1481 3769 1656 3836 ἐρεθι-

135 3865 312 3927 σμοῖς,
341 3861 724 3926 άποσϐἐσωμεν
745 3863 808 3926 τῇ
840 3875 912 3908 πα
926 3858 1109 3924 ρουσίᾳ
1131 3855 1220 3905 τοῦ
1248 3857 1398 3922 ἁγίου
1426 3855 1665 3923 Πνεύμα-

133 3970 244 4013 τος.
280 3950 432 4018 Λύτῷ
456 3953 489 4019 ἡ
520 3951 644 4013 δόξα
673 3951 752 4008 εἰς
775 3950 897 4008 τοὺς
929 3946 1144 4007 αἰῶνας.

218 4040 543 4108 Σωφροσύνη
599 4039 696 4106 μὲν
727 4038 1044 4107 ἐγκρατείας
1076 4036 1258 4087 τέκνον
1283 4051 1294 4062 ·
1340 4036 1556 4102 πορνεία
1610 4033 1664 4084 δὲ

133 4131 376 4197 θυγάτηρ
404 4129 856 4196 γαστριμαργίας.
1334 4190 1337 4194 Ι

210 4219 478 4285 κυμάτων
503 4217 590 4284 βία
636 4218 880 4286 χειμάζει
910 4217 1086 4268 πλοῖον
1113 4231 1125 4244 °
1161 4215 1250 4266 καὶ
1276 4212 1396 4265 νοῦν
1431 4213 1663 4280 ἀκρατῆ,

135 4310 394 4377 ληγισμὸς
419 4311 688 4377 πορνείας.
939 4305 964 4314 ”
1342 4296 1348 4307 ’

211 4401 368 4467 Ὄφις
419 4399 660 4468 εὐανθὴς,
711 4399 855 4466 βέλος
905 4395 1432 4467 πεφαρμακωμένον·
1467 4392 1664 4461 ἔτρωσε

132 4490 330 4559 ψυχὴν,
381 4490 476 4541 καὶ
511 4489 599 4540 τὸν
654 4490 727 4538 ίὸν
773 4487 1072 4547 ἐναπέθετο,
1117 4485 1204 4534 καὶ
1246 4485 1365 4534 ὅσον
1415 4482 1661 4551 χρονίζει,

139 4581 355 4632 πλείονα
387 4579 544 4646 σῆψιν
577 4577 889 4646 ἐργάζεται.,
1463 4573 1471 4582 ’

208 4668 442 4720 Βέλτιοιν
489 4668 621 4718 οἴκοι
659 4667 876 4734 μένοντα
935 4664 1224 4732 σχολάζειν,
1279 4664 1311 4732 ἦ
1369 4664 1527 4731 τιμᾷν
1587 4662 1669 4714 δο-

138 4756 336 4810 κοῦντα
398 4757 490 4816 τὰς
547 4758 751 4824 ἑορτὰς,
794 4758 1062 4826 πάρεργον
1102 4753 1192 4805 τοῦ
1236 4751 1480 4820 δαίμονος
1526 4752 1677 4819 γίνετ

141 4847 285 4898 σθαι.

216 4935 426 4986 Ἐλάιον
457 4932 639 5000 τρέφει
667 4930 873 4996 λύχνον,
911 4951 998 4984 και
1025 4932 1222 5000 πυρσὸν
1256 4930 1440 5000 ἡδονῆς
1493 4932 1672 4998 ὁμιλία

141 5021 417 5088 γυναικός.

212 5109 380 5175 Φεῦγε
422 5107 700 5175 συντυχίας
763 5108 1048 5171 γυναικῶν,
1099 5110 1187 5158 καὶ
1234 5109 1305 5176 μὴ
1345 5108 1443 5176 δῷς
1489 5107 1672 5166 αὐταῖς

219 5285 238 5324 ί
273 5287 285 5337 l
315 5286 434 5337 Cor.
477 5303 525 5344 κ,
568 5285 606 5333 ¹ι.
689 5286 710 5321 ε
747 5282 882 5335 Ρδλι.
909 5297 1121 5344 mum,
1146 5283 1196 5334 9.

1279 5280 1302 5316 δ
1329 5281 1482 5334 llchr.
1514 5296 1606 5342 xu,
1638 5281 1720 5332 Η.

1765 3149 1831 3201 tis
1861 3158 1913 3202 et
1944 3151 2206 3217 pudicitia:
2237 3152 2403 3204 virtus
2435 3161 2551 3215 est;
2582 3153 2649 3205 ob
2683 3153 2852 3219 idque
2884 3155 3086 3220 magnis
3112 3155 3299 3207 variis-

1762 3251 1866 3304 que
1907 3239 2109 3290 insidiis
2151 3239 2216 3289 ah
2250 3239 2490 3291 hostibus
2520 3223 2876 3307 oppugnatur.
2935 3239 3129 3292 Verum
3164 3257 3293 3306 nos,

1763 3326 1910 3392 gnari
1959 3328 2098 3392 quod
2142 3329 2251 3378 sine
2286 3328 2658 3388 sanctimonia,
2699 3339 2756 3380 ut
2799 3330 2872 3380 ait
2909 3330 3194 3396 Apostolus
3229 3331 3252 3368 ιι
3278 3367 3295 3393 ,

1762 3429 1907 3465 nemo
1947 3416 2133 3467 videbit
2176 3416 2451 3468 Dominum
2477 3457 2490 3478 ,
2533 3433 2598 3470 ne
2643 3417 2987 3482 fatiscamus,
3016 3419 3141 3470 dum
3181 3421 3299 3474 dili-

1763 3511 1948 3570 genter
2002 3517 2094 3556 cor
2167 3514 2405 3557 nostrum
2455 3520 2858 3576 conservamus,
2918 3508 3296 3561 continentiam

1763 3591 2008 3653 colimus,
2049 3592 2262 3645 crebras
2294 3609 2476 3659 preces
2499 3609 2619 3646 cum
2651 3596 2847 3662 gemitu
2879 3595 3174 3659 fundimus,
3197 3611 3301 3649 ea»
3357 3656 3361 3659 ,

1763 3686 1985 3745 teraque
2040 3679 2305 3740 facimus,
2358 3693 2464 3744 quo
2515 3680 2692 3734 carnis
2745 3690 2938 3734 nostrae
2986 3681 3294 3746 fornacem,

1762 3781 1920 3833 quam
1954 3765 2273 3832 Babylonius
2313 3781 2400 3818 rex
2442 3781 2533 3834 per
2556 3769 2863 3836 cupiditatis
2893 3770 3170 3825 illecebras
3209 3786 3298 3824 ac-

1763 3855 1960 3917 cendit,
1984 3853 2212 3922 Spiritus
2240 3858 2405 3909 sancti
2431 3856 2726 3910 interventu
2751 3859 3173 3927 exstinguamus.
3195 3858 3296 3928 Ipsi

1765 3945 1930 4014 gloria
1964 3946 2015 3996 in
2054 3946 2267 3998 saecula.

1833 4033 2088 4087 Pudicitia
2122 4035 2460 4088 continentiae
2487 4035 2592 4088 ﬁlia
2618 4044 2728 4098 est;
2770 4033 3059 4090 furnicatio
3082 4046 3258 4091 autem
3281 4078 3298 4103 ,

1765 4123 1898 4188 gulae
1932 4125 2165 4176 soboles.

1834 4211 2112 4263 Fluctuum
2140 4211 2366 4279 impetus
2390 4227 2574 4264 navem
2602 4213 2802 4280 jactat;
2846 4225 3076 4268 mentem
3105 4217 3297 4270 intem-

1765 4307 2033 4368 perantem
2062 4340 2074 4362 ,
2117 4299 2483 4355 fornicationis
2515 4301 2787 4370 cogitatio.

1861 4389 2067 4444 Florida
2141 4391 2302 4444 facies
2333 4430 2348 4454 ,
2414 4391 2573 4444 telum
2622 4401 2936 4444 venenatum
2983 4402 3064 4444 est
3111 4411 3124 4446 :
3182 4394 3300 4446 ani-

1791 4495 1935 4533 mum
1970 4481 2194 4544 sauciat,
2218 4491 2269 4533 et
2301 4483 2349 4532 in
2407 4482 2522 4548 ipso
2561 4495 2819 4532 venenum
2852 4481 3051 4550 infigit;
3091 4497 3302 4550 quoque

1774 4567 1974 4622 diutius
2012 4569 2346 4628 immoratur,
2378 4583 2440 4619 eo
2472 4566 2725 4632 majorem
2750 4567 2952 4620 saniem
2986 4568 3161 4622 efﬁcit.

1840 4655 2063 4710 Praestat
2103 4657 2244 4709 domi
2295 4657 2533 4724 quietum
2587 4670 2822 4720 manere,
2857 4672 3014 4724 quam
3068 4656 3302 4722 putando

1775 4743 1908 4812 festa
1939 4749 2134 4810 colere,
2167 4747 2421 4800 daemonis
2448 4745 2678 4815 txaedam
2709 4755 2761 4799 et
2785 4745 3138 4798 accessionem
3167 4745 3298 4800 fleri.
3369 4777 3372 4781 λ

1850 4928 2032 4981 Oleum
2070 4925 2333 4976 lucernam
2376 4923 2502 4983 alit,
2561 4922 2790 4986 itemque
2821 4917 3105 4988 voluptatis
3151 4918 3300 4970 Παιτικ-

1780 5031 1940 5078 mum,
1973 5011 2203 5066 mulieris
2225 5010 2568 5063 consuetudo.

1837 5101 2111 5154 Mulierum
2142 5099 2407 5152 consortia
2434 5098 2571 5167 fuge,
2592 5095 2994 5153 neclibertatem
3015 5096 3143 5164 ipsis
3171 5109 3299 5146 con-

1403 5451 1623 5503 \".\lll:‘E
1657 5449 2044 5503 [.l‘ICTIONlCS.

221 5633 238 5654 ¹
277 5637 356 5687 Al.
393 5635 709 5701 ἀναπτῆναι,
