4122 6338
723 315 747 371 l
762 308 853 370 147

2135 308 2194 366 S.
2225 307 2383 374 NlLI

3760 296 3899 358 ίίίϐ

721 421 867 472 cede.
902 415 1082 468 Primo
1114 427 1428 482 congressu,
1454 420 1506 467 et
1533 411 1762 467 demissa
1785 412 1933 467 humi
1959 410 2093 466 facie
2122 412 2255 466 leni-

2358 411 2697 481 παρῤησίαν.”
2718 411 2915 482 Πρώτη
2950 410 3224 479 συντυχίᾳ,
3246 380 3345 463 ⁶καὶ
3383 409 3441 461 τὸ
3477 408 3692 476 βλέμμα
3720 409 3906 459 τείνας⁹

718 520 794 563 ter
822 502 1133 575 loquuntur,
1154 514 1208 557 ct
1235 505 1594 573 lacrymantur
1620 503 1964 566 miseranter;
1989 501 2255 555 modeste-

717 612 822 666 que.
864 611 985 650 sese
1041 602 1388 663 componunt,
1427 592 1732 661 frequenter
1774 592 2167 660 ingemiscunt;
2195 593 2259 643 de

717 687 964 742 castitate
983 692 1388 755 percontantur,
1413 693 1464 738 et
1484 684 1720 737 studiose
1742 684 1984 736 audiunt.
2010 681 2257 737 Secunda

632 845 637 853 .
716 778 832 831 vice
875 775 1073 835 vidisti,
1121 775 1231 842 jam
1273 773 1535 841 paulisper
1577 773 1824 826 attollunt
1854 772 2069 836 oculos;
2101 769 2255 825 tertio

719 865 1028 934 colloquio,
1084 863 1240 915 ﬁxius
1299 870 1349 914 te
1410 861 1713 921 intuentur,
1773 859 2081 922 subrident,
2147 858 2255 909 imo

719 955 875 1008 etiam
917 951 1193 1019 profusum
1233 949 1404 1001 risum
1442 947 1638 1014 edunt;
1692 961 1754 999 ac
1790 945 2018 1012 denique
2066 955 2255 997 cuncta

725 1056 843 1110 qua:
887 1040 1119 1093 animam
1154 1038 1400 1090 obsident
1442 1036 1752 1095 moliuntur,
1804 1034 1991 1086 hamos
2046 1033 2255 1097 mortis,

726 1128 1114 1198 praestigiarum
1146 1126 1521 1186 illectamenta,
1554 1131 1713 1190 atque
1734 1121 2105 1195 multipliciter
2126 1134 2259 1173 con-

720 1196 889 1273 textas
928 1219 1129 1287 plagas.
1238 1278 1241 1281 λ
1570 1222 1572 1224 ’
1720 1196 1722 1204 λ
1812 1261 1816 1267 ,

784 1308 864 1360 ‘Ad
896 1307 1069 1375 ignem
1110 1304 1157 1359 si
1197 1303 1415 1369 prapius
1441 1301 1749 1361 accesseris,
1798 1299 1974 1357 statim
2016 1298 2256 1361 resilies;

638 1408 641 1409 '
719 1403 773 1446 at
802 1393 844 1446 si
876 1391 1114 1445 mulieris
1133 1390 1311 1453 verbis
1338 1400 1387 1443 te
1408 1377 1633 1443 emolliri
1676 1389 1844 1450 sinas,
1872 1402 1979 1439 non
2008 1388 2149 1439 illico
2172 1402 2258 1441 re-

685 1514 687 1517 τ
723 1484 900 1535 cedes.
1495 1536 1498 1539 Α
1714 1470 1717 1473 Α

788 1567 933 1621 Virct
963 1568 1149 1631 lict-ba,
1197 1582 1318 1635 quae
1350 1566 1504 1634 aquis
1529 1558 1825 1632 propinqua
1851 1572 1971 1626 est;
2006 1574 2058 1618 et
2078 1563 2256 1616 libidi-

720 1657 804 1710 nis
827 1656 1067 1716 alfectus,
1094 1656 1147 1707 in
1181 1653 1423 1707 muliebri
1452 1652 1741 1718 colloquio.
2040 1647 2045 1650 ’

2366 516 2452 551 σαι
2476 499 2646 562 κάτω,
2676 499 2892 552 λαλοῦσι
2922 500 3125 571 πράως.
3159 500 3251 569 καὶ
3271 499 3556 565 δακρύουσι
3582 497 3907 565 συμπαθῶς,

2363 588 2457 642 καὶ
2486 588 2897 657 σχηματίζονται
2926 590 3183 657 κοσμίως,
3206 576 3301 642 καὶ
3329 588 3504 641 πυκνὰ
3538 584 3906 641 στενάζουσιν·

2364 677 2605 747 ἐρωτῶσι
2658 679 2783 747 περὶ
2839 679 3079 745 ἁγνείας,
3124 681 3218 730 καὶ
3271 678 3562 738 σπουδαίως
3619 675 3902 727 ἀκούουσι.

2362 767 2617 836 Δεύτερον
2650 762 2804 828 εἶδες,
2849 769 2939 818 καὶ
2978 766 3167 836 μικρὸν
3209 767 3528 819 ἀνένευσανο
3558 764 3758 833 τρίτον,
3806 766 3923 816 καὶ

2366 856 2661 926 προσέσχον
2706 856 3066 925 ἀτενέστερον,
3105 857 3432 923 ἐμειδίασαν,
3464 854 3556 908 καὶ
3588 854 3907 922 κεχυμένως

2367 946 2654 1011 ἐγέλασαν·
2714 947 2807 998 καὶ
2867 944 3048 997 λοιπὸν
3095 945 3407 1013 ἐξαρτύουσι
3446 944 3617 998 πάντα
3654 944 3723 995 τὰ
3750 943 3942 993 πολι-“

2363 1035 2622 1101 ορκοῦντα
2650 1034 2847 1102 ψυχὴν,
2891 1033 3156 1103 ἄγκιστρα
3193 1034 3442 1096 θανάτου,
3490 1035 3584 1086 καὶ
3632 1032 3912 1100 θέλγητρα

2363 1123 2633 1193 γοητείας,
2662 1125 2755 1175 καὶ
2777 1122 3087 1175 πολύπλοκα
3114 1120 3378 1191 θήρατρα.

2388 1328 2391 1333 ς
2430 1291 2572 1361 Πυρὶ
2628 1292 2723 1360 μὲν
2770 1289 3096 1360 προσελθὼν,
3140 1290 3348 1359 ταχέως
3384 1289 3781 1355 ἀποπηδήσεις”
3809 1305 3911 1354 γυ-

2363 1380 2547 1442 ναικὸς
2582 1379 2637 1432 δὲ
2674 1380 2878 1449 ῥήμασι
2911 1378 3219 1447 χαυνωθεὶς,
3252 1378 3349 1430 οὐκ
3386 1378 3585 1438 εὐθέως
3616 1377 3914 1446 ἀναχωρή-

2366 1488 2497 1524 σεις.

2433 1488 2443 1522 ι
2484 1511 2497 1524 .

2433 1487 2626 1610 genu
2672 1538 2889 1625 βοτάνη
2919 1556 3049 1626 παρ’
3075 1554 3245 1619 ῦδασι,
3273 1556 3367 1608 καὶ
3399 1554 3566 1618 πάθος
3593 1556 3911 1619 ἀκολασίας,

2364 1650 2421 1700 ὲν
2446 1647 2627 1716 ὁμιλίᾳ
2653 1646 2927 1712 γυναικός.

788 1744 980 1796 Forma
1012 1742 1211 1805 fucata,
1248 1740 1713 1809 intemperantiam
1754 1739 2016 1812 pernicies
2042 1748 2094 1794 et
2128 1755 2261 1793 nau-

2428 1736 2624 1807 Μορφὴ
2662 1733 3166 1806 κεκαλλωπισμένη,
3203 1735 3311 1789 τῶν
3339 1735 3744 1807 ἀκρατεστέρων
3785 1735 3910 1789 ὄλε-

720 1832 947 1898 fragium
980 1839 1079 1882 est.

788 1913 1247 1981 Quemadmodum
1307 1913 1449 1981 ignis
1493 1911 1749 1965 memoria
1775 1920 2004 1967 mentem
2039 1914 2259 1981 minime

2361 1822 2490 1892 θρος
2522 1824 2615 1874 καὶ⁵
2644 1823 2918 1888 ναυάγιον.
3158 1866 3161 1869 ,

2431 1909 2641 1977 ’Ὥσπερ
2695 1910 2881 1977 μνήμη
2933 1908 3102 1979 πυρὸς
3153 1907 3214 1960 ού
3260 1910 3402 1961 καίει
3444 1907 3700 1970 διάνοιαν,
3728 1907 3909 1969 οὕτως

721 2007 866 2068 urit;
908 2005 986 2057 sic
1020 2018 1117 2055 nec
1159 2002 1396 2062 allectus,
1437 2009 1639 2053 remota
1676 1999 1927 2064 materia,
1962 2016 2067 2070 qua
2102 2001 2260 2056 alitur

2358 1998 2479 2050 οὐδὲ
2512 1997 2697 2061 πάθος,
2722 1997 2964 2066 ἀπούσης
2992 1995 3122 2068 ὕλης
3150 1998 3249 2065 τῆς
3278 1997 3580 2067 τρεφούσης
3612 1998 3707 2049 καὶ
3731 1997 3909 2060 αύξα-

716 2102 877 2160 atque
905 2100 1146 2161 augetur.

788 2178 886 2230 Par
908 2186 1009 2238 est,
1042 2173 1273 2242 serpenti
1303 2182 1355 2244 et
1383 2172 1593 2226 all‘ectui
1624 2188 1864 2242 parcere.
1898 2167 2033 2224 Nam
2081 2181 2139 2224 ut
2170 2187 2259 2226 oc-

716 2269 987 2322 casionem
1020 2264 1340 2323 invenerint.
1364 2262 1671 2316 interimere
1700 2264 1978 2317 festinant.

727 2355 731 2358 ’
789 2354 845 2407 lu
904 2367 1197 2421 congressu
1245 2350 1663 2419 perniciosarum
1710 2360 2079 2419 personarum,
2127 2361 2256 2411 cons

718 2443 1116 2512 quiescentibus
1144 2441 1250 2493 tuis
1282 2439 1642 2508 passionibus,
1678 2455 1745 2494 ne
1764 2447 2039 2507 propterea
2083 2436 2254 2490 confi-

717 2532 836 2588 das.
871 2531 984 2587 Hoc
1010 2531 1154 2585 enim
1183 2543 1397 2599 quoque
1416 2544 1506 2583 ars
1534 2537 1633 2594 est,
1675 2537 1733 2583 ut
1764 2529 2047 2583 adversum
2086 2536 2137 2582 te
2168 2528 2253 2580 in-

718 2628 937 2674 cautum
972 2619 1275 2685 insurgunt,
1304 2632 1475 2685 eoque
1512 2618 1672 2670 modo
1704 2616 1913 2670 facilius
1949 2625 1999 2670 te
2018 2619 2252 2684 capiant.

785 2697 1101 2773 Siquando
1152 2701 1398 2755 affectum
1442 2700 1653 2765 viceris,
1697 2716 1763 2754 ne
1816 2701 1935 2755 ideo
1972 2715 2155 2755 curam
2201 2707 2255 2753 et
2333 2746 2337 2749 .

719 2794 1126 2850 sollicitudinem
1152 2792 1389 2859 abjicias.
1411 2790 1467 2845 Si
1500 2790 1712 2859 quidem
1734 2789 1952 2861 allectus
1979 2789 2116 2843 ultro
2134 2788 2256 2842 red-

730 2885 810 2938 ire
833 2884 1027 2948 solent,
1079 2896 1141 2937 ac
1184 2882 1456 2950 repentino
1481 2880 1679 2949 impetu
1725 2880 1911 2949 ingens
1945 2878 2254 2933 hominibus

719 2969 947 3022 incautis
975 2967 1288 3036 periculum.
1305 2956 1567 3019 inferunt:
1726 2961 1731 2965 ’

2350 2080 2554 2155 ’νούσης
2578 2085 2729 2139 αύτό.

2429 2174 2589 2225 Ὅσον
2620 2174 2641 2205 ⁹
2662 2172 2808 2226 ἐστὶν
2847 2171 3018 2241 ὄφεως
3060 2173 3154 2227 καὶ
3193 2173 3397 2236 πάθους
3426 2173 3731 2241 φείσασθαι.
3765 2175 3906 2226 Και-

2362 2264 2450 2332 ρὸν
2471 2263 2579 2331 γὰρ
2612 2263 2855 2331 εὑρόντα,
2892 2261 3207 2315 σπεύδουσιν
3238 2262 3465 2317 ἀνελεῖν.
3572 2250 3578 2261 ’

2436 2351 2523 2404 Ἐν
2560 2352 2863 2419 συντυχίαις
2892 2350 3193 2419 προσώπων
3227 2350 3520 2420 βλαϐερῶν,
3552 2351 3904 2420 ἠρεμούντων

2360 2454 2440 2489 σοι
2470 2436 2673 2499 παθῶν,
2713 2437 2787 2505 μὴ
2815 2436 3127 2506 πιστεύσῃς.
3168 2437 3343 2507 Τέχνη
3417 2438 3525 2509 γὰρ
3580 2440 3671 2490 καὶ
3718 2438 3901 2502 τοῦτο,

2357 2525 2814 2604 κατεξαναστῆσαί
2845 2527 2887 2558 ⁸⁸
2930 2542 3022 2578 σου
3064 2526 3138 2605 μὴ
3176 2526 3592 2596 φυλαττομένου,
3639 2529 3729 2579 καὶ
3766 2530 3903 2596 ῥᾷον

2354 2614 2523 2675 οὕτως
2548 2615 2706 2666 ἑλεῖν.
3226 2668 3231 2673 ,

2422 2704 2488 2755 Εἰ
2516 2719 2645 2754 ποτε
2699 2703 2995 2771 κρατήσεις
3018 2703 3111 2756 τοῦ
3138 2703 3361 2767 πάθους,
3394 2702 3514 2774 μηδέ
3545 2700 3715 2763 οὕτως
3752 2703 3898 2770 ἀμε-

2356 2795 2620 2861 ριμνήσῃς
2636 2808 2651 2823 δ
2676 2790 3065 2861 φιλεπίστροφα
3091 2793 3199 2861 γὰρ
3220 2792 3285 2844 τὰ
3310 2792 3473 2856 πάθη,
3502 2790 3595 2843 καὶ
3619 2790 3693 2857 τῷ
3717 2789 3899 2857 αἰφνι-

2351 2882 2447 2951 δίῳ
2511 2882 2621 2941 τοῖς
2652 2879 3003 2955 ⁹ἀφυλάκτοις
3067 2881 3192 2945 ὀξὺν
3252 2881 3342 2932 τὸν
3402 2881 3644 2932 κίνδυνον
3703 2879 3896 2947 ἐπιφέ-

2356 2988 2531 3041 ροντα.

789 3014 945 3022 ηπ---
979 3014 1565 3036 r----_----_,------__---

789 3055 1035 3111 Scintilla
1089 3057 1141 3109 in
1188 3057 1353 3123 paleis
1404 3070 1609 3110 moram
1666 3056 1923 3116 trahens,
1978 3054 2275 3107 ﬂammam‘

2358 3014 2384 3041 Γ
2422 3058 2659 3127 Σπινθὴρ
2691 3058 3002 3126 ὲγχρονίσας
3043 3057 3283 3126 ἀχύροις,
3338 3014 3539 3127 ἐγείρει
3576 3056 3770 3125 φλόγα,
3798 3061 3896 3111 καὶ

641 3150 645 3154 ’
716 3143 945 3207 excitat;
984 3152 1096 3196 tum
1123 3142 1282 3196 noxia
1307 3142 1605 3196 recordatio
1635 3141 1838 3195 diutius
1862 3140 2123 3205 insidens,
2149 3139 2253 3193 for-

717 3234 1010 3288 nicationis
1036 3233 1400 3301 cupiditatem.

784 3323 856 3377 Ut
887 3322 1077 3374 mortis
1108 3320 1362 3373 memoria
1400 3318 1639 3374 ciborum
1662 3318 2123 3387 intemperantiam
2146 3332 2246 3370 am~

714 3420 906 3480 putat;
954 3411 1032 3463 sic
1060 3408 1294 3463 libidinis
1321 3408 1664 3476 petulantiam
1702 3405 2251 3461 resecatcontinentia

712 3502 900 3569 juncta
935 3498 1223 3551 humilitati
1252 3507 1307 3549 et
1329 3496 1578 3548 orationi.

788 3590 844 3642 Si
878 3588 1120 3643 libidinis
1145 3586 1394 3656 cogitatio
1423 3586 1658 3639 animum
1690 3592 1839 3639 tuum
1863 3580 2103 3643 subierit,
2123 3594 2254 3634 con-

716 3675 891 3730 festim
940 3682 1172 3727 mentem
1205 3675 1324 3726 inde
1356 3674 1676 3726 abstractam
1726 3670 1790 3723 ad
1835 3668 2000 3723 Deum
2038 3682 2249 3721 summo

714 3767 890 3822 studio
922 3765 1137 3831 attolle;
1170 3778 1237 3817 ne
1279 3763 1480 3816 diutius
1509 3761 1841 3826 immoratus,
1873 3769 2124 3828 tanquam
2153 3772 2250 3811 vo-

712 3854 928 3923 luptatis
958 3865 1162 3909 amator
1190 3852 1584 3907 condemneris.
2169 3847 2173 3850 ’

782 3943 917 4007 Cum
954 3944 1194 3997 libidinis
1239 3943 1430 3996 ardore
1477 3938 1797 4008 llagraveris,
1847 3946 1961 3990 tum
2024 3922 2247 4004 ingemi-

711 4046 867 4087 scens
903 4031 990 4085 hic
1014 4030 1190 4085 verbis
1216 4036 1365 4082 utere
1393 4046 1406 4081 :
1438 4026 1544 4081 lleu
1570 4042 1655 4081 me
1686 4026 1961 4088 miserum,
1990 4025 2035 4078 si
2063 4023 2247 4077 diabo-

711 4123 820 4176 lum
856 4123 984 4185 Deo,
1015 4131 1067 4175 et
1085 4119 1443 4189 impuritatem
1459 4116 1673 4185 puritati
1694 4124 2045 4184 anteposuere
2070 4115 2084 4167 ί
2113 4112 2246 4166 Pro-

702 4212 937 4279 jicientes
1002 4220 1080 4263 nte
1127 4225 1263 4265 nunc
1313 4206 1753 4260 circumdederunt
1798 4220 1877 4257 me
1922 4206 1963 4258 ί.
1994 4203 2243 4257 Exsulta-

2354 3141 2567 3232 μνήμηέ
2605 3146 2839 3214 βλαϐερὰ
2896 3148 3319 3216 παραμένουσα,
3377 3145 3631 3218 πορνείας
3698 3147 3892 3200 ἐπιθυ-

2354 3233 2502 3301 μίαν.
3660 3292 3663 3295 η

2433 3321 2723 3391 Ἀκρασίαν
2779 3321 3075 3391 βρωμάτων
3126 3324 3438 3391 περικύπτει
3496 3325 3691 3392 μνήμη
3726 3324 3893 3377 θανά-

2348 3428 2440 3465 του
2473 3413 2513 3443 ¹¹
2539 3422 2554 3440 ⁸
2585 3411 2875 3466 ἀκολασίαν
2910 3411 2966 3464 δὲ
3011 3411 3260 3481 πορνείας
3298 3414 3566 3482 περιαιρεί
3597 3415 3893 3482 ἐγκράτεια

2351 3500 2483 3567 μετά
2510 3499 2884 3561 ταπεινώσεως
2922 3501 3015 3552 καὶ
3052 3504 3376 3570 προσευχῆς.

2427 3588 2553 3641 Ἐάν
2582 3603 2662 3639 σοι
2694 3587 2947 3655 λογισμὸς
2997 3590 3284 3651 ἀκολασίας
3326 3591 3709 3661 προσγένηται,
3740 3609 3889 3661 πσρ-

2346 3675 2540 3729 αυτίκα
2561 3675 2650 3728 τὸν
2683 3675 2804 3729 νοῦν
2830 3677 3173 3740 ἀποσπάσας,
3204 3680 3455 3745 ἀνένεγκε
3486 3680 3623 3744 μετά
3650 3681 3887 3748 σπουδῆς

2345 3768 2480 3837 πρὸς
2523 3766 2612 3819 τὸν
2655 3759 2821 3820 Θεόν’
2858 3767 3062 3837 μήποτε
3119 3768 3387 3837 χρονίσας,
3425 3767 3757 3836 κατακριθῇς
3790 3769 3865 3830 ὼς

2345 3854 2639 3922 φιλήδονος.
2786 3853 2789 3855 “

2416 3943 2582 3996 Ὅταν
2632 3943 2884 4011 πυρωθῇς
2932 3943 3215 4012 ἐμπαθῶς,
3244 3944 3363 3995 τότε
3404 3943 3524 4010 λέγε
3568 3944 3836 4005 στενάζων
3862 3959 3879 3973 ·

2342 4030 2465 4096 Φεῦ,
2505 4032 2553 4082 εί
2588 4032 2900 4099 προτιμήσω
2932 4031 3024 4082 τοῦ
3074 4031 3202 4081 Θεοῦ
3255 4032 3341 4082 τὸν
3376 4031 3633 4095 διάϐολον,
3661 4031 3754 4084 καὶ
3782 4032 3882 4100 τῆς

2341 4121 2699 4191 καθαρότητος
2724 4121 2821 4189 τὴν
2849 4119 3196 4189 ἀκαθαρσίαν.
3241 4122 3612 4186 Ἐκϐαλόντες
3636 4138 3713 4190 με
3739 4123 3881 4178 νυνι

2340 4210 2822 4279 περιεκύκλωσάν
2847 4228 2923 4278 με
2946 4228 2958 4240 ο
2987 4211 3051 4263 τὸ
3080 4210 3413 4278 ἀγαλλίαμὰ
3442 4228 3557 4279 μου
3578 4213 3883 4280 λύτρωσαι

716 4304 785 4354 tio
832 4317 966 4365 mea,
1023 4316 1142 4353 erue
1190 4315 1271 4351 me
1332 4314 1365 4351 a
1418 4295 1856 4349 circumdunlibus
1905 4293 2055 4347 mei.
2106 4292 2275 4349 Sunt.

2358 4321 2409 4355 ιε
2440 4303 2556 4357 ἀπὸ
2585 4302 2702 4354 τῶν
2737 4300 3169 4355 κυκλωσάντων
3191 4318 3284 4370 με.
3326 4302 3478 4364 Τινὲς
3510 4303 3566 4354 δὲ
3599 4305 3694 4354 καὶ
3723 4302 3882 4366 ξυλά-

711 4390 872 4443 etiam
903 4390 1167 4453 nonnulli,
1202 4389 1295 4457 qui
1342 4388 1533 4441 fustem
1568 4386 1851 4454 accipiant,
1898 4399 2063 4452 seque
2088 4400 2234 4438 acer-

714 4478 848 4530 rime
876 4476 1083 4536 feriant.
1123 4487 1282 4545 atque
1322 4478 1395 4531 ita
1443 4476 1684 4529 ardorem
1735 4475 2021 4542 expellant,
2057 4474 2240 4527 dolore

710 4566 967 4620 nimirum
996 4566 1314 4632 voluptatem
1353 4565 1536 4630 procul
1560 4564 1824 4630 abigente.

778 4654 1000 4720 Quoties
1023 4653 1260 4707 libidinis
1287 4655 1532 4707 illecebra
1565 4653 1787 4706 seorsim
1821 4653 1874 4704 in
1902 4662 1951 4703 te
1984 4653 2235 4719 impetum

705 4743 914 4808 iecerit,
946 4757 1125 4811 surge,
1160 4755 1222 4795 ac
1255 4750 1307 4794 te
1348 4756 1527 4794 coram
1552 4738 1666 4809 Deo
1704 4737 1923 4806 projice,
1950 4739 2184 4792 clamans
2221 4756 2234 4791 :

714 4834 809 4885 Fili
839 4833 949 4899 Dei,
980 4835 1170 4901 adjuva
1198 4847 1282 4886 me
1310 4832 1357 4884 ιι.
1386 4829 1563 4900 Neque
1583 4829 1918 4883 vehementer
1955 4832 2233 4885 contriste-

710 4922 797 4977 ris‘
824 4939 838 4974 :
874 4938 978 4975 non
1005 4927 1144 4976 enim
1166 4921 1449 4977 affectuum
1481 4920 1751 4975 evulsores
1778 4933 1989 4980 sumus,
2011 4920 2099 4971 sed
2133 4935 2228 4987 op-

709 5017 1049 5078 pugnatores.
1334 5004 1335 5007 “

784 5216 798 5241 ι
830 5202 967 5256 Psal.
1002 5219 1108 5266 xw,
1150 5201 1228 5253 ll.
1302 5201 1316 5248 l
1364 5202 1501 5255 Psal.
1536 5202 1761 5279 xxxt,7.
1840 5199 1865 5236 ι
1896 5200 2082 5277 Matth.
2114 5214 2198 5256 μ’.
2228 5199 2317 5251 9.5.

2342 4408 2452 4461 ριον
2483 4390 2860 4459 λαμῦάνοντες,
2898 4391 2988 4442 καὶ
3016 4389 3304 4451 τύπτοντες
3342 4391 3563 4451 ἑαυτοὺς
3603 4391 3877 4457 ὲμπόνως,

2337 4479 2478 4531 οῦτω
2514 4480 2611 4547 τὴν
2660 4478 2903 4547 πύρωσιν
2930 4477 3331 4541 ἀπελαύνουσιν,
3363 4478 3434 4538 ὡς
3462 4475 3555 4528 τοῦ
3586 4476 3746 4528 πόνου
3777 4478 3878 4548 τὴν

2336 4569 2527 4636 ἡδονὴν
2552 4570 2735 4636 πόρῤω
2777 4568 3071 4635 βάλλοντος.

2419 4655 2632 4716 Ὁσάκις
2664 4655 2725 4706 ἂν
2762 4655 3065 4722 καταμόνας
3105 4653 3304 4725 ἐπέλθῃ
3350 4670 3430 4705 σοι
3468 4653 3721 4724 πορνείας
3756 4656 3879 4725 έρε.

2339 4747 2549 4814 θισμὸς,
2592 4745 2825 4807 ἀναστὰς
2864 4745 3014 4813 ρίψον
3059 4744 3277 4796 σεαυτὸν
3318 4744 3540 4795 ἐνώπιον
3581 4742 3677 4796 τοῦ
3712 4745 3873 4809 Θεοῦ,

2340 4836 2503 4904 βοῶν’
2538 4835 2630 4886 Υἱὲ
2660 4834 2751 4886 τοῦ
2783 4834 2932 4893 Θεοῦ,
2965 4833 3141 4901 βοήθει
3175 4850 3293 4901 μου.
3324 4834 3427 4886 Καὶ
3456 4834 3530 4902 μὴ
3564 4833 3765 4901 σφόδρα
3792 4837 3892 4888 λυ-

2338 4921 2439 4972 ποῦ
2461 4937 2480 4950 ι
2507 4921 2567 4971 ού
2602 4921 2706 4989 γὰρ
2737 4916 3023 4987 ὲκριζωταὶ
3053 4918 3157 4972 τῶν
3192 4920 3372 4975 παθῶν
3401 4922 3586 4989 ἐσμεν,
3611 4920 3883 4975 ἁλλ’ἀντ-

2337 5002 2645 5070 αγωνισταί.

1957 5370 2188 5425 VARle
2225 5370 2615 5427 LECTIONES.

774 5553 795 5584 ⁹
834 5547 1094 5607 Ῑηι.ῐσον.
1176 5551 1314 5603 "Al.
1376 5545 1847 5612 κατεξαναςτῆναί.

1948 5546 1984 5574 ¹¹
2021 5544 2124 5595 Im.
2166 5543 2318 5597 Θεοῦ.
