  <div class='ocr_page' id='page_1' title='image "/cluster/home/n/w/nwhite01/storage/ocr_20150623/79/pst.000005712786/783.png"; bbox 0 0 4122 6338; ppageno 0'>
   <div class='ocr_carea' id='block_1_1' title="bbox 710 405 835 466">
    <p class='ocr_par' dir='ltr' id='par_1_1' title="bbox 710 405 835 466">
     <span class='ocr_line' id='line_1_1' title="bbox 710 405 835 466; baseline -0.024 0"><span class='ocrx_word' id='word_1_1' title='bbox 710 405 835 466; x_wconf 65' lang='lat'>15.51</span> 
     </span>
    </p>
   </div>
   <div class='ocr_carea' id='block_1_2' title="bbox 2151 388 2419 448">
    <p class='ocr_par' dir='ltr' id='par_1_2' title="bbox 2151 388 2419 448">
     <span class='ocr_line' id='line_1_2' title="bbox 2151 388 2419 448; baseline -0.015 0"><span class='ocrx_word' id='word_1_2' title='bbox 2151 391 2206 448; x_wconf 91' lang='lat' dir='ltr'><strong>S.</strong></span> <span class='ocrx_word' id='word_1_3' title='bbox 2261 388 2419 447; x_wconf 83' lang='lat' dir='ltr'><strong>NlLI</strong></span> 
     </span>
    </p>
   </div>
   <div class='ocr_carea' id='block_1_3' title="bbox 3729 385 3858 447">
    <p class='ocr_par' dir='ltr' id='par_1_3' title="bbox 3729 385 3858 447">
     <span class='ocr_line' id='line_1_3' title="bbox 3729 385 3858 447; baseline -0.023 0"><span class='ocrx_word' id='word_1_4' title='bbox 3729 385 3858 447; x_wconf 64' lang='lat'><strong>“52</strong></span> 
     </span>
    </p>
   </div>
   <div class='ocr_carea' id='block_1_4' title="bbox 707 491 2239 573">
    <p class='ocr_par' dir='ltr' id='par_1_4' title="bbox 707 498 2225 573">
     <span class='ocr_line' id='line_1_4' title="bbox 707 498 2225 573; baseline -0.014 -5"><span class='ocrx_word' id='word_1_5' title='bbox 707 518 882 573; x_wconf 87' lang='lat' dir='ltr'><strong>detur,</strong></span> <span class='ocrx_word' id='word_1_6' title='bbox 916 510 1218 563; x_wconf 97' lang='lat' dir='ltr'><strong>diuturnam</strong></span> <span class='ocrx_word' id='word_1_7' title='bbox 1248 512 1593 567; x_wconf 87' lang='lat' dir='ltr'><strong>senectutem,</strong></span> <span class='ocrx_word' id='word_1_8' title='bbox 1624 501 1860 568; x_wconf 85' lang='lat' dir='ltr'><strong>corporis</strong></span> <span class='ocrx_word' id='word_1_9' title='bbox 1888 498 2225 552; x_wconf 84' lang='lat' dir='ltr'><strong>imbecillita-</strong></span> 
     </span>
    </p>
   </div>
   <div class='ocr_carea' id='block_1_5' title="bbox 2343 491 3858 573">
    <p class='ocr_par' dir='ltr' id='par_1_5' title="bbox 2343 491 3858 561">
     <span class='ocr_line' id='line_1_5' title="bbox 2343 491 3858 561; baseline 0.003 -19"><span class='ocrx_word' id='word_1_10' title='bbox 2343 491 2641 558; x_wconf 71' lang='grc' dir='ltr'><strong>ιατά).ειψιν’</strong></span> <span class='ocrx_word' id='word_1_11' title='bbox 2671 493 2942 558; x_wconf 71' lang='grc' dir='ltr'><strong>συγγενῶν</strong></span> <span class='ocrx_word' id='word_1_12' title='bbox 2969 495 3060 544; x_wconf 73' lang='grc' dir='ltr'><strong>καὶ</strong></span> <span class='ocrx_word' id='word_1_13' title='bbox 3092 494 3275 561; x_wconf 77' lang='grc' dir='ltr'><strong>φίλων,</strong></span> <span class='ocrx_word' id='word_1_14' title='bbox 3309 495 3398 546; x_wconf 76' lang='grc' dir='ltr'><strong>καὶ</strong></span> <span class='ocrx_word' id='word_1_15' title='bbox 3425 493 3669 555; x_wconf 76' lang='grc' dir='ltr'><strong>τοιαύτας</strong></span> <span class='ocrx_word' id='word_1_16' title='bbox 3699 495 3858 556; x_wconf 69' lang='grc' dir='ltr'><strong>ἄλλας</strong></span> 
     </span>
    </p>
   </div>
   <div class='ocr_carea' id='block_1_6' title="bbox 709 583 2229 664">
    <p class='ocr_par' dir='ltr' id='par_1_6' title="bbox 709 583 2229 664">
     <span class='ocr_line' id='line_1_6' title="bbox 709 583 2229 664; baseline -0.012 -13"><span class='ocrx_word' id='word_1_17' title='bbox 709 611 831 660; x_wconf 83' lang='lat' dir='ltr'><strong>tem,</strong></span> <span class='ocrx_word' id='word_1_18' title='bbox 873 605 1218 664; x_wconf 80' lang='lat' dir='ltr'><strong>cognatorum</strong></span> <span class='ocrx_word' id='word_1_19' title='bbox 1249 599 1302 644; x_wconf 92' lang='lat' dir='ltr'><strong>et</strong></span> <span class='ocrx_word' id='word_1_20' title='bbox 1333 590 1626 643; x_wconf 88' lang='lat' dir='ltr'><strong>amicorum</strong></span> <span class='ocrx_word' id='word_1_21' title='bbox 1657 586 2034 645; x_wconf 84' lang='lat' dir='ltr'><strong>desertionem,</strong></span> <span class='ocrx_word' id='word_1_22' title='bbox 2066 583 2229 635; x_wconf 88' lang='lat' dir='ltr'><strong>alios-</strong></span> 
     </span>
    </p>
   </div>
   <div class='ocr_carea' id='block_1_7' title="bbox 706 674 2228 754">
    <p class='ocr_par' dir='ltr' id='par_1_7' title="bbox 706 674 2228 754">
     <span class='ocr_line' id='line_1_7' title="bbox 706 674 2228 754; baseline -0.011 -15"><span class='ocrx_word' id='word_1_23' title='bbox 706 702 808 754; x_wconf 88' lang='lat' dir='ltr'><strong>que</strong></span> <span class='ocrx_word' id='word_1_24' title='bbox 837 687 888 737; x_wconf 90' lang='lat' dir='ltr'><strong>id</strong></span> <span class='ocrx_word' id='word_1_25' title='bbox 930 697 1095 752; x_wconf 80' lang='lat' dir='ltr'><strong>genus</strong></span> <span class='ocrx_word' id='word_1_26' title='bbox 1145 688 1445 748; x_wconf 72' lang='lat' dir='ltr'><strong>prmtextu&lt;.</strong></span> <span class='ocrx_word' id='word_1_27' title='bbox 1489 678 1566 728; x_wconf 82' lang='lat' dir='ltr'><strong>Ac</strong></span> <span class='ocrx_word' id='word_1_28' title='bbox 1610 676 1856 742; x_wconf 84' lang='lat' dir='ltr'><strong>deinceps</strong></span> <span class='ocrx_word' id='word_1_29' title='bbox 1897 674 1948 725; x_wconf 93' lang='lat' dir='ltr'><strong>in</strong></span> <span class='ocrx_word' id='word_1_30' title='bbox 1994 674 2228 726; x_wconf 92' lang='lat' dir='ltr'><strong>animum</strong></span> 
     </span>
    </p>
   </div>
   <div class='ocr_carea' id='block_1_8' title="bbox 707 761 2231 838">
    <p class='ocr_par' dir='ltr' id='par_1_8' title="bbox 707 761 2231 838">
     <span class='ocr_line' id='line_1_8' title="bbox 707 761 2231 838; baseline -0.012 -10"><span class='ocrx_word' id='word_1_31' title='bbox 707 776 948 833; x_wconf 79' lang='lat' dir='ltr'><strong>subiens,</strong></span> <span class='ocrx_word' id='word_1_32' title='bbox 979 785 1206 838; x_wconf 87' lang='lat' dir='ltr'><strong>eumque</strong></span> <span class='ocrx_word' id='word_1_33' title='bbox 1235 783 1450 837; x_wconf 86' lang='lat' dir='ltr'><strong>prorsus</strong></span> <span class='ocrx_word' id='word_1_34' title='bbox 1478 779 1766 831; x_wconf 86' lang='lat' dir='ltr'><strong>occupans,</strong></span> <span class='ocrx_word' id='word_1_35' title='bbox 1817 772 1979 815; x_wconf 87' lang='lat' dir='ltr'><strong>totam</strong></span> <span class='ocrx_word' id='word_1_36' title='bbox 2029 761 2231 828; x_wconf 83' lang='lat' dir='ltr'><strong>cupidi-</strong></span> 
     </span>
    </p>
   </div>
   <div class='ocr_carea' id='block_1_9' title="bbox 708 852 2230 920">
    <p class='ocr_par' dir='ltr' id='par_1_9' title="bbox 708 852 2230 920">
     <span class='ocr_line' id='line_1_9' title="bbox 708 852 2230 920; baseline -0.011 -6"><span class='ocrx_word' id='word_1_37' title='bbox 708 874 868 914; x_wconf 86' lang='lat' dir='ltr'><strong>tatem</strong></span> <span class='ocrx_word' id='word_1_38' title='bbox 916 859 982 912; x_wconf 86' lang='lat' dir='ltr'><strong>ad</strong></span> <span class='ocrx_word' id='word_1_39' title='bbox 1025 872 1142 912; x_wconf 81' lang='lat' dir='ltr'><strong>sese</strong></span> <span class='ocrx_word' id='word_1_40' title='bbox 1190 855 1439 917; x_wconf 88' lang='lat' dir='ltr'><strong>traducit,</strong></span> <span class='ocrx_word' id='word_1_41' title='bbox 1493 852 1913 920; x_wconf 86' lang='lat' dir='ltr'><strong>persuadetque,</strong></span> <span class='ocrx_word' id='word_1_42' title='bbox 1955 852 2230 917; x_wconf 76' lang='lat' dir='ltr'><strong>pecuniam</strong></span> 
     </span>
    </p>
   </div>
   <div class='ocr_carea' id='block_1_10' title="bbox 709 939 2234 1015">
    <p class='ocr_par' dir='ltr' id='par_1_10' title="bbox 709 939 2234 1015">
     <span class='ocr_line' id='line_1_10' title="bbox 709 939 2234 1015; baseline -0.01 -12"><span class='ocrx_word' id='word_1_43' title='bbox 709 951 873 1003; x_wconf 86' lang='lat' dir='ltr'><strong>solam</strong></span> <span class='ocrx_word' id='word_1_44' title='bbox 910 961 1165 1015; x_wconf 61' lang='lat' dir='ltr'><strong>quaerere,</strong></span> <span class='ocrx_word' id='word_1_45' title='bbox 1195 946 1245 997; x_wconf 90' lang='lat' dir='ltr'><strong>in</strong></span> <span class='ocrx_word' id='word_1_46' title='bbox 1280 958 1445 1010; x_wconf 85' lang='lat' dir='ltr'><strong>eaque</strong></span> <span class='ocrx_word' id='word_1_47' title='bbox 1479 943 1608 1004; x_wconf 86' lang='lat' dir='ltr'><strong>sola,</strong></span> <span class='ocrx_word' id='word_1_48' title='bbox 1663 949 1719 992; x_wconf 91' lang='lat' dir='ltr'><strong>ut</strong></span> <span class='ocrx_word' id='word_1_49' title='bbox 1748 956 1866 1006; x_wconf 61' lang='lat' dir='ltr'><strong>qua;</strong></span> <span class='ocrx_word' id='word_1_50' title='bbox 1916 939 1966 990; x_wconf 89' lang='lat' dir='ltr'><strong>in</strong></span> <span class='ocrx_word' id='word_1_51' title='bbox 1999 948 2234 1004; x_wconf 78' lang='lat' dir='ltr'><strong>tempore</strong></span> 
     </span>
    </p>
   </div>
   <div class='ocr_carea' id='block_1_11' title="bbox 633 1026 2231 1104">
    <p class='ocr_par' dir='ltr' id='par_1_11' title="bbox 633 1026 2231 1104">
     <span class='ocr_line' id='line_1_11' title="bbox 633 1026 2231 1104; baseline -0.01 -13"><span class='ocrx_word' id='word_1_52' title='bbox 633 1043 637 1048; x_wconf 67' lang='lat'><strong><em>’</em></strong></span> <span class='ocrx_word' id='word_1_53' title='bbox 709 1040 952 1104; x_wconf 84' lang='lat' dir='ltr'><strong>adjutura</strong></span> <span class='ocrx_word' id='word_1_54' title='bbox 982 1036 1068 1097; x_wconf 90' lang='lat' dir='ltr'><strong>sit,</strong></span> <span class='ocrx_word' id='word_1_55' title='bbox 1093 1033 1310 1086; x_wconf 80' lang='lat' dir='ltr'><strong>ﬁrmiter</strong></span> <span class='ocrx_word' id='word_1_56' title='bbox 1335 1030 1625 1093; x_wconf 82' lang='lat' dir='ltr'><strong>conlidere;</strong></span> <span class='ocrx_word' id='word_1_57' title='bbox 1656 1044 1800 1095; x_wconf 83' lang='lat' dir='ltr'><strong>spem</strong></span> <span class='ocrx_word' id='word_1_58' title='bbox 1828 1042 1949 1078; x_wconf 87' lang='lat' dir='ltr'><strong>vero</strong></span> <span class='ocrx_word' id='word_1_59' title='bbox 1985 1028 2034 1078; x_wconf 89' lang='lat' dir='ltr'><strong>in</strong></span> <span class='ocrx_word' id='word_1_60' title='bbox 2073 1026 2231 1076; x_wconf 81' lang='lat' dir='ltr'><strong>Deum</strong></span> 
     </span>
    </p>
   </div>
   <div class='ocr_carea' id='block_1_12' title="bbox 674 1115 2235 1195">
    <p class='ocr_par' dir='ltr' id='par_1_12' title="bbox 674 1115 2235 1195">
     <span class='ocr_line' id='line_1_12' title="bbox 674 1115 2235 1195; baseline -0.007 -20"><span class='ocrx_word' id='word_1_61' title='bbox 674 1175 679 1195; x_wconf 25' lang='grc' dir='ltr'><strong><em>ᾖ</em></strong></span> <span class='ocrx_word' id='word_1_62' title='bbox 711 1125 878 1175; x_wconf 86' lang='lat' dir='ltr'><strong>instar</strong></span> <span class='ocrx_word' id='word_1_63' title='bbox 905 1131 1173 1172; x_wconf 84' lang='lat' dir='ltr'><strong>venturum</strong></span> <span class='ocrx_word' id='word_1_64' title='bbox 1218 1127 1481 1185; x_wconf 74' lang='lat' dir='ltr'><strong>reputare.</strong></span> <span class='ocrx_word' id='word_1_65' title='bbox 1515 1115 1635 1166; x_wconf 89' lang='lat' dir='ltr'><strong>Tria</strong></span> <span class='ocrx_word' id='word_1_66' title='bbox 1669 1126 1842 1181; x_wconf 81' lang='lat' dir='ltr'><strong>porro‘</strong></span> <span class='ocrx_word' id='word_1_67' title='bbox 1863 1115 2095 1164; x_wconf 65' lang='lat' dir='ltr'><strong>avaritia.-</strong></span> <span class='ocrx_word' id='word_1_68' title='bbox 2112 1121 2235 1164; x_wconf 84' lang='lat' dir='ltr'><strong>sunt</strong></span> 
     </span>
    </p>
   </div>
   <div class='ocr_carea' id='block_1_13' title="bbox 628 1200 2230 1277">
    <p class='ocr_par' dir='ltr' id='par_1_13' title="bbox 628 1200 2230 1277">
     <span class='ocr_line' id='line_1_13' title="bbox 628 1200 2230 1277; baseline -0.012 -13"><span class='ocrx_word' id='word_1_69' title='bbox 628 1209 632 1211; x_wconf 5' lang='lat'><strong>6</strong></span> <span class='ocrx_word' id='word_1_70' title='bbox 670 1203 680 1236; x_wconf 24' lang='lat'><strong>&quot;-</strong></span> <span class='ocrx_word' id='word_1_71' title='bbox 710 1224 902 1277; x_wconf 80' lang='lat' dir='ltr'><strong>genera</strong></span> <span class='ocrx_word' id='word_1_72' title='bbox 936 1207 1200 1274; x_wconf 73' lang='lat' dir='ltr'><strong>:pr‘imum</strong></span> <span class='ocrx_word' id='word_1_73' title='bbox 1225 1243 1240 1267; x_wconf 91' lang='lat'><strong>,</strong></span> <span class='ocrx_word' id='word_1_74' title='bbox 1294 1203 1503 1270; x_wconf 78' lang='lat' dir='ltr'><strong>quando</strong></span> <span class='ocrx_word' id='word_1_75' title='bbox 1542 1203 1661 1268; x_wconf 90' lang='lat' dir='ltr'><strong>quis</strong></span> <span class='ocrx_word' id='word_1_76' title='bbox 1707 1216 1767 1252; x_wconf 83' lang='lat' dir='ltr'><strong>ea</strong></span> <span class='ocrx_word' id='word_1_77' title='bbox 1817 1200 2009 1266; x_wconf 81' lang='lat' dir='ltr'><strong>quibus</strong></span> <span class='ocrx_word' id='word_1_78' title='bbox 2070 1206 2230 1258; x_wconf 85' lang='lat' dir='ltr'><strong>caret,</strong></span> 
     </span>
    </p>
   </div>
   <div class='ocr_carea' id='block_1_14' title="bbox 711 1287 2235 1365">
    <p class='ocr_par' dir='ltr' id='par_1_14' title="bbox 711 1287 2235 1365">
     <span class='ocr_line' id='line_1_14' title="bbox 711 1287 2235 1365; baseline -0.009 -14"><span class='ocrx_word' id='word_1_79' title='bbox 711 1296 930 1365; x_wconf 80' lang='lat' dir='ltr'><strong>adipisci</strong></span> <span class='ocrx_word' id='word_1_80' title='bbox 963 1296 1152 1364; x_wconf 80' lang='lat' dir='ltr'><strong>gestit;</strong></span> <span class='ocrx_word' id='word_1_81' title='bbox 1178 1300 1234 1345; x_wconf 89' lang='lat' dir='ltr'><strong>ut</strong></span> <span class='ocrx_word' id='word_1_82' title='bbox 1257 1291 1418 1353; x_wconf 86' lang='lat' dir='ltr'><strong>Giczi,</strong></span> <span class='ocrx_word' id='word_1_83' title='bbox 1452 1291 1610 1356; x_wconf 79' lang='lat' dir='ltr'><strong>cujus</strong></span> <span class='ocrx_word' id='word_1_84' title='bbox 1659 1303 1812 1356; x_wconf 79' lang='lat' dir='ltr'><strong>poma</strong></span> <span class='ocrx_word' id='word_1_85' title='bbox 1855 1287 1993 1354; x_wconf 83' lang='lat' dir='ltr'><strong>lepra</strong></span> <span class='ocrx_word' id='word_1_86' title='bbox 2041 1287 2235 1352; x_wconf 86' lang='lat' dir='ltr'><strong>sempi-</strong></span> 
     </span>
    </p>
   </div>
   <div class='ocr_carea' id='block_1_15' title="bbox 711 1374 2236 1445">
    <p class='ocr_par' dir='ltr' id='par_1_15' title="bbox 711 1374 2236 1445">
     <span class='ocr_line' id='line_1_15' title="bbox 711 1374 2236 1445; baseline -0.01 -5"><span class='ocrx_word' id='word_1_87' title='bbox 711 1399 858 1440; x_wconf 85' lang='lat' dir='ltr'><strong>terna</strong></span> <span class='ocrx_word' id='word_1_88' title='bbox 887 1395 966 1439; x_wconf 91' lang='lat' dir='ltr'><strong>est</strong></span> <span class='ocrx_word' id='word_1_89' title='bbox 995 1393 1021 1420; x_wconf 77' lang='grc' dir='ltr'><strong>ιι</strong></span> <span class='ocrx_word' id='word_1_90' title='bbox 1057 1403 1070 1438; x_wconf 89' lang='lat'><strong>:</strong></span> <span class='ocrx_word' id='word_1_91' title='bbox 1110 1385 1356 1443; x_wconf 90' lang='lat' dir='ltr'><strong>alterum,</strong></span> <span class='ocrx_word' id='word_1_92' title='bbox 1386 1395 1507 1436; x_wconf 84' lang='lat' dir='ltr'><strong>eum</strong></span> <span class='ocrx_word' id='word_1_93' title='bbox 1543 1378 1663 1445; x_wconf 83' lang='lat' dir='ltr'><strong>quis</strong></span> <span class='ocrx_word' id='word_1_94' title='bbox 1693 1387 1970 1444; x_wconf 82' lang='lat' dir='ltr'><strong>postquam</strong></span> <span class='ocrx_word' id='word_1_95' title='bbox 2013 1374 2236 1427; x_wconf 72' lang='lat' dir='ltr'><strong>lar-ulta-</strong></span> 
     </span>
    </p>
   </div>
   <div class='ocr_carea' id='block_1_16' title="bbox 711 1464 2263 1530">
    <p class='ocr_par' dir='ltr' id='par_1_16' title="bbox 711 1464 2263 1530">
     <span class='ocr_line' id='line_1_16' title="bbox 711 1464 2263 1530; baseline -0.007 -5"><span class='ocrx_word' id='word_1_96' title='bbox 711 1477 850 1527; x_wconf 60' lang='lat' dir='ltr'><strong>tihus</strong></span> <span class='ocrx_word' id='word_1_97' title='bbox 882 1475 992 1528; x_wconf 76' lang='lat' dir='ltr'><strong>suis</strong></span> <span class='ocrx_word' id='word_1_98' title='bbox 1023 1468 1362 1528; x_wconf 88' lang='lat' dir='ltr'><strong>renuntiavit,</strong></span> <span class='ocrx_word' id='word_1_99' title='bbox 1395 1482 1584 1518; x_wconf 85' lang='lat' dir='ltr'><strong>rursus</strong></span> <span class='ocrx_word' id='word_1_100' title='bbox 1612 1465 1915 1517; x_wconf 83' lang='lat' dir='ltr'><strong>divitiarum</strong></span> <span class='ocrx_word' id='word_1_101' title='bbox 1951 1464 2263 1530; x_wconf 80' lang='lat' dir='ltr'><strong>cupiditate‘</strong></span> 
     </span>
    </p>
   </div>
   <div class='ocr_carea' id='block_1_17' title="bbox 712 1553 2236 1623">
    <p class='ocr_par' dir='ltr' id='par_1_17' title="bbox 712 1553 2236 1623">
     <span class='ocr_line' id='line_1_17' title="bbox 712 1553 2236 1623; baseline -0.006 -9"><span class='ocrx_word' id='word_1_102' title='bbox 712 1562 964 1623; x_wconf 87' lang='lat' dir='ltr'><strong>allicitur;</strong></span> <span class='ocrx_word' id='word_1_103' title='bbox 1001 1564 1054 1609; x_wconf 92' lang='lat' dir='ltr'><strong>ut</strong></span> <span class='ocrx_word' id='word_1_104' title='bbox 1083 1556 1267 1617; x_wconf 85' lang='lat' dir='ltr'><strong>Judas,</strong></span> <span class='ocrx_word' id='word_1_105' title='bbox 1293 1555 1473 1621; x_wconf 40' lang='lat' dir='ltr'><strong>rcujus</strong></span> <span class='ocrx_word' id='word_1_106' title='bbox 1522 1553 1843 1619; x_wconf 79' lang='lat' dir='ltr'><strong>supplicium</strong></span> <span class='ocrx_word' id='word_1_107' title='bbox 1887 1553 2111 1604; x_wconf 80' lang='lat' dir='ltr'><strong>acerbus</strong></span> <span class='ocrx_word' id='word_1_108' title='bbox 2156 1560 2236 1605; x_wconf 89' lang='lat' dir='ltr'><strong>est</strong></span> 
     </span>
    </p>
   </div>
   <div class='ocr_carea' id='block_1_18' title="bbox 713 1635 2235 1715">
    <p class='ocr_par' dir='ltr' id='par_1_18' title="bbox 713 1635 2235 1715">
     <span class='ocr_line' id='line_1_18' title="bbox 713 1635 2235 1715; baseline -0.009 -16"><span class='ocrx_word' id='word_1_109' title='bbox 713 1651 928 1715; x_wconf 87' lang='lat' dir='ltr'><strong>laqueus</strong></span> <span class='ocrx_word' id='word_1_110' title='bbox 952 1653 975 1678; x_wconf 88' lang='grc' dir='ltr'><strong>ο</strong></span> <span class='ocrx_word' id='word_1_111' title='bbox 1007 1662 1019 1697; x_wconf 90' lang='lat'><strong>:</strong></span> <span class='ocrx_word' id='word_1_112' title='bbox 1055 1643 1287 1701; x_wconf 85' lang='lat' dir='ltr'><strong>tertium,</strong></span> <span class='ocrx_word' id='word_1_113' title='bbox 1321 1641 1408 1692; x_wconf 89' lang='lat' dir='ltr'><strong>ubi</strong></span> <span class='ocrx_word' id='word_1_114' title='bbox 1438 1639 1555 1706; x_wconf 85' lang='lat' dir='ltr'><strong>quis</strong></span> <span class='ocrx_word' id='word_1_115' title='bbox 1592 1640 1726 1690; x_wconf 87' lang='lat' dir='ltr'><strong>bona</strong></span> <span class='ocrx_word' id='word_1_116' title='bbox 1765 1636 1942 1687; x_wconf 84' lang='lat' dir='ltr'><strong>omnia</strong></span> <span class='ocrx_word' id='word_1_117' title='bbox 1999 1635 2235 1702; x_wconf 82' lang='lat' dir='ltr'><strong>abjeclu-</strong></span> 
     </span>
    </p>
   </div>
   <div class='ocr_carea' id='block_1_19' title="bbox 711 1723 2236 1801">
    <p class='ocr_par' dir='ltr' id='par_1_19' title="bbox 711 1723 2236 1801">
     <span class='ocr_line' id='line_1_19' title="bbox 711 1723 2236 1801; baseline -0.01 -12"><span class='ocrx_word' id='word_1_118' title='bbox 711 1753 826 1789; x_wconf 89' lang='lat' dir='ltr'><strong>rum</strong></span> <span class='ocrx_word' id='word_1_119' title='bbox 863 1750 918 1787; x_wconf 91' lang='lat' dir='ltr'><strong>se</strong></span> <span class='ocrx_word' id='word_1_120' title='bbox 945 1733 1231 1801; x_wconf 89' lang='lat' dir='ltr'><strong>pollicitus,</strong></span> <span class='ocrx_word' id='word_1_121' title='bbox 1263 1728 1609 1795; x_wconf 80' lang='lat' dir='ltr'><strong>partcuiclam</strong></span> <span class='ocrx_word' id='word_1_122' title='bbox 1637 1725 1861 1788; x_wconf 73' lang='lat' dir='ltr'><strong>retinet;</strong></span> <span class='ocrx_word' id='word_1_123' title='bbox 1899 1733 1955 1776; x_wconf 94' lang='lat' dir='ltr'><strong>ut</strong></span> <span class='ocrx_word' id='word_1_124' title='bbox 2003 1723 2236 1774; x_wconf 81' lang='lat' dir='ltr'><strong>Ananias</strong></span> 
     </span>
    </p>
   </div>
   <div class='ocr_carea' id='block_1_20' title="bbox 2331 580 3860 650">
    <p class='ocr_par' dir='ltr' id='par_1_20' title="bbox 2331 580 3860 650">
     <span class='ocr_line' id='line_1_20' title="bbox 2331 580 3860 650; baseline 0.001 -20"><span class='ocrx_word' id='word_1_125' title='bbox 2331 581 2650 649; x_wconf 77' lang='grc' dir='ltr'><strong>προφάσεις·</strong></span> <span class='ocrx_word' id='word_1_126' title='bbox 2696 582 2787 630; x_wconf 72' lang='grc' dir='ltr'><strong>καὶ</strong></span> <span class='ocrx_word' id='word_1_127' title='bbox 2818 581 2996 631; x_wconf 57' lang='grc' dir='ltr'><strong>λοιπθν</strong></span> <span class='ocrx_word' id='word_1_128' title='bbox 3034 581 3341 650; x_wconf 81' lang='grc' dir='ltr'><strong>εἰσδυομὲνη</strong></span> <span class='ocrx_word' id='word_1_129' title='bbox 3383 582 3476 632; x_wconf 79' lang='grc' dir='ltr'><strong>καὶ</strong></span> <span class='ocrx_word' id='word_1_130' title='bbox 3524 580 3860 649; x_wconf 72' lang='grc' dir='ltr'><strong>περιλαμϐά-</strong></span> 
     </span>
    </p>
   </div>
   <div class='ocr_carea' id='block_1_21' title="bbox 2331 668 3864 738">
    <p class='ocr_par' dir='ltr' id='par_1_21' title="bbox 2331 668 3864 738">
     <span class='ocr_line' id='line_1_21' title="bbox 2331 668 3864 738; baseline -0.004 -15"><span class='ocrx_word' id='word_1_131' title='bbox 2331 687 2491 723; x_wconf 89' lang='grc' dir='ltr'><strong>νουσα</strong></span> <span class='ocrx_word' id='word_1_132' title='bbox 2548 671 2645 738; x_wconf 81' lang='grc' dir='ltr'><strong>τὴν</strong></span> <span class='ocrx_word' id='word_1_133' title='bbox 2695 670 2883 738; x_wconf 65' lang='grc' dir='ltr'><strong>ψυχὴν,</strong></span> <span class='ocrx_word' id='word_1_134' title='bbox 2934 670 3059 737; x_wconf 77' lang='grc' dir='ltr'><strong>ὅλην</strong></span> <span class='ocrx_word' id='word_1_135' title='bbox 3098 671 3195 737; x_wconf 79' lang='grc' dir='ltr'><strong>τὴν</strong></span> <span class='ocrx_word' id='word_1_136' title='bbox 3236 670 3524 738; x_wconf 74' lang='grc' dir='ltr'>ἐπιθυμίαν</span> <span class='ocrx_word' id='word_1_137' title='bbox 3560 670 3636 730; x_wconf 89' lang='grc' dir='ltr'><strong>είς</strong></span> <span class='ocrx_word' id='word_1_138' title='bbox 3671 668 3864 734; x_wconf 66' lang='grc' dir='ltr'><strong>ἑαυτὴν</strong></span> 
     </span>
    </p>
   </div>
   <div class='ocr_carea' id='block_1_22' title="bbox 2333 756 3861 827">
    <p class='ocr_par' dir='ltr' id='par_1_22' title="bbox 2333 756 3861 827">
     <span class='ocr_line' id='line_1_22' title="bbox 2333 756 3861 827; baseline 0 -19"><span class='ocrx_word' id='word_1_139' title='bbox 2333 756 2578 826; x_wconf 73' lang='grc' dir='ltr'><strong>μεθιστᾷ,</strong></span> <span class='ocrx_word' id='word_1_140' title='bbox 2611 759 2702 810; x_wconf 80' lang='grc' dir='ltr'><strong>καὶ</strong></span> <span class='ocrx_word' id='word_1_141' title='bbox 2746 760 2918 810; x_wconf 79' lang='grc' dir='ltr'><strong>πείθει</strong></span> <span class='ocrx_word' id='word_1_142' title='bbox 2953 759 3108 826; x_wconf 80' lang='grc' dir='ltr'><strong>μόνον</strong></span> <span class='ocrx_word' id='word_1_143' title='bbox 3143 759 3200 809; x_wconf 82' lang='grc' dir='ltr'><strong>τὸ</strong></span> <span class='ocrx_word' id='word_1_144' title='bbox 3242 758 3497 827; x_wconf 82' lang='grc' dir='ltr'><strong>ἀργύριον</strong></span> <span class='ocrx_word' id='word_1_145' title='bbox 3535 759 3733 824; x_wconf 76' lang='grc' dir='ltr'><strong>ζητεῖν,</strong></span> <span class='ocrx_word' id='word_1_146' title='bbox 3770 760 3861 808; x_wconf 64' lang='grc' dir='ltr'><strong>καὶ</strong></span> 
     </span>
    </p>
   </div>
   <div class='ocr_carea' id='block_1_23' title="bbox 2334 847 3856 917">
    <p class='ocr_par' dir='ltr' id='par_1_23' title="bbox 2334 847 3856 917">
     <span class='ocr_line' id='line_1_23' title="bbox 2334 847 3856 917; baseline 0.001 -21"><span class='ocrx_word' id='word_1_147' title='bbox 2334 848 2477 915; x_wconf 76' lang='grc' dir='ltr'><strong>μόνῳ</strong></span> <span class='ocrx_word' id='word_1_148' title='bbox 2519 849 2689 916; x_wconf 78' lang='grc' dir='ltr'><strong>τούτῳ</strong></span> <span class='ocrx_word' id='word_1_149' title='bbox 2733 848 2958 916; x_wconf 74' lang='grc' dir='ltr'><strong>βεϐαίως</strong></span> <span class='ocrx_word' id='word_1_150' title='bbox 2999 849 3234 917; x_wconf 64' lang='grc' dir='ltr'><strong>Θαίιρεἰν,</strong></span> <span class='ocrx_word' id='word_1_151' title='bbox 3262 849 3334 908; x_wconf 83' lang='grc' dir='ltr'><strong>ὼς</strong></span> <span class='ocrx_word' id='word_1_152' title='bbox 3367 850 3423 901; x_wconf 84' lang='grc' dir='ltr'><strong>ὲν</strong></span> <span class='ocrx_word' id='word_1_153' title='bbox 3456 849 3628 916; x_wconf 79' lang='grc' dir='ltr'><strong>καιρῷ</strong></span> <span class='ocrx_word' id='word_1_154' title='bbox 3666 847 3856 915; x_wconf 74' lang='grc' dir='ltr'><strong>βοηοή.</strong></span> 
     </span>
    </p>
   </div>
   <div class='ocr_carea' id='block_1_24' title="bbox 2333 936 3860 1004">
    <p class='ocr_par' dir='ltr' id='par_1_24' title="bbox 2333 936 3860 1004">
     <span class='ocr_line' id='line_1_24' title="bbox 2333 936 3860 1004; baseline -0.002 -17"><span class='ocrx_word' id='word_1_155' title='bbox 2333 953 2501 988; x_wconf 85' lang='grc' dir='ltr'><strong>σοντι·</strong></span> <span class='ocrx_word' id='word_1_156' title='bbox 2536 938 2632 997; x_wconf 80' lang='grc' dir='ltr'><strong>τὰς</strong></span> <span class='ocrx_word' id='word_1_157' title='bbox 2661 938 2716 988; x_wconf 84' lang='grc' dir='ltr'><strong>δὲ</strong></span> <span class='ocrx_word' id='word_1_158' title='bbox 2750 938 2880 1004; x_wconf 86' lang='grc' dir='ltr'><strong>πρὸς</strong></span> <span class='ocrx_word' id='word_1_159' title='bbox 2909 938 3037 988; x_wconf 80' lang='grc' dir='ltr'><strong>Θεὸν</strong></span> <span class='ocrx_word' id='word_1_160' title='bbox 3062 938 3298 999; x_wconf 79' lang='grc' dir='ltr'><strong>ἐλπίδας.</strong></span> <span class='ocrx_word' id='word_1_161' title='bbox 3325 939 3413 989; x_wconf 88' lang='grc' dir='ltr'><strong>ίσα</strong></span> <span class='ocrx_word' id='word_1_162' title='bbox 3447 938 3536 989; x_wconf 72' lang='grc' dir='ltr'><strong>καὶ</strong></span> <span class='ocrx_word' id='word_1_163' title='bbox 3561 936 3750 1003; x_wconf 75' lang='grc' dir='ltr'><strong>αὔραις</strong></span> <span class='ocrx_word' id='word_1_164' title='bbox 3781 937 3860 984; x_wconf 78' lang='grc' dir='ltr'><strong>λο-</strong></span> 
     </span>
    </p>
   </div>
   <div class='ocr_carea' id='block_1_25' title="bbox 2333 1024 3860 1094">
    <p class='ocr_par' dir='ltr' id='par_1_25' title="bbox 2333 1024 3860 1094">
     <span class='ocr_line' id='line_1_25' title="bbox 2333 1024 3860 1094; baseline 0.002 -21"><span class='ocrx_word' id='word_1_165' title='bbox 2333 1024 2590 1090; x_wconf 78' lang='grc' dir='ltr'><strong>γίζεσθαι.</strong></span> <span class='ocrx_word' id='word_1_166' title='bbox 2630 1027 2786 1092; x_wconf 83' lang='grc' dir='ltr'><strong>Τρεῖς</strong></span> <span class='ocrx_word' id='word_1_167' title='bbox 2819 1027 2873 1078; x_wconf 77' lang='grc' dir='ltr'><strong>δὲ</strong></span> <span class='ocrx_word' id='word_1_168' title='bbox 2906 1027 3094 1093; x_wconf 82' lang='grc' dir='ltr'><strong>τρόποι</strong></span> <span class='ocrx_word' id='word_1_169' title='bbox 3129 1027 3222 1094; x_wconf 77' lang='grc' dir='ltr'><strong>τῆς</strong></span> <span class='ocrx_word' id='word_1_170' title='bbox 3260 1026 3616 1094; x_wconf 80' lang='grc' dir='ltr'><strong>φιλαργυρίας</strong></span> <span class='ocrx_word' id='word_1_171' title='bbox 3638 1041 3651 1054; x_wconf 91' lang='grc'>·</span> <span class='ocrx_word' id='word_1_172' title='bbox 3683 1028 3709 1075; x_wconf 87' lang='grc' dir='ltr'><strong>ὀ</strong></span> <span class='ocrx_word' id='word_1_173' title='bbox 3743 1026 3860 1090; x_wconf 70' lang='grc' dir='ltr'><strong>μὲν,</strong></span> 
     </span>
    </p>
   </div>
   <div class='ocr_carea' id='block_1_26' title="bbox 2331 1106 3861 1184">
    <p class='ocr_par' dir='ltr' id='par_1_26' title="bbox 2331 1106 3861 1184">
     <span class='ocr_line' id='line_1_26' title="bbox 2331 1106 3861 1184; baseline -0.001 -19"><span class='ocrx_word' id='word_1_174' title='bbox 2331 1116 2457 1165; x_wconf 84' lang='grc' dir='ltr'><strong>ὅταν</strong></span> <span class='ocrx_word' id='word_1_175' title='bbox 2501 1132 2580 1176; x_wconf 87' lang='grc' dir='ltr'><strong>τις</strong></span> <span class='ocrx_word' id='word_1_176' title='bbox 2628 1106 2878 1184; x_wconf 73' lang='grc' dir='ltr'><strong>ἐπιθυμεῖ</strong></span> <span class='ocrx_word' id='word_1_177' title='bbox 2906 1115 3200 1184; x_wconf 82' lang='grc' dir='ltr'><strong>κτήσασθαι</strong></span> <span class='ocrx_word' id='word_1_178' title='bbox 3235 1114 3268 1166; x_wconf 80' lang='grc' dir='ltr'><strong>ἀ</strong></span> <span class='ocrx_word' id='word_1_179' title='bbox 3309 1116 3381 1184; x_wconf 83' lang='grc' dir='ltr'><strong>μὴ</strong></span> <span class='ocrx_word' id='word_1_180' title='bbox 3410 1115 3549 1182; x_wconf 76' lang='grc' dir='ltr'><strong>ἔχει’</strong></span> <span class='ocrx_word' id='word_1_181' title='bbox 3582 1114 3655 1174; x_wconf 80' lang='grc' dir='ltr'><strong>ὡς</strong></span> <span class='ocrx_word' id='word_1_182' title='bbox 3683 1114 3861 1179; x_wconf 75' lang='grc' dir='ltr'><strong>Γιεζῆ,</strong></span> 
     </span>
    </p>
   </div>
   <div class='ocr_carea' id='block_1_27' title="bbox 2333 1196 3864 1271">
    <p class='ocr_par' dir='ltr' id='par_1_27' title="bbox 2333 1196 3864 1271">
     <span class='ocr_line' id='line_1_27' title="bbox 2333 1196 3864 1271; baseline -0.001 -21"><span class='ocrx_word' id='word_1_183' title='bbox 2333 1196 2392 1252; x_wconf 74' lang='grc' dir='ltr'><strong>οὗ</strong></span> <span class='ocrx_word' id='word_1_184' title='bbox 2425 1203 2709 1268; x_wconf 77' lang='grc' dir='ltr'><strong>ἐπιτίμιον,</strong></span> <span class='ocrx_word' id='word_1_185' title='bbox 2741 1205 2769 1271; x_wconf 80' lang='grc' dir='ltr'><strong>ἠ</strong></span> <span class='ocrx_word' id='word_1_186' title='bbox 2793 1201 3004 1262; x_wconf 86' lang='grc' dir='ltr'><strong>αἰώνιος</strong></span> <span class='ocrx_word' id='word_1_187' title='bbox 3026 1201 3194 1268; x_wconf 82' lang='grc' dir='ltr'><strong>λέπρα</strong></span> <span class='ocrx_word' id='word_1_188' title='bbox 3221 1217 3233 1229; x_wconf 80' lang='grc'><strong><em>⁸</em></strong></span> <span class='ocrx_word' id='word_1_189' title='bbox 3269 1203 3295 1252; x_wconf 94' lang='lat'><strong>6</strong></span> <span class='ocrx_word' id='word_1_190' title='bbox 3317 1201 3390 1264; x_wconf 82' lang='grc' dir='ltr'><strong>δὲ,</strong></span> <span class='ocrx_word' id='word_1_191' title='bbox 3422 1201 3542 1251; x_wconf 82' lang='grc' dir='ltr'><strong>ὅταν</strong></span> <span class='ocrx_word' id='word_1_192' title='bbox 3561 1217 3639 1260; x_wconf 89' lang='grc' dir='ltr'><strong>τις</strong></span> <span class='ocrx_word' id='word_1_193' title='bbox 3663 1201 3864 1250; x_wconf 83' lang='grc' dir='ltr'><strong>ἀποτα-</strong></span> 
     </span>
    </p>
   </div>
   <div class='ocr_carea' id='block_1_28' title="bbox 2334 1286 3866 1358">
    <p class='ocr_par' dir='ltr' id='par_1_28' title="bbox 2334 1286 3866 1358">
     <span class='ocr_line' id='line_1_28' title="bbox 2334 1286 3866 1358; baseline -0.003 -17"><span class='ocrx_word' id='word_1_194' title='bbox 2334 1289 2558 1358; x_wconf 72' lang='grc' dir='ltr'><strong>ξάμενος</strong></span> <span class='ocrx_word' id='word_1_195' title='bbox 2585 1286 2662 1351; x_wconf 74' lang='grc' dir='ltr'><strong>οἷς</strong></span> <span class='ocrx_word' id='word_1_196' title='bbox 2691 1293 2817 1358; x_wconf 82' lang='grc' dir='ltr'><strong>ἔχει,</strong></span> <span class='ocrx_word' id='word_1_197' title='bbox 2839 1292 2996 1342; x_wconf 82' lang='grc' dir='ltr'><strong>πάλιν</strong></span> <span class='ocrx_word' id='word_1_198' title='bbox 3019 1292 3269 1358; x_wconf 73' lang='grc' dir='ltr'><strong>ἐπιϐυμεῖ</strong></span> <span class='ocrx_word' id='word_1_199' title='bbox 3295 1290 3517 1342; x_wconf 83' lang='grc' dir='ltr'><strong>πλούτου</strong></span> <span class='ocrx_word' id='word_1_200' title='bbox 3537 1309 3547 1319; x_wconf 93' lang='grc'><strong>·</strong></span> <span class='ocrx_word' id='word_1_201' title='bbox 3577 1289 3650 1350; x_wconf 87' lang='grc' dir='ltr'><strong>ὼς</strong></span> <span class='ocrx_word' id='word_1_202' title='bbox 3681 1292 3706 1339; x_wconf 98' lang='lat'><strong>6</strong></span> <span class='ocrx_word' id='word_1_203' title='bbox 3743 1288 3866 1338; x_wconf 69' lang='grc' dir='ltr'><strong>Ἰού-</strong></span> 
     </span>
    </p>
   </div>
   <div class='ocr_carea' id='block_1_29' title="bbox 2332 1374 3866 1449">
    <p class='ocr_par' dir='ltr' id='par_1_29' title="bbox 2332 1374 3866 1449">
     <span class='ocr_line' id='line_1_29' title="bbox 2332 1374 3866 1449; baseline -0.002 -20"><span class='ocrx_word' id='word_1_204' title='bbox 2332 1377 2444 1439; x_wconf 86' lang='grc' dir='ltr'><strong>δας,</strong></span> <span class='ocrx_word' id='word_1_205' title='bbox 2489 1374 2549 1430; x_wconf 70' lang='grc' dir='ltr'>οὗ</span> <span class='ocrx_word' id='word_1_206' title='bbox 2579 1381 2861 1448; x_wconf 80' lang='grc' dir='ltr'><strong>ἐπιτίμιον,</strong></span> <span class='ocrx_word' id='word_1_207' title='bbox 2891 1383 2922 1448; x_wconf 78' lang='grc' dir='ltr'><strong>ἡ</strong></span> <span class='ocrx_word' id='word_1_208' title='bbox 2957 1382 3124 1448; x_wconf 84' lang='grc' dir='ltr'><strong>πικρὰ</strong></span> <span class='ocrx_word' id='word_1_209' title='bbox 3159 1382 3383 1449; x_wconf 58' lang='grc' dir='ltr'><strong>ἀγχόνη·</strong></span> <span class='ocrx_word' id='word_1_210' title='bbox 3425 1382 3452 1431; x_wconf 91' lang='lat'><strong>6</strong></span> <span class='ocrx_word' id='word_1_211' title='bbox 3498 1379 3572 1438; x_wconf 78' lang='grc' dir='ltr'><strong>δὲ,</strong></span> <span class='ocrx_word' id='word_1_212' title='bbox 3620 1381 3742 1430; x_wconf 76' lang='grc' dir='ltr'><strong>ὅταν</strong></span> <span class='ocrx_word' id='word_1_213' title='bbox 3785 1394 3866 1436; x_wconf 84' lang='grc' dir='ltr'><strong>τις</strong></span> 
     </span>
    </p>
   </div>
   <div class='ocr_carea' id='block_1_30' title="bbox 2334 1464 3867 1535">
    <p class='ocr_par' dir='ltr' id='par_1_30' title="bbox 2334 1464 3867 1535">
     <span class='ocr_line' id='line_1_30' title="bbox 2334 1464 3867 1535; baseline -0.001 -20"><span class='ocrx_word' id='word_1_214' title='bbox 2334 1466 2691 1534; x_wconf 52' lang='grc' dir='ltr'><strong>ὑποσχόμενος</strong></span> <span class='ocrx_word' id='word_1_215' title='bbox 2730 1467 3133 1535; x_wconf 79' lang='grc' dir='ltr'><strong>ἀποκτήσασθαι</strong></span> <span class='ocrx_word' id='word_1_216' title='bbox 3172 1469 3346 1519; x_wconf 73' lang='grc' dir='ltr'><strong>πάντα</strong></span> <span class='ocrx_word' id='word_1_217' title='bbox 3386 1469 3483 1518; x_wconf 77' lang='grc' dir='ltr'><strong>ὅσα</strong></span> <span class='ocrx_word' id='word_1_218' title='bbox 3520 1468 3649 1534; x_wconf 77' lang='grc' dir='ltr'><strong>ἔχει,</strong></span> <span class='ocrx_word' id='word_1_219' title='bbox 3697 1464 3867 1532; x_wconf 70' lang='grc' dir='ltr'><strong>λάθρα</strong></span> 
     </span>
    </p>
   </div>
   <div class='ocr_carea' id='block_1_31' title="bbox 2335 1551 3868 1624">
    <p class='ocr_par' dir='ltr' id='par_1_31' title="bbox 2335 1551 3868 1624">
     <span class='ocr_line' id='line_1_31' title="bbox 2335 1551 3868 1624; baseline 0.001 -20"><span class='ocrx_word' id='word_1_220' title='bbox 2335 1554 2742 1621; x_wconf 84' lang='grc' dir='ltr'><strong>παρακατάσχει</strong></span> <span class='ocrx_word' id='word_1_221' title='bbox 2768 1556 2926 1623; x_wconf 83' lang='grc' dir='ltr'><strong>μέρος</strong></span> <span class='ocrx_word' id='word_1_222' title='bbox 2945 1571 2958 1585; x_wconf 89' lang='grc'><strong>·</strong></span> <span class='ocrx_word' id='word_1_223' title='bbox 2984 1554 3056 1616; x_wconf 84' lang='grc' dir='ltr'><strong>ὼς</strong></span> <span class='ocrx_word' id='word_1_224' title='bbox 3096 1555 3334 1616; x_wconf 76' lang='grc' dir='ltr'><strong>Ἀνανίας</strong></span> <span class='ocrx_word' id='word_1_225' title='bbox 3357 1557 3448 1606; x_wconf 70' lang='grc' dir='ltr'><strong>καὶ</strong></span> <span class='ocrx_word' id='word_1_226' title='bbox 3475 1556 3769 1624; x_wconf 83' lang='grc' dir='ltr'><strong>Σάπφειρα,</strong></span> <span class='ocrx_word' id='word_1_227' title='bbox 3793 1551 3868 1606; x_wconf 76' lang='grc' dir='ltr'>ὢν</span> 
     </span>
    </p>
   </div>
   <div class='ocr_carea' id='block_1_32' title="bbox 2335 1641 3869 1710">
    <p class='ocr_par' dir='ltr' id='par_1_32' title="bbox 2335 1641 3869 1710">
     <span class='ocr_line' id='line_1_32' title="bbox 2335 1641 3869 1710; baseline 0.001 -19"><span class='ocrx_word' id='word_1_228' title='bbox 2335 1641 2620 1706; x_wconf 79' lang='grc' dir='ltr'><strong>ἐπιτίμιον,</strong></span> <span class='ocrx_word' id='word_1_229' title='bbox 2651 1645 2676 1692; x_wconf 89' lang='lat'><strong>6</strong></span> <span class='ocrx_word' id='word_1_230' title='bbox 2702 1643 2958 1709; x_wconf 86' lang='grc' dir='ltr'><strong>αίφνίδιος</strong></span> <span class='ocrx_word' id='word_1_231' title='bbox 2990 1644 3082 1695; x_wconf 71' lang='grc' dir='ltr'><strong>καὶ</strong></span> <span class='ocrx_word' id='word_1_232' title='bbox 3119 1643 3336 1710; x_wconf 79' lang='grc' dir='ltr'><strong>ἀφειδὴς</strong></span> <span class='ocrx_word' id='word_1_233' title='bbox 3369 1643 3614 1704; x_wconf 77' lang='grc' dir='ltr'><strong>θάνατος.</strong></span> <span class='ocrx_word' id='word_1_234' title='bbox 3666 1644 3869 1695; x_wconf 86' lang='grc' dir='ltr'><strong>Ἐκκο-</strong></span> 
     </span>
    </p>
   </div>
   <div class='ocr_carea' id='block_1_33' title="bbox 2337 1729 3866 1800">
    <p class='ocr_par' dir='ltr' id='par_1_33' title="bbox 2337 1729 3866 1800">
     <span class='ocr_line' id='line_1_33' title="bbox 2337 1729 3866 1800; baseline 0.003 -22"><span class='ocrx_word' id='word_1_235' title='bbox 2337 1729 2494 1779; x_wconf 83' lang='grc' dir='ltr'><strong>πτέον</strong></span> <span class='ocrx_word' id='word_1_236' title='bbox 2523 1730 2696 1780; x_wconf 80' lang='grc' dir='ltr'>τοίνυν</span> <span class='ocrx_word' id='word_1_237' title='bbox 2722 1731 2818 1800; x_wconf 84' lang='grc' dir='ltr'><strong>τὴν</strong></span> <span class='ocrx_word' id='word_1_238' title='bbox 2846 1732 2999 1799; x_wconf 76' lang='grc' dir='ltr'><strong>ῥίζαν</strong></span> <span class='ocrx_word' id='word_1_239' title='bbox 3021 1733 3124 1783; x_wconf 84' lang='grc' dir='ltr'><strong>τῶν</strong></span> <span class='ocrx_word' id='word_1_240' title='bbox 3154 1733 3334 1784; x_wconf 83' lang='grc' dir='ltr'><strong>κακῶν</strong></span> <span class='ocrx_word' id='word_1_241' title='bbox 3358 1749 3370 1763; x_wconf 87' lang='grc'><strong>·</strong></span> <span class='ocrx_word' id='word_1_242' title='bbox 3406 1733 3602 1798; x_wconf 82' lang='grc' dir='ltr'><strong>ταύτης</strong></span> <span class='ocrx_word' id='word_1_243' title='bbox 3631 1731 3736 1800; x_wconf 88' lang='grc' dir='ltr'><strong>γάρ</strong></span> <span class='ocrx_word' id='word_1_244' title='bbox 3768 1749 3866 1799; x_wconf 83' lang='grc' dir='ltr'><strong>με·</strong></span> 
     </span>
    </p>
   </div>
   <div class='ocr_carea' id='block_1_34' title="bbox 686 1784 2239 1892">
    <p class='ocr_par' dir='ltr' id='par_1_34' title="bbox 686 1811 2230 1892">
     <span class='ocr_line' id='line_1_34' title="bbox 686 1811 2230 1892; baseline -0.011 -15"><span class='ocrx_word' id='word_1_245' title='bbox 686 1825 1271 1892; x_wconf 80' lang='lat' dir='ltr'><strong>etSapphira,quorum</strong></span> <span class='ocrx_word' id='word_1_246' title='bbox 1303 1828 1455 1882; x_wconf 70' lang='lat' dir='ltr'><strong>poena</strong></span> <span class='ocrx_word' id='word_1_247' title='bbox 1480 1828 1622 1864; x_wconf 88' lang='lat' dir='ltr'><strong>mors</strong></span> <span class='ocrx_word' id='word_1_248' title='bbox 1652 1811 1922 1878; x_wconf 81' lang='lat' dir='ltr'><strong>repentina</strong></span> <span class='ocrx_word' id='word_1_249' title='bbox 1949 1819 2000 1861; x_wconf 88' lang='lat' dir='ltr'><strong>et</strong></span> <span class='ocrx_word' id='word_1_250' title='bbox 2029 1824 2164 1862; x_wconf 66' lang='lat' dir='ltr'><strong>saeva</strong></span> <span class='ocrx_word' id='word_1_251' title='bbox 2189 1818 2230 1860; x_wconf 86' lang='lat' dir='ltr'><strong>P.</strong></span> 
     </span>
    </p>
   </div>
   <div class='ocr_carea' id='block_1_35' title="bbox 2343 1784 3869 1892">
    <p class='ocr_par' dir='ltr' id='par_1_35' title="bbox 2343 1784 3869 1888">
     <span class='ocr_line' id='line_1_35' title="bbox 2343 1784 3869 1888; baseline 0.003 -22"><span class='ocrx_word' id='word_1_252' title='bbox 2343 1814 2544 1885; x_wconf 77' lang='grc' dir='ltr'><strong>νούσης,</strong></span> <span class='ocrx_word' id='word_1_253' title='bbox 2576 1818 2666 1870; x_wconf 75' lang='grc' dir='ltr'><strong>καὶ</strong></span> <span class='ocrx_word' id='word_1_254' title='bbox 2705 1821 2752 1870; x_wconf 75' lang='lat' dir='ltr'><strong>oi</strong></span> <span class='ocrx_word' id='word_1_255' title='bbox 2776 1784 2964 1871; x_wconf 41' lang='lat' dir='ltr'><strong>alligat</strong></span> <span class='ocrx_word' id='word_1_256' title='bbox 3013 1822 3304 1888; x_wconf 80' lang='grc' dir='ltr'><strong>φυήσονται</strong></span> <span class='ocrx_word' id='word_1_257' title='bbox 3330 1836 3342 1850; x_wconf 92' lang='grc'><strong>·</strong></span> <span class='ocrx_word' id='word_1_258' title='bbox 3375 1823 3447 1888; x_wconf 85' lang='grc' dir='ltr'><strong>μή</strong></span> <span class='ocrx_word' id='word_1_259' title='bbox 3482 1784 3600 1882; x_wconf 54' lang='grc' dir='ltr'><strong>πως</strong></span> <span class='ocrx_word' id='word_1_260' title='bbox 3622 1784 3869 1872; x_wconf 62' lang='grc' dir='ltr'><strong>ἇκὲύὲω-</strong></span> 
     </span>
    </p>
   </div>
   <div class='ocr_carea' id='block_1_36' title="bbox 711 1899 2239 1976">
    <p class='ocr_par' dir='ltr' id='par_1_36' title="bbox 711 1899 2236 1974">
     <span class='ocr_line' id='line_1_36' title="bbox 711 1899 2236 1974; baseline -0.009 -11"><span class='ocrx_word' id='word_1_261' title='bbox 711 1911 965 1974; x_wconf 84' lang='lat' dir='ltr'><strong>Quocirca</strong></span> <span class='ocrx_word' id='word_1_262' title='bbox 1003 1906 1271 1962; x_wconf 86' lang='lat' dir='ltr'><strong>evellenda</strong></span> <span class='ocrx_word' id='word_1_263' title='bbox 1298 1913 1380 1958; x_wconf 87' lang='lat' dir='ltr'><strong>est</strong></span> <span class='ocrx_word' id='word_1_264' title='bbox 1425 1902 1680 1955; x_wconf 86' lang='lat' dir='ltr'><strong>malorum</strong></span> <span class='ocrx_word' id='word_1_265' title='bbox 1729 1901 1899 1954; x_wconf 75' lang='lat' dir='ltr'><strong>radix.</strong></span> <span class='ocrx_word' id='word_1_266' title='bbox 1938 1901 2062 1953; x_wconf 83' lang='lat' dir='ltr'><strong>lla-c</strong></span> <span class='ocrx_word' id='word_1_267' title='bbox 2098 1899 2236 1952; x_wconf 90' lang='lat' dir='ltr'><strong>enim</strong></span> 
     </span>
    </p>
   </div>
   <div class='ocr_carea' id='block_1_37' title="bbox 2343 1899 3865 1976">
    <p class='ocr_par' dir='ltr' id='par_1_37' title="bbox 2343 1906 3865 1976">
     <span class='ocr_line' id='line_1_37' title="bbox 2343 1906 3865 1976; baseline 0.002 -21"><span class='ocrx_word' id='word_1_268' title='bbox 2343 1920 2436 1971; x_wconf 87' lang='grc' dir='ltr'><strong>μεν</strong></span> <span class='ocrx_word' id='word_1_269' title='bbox 2467 1906 2877 1975; x_wconf 76' lang='grc' dir='ltr'><strong>ἀπροσδοκήτως</strong></span> <span class='ocrx_word' id='word_1_270' title='bbox 2898 1923 2913 1938; x_wconf 78' lang='grc' dir='ltr'><strong>ο</strong></span> <span class='ocrx_word' id='word_1_271' title='bbox 2949 1909 3187 1976; x_wconf 69' lang='grc' dir='ltr'><strong>Ἀφρον,</strong></span> <span class='ocrx_word' id='word_1_272' title='bbox 3218 1910 3397 1973; x_wconf 79' lang='grc' dir='ltr'><strong>ταύτῃ</strong></span> <span class='ocrx_word' id='word_1_273' title='bbox 3430 1908 3502 1974; x_wconf 73' lang='grc' dir='ltr'><strong>τῇ</strong></span> <span class='ocrx_word' id='word_1_274' title='bbox 3541 1909 3706 1960; x_wconf 81' lang='grc' dir='ltr'><strong>νυκτί</strong></span> <span class='ocrx_word' id='word_1_275' title='bbox 3750 1908 3865 1973; x_wconf 80' lang='grc' dir='ltr'><strong>τὴν</strong></span> 
     </span>
    </p>
   </div>
   <div class='ocr_carea' id='block_1_38' title="bbox 711 1990 2239 2063">
    <p class='ocr_par' dir='ltr' id='par_1_38' title="bbox 711 1990 2238 2062">
     <span class='ocr_line' id='line_1_38' title="bbox 711 1990 2238 2062; baseline -0.007 -10"><span class='ocrx_word' id='word_1_276' title='bbox 711 2003 753 2052; x_wconf 89' lang='lat' dir='ltr'><strong>si</strong></span> <span class='ocrx_word' id='word_1_277' title='bbox 792 2007 1022 2060; x_wconf 88' lang='lat' dir='ltr'><strong>maneat,</strong></span> <span class='ocrx_word' id='word_1_278' title='bbox 1054 1996 1187 2048; x_wconf 84' lang='lat' dir='ltr'><strong>rami</strong></span> <span class='ocrx_word' id='word_1_279' title='bbox 1227 2007 1442 2062; x_wconf 88' lang='lat' dir='ltr'><strong>quoque</strong></span> <span class='ocrx_word' id='word_1_280' title='bbox 1464 1992 1817 2059; x_wconf 88' lang='lat' dir='ltr'><strong>pullulabunt.</strong></span> <span class='ocrx_word' id='word_1_281' title='bbox 1855 1991 1938 2042; x_wconf 15' lang='lat' dir='ltr'><strong>‘Ne</strong></span> <span class='ocrx_word' id='word_1_282' title='bbox 1964 1990 2238 2056; x_wconf 86' lang='lat' dir='ltr'><strong>inopinato</strong></span> 
     </span>
    </p>
   </div>
   <div class='ocr_carea' id='block_1_39' title="bbox 2343 1990 3867 2063">
    <p class='ocr_par' dir='ltr' id='par_1_39' title="bbox 2343 1991 3867 2063">
     <span class='ocr_line' id='line_1_39' title="bbox 2343 1991 3867 2063; baseline 0.003 -21"><span class='ocrx_word' id='word_1_283' title='bbox 2343 1991 2538 2057; x_wconf 64' lang='grc' dir='ltr'><strong>ψυχήν</strong></span> <span class='ocrx_word' id='word_1_284' title='bbox 2561 2007 2674 2045; x_wconf 90' lang='grc' dir='ltr'><strong>σου</strong></span> <span class='ocrx_word' id='word_1_285' title='bbox 2703 1995 3052 2049; x_wconf 78' lang='grc' dir='ltr'><strong>ἀπαιτοῦσιν</strong></span> <span class='ocrx_word' id='word_1_286' title='bbox 3078 1997 3192 2048; x_wconf 81' lang='grc' dir='ltr'><strong>ἀπὸ</strong></span> <span class='ocrx_word' id='word_1_287' title='bbox 3215 1996 3348 2058; x_wconf 87' lang='grc' dir='ltr'><strong>σοῦ,</strong></span> <span class='ocrx_word' id='word_1_288' title='bbox 3372 1995 3408 2048; x_wconf 80' lang='lat' dir='ltr'><strong>d</strong></span> <span class='ocrx_word' id='word_1_289' title='bbox 3436 1996 3500 2047; x_wconf 77' lang='grc' dir='ltr'><strong>δὲ</strong></span> <span class='ocrx_word' id='word_1_290' title='bbox 3521 1998 3867 2063; x_wconf 74' lang='grc' dir='ltr'><strong>ἡτοίμασας,</strong></span> 
     </span>
    </p>
   </div>
   <div class='ocr_carea' id='block_1_40' title="bbox 708 2065 2239 2154">
    <p class='ocr_par' dir='ltr' id='par_1_40' title="bbox 708 2080 2237 2146">
     <span class='ocr_line' id='line_1_40' title="bbox 708 2080 2237 2146; baseline -0.008 -6"><span class='ocrx_word' id='word_1_291' title='bbox 708 2089 985 2140; x_wconf 80' lang='lat' dir='ltr'><strong>audiamus</strong></span> <span class='ocrx_word' id='word_1_292' title='bbox 1014 2100 1026 2136; x_wconf 89' lang='lat'><strong>:</strong></span> <span class='ocrx_word' id='word_1_293' title='bbox 1065 2081 1371 2146; x_wconf 80' lang='lat' dir='ltr'><strong>Stulte,.lrac</strong></span> <span class='ocrx_word' id='word_1_294' title='bbox 1395 2091 1539 2131; x_wconf 81' lang='lat' dir='ltr'><strong>nocte</strong></span> <span class='ocrx_word' id='word_1_295' title='bbox 1567 2080 1794 2135; x_wconf 78' lang='lat' dir='ltr'><strong>animant</strong></span> <span class='ocrx_word' id='word_1_296' title='bbox 1829 2088 1970 2133; x_wconf 79' lang='lat' dir='ltr'><strong>tuam</strong></span> <span class='ocrx_word' id='word_1_297' title='bbox 2009 2086 2237 2143; x_wconf 75' lang='lat' dir='ltr'><strong>repetunt</strong></span> 
     </span>
    </p>
   </div>
   <div class='ocr_carea' id='block_1_41' title="bbox 2343 2065 3868 2154">
    <p class='ocr_par' dir='ltr' id='par_1_41' title="bbox 2343 2065 3868 2154">
     <span class='ocr_line' id='line_1_41' title="bbox 2343 2065 3868 2154; baseline 0.005 -25"><span class='ocrx_word' id='word_1_298' title='bbox 2343 2079 2445 2130; x_wconf 78' lang='grc' dir='ltr'><strong>τίνι</strong></span> <span class='ocrx_word' id='word_1_299' title='bbox 2479 2080 2678 2144; x_wconf 79' lang='grc' dir='ltr'><strong>ἕσται;</strong></span> <span class='ocrx_word' id='word_1_300' title='bbox 2703 2084 3031 2152; x_wconf 80' lang='grc' dir='ltr'><strong>Κατοροοῦσι</strong></span> <span class='ocrx_word' id='word_1_301' title='bbox 3059 2086 3115 2137; x_wconf 84' lang='grc' dir='ltr'><strong>δὲ</strong></span> <span class='ocrx_word' id='word_1_302' title='bbox 3147 2085 3374 2152; x_wconf 82' lang='grc' dir='ltr'><strong>μάλιστα</strong></span> <span class='ocrx_word' id='word_1_303' title='bbox 3397 2087 3456 2137; x_wconf 86' lang='grc' dir='ltr'><strong>τὸ</strong></span> <span class='ocrx_word' id='word_1_304' title='bbox 3482 2065 3868 2154; x_wconf 80' lang='grc' dir='ltr'><strong>ἀφιλάργυρον,</strong></span> 
     </span>
    </p>
   </div>
   <div class='ocr_carea' id='block_1_42' title="bbox 711 2167 2236 2242">
    <p class='ocr_par' dir='ltr' id='par_1_42' title="bbox 711 2167 2236 2242">
     <span class='ocr_line' id='line_1_42' title="bbox 711 2167 2236 2242; baseline -0.008 -14"><span class='ocrx_word' id='word_1_305' title='bbox 711 2195 739 2228; x_wconf 86' lang='lat' dir='ltr'><strong>a</strong></span> <span class='ocrx_word' id='word_1_306' title='bbox 771 2187 856 2236; x_wconf 87' lang='lat' dir='ltr'><strong>te;</strong></span> <span class='ocrx_word' id='word_1_307' title='bbox 885 2190 995 2242; x_wconf 64' lang='lat' dir='ltr'><strong>quia</strong></span> <span class='ocrx_word' id='word_1_308' title='bbox 1025 2181 1193 2224; x_wconf 83' lang='lat' dir='ltr'><strong>autem</strong></span> <span class='ocrx_word' id='word_1_309' title='bbox 1238 2169 1463 2238; x_wconf 76' lang='lat' dir='ltr'><strong>parasti,</strong></span> <span class='ocrx_word' id='word_1_310' title='bbox 1515 2168 1663 2235; x_wconf 78' lang='lat' dir='ltr'><strong>cujus</strong></span> <span class='ocrx_word' id='word_1_311' title='bbox 1712 2178 1857 2220; x_wconf 84' lang='lat' dir='ltr'><strong>erunt</strong></span> <span class='ocrx_word' id='word_1_312' title='bbox 1885 2168 1948 2218; x_wconf 65' lang='lat'><strong>‘1?</strong></span> <span class='ocrx_word' id='word_1_313' title='bbox 1974 2167 2236 2218; x_wconf 73' lang='lat' dir='ltr'><strong>Caeterum</strong></span> 
     </span>
    </p>
   </div>
   <div class='ocr_carea' id='block_1_43' title="bbox 2332 2168 3464 2244">
    <p class='ocr_par' dir='ltr' id='par_1_43' title="bbox 2332 2168 3464 2244">
     <span class='ocr_line' id='line_1_43' title="bbox 2332 2168 3464 2244; baseline 0.006 -25"><span class='ocrx_word' id='word_1_314' title='bbox 2332 2168 2380 2219; x_wconf 88' lang='grc' dir='ltr'><strong>οί</strong></span> <span class='ocrx_word' id='word_1_315' title='bbox 2409 2168 2466 2220; x_wconf 78' lang='grc' dir='ltr'><strong>ἑν</strong></span> <span class='ocrx_word' id='word_1_316' title='bbox 2494 2171 2738 2241; x_wconf 77' lang='grc' dir='ltr'><strong>κοινοϐίῳ</strong></span> <span class='ocrx_word' id='word_1_317' title='bbox 2766 2173 2986 2241; x_wconf 76' lang='grc' dir='ltr'><strong>μηδενὸς</strong></span> <span class='ocrx_word' id='word_1_318' title='bbox 3009 2175 3395 2244; x_wconf 78' lang='grc' dir='ltr'><strong>φροντίζοντες.</strong></span> <span class='ocrx_word' id='word_1_319' title='bbox 3455 2231 3464 2237; x_wconf 53' lang='grc'><strong>,</strong></span> 
     </span>
    </p>
   </div>
   <div class='ocr_carea' id='block_1_44' title="bbox 710 2256 3868 2332">
    <p class='ocr_par' dir='ltr' id='par_1_44' title="bbox 710 2256 3868 2332">
     <span class='ocr_line' id='line_1_44' title="bbox 710 2256 3868 2332; baseline 0.003 -20"><span class='ocrx_word' id='word_1_320' title='bbox 710 2265 954 2316; x_wconf 80' lang='lat' dir='ltr'><strong>virtutem</strong></span> <span class='ocrx_word' id='word_1_321' title='bbox 1006 2268 1318 2326; x_wconf 70' lang='lat' dir='ltr'><strong>contempta:</strong></span> <span class='ocrx_word' id='word_1_322' title='bbox 1378 2259 1612 2328; x_wconf 70' lang='lat' dir='ltr'><strong>pecuniae</strong></span> <span class='ocrx_word' id='word_1_323' title='bbox 1660 2265 1712 2310; x_wconf 91' lang='lat' dir='ltr'><strong>et</strong></span> <span class='ocrx_word' id='word_1_324' title='bbox 1752 2257 1985 2310; x_wconf 69' lang='lat' dir='ltr'><strong>avaritia:</strong></span> <span class='ocrx_word' id='word_1_325' title='bbox 2038 2256 2255 2324; x_wconf 60' lang='lat' dir='ltr'><strong>abjcctte</strong></span> <span class='ocrx_word' id='word_1_326' title='bbox 2309 2259 2537 2312; x_wconf 81' lang='lat' dir='ltr'><strong>maxime</strong></span> <span class='ocrx_word' id='word_1_327' title='bbox 2599 2261 2634 2314; x_wconf 88' lang='lat' dir='ltr'><strong>ii</strong></span> <span class='ocrx_word' id='word_1_328' title='bbox 2684 2264 2957 2328; x_wconf 80' lang='lat' dir='ltr'><strong>excolunt,</strong></span> <span class='ocrx_word' id='word_1_329' title='bbox 2999 2265 3089 2332; x_wconf 92' lang='lat' dir='ltr'><strong>qui</strong></span> <span class='ocrx_word' id='word_1_330' title='bbox 3153 2265 3205 2317; x_wconf 92' lang='lat' dir='ltr'><strong>in</strong></span> <span class='ocrx_word' id='word_1_331' title='bbox 3248 2265 3492 2319; x_wconf 62' lang='lat' dir='ltr'><strong>coenobio</strong></span> <span class='ocrx_word' id='word_1_332' title='bbox 3539 2265 3737 2318; x_wconf 84' lang='lat' dir='ltr'><strong>nullius</strong></span> <span class='ocrx_word' id='word_1_333' title='bbox 3791 2267 3868 2320; x_wconf 85' lang='lat' dir='ltr'><strong>rei</strong></span> 
     </span>
    </p>
   </div>
   <div class='ocr_carea' id='block_1_45' title="bbox 710 2354 1242 2419">
    <p class='ocr_par' dir='ltr' id='par_1_45' title="bbox 710 2354 1242 2419">
     <span class='ocr_line' id='line_1_45' title="bbox 710 2354 1242 2419; baseline -0.013 -9"><span class='ocrx_word' id='word_1_334' title='bbox 710 2370 892 2410; x_wconf 86' lang='lat' dir='ltr'><strong>curam</strong></span> <span class='ocrx_word' id='word_1_335' title='bbox 929 2354 1242 2419; x_wconf 84' lang='lat' dir='ltr'><strong>suscipiunt.</strong></span> 
     </span>
    </p>
   </div>
   <div class='ocr_carea' id='block_1_46' title="bbox 782 2440 2245 2506">
    <p class='ocr_par' dir='ltr' id='par_1_46' title="bbox 782 2440 2245 2506">
     <span class='ocr_line' id='line_1_46' title="bbox 782 2440 2245 2506; baseline -0.005 -8"><span class='ocrx_word' id='word_1_336' title='bbox 782 2447 987 2498; x_wconf 84' lang='lat' dir='ltr'><strong>Avarus</strong></span> <span class='ocrx_word' id='word_1_337' title='bbox 1031 2442 1346 2506; x_wconf 87' lang='lat' dir='ltr'><strong>monachus,</strong></span> <span class='ocrx_word' id='word_1_338' title='bbox 1390 2443 1442 2495; x_wconf 91' lang='lat' dir='ltr'><strong>in</strong></span> <span class='ocrx_word' id='word_1_339' title='bbox 1497 2456 1748 2493; x_wconf 89' lang='lat' dir='ltr'><strong>manuum</strong></span> <span class='ocrx_word' id='word_1_340' title='bbox 1808 2441 2079 2494; x_wconf 81' lang='lat' dir='ltr'><strong>laboribus</strong></span> <span class='ocrx_word' id='word_1_341' title='bbox 2123 2440 2245 2492; x_wconf 84' lang='lat' dir='ltr'><strong>dili-</strong></span> 
     </span>
    </p>
   </div>
   <div class='ocr_carea' id='block_1_47' title="bbox 711 2527 2243 2603">
    <p class='ocr_par' dir='ltr' id='par_1_47' title="bbox 711 2527 2243 2603">
     <span class='ocr_line' id='line_1_47' title="bbox 711 2527 2243 2603; baseline -0.007 -16"><span class='ocrx_word' id='word_1_342' title='bbox 711 2535 1068 2603; x_wconf 77' lang='lat' dir='ltr'><strong>gentissimus,</strong></span> <span class='ocrx_word' id='word_1_343' title='bbox 1109 2545 1202 2586; x_wconf 90' lang='lat' dir='ltr'><strong>eos</strong></span> <span class='ocrx_word' id='word_1_344' title='bbox 1265 2533 1477 2603; x_wconf 84' lang='lat' dir='ltr'><strong>quidem</strong></span> <span class='ocrx_word' id='word_1_345' title='bbox 1544 2543 1636 2597; x_wconf 91' lang='lat' dir='ltr'><strong>pro</strong></span> <span class='ocrx_word' id='word_1_346' title='bbox 1677 2527 1816 2580; x_wconf 85' lang='lat' dir='ltr'><strong>seria</strong></span> <span class='ocrx_word' id='word_1_347' title='bbox 1846 2542 2002 2594; x_wconf 86' lang='lat' dir='ltr'><strong>opera</strong></span> <span class='ocrx_word' id='word_1_348' title='bbox 2067 2527 2243 2589; x_wconf 82' lang='lat' dir='ltr'><strong>habet,</strong></span> 
     </span>
    </p>
   </div>
   <div class='ocr_carea' id='block_1_48' title="bbox 713 2602 2241 2690">
    <p class='ocr_par' dir='ltr' id='par_1_48' title="bbox 713 2602 2241 2690">
     <span class='ocr_line' id='line_1_48' title="bbox 713 2602 2241 2690; baseline -0.009 -13"><span class='ocrx_word' id='word_1_349' title='bbox 713 2621 1160 2690; x_wconf 79' lang='lat' dir='ltr'><strong>prodel&#39;unctoria</strong></span> <span class='ocrx_word' id='word_1_350' title='bbox 1217 2629 1392 2671; x_wconf 90' lang='lat' dir='ltr'><strong>autem</strong></span> <span class='ocrx_word' id='word_1_351' title='bbox 1427 2602 1783 2684; x_wconf 86' lang='lat' dir='ltr'><strong>precationem</strong></span> <span class='ocrx_word' id='word_1_352' title='bbox 1819 2629 1880 2666; x_wconf 91' lang='lat' dir='ltr'><strong>ac</strong></span> <span class='ocrx_word' id='word_1_353' title='bbox 1931 2614 2241 2676; x_wconf 85' lang='lat' dir='ltr'><strong>lectionem,</strong></span> 
     </span>
    </p>
   </div>
   <div class='ocr_carea' id='block_1_49' title="bbox 718 2701 2242 2777">
    <p class='ocr_par' dir='ltr' id='par_1_49' title="bbox 718 2701 2242 2777">
     <span class='ocr_line' id='line_1_49' title="bbox 718 2701 2242 2777; baseline -0.007 -15"><span class='ocrx_word' id='word_1_354' title='bbox 718 2720 770 2762; x_wconf 86' lang='lat' dir='ltr'><strong>et</strong></span> <span class='ocrx_word' id='word_1_355' title='bbox 795 2709 839 2763; x_wconf 92' lang='lat' dir='ltr'><strong>si</strong></span> <span class='ocrx_word' id='word_1_356' title='bbox 875 2709 997 2777; x_wconf 91' lang='lat' dir='ltr'><strong>quid</strong></span> <span class='ocrx_word' id='word_1_357' title='bbox 1028 2707 1170 2760; x_wconf 90' lang='lat' dir='ltr'><strong>aliud</strong></span> <span class='ocrx_word' id='word_1_358' title='bbox 1205 2707 1480 2774; x_wconf 89' lang='lat' dir='ltr'><strong>spirituale</strong></span> <span class='ocrx_word' id='word_1_359' title='bbox 1526 2713 1626 2756; x_wconf 85' lang='lat' dir='ltr'><strong>est.</strong></span> <span class='ocrx_word' id='word_1_360' title='bbox 1661 2701 1798 2766; x_wconf 86' lang='lat' dir='ltr'><strong>Quin</strong></span> <span class='ocrx_word' id='word_1_361' title='bbox 1843 2701 1907 2754; x_wconf 89' lang='lat' dir='ltr'><strong>ad</strong></span> <span class='ocrx_word' id='word_1_362' title='bbox 1938 2701 2242 2767; x_wconf 71' lang='lat' dir='ltr'><strong>huiusmodi</strong></span> 
     </span>
    </p>
   </div>
   <div class='ocr_carea' id='block_1_50' title="bbox 718 2789 2236 2864">
    <p class='ocr_par' dir='ltr' id='par_1_50' title="bbox 718 2789 2236 2864">
     <span class='ocr_line' id='line_1_50' title="bbox 718 2789 2236 2864; baseline -0.007 -14"><span class='ocrx_word' id='word_1_363' title='bbox 718 2798 936 2852; x_wconf 79' lang='lat' dir='ltr'><strong>alTectus</strong></span> <span class='ocrx_word' id='word_1_364' title='bbox 967 2795 1318 2864; x_wconf 81' lang='lat' dir='ltr'><strong>patrocinium</strong></span> <span class='ocrx_word' id='word_1_365' title='bbox 1371 2792 1495 2846; x_wconf 90' lang='lat' dir='ltr'><strong>illud</strong></span> <span class='ocrx_word' id='word_1_366' title='bbox 1526 2807 1736 2860; x_wconf 87' lang='lat' dir='ltr'><strong>quoque</strong></span> <span class='ocrx_word' id='word_1_367' title='bbox 1760 2791 1999 2856; x_wconf 86' lang='lat' dir='ltr'><strong>Apostoli</strong></span> <span class='ocrx_word' id='word_1_368' title='bbox 2039 2789 2236 2841; x_wconf 88' lang='lat' dir='ltr'><strong>dictum</strong></span> 
     </span>
    </p>
   </div>
   <div class='ocr_carea' id='block_1_51' title="bbox 713 2878 2239 2948">
    <p class='ocr_par' dir='ltr' id='par_1_51' title="bbox 713 2878 2239 2948">
     <span class='ocr_line' id='line_1_51' title="bbox 713 2878 2239 2948; baseline -0.007 -9"><span class='ocrx_word' id='word_1_369' title='bbox 713 2885 951 2939; x_wconf 81' lang='lat' dir='ltr'><strong>obtendit</strong></span> <span class='ocrx_word' id='word_1_370' title='bbox 975 2902 988 2936; x_wconf 88' lang='lat'><strong>:</strong></span> <span class='ocrx_word' id='word_1_371' title='bbox 1015 2883 1116 2948; x_wconf 86' lang='lat' dir='ltr'><strong>Qui</strong></span> <span class='ocrx_word' id='word_1_372' title='bbox 1147 2884 1346 2937; x_wconf 88' lang='lat' dir='ltr'><strong>otiosus</strong></span> <span class='ocrx_word' id='word_1_373' title='bbox 1367 2889 1478 2943; x_wconf 81' lang='lat' dir='ltr'><strong>.est,</strong></span> <span class='ocrx_word' id='word_1_374' title='bbox 1512 2897 1599 2932; x_wconf 83' lang='lat' dir='ltr'><strong>nec</strong></span> <span class='ocrx_word' id='word_1_375' title='bbox 1629 2881 1900 2934; x_wconf 75' lang='lat' dir='ltr'><strong>manducet</strong></span> <span class='ocrx_word' id='word_1_376' title='bbox 1929 2893 1970 2932; x_wconf 75' lang='grc' dir='ltr'><strong>τ.</strong></span> <span class='ocrx_word' id='word_1_377' title='bbox 1996 2878 2130 2930; x_wconf 88' lang='lat' dir='ltr'><strong>Cum</strong></span> <span class='ocrx_word' id='word_1_378' title='bbox 2159 2885 2239 2929; x_wconf 71' lang='grc' dir='ltr'><strong>ιιι-ο</strong></span> 
     </span>
    </p>
   </div>
   <div class='ocr_carea' id='block_1_52' title="bbox 715 2969 2236 3038">
    <p class='ocr_par' dir='ltr' id='par_1_52' title="bbox 715 2969 2236 3038">
     <span class='ocr_line' id='line_1_52' title="bbox 715 2969 2236 3038; baseline -0.008 -9"><span class='ocrx_word' id='word_1_379' title='bbox 715 2990 833 3028; x_wconf 90' lang='lat' dir='ltr'><strong>men</strong></span> <span class='ocrx_word' id='word_1_380' title='bbox 873 2981 1076 3036; x_wconf 87' lang='lat' dir='ltr'><strong>contra,</strong></span> <span class='ocrx_word' id='word_1_381' title='bbox 1110 2987 1171 3026; x_wconf 91' lang='lat' dir='ltr'><strong>ea</strong></span> <span class='ocrx_word' id='word_1_382' title='bbox 1206 2987 1322 3038; x_wconf 70' lang='lat' dir='ltr'><strong>qua:</strong></span> <span class='ocrx_word' id='word_1_383' title='bbox 1359 2971 1546 3023; x_wconf 68' lang='lat' dir='ltr'><strong>animae</strong></span> <span class='ocrx_word' id='word_1_384' title='bbox 1588 2969 1734 3022; x_wconf 85' lang='lat' dir='ltr'><strong>utilia</strong></span> <span class='ocrx_word' id='word_1_385' title='bbox 1765 2975 1887 3021; x_wconf 87' lang='lat' dir='ltr'><strong>sunt</strong></span> <span class='ocrx_word' id='word_1_386' title='bbox 1937 2982 2030 3035; x_wconf 90' lang='lat' dir='ltr'><strong>pro</strong></span> <span class='ocrx_word' id='word_1_387' title='bbox 2076 2980 2236 3034; x_wconf 89' lang='lat' dir='ltr'><strong>opere</strong></span> 
     </span>
    </p>
   </div>
   <div class='ocr_carea' id='block_1_53' title="bbox 715 3056 2241 3128">
    <p class='ocr_par' dir='ltr' id='par_1_53' title="bbox 715 3056 2241 3128">
     <span class='ocr_line' id='line_1_53' title="bbox 715 3056 2241 3128; baseline -0.006 -12"><span class='ocrx_word' id='word_1_388' title='bbox 715 3061 894 3116; x_wconf 85' lang='lat' dir='ltr'><strong>haberi</strong></span> <span class='ocrx_word' id='word_1_389' title='bbox 916 3061 1159 3123; x_wconf 89' lang='lat' dir='ltr'><strong>debeant,</strong></span> <span class='ocrx_word' id='word_1_390' title='bbox 1193 3073 1286 3128; x_wconf 92' lang='lat' dir='ltr'><strong>pro</strong></span> <span class='ocrx_word' id='word_1_391' title='bbox 1313 3058 1598 3126; x_wconf 86' lang='lat' dir='ltr'><strong>appendice</strong></span> <span class='ocrx_word' id='word_1_392' title='bbox 1638 3071 1762 3110; x_wconf 82' lang='lat' dir='ltr'><strong>vero</strong></span> <span class='ocrx_word' id='word_1_393' title='bbox 1797 3056 1972 3123; x_wconf 86' lang='lat' dir='ltr'><strong>operis</strong></span> <span class='ocrx_word' id='word_1_394' title='bbox 2020 3068 2082 3107; x_wconf 89' lang='lat' dir='ltr'><strong>ea</strong></span> <span class='ocrx_word' id='word_1_395' title='bbox 2123 3068 2241 3121; x_wconf 64' lang='lat' dir='ltr'><strong>quae</strong></span> 
     </span>
    </p>
   </div>
   <div class='ocr_carea' id='block_1_54' title="bbox 717 3149 2127 3204">
    <p class='ocr_par' dir='ltr' id='par_1_54' title="bbox 717 3149 2127 3204">
     <span class='ocr_line' id='line_1_54' title="bbox 717 3149 2127 3204; baseline -0.008 0"><span class='ocrx_word' id='word_1_396' title='bbox 717 3151 962 3204; x_wconf 87' lang='lat' dir='ltr'><strong>manibus</strong></span> <span class='ocrx_word' id='word_1_397' title='bbox 1013 3149 1401 3204; x_wconf 80' lang='lat' dir='ltr'><strong>coniiciuntur..</strong></span> <span class='ocrx_word' id='word_1_398' title='bbox 2123 3188 2127 3193; x_wconf 87' lang='lat'>.</span> 
     </span>
    </p>
   </div>
   <div class='ocr_carea' id='block_1_55' title="bbox 786 3232 2242 3301">
    <p class='ocr_par' dir='ltr' id='par_1_55' title="bbox 786 3232 2242 3301">
     <span class='ocr_line' id='line_1_55' title="bbox 786 3232 2242 3301; baseline -0.003 -12"><span class='ocrx_word' id='word_1_399' title='bbox 786 3238 991 3290; x_wconf 85' lang='lat' dir='ltr'><strong>Avarus</strong></span> <span class='ocrx_word' id='word_1_400' title='bbox 1013 3235 1097 3288; x_wconf 90' lang='lat' dir='ltr'><strong>ille</strong></span> <span class='ocrx_word' id='word_1_401' title='bbox 1117 3244 1220 3297; x_wconf 88' lang='lat' dir='ltr'><strong>est,</strong></span> <span class='ocrx_word' id='word_1_402' title='bbox 1253 3249 1356 3287; x_wconf 93' lang='lat' dir='ltr'><strong>non</strong></span> <span class='ocrx_word' id='word_1_403' title='bbox 1382 3233 1469 3301; x_wconf 90' lang='lat' dir='ltr'><strong>qui</strong></span> <span class='ocrx_word' id='word_1_404' title='bbox 1502 3235 1718 3286; x_wconf 88' lang='lat' dir='ltr'><strong>omnino</strong></span> <span class='ocrx_word' id='word_1_405' title='bbox 1769 3233 2021 3300; x_wconf 83' lang='lat' dir='ltr'><strong>pecunias</strong></span> <span class='ocrx_word' id='word_1_406' title='bbox 2065 3232 2242 3296; x_wconf 85' lang='lat' dir='ltr'><strong>habet,</strong></span> 
     </span>
    </p>
   </div>
   <div class='ocr_carea' id='block_1_56' title="bbox 721 3323 1963 3396">
    <p class='ocr_par' dir='ltr' id='par_1_56' title="bbox 721 3323 1963 3396">
     <span class='ocr_line' id='line_1_56' title="bbox 721 3323 1963 3396; baseline -0.004 -16"><span class='ocrx_word' id='word_1_407' title='bbox 721 3329 811 3382; x_wconf 90' lang='lat' dir='ltr'><strong>sed</strong></span> <span class='ocrx_word' id='word_1_408' title='bbox 844 3327 932 3396; x_wconf 89' lang='lat' dir='ltr'><strong>qui</strong></span> <span class='ocrx_word' id='word_1_409' title='bbox 958 3340 1049 3380; x_wconf 88' lang='lat' dir='ltr'><strong>eas</strong></span> <span class='ocrx_word' id='word_1_410' title='bbox 1073 3333 1236 3386; x_wconf 88' lang='lat' dir='ltr'><strong>amat,</strong></span> <span class='ocrx_word' id='word_1_411' title='bbox 1279 3332 1439 3391; x_wconf 87' lang='lat' dir='ltr'><strong>atque</strong></span> <span class='ocrx_word' id='word_1_412' title='bbox 1458 3323 1676 3390; x_wconf 87' lang='lat' dir='ltr'><strong>adipisci</strong></span> <span class='ocrx_word' id='word_1_413' title='bbox 1699 3324 1864 3390; x_wconf 87' lang='lat' dir='ltr'><strong>cupit.</strong></span> <span class='ocrx_word' id='word_1_414' title='bbox 1957 3361 1963 3375; x_wconf 55' lang='grc' dir='ltr'><strong>ι</strong></span> 
     </span>
    </p>
   </div>
   <div class='ocr_carea' id='block_1_57' title="bbox 787 3409 2241 3476">
    <p class='ocr_par' dir='ltr' id='par_1_57' title="bbox 787 3409 2241 3476">
     <span class='ocr_line' id='line_1_57' title="bbox 787 3409 2241 3476; baseline -0.003 -12"><span class='ocrx_word' id='word_1_415' title='bbox 787 3413 1076 3466; x_wconf 78' lang='lat' dir='ltr'><strong>Monachus</strong></span> <span class='ocrx_word' id='word_1_416' title='bbox 1121 3412 1268 3464; x_wconf 89' lang='lat' dir='ltr'><strong>dives</strong></span> <span class='ocrx_word' id='word_1_417' title='bbox 1313 3419 1366 3462; x_wconf 88' lang='lat' dir='ltr'><strong>et</strong></span> <span class='ocrx_word' id='word_1_418' title='bbox 1421 3409 1668 3476; x_wconf 88' lang='lat' dir='ltr'><strong>c0piosus</strong></span> <span class='ocrx_word' id='word_1_419' title='bbox 1709 3416 1899 3460; x_wconf 84' lang='lat' dir='ltr'><strong>onusta</strong></span> <span class='ocrx_word' id='word_1_420' title='bbox 1948 3423 2097 3476; x_wconf 79' lang='lat' dir='ltr'><strong>navis</strong></span> <span class='ocrx_word' id='word_1_421' title='bbox 2141 3415 2241 3468; x_wconf 87' lang='lat' dir='ltr'><strong>est.</strong></span> 
     </span>
    </p>
   </div>
   <div class='ocr_carea' id='block_1_58' title="bbox 719 3478 2138 3570">
    <p class='ocr_par' dir='ltr' id='par_1_58' title="bbox 719 3478 2138 3570">
     <span class='ocr_line' id='line_1_58' title="bbox 719 3478 2138 3570; baseline -0.005 -17"><span class='ocrx_word' id='word_1_422' title='bbox 719 3517 837 3570; x_wconf 75' lang='lat' dir='ltr'><strong>qua:</strong></span> <span class='ocrx_word' id='word_1_423' title='bbox 861 3502 911 3552; x_wconf 88' lang='lat' dir='ltr'><strong>in</strong></span> <span class='ocrx_word' id='word_1_424' title='bbox 937 3507 1249 3567; x_wconf 77' lang='lat' dir='ltr'><strong>tempestate</strong></span> <span class='ocrx_word' id='word_1_425' title='bbox 1284 3497 1436 3551; x_wconf 79' lang='lat' dir='ltr'><strong>facile</strong></span> <span class='ocrx_word' id='word_1_426' title='bbox 1467 3498 1848 3562; x_wconf 75' lang='lat' dir='ltr'><strong>submergitur.</strong></span> <span class='ocrx_word' id='word_1_427' title='bbox 1956 3478 1962 3484; x_wconf 48' lang='grc'><strong>’</strong></span> <span class='ocrx_word' id='word_1_428' title='bbox 2136 3496 2138 3498; x_wconf 61' lang='grc'><strong>⁷</strong></span> 
     </span>
    </p>
   </div>
   <div class='ocr_carea' id='block_1_59' title="bbox 787 3569 2245 3655">
    <p class='ocr_par' dir='ltr' id='par_1_59' title="bbox 787 3569 2245 3655">
     <span class='ocr_line' id='line_1_59' title="bbox 787 3569 2245 3655; baseline -0.005 -15"><span class='ocrx_word' id='word_1_429' title='bbox 787 3589 983 3640; x_wconf 82' lang='lat' dir='ltr'><strong>Contra</strong></span> <span class='ocrx_word' id='word_1_430' title='bbox 1024 3586 1070 3639; x_wconf 89' lang='lat' dir='ltr'><strong>is</strong></span> <span class='ocrx_word' id='word_1_431' title='bbox 1097 3586 1189 3655; x_wconf 78' lang='lat' dir='ltr'><strong>qui</strong></span> <span class='ocrx_word' id='word_1_432' title='bbox 1241 3583 1373 3635; x_wconf 90' lang='lat' dir='ltr'><strong>nihil</strong></span> <span class='ocrx_word' id='word_1_433' title='bbox 1420 3581 1670 3650; x_wconf 84' lang='lat' dir='ltr'><strong>possidet,</strong></span> <span class='ocrx_word' id='word_1_434' title='bbox 1704 3582 1832 3632; x_wconf 87' lang='lat' dir='ltr'><strong>levis</strong></span> <span class='ocrx_word' id='word_1_435' title='bbox 1879 3569 2245 3648; x_wconf 77' lang='lat' dir='ltr'><strong>aeexpeditus</strong></span> 
     </span>
    </p>
   </div>
   <div class='ocr_carea' id='block_1_60' title="bbox 724 3669 2244 3742">
    <p class='ocr_par' dir='ltr' id='par_1_60' title="bbox 724 3669 2244 3742">
     <span class='ocr_line' id='line_1_60' title="bbox 724 3669 2244 3742; baseline -0.006 -12"><span class='ocrx_word' id='word_1_436' title='bbox 724 3677 897 3731; x_wconf 90' lang='lat' dir='ltr'><strong>viator</strong></span> <span class='ocrx_word' id='word_1_437' title='bbox 925 3683 1024 3736; x_wconf 84' lang='lat' dir='ltr'><strong>est,</strong></span> <span class='ocrx_word' id='word_1_438' title='bbox 1054 3673 1144 3742; x_wconf 90' lang='lat' dir='ltr'><strong>qui</strong></span> <span class='ocrx_word' id='word_1_439' title='bbox 1196 3672 1249 3724; x_wconf 90' lang='lat' dir='ltr'><strong>in</strong></span> <span class='ocrx_word' id='word_1_440' title='bbox 1300 3670 1442 3723; x_wconf 88' lang='lat' dir='ltr'><strong>omni</strong></span> <span class='ocrx_word' id='word_1_441' title='bbox 1487 3670 1601 3723; x_wconf 90' lang='lat' dir='ltr'><strong>loco</strong></span> <span class='ocrx_word' id='word_1_442' title='bbox 1645 3669 1994 3721; x_wconf 77' lang='lat' dir='ltr'><strong>diversorium</strong></span> <span class='ocrx_word' id='word_1_443' title='bbox 2026 3670 2244 3734; x_wconf 80' lang='lat' dir='ltr'><strong>invenit,</strong></span> 
     </span>
    </p>
   </div>
   <div class='ocr_carea' id='block_1_61' title="bbox 723 3748 2243 3833">
    <p class='ocr_par' dir='ltr' id='par_1_61' title="bbox 723 3748 2243 3833">
     <span class='ocr_line' id='line_1_61' title="bbox 723 3748 2243 3833; baseline -0.005 -14"><span class='ocrx_word' id='word_1_444' title='bbox 723 3748 933 3833; x_wconf 87' lang='lat' dir='ltr'><strong>citoque</strong></span> <span class='ocrx_word' id='word_1_445' title='bbox 954 3761 1193 3830; x_wconf 88' lang='lat' dir='ltr'><strong>pervenit</strong></span> <span class='ocrx_word' id='word_1_446' title='bbox 1221 3760 1285 3812; x_wconf 89' lang='lat' dir='ltr'><strong>ad</strong></span> <span class='ocrx_word' id='word_1_447' title='bbox 1320 3758 1559 3814; x_wconf 90' lang='lat' dir='ltr'><strong>bravium</strong></span> <span class='ocrx_word' id='word_1_448' title='bbox 1589 3751 1830 3824; x_wconf 73' lang='lat' dir='ltr'><strong>superna:</strong></span> <span class='ocrx_word' id='word_1_449' title='bbox 1860 3759 2151 3812; x_wconf 86' lang='lat' dir='ltr'><strong>vocationis</strong></span> <span class='ocrx_word' id='word_1_450' title='bbox 2179 3771 2197 3796; x_wconf 78' lang='grc' dir='ltr'>ι</span> <span class='ocrx_word' id='word_1_451' title='bbox 2229 3775 2243 3822; x_wconf 91' lang='grc'>;</span> 
     </span>
    </p>
   </div>
   <div class='ocr_carea' id='block_1_62' title="bbox 720 3848 2243 3924">
    <p class='ocr_par' dir='ltr' id='par_1_62' title="bbox 720 3848 2243 3924">
     <span class='ocr_line' id='line_1_62' title="bbox 720 3848 2243 3924; baseline -0.005 -15"><span class='ocrx_word' id='word_1_452' title='bbox 720 3856 898 3924; x_wconf 85' lang='lat' dir='ltr'><strong>aquila</strong></span> <span class='ocrx_word' id='word_1_453' title='bbox 925 3852 1152 3920; x_wconf 88' lang='lat' dir='ltr'><strong>denique</strong></span> <span class='ocrx_word' id='word_1_454' title='bbox 1177 3850 1405 3904; x_wconf 85' lang='lat' dir='ltr'><strong>sublime</strong></span> <span class='ocrx_word' id='word_1_455' title='bbox 1447 3848 1650 3910; x_wconf 80' lang='lat' dir='ltr'><strong>volans,</strong></span> <span class='ocrx_word' id='word_1_456' title='bbox 1701 3862 1761 3901; x_wconf 89' lang='lat' dir='ltr'><strong>ac</strong></span> <span class='ocrx_word' id='word_1_457' title='bbox 1796 3857 1906 3900; x_wconf 91' lang='lat' dir='ltr'><strong>tum</strong></span> <span class='ocrx_word' id='word_1_458' title='bbox 1937 3850 2150 3902; x_wconf 88' lang='lat' dir='ltr'><strong>demum</strong></span> <span class='ocrx_word' id='word_1_459' title='bbox 2182 3849 2243 3902; x_wconf 88' lang='lat' dir='ltr'><strong>ad</strong></span> 
     </span>
    </p>
   </div>
   <div class='ocr_carea' id='block_1_63' title="bbox 721 3938 1866 4003">
    <p class='ocr_par' dir='ltr' id='par_1_63' title="bbox 721 3938 1866 4003">
     <span class='ocr_line' id='line_1_63' title="bbox 721 3938 1866 4003; baseline -0.004 -7"><span class='ocrx_word' id='word_1_460' title='bbox 721 3945 897 3997; x_wconf 86' lang='lat' dir='ltr'><strong>cibum</strong></span> <span class='ocrx_word' id='word_1_461' title='bbox 927 3940 1199 4003; x_wconf 87' lang='lat' dir='ltr'><strong>devolans,</strong></span> <span class='ocrx_word' id='word_1_462' title='bbox 1235 3953 1352 3992; x_wconf 90' lang='lat' dir='ltr'><strong>cum</strong></span> <span class='ocrx_word' id='word_1_463' title='bbox 1390 3939 1671 3993; x_wconf 85' lang='lat' dir='ltr'><strong>necessitas</strong></span> <span class='ocrx_word' id='word_1_464' title='bbox 1708 3938 1866 4002; x_wconf 77' lang='lat' dir='ltr'><strong>cogit.</strong></span> 
     </span>
    </p>
   </div>
   <div class='ocr_carea' id='block_1_64' title="bbox 789 4015 2242 4091">
    <p class='ocr_par' dir='ltr' id='par_1_64' title="bbox 789 4015 2242 4091">
     <span class='ocr_line' id='line_1_64' title="bbox 789 4015 2242 4091; baseline -0.004 -10"><span class='ocrx_word' id='word_1_465' title='bbox 789 4027 1080 4091; x_wconf 78' lang='lat' dir='ltr'><strong>Monachus</strong></span> <span class='ocrx_word' id='word_1_466' title='bbox 1116 4026 1349 4077; x_wconf 74' lang='lat' dir='ltr'><strong>avaritiae</strong></span> <span class='ocrx_word' id='word_1_467' title='bbox 1378 4023 1563 4077; x_wconf 83' lang='lat' dir='ltr'><strong>morbo</strong></span> <span class='ocrx_word' id='word_1_468' title='bbox 1590 4023 1859 4083; x_wconf 86' lang='lat' dir='ltr'><strong>laborans,</strong></span> <span class='ocrx_word' id='word_1_469' title='bbox 1913 4015 2185 4090; x_wconf 81' lang='lat' dir='ltr'><strong>nunquam</strong></span> <span class='ocrx_word' id='word_1_470' title='bbox 2215 4038 2242 4075; x_wconf 91' lang='lat' dir='ltr'><strong>a</strong></span> 
     </span>
    </p>
   </div>
   <div class='ocr_carea' id='block_1_65' title="bbox 722 4111 1702 4183">
    <p class='ocr_par' dir='ltr' id='par_1_65' title="bbox 722 4111 1702 4183">
     <span class='ocr_line' id='line_1_65' title="bbox 722 4111 1702 4183; baseline -0.008 -11"><span class='ocrx_word' id='word_1_471' title='bbox 722 4133 848 4172; x_wconf 90' lang='lat' dir='ltr'><strong>cura</strong></span> <span class='ocrx_word' id='word_1_472' title='bbox 870 4125 922 4169; x_wconf 90' lang='lat' dir='ltr'><strong>et</strong></span> <span class='ocrx_word' id='word_1_473' title='bbox 947 4112 1298 4169; x_wconf 84' lang='lat' dir='ltr'><strong>sollicitudine</strong></span> <span class='ocrx_word' id='word_1_474' title='bbox 1319 4111 1452 4183; x_wconf 84' lang='lat' dir='ltr'><strong>liber</strong></span> <span class='ocrx_word' id='word_1_475' title='bbox 1479 4121 1578 4165; x_wconf 90' lang='lat' dir='ltr'><strong>est.</strong></span> <span class='ocrx_word' id='word_1_476' title='bbox 1699 4114 1702 4117; x_wconf 77' lang='grc'>’</span> 
     </span>
    </p>
   </div>
   <div class='ocr_carea' id='block_1_66' title="bbox 790 4199 2241 4268">
    <p class='ocr_par' dir='ltr' id='par_1_66' title="bbox 790 4199 2241 4268">
     <span class='ocr_line' id='line_1_66' title="bbox 790 4199 2241 4268; baseline -0.001 -11"><span class='ocrx_word' id='word_1_477' title='bbox 790 4203 1034 4257; x_wconf 71' lang='lat' dir='ltr'><strong>Avaritiae</strong></span> <span class='ocrx_word' id='word_1_478' title='bbox 1054 4216 1175 4254; x_wconf 90' lang='lat' dir='ltr'><strong>cum</strong></span> <span class='ocrx_word' id='word_1_479' title='bbox 1203 4199 1460 4261; x_wconf 79' lang='lat' dir='ltr'><strong>charitate</strong></span> <span class='ocrx_word' id='word_1_480' title='bbox 1487 4199 1687 4254; x_wconf 89' lang='lat' dir='ltr'><strong>nullum</strong></span> <span class='ocrx_word' id='word_1_481' title='bbox 1712 4199 1885 4254; x_wconf 83' lang='lat' dir='ltr'><strong>foedus</strong></span> <span class='ocrx_word' id='word_1_482' title='bbox 1909 4215 2029 4255; x_wconf 85' lang='lat' dir='ltr'><strong>esse</strong></span> <span class='ocrx_word' id='word_1_483' title='bbox 2053 4209 2241 4268; x_wconf 81' lang='lat' dir='ltr'><strong>potest.</strong></span> 
     </span>
    </p>
   </div>
   <div class='ocr_carea' id='block_1_67' title="bbox 728 4287 2243 4356">
    <p class='ocr_par' dir='ltr' id='par_1_67' title="bbox 728 4287 2243 4356">
     <span class='ocr_line' id='line_1_67' title="bbox 728 4287 2243 4356; baseline 0 -16"><span class='ocrx_word' id='word_1_484' title='bbox 728 4289 846 4344; x_wconf 84' lang='lat' dir='ltr'><strong>llaec</strong></span> <span class='ocrx_word' id='word_1_485' title='bbox 868 4290 1006 4342; x_wconf 88' lang='lat' dir='ltr'><strong>enim</strong></span> <span class='ocrx_word' id='word_1_486' title='bbox 1039 4302 1190 4356; x_wconf 58' lang='lat' dir='ltr'><strong>aquo</strong></span> <span class='ocrx_word' id='word_1_487' title='bbox 1214 4287 1497 4354; x_wconf 85' lang='lat' dir='ltr'><strong>libentique</strong></span> <span class='ocrx_word' id='word_1_488' title='bbox 1541 4289 1719 4342; x_wconf 85' lang='lat' dir='ltr'><strong>animo</strong></span> <span class='ocrx_word' id='word_1_489' title='bbox 1759 4303 1815 4341; x_wconf 86' lang='lat' dir='ltr'><strong>se</strong></span> <span class='ocrx_word' id='word_1_490' title='bbox 1842 4289 2074 4342; x_wconf 82' lang='lat' dir='ltr'><strong>fraudari</strong></span> <span class='ocrx_word' id='word_1_491' title='bbox 2108 4289 2243 4356; x_wconf 80' lang='lat' dir='ltr'><strong>pati-</strong></span> 
     </span>
    </p>
   </div>
   <div class='ocr_carea' id='block_1_68' title="bbox 2410 2441 3877 2511">
    <p class='ocr_par' dir='ltr' id='par_1_68' title="bbox 2410 2441 3877 2511">
     <span class='ocr_line' id='line_1_68' title="bbox 2410 2441 3877 2511; baseline 0.003 -20"><span class='ocrx_word' id='word_1_492' title='bbox 2410 2441 2740 2510; x_wconf 80' lang='grc' dir='ltr'><strong>Φιλάργυρος</strong></span> <span class='ocrx_word' id='word_1_493' title='bbox 2790 2443 3015 2511; x_wconf 78' lang='grc' dir='ltr'><strong>μοναχδς</strong></span> <span class='ocrx_word' id='word_1_494' title='bbox 3047 2445 3103 2495; x_wconf 81' lang='grc' dir='ltr'><strong>ὲν</strong></span> <span class='ocrx_word' id='word_1_495' title='bbox 3147 2445 3471 2511; x_wconf 75' lang='grc' dir='ltr'><strong>ἔργοχείροις</strong></span> <span class='ocrx_word' id='word_1_496' title='bbox 3519 2445 3877 2510; x_wconf 73' lang='grc' dir='ltr'><strong>ἐπιμελέστα-</strong></span> 
     </span>
    </p>
   </div>
   <div class='ocr_carea' id='block_1_69' title="bbox 2340 2528 3875 2601">
    <p class='ocr_par' dir='ltr' id='par_1_69' title="bbox 2340 2528 3875 2601">
     <span class='ocr_line' id='line_1_69' title="bbox 2340 2528 3875 2601; baseline 0.004 -23"><span class='ocrx_word' id='word_1_497' title='bbox 2340 2543 2428 2590; x_wconf 82' lang='grc' dir='ltr'><strong>τος</strong></span> <span class='ocrx_word' id='word_1_498' title='bbox 2449 2545 2462 2556; x_wconf 91' lang='grc'><strong>·</strong></span> <span class='ocrx_word' id='word_1_499' title='bbox 2497 2528 2652 2594; x_wconf 73' lang='grc' dir='ltr'><strong>ἔργον</strong></span> <span class='ocrx_word' id='word_1_500' title='bbox 2691 2530 2787 2597; x_wconf 84' lang='grc' dir='ltr'><strong>μὲν</strong></span> <span class='ocrx_word' id='word_1_501' title='bbox 2816 2529 2950 2597; x_wconf 77' lang='grc' dir='ltr'><strong>ἔχων</strong></span> <span class='ocrx_word' id='word_1_502' title='bbox 2977 2530 3164 2588; x_wconf 83' lang='grc' dir='ltr'><strong>ταῦτα,</strong></span> <span class='ocrx_word' id='word_1_503' title='bbox 3195 2533 3465 2600; x_wconf 85' lang='grc' dir='ltr'><strong>πάρεργον</strong></span> <span class='ocrx_word' id='word_1_504' title='bbox 3490 2531 3542 2583; x_wconf 79' lang='grc' dir='ltr'><strong>δὲ</strong></span> <span class='ocrx_word' id='word_1_505' title='bbox 3575 2533 3672 2600; x_wconf 78' lang='grc' dir='ltr'><strong>τὴν</strong></span> <span class='ocrx_word' id='word_1_506' title='bbox 3701 2549 3875 2601; x_wconf 79' lang='grc' dir='ltr'><strong>προσ-</strong></span> 
     </span>
    </p>
   </div>
   <div class='ocr_carea' id='block_1_70' title="bbox 2340 2613 3871 2686">
    <p class='ocr_par' dir='ltr' id='par_1_70' title="bbox 2340 2613 3871 2686">
     <span class='ocr_line' id='line_1_70' title="bbox 2340 2613 3871 2686; baseline 0.003 -21"><span class='ocrx_word' id='word_1_507' title='bbox 2340 2615 2497 2684; x_wconf 82' lang='grc' dir='ltr'><strong>ευχὴν</strong></span> <span class='ocrx_word' id='word_1_508' title='bbox 2528 2618 2617 2667; x_wconf 81' lang='grc' dir='ltr'><strong>καὶ</strong></span> <span class='ocrx_word' id='word_1_509' title='bbox 2667 2616 3118 2686; x_wconf 81' lang='grc' dir='ltr'><strong>τὴνάνάγνωσιν,</strong></span> <span class='ocrx_word' id='word_1_510' title='bbox 3149 2619 3241 2669; x_wconf 80' lang='grc' dir='ltr'><strong>καὶ</strong></span> <span class='ocrx_word' id='word_1_511' title='bbox 3291 2620 3342 2670; x_wconf 85' lang='grc' dir='ltr'><strong>εί</strong></span> <span class='ocrx_word' id='word_1_512' title='bbox 3369 2613 3426 2669; x_wconf 63' lang='grc' dir='ltr'><strong>ττι</strong></span> <span class='ocrx_word' id='word_1_513' title='bbox 3470 2619 3830 2685; x_wconf 77' lang='grc' dir='ltr'><strong>πνευματικόν</strong></span> <span class='ocrx_word' id='word_1_514' title='bbox 3855 2633 3871 2650; x_wconf 76' lang='grc' dir='ltr'><strong>ο</strong></span> 
     </span>
    </p>
   </div>
   <div class='ocr_carea' id='block_1_71' title="bbox 2338 2705 3874 2775">
    <p class='ocr_par' dir='ltr' id='par_1_71' title="bbox 2338 2705 3874 2775">
     <span class='ocr_line' id='line_1_71' title="bbox 2338 2705 3874 2775; baseline 0.002 -19"><span class='ocrx_word' id='word_1_515' title='bbox 2338 2705 2694 2772; x_wconf 76' lang='grc' dir='ltr'><strong>προϐάλλεται</strong></span> <span class='ocrx_word' id='word_1_516' title='bbox 2737 2706 2790 2756; x_wconf 83' lang='grc' dir='ltr'><strong>δὲ</strong></span> <span class='ocrx_word' id='word_1_517' title='bbox 2825 2707 2916 2758; x_wconf 78' lang='grc' dir='ltr'><strong>καὶ</strong></span> <span class='ocrx_word' id='word_1_518' title='bbox 2956 2708 3032 2767; x_wconf 80' lang='grc' dir='ltr'><strong>εἰς</strong></span> <span class='ocrx_word' id='word_1_519' title='bbox 3077 2707 3396 2775; x_wconf 85' lang='grc' dir='ltr'><strong>συνηγορίαν</strong></span> <span class='ocrx_word' id='word_1_520' title='bbox 3424 2705 3516 2758; x_wconf 81' lang='grc' dir='ltr'><strong>τοῦ</strong></span> <span class='ocrx_word' id='word_1_521' title='bbox 3560 2707 3780 2768; x_wconf 80' lang='grc' dir='ltr'><strong>πάθους,</strong></span> <span class='ocrx_word' id='word_1_522' title='bbox 3809 2707 3874 2759; x_wconf 83' lang='grc' dir='ltr'><strong>τδ</strong></span> 
     </span>
    </p>
   </div>
   <div class='ocr_carea' id='block_1_72' title="bbox 2336 2793 3875 2864">
    <p class='ocr_par' dir='ltr' id='par_1_72' title="bbox 2336 2793 3875 2864">
     <span class='ocr_line' id='line_1_72' title="bbox 2336 2793 3875 2864; baseline 0.001 -18"><span class='ocrx_word' id='word_1_523' title='bbox 2336 2793 2683 2846; x_wconf 80' lang='grc' dir='ltr'><strong>ἀποστολικδν</strong></span> <span class='ocrx_word' id='word_1_524' title='bbox 2715 2796 2886 2846; x_wconf 75' lang='grc' dir='ltr'><strong>ἐκεῖνο</strong></span> <span class='ocrx_word' id='word_1_525' title='bbox 2916 2796 3073 2864; x_wconf 78' lang='grc' dir='ltr'><strong>ῥητόν</strong></span> <span class='ocrx_word' id='word_1_526' title='bbox 3096 2811 3111 2826; x_wconf 76' lang='grc' dir='ltr'><strong>ο</strong></span> <span class='ocrx_word' id='word_1_527' title='bbox 3154 2795 3212 2847; x_wconf 91' lang='lat'><strong>&#39;0</strong></span> <span class='ocrx_word' id='word_1_528' title='bbox 3248 2796 3414 2864; x_wconf 84' lang='grc' dir='ltr'><strong>ἀργὸς</strong></span> <span class='ocrx_word' id='word_1_529' title='bbox 3435 2795 3585 2861; x_wconf 64' lang='grc' dir='ltr'><strong>μηδὲ</strong></span> <span class='ocrx_word' id='word_1_530' title='bbox 3609 2794 3875 2848; x_wconf 81' lang='grc' dir='ltr'><strong>ἐσθιέτω·</strong></span> 
     </span>
    </p>
   </div>
   <div class='ocr_carea' id='block_1_73' title="bbox 2337 2880 3872 2952">
    <p class='ocr_par' dir='ltr' id='par_1_73' title="bbox 2337 2880 3872 2952">
     <span class='ocr_line' id='line_1_73' title="bbox 2337 2880 3872 2952; baseline 0.003 -20"><span class='ocrx_word' id='word_1_531' title='bbox 2337 2880 2453 2932; x_wconf 65' lang='grc' dir='ltr'><strong>διον</strong></span> <span class='ocrx_word' id='word_1_532' title='bbox 2481 2881 2635 2949; x_wconf 79' lang='grc' dir='ltr'><strong>ἔργον</strong></span> <span class='ocrx_word' id='word_1_533' title='bbox 2666 2883 2759 2943; x_wconf 83' lang='grc' dir='ltr'><strong>μὲν</strong></span> <span class='ocrx_word' id='word_1_534' title='bbox 2781 2881 2940 2950; x_wconf 79' lang='grc' dir='ltr'><strong>ἔχειν,</strong></span> <span class='ocrx_word' id='word_1_535' title='bbox 2971 2883 3038 2935; x_wconf 78' lang='grc' dir='ltr'><strong>τὰ</strong></span> <span class='ocrx_word' id='word_1_536' title='bbox 3061 2883 3371 2952; x_wconf 75' lang='grc' dir='ltr'><strong>ψυχωφελῆ,</strong></span> <span class='ocrx_word' id='word_1_537' title='bbox 3403 2885 3671 2952; x_wconf 83' lang='grc' dir='ltr'><strong>πάρεργον</strong></span> <span class='ocrx_word' id='word_1_538' title='bbox 3693 2885 3768 2945; x_wconf 82' lang='grc' dir='ltr'><strong>δὲ,</strong></span> <span class='ocrx_word' id='word_1_539' title='bbox 3800 2886 3872 2937; x_wconf 83' lang='grc' dir='ltr'><strong>τὰ</strong></span> 
     </span>
    </p>
   </div>
   <div class='ocr_carea' id='block_1_74' title="bbox 2340 2968 2774 3039">
    <p class='ocr_par' dir='ltr' id='par_1_74' title="bbox 2340 2968 2774 3039">
     <span class='ocr_line' id='line_1_74' title="bbox 2340 2968 2774 3039; baseline 0.014 -21"><span class='ocrx_word' id='word_1_540' title='bbox 2340 2968 2396 3019; x_wconf 74' lang='grc' dir='ltr'><strong>ἑν</strong></span> <span class='ocrx_word' id='word_1_541' title='bbox 2429 2969 2774 3039; x_wconf 78' lang='grc' dir='ltr'><strong>ἐργοχείροις.</strong></span> 
     </span>
    </p>
   </div>
   <div class='ocr_carea' id='block_1_75' title="bbox 2409 3231 3874 3309">
    <p class='ocr_par' dir='ltr' id='par_1_75' title="bbox 2409 3231 3874 3309">
     <span class='ocr_line' id='line_1_75' title="bbox 2409 3231 3874 3309; baseline 0.003 -27"><span class='ocrx_word' id='word_1_542' title='bbox 2409 3231 2761 3299; x_wconf 74' lang='grc' dir='ltr'><strong>Φιλάργυρος,</strong></span> <span class='ocrx_word' id='word_1_543' title='bbox 2791 3233 2885 3300; x_wconf 76' lang='grc' dir='ltr'><strong>οὖχ</strong></span> <span class='ocrx_word' id='word_1_544' title='bbox 2926 3235 2952 3284; x_wconf 89' lang='lat'><strong>6</strong></span> <span class='ocrx_word' id='word_1_545' title='bbox 2986 3233 3119 3301; x_wconf 77' lang='grc' dir='ltr'><strong>ἔχων</strong></span> <span class='ocrx_word' id='word_1_546' title='bbox 3155 3235 3405 3303; x_wconf 84' lang='grc' dir='ltr'><strong>χρήματα</strong></span> <span class='ocrx_word' id='word_1_547' title='bbox 3435 3235 3669 3309; x_wconf 84' lang='grc' dir='ltr'><strong>πάντως,</strong></span> <span class='ocrx_word' id='word_1_548' title='bbox 3699 3234 3810 3286; x_wconf 81' lang='grc' dir='ltr'><strong>ἀλλ’</strong></span> <span class='ocrx_word' id='word_1_549' title='bbox 3843 3237 3874 3286; x_wconf 90' lang='lat'><strong>6</strong></span> 
     </span>
    </p>
   </div>
   <div class='ocr_carea' id='block_1_76' title="bbox 2343 3320 3869 3389">
    <p class='ocr_par' dir='ltr' id='par_1_76' title="bbox 2343 3320 3869 3389">
     <span class='ocr_line' id='line_1_76' title="bbox 2343 3320 3869 3389; baseline 0 -17"><span class='ocrx_word' id='word_1_550' title='bbox 2343 3322 2506 3389; x_wconf 65' lang='grc' dir='ltr'><strong>φιλῶν</strong></span> <span class='ocrx_word' id='word_1_551' title='bbox 2554 3321 2707 3383; x_wconf 79' lang='grc' dir='ltr'><strong>αὐτὰ,</strong></span> <span class='ocrx_word' id='word_1_552' title='bbox 2742 3323 2832 3372; x_wconf 79' lang='grc' dir='ltr'><strong>καὶ</strong></span> <span class='ocrx_word' id='word_1_553' title='bbox 2875 3321 2973 3387; x_wconf 81' lang='grc' dir='ltr'><strong>τῆς</strong></span> <span class='ocrx_word' id='word_1_554' title='bbox 3014 3320 3214 3370; x_wconf 81' lang='grc' dir='ltr'><strong>τούτων</strong></span> <span class='ocrx_word' id='word_1_555' title='bbox 3241 3321 3562 3388; x_wconf 51' lang='grc' dir='ltr'><strong>ὀρεγόμενος</strong></span> <span class='ocrx_word' id='word_1_556' title='bbox 3590 3323 3831 3389; x_wconf 78' lang='grc' dir='ltr'><strong>κτήσεως</strong></span> <span class='ocrx_word' id='word_1_557' title='bbox 3855 3337 3869 3350; x_wconf 90' lang='grc'><strong>·</strong></span> 
     </span>
    </p>
   </div>
   <div class='ocr_carea' id='block_1_77' title="bbox 2411 3409 3880 3479">
    <p class='ocr_par' dir='ltr' id='par_1_77' title="bbox 2411 3409 3880 3479">
     <span class='ocr_line' id='line_1_77' title="bbox 2411 3409 3880 3479; baseline -0.001 -15"><span class='ocrx_word' id='word_1_558' title='bbox 2411 3411 2650 3478; x_wconf 79' lang='grc' dir='ltr'><strong>Μοναχὺς</strong></span> <span class='ocrx_word' id='word_1_559' title='bbox 2675 3411 3052 3479; x_wconf 79' lang='grc' dir='ltr'><strong>πολυκτήμων,</strong></span> <span class='ocrx_word' id='word_1_560' title='bbox 3095 3409 3279 3470; x_wconf 74' lang='grc' dir='ltr'><strong>’πλοῖον⁴</strong></span> <span class='ocrx_word' id='word_1_561' title='bbox 3307 3411 3758 3479; x_wconf 79' lang='grc' dir='ltr'><strong>πεφορτισμένον,</strong></span> <span class='ocrx_word' id='word_1_562' title='bbox 3785 3413 3880 3463; x_wconf 74' lang='grc' dir='ltr'><strong>εὖ·</strong></span> 
     </span>
    </p>
   </div>
   <div class='ocr_carea' id='block_1_78' title="bbox 2341 3497 3206 3579">
    <p class='ocr_par' dir='ltr' id='par_1_78' title="bbox 2341 3497 3206 3579">
     <span class='ocr_line' id='line_1_78' title="bbox 2341 3497 3206 3579; baseline 0.013 -39"><span class='ocrx_word' id='word_1_563' title='bbox 2341 3497 2511 3579; x_wconf 50' lang='grc' dir='ltr'><strong>χξρῶς</strong></span> <span class='ocrx_word' id='word_1_564' title='bbox 2541 3499 2596 3548; x_wconf 80' lang='grc' dir='ltr'><strong>ἐν</strong></span> <span class='ocrx_word' id='word_1_565' title='bbox 2625 3499 2757 3567; x_wconf 76' lang='grc' dir='ltr'><strong>ζάλῃ</strong></span> <span class='ocrx_word' id='word_1_566' title='bbox 2792 3499 3206 3568; x_wconf 62' lang='grc' dir='ltr'><strong>κάταδυόμενονέ</strong></span> 
     </span>
    </p>
   </div>
   <div class='ocr_carea' id='block_1_79' title="bbox 2421 3587 3878 3658">
    <p class='ocr_par' dir='ltr' id='par_1_79' title="bbox 2421 3587 3878 3658">
     <span class='ocr_line' id='line_1_79' title="bbox 2421 3587 3878 3658; baseline 0.004 -22"><span class='ocrx_word' id='word_1_567' title='bbox 2421 3589 2478 3636; x_wconf 91' lang='grc'><strong>’0</strong></span> <span class='ocrx_word' id='word_1_568' title='bbox 2528 3587 2590 3637; x_wconf 74' lang='grc' dir='ltr'><strong>δὲ,</strong></span> <span class='ocrx_word' id='word_1_569' title='bbox 2634 3589 2909 3655; x_wconf 78' lang='grc' dir='ltr'><strong>ἀκτήμων,</strong></span> <span class='ocrx_word' id='word_1_570' title='bbox 2967 3589 3226 3655; x_wconf 76' lang='grc' dir='ltr'><strong>εὐσταλὴς</strong></span> <span class='ocrx_word' id='word_1_571' title='bbox 3273 3590 3564 3658; x_wconf 80' lang='grc' dir='ltr'><strong>ὀδοιπόρος,</strong></span> <span class='ocrx_word' id='word_1_572' title='bbox 3621 3591 3677 3642; x_wconf 80' lang='grc' dir='ltr'><strong>ὲν</strong></span> <span class='ocrx_word' id='word_1_573' title='bbox 3713 3593 3878 3643; x_wconf 74' lang='grc' dir='ltr'><strong>παντὶ</strong></span> 
     </span>
    </p>
   </div>
   <div class='ocr_carea' id='block_1_80' title="bbox 2343 3668 3878 3748">
    <p class='ocr_par' dir='ltr' id='par_1_80' title="bbox 2343 3668 3878 3748">
     <span class='ocr_line' id='line_1_80' title="bbox 2343 3668 3878 3748; baseline 0.005 -24"><span class='ocrx_word' id='word_1_574' title='bbox 2343 3673 2487 3741; x_wconf 75' lang='grc' dir='ltr'><strong>τόπῳ</strong></span> <span class='ocrx_word' id='word_1_575' title='bbox 2526 3668 2865 3738; x_wconf 81' lang='grc' dir='ltr'><strong>καταγώγιον</strong></span> <span class='ocrx_word' id='word_1_576' title='bbox 2907 3676 3208 3742; x_wconf 84' lang='grc' dir='ltr'><strong>εὑρίσκων·</strong></span> <span class='ocrx_word' id='word_1_577' title='bbox 3260 3679 3459 3745; x_wconf 76' lang='grc' dir='ltr'><strong>κοῦφος</strong></span> <span class='ocrx_word' id='word_1_578' title='bbox 3501 3679 3749 3748; x_wconf 76' lang='grc' dir='ltr'><strong>δρομεὺς,</strong></span> <span class='ocrx_word' id='word_1_579' title='bbox 3780 3696 3878 3732; x_wconf 80' lang='grc' dir='ltr'><strong>τα-</strong></span> 
     </span>
    </p>
   </div>
   <div class='ocr_carea' id='block_1_81' title="bbox 2343 3758 3873 3834">
    <p class='ocr_par' dir='ltr' id='par_1_81' title="bbox 2343 3758 3873 3834">
     <span class='ocr_line' id='line_1_81' title="bbox 2343 3758 3873 3834; baseline 0.006 -26"><span class='ocrx_word' id='word_1_580' title='bbox 2343 3758 2474 3825; x_wconf 75' lang='grc' dir='ltr'><strong>χέως</strong></span> <span class='ocrx_word' id='word_1_581' title='bbox 2505 3759 2717 3825; x_wconf 79' lang='grc' dir='ltr'><strong>φθάνων</strong></span> <span class='ocrx_word' id='word_1_582' title='bbox 2765 3761 2855 3811; x_wconf 79' lang='grc' dir='ltr'><strong>ἐπὶ</strong></span> <span class='ocrx_word' id='word_1_583' title='bbox 2901 3761 2959 3812; x_wconf 87' lang='grc' dir='ltr'><strong>τὸ</strong></span> <span class='ocrx_word' id='word_1_584' title='bbox 3013 3762 3261 3829; x_wconf 78' lang='grc' dir='ltr'><strong>βραϐεῖον</strong></span> <span class='ocrx_word' id='word_1_585' title='bbox 3301 3767 3398 3832; x_wconf 80' lang='grc' dir='ltr'><strong>τῆς</strong></span> <span class='ocrx_word' id='word_1_586' title='bbox 3443 3766 3552 3815; x_wconf 80' lang='grc' dir='ltr'><strong>ἀνω</strong></span> <span class='ocrx_word' id='word_1_587' title='bbox 3593 3767 3830 3834; x_wconf 73' lang='grc' dir='ltr'><strong>κλήσεως</strong></span> <span class='ocrx_word' id='word_1_588' title='bbox 3857 3784 3873 3796; x_wconf 69' lang='grc' dir='ltr'><strong>ο</strong></span> 
     </span>
    </p>
   </div>
   <div class='ocr_carea' id='block_1_82' title="bbox 2342 3848 3875 3933">
    <p class='ocr_par' dir='ltr' id='par_1_82' title="bbox 2342 3848 3875 3933">
     <span class='ocr_line' id='line_1_82' title="bbox 2342 3848 3875 3933; baseline 0.005 -36"><span class='ocrx_word' id='word_1_589' title='bbox 2342 3848 2494 3910; x_wconf 81' lang='grc' dir='ltr'><strong>ἀετὸς</strong></span> <span class='ocrx_word' id='word_1_590' title='bbox 2549 3849 2828 3916; x_wconf 72' lang='grc' dir='ltr'><strong>ὑψιπέτης,</strong></span> <span class='ocrx_word' id='word_1_591' title='bbox 2882 3851 3446 3933; x_wconf 43' lang='grc' dir='ltr'><strong>τότεμκαοιπτάμενος</strong></span> <span class='ocrx_word' id='word_1_592' title='bbox 3510 3853 3600 3903; x_wconf 69' lang='grc' dir='ltr'><strong>ἐπὶ</strong></span> <span class='ocrx_word' id='word_1_593' title='bbox 3651 3855 3875 3922; x_wconf 77' lang='grc' dir='ltr'><strong>τροφὴν,</strong></span> 
     </span>
    </p>
   </div>
   <div class='ocr_carea' id='block_1_83' title="bbox 2342 3937 3007 4006">
    <p class='ocr_par' dir='ltr' id='par_1_83' title="bbox 2342 3937 3007 4006">
     <span class='ocr_line' id='line_1_83' title="bbox 2342 3937 3007 4006; baseline 0.006 -20"><span class='ocrx_word' id='word_1_594' title='bbox 2342 3937 2520 4004; x_wconf 79' lang='grc' dir='ltr'><strong>ὅτανὴ</strong></span> <span class='ocrx_word' id='word_1_595' title='bbox 2557 3939 2709 4004; x_wconf 86' lang='grc' dir='ltr'><strong>χρεία</strong></span> <span class='ocrx_word' id='word_1_596' title='bbox 2745 3940 3007 4006; x_wconf 77' lang='grc' dir='ltr'><strong>βιάσηται.</strong></span> 
     </span>
    </p>
   </div>
   <div class='ocr_carea' id='block_1_84' title="bbox 2419 4025 3882 4100">
    <p class='ocr_par' dir='ltr' id='par_1_84' title="bbox 2419 4025 3882 4100">
     <span class='ocr_line' id='line_1_84' title="bbox 2419 4025 3882 4100; baseline 0.004 -25"><span class='ocrx_word' id='word_1_597' title='bbox 2419 4025 2658 4092; x_wconf 79' lang='grc' dir='ltr'><strong>Μοναχδς</strong></span> <span class='ocrx_word' id='word_1_598' title='bbox 2699 4027 2864 4078; x_wconf 82' lang='grc' dir='ltr'><strong>νοσῶν</strong></span> <span class='ocrx_word' id='word_1_599' title='bbox 2913 4028 3285 4097; x_wconf 65' lang='grc' dir='ltr'><strong>φιλαργυρίαν,</strong></span> <span class='ocrx_word' id='word_1_600' title='bbox 3327 4030 3574 4082; x_wconf 74' lang='grc' dir='ltr'><strong>οὐδέποτε</strong></span> <span class='ocrx_word' id='word_1_601' title='bbox 3610 4030 3882 4100; x_wconf 75' lang='grc' dir='ltr'><strong>μερίμνης</strong></span> 
     </span>
    </p>
   </div>
   <div class='ocr_carea' id='block_1_85' title="bbox 2344 4105 2975 4182">
    <p class='ocr_par' dir='ltr' id='par_1_85' title="bbox 2344 4105 2975 4182">
     <span class='ocr_line' id='line_1_85' title="bbox 2344 4105 2975 4182; baseline -0.003 -16"><span class='ocrx_word' id='word_1_602' title='bbox 2344 4113 2552 4182; x_wconf 76' lang='grc' dir='ltr'><strong>ἀπήλλα</strong></span> <span class='ocrx_word' id='word_1_603' title='bbox 2560 4130 2697 4167; x_wconf 81' lang='grc' dir='ltr'><strong>κται.</strong></span> <span class='ocrx_word' id='word_1_604' title='bbox 2969 4105 2975 4118; x_wconf 78' lang='grc'><em>’</em></span> 
     </span>
    </p>
   </div>
   <div class='ocr_carea' id='block_1_86' title="bbox 2424 4201 3878 4276">
    <p class='ocr_par' dir='ltr' id='par_1_86' title="bbox 2424 4201 3878 4276">
     <span class='ocr_line' id='line_1_86' title="bbox 2424 4201 3878 4276; baseline 0.001 -22"><span class='ocrx_word' id='word_1_605' title='bbox 2424 4201 2751 4268; x_wconf 78' lang='grc' dir='ltr'><strong>Ἀσύμὸατος</strong></span> <span class='ocrx_word' id='word_1_606' title='bbox 2791 4203 2869 4263; x_wconf 84' lang='grc' dir='ltr'><strong>είς</strong></span> <span class='ocrx_word' id='word_1_607' title='bbox 2919 4203 3133 4272; x_wconf 83' lang='grc' dir='ltr'><strong>ἀγάπην</strong></span> <span class='ocrx_word' id='word_1_608' title='bbox 3180 4206 3211 4271; x_wconf 87' lang='grc' dir='ltr'><strong>ή</strong></span> <span class='ocrx_word' id='word_1_609' title='bbox 3263 4204 3603 4276; x_wconf 84' lang='grc' dir='ltr'><strong>φιλαργυρία.</strong></span> <span class='ocrx_word' id='word_1_610' title='bbox 3663 4205 3723 4256; x_wconf 78' lang='grc' dir='ltr'><strong>⁸ίί</strong></span> <span class='ocrx_word' id='word_1_611' title='bbox 3775 4212 3878 4274; x_wconf 72' lang='grc' dir='ltr'><strong>μὲν</strong></span> 
     </span>
    </p>
   </div>
   <div class='ocr_carea' id='block_1_87' title="bbox 2343 4291 3920 4362">
    <p class='ocr_par' dir='ltr' id='par_1_87' title="bbox 2343 4291 3920 4362">
     <span class='ocr_line' id='line_1_87' title="bbox 2343 4291 3920 4362; baseline -0.003 -17"><span class='ocrx_word' id='word_1_612' title='bbox 2343 4293 2448 4362; x_wconf 87' lang='grc' dir='ltr'><strong>γὰρ</strong></span> <span class='ocrx_word' id='word_1_613' title='bbox 2494 4293 2663 4360; x_wconf 83' lang='grc' dir='ltr'><strong>ἡδέως</strong></span> <span class='ocrx_word' id='word_1_614' title='bbox 2715 4293 2957 4360; x_wconf 76' lang='grc' dir='ltr'><strong>ἀνέχεται</strong></span> <span class='ocrx_word' id='word_1_615' title='bbox 3025 4291 3516 4360; x_wconf 85' lang='grc' dir='ltr'><strong>πλεονεκτουμένη,</strong></span> <span class='ocrx_word' id='word_1_616' title='bbox 3570 4293 3662 4343; x_wconf 69' lang='grc' dir='ltr'><strong>καὶ</strong></span> <span class='ocrx_word' id='word_1_617' title='bbox 3708 4292 3920 4343; x_wconf 72' lang='grc' dir='ltr'><strong>ὄντων·</strong></span> 
     </span>
    </p>
   </div>
   <div class='ocr_carea' id='block_1_88' title="bbox 727 4375 2239 4452">
    <p class='ocr_par' dir='ltr' id='par_1_88' title="bbox 727 4375 2239 4444">
     <span class='ocr_line' id='line_1_88' title="bbox 727 4375 2239 4444; baseline -0.001 -16"><span class='ocrx_word' id='word_1_618' title='bbox 727 4389 833 4438; x_wconf 90' lang='lat' dir='ltr'><strong>tur,</strong></span> <span class='ocrx_word' id='word_1_619' title='bbox 870 4377 1247 4442; x_wconf 76' lang='lat' dir='ltr'><strong>facultatesque</strong></span> <span class='ocrx_word' id='word_1_620' title='bbox 1275 4389 1402 4427; x_wconf 88' lang='lat' dir='ltr'><strong>suas</strong></span> <span class='ocrx_word' id='word_1_621' title='bbox 1437 4375 1551 4427; x_wconf 85' lang='lat' dir='ltr'><strong>laete</strong></span> <span class='ocrx_word' id='word_1_622' title='bbox 1591 4376 1843 4441; x_wconf 86' lang='lat' dir='ltr'><strong>impertit,</strong></span> <span class='ocrx_word' id='word_1_623' title='bbox 1886 4387 2045 4444; x_wconf 89' lang='lat' dir='ltr'><strong>atque</strong></span> <span class='ocrx_word' id='word_1_624' title='bbox 2079 4377 2239 4428; x_wconf 84' lang='lat' dir='ltr'><strong>inter-</strong></span> 
     </span>
    </p>
   </div>
   <div class='ocr_carea' id='block_1_89' title="bbox 2343 4375 3879 4452">
    <p class='ocr_par' dir='ltr' id='par_1_89' title="bbox 2345 4381 3879 4452">
     <span class='ocr_line' id='line_1_89' title="bbox 2345 4381 3879 4452; baseline -0.001 -18"><span class='ocrx_word' id='word_1_625' title='bbox 2345 4383 2648 4452; x_wconf 83' lang='grc' dir='ltr'><strong>περιχαρῶς</strong></span> <span class='ocrx_word' id='word_1_626' title='bbox 2683 4383 3061 4451; x_wconf 81' lang='grc' dir='ltr'><strong>μεταδίδωσιν·</strong></span> <span class='ocrx_word' id='word_1_627' title='bbox 3095 4381 3235 4434; x_wconf 84' lang='grc' dir='ltr'><strong>ἔστιν</strong></span> <span class='ocrx_word' id='word_1_628' title='bbox 3281 4383 3366 4433; x_wconf 84' lang='grc' dir='ltr'><strong>ὅτε</strong></span> <span class='ocrx_word' id='word_1_629' title='bbox 3409 4382 3463 4433; x_wconf 83' lang='grc' dir='ltr'><strong>δὲ</strong></span> <span class='ocrx_word' id='word_1_630' title='bbox 3516 4382 3727 4433; x_wconf 76' lang='grc' dir='ltr'><strong>ἅπαντα</strong></span> <span class='ocrx_word' id='word_1_631' title='bbox 3777 4397 3879 4448; x_wconf 83' lang='grc' dir='ltr'><strong>με-</strong></span> 
     </span>
    </p>
   </div>
   <div class='ocr_carea' id='block_1_90' title="bbox 723 4463 2242 4530">
    <p class='ocr_par' dir='ltr' id='par_1_90' title="bbox 723 4463 2242 4530">
     <span class='ocr_line' id='line_1_90' title="bbox 723 4463 2242 4530; baseline -0.001 -10"><span class='ocrx_word' id='word_1_632' title='bbox 723 4468 849 4520; x_wconf 90' lang='lat' dir='ltr'><strong>dum</strong></span> <span class='ocrx_word' id='word_1_633' title='bbox 884 4466 1039 4516; x_wconf 90' lang='lat' dir='ltr'><strong>etiam</strong></span> <span class='ocrx_word' id='word_1_634' title='bbox 1071 4464 1249 4516; x_wconf 83' lang='lat' dir='ltr'><strong>omnia</strong></span> <span class='ocrx_word' id='word_1_635' title='bbox 1299 4478 1488 4530; x_wconf 78' lang='lat' dir='ltr'><strong>magno</strong></span> <span class='ocrx_word' id='word_1_636' title='bbox 1531 4463 1708 4515; x_wconf 89' lang='lat' dir='ltr'><strong>animo</strong></span> <span class='ocrx_word' id='word_1_637' title='bbox 1747 4465 1958 4530; x_wconf 87' lang='lat' dir='ltr'><strong>abjicit;</strong></span> <span class='ocrx_word' id='word_1_638' title='bbox 1999 4465 2095 4517; x_wconf 9' lang='lat' dir='ltr'><strong>illa,</strong></span> <span class='ocrx_word' id='word_1_639' title='bbox 2120 4481 2242 4518; x_wconf 86' lang='lat' dir='ltr'><strong>vero</strong></span> 
     </span>
    </p>
   </div>
   <div class='ocr_carea' id='block_1_91' title="bbox 721 4549 1845 4609">
    <p class='ocr_par' dir='ltr' id='par_1_91' title="bbox 721 4549 1845 4609">
     <span class='ocr_line' id='line_1_91' title="bbox 721 4549 1845 4609; baseline -0.004 -1"><span class='ocrx_word' id='word_1_640' title='bbox 721 4552 1042 4609; x_wconf 81' lang='lat' dir='ltr'><strong>contrarium</strong></span> <span class='ocrx_word' id='word_1_641' title='bbox 1072 4550 1289 4608; x_wconf 86' lang='lat' dir='ltr'><strong>omnino</strong></span> <span class='ocrx_word' id='word_1_642' title='bbox 1317 4549 1522 4603; x_wconf 87' lang='lat' dir='ltr'><strong>elliccre</strong></span> <span class='ocrx_word' id='word_1_643' title='bbox 1553 4554 1845 4604; x_wconf 83' lang='lat' dir='ltr'><strong>consuevit.</strong></span> 
     </span>
    </p>
   </div>
   <div class='ocr_carea' id='block_1_92' title="bbox 789 4639 2243 4710">
    <p class='ocr_par' dir='ltr' id='par_1_92' title="bbox 789 4639 2243 4710">
     <span class='ocr_line' id='line_1_92' title="bbox 789 4639 2243 4710; baseline 0.001 -15"><span class='ocrx_word' id='word_1_644' title='bbox 789 4643 1068 4709; x_wconf 79' lang='lat' dir='ltr'><strong>Nunquam</strong></span> <span class='ocrx_word' id='word_1_645' title='bbox 1108 4639 1330 4693; x_wconf 88' lang='lat' dir='ltr'><strong>deerunt</strong></span> <span class='ocrx_word' id='word_1_646' title='bbox 1356 4639 1543 4693; x_wconf 84' lang='lat' dir='ltr'><strong>ﬂuctus</strong></span> <span class='ocrx_word' id='word_1_647' title='bbox 1578 4642 1733 4702; x_wconf 88' lang='lat' dir='ltr'><strong>mari,</strong></span> <span class='ocrx_word' id='word_1_648' title='bbox 1767 4658 1936 4710; x_wconf 88' lang='lat' dir='ltr'><strong>neque</strong></span> <span class='ocrx_word' id='word_1_649' title='bbox 1962 4658 2124 4695; x_wconf 90' lang='lat' dir='ltr'><strong>avaro</strong></span> <span class='ocrx_word' id='word_1_650' title='bbox 2153 4643 2243 4696; x_wconf 84' lang='lat' dir='ltr'><strong>irae</strong></span> 
     </span>
    </p>
   </div>
   <div class='ocr_carea' id='block_1_93' title="bbox 722 4746 1096 4788">
    <p class='ocr_par' dir='ltr' id='par_1_93' title="bbox 722 4746 1096 4788">
     <span class='ocr_line' id='line_1_93' title="bbox 722 4746 1096 4788; baseline -0.013 0"><span class='ocrx_word' id='word_1_651' title='bbox 722 4749 782 4788; x_wconf 72' lang='lat' dir='ltr'><strong>8C</strong></span> <span class='ocrx_word' id='word_1_652' title='bbox 824 4746 1096 4787; x_wconf 79' lang='lat' dir='ltr'><strong>mmrores.</strong></span> 
     </span>
    </p>
   </div>
   <div class='ocr_carea' id='block_1_94' title="bbox 791 4815 2239 4882">
    <p class='ocr_par' dir='ltr' id='par_1_94' title="bbox 791 4815 2239 4882">
     <span class='ocr_line' id='line_1_94' title="bbox 791 4815 2239 4882; baseline -0.004 -6"><span class='ocrx_word' id='word_1_653' title='bbox 791 4826 994 4876; x_wconf 80' lang='lat' dir='ltr'><strong>Avarus</strong></span> <span class='ocrx_word' id='word_1_654' title='bbox 1025 4821 1075 4873; x_wconf 91' lang='lat' dir='ltr'><strong>in</strong></span> <span class='ocrx_word' id='word_1_655' title='bbox 1116 4818 1308 4872; x_wconf 75' lang='lat' dir='ltr'><strong>cmlnm</strong></span> <span class='ocrx_word' id='word_1_656' title='bbox 1347 4816 1692 4878; x_wconf 85' lang='lat' dir='ltr'><strong>contendens,</strong></span> <span class='ocrx_word' id='word_1_657' title='bbox 1741 4815 1866 4867; x_wconf 89' lang='lat' dir='ltr'><strong>huic</strong></span> <span class='ocrx_word' id='word_1_658' title='bbox 1907 4816 2094 4872; x_wconf 89' lang='lat' dir='ltr'><strong>similis</strong></span> <span class='ocrx_word' id='word_1_659' title='bbox 2139 4827 2239 4882; x_wconf 87' lang='lat' dir='ltr'><strong>est,</strong></span> 
     </span>
    </p>
   </div>
   <div class='ocr_carea' id='block_1_95' title="bbox 722 4906 2240 4980">
    <p class='ocr_par' dir='ltr' id='par_1_95' title="bbox 722 4906 2240 4980">
     <span class='ocr_line' id='line_1_95' title="bbox 722 4906 2240 4980; baseline -0.002 -16"><span class='ocrx_word' id='word_1_660' title='bbox 722 4913 809 4980; x_wconf 92' lang='lat' dir='ltr'><strong>qui</strong></span> <span class='ocrx_word' id='word_1_661' title='bbox 861 4912 1076 4978; x_wconf 87' lang='lat' dir='ltr'><strong>pedibus</strong></span> <span class='ocrx_word' id='word_1_662' title='bbox 1126 4909 1237 4963; x_wconf 90' lang='lat' dir='ltr'><strong>suis</strong></span> <span class='ocrx_word' id='word_1_663' title='bbox 1276 4906 1486 4962; x_wconf 88' lang='lat' dir='ltr'><strong>vinculo</strong></span> <span class='ocrx_word' id='word_1_664' title='bbox 1529 4906 1831 4960; x_wconf 89' lang='lat' dir='ltr'><strong>constrictis</strong></span> <span class='ocrx_word' id='word_1_665' title='bbox 1887 4920 2098 4960; x_wconf 84' lang='lat' dir='ltr'><strong>currere</strong></span> <span class='ocrx_word' id='word_1_666' title='bbox 2148 4925 2240 4961; x_wconf 90' lang='lat' dir='ltr'><strong>co-</strong></span> 
     </span>
    </p>
   </div>
   <div class='ocr_carea' id='block_1_96' title="bbox 721 5009 893 5053">
    <p class='ocr_par' dir='ltr' id='par_1_96' title="bbox 721 5009 893 5053">
     <span class='ocr_line' id='line_1_96' title="bbox 721 5009 893 5053; baseline -0.017 0"><span class='ocrx_word' id='word_1_667' title='bbox 721 5009 893 5053; x_wconf 88' lang='lat' dir='ltr'><strong>natur.</strong></span> 
     </span>
    </p>
   </div>
   <div class='ocr_carea' id='block_1_97' title="bbox 1373 5105 1588 5157">
    <p class='ocr_par' dir='ltr' id='par_1_97' title="bbox 1373 5105 1588 5157">
     <span class='ocr_line' id='line_1_97' title="bbox 1373 5105 1588 5157; baseline -0.005 0"><span class='ocrx_word' id='word_1_668' title='bbox 1373 5105 1444 5157; x_wconf 80' lang='lat' dir='ltr'><strong>De</strong></span> <span class='ocrx_word' id='word_1_669' title='bbox 1491 5107 1588 5157; x_wconf 81' lang='lat' dir='ltr'><strong>ira.</strong></span> 
     </span>
    </p>
   </div>
   <div class='ocr_carea' id='block_1_98' title="bbox 789 5162 2240 5264">
    <p class='ocr_par' dir='ltr' id='par_1_98' title="bbox 789 5162 2240 5264">
     <span class='ocr_line' id='line_1_98' title="bbox 789 5162 2240 5264; baseline -0.001 -16"><span class='ocrx_word' id='word_1_670' title='bbox 789 5198 867 5250; x_wconf 87' lang='lat' dir='ltr'><strong>lra</strong></span> <span class='ocrx_word' id='word_1_671' title='bbox 894 5210 1011 5249; x_wconf 90' lang='lat' dir='ltr'><strong>cum</strong></span> <span class='ocrx_word' id='word_1_672' title='bbox 1039 5191 1204 5246; x_wconf 83' lang='lat' dir='ltr'><strong>semel</strong></span> <span class='ocrx_word' id='word_1_673' title='bbox 1229 5162 1410 5264; x_wconf 73' lang='lat' dir='ltr'><strong>peetus</strong></span> <span class='ocrx_word' id='word_1_674' title='bbox 1432 5194 1718 5262; x_wconf 79' lang='lat' dir='ltr'><strong>obsederit,</strong></span> <span class='ocrx_word' id='word_1_675' title='bbox 1751 5208 1980 5261; x_wconf 83' lang='lat' dir='ltr'><strong>cumque</strong></span> <span class='ocrx_word' id='word_1_676' title='bbox 2027 5207 2240 5247; x_wconf 77' lang='lat' dir='ltr'><strong>exarse-</strong></span> 
     </span>
    </p>
   </div>
   <div class='ocr_carea' id='block_1_99' title="bbox 720 5281 2242 5352">
    <p class='ocr_par' dir='ltr' id='par_1_99' title="bbox 720 5281 2242 5352">
     <span class='ocr_line' id='line_1_99' title="bbox 720 5281 2242 5352; baseline -0.002 -15"><span class='ocrx_word' id='word_1_677' title='bbox 720 5289 809 5344; x_wconf 89' lang='lat' dir='ltr'><strong>rit.</strong></span> <span class='ocrx_word' id='word_1_678' title='bbox 837 5293 1061 5337; x_wconf 84' lang='lat' dir='ltr'><strong>mentem</strong></span> <span class='ocrx_word' id='word_1_679' title='bbox 1085 5284 1235 5335; x_wconf 83' lang='lat' dir='ltr'><strong>i&#39;umo</strong></span> <span class='ocrx_word' id='word_1_680' title='bbox 1252 5281 1506 5345; x_wconf 61' lang='lat' dir='ltr'><strong>obcaecat,</strong></span> <span class='ocrx_word' id='word_1_681' title='bbox 1531 5283 1895 5351; x_wconf 86' lang='lat' dir='ltr'><strong>judiciumque</strong></span> <span class='ocrx_word' id='word_1_682' title='bbox 1922 5285 2242 5352; x_wconf 88' lang='lat' dir='ltr'><strong>corrumpit;</strong></span> 
     </span>
    </p>
   </div>
   <div class='ocr_carea' id='block_1_100' title="bbox 722 5365 2242 5435">
    <p class='ocr_par' dir='ltr' id='par_1_100' title="bbox 722 5365 2242 5435">
     <span class='ocr_line' id='line_1_100' title="bbox 722 5365 2242 5435; baseline 0.001 -16"><span class='ocrx_word' id='word_1_683' title='bbox 722 5384 781 5420; x_wconf 87' lang='lat' dir='ltr'><strong>ac</strong></span> <span class='ocrx_word' id='word_1_684' title='bbox 811 5369 1033 5435; x_wconf 85' lang='lat' dir='ltr'><strong>denique</strong></span> <span class='ocrx_word' id='word_1_685' title='bbox 1052 5365 1254 5420; x_wconf 83' lang='lat' dir='ltr'><strong>lubrica</strong></span> <span class='ocrx_word' id='word_1_686' title='bbox 1269 5365 1462 5418; x_wconf 73' lang='lat' dir='ltr'><strong>omnia</strong></span> <span class='ocrx_word' id='word_1_687' title='bbox 1477 5375 1528 5417; x_wconf 91' lang='lat' dir='ltr'><strong>et</strong></span> <span class='ocrx_word' id='word_1_688' title='bbox 1556 5366 1776 5421; x_wconf 75' lang='lat' dir='ltr'><strong>confusa</strong></span> <span class='ocrx_word' id='word_1_689' title='bbox 1800 5369 1986 5424; x_wconf 83' lang='lat' dir='ltr'><strong>reddit.</strong></span> <span class='ocrx_word' id='word_1_690' title='bbox 2025 5370 2242 5423; x_wconf 84' lang='lat' dir='ltr'><strong>Contur-</strong></span> 
     </span>
    </p>
   </div>
   <div class='ocr_carea' id='block_1_101' title="bbox 787 5542 1266 5612">
    <p class='ocr_par' dir='ltr' id='par_1_101' title="bbox 787 5542 1266 5612">
     <span class='ocr_line' id='line_1_101' title="bbox 787 5542 1266 5612; baseline -0.015 -12"><span class='ocrx_word' id='word_1_691' title='bbox 787 5553 814 5579; x_wconf 74' lang='lat'><strong><em>‘</em></strong></span> <span class='ocrx_word' id='word_1_692' title='bbox 838 5542 908 5599; x_wconf 76' lang='lat' dir='ltr'><strong>IV</strong></span> <span class='ocrx_word' id='word_1_693' title='bbox 940 5544 1062 5612; x_wconf 75' lang='lat' dir='ltr'><strong>Reg.</strong></span> <span class='ocrx_word' id='word_1_694' title='bbox 1099 5559 1146 5606; x_wconf 81' lang='grc' dir='ltr'><strong>ν,</strong></span> <span class='ocrx_word' id='word_1_695' title='bbox 1178 5543 1266 5594; x_wconf 70' lang='grc'><strong>27.</strong></span> 
     </span>
    </p>
   </div>
   <div class='ocr_carea' id='block_1_102' title="bbox 725 5614 932 5673">
    <p class='ocr_par' dir='ltr' id='par_1_102' title="bbox 725 5614 932 5673">
     <span class='ocr_line' id='line_1_102' title="bbox 725 5614 932 5673; baseline 0.034 -14"><span class='ocrx_word' id='word_1_696' title='bbox 725 5622 806 5673; x_wconf 86' lang='grc' dir='ltr'><strong>ιιι,</strong></span> <span class='ocrx_word' id='word_1_697' title='bbox 852 5614 932 5667; x_wconf 60' lang='lat' dir='ltr'><strong>ti.</strong></span> 
     </span>
    </p>
   </div>
   <div class='ocr_carea' id='block_1_103' title="bbox 2338 4464 3878 4538">
    <p class='ocr_par' dir='ltr' id='par_1_103' title="bbox 2338 4464 3878 4538">
     <span class='ocr_line' id='line_1_103' title="bbox 2338 4464 3878 4538; baseline -0.001 -17"><span class='ocrx_word' id='word_1_698' title='bbox 2338 4470 2656 4538; x_wconf 74' lang='grc' dir='ltr'><strong>-γαλοψύχως</strong></span> <span class='ocrx_word' id='word_1_699' title='bbox 2709 4471 2988 4536; x_wconf 73' lang='grc' dir='ltr'><strong>προΐεται*</strong></span> <span class='ocrx_word' id='word_1_700' title='bbox 3039 4471 3071 4538; x_wconf 80' lang='grc' dir='ltr'>ἡ</span> <span class='ocrx_word' id='word_1_701' title='bbox 3128 4470 3209 4533; x_wconf 82' lang='grc' dir='ltr'><strong>δὲ,</strong></span> <span class='ocrx_word' id='word_1_702' title='bbox 3273 4471 3378 4521; x_wconf 81' lang='grc' dir='ltr'><strong>πᾶν</strong></span> <span class='ocrx_word' id='word_1_703' title='bbox 3425 4469 3725 4520; x_wconf 80' lang='grc' dir='ltr'><strong>τούναντίον</strong></span> <span class='ocrx_word' id='word_1_704' title='bbox 3769 4464 3878 4519; x_wconf 74' lang='grc' dir='ltr'><strong>οἶδε</strong></span> 
     </span>
    </p>
   </div>
   <div class='ocr_carea' id='block_1_104' title="bbox 2345 4575 2531 4609">
    <p class='ocr_par' dir='ltr' id='par_1_104' title="bbox 2345 4575 2531 4609">
     <span class='ocr_line' id='line_1_104' title="bbox 2345 4575 2531 4609; baseline 0 -1"><span class='ocrx_word' id='word_1_705' title='bbox 2345 4575 2531 4609; x_wconf 88' lang='grc' dir='ltr'><strong>ποιειν.</strong></span> 
     </span>
    </p>
   </div>
   <div class='ocr_carea' id='block_1_105' title="bbox 2415 4630 3881 4713">
    <p class='ocr_par' dir='ltr' id='par_1_105' title="bbox 2415 4630 3881 4713">
     <span class='ocr_line' id='line_1_105' title="bbox 2415 4630 3881 4713; baseline -0.001 -17"><span class='ocrx_word' id='word_1_706' title='bbox 2415 4646 2525 4696; x_wconf 80' lang='grc' dir='ltr'><strong>Οὐκ</strong></span> <span class='ocrx_word' id='word_1_707' title='bbox 2558 4643 2788 4710; x_wconf 70' lang='grc' dir='ltr'><strong>ἐκλείψει</strong></span> <span class='ocrx_word' id='word_1_708' title='bbox 2841 4630 3055 4711; x_wconf 66' lang='grc' dir='ltr'><strong>κῦματα</strong></span> <span class='ocrx_word' id='word_1_709' title='bbox 3092 4645 3349 4713; x_wconf 69' lang='grc' dir='ltr'><strong>θαλάσσῃ,</strong></span> <span class='ocrx_word' id='word_1_710' title='bbox 3396 4643 3514 4695; x_wconf 70' lang='grc' dir='ltr'><strong>οὐδὲ</strong></span> <span class='ocrx_word' id='word_1_711' title='bbox 3562 4642 3881 4713; x_wconf 83' lang='grc' dir='ltr'><strong>φιλαργὺρῳ</strong></span> 
     </span>
    </p>
   </div>
   <div class='ocr_carea' id='block_1_106' title="bbox 2346 4733 2850 4803">
    <p class='ocr_par' dir='ltr' id='par_1_106' title="bbox 2346 4733 2850 4803">
     <span class='ocr_line' id='line_1_106' title="bbox 2346 4733 2850 4803; baseline -0.002 -16"><span class='ocrx_word' id='word_1_712' title='bbox 2346 4735 2501 4803; x_wconf 74' lang='grc' dir='ltr'><strong>ὀργαὶ</strong></span> <span class='ocrx_word' id='word_1_713' title='bbox 2537 4733 2626 4785; x_wconf 76' lang='grc' dir='ltr'><strong>καὶ</strong></span> <span class='ocrx_word' id='word_1_714' title='bbox 2663 4733 2850 4786; x_wconf 83' lang='grc' dir='ltr'><strong>λῦπαι.</strong></span> 
     </span>
    </p>
   </div>
   <div class='ocr_carea' id='block_1_107' title="bbox 2417 4820 3880 4892">
    <p class='ocr_par' dir='ltr' id='par_1_107' title="bbox 2417 4820 3880 4892">
     <span class='ocr_line' id='line_1_107' title="bbox 2417 4820 3880 4892; baseline 0.001 -18"><span class='ocrx_word' id='word_1_715' title='bbox 2417 4823 2744 4892; x_wconf 81' lang='grc' dir='ltr'><strong>Φιλάργυρος</strong></span> <span class='ocrx_word' id='word_1_716' title='bbox 2791 4822 2866 4883; x_wconf 89' lang='grc' dir='ltr'><strong>είς</strong></span> <span class='ocrx_word' id='word_1_717' title='bbox 2910 4820 3131 4888; x_wconf 78' lang='grc' dir='ltr'><strong>οὐρανὸν</strong></span> <span class='ocrx_word' id='word_1_718' title='bbox 3184 4820 3557 4889; x_wconf 76' lang='grc' dir='ltr'><strong>ἐπειγόμενος,</strong></span> <span class='ocrx_word' id='word_1_719' title='bbox 3608 4821 3746 4874; x_wconf 75' lang='grc' dir='ltr'><strong>ἔοικε</strong></span> <span class='ocrx_word' id='word_1_720' title='bbox 3787 4823 3880 4875; x_wconf 85' lang='grc' dir='ltr'><strong>δε-</strong></span> 
     </span>
    </p>
   </div>
   <div class='ocr_carea' id='block_1_108' title="bbox 2349 4908 3880 4980">
    <p class='ocr_par' dir='ltr' id='par_1_108' title="bbox 2349 4908 3880 4980">
     <span class='ocr_line' id='line_1_108' title="bbox 2349 4908 3880 4980; baseline 0 -17"><span class='ocrx_word' id='word_1_721' title='bbox 2349 4912 2614 4980; x_wconf 83' lang='grc' dir='ltr'><strong>σμήσαντι</strong></span> <span class='ocrx_word' id='word_1_722' title='bbox 2658 4910 2778 4970; x_wconf 76' lang='grc' dir='ltr'><strong>τοὺς</strong></span> <span class='ocrx_word' id='word_1_723' title='bbox 2826 4908 2985 4960; x_wconf 76' lang='grc' dir='ltr'><strong>αὑτοῦ</strong></span> <span class='ocrx_word' id='word_1_724' title='bbox 3035 4908 3195 4970; x_wconf 78' lang='grc' dir='ltr'><strong>πόδας</strong></span> <span class='ocrx_word' id='word_1_725' title='bbox 3251 4909 3341 4961; x_wconf 81' lang='grc' dir='ltr'><strong>καὶ</strong></span> <span class='ocrx_word' id='word_1_726' title='bbox 3384 4912 3697 4980; x_wconf 80' lang='grc' dir='ltr'><strong>πειρωμένῳ</strong></span> <span class='ocrx_word' id='word_1_727' title='bbox 3743 4914 3880 4980; x_wconf 81' lang='grc' dir='ltr'><strong>δρα-</strong></span> 
     </span>
    </p>
   </div>
   <div class='ocr_carea' id='block_1_109' title="bbox 2351 5002 2488 5066">
    <p class='ocr_par' dir='ltr' id='par_1_109' title="bbox 2351 5002 2488 5066">
     <span class='ocr_line' id='line_1_109' title="bbox 2351 5002 2488 5066; baseline 0.007 -15"><span class='ocrx_word' id='word_1_728' title='bbox 2351 5002 2488 5066; x_wconf 87' lang='grc' dir='ltr'><strong>μεῖν.</strong></span> 
     </span>
    </p>
   </div>
   <div class='ocr_carea' id='block_1_110' title="bbox 2923 5103 3286 5170">
    <p class='ocr_par' dir='ltr' id='par_1_110' title="bbox 2923 5103 3286 5170">
     <span class='ocr_line' id='line_1_110' title="bbox 2923 5103 3286 5170; baseline 0.006 -15"><span class='ocrx_word' id='word_1_729' title='bbox 2923 5103 3056 5170; x_wconf 84' lang='grc' dir='ltr'><strong>Περὶ</strong></span> <span class='ocrx_word' id='word_1_730' title='bbox 3086 5103 3286 5170; x_wconf 63' lang='grc' dir='ltr'><strong>ὀργῆς.</strong></span> 
     </span>
    </p>
   </div>
   <div class='ocr_carea' id='block_1_111' title="bbox 2423 5190 3881 5261">
    <p class='ocr_par' dir='ltr' id='par_1_111' title="bbox 2423 5190 3881 5261">
     <span class='ocr_line' id='line_1_111' title="bbox 2423 5190 3881 5261; baseline -0.002 -15"><span class='ocrx_word' id='word_1_731' title='bbox 2423 5197 2482 5246; x_wconf 82' lang='grc' dir='ltr'><strong>Ἦ</strong></span> <span class='ocrx_word' id='word_1_732' title='bbox 2516 5193 2648 5261; x_wconf 77' lang='grc' dir='ltr'><strong>ὀργὴ</strong></span> <span class='ocrx_word' id='word_1_733' title='bbox 2675 5190 3073 5260; x_wconf 76' lang='grc' dir='ltr'><strong>περικαθημένη</strong></span> <span class='ocrx_word' id='word_1_734' title='bbox 3107 5193 3201 5261; x_wconf 78' lang='grc' dir='ltr'><strong>τὴν</strong></span> <span class='ocrx_word' id='word_1_735' title='bbox 3239 5191 3459 5260; x_wconf 87' lang='grc' dir='ltr'><strong>καρδίαν</strong></span> <span class='ocrx_word' id='word_1_736' title='bbox 3497 5194 3588 5245; x_wconf 67' lang='grc' dir='ltr'><strong>καὶ</strong></span> <span class='ocrx_word' id='word_1_737' title='bbox 3621 5193 3881 5244; x_wconf 80' lang='grc' dir='ltr'><strong>ἀνακαιο-</strong></span> 
     </span>
    </p>
   </div>
   <div class='ocr_carea' id='block_1_112' title="bbox 2349 5271 3880 5351">
    <p class='ocr_par' dir='ltr' id='par_1_112' title="bbox 2349 5271 3880 5351">
     <span class='ocr_line' id='line_1_112' title="bbox 2349 5271 3880 5351; baseline -0.001 -17"><span class='ocrx_word' id='word_1_738' title='bbox 2349 5271 2504 5351; x_wconf 86' lang='grc' dir='ltr'><strong>μένη,</strong></span> <span class='ocrx_word' id='word_1_739' title='bbox 2541 5280 2729 5346; x_wconf 86' lang='grc' dir='ltr'><strong>τυφλοί</strong></span> <span class='ocrx_word' id='word_1_740' title='bbox 2760 5278 2846 5330; x_wconf 81' lang='grc' dir='ltr'><strong>τὸν</strong></span> <span class='ocrx_word' id='word_1_741' title='bbox 2875 5279 2994 5330; x_wconf 84' lang='grc' dir='ltr'>νοῦν</span> <span class='ocrx_word' id='word_1_742' title='bbox 3027 5280 3099 5348; x_wconf 81' lang='grc' dir='ltr'><strong>τῷ</strong></span> <span class='ocrx_word' id='word_1_743' title='bbox 3148 5281 3353 5349; x_wconf 83' lang='grc' dir='ltr'><strong>καπνῷ,</strong></span> <span class='ocrx_word' id='word_1_744' title='bbox 3385 5280 3478 5332; x_wconf 76' lang='grc' dir='ltr'><strong>καὶ</strong></span> <span class='ocrx_word' id='word_1_745' title='bbox 3526 5280 3730 5350; x_wconf 77' lang='grc' dir='ltr'><strong>φθείρει</strong></span> <span class='ocrx_word' id='word_1_746' title='bbox 3776 5281 3880 5350; x_wconf 75' lang='grc' dir='ltr'><strong>τὴν</strong></span> 
     </span>
    </p>
   </div>
   <div class='ocr_carea' id='block_1_113' title="bbox 2345 5367 3881 5439">
    <p class='ocr_par' dir='ltr' id='par_1_113' title="bbox 2345 5367 3881 5439">
     <span class='ocr_line' id='line_1_113' title="bbox 2345 5367 3881 5439; baseline 0.001 -19"><span class='ocrx_word' id='word_1_747' title='bbox 2345 5370 2609 5438; x_wconf 74' lang='grc' dir='ltr'><strong>διάκρισιν</strong></span> <span class='ocrx_word' id='word_1_748' title='bbox 2636 5385 2647 5397; x_wconf 72' lang='grc'><strong><em>⁸</em></strong></span> <span class='ocrx_word' id='word_1_749' title='bbox 2685 5367 2776 5418; x_wconf 73' lang='grc' dir='ltr'><strong>καὶ</strong></span> <span class='ocrx_word' id='word_1_750' title='bbox 2805 5367 2983 5419; x_wconf 73' lang='grc' dir='ltr'><strong>λοιπον</strong></span> <span class='ocrx_word' id='word_1_751' title='bbox 3020 5367 3252 5436; x_wconf 79' lang='grc' dir='ltr'><strong>σφαλερά</strong></span> <span class='ocrx_word' id='word_1_752' title='bbox 3301 5372 3472 5424; x_wconf 76' lang='grc' dir='ltr'><strong>πάντα</strong></span> <span class='ocrx_word' id='word_1_753' title='bbox 3504 5371 3734 5439; x_wconf 81' lang='grc' dir='ltr'><strong>πράττει</strong></span> <span class='ocrx_word' id='word_1_754' title='bbox 3782 5371 3881 5424; x_wconf 75' lang='grc' dir='ltr'><strong>καὶ</strong></span> 
     </span>
    </p>
   </div>
   <div class='ocr_carea' id='block_1_114' title="bbox 1337 5542 2239 5623">
    <p class='ocr_par' dir='ltr' id='par_1_114' title="bbox 1337 5542 2234 5623">
     <span class='ocr_line' id='line_1_114' title="bbox 1337 5542 2234 5623; baseline 0.003 -30"><span class='ocrx_word' id='word_1_755' title='bbox 1337 5551 1356 5571; x_wconf 82' lang='grc'><strong>⁸</strong></span> <span class='ocrx_word' id='word_1_756' title='bbox 1391 5542 1581 5596; x_wconf 86' lang='lat' dir='ltr'><strong>Matth.</strong></span> <span class='ocrx_word' id='word_1_757' title='bbox 1611 5558 1778 5606; x_wconf 81' lang='lat' dir='ltr'><strong>xxvn,</strong></span> <span class='ocrx_word' id='word_1_758' title='bbox 1800 5544 1848 5597; x_wconf 88' lang='lat'><strong>5.</strong></span> <span class='ocrx_word' id='word_1_759' title='bbox 1922 5556 1954 5623; x_wconf 53' lang='grc' dir='ltr'><strong>ιι</strong></span> <span class='ocrx_word' id='word_1_760' title='bbox 1997 5547 2115 5599; x_wconf 84' lang='lat' dir='ltr'><strong>Act.</strong></span> <span class='ocrx_word' id='word_1_761' title='bbox 2136 5544 2234 5606; x_wconf 79' lang='lat' dir='ltr'><strong>v.6</strong></span> 
     </span>
    </p>
   </div>
   <div class='ocr_carea' id='block_1_115' title="bbox 2343 5542 3872 5623">
    <p class='ocr_par' dir='ltr' id='par_1_115' title="bbox 2417 5543 3872 5612">
     <span class='ocr_line' id='line_1_115' title="bbox 2417 5543 3872 5612; baseline 0.001 -17"><span class='ocrx_word' id='word_1_762' title='bbox 2417 5556 2442 5592; x_wconf 73' lang='grc' dir='ltr'><strong>ιι</strong></span> <span class='ocrx_word' id='word_1_763' title='bbox 2480 5545 2602 5600; x_wconf 86' lang='lat' dir='ltr'><strong>Luc.</strong></span> <span class='ocrx_word' id='word_1_764' title='bbox 2651 5564 2744 5612; x_wconf 73' lang='lat' dir='ltr'><strong>xu,</strong></span> <span class='ocrx_word' id='word_1_765' title='bbox 2787 5548 2875 5601; x_wconf 61' lang='grc' dir='ltr'><strong>ρο.</strong></span> <span class='ocrx_word' id='word_1_766' title='bbox 2956 5557 2977 5583; x_wconf 76' lang='grc' dir='ltr'><strong><em>τ</em></strong></span> <span class='ocrx_word' id='word_1_767' title='bbox 3011 5547 3047 5598; x_wconf 96' lang='lat' dir='ltr'><strong>ll</strong></span> <span class='ocrx_word' id='word_1_768' title='bbox 3081 5549 3267 5601; x_wconf 75' lang='lat' dir='ltr'><strong>Thess.</strong></span> <span class='ocrx_word' id='word_1_769' title='bbox 3305 5561 3384 5606; x_wconf 88' lang='grc' dir='ltr'><strong>ιιι,</strong></span> <span class='ocrx_word' id='word_1_770' title='bbox 3417 5544 3497 5597; x_wconf 83' lang='lat' dir='ltr'><strong>l0.</strong></span> <span class='ocrx_word' id='word_1_771' title='bbox 3546 5553 3597 5582; x_wconf 78' lang='grc' dir='ltr'><strong>ὀ</strong></span> <span class='ocrx_word' id='word_1_772' title='bbox 3642 5543 3872 5612; x_wconf 78' lang='lat' dir='ltr'><strong>Philipp.</strong></span> 
     </span>
    </p>
   </div>
  </div>
