4122 6338
151 504 289 571 1’353

1413 524 1507 582 DE
1541 519 1742 587 iOCTO
1779 526 2025 584 ViTIlS.

3161 549 3292 613 1454

149 621 544 689 συγκεχυμένα.
615 624 924 694 Ὲταρὰχθη
958 627 1084 697 γάρ.
1120 630 1300 698 φησὶν,
1335 631 1449 684 ἀπὸ
1487 632 1671 698 θυμοῦ
1700 636 1740 689 Α
1775 659 1777 679 ι

1665 632 1671 670 ἱ
1700 636 1740 689 Α
1775 632 1920 685 batus
1945 645 2020 686 est
2050 638 2213 698 enim,
2243 639 2427 708 inquit,
2463 644 2526 694 ab
2550 644 2628 698 ira
2655 649 2834 702 oculus
2868 667 3004 704 meus
3036 657 3072 707 ί.
3103 655 3160 708 Et
3195 659 3293 712 ite.

141 708 173 756 ό
219 707 521 777 ὀφθαλμός
543 729 678 778 μου.
736 715 842 767 Καὶ
897 714 1081 778 αὖθις·
1114 719 1304 785 Θυμὸς
1350 718 1418 770 ἐν
1472 721 1671 781 κόλπῳ

127 793 418 860 ’ἀφρόνων
437 799 741 858 αὐλίζεται.
786 804 894 856 Καὶ
939 807 1084 872 μισεί
1134 806 1192 858 τὸ
1221 806 1442 859 δίκαιον.
1500 808 1669 875 Ὀργὴ

136 882 283 951 γάρ,
318 889 496 954 φησὶν,
535 889 766 956 ἀνδρὸς,
822 893 1206 960 δικαιοσύνην
1245 897 1387 948 Θεοῦ
1421 898 1490 948 οὐ
1533 915 1670 949 κατ·

135 966 435 1032 ερτάζεται
485 972 546 1025 ’³.
589 977 694 1027 Καὶ
747 979 1056 1047 ἀσχημονεῖ.
1127 981 1300 1046 Ἀνὴρ
1347 983 1472 1052 γὰρ.
1517 986 1666 1050 φησὶ.

134 1054 432 1121 θυμώδης,
478 1061 587 1112 οὐκ
621 1063 954 1129 εὐσχήμων.
990 1069 1115 1118 ,Καὶ
1172 1068 1438 1130 τοσούτοις
1484 1075 1669 1132 κακοῖς

133 1141 513 1198 ὑποϐάλλουσα
539 1150 625 1200 τὸν
647 1151 935 1216 ἑαλωκότα,
960 1155 1200 1218 ἐλεεινῶς
1221 1159 1525 1227 ἁποθηριοί.
1551 1160 1667 1229 Χρὴ

131 1229 318 1280 τοίνυν
350 1234 622 1303 πραότητα
665 1238 1036 1305 μεταδιώκειν,
1072 1247 1163 1295 καὶ
1208 1246 1507 1316 ἀταράχους
1546 1250 1668 1300 ἐαυ-

131 1318 268 1379 τοὺς
310 1320 592 1391 διατηρεῖν,
627 1328 683 1378 ἐν
726 1330 801 1396 τῷ
848 1331 1181 1399 διορθοῦσθαι
1227 1336 1315 1386 τὸν
1349 1337 1662 1407 πλημμελή-

134 1420 341 1456 σαντα’
379 1412 583 1478 μήποτε
618 1413 701 1465 διὰ
741 1415 1048 1484 Θεραπείας.
1098 1422 1246 1473 νόσον
1289 1425 1658 1492 ἐπισπώμεθα.

146 1493 476 1560 Ὀρτίζεσθε
506 1501 630 1568 γάρ,
663 1507 813 1572 φησι,
866 1509 958 1559 καὶ
1000 1509 1082 1575 μὴ
1129 1512 1501 1577 ἁμαρτάνετε·
1548 1515 1667 1578 Πῶς

128 1579 172 1629 δ’
209 1580 278 1631 ἄν
300 1599 378 1643 τις
407 1585 768 1656 ὀργιζόμενος.
798 1594 891 1660 οὐχ
921 1595 1254 1665 ἁμαρτήσει;
1301 1599 1361 1650 Et
1395 1603 1530 1654 κατὰ
1554 1603 1660 1653 τῶν

137 1669 289 1721 ίδίων
319 1672 588 1740 ὀργίζεται
620 1678 842 1732 πάντοτε
864 1683 1068 1744 παθῶν,
1099 1687 1188 1736 καὶ
1215 1689 1278 1755 τῇ
1296 1688 1484 1739 ἐαυτοῦ
1501 1690 1667 1758 ῥαθυ-

131 1757 238 1824 μίᾳ.
263 1762 359 1820 τὰς
374 1761 547 1823 αἰτίας
564 1764 660 1832 τῆς
676 1766 839 1834 ὀργῆς
865 1769 1236 1838 ἐπιγράφεται.
1257 1773 1318 1826 Εἰ
1334 1775 1387 1826 δέ
1417 1757 1553 1829 κατὰ
1570 1776 1663 1829 τοῦ

131 1844 364 1912 πλησίον
415 1851 807 1921 ἐκκινηθῶμεν,
844 1854 979 1910 ἀλλὰ
1020 1861 1224 1928 ταχέως
1273 1863 1656 1933 διαλλαγῶμεν.

1775 735 1889 772 rum
1917 740 1929 774 :
1957 721 2046 775 Ira
2076 728 2128 778 in
2150 730 2263 779 sinu
2294 731 2567 784 stultorum
2617 747 2786 789 mouet
2811 751 2856 791 α.
2881 742 3050 808 Atque
3081 745 3128 795 id
3151 749 3289 814 quod

1765 807 1968 874 justum
2003 821 2080 865 est
2117 813 2237 866 odio
2265 815 2434 868 habet.
2468 818 2559 871 Ira
2606 823 2767 884 enim,
2804 807 2992 894 inquit,
3019 833 3114 882 tiri
3141 833 3293 893 iusti-

1771 895 1897 944 tiam
1945 895 2039 946 Dei
2070 913 2170 949 non
2208 912 2449 967 operatur
2486 913 2532 967 ν,
2579 917 2630 960 et
2659 911 2900 964 indecore
2929 928 2984 965 se
3016 918 3161 980 gerit.
3205 920 3293 972 Vir

1768 976 1931 1039 enim,
1970 979 2158 1048 inquit,
2187 985 2485 1050 iracundus,
2518 991 2729 1046 decorus
2755 1012 2854 1049 non
2883 1010 2954 1050 est
2983 1009 3027 1054 ι.
3055 1004 3293 1075 Cumque

1772 1062 1820 1113 in
1850 1073 1928 1116 tot
1952 1081 2013 1119 ac
2037 1077 2184 1121 tanta
2218 1073 2348 1124 mala
2384 1089 2503 1127 eum
2553 1093 2708 1144 quem
2741 1087 2902 1137 semel
2942 1089 3131 1144 invasit
3165 1110 3292 1146 cou-

1763 1149 1934 1217 jiciat,
1964 1156 2317 1211 miserandum
2361 1163 2410 1213 in
2444 1167 2654 1219 modum
2690 1170 2860 1236 ipsum
2889 1175 3089 1231 cil‘erat.
3129 1181 3293 1250 Opor-

1768 1244 1838 1288 tet
1876 1253 2004 1307 ergo
2034 1249 2491 1302 mansuetudinem
2518 1259 2833 1319 consectari,
2864 1276 3066 1329 nosque
3087 1268 3153 1319 ab
3175 1285 3292 1321 om-

1769 1324 1820 1375 ni
1845 1330 2237 1390 perturbatiOne
2265 1351 2424 1402 puros
2455 1352 2790 1405 conservare,
2817 1349 3023 1412 quoties
3059 1353 3288 1421 aliquem

1770 1413 1859 1481 qui
1907 1415 2123 1485 deliquit
2169 1425 2514 1492 corrigimus;
2552 1443 2619 1482 ne
2661 1429 2796 1486 forte
2838 1450 2930 1502 per
2976 1413 3288 1497 medicinam

1766 1501 2011 1568 morbum
2041 1509 2439 1567 contrahamus.
2468 1513 2767 1570 Irascimini
2807 1501 2968 1586 enim,
3003 1527 3191 1594 inquit,
3239 1539 3290 1583 et

1765 1587 1921 1639 nolite
1948 1605 2157 1656 peccare
2179 1602 2227 1647 γ.
2256 1596 2322 1650 Αι
2346 1601 2432 1666 qui
2462 1601 2574 1654 fieri
2602 1615 2790 1670 potest,
2821 1617 2877 1661 ut
2917 1611 3036 1678 quis
3069 1587 3289 1669 succen4

1765 1678 1930 1730 sendo
1961 1695 2063 1733 non
2104 1686 2328 1749 peccet?
2369 1687 2628 1744 Nimirum
2655 1693 2700 1747 si
2739 1697 2991 1754 adversus
3029 1704 3151 1755 vitia
3190 1721 3288 1758 sua

1761 1778 1969 1832 semper
2003 1769 2279 1837 irascatur,
2323 1787 2480 1846 atque
2529 1781 2815 1839 iracundia:
2840 1802 3028 1843 causas
3057 1795 3286 1849 ascribat

1762 1865 1872 1906 sua:
1899 1855 2068 1923 ipsius
2110 1865 2388 1919 socordiae.
2427 1870 2575 1932 Quod
2619 1875 2663 1927 si
2704 1877 2955 1933 adversus
2987 1884 3282 1950 proximum

127 1930 441 2001 Γέγραπται
491 1939 630 2006 γάρ·
705 1942 764 1995 ’0
811 1945 979 2010 ἥλιος
1012 1927 1659 2023 μὴιπιδυέτωιπίτῷ
1690 1927 1733 1986 Β

2436 1927 2467 1932 __
2710 1927 2715 1928 ,
2758 1927 2953 1933 ,,-____
2987 1927 3280 1950 ,,-ν-....,....

1652 1975 1659 2002 ,
1690 1927 1733 1986 Β
1763 1947 2080 1998 commoveri
2111 1965 2208 2003 nos
2243 1957 2539 2024 contigerit,
2566 1971 2618 2013 at
2649 1972 2790 2017 certe
2820 1965 2870 2018 in
2910 1970 3129 2034 gratiam
3161 1986 3280 2023 cum

127 2021 513 2089 παροργισμῷ
552 2025 730 2092 ὑμῶν.
765 2031 869 2080 Καὶ
899 2031 1085 2083 πάλινο
1117 2033 1210 2100 Μὴ
1245 2021 1512 2102 puniam-
1555 2039 1659 2089 τὸν

126 2106 393 2173 ἀδελφόν
419 2124 531 2165 σου
559 2113 628 2165 ἐν
652 2114 724 2180 τῇ
755 2116 957 2183 καρδίᾳ
982 2133 1114 2174 σου.
1313 2128 1316 2130 ⁷

216 2278 469 2352 Ὀμίχλης
496 2285 732 2340 suam.
891 2306 918 2340 ,τ

128 2382 309 2435 νησις,
337 2369 549 2438 ὀργίλου
581 2374 812 2429 διάνοιλσ.⁷

213 2455 456 2523 Ὀργίλου
485 2460 624 2523 νοῦς,
662 2465 807 2532 πηγὴ
839 2473 1232 2541 τεταραγμένη,
1281 2476 1426 2544 νᾶμα
1462 2493 1653 2546 κεκτη-

126 2541 267 2609 μένη
300 2545 652 2614 τεθολωμένον
685 2552 778 2604 καὶ
804 2556 1086 2623 ἄχρηστον.

213 2628 369 2699 Ἀνὴρ
403 2635 590 2700 σεμνὸς
645 2639 862 2707 αἰσχρὸν
888 2643 1277 2714 ἀποστρέφεται
1295 2650 1651 2718 καταγώγιον,

121 2720 219 2770 καὶ
245 2721 273 2771 ὀ
307 2720 452 2783 Θεὸς,
483 2722 693 2791 ὀργίλου
736 2727 974 2795 καρδίαν.
1190 2731 1198 2738 ’

197 2810 413 2871 Καπνὸς
439 2812 742 2882 ὀφθαλμοὺς
767 2818 1044 2886 ταράσσει,
1077 2823 1168 2874 καὶ
1201 2823 1336 2894 ὀργὴ
1363 2843 1654 2897 προσευχο-

125 2894 290 2961 μένου
316 2895 508 2964 ψυχήν.

210 2981 448 3049 Ὀργίλου
480 2985 741 3055 λογισμοὶ,
786 2990 993 3059 ἐχίδνης
1034 2996 1363 3065 γεννήματα,
1407 3000 1498 3053 καὶ
1524 3018 1654 3055 κατ-

120 3067 358 3121 εσθίουσι
390 3071 484 3140 τὴν
518 3076 847 3143 γεννήσασαν
870 3080 1063 3143 αὐτοὺς
1092 3084 1352 3152 καρδίαν.’

195 3157 316 3209 Τῶν
343 3161 436 3228 ὀργ
449 3161 568 3215 ίλων
593 3167 968 3234 τεταραγμένα
1002 3171 1093 3222 καὶ
1119 3174 1288 3242 μεστά
1311 3175 1560 3246 δείματος
1584 3178 1651 3233 τὰ

116 3241 366 3298 ἐνύπνια.
1115 3293 1125 3307 .

199 3330 265 3383 ⁷0
316 3333 483 3399 ἥλιος
509 3337 589 3400 μὴ
627 3337 924 3404 ἐπιδυέτω,
981 3346 1162 3412 φησιν,
1187 3347 1283 3400 ἐπὶ
1314 3348 1393 3413 τῷ
1439 3367 1651 3420 παρορ-

118 3417 314 3486 γισμῷ
356 3420 551 3487 ὑμῶν’
588 3423 672 3474 ἴνα
707 3425 778 3495 μὴ
804 3426 1013 3497 νύκτωρ
1046 3431 1356 3494 ἐπιστάντες
1383 3435 1431 3485 οἱ
1469 3417 1650 3502 δαίμο-

117 3521 207 3565 νες
241 3507 572 3575 ἐκταράξωσι
601 3509 694 3578 τὴν
729 3513 901 3580 ψυχὴν
940 3513 1029 3565 διὰ
1054 3515 1292 3584 φοϐερῶν
1336 3523 1650 3590 φαντασμά-

115 3611 262 3646 τωνο
297 3596 358 3646 ἐκ
388 3597 478 3650 τοῦ
514 3597 682 3666 θυμοῦ
720 3601 824 3667 γάρ
867 3601 1033 3654 ταῦτα
1075 3603 1342 3669 γίνονταιο
1377 3609 1470 3662 καὶ
1511 3612 1649 3664 οὕτω

115 3682 421 3752 δειλοτέραν
466 3685 597 3753 πρὸς
645 3687 730 3739 τὸν
775 3688 1004 3757 πόλεμον
1048 3693 1381 3760 ἐργάσωνται
1424 3699 1645 3771 ταύτην.

189 3770 448 3824 Πλειόνων
494 3775 659 3826 δεῖται
704 3780 999 3848 φαρμάκων
1052 3784 1080 3833 6
1130 3784 1296 3851 θυμὸς
1354 3789 1502 3857 παρὰ
1550 3790 1648 3859 τὴν

114 3857 428 3928 ἐπιθυμίαν.
478 3861 780 3933 Βιαιότερος
823 3870 928 3936 γάρ
983 3872 1094 3921 ἐστι
1150 3873 1240 3922 καὶ
1291 3857 1646 3928 δυσκαθεκτύ-

115 3957 291 4006 τερος.

185 4033 489 4102 Χείμαῤῥος
530 4036 942 4108 πλημμυρήσας,
986 4044 1284 4113 παρασύρει
1317 4047 1377 4099 τὸ
1416 4065 1643 4118 προστυ-

110 4121 207 4187 χόν
227 4136 240 4150 ο
272 4122 362 4171 καὶ
395 4123 560 4189 Θυμὺς
586 4125 864 4191 ἀναζέσας,
901 4133 1191 4201 κατασύρει
1216 4135 1466 4190 διάνοιαν.

190 4211 252 4259 Oi
286 4209 461 4276 θυμοὶ,
511 4213 751 4286 καθάπερ
784 4219 831 4268 ol
877 4218 1053 4284 κύνες,
1094 4223 1265 4290 τυφλά
1295 4227 1531 4281 τίκτουσι
1575 4230 1639 4282 τὰ

106 4298 353 4364 νοήματα
380 4300 475 4366 (9).

193 4385 380 4454 Ὀργὴ,
423 4390 601 4461 μήτηρ
634 4396 845 4462 μανίας,
877 4399 1218 4469 ύπερζέσασα
1239 4403 1465 4471 γίνεται.

956 2295 1199 2364 παχύνει,
1236 2299 1325 2348 καὶ
1377 2297 1544 2368 Θυμοῦ
1575 2301 1657 2352 κί-

685 4508 818 4572 Περὶ
849 4511 1062 4574 λύπης.

181 4584 344 4637 Ὅταν
371 4588 430 4639 τὸ
454 4591 682 4659 πονηρὸν
702 4595 913 4662 πνεῦμα
941 4598 1038 4665 τῆς
1057 4599 1228 4670 λύπης
1254 4605 1633 4676 περιδράξηται

104 4675 208 4740 τῆς
237 4673 430 4744 ψυχῆς,
460 4679 583 4748 ὃλην
615 4681 709 4750 τὴν
740 4684 980 4736 εὐτονίαν
1009 4688 1173 4757 αὐτῆς
1209 4692 1302 4743 καὶ
1345 4673 1633 4766 καρτερίαν

104 4762 394 4829 παραλύει,
430 4767 521 4817 καὶ
562 4770 812 4835 σκοτίζει,
845 4776 933 4825 καὶ
962 4780 1248 4845 καταφέρει
1276 4782 1368 4834 καὶ
1399 4785 1632 4838 καταϐα-

183 4934 200 4997 t
248 4929 388 4984 Psal.
419 4949 546 4997 xxx,
586 4937 668 4990 10.

105 5007 129 5034 ι
166 4995 335 5050 Levit.
369 5015 477 5064 xix,
505 4995 588 5054 1'7.

741 4951 765 4976 ιι
788 4939 959 4995 Eccle.
992 4959 1088 5005 ινιῖ,
1112 4944 1192 4998 to.
1265 4955 1288 4982 '
1317 4949 1426 5003 Jac.
1456 4967 1491 5014 ι,
1520 4953 1608 5005 20.
1684 4968 1711 4996 ι
1744 4955 2146 5025 Prov.nw,2i.
2209 4976 2234 5013 1
2284 4969 2369 5022 Ps:

1004 4944 1192 5005 “3,10.
1265 4955 1288 4982 '
1317 4949 1426 5003 Jac.
1456 4967 1491 5014 ι,
1520 4953 1608 5005 20.
1684 4968 1711 4996 ι
1744 4955 2146 5025 Prov.nvr,2i.
2209 4976 2234 5013 1
2284 4969 2424 5023 Psal.
2481 4987 2550 5032 tv,
2583 4975 2632 5025 5.

1759 2028 1854 2082 illo
1888 2032 2164 2087 confestim
2205 2040 2503 2097 redeamus.
2547 2047 2810 2116 Scriptum
2840 2067 2920 2106 est
2966 2059 3104 2109 enim
3137 2076 3150 2111 :
3189 2059 3284 2113 Sol

1755 2134 1855 2170 non
1880 2124 2080 2176 occidat
2109 2143 2259 2194 super
2290 2131 2609 2187 iracundiam
2639 2147 2858 2191 restrain
2885 2151 2928 2193 ι.
2962 2143 3026 2198 Et
3057 2160 3276 2201 rursus:

1759 2206 1877 2262 Non
1905 2214 2070 2266 oderis
2101 2215 2314 2281 fratrem
2344 2231 2487 2272 tuum
2515 2225 2567 2275 in
2594 2229 2743 2279 corde
2765 2239 2851 2281 tuo
2875 2243 2922 2283 ι.

1823 2293 2034 2352 Nebulae
2064 2313 2282 2357 exortus
2319 2320 2491 2361 aerem
2537 2312 2859 2380 condensat,
2892 2325 2945 2368 et
2996 2318 3280 2375 iracundiae

1752 2383 2016 2449 excitatio,
2047 2387 2282 2443 iracundi
2314 2403 2562 2449 mentem.

1820 2471 2065 2530 iracundi
2099 2494 2248 2534 mens
2279 2483 2396 2536 fons
2428 2495 2508 2539 est
2538 2487 2800 2552 turbidus,
2833 2494 2924 2561 qui
2957 2496 3158 2552 obtinet
3195 2499 3271 2553 la-

1757 2561 1912 2615 ticem
1940 2557 2212 2621 caenosum
2240 2581 2291 2624 et
2323 2571 2580 2630 inutilem.

1822 2651 1914 2705 Vir
1957 2655 2210 2711 honestus
2249 2668 2301 2712 et
2360 2664 2535 2730 gravis
2595 2667 2880 2722 obscenum
2928 2673 3276 2730 diversorium

1752 2750 2030 2794 aversatur
2056 2760 2071 2795 :
2103 2745 2225 2797 item
2255 2747 2413 2812 Deus,
2445 2765 2534 2803 cor
2559 2752 2816 2810 iracundi.

1824 2821 1894 2880 Ut
1933 2827 2112 2885 fumus
2141 2833 2322 2889 oculos
2355 2839 2552 2903 turbat,
2597 2841 2675 2895 sic
2730 2843 2828 2908 ira,
2872 2851 3134 2914 precantis
3156 2853 3275 2907 ani-

1822 3004 2066 3059 iracundi
2106 3009 2472 3078 cogitationes,
2519 3018 2708 3085 vipera:
2765 3025 3052 3091 genimina,
3098 3039 3150 3084 et
3183 3047 3276 3086 cor

1751 3093 1892 3160 quod
1917 3109 2006 3148 eas
2043 3099 2242 3164 peperit
2262 3102 2506 3157 erodunt.

1821 3181 2200 3241 lracundorum
2231 3193 2537 3259 perturbata
2565 3204 2618 3249 et
2645 3211 2761 3251 cum
2810 3206 3011 3259 terrore
3053 3207 3276 3277 conjun-

1747 3276 1830 3322 cta
1853 3282 1977 3326 sunt
2005 3277 2234 3330 somnia.

1745 3545 1945 3603 spcctra
1976 3542 2292 3596 conturbent
2329 3561 2341 3597 :
2374 3548 2564 3600 etenim
2611 3565 2676 3604 ex
2709 3552 2981 3608 iracundia
3013 3557 3124 3611 ltzec
3176 3577 3268 3613 ex-

1743 3624 1942 3679 sistunt
1968 3643 1981 3678 :
2005 3635 2162 3698 atque
2189 3645 2253 3685 eo
2307 3635 2462 3689 modo
2491 3637 2809 3706 ignaviorem
2840 3657 2954 3700 eam
2986 3646 3048 3698 ad
3076 3648 3265 3703 bellum

1743 3712 1986 3768 reddant.

1809 3799 2056 3854 Pluribus
2081 3805 2474 3862 medicamentis
2511 3811 2585 3864 ira
2626 3827 2760 3880 opus
2787 3813 2958 3880 habet,
2989 3834 3147 3887 quam
3174 3837 3280 3876 cu-v

1740 3888 1950 3953 piditas.
1977 3888 2069 3942 Est
2093 3891 2233 3943 enim
2269 3895 2565 3959 violentior,
2597 3907 2650 3952 et
2691 3900 2758 3953 ad
2787 3908 3136 3961 coercendum
3161 3909 3267 3962 dif-

1742 3974 1948 4027 ﬁcilior.

1804 4059 2034 4114 Torrens
2065 4065 2359 4130 exundans,
2396 4070 2550 4124 obvia
2597 4089 2819 4142 quaeque
2849 4092 3028 4134 secum
3058 4083 3220 4138 trahit
3246 4103 3262 4151 ;

1737 4159 1789 4202 et
1817 4150 2088 4205 iracundia
2125 4153 2479 4212 infervescens
2507 4172 2730 4217 mentem
2761 4168 2996 4223 abducit.

2339 4535 2411 4588 De
2434 4541 2667 4595 tristitia.

1807 4615 1936 4668 Cum
1972 4617 2253 4685 improbus
2285 4625 2511 4682 tristitiae
2567 4633 2785 4700 spiritus
2837 4639 3065 4692 animam
3123 4642 3258 4694 arri-

1739 4703 1926 4769 puerit,
1958 4718 2141 4759 omnes
2171 4709 2334 4776 ipsius
2365 4729 2555 4769 nervos
2585 4733 2647 4770 ac
2676 4721 2838 4773 robur
2868 4723 3081 4791 frangit,
3111 4739 3257 4778 eam-

1739 4806 1842 4859 que
1889 4793 2159 4860 obscurat,
2193 4798 2461 4868 deprimit,
2495 4821 2819 4877 prorsusque
2849 4812 3144 4892 demergit;
3173 4824 3254 4867 at-

2741 4985 2760 5010 ι
2785 4974 2976 5044 Ephes.
3005 4995 3057 5034 tv
3082 5021 3099 5046 ,
3161 4983 3251 5039 9.6.

1352 5163 1578 5225 νΑιιιΑς
1617 5172 1900 5232 LECTION
1907 5178 2005 5232 ES.

181 5296 224 5329 ⁸⁸
246 5299 332 5350 At.
358 5300 454 5352 οὐκ
484 5303 790 5372 ἐργάζεται.

1569 5479 1792 5537 ΝΟΤιΕ.

173 5625 249 5692 (9)
288 5630 358 5678 τὰ
381 5628 660 5696 νοήματα.
685 5633 755 5685 Ex
797 5635 1031 5703 Melissa,
1080 5644 1127 5694 οἱ
1151 5626 1324 5713 ’θυμοὶ
1380 5650 1625 5720 καθάπερ
1662 5654 1716 5706 αἱ
1753 5656 1927 5722 κύνες,
1960 5660 2128 5728 τυφλὰ
2183 5663 2443 5721 τίκτουσιν
2501 5671 2832 5742 ἐγκλήματα,
2858 5680 3112 5747 autquod
3143 5650 3268 5736 non;

173 5711 294 5747 reor
325 5699 631 5747 rescribere.
656 5702 987 5747 ἐγκυήαατα,

101 5711 294 5748 vereor
325 5699 632 5762 rescribere,
656 5702 988 5771 ἐγκυήματα.
