4122 6338
711 414 841 478 1475

1999 414 2084 475 Β.’
2109 415 2563 475 HYBERECHII

3695 413 3833 474 lii-'6

705 535 785 576 rat
807 524 849 576 ⁸.
877 522 1227 588 Quamobrem
1267 522 1381 590 ejus
1427 532 1479 576 tu
1510 536 1690 576 amore
1733 521 2000 583 incensus,
2043 537 2225 573 mona-
2256 527 2296 579 Α
2328 537 2333 550 ε

2216 549 2225 560 -
2256 527 2296 579 Α
2328 521 2484 588 ναχδς
2505 521 2702 589 ταύτης
2729 523 2956 590 ἐραστὴς
2986 522 3284 589 γενόμενος,
3320 521 3480 572 ἐπίϐα
3523 521 3599 588 τῷ
3636 522 3844 589 πυρίνῳ

679 612 823 670 'che,
881 611 1088 677 igneum
1146 625 1401 674 currum,
1460 609 1654 676 duplici
1706 610 2054 677 lacryjnarum
2110 610 2221 658 rivo

705 697 872 749 oculis
907 695 1178 748 iluentium
1228 696 1330 749 levi
1367 710 1484 748 rore
1505 708 1844 760 conspersus,
1865 694 2222 747 conscendito.

775 863 859 921 17.
893 869 1062 921 Arbor
1090 869 1208 922 vita:
1238 868 1290 922 in
1324 870 1486 924 altum
1522 883 1826 938 assurgens,
1857 866 2121 920 humilitas

778 1038 862 1090 i8.
915 1037 1204 1089 Monachus
1258 1047 1444 1092 nactus
1484 1038 1752 1098 virtutem,
1797 1035 1959 1087 bonos
1997 1031 2229 1099 decerpit

710 1129 934 1179 fructus.

778 1214 861 1264 l9.
897 1211 1222 1279 Virginitatis
1252 1212 1436 1268 villus,
1477 1209 1794 1261 abstinentia
1828 1209 1892 1261 ab
1922 1209 2055 1261 esci~
2089 1224 2102 1259 :
2137 1207 2226 1272 qui

708 1311 881 1355 autem
932 1303 1222 1353 monachus
1281 1299 1508 1365 crapulm
1566 1296 1774 1349 dedims
1823 1304 1922 1359 est,
1973 1298 2076 1348 vita
2129 1295 2228 1346 erit

711 1390 1098 1451 abominabilis,
1131 1388 1413 1453 audietque
1443 1400 1506 1438 ex
1536 1384 1732 1436 Christi
1760 1398 1870 1445 ore,
1901 1383 2066 1434 Habes
2095 1397 2226 1433 mer-

710 1478 878 1527 cedem
919 1477 1133 1536 tuam';
1183 1487 1366 1539 nempe
1412 1486 1603 1523 cavens
1643 1470 1837 1531 dicere,
1888 1477 2226 1534 accepturum

606 1615 610 1619 ,
709 1577 830 1623 eum
855 1562 1146 1613 mercedem
1177 1573 1326 1611 suam
1370 1571 1400 1608 a
1434 1555 1670 1618 Christo,
1701 1555 1791 1622 qui
1826 1553 1971 1606 novit
2003 1555 2228 1606 abscon~

711 1647 863 1786 digii.
906 1734 1214 1796 Monachus,
1268 1747 1385 1798 qua:
1428 1737 1552 1784 sunt
1577 1729 1690 1793 Dei,
1735 1728 1840 1782 Deo
1875 1731 2129 1792 tribuens,
2161 1744 2227 1782 ne

714 1823 1024 1887 extollatur;
1073 1823 1162 1875 scd
1212 1821 1450 1872 Oratione
1493 1819 1555 1870 ad
1591 1817 1752 1870 Deum
1791 1814 1974 1869 dicat:
2010 1817 2119 1869 Tua
2166 1834 2227 1869 ea:
2259 1799 2296 1851 Β

717 1913 818 1963 tuis
852 1912 937 1962 tibi
969 1910 1159 1975 offero;
1186 1923 1339 1960 uuam
1369 1923 1400 1957 a
1432 1915 1478 1958 te
1506 1921 1604 1956 uno
1627 1906 1812 1957 animae
1838 1903 2228 1970 redemptionem

716 2001 949 2067 qtta't'ito.
1263 1991 1268 1996 ”

781 2086 868 2137 2|.
899 2084 1146 2137 Orantem
1174 2083 1486 2135 monachum
1514 2081 1709 2134 mundo
1736 2080 1912 2132 animo
1937 2081 1986 2132 in
2016 2089 2230 2132 noctur-

715 2174 796 2226 nis
826 2174 1065 2239 precibus
1093 2173 1338 2224 exaudiet
1372 2173 1622 2222 Dominus
1653 2187 1666 2222 :
1699 2171 1748 2220 in
1783 2170 1866 2220 die
1896 2185 2018 2220 vero
2049 2171 2228 2221 Domi-

717 2274 816 2310 nus
851 2259 994 2310 illum
1042 2259 1344 2321 illustrabit,
1391 2272 1451 2310 ac
1496 2258 1637 2308 velut
1688 2257 1888 2308 clarum
1930 2257 2065 2308 diem
2115 2271 2230 2321 esse

718 2346 1004 2412 praestabit.

783 2432 869 2482 22.
903 2427 1199 2486 Misericors
1229 2436 1518 2487 monachus
1541 2435 1610 2488 sit
1653 2436 1875 2490 fratrum
1897 2450 2100 2496 amans,
2126 2446 2228 2487 ter-

722 2533 935 2586 ramque
968 2521 1156 2572 bonam
1189 2524 1537 2587 possidebit‘.

668 2597 683 2606 ’
786 2607 872 2659 25.
908 2605 959 2658 In
991 2611 1234 2675 superbia
1278 2611 1520 2662 monachi
1555 2625 1657 2662 non
1701 2611 1993 2678 requiescet
2023 2609 2156 2664 Deus
2179 2612 2227 2676 ';

719 2694 768 2748 in
797 2697 910 2762 ejus
937 2711 1060 2749 vero
1100 2692 1390 2751 huiuilitate
1416 2714 1476 2751 ac
1507 2715 1695 2753 sensus
1729 2701 1983 2753 modestia
2023 2700 2231 2768 requie-

718 2794 828 2837 scet
858 2785 1082 2851 Spiritus
1123 2796 1354 2840 sanctus.
1387 2786 1556 2856 Hujus
1585 2788 1832 2855 praesidio
1883 2789 2111 2850 virtutis,
2150 2803 2231 2840 re-

716 2889 875 2940 gnum
897 2876 1145 2926 ('(nlnrum
1169 2889 1499 2972 asseguetur,
1523 2891 1585 2929 ac
1606 2876 1748 2929 brevi
1769 2877 1884 2943 ejus
1899 2877 2234 2944 possessione

717 2963 1016 3015 donabitur.

784 3050 871 3102 2i.
909 3053 963 3102 In
994 3052 1134 3104 omni
1166 3062 1398 3118 tempore
1431 3051 1498 3105 sit
1530 3066 1558 3103 a
1588 3051 1742 3105 sorde
1768 3051 1959 3104 munda
1988 3049 2226 3103 monachi
2256 3090 2296 3144 ο

718 3139 925 3201 tunica;
962 3155 1062 3190 non
1102 3156 1218 3205 qua:
1244 3141 1383 3202 lana,
1414 3154 1594 3206 quasve
1617 3139 1726 3190 lino
1757 3149 1998 3191 contexta
2027 3139 2115 3199 sit,
2141 3139 2229 3190 sed

720 3224 990 3289 spiritalis.
1025 3223 1123 3287 Qui
1169 3226 1306 3277 enim
1354 3224 1612 3292 ejusmodi
1647 3233 1747 3282 est,
1789 3226 1837 3275 iu
1868 3225 2035 3276 media
2080 3233 2234 3276 nocte

717 3324 837 3363 cunt
861 3311 1068 3364 Christo
1111 3328 1306 3380 sponso
1333 3313 1669 3381 ingredietur.
1693 3314 1872 3366 Oleum
1904 3313 2093 3365 inferat
2119 3327 2231 3364 nto-

722 3399 921 3450 nacltus
949 3401 997 3449 itt
1032 3416 1307 3452 occursum
1343 3402 1518 3468 sponsi
1542 3401 1582 3453 ⁸.

786 3486 872 3536 25.
904 3484 1143 3538 Monachi
1175 3487 1277 3538 vita
1320 3488 1488 3554 angeli
1522 3487 1573 3538 in
1618 3501 1816 3539 morem
1844 3489 1931 3549 sit,
1960 3496 2229 3554 peccatum

722 3571 960 3623 incendio
980 3587 1296 3624 consumens
1328 3589 1342 3623 :
1380 3577 1482 3624 vita
1536 3574 1675 3624 enim
1705 3574 1945 3625 monachi
1980 3575 2234 3645 [Inniten-

722 3660 850 3711 tium
881 3658 1173 3723 holocausti
1205 3660 1402 3711 oblatio
1435 3650 1548 3711 est.

787 3745 871 3796 26.
905 3742 1017 3796 νήει
1068 3745 1311 3796 monachi
1374 3745 1606 3797 membra
1642 3745 1757 3811 ejus
1797 3742 2044 3812 insignia!
2083 3743 2234 3811 cupi-

722 3832 866 3885 ditati
901 3824 1213 3898 libidinique
1243 3840 1520 3895 emortua;
1558 3833 1754 3900 quippe
1789 3833 1874 3884 cui
1909 3831 2045 3886 beati
2078 3830 2236 3886 Joan-

721 3920 803 3971 nis
829 3919 932 3970 vita
963 3932 1026 3971 ac
1056 3917 1335 3985 disciplina
1367 3919 1664 3985 exetttplum
1695 3918 1973 3971 exstiterit.

783 4088 870 4141 27.
922 4087 1223 4141 Daemonutn
1281 4096 1440 4141 aestus
1487 4102 1547 4141 ac
1593 4088 1823 4140 turbatio
1879 4101 1910 4139 a
1974 4089 2234 4140 monacho

721 4175 920 4244 fugiat;
962 4177 1196 4243 angelica
1247 4191 1369 4229 vero
1433 4176 1782 4243 tranquillitas
1831 4175 1884 4227 in
1921 4175 2000 4229 eis
2044 4176 2234 4229 choros

721 4265 903 4317 ducat.

2324 608 2547 678 ἅρματι,
2574 610 2943 678 δροσιζόμενος
2971 612 3116 662 δυσὶν
3147 610 3345 678 ὀχετοῖς
3377 610 3618 678 δακρύων
3647 612 3707 660 ἐκ
3736 611 3845 661 σῶν

2326 696 2613 765 ὀφθαλμῶν
2642 699 3034 768 προχεομένων.

2393 867 2613 936 Δένδρον
2660 868 2800 938 ζωῆς
2856 869 2931 929 είς
2989 868 3118 936 ὕψος
3171 870 3526 939 ἐγειρόμενον,
3574 870 3839 922 ταπείνωο

2326 974 2431 1018 σις.
2787 976 2791 981 ’
3261 952 3265 956 ”

2395 1044 2626 1111 Δύναμιν
2681 1047 3006 1113 κεκτημένος
3064 1045 3502 1116 μοναχδς,τρυγᾷ
3538 1049 3659 1109 τοὺς
3706 1049 3844 1113 ἀγα-

2327 1132 2451 1194 θοὺς
2477 1135 2736 1202 καρπούς.
2761 1197 2767 1202 ν
3209 1145 3211 1148 ’

2395 1224 2628 1291 Δύναμις
2658 1224 2968 1292 παρθενίαςέ
2991 1224 3163 1292 ἀποχὴ
3188 1223 3480 1291 βρωμάτων
3507 1239 3519 1251 ·
3550 1225 3578 1274 ὁ
3604 1223 3658 1274 δὲ
3689 1240 3846 1290 κραι-

2327 1312 2509 1363 παλᾶν
2543 1314 2914 1380 μοναχὺςςβίον
2945 1313 3101 1364 αὑτοῦ
3131 1313 3662 1380 βδελυχθήσεται,καὶ
3681 1311 3846 1365 ἀκούο

2328 1416 2475 1450 σεται
2512 1400 2615 1452 ἀπὸ
2652 1400 2741 1452 τοῦ
2768 1400 3016 1468 Χριστοῦ,
3052 1400 3301 1466 Ἀπέχεις
3329 1400 3432 1452 τὸν
3455 1402 3669 1467 μισθόν
3695 1415 3842 1453 σσιιο

2324 1487 2731 1554 δυσωπούμενος
2761 1488 2816 1539 δὲ
2842 1491 3030 1550 εἰπεῖν,
3061 1487 3285 1556 λήψεται
3326 1487 3412 1537 τὸν
3461 1486 3644 1554 μισθὸν
3679 1485 3842 1539 αὑτοῦ

2328 1573 2478 1642 παρά
2506 1575 2597 1626 τοῦ
2623 1575 2689 1627 τὰ
2718 1574 2920 1644 κρύφια
2948 1574 3298 1642 γινώσκοντος
3328 1573 3580 1643 Χριστοῦ.

2394 1725 2578 1787 Διδοῦς
2605 1726 2831 1794 μοναχδς
2861 1726 2927 1777 τὰ
2954 1726 3043 1777 τοῦ
3071 1726 3200 1778 Θεοῦ
3239 1725 3315 1794 τῷ
3347 1725 3483 1794 Θεῷ,
3521 1725 3592 1793 μὴ
3626 1725 3850 1792 ἑπαιρέτ

2325 1813 2466 1866 σθω·
2490 1815 2737 1880 δεόμενος
2766 1816 2819 1867 δὲ
2847 1817 2935 1868 τοῦ
2963 1815 3115 1875 Θεοῦ,
3137 1816 3361 1881 λεγέτω,
3398 1815 3472 1867 Τὰ
3509 1814 3587 1867 σὰ
3622 1814 3688 1864 ἐκ
3729 1812 3850 1864 τῶν

2326 1901 2451 1954 σῶν
2481 1918 2575 1955 σοι
2608 1904 2914 1970 προσφέρω
2937 1920 2950 1934 ·
2977 1888 3163 1972 μόνον
3191 1901 3344 1968 ,παρὰ
3371 1902 3485 1954 σοῦ
3513 1903 3715 1969 μόνου,
3735 1899 3857 1955 λύρ

2325 2003 2541 2057 τρωσιν
2567 1990 2769 2058 ψυχῆς
2805 1990 2966 2056 ζητῶ.

2395 2079 2693 2147 Εύχομένου
2744 2079 2973 2147 μοναχοῦ
3018 2079 3267 2149 καθαρῶς
3307 2080 3362 2130 ὲν
3391 2079 3719 2146 νυκτεριναῖς
3757 2077 3850 2127 εὐ-

2326 2166 2853 2236 χαῖς,.είσακούεται
2919 2166 3148 2236 Κύριος·
3212 2169 3283 2220 ἐνί
3327 2167 3505 2236 ἡμέρᾳ
3559 2167 3633 2229 δὲ,
3693 2164 3852 2239 τοῦτο

2327 2257 2624 2326 λαμπρύνει
2677 2255 2893 2324 Κύριος,
2924 2257 3016 2307 καὶ
3057 2255 3128 2317 ὡς
3174 2257 3378 2326 ἡμέραν
3427 2255 3664 2322 καθαρὰν
3715 2255 3850 2305 ἁνα-

2327 2346 2507 2408 δείξει.
3143 2401 3147 2404 .

2410 2435 2681 2502 Ἐλεὴμων
2706 2434 2930 2502 μοναχὸς
2953 2431 3261 2500 φιλάδελφος
3294 2429 3446 2491 ἔστω,
3473 2432 3565 2482 καὶ
3586 2431 3841 2498 κληρονο-

2332 2524 2488 2591 μήσει
2511 2524 2606 2590 τὴν
2635 2521 2840 2588 ἀγαθὴν
2868 2521 2989 2589 γῆν.

2410 2611 2495 2661 Ἐν
2527 2609 2867 2677 ὑπερηφανίᾳ
2903 2605 3129 2677 μοναχοῦ
3178 2606 3274 2658 οὐκ
3320 2602 3688 2657 ἀναπαύσεται
3736 2601 3852 2655 K5-

2332 2713 2471 2765 ριος·
2508 2698 2563 2748 ὲν
2593 2695 3050 2765 ταπεινοφροσύνῃ
3088 2695 3142 2745 δὲ
3175 2693 3334 2746 αὑτοῦ
3373 2691 3736 2745 ἀναπαύσεται
3789 2691 3853 2742 τὸ

2330 2783 2548 2851 Πνεῦμα
2601 2784 2662 2836 τὸ
2709 2784 2878 2850 ᾶγιον.
2943 2785 3028 2834 Ἐν
3079 2781 3534 2849 ταπεινοφροσύνῃ
3579 2779 3634 2830 δὲ
3665 2779 3852 2847 ἀὑτοῦ

2329 2874 2476 2925 ἔσται
2497 2874 2554 2924 ὲν
2581 2875 2646 2942 τῇ
2678 2871 2921 2941 βασιλείᾳ
2941 2872 3046 2924 τῶν
3070 2870 3325 2940 οὐρανῶν,
3349 2869 3441 2920 καὶ
3468 2870 3524 2920 ὲν
3549 2868 3695 2935 τάχει
3721 2866 3856 2934 κλη-

2331 2961 2614 3029 ρονομήσει
2639 2959 2824 3028 αὑτήν.

2413 3049 2498 3099 Ἐν
2527 3048 2687 3100 παντὶ
2715 3046 2886 3116 καιρῷ
2905 3047 3039 3099 ἔστω
3069 3047 3098 3097 ὁ
3128 3043 3288 3114 χιτὼν
3315 3043 3407 3096 τοῦ
3440 3041 3670 3111 μοναχοῦ
3692 3043 3856 3095 ἄσπι-

2330 3134 2448 3194 λοςο
2488 3135 2583 3202 οὐχ
2622 3138 2648 3185 ὁ
2681 3133 2927 3200 ὕφαντος,
2963 3132 3075 3184 ἀλλ’
3109 3134 3135 3184 δ
3167 3132 3543 3197 πνευματικός.
3586 3129 3672 3180 Ἐν
3713 3129 3854 3199 μέσῃ

2331 3222 2434 3289 γὰρ
2478 3222 2630 3272 νυκτὶ
2682 3223 2709 3272 6
2753 3222 2986 3281 τοιοῦτος
3038 3217 3490 3272 συνεισελεύσεται
3531 3217 3607 3284 τῷ
3637 3217 3853 3285 νυμφῖῳ

2329 3309 2542 3377 Χριστῷ
2597 3311 2675 3370 είς
2719 3307 2816 3376 τὴν
2859 3308 3120 3360 παστάδα.
3158 3308 3386 3377 Ἐλαιον
3416 3305 3776 3375 ὲτιικομιζέτω
3821 3305 3851 3355 6

2332 3398 2580 3469 μοναχὸς,
2605 3401 2681 3460 είς
2708 3398 3005 3465 ἀπάντησιν
3034 3395 3125 3446 τοῦ
3159 3395 3406 3464 νυμφίου.

2398 3488 2516 3556 Ζωὴ
2569 3487 2800 3557 μοναχοῦ
2861 3487 2998 3538 κατὰ
3059 3486 3283 3553 μίμησιν
3340 3483 3563 3550 ἀγγέλου
3623 3482 3850 3550 γινέσθω

2328 3577 2731 3642 καταφλέγουσα
2764 3570 3051 3644 ἁμαρτίαν.
3079 3575 3196 3642 Ζωὴ
3224 3575 3328 3644 γὰρ
3361 3571 3591 3643 μοναχοῦ
3623 3574 3787 3637 ἐστιν,
3817 3574 3850 3642 ἡ

2330 3664 2436 3714 τῶν
2466 3664 2859 3732 μετανοούντων
2892 3662 3276 3730 ὁλοκάρπωσις.
3643 3718 3648 3722 ,

2403 3750 2520 3818 Ζωὴ
2566 3749 2820 3818 μοναχοῦ,
2863 3749 3338 3818 χαρακτηριζέσθω
3385 3750 3453 3802 τὰ
3502 3751 3634 3818 μέλη
3685 3749 3851 3801 αὑτοῦ

2331 3838 2701 3906 νενεκρωμὲνα
2737 3837 2868 3905 πρὸς
2894 3835 3180 3902 ἐπιθυμίαν
3224 3836 3546 3903 ὑπάρχοντα.
3593 3836 3710 3904 Ζωὴ
3744 3836 3853 3902 γὰρ

2331 3925 2422 3976 τοῦ
2453 3926 2604 3991 ἁγίου
2657 3925 2896 3977 Ἰωάννου
2948 3925 3037 3975 καὶ
3085 3923 3194 3992 βίος
3236 3924 3590 3993 ὑπογραμμός
3629 3940 3708 3975 σοι
3760 3923 3852 3988 γὲ-

2333 4026 2505 4075 γονεν.

2407 4097 2550 4164 Ζάλη
2597 4097 2857 4164 δαιμόνων
2889 4096 2993 4148 ἀπὸ
3029 4096 3252 4165 μοναχοῦ
3281 4097 3537 4164 φευγέτω·
3565 4097 3766 4165 γαλήνη
3799 4096 3852 4146 δὲ

2335 4185 2573 4251 ἀγγέλων
2624 4186 2770 4252 παρὰ
2803 4188 3043 4254 μοναχοίς
3065 4186 3345 4254 χορευέτω.

786 4351 872 4401 28.
907 4350 1218 4404 θωπιοηίθοί
1251 4361 1412 4405 astus
1452 4352 1620 4404 excita
1651 4352 1904 4418 procella,
1943 4353 2228 4407 monachus
2258 4373 2300 4426 Ῑ)
2396 4361 2414 4412 2

2225 4387 2228 4402 ι
2258 4373 2300 4426 Ῑ)
2396 4358 2570 4426 Ζάλης
2600 4358 2908 4424 δαιμονικῆς
2930 4356 3367 4425 ὲπεγειρομένης,
3393 4354 3658 4430 κρατείτω
3692 4369 3853 4419 μονα-

725 4436 1054 4491 iramtcueat
1085 4455 1098 4488 :
1128 4439 1232 4489 vita
1265 4440 1406 4490 enim
1432 4438 1673 4491 monachi
1702 4439 1754 4491 in
1777 4440 1990 4494 lenitate
2023 4441 2228 4495 innote-

718 4533 831 4576 scat
866 4532 917 4574 et
944 4525 1208 4586 patientia.

785 4609 872 4664 29.
902 4608 1130 4662 Ferreus
1181 4610 1368 4677 spiritu
1417 4611 1709 4665 monachus
1732 4611 1996 4666 diabolum
2044 4612 2220 4681 fugat;

717 4707 771 4750 at
801 4699 886 4764 qtti
919 4699 1210 4750 monachus
1246 4699 1438 4764 injuste
1479 4697 1690 4751 fratrem
1723 4702 2016 4766 aemulatur,
2041 4703 2223 4755 diabo-

719 4785 826 4841 lum
856 4788 918 4839 ad
949 4802 1005 4839 se
1029 4787 1263 4839 attrahit.
1301 4786 1450 4840 Foris
1477 4788 1616 4839 enim
1647 4789 1878 4841 manebit
1907 4805 2036 4842 .cunt
2070 4791 2223 4857 quin-

718 4887 820 4937 que
866 4873 1023 4925 fatuis
1069 4875 1356 4941 rirginibus
1382 4874 1422 4938 ’,
1460 4874 1548 4941 qui
1588 4874 1877 4940 lampadem
1913 4891 2061 4928 suam
2110 4879 2223 4932 oleo

716 4959 1038 5023 Splendidam
1079 4961 1352 5029 lunamque
1377 4977 1479 5014 non
1511 4962 1815 5015 reddiderit.

725 5051 734 5059 '
782 5045 865 5096 30.
919 5043 1252 5100 Fet-utentum
1315 5050 1524 5103 malitiae
1592 5065 1691 5104 nec
1749 5051 2050 5105 nominetur
2089 5051 2224 5105 inter

714 5132 1021 5184 monachos.

780 5219 865 5271 5|.
905 5217 993 5271 Sol
1044 5234 1148 5271 non
1193 5222 1394 5276 occidat
1442 5237 1600 5292 super
1651 5225 1977 5279 iracundiam
2023 5228 2061 5275 '9
2109 5241 2222 5280 mo-

711 5302 886 5354 narhi.

2328 4448 2418 4516 χὸς
2450 4447 2618 4516 θυμοῦ
2640 4461 2651 4476 ·
2689 4445 2800 4513 ζωὴ
2827 4445 2933 4514 γὰρ
2967 4444 3193 4513 μοναχοῦ
3220 4445 3277 4495 ἐν
3310 4444 3575 4512 πραΰτητι
3605 4441 3696 4491 καὶ
3718 4440 3853 4489 ὑπο-

2329 4539 2464 4603 μονῇ
2494 4533 2857 4604 γνωριζέσθω.
2883 4569 2887 4576 -

2394 4627 2536 4678 Ζέων
2566 4625 2641 4691 τῷ
2676 4625 2934 4692 πνεύματι
2973 4623 3196 4692 μοναχὸς
3247 4621 3530 4674 ἀποδιώκει
3552 4619 3639 4670 τὸν
3671 4619 3856 4672 διάϐο-

2324 4712 2411 4763 λον
2432 4729 2445 4741 ·
2500 4710 2672 4777 ζηλῶν
2703 4709 2759 4761 δὲ
2798 4709 3020 4777 μοναχὺς
3058 4709 3251 4768 ἀδίκως
3282 4708 3369 4757 τὸν
3400 4707 3618 4772 ἀδελφὺν
3663 4707 3851 4770 αὑτοῦ,

2328 4799 2620 4849 ἐπισπᾶται
2651 4796 2738 4848 τὸν
2777 4796 3044 4848 διάϐολον·
3097 4793 3198 4855 ἔξω
3243 4795 3347 4860 γὰρ
3393 4795 3537 4861 μενεῖ
3579 4793 3715 4863 pm
3739 4796 3852 4846 τῶν

2327 4887 2486 4938 πέντε
2518 4884 2711 4953 μωρῶν
2739 4885 3034 4953 παρθένων,
3066 4884 3094 4934 ὁ
3133 4883 3204 4951 μὴ
3234 4882 3393 4950 ἐλαίῳ
3420 4881 3718 4952 φαιδρύνων
3745 4883 3850 4954 τὴν

2327 4974 2518 5029 ἑαυτοῦ
2543 4975 2812 5041 λαμπάδα.

2394 5060 2546 5130 Ζύμη
2579 5060 2771 5120 κακίας
2799 5058 2870 5127 μὴ
2893 5058 3229 5125 ὀνομαζέσθω
3255 5061 3399 5128 παρὰ
3426 5063 3692 5128 μοναχοῖς.

2391 5234 2573 5295 Ἥλιος
2631 5231 2704 5301 μὴ
2759 5230 3020 5284 ἐπιδυέτω
3078 5231 3170 5282 ἐπὶ
3209 5230 3283 5297 τῷ
3331 5221 3685 5298 παροργισμῷ
3745 5247 3851 5298 μο-

2323 5338 2502 5388 ναχου.
3403 5340 3405 5342 ·

779 5497 798 5525 ⁵
829 5493 1288 5576 ΙΥΑΙῈξιιγΛῃΗἎί
1316 5495 1495 5553 Matth.
1529 5515 1597 5564 v1,
1629 5504 1677 5556 2.
1768 5506 1993 5562 ‘Matth.
2055 5527 2104 5574 ι’,
2157 5511 2206 5563 6.
2285 5513 2303 5541 ⁷
2343 5511 2407 5565 Is:

2285 5513 2303 5541 "
2343 5511 2441 5565 lsa.
2475 5527 2612 5576 ιχνι,
2671 5512 2721 5562 2.
2797 5514 2817 5544 ⁸
2849 5510 3028 5564 Matth.
3101 5527 3220 5572 xxv,
3283 5511 3361 5562 lO.
3439 5511 3458 5539 '
3491 5511 3674 5564 Matth.
3706 5526 3859 5567 xxv-

714 5560 794 5613 12.
872 5565 910 5591 ¹⁶
941 5562 1068 5629 Eph.
1110 5580 1180 5626 ιν,
1207 5562 1293 5614 26.
