4122 6338
203 85 336 148 1185

1229 105 1322 164 Ai)
1361 106 1754 168 MONACHOS
1792 114 2290 184 ADHORTATIO.

3224 129 3356 190 1486

493 201 684 304 κακίας
733 205 822 304 καὶ
871 208 1128 278 πονηρίας
1179 213 1250 282 μὴ
1300 216 1622 290 ἀποκλείσῃς
1669 222 1718 271 ιν

1777 226 1840 277 lx
1896 229 2010 283 118.
2051 230 2278 286 Verbum
2312 233 2522 289 malitia)
2575 242 2626 288 et
2671 212 2920 304 nequitia:
2972 251 3038 290 ne
3096 239 3355 294 clauseris

190 287 383 356 καρδίᾳ
406 304 497 341 σου
528 279 664 344 κάτά
691 293 783 345 τοῦ
812 296 1035 364 ἀδελφοῦ
1063 279 1189 364 σου,
1206 279 1420 372 μοναχὲ,
1451 307 1537 360 ἵνα
1561 279 1717 360 δυνα-

398 378 490 430 τοῦ
509 379 681 448 λέγειν
699 399 713 413 ο
753 385 936 453 Ἄφες
965 387 1105 453 ἡμῖν
1137 389 1205 442 τὰ
1223 391 1599 462 ὀφειλήματα,
1630 398 1721 451 καὶ

256 541 524 618 Στέφανος
554 542 802 625 μοναχού,
831 563 1013 632 εἰρήνη
1039 546 1410 636 καίάγιασμός
1428 585 1444 600 ο
1471 570 1502 624 6
1527 585 1723 641 κεκτη-

191 639 349 706 μένος
381 644 538 708 αὐτὰ,
569 646 753 714 δψεται
783 651 870 702 τὸν
899 653 1120 722 Κύριον.

258 728 296 760 V.

255 733 578 805 Σωφροσύνη
606 740 835 808 μοναχοῦ
857 741 1126 808 άνυψώσει
1155 746 1395 815 κεφαλὴν
1421 746 1604 815 αὐτοῦ,
1630 751 1721 802 καὶ

185 813 245 867 ἂν
274 817 424 888 μέσῳ
442 821 620 877 καλῶν
645 826 1047 898 δοξασθήσεται.

255 907 492 981 Σώφρων
520 899 750 985 μοναχδς
777 919 832 970 ὲν
862 920 1170 989 ἐκκλησίαις
1196 925 1567 994 τιμηθήσεται.

256 1078 424 1168 ξοφία
468 1085 697 1154 μοναχοῦ
751 1088 824 1158 μὴ
877 1092 933 1142 ὲν
980 1094 1310 1166 κομπολογίᾳ
1356 1101 1714 1168 γνωριζέσθω,

185 1164 300 1216 ἀλλ’
330 1168 387 1219 ἐν
414 1169 781 1242 εὐσεϐείᾳίκαὶ
815 1178 1076 1249 πραΰτητι
1105 1164 1349 1247 γινέσθω.
1381 1164 1546 1254 Σοφὸς
1572 1164 1718 1242 ἔσται

170 1256 213 1306 ιὸ
232 1258 494 1347 τοιοῦτος,
537 1264 631 1316 καὶ
678 1267 955 1338 οἰκονόμος
983 1272 1214 1342 πλήθους
1253 1276 1511 1344 ἀδελφῶν.
1552 1281 1718 1347 Σοφδς

182 1346 291 1416 γὰρ
319 1349 529 1419 ἀληθῶς
565 1354 728 1419 ἐστιν,
767 1359 862 1428 οὐχ
889 1362 915 1412 ὁ
943 1361 1018 1429 τῷ
1046 1361 1185 1432 λόγῳ
1227 1353 1507 1434 διδάσκων,
1550 1346 1662 1424 ἀλλ’
1690 1372 1717 1423 ὁ

179 1436 258 1505 τῷ
285 1436 429 1522 ξργῳ
458 1441 739 1497 παιδεύων.

251 1623 476 1690 Συνετδς
506 1632 731 1701 μοναχδς
757 1634 1034 1704 φάλαγγας
1076 1640 1340 1709 δαιμόνων
1393 1645 1713 1713 πυκτεύσας,

179 1711 420 1781 ἄτρωτος
443 1716 683 1786 διαμένει
709 1721 815 1774 τῶν
846 1725 1050 1778 ἐκεῖθεν
1080 1727 1265 1796 βολῶν.

247 1887 636 1963 Στηριζόμενος
684 1901 909 1968 μοναχὺς
956 1902 1034 1971 τῷ
1079 1907 1291 1975 σταυρῷ
1330 1908 1421 1960 τοῦ
1459 1911 1707 1979 Χριστοῦ,

176 1979 278 2048 τὴν
302 1983 540 2050 κεφαλὴν
571 1989 846 2057 συντρίψει
873 1990 964 2042 τοῦ
993 1992 1298 2062 δράκοντος.

247 2067 426 2157 Στόμα
481 2074 710 2142 μοναχοῢ
765 2077 1055 2144 ἀνοιγέσθω
1114 2081 1251 2150 λόγῳ
1305 2083 1473 2137 Θεοῦ-³
1533 2088 1624 2140 καὶ
1678 2090 1710 2157 ἡ

174 2156 368 2225 καρδία
398 2162 558 2214 αὐτοῦ
591 2165 872 2230 διαπαντὸς
900 2168 1170 2235 μελετάτω
1199 2172 1348 2238 λόγια
1377 2173 1507 2227 Θεοῦ
1537 2156 1709 2246 άμετέ

175 2247 468 2316 εωρίστως.

240 2336 430 2424 Τίμιον
457 2338 639 2407 κτῆμα
664 2334 890 2418 μοναχοῠ
921 2347 1177 2414 παρθενία
1202 2351 1336 2416 φωτὶ
1355 2353 1710 2424 ὲλεημοσύνης

172 2423 601 2491 καταλάμπουσα
621 2432 640 2457 ί
659 2427 1067 2502 τοῦτοαφυλάξας
1091 2437 1336 2504 μοναχδς,
1359 2423 1708 2495 εἰσελεύσεται

173 2512 255 2572 είς
281 2511 677 2581 τδνφνυμφῶνα.
1340 2547 1342 2549 >

243 2600 490 2669 Τήρησον
519 2604 730 2663 ἐντολὰς
770 2596 1044 2674 Ὑψίστου,
1080 2604 1300 2679 μοναχὲ,
1333 2611 1424 2663 καὶ
1455 2613 1707 2685 Πατέρων

170 2689 544 2767 παραγγελίας
589 2691 815 2758 φυλάξαι
879 2694 1193 2762 σπούδασον,
1223 2699 1436 2767 ἀσκητὰ
1462 2715 1476 2729 ο
1537 2700 1704 2755 ταῦτα

170 2775 283 2845 γὰρ
312 2778 501 2841 ποιῶν,
543 2780 867 2850 κληρονόμος
912 2782 1182 2851 βασιλείας
1216 2786 1455 2856 οὐρανῶν
1495 2790 1702 2842 ἀναδει-

173 2862 374 2933 χθὴσῃε
957 2927 960 2930 .

242 2952 521 3024 Τολμηρδς
555 2958 786 3026 μοναχδς
816 2960 1132 3028 ἐμπεσεῖται
1170 2965 1246 3027 εῑς
1287 2968 1583 3035 πειρασμὸν
1611 2969 1702 3021 καὶ

168 3042 373 3108 παγίδα
401 3043 495 3097 τοῦ
525 3044 764 3101 διαϐόλου
789 3065 803 3079 ·
834 3051 922 3103 τὸν
951 3053 1006 3104 δὲ
1034 3053 1211 3122 πραῢν
1241 3057 1600 3125 καταλήψεται.
1630 3060 1703 3111 εί-

169 3133 330 3201 ρήνη,
361 3136 453 3186 καὶ
482 3137 740 3205 στέφανος
758 3141 1152 3207 ἀγαλλιάσεως.
1621 3132 1623 3135 Ι

239 3220 529 3291 Τρυφητὴς
559 3226 868 3293 μοναχδζτέν
901 3229 1133 3290 ἀπάταις
1174 3229 1320 3283 ἔσται
1352 3225 1442 3285 καὶ
1477 3238 1535 3286 ἐν
1563 3252 1697 3303 φαν-

165 3308 380 3369 τασίαις
411 3317 741 3378 νυκτεριναῖς
765 3329 778 3343 ο
822 3314 913 3365 τοῦ
941 3315 996 3366 δὲ
1023 3318 1384 3385 νηστεύοντος,
1417 3322 1639 3385 ἄσπιλος
1667 3328 1699 3394 ἡ

165 3397 321 3464 κοίτη
351 3397 441 3449 κάι
470 3398 800 3465 ἀφάνταστος
832 3401 1011 3466 ὕπνος.
1518 3416 1520 3419 ’

233 3569 320 3637 Τῷ
358 3570 672 3642 φοϐουμένῳ
710 3575 798 3627 τὸν
840 3576 1038 3644 Κύριον
1068 3581 1280 3650 μοναχῷ
1318 3584 1376 3634 οὐ
1439 3590 1697 3658 συναντή-

165 3674 317 3709 σεται
360 3661 586 3728 πρᾶγμα
632 3663 895 3727 πονηρόν’
943 3663 1030 3740 τὸν
1058 3668 1162 3738 γάρ
1208 3671 1439 3726 τοιοῦτον
1481 3677 1696 3742 φυλάξει

160 3749 188 3797 ὁ
221 3745 450 3815 Κύριος·
498 3748 590 3798 καὶ
644 3750 700 3801 ὲν
749 3751 925 3822 ἡμέρᾳ
972 3755 1222 3828 τελευτῆς
1271 3759 1378 3824 ἕξει
1406 3766 1432 3816 ὁ
1461 3766 1696 3830 τοιοῦτος

163 3839 408 3906 ιλασμόν.
454 3839 462 3844 ’

243 3929 514 3998 ’Υποταγὴ
545 3931 772 3999 μοναχοῦ
805 3933 899 3984 οὐκ
925 3936 980 3985 ὲν
1016 3934 1093 4003 τῷ
1126 3937 1326 4004 μείζονι
1354 3939 1689 4009 γνωρίζεται,

156 4014 272 4067 ἀλλ’
304 4016 362 4066 ὲν
392 4015 464 4083 τῷ
492 4018 750 4087 ἐλαχίστῳ
780 4019 1072 4082 δοξάζεται.

1822 319 1875 371 in
1909 320 2070 374 corde
2120 323 2506 378 tuo,adversus
2551 322 2766 378 fratrem
2811 334 2981 389 tuum,
3015 342 3046 379 ο
3077 331 3353 395 monache,

1823 416 1880 478 ut
1922 409 2075 461 liceat
2125 410 2336 465 dicere:
2401 412 2609 466 Dimitte
2643 414 2786 468 nobis
2820 415 2990 468 debita
3013 410 3211 480 nostra,
3240 430 3346 475 etc.
3400 429 3402 434 ’

1891 592 2007 654 119.
2037 600 2244 655 Corona
2271 603 2542 667 monacln,
2589 619 2690 671 pax
2715 613 2767 658 et
2811 605 3200 671 sanctimonia;
3233 623 3352 675 quzc

1819 688 1908 757 qui
1943 698 2131 743 nactus
2175 690 2352 754 fuerit,
2391 691 2591 745 videbit
2625 691 2911 746 Dominum
2941 695 3005 748 δι.

1889 777 2009 831 120.
2036 778 2266 833 Castitas
2291 781 2538 834 monachi
2581 781 2810 835 sublime
2837 783 2983 837 tollet
3013 791 3171 851 caput
3200 783 3314 852 ejus
3333 823 3348 849 ,

1817 874 1870 918 et
1898 865 1950 918 in
1984 868 2155 919 medio
2183 866 2441 920 bonorum
2469 867 2877 923 clarificabitur.

1888 954 2006 1005 121.
2043 954 2234 1010 Castus
2286 956 2580 1010 monachus
2623 957 2675 1009 in
2727 957 3079 1012 conventibus
3122 957 3351 1010 honora-

1815 1039 1976 1094 bitur.
2038 1091 2046 1100 ,
2919 1090 2926 1095 .

1889 1128 2007 1182 122.
2058 1129 2325 1203 Sapientia
2367 1131 2612 1184 monachi
2658 1146 2762 1184 non
2812 1132 2863 1184 in
2907 1146 3096 1200 pompa
3160 1133 3348 1187 verbo-

1816 1231 1935 1270 rum
1981 1220 2295 1285 innotescat,
2327 1221 2417 1274 se'd
2447 1223 2496 1274 iu
2532 1222 2724 1289 pietate
2747 1235 2809 1273 ac
2845 1221 3060 1275 lenitate
3089 1222 3340 1277 exsistat.

1804 1306 1915 1360 .Hic
1953 1309 2072 1362 talis
2112 1310 2325 1376 sapiens
2372 1311 2490 1372 erit,
2530 1319 2582 1364 et
2607 1311 2694 1378 qui
2739 1309 2959 1363 fratrum
2989 1312 3153 1365 coetui
3181 1313 3344 1364 aedili-

1817 1395 2082 1448 cationem
2139 1405 2371 1464 praestet.
2407 1395 2629 1466 Sapiens
2659 1399 2800 1451 enim
2849 1407 2947 1457 est.
2990 1413 3092 1450 non
3120 1394 3343 1466 quiser-

1744 1521 1794 1583 Β
1823 1497 1979 1536 mone
2019 1483 2172 1552 docet
2200 1523 2216 1548 ,
2253 1486 2344 1539 sed
2389 1486 2480 1554 qui
2508 1500 2682 1554 ~opere
2735 1486 2910 1539 erudit
2955 1501 3017 1540 ac
3060 1485 3215 1542 ollicii
3251 1487 3347 1539 ad-

1818 1582 2017 1626 monet.

1885 1666 2007 1720 l25.
2039 1664 2282 1721 Prudens
2319 1666 2612 1721 monachus
2649 1683 2711 1721 ac
2740 1668 3059 1735 intelligens,
3088 1681 3206 1721 cum
3232 1676 3346 1719 tur-

1813 1741 1893 1819 bis
1926 1755 2224 1807 daemonum
2269 1756 2610 1819 colluctatus,
2663 1770 2847 1838 eorum
2899 1756 3097 1810 illmsus
3146 1755 3342 1823 jaculis

1812 1854 2128 1910 perseverat.

1885 1934 2002 1986 121.
2029 1933 2319 2008 Monachus
2361 1937 2452 2005 qui
2494 1936 2693 1990 nitatur
2727 1935 2928 1998 Christi
2972 1950 3151 1999 cruce,
3181 1946 3340 2004 caput

1812 2033 2051 2078 conteret
2079 2026 2345 2082 draconis.
2984 2079 2989 2099 κ

1880 2112 1998 2166 1Ξ5.
2033 2112 2104 2166 Os
2132 2113 2378 2168 monachi
2410 2115 2681 2182 aperiatur
2708 2117 2946 2169 sermoni
2969 2115 3091 2174 Dei;
3115 2114 3338 2181 ejusque

1812 2213 2018 2266 semper
2078 2200 2287 2254 animus
2349 2201 2484 2254 nihil
2532 2216 2659 2270 vaga
2707 2211 2883 2254 mente
2929 2201 3214 2255 meditetur
3242 2199 3365 2252 Dei~

1809 2288 2040 2355 eloquia.

1879 2377 1997 2430 t26.
2021 2377 2259 2431 Pretiosa
2291 2368 2560 2446 possessio
2601 2379 2846 2433 monachi
2895 2379 3167 2447 virginitas
3195 2382 3336 2433 elee-

1808 2479 2042 2532 mosynzc
2069 2465 2182 2519 luce
2236 2467 2583 2520 collustrata:
2622 2469 2721 2521 hac
2754 2469 3052 2521 monachus
3119 2482 3331 2521 servata

1808 2552 1862 2605 in
1888 2554 2173 2622 nuptialem
2207 2556 2498 2609 thalamum
2529 2556 2871 2625 ingredietur.

1876 2641 1995 2695 127.
2047 2643 2208 2696 Serva
2238 2645 2495 2698 Altissimi
2525 2646 2801 2716 mandata,
2823 2648 3116 2711 monache;
3148 2663 3211 2700 ac
3239 2649 3330 2715 qui

1808 2730 2021 2784 virtutis
2068 2731 2309 2798 palaestra
2355 2746 2595 2796 exerces,
2635 2748 2763 2786 cura
2793 2743 2852 2786 ut
2899 2748 3079 2787 serves
3107 2733 3324 2786 Patrum

1732 2825 1774 2880 ο
1802 2816 2143 2872 documenta.
2170 2819 2293 2874 Haec
2329 2822 2468 2874 enim
2513 2822 2556 2875 si
2607 2821 2813 2883 feceris,
2846 2823 3012 2876 bazres
3044 2824 3190 2892 regni
3219 2837 3329 2877 coe-

1803 2907 1974 2960 lorum
1997 2908 2262 2964 ellicieris.

1871 2994 1993 3048 128.
2028 2997 2214 3049 Audax
2258 2999 2642 3052 monachusae
2678 2998 2822 3052 ferox
2853 2999 3048 3052 incidet
3077 3001 3127 3053 in
3151 3010 3320 3053 tenta-

1802 3082 1998 3136 tionem
2028 3094 2080 3137 et
2107 3086 2159 3136 in
2189 3086 2436 3152 laqueum
2481 3087 2714 3149 diaboli;
2763 3097 3094 3141 mansuetum
3146 3100 3324 3142 autem

1800 3169 2065 3234 excipient
2091 3185 2192 3237 pax
2229 3181 2280 3223 et
2311 3186 2508 3224 corona
2553 3174 2941 3229 exSultationis.
3240 3165 3244 3168 ⁴

1869 3259 1991 3312 129.
2048 3259 2260 3315 Deliciis
2315 3263 2499 3320 vivens
2550 3265 2843 3318 monachus
2895 3266 2948 3318 in
2985 3265 3322 3321 illusionibus

1799 3347 1900 3398 erit
1933 3357 1982 3404 et
2012 3349 2064 3399 in
2108 3348 2237 3402 visis
2267 3352 2582 3412 nocturnis;
2620 3351 2736 3420 ejus
2772 3369 2895 3406 vero
2940 3354 3029 3422 qui
3057 3355 3319 3422 jejunium

1797 3436 1956 3498 colat,
2005 3450 2032 3487 a
2062 3436 2218 3508 sorde
2262 3439 2517 3491 mundum
2566 3440 2760 3503 cubile,
2816 3457 3144 3510 somnusque
3175 3443 3315 3495 nulla

1798 3523 1909 3575 visa
1938 3524 2158 3576 habens.

1868 3612 1986 3664 150.
2005 3614 2264 3667 Monacno
2290 3615 2385 3682 qui
2413 3616 2593 3668 timeat
2621 3615 2920 3681 Dominum,
2948 3632 3051 3670 non
3075 3631 3317 3672 occurret

1795 3703 1991 3755 malum
2006 3702 2215 3769 aliquod
2241 3703 2414 3765 ;hunc
2441 3705 2581 3756 enim
2603 3695 2760 3756 talem
2783 3705 3037 3759 Dominus
3064 3708 3315 3770 custodit,

1794 3799 1845 3843 et
1878 3791 1927 3843 in
1959 3792 2043 3844 die
2075 3778 2258 3844 mortis
2299 3790 2977 3860 habebit'propitiationem.
3301 3778 3320 3806 ’

1862 3949 1979 4001 151.
2017 3947 2261 4002 Monachi
2287 3949 2548 4016 subjectio
2606 3963 2712 4002 non
2739 3951 2792 4002 in
2827 3964 2882 4003 re
2928 3950 3105 4020 magni
3132 3956 3314 4009 nosci-

1789 4047 1893 4101 tur,
1917 4038 2006 4090 sed
2032 4038 2082 4090 in
2115 4039 2334 4091 minimo
2363 4037 2626 4092 laudatur.

236 4104 505 4173 ’Υπομονὴ
553 4106 782 4173 μοναχού
829 4111 926 4160 οὐκ
960 4111 1016 4162 ὲν
1076 4111 1320 4183 ἀσθενείᾳ
1362 4115 1518 4182 μόνον
1545 4128 1718 4185 γνω-]

1854 4125 1971 4179 152.
2001 4127 2260 4180 Patientia
2295 4129 2542 4182 monachi
2593 4144 2696 4182 non
2725 4131 2896 4183 solum
2926 4123 3310 4185 in'inlirtnitate

157 4193 380 4261 ρίζεται,
403 4195 520 4247 ’ἀλλ’
550 4197 606 4247 ἐν
637 4199 746 4261 τοῖς
782 4201 1099 4267 πειρασμοῖς
1126 4202 1491 4272 δοκιμάζεται.

236 4368 505 4436 ’Υπομονὴ
540 4367 768 4436 μοναχοῦ
796 4367 952 4436 ἔργον
973 4370 1169 4424 τέλειον
1198 4372 1409 4441 ἔχουσα,
1439 4376 1498 4428 τὸ
1527 4378 1685 4431 καλὸν

149 4457 250 4525 τῆς
284 4455 461 4524 ψυχῆς
487 4455 734 4519 διασώζει
764 4457 970 4524 κτῆμα.
1400 4469 1403 4473 ’

234 4543 506 4611 ’κΥπομονὴ
558 4546 614 4594 ὲν
670 4547 787 4607 ταῖς
838 4545 1040 4612 Θλίψεσι
1105 4549 1249 4615 παρὰ
1309 4553 1538 4620 μοναχοῦ
1595 4571 1684 4606 πι-

153 4629 296 4690 στῶς
340 4629 668 4699 τελουμένη,
726 4626 914 4686 ἐλπίδα
963 4637 1189 4688 ποιεῖται
1252 4638 1323 4707 μὴ
1389 4646 1677 4711 καταισχύ-

151 4733 365 4770 νουσαν.
1567 4746 1572 4751 ’

235 4810 500 4879 ’Υπομονὴ
543 4809 768 4881 μοναχοΰ
814 4818 915 4879 ἕως
974 4821 1196 4888 ἐσχάτου
1242 4821 1400 4873 αὑτοῦ
1436 4824 1679 4886 διασώζει

147 4898 312 4950 αὐτόν
331 4916 346 4930 ⁸
393 4901 452 4951 '0
480 4901 585 4969 γὰρ
617 4907 934 4971 ὑπομείνας
958 4912 1042 4974 εἰς
1068 4910 1256 4973 τέλος,
1293 4909 1465 4976 οὗτος
1489 4916 1676 4980 σωθή-

147 5001 338 5039 σεται.

231 5077 546 5146 Ὑμνολογία
583 5083 808 5150 μοναχοῦ
848 5086 1254 5150 άκατάπαυστος
1283 5089 1417 5140 ἔστω
1438 5105 1449 5118 ·
1481 5093 1546 5143 τὰ
1571 5094 1673 5164 γὰρ

151 5163 397 5234 Σεραφὶμ
427 5169 850 5234 ἁκαταπαύστως
878 5174 1158 5242 δοξολογεῖ.

226 5315 264 5344 ³⁸
296 5316 452 5370 llebr.
496 5337 589 5385 xu,
620 5310 720 5377 ’1-1.
803 5327 843 5356 ³’
886 5303 1000 5382 Jac.
1045 5331 1161 5395 1,.1.
1242 5331 1488 5413 "Matth.
1547 5353 1597 5400 ιι,
1645 5339 1728 5390 22.

1788 4210 2088 4264 ostenditur
2120 4252 2133 4277 ,
2175 4227 2360 4266 verum
2424 4214 2584 4267 etiam
2641 4217 2693 4268 in
2732 4218 3109 4273 tentationibus
3169 4235 3310 4287 pro-

1790 4300 1962 4352 batur.

1763 4451 1765 4453 ι
1860 4391 1975 4443 155.
1997 4389 2251 4443 Patientia
2268 4376 2513 4447 monachi
2550 4408 2684 4461 opus
2719 4394 3007 4463 perlectum
3026 4395 3305 4460 habens",

1789 4479 2095 4546 praeclaram
2148 4481 2311 4533 animi
2348 4482 2522 4535 dotem
2553 4483 2869 4537 incolumem
2903 4493 3097 4535 servat.

1859 4566 1974 4620 154.
2017 4567 2277 4621 Patientia
2324 4568 2375 4621 in
2409 4568 2809 4628 adversitatibus
2839 4583 2866 4617 a
2902 4567 3159 4618 monacho
3182 4567 3304 4618 lide-

1787 4656 1908 4708 liter
1938 4657 2230 4716 observata,
2275 4673 2418 4725 spem
2461 4659 2533 4709 illi
2578 4658 2758 4710 tribuit
2785 4670 2899 4721 quae
2943 4670 3047 4706 non
3077 4654 3300 4706 confun-

1787 4746 1959 4798 detur.

1856 4835 1971 4886 155.
2008 4832 2262 4886 Patientia
2299 4835 2634 4896 monachi,in
2652 4836 2767 4902 ejus
2796 4833 3153 4905 usqueliném,
3177 4855 3295 4890 eum
3329 4901 3332 4904 ,

1786 4932 1989 4975 servat:
2032 4923 2131 4984 Qui
2179 4923 2309 4974 enim
2358 4925 2611 4989 patienter
2651 4926 2701 4977 in
2740 4927 2892 4995 ﬁnem
2930 4943 3083 4994 usque
3137 4929 3295 4978 susti-

1783 5013 1969 5075 nuerit,
2000 5012 2078 5062 In'c
2106 5014 2275 5063 salvus
2308 5014 2400 5065 erit
2436 5014 2495 5064 ³³.

1849 5101 1964 5152 156.
2003 5100 2240 5154 Monachi
2298 5103 2528 5157 laudatio
2587 5103 2929 5169 inccssabilis_
2960 5104 3066 5169 sit;
3101 5117 3219 5155 nam
3249 5114 3297 5157 et

1775 5176 2053 5256 'Seraphim
2077 5192 2462 5248 incessabiliter
2490 5193 2702 5247 laudant
