4122 6338
148 317 293 381 1489

1212 313 1308 370 AD
1331 304 1724 369 MONACHOS
1759 302 2254 364 ADHORTATIO.

3188 296 3321 358 I490

218 426 464 480 Ψάλλων
518 421 747 484 συνετῶς
801 420 1052 490 μοναχδς,
1103 417 1410 483 ἐπισυνάγει
1461 414 1687 482 πλῆθος,
1719 417 1765 470 Λ

1719 417 1765 470 Α
1861 410 1979 463 154.
2019 410 2297 477 Sapienter
2333 408 2559 476 psallens
2602 405 2896 460 monachus
2926 405 3317 458 multitudinem

146 515 248 565 καὶ
303 517 365 566 ὲν
407 512 691 580 Ἐκκλησία
733 509 1168 577 ἐπαινεθήσεται·
1221 505 1430 574 ψάλλων
1471 502 1694 571 μοναχδς

148 601 422 671 καθαρῶς
466 602 522 652 ὲν
571 599 762 668 καρδία
815 596 1012 660 αὑτοῦ,
1071 594 1541 661 εἰσακουσθήσεται
1595 590 1694 642 ὑπὸ

145 688 321 740 Θεοῦ.

224 777 397 844 Ψυχὴ
462 773 689 844 μοναχοῦ
756 772 1133 842 ἀποταξαμένη
1201 770 1276 838 τῷ
1330 770 1548 837 κόσμῳ,
1606 768 1696 818 καὶ

148 865 584 934 νυμφευσαμένη
636 864 711 932 τῷ
759 862 1002 932 Χριστῷ,
1062 861 1167 914 τῶν
1224 860 1477 926 ἐπιγείων
1531 873 1696 911 κατα-

149 973 192 1022 cp
201 959 373 1022 ρονετ.

230 1043 615 1112 Ψελιοτρύπης
662 1045 754 1095 ἐπὶ
803 1045 923 1112 ῥῖνα
967 1042 1058 1092 τοῦ
1101 1041 1415 1112 δράκοντος,
1472 1037 1696 1108 μοναχδς

153 1135 353 1201 ἔργοις
378 1134 596 1200 ἀγαθοῖς
626 1131 1076 1202 περιδεδλημένος
1099 1145 1111 1159 ·
1155 1131 1296 1200 ψυχὴ
1331 1129 1437 1198 γὰρ
1469 1127 1696 1197 μοναχοῦ

153 1223 388 1293 καθαρὰ
426 1221 783 1284 εὖωδιάζουσα
825 1219 1218 1288 πνευματικῶς,
1275 1218 1557 1287 σφραγίζει
1602 1217 1698 1284 τὴν

152 1313 432 1381 ὄσφρησιν
457 1309 548 1363 τοῦ
576 1310 878 1380 δράκοντος,
907 1310 1049 1372 ὅπως
1078 1309 1151 1378 μὴ
1174 1308 1443 1379 ὀσφρανθῇ
1473 1310 1529 1360 ὲν
1556 1305 1699 1375 αὑτῷ

160 1400 445 1469 μολυσμὸς
475 1399 681 1469 ἡδονῆς.
1165 1434 1168 1436 -

243 1493 337 1553 Ὧς
385 1490 543 1543 καλὸν
591 1490 833 1558 ἀδελφοῖς
883 1493 1098 1560 κρατεῖν
1151 1488 1374 1558 ἡδονῶν,
1419 1488 1698 1557 ἀνωτέρων

201 1599 228 1632 ε.
251 1584 421 1632 ὄντων
447 1579 719 1650 σαρκικῶν
746 1578 1039 1648 ἐπιθυμιῶν
1057 1597 1072 1610 ο
1098 1573 1140 1646 ᾧ
1167 1579 1271 1649 γὰρ
1294 1579 1517 1647 πάρεστι
1541 1577 1698 1645 φόϐος

154 1599 302 1721 L505
333 1671 388 1721 ὲν
417 1669 606 1721 καρδία
642 1667 824 1721 αὐτοῦ.
869 1667 1056 1721 τούτου
1095 1667 1361 1721 μολυσμὸς
1396 1666 1568 1721 ψυγῆς
1604 1665 1698 1721 οὑγ

1794 509 2100 568 congregat,
2146 509 2198 551 et
2244 499 2296 550 iu
2343 497 2597 551 Ecclesiis
2661 495 2983 548 laudabitur.
3030 495 3322 548 Monachus

1793 603 1923 657 pure
1945 588 2175 658 psallens
2211 589 2263 640 in
2289 588 2447 641 corde
2474 601 2599 649 suo,
2629 601 2658 638 a
2687 585 2794 638 Deo
2821 586 3164 637 cxaudietur-

1865 763 1983 818 155.
2015 763 2204 816 Anima
2243 762 2512 825 monachi,
2545 775 2663 828 qua:
2709 760 2908 813 mundo
2947 757 3188 810 nuntium
3232 772 3318 807 re-

1796 855 1959 916 misit,
2004 870 2067 908 ac
2109 853 2320 907 Christo
2366 853 2632 919 desponsa
2665 859 2769 916 est,
2799 864 2919 918 qua:
2958 857 3182 900 terrena
3198 855 3321 898 sunt

1795 942 2101 994 contemnit.

1870 1032 1988 1085 156.
2019 1032 2239 1084 Armilla
2273 1031 2547 1099 perforans
2586 1044 2742 1084 nares
2768 1028 3017 1084 draconis
3041 1027 3106 1090 “,
3139 1039 3320 1077 mona-

1797 1121 1930 1175 chus
1977 1121 2134 1174 bonis
2165 1121 2412 1188 operibus
2443 1119 2692 1172 amictus.
2731 1117 2923 1170 Munda
2963 1117 3320 1168 eninmnona-

1796 1210 1880 1263 chi
1905 1210 2100 1274 anima,
2134 1225 2347 1263 suavem
2373 1207 2678 1276 spiritaliter
2701 1206 2913 1274 spirans
2940 1204 3179 1266 odorem,
3197 1200 3319 1252 dra-

1796 1302 1947 1355 conis
1979 1303 2227 1354 olfactum
2260 1302 2524 1370 obsignat,
2557 1309 2743 1354 utnon
2775 1299 2955 1351 olftant
2980 1295 3034 1348 in
3063 1296 3176 1363 ipso
3201 1306 3317 1346 sor.-

1794 1391 1889 1446 des
1918 1393 2219 1461 voluptatis.

1867 1478 1986 1530 157.
2024 1479 2193 1542 Quam
2230 1479 2428 1532 bonum
2489 1478 2745 1532 fratribus
2787 1486 2844 1529 ut
2871 1474 3210 1529 dominentur
3232 1484 3322 1521 vo-

1795 1566 2107 1633 luptatibus,
2144 1568 2356 1636 sintque
2378 1568 2683 1635 superiores
2699 1564 3006 1620 carnalibus
3021 1558 3317 1614 desideriis.

211 1671 302 1721 εοῦ
333 1671 388 1721 ὲν
417 1649 606 1740 καρδία
642 1667 824 1733 αὑτοῦ,
869 1667 1056 1722 τούτου
1093 1667 1361 1737 μολυσμὸς
1396 1666 1568 1735 ψυχῆς
1604 1665 1699 1734 οὐχ
1732 1695 1768 1740 ᾖ
1798 1655 1835 1707 ΙΙ

1693 1683 1699 1734 ς
1732 1695 1768 1740 .h
1798 1655 1852 1708 In
1907 1657 2060 1725 cujus
2110 1660 2253 1710 enim
2281 1687 2285 1691 -
2309 1659 2469 1711 corde
2497 1671 2732 1725 praesens
2761 1667 2840 1709 est
2878 1653 2968 1707 Dei
3001 1653 3179 1711 tiatur,
3204 1649 3321 1715 ejus

160 1762 420 1813 ἅπτεται.

252 1852 458 1915 Ὠραῐος
501 1846 645 1911 αἶνος
691 1849 748 1902 ἒν
799 1848 1019 1917 στόματι
1069 1847 1317 1916 μοναχοῦ,
1370 1848 1431 1896 ἐκ
1481 1843 1699 1913 καρδίας

160 1941 618 2009 ἀναπεμπόμενος
649 1937 726 2008 τῷ
753 1938 891 2006 Θεῷ·
937 1939 1013 2000 ὡς
1061 1937 1304 2006 θυμίαμα
1347 1933 1566 1996 εὐωδίας
1601 1933 1698 2002 τὴν

160 2030 361 2082 τούτου
396 2029 571 2098 δέησιν
604 2026 945 2096 προσδέξεται
975 2025 1192 2094 Κύριος.

245 2119 310 2169 Ὢ
339 2118 549 2184 ποταπὴ
588 2116 730 2182 λύπη
763 2117 820 2166 ὲν
847 2116 1111 2182 ἀγγέλοις,
1145 2113 1374 2184 μοναχοῢ
1402 2114 1466 2165 δι’
1496 2115 1701 2181 ἀπροσ-

158 2204 321 2268 εξίαν
369 2204 469 2267 ἔξω
525 2202 844 2270 βαλλομένου
885 2203 984 2271 τῆς
1031 2203 1342 2272 βασιλείαςι
1400 2202 1444 2254 ὣ
1489 2203 1698 2271 ποταπὴ

164 2300 330 2366 ὀδύνη
360 2301 416 2350 ὲν
457 2299 644 2366 ἁγίοις,
688 2294 923 2365 ἀσκητοῦ
968 2293 1032 2346 δι’
1068 2293 1432 2362 ὑπερηφανίαν
1471 2293 1543 2360 μὴ
1579 2309 1698 2344 συν-

166 2405 193 2438 ε
203 2388 461 2455 ρχομένου
489 2387 564 2454 τῷ
587 2404 644 2437 νυ
654 2389 744 2454 μφί
754 2409 794 2453 ιν
821 2386 883 2436 είς·
928 2382 1013 2451 ,ὴν
1031 2381 1268 2434 παστάδα
1287 2382 1300 2432 ί
1322 2382 1382 2431 Ὢ
1402 2382 1537 2450 πόση
1559 2382 1699 2451 χαρὰ

169 2479 233 2526 ὲν
262 2475 528 2542 ἀγγέλοις,
555 2476 871 2542 ἀμαρτωλου
907 2472 994 2524 διὰ
1023 2472 1302 2541 μετανοίας
1328 2473 1698 2541 είσερχομένου

168 2567 253 2626 εἰς
278 2564 373 2634 τὴν
401 2564 672 2632 βασιλείαν
699 2563 803 2613 τῶν
829 2561 1101 2630 οὐρανῶνί
1151 2561 1195 2611 ῶ
1227 2561 1362 2627 πόση
1405 2561 1696 2630 εὐφροσύνη

167 2652 205 2718 ἡ
257 2649 550 2715 ὲνκὰτίοις,
587 2647 902 2717 ἀμαρτωλοῦ
953 2647 1355 2718 ἐπιστρέφοντος
1398 2648 1461 2700 ἐκ
1502 2648 1700 2716 πλάνης

169 2738 323 2793 ὁδοῦ·
355 2733 427 2792 ὧν
460 2738 776 2807 μιμούμενοι
797 2737 893 2808 τὴν
919 2737 1116 2806 πίστιν,
1143 2737 1412 2807 ζηλώσατε
1444 2739 1539 2808 τὴν
1569 2742 1704 2808 μετά

165 2828 346 2880 ταῦτα
377 2827 723 2898 εὐφροσύνην.
1107 2855 1110 2858 -

246 2915 318 2967 *Ω
341 2917 580 2986 μάκαρες
605 2918 736 2969 Θεοῦ
768 2918 949 2979 παῖδες
978 2917 1216 2986 μοναχοὶ,
1243 2910 1316 2969 ὧν
1335 2917 1394 2968 οὑ
1417 2918 1703 2985 κατηγωνί-

1730 1719 1770 1771 Β

1801 1747 2034 1799 animum
2071 1748 2256 1802 sordes
2286 1748 2391 1801 non
2419 1747 2670 1800 alliciunt.
3038 1803 3044 1812 ι

1869 1835 1988 1890 158.
2015 1836 2264 1902 Speciosa
2281 1837 2394 1890 laus
2421 1837 2475 1888 in
2505 1851 2598 1888 ore
2629 1834 2896 1898 monachi,
2925 1845 3086 1900 quam
3109 1844 3170 1880 ex
3191 1839 3322 1892 puro

1798 1925 1956 1978 corde
1989 1924 2094 1977 Deo
2125 1926 2406 1993 depangit;
2437 1934 2493 1978 ut
2517 1926 2790 1978 incensum
2816 1919 3114 1976 suavissimi
3145 1916 3322 1970 odoris

1799 2010 1915 2079 ejus
1946 2011 2083 2065 Deus
2113 2014 2407 2066 orationem
2437 2012 2688 2066 admittit.
3068 2040 3070 2042 τ
3265 2015 3273 2023 “

1869 2100 1987 2154 159.
2018 2100 2062 2154 Ο
2105 2110 2336 2170 quantus
2375 2104 2682 2170 angelorum
2721 2105 2936 2161 mmror,
2988 2111 3105 2149 cum
3139 2107 3322 2146 mona-

1798 2192 1956 2243 chum
2017 2208 2130 2261 prae
2167 2195 2389 2263 segnitie
2433 2193 2553 2261 ejici
2610 2208 2640 2244 a
2694 2204 2857 2259 regno
2926 2184 3242 2254 contigerit!
3279 2181 3322 2233 0

1798 2291 2030 2349 quantus
2055 2292 2360 2337 sanctorum
2397 2284 2569 2343 dolor,
2604 2290 2781 2336 asceta
2811 2294 2917 2348 pra:
2947 2275 3189 2344 superbia
3217 2287 3320 2324 non

1802 2387 1904 2425 una
1956 2387 2080 2426 cum
2134 2374 2342 2442 Sponso
2367 2358 2620 2427 admisso
2647 2374 2700 2426 in
2732 2369 3057 2424 thalamum!
3087 2366 3128 2420 0
3158 2379 3324 2432 quan-

1798 2475 1910 2519 tum
1963 2467 2214 2535 gaudium
2259 2468 2588 2534 angelorum,
2623 2475 2902 2532 peccatore
2941 2475 3035 2528 per
3065 2455 3324 2525 pteniteu-

1799 2557 1926 2608 tiam
1964 2556 2264 2608 introeunte
2299 2556 2351 2606 in
2377 2570 2598 2622 regnum
2646 2554 2903 2606 caelorum
2934 2551 2978 2580 “
3009 2551 3021 2601 ί
3055 2550 3093 2599 Ο
3123 2552 3320 2613 quanta

1799 2653 2102 2698 sanctorum
2133 2644 2333 2707 laetitia,
2359 2644 2486 2698 dum
2518 2650 2764 2711 peccator
2795 2641 2861 2694 ab
2880 2651 3064 2692 errore
3089 2636 3186 2687 viae
3213 2645 3321 2685 sua:

1801 2735 2161 2792 convertitur!
2195 2749 2420 2802 quorum
2473 2733 2702 2786 aemulati
2762 2731 2937 2789 ﬁdem,
3000 2719 3322 2778 mmulamini

1800 2838 1916 2891 qua;
1943 2823 2276 2889 postmodum
2301 2821 2476 2873 futura
2508 2831 2609 2882 est,
2641 2818 2901 2871 laetitiam.

1871 2912 1989 2966 160.
2020 2909 2064 2965 Ο
2092 2911 2228 2964 beati
2263 2912 2349 2963 Dei
2397 2911 2491 2963 ﬁlii
2536 2908 2802 2972 monachi,
2849 2918 2984 2973 quos
3035 2897 3322 2955 certamine

172 3021 328 3056 σαιτο
360 3004 553 3072 σαρκὸς
597 3003 873 3072 ἐπιθυμία.
918 3005 1089 3071 ’Υμᾶς
1119 3005 1178 3056 οὐ
1220 3004 1288 3072 γῆ
1320 2992 1548 3073 καλύψῃ,
1587 3003 1702 3056 ἀλλ’
1725 3038 1766 3095 C

1690 3004 1702 3025 '
1725 3038 1766 3095 Ε
1803 3019 1910 3058 non
1943 3004 2070 3057 vicit
2094 3003 2271 3058 carnis
2316 3003 2614 3070 cupiditas!
2653 3016 2758 3054 non
2793 3013 2887 3052 vos
2929 3005 3071 3049 terra
3095 2992 3318 3062 Opt‘rl’d'r

167 3091 395 3158 οὐρανὸς
428 3090 524 3141 σὺν
549 3091 792 3158 ἀγγέλοις
821 3089 1154 3160 ἀποδέξηται.
1186 3090 1202 3101 κ

259 3263 302 3297 ⁸⁸
332 3264 429 3321 Job
472 3281 553 3317 XL.
578 3266 668 3318 21.
734 3267 778 3298 δ’
809 3267 939 3321 Luc.
973 3283 1062 3330 xv,
1095 3267 1145 3321 7.

1745 3090 1766 3132 έ
1803 3091 1899 3147 sed
1918 3091 2124 3146 coelum
2151 3106 2270 3145 cum
2302 3092 2500 3161 angelis
2523 3090 2795 3159 suscipiat.

206 3498 3134 3527 WWW

3135 3500 3300 3531 τέ’-ἰα

1265 3736 1764 3847 SANCTI
1919 3736 2214 3843 NILI

706 3995 1144 4057 ORATIONUM
1185 3996 1278 4054 ET
1325 3994 1805 4055 HOMILIARUM
1846 3994 2294 4056 FRAGMENTA
2335 3995 2431 4052 EX
2471 3998 2761 4057 PI—IOTIO.

1063 4200 1326 4264 (Biblioth.
1368 4200 1486 4253 cod.
1526 4199 1646 4262 276,
1689 4215 1741 4267 p.
1787 4195 1917 4251 15⁴Ξ7
1956 4199 2041 4251 ed.
2086 4197 2416 4266 llmscltelii.)

166 4544 274 4598 Τοῦ
331 4541 616 4612 μακαρίου
663 4541 911 4621 Νείλου,
947 4544 1030 4605 εις
1100 4540 1165 4593 τὸ
1229 4540 1435 4608 Πάσχα
1503 4543 1677 4609 λόγος

797 4624 1037 4675 πρῶτος.

2004 4542 2183 4595 Sancti
2223 4520 2343 4596 Nili,
2373 4545 2552 4597 Oratio
2581 4548 2748 4613 prima
2772 4551 2824 4600 in
2854 4551 3075 4601 Pascha.

237 4698 600 4758 Ἀναστάσεως
619 4697 791 4763 λόγοις
811 4735 824 4757 ,
857 4696 951 4763 τὴν
979 4697 1076 4764 τῆς
1102 4697 1440 4757 ἀναστάσεως
1470 4696 1678 4765 ἡμέραν
1703 4707 1751 4762 Α
1848 4692 1865 4742 1

1666 4711 1678 4746 ι
1703 4707 1751 4762 Α
1848 4692 2271 4748 Resnrrectionis
2299 4695 2474 4749 verbis
2501 4698 2909 4750 resurrectionis
2933 4698 3071 4752 diem
3126 4701 3294 4755 hono-

157 4786 487 4854 τιμήσωμεν.
535 4786 692 4854 Ψυχὴ
734 4785 925 4852 [ψυχῆς
989 4783 1120 4852 lego]
1167 4783 1249 4844 τίς
1292 4787 1402 4836 ἐστι
1451 4784 1675 4852 δευτέρα

155 4877 264 4935 τοῖς
294 4871 590 4939 ἀνθρώποις
633 4876 666 4938 ἡ
699 4861 1012 4936 ἀνάστασις,
1054 4873 1186 4941 πρὸς
1213 4871 1309 4932 τὰς
1344 4871 1441 4938 τῆς
1477 4871 1673 4939 ἀρετῆς

154 4963 484 5031 διεγείρουσα
522 4961 764 5028 πράξεις.
819 4964 936 5014 Κᾶν
986 4963 1179 5029 ταύτην
1226 4961 1330 5012 τῶν
1377 4959 1671 5028 ἀνθρώπων

154 5052 374 5120 ἀνέλῃς,
406 5049 593 5118 νεκρὸν
631 5051 762 5117 πρὸς
802 5051 1023 5117 πράξεις
1052 5053 1245 5121 ἀρετῆς
1274 5051 1585 5117 ἀπειργάσω
1613 5051 1672 5100 τὸ

156 5140 326 5206 σῶμα.
368 5141 454 5199 Ὠς
492 5135 589 5190 οὖν
626 5139 762 5207 ὑπὲρ
804 5138 1001 5207 βλάϐης
1033 5142 1213 5208 κοινῆς
1250 5140 1382 5209 πρὸς
1409 5140 1495 5190 τὸν
1533 5138 1668 5206 ὑπὲρ

151 5228 245 5293 τῆς
270 5230 607 5288 ἀναστάσεως
634 5226 974 5293 όπλισώμεθα
1001 5229 1246 5296 πόλεμον,
1277 5229 1399 5296 ὃλην
1423 5228 1669 5289 λαϐόντες

152 5318 276 5381 ἡμῖν
307 5318 748 5384 συνοπλιζομένην
775 5317 868 5383 τὴν
899 5317 1088 5370 κτίσιν.
1135 5317 1532 5385 Ἑπιστρατεύει
1565 5317 1668 5384 γὰρ

149 5406 364 5471 οὐρανὸς
391 5406 503 5472 μεθ’
525 5406 677 5473 ἡμῶν
704 5409 810 5466 τοῖς
840 5405 1097 5465 ἀπίστοις.
1128 5406 1220 5454 Ὃν
1235 5409 1338 5471 γὰρ
1367 5406 1423 5463 ἐξ
1444 5407 1669 5458 ἀναστά-

151 5509 281 5553 σεως
327 5495 596 5562 Δεσπότην
631 5496 872 5558 ἐδέξατο,
929 5497 991 5562 τῇ
1033 5495 1126 5561 τῆς
1164 5494 1499 5556 ἀναστάσεως
1549 5497 1667 5561 βλέ-

1780 4779 2040 4832 rabimus.
2086 4782 2292 4835 Animae
2313 4791 2394 4836 est
2420 4785 2683 4851 qnazdam,
2714 4787 2877 4837 altera
2909 4785 3186 4839 hominum
3213 4804 3301 4842 re-

1780 4869 2059 4932 surrccuo,
2098 4869 2163 4920 ad
2205 4869 2454 4922 virtutem
2482 4873 2744 4936 excitans,
2777 4886 2827 4926 et
2854 4874 2897 4927 si
2929 4874 3070 4927 illam
3102 4877 3167 4928 ab
3196 4877 3322 4928 ho;

1778 4958 2010 5011 minibus
2047 4953 2348 5023 suStuleris,
2377 4969 2646 5013 mortuum
2676 4964 2738 5014 ad
2769 4963 3291 5017 actiones'virtutum

1777 5062 1968 5112 corpus
2002 5047 2320 5101 reddideris.
2349 5049 2511 5117 Igitur
2543 5053 2696 5117 quasi
2735 5067 2829 5116 pro
2853 5055 3121 5105 communi
3151 5053 3292 5105 cala-

1775 5137 1953 5188 mitate
1987 5137 2051 5188 ad
2080 5137 2275 5190 bellum
2339 5153 2434 5205 pro
2486 5141 2877 5194 resurrectione
2932 5141 3289 5210 accingamur,

1768 5240 1978 5277 omnem
2028 5235 2328 5279 creaturam
2390 5228 2542 5281 nobis
2611 5239 2866 5281 armatam
2924 5231 3287 5299 adjungentes.

1768 5315 2134 5381 Pugnatenim
2167 5316 2446 5368 nobiscum
2481 5318 2672 5369 coelum
2723 5327 2911 5369 contra
2969 5318 3290 5372 incredulos.

1768 5403 1932 5465 Quem
1959 5405 2101 5456 enim
2127 5420 2155 5456 e
2185 5406 2579 5458 resurrectione
2607 5407 2890 5458 Dominum
2925 5409 3176 5473 suscepit.
3212 5408 3290 5457 vi-

1769 5495 1855 5545 det
1887 5495 2301 5547 rcsurrcctionis
2333 5495 2497 5562 gloria
2527 5495 2742 5561 privari.
2780 5495 2939 5548 Terra
2970 5511 3177 5563 quoque
3225 5499 3288 5548 ad
