4122 6338
665 418 797 482 1491

2097 421 2157 479 S-
2192 418 2353 480 NILI

3698 422 3842 487 “92

664 534 858 586 bellum
891 531 1172 587 nobiscum
1210 539 1413 600 parata.
1453 529 1596 585 Vidit
1650 530 1794 585 enim
1841 528 2223 583 resurrectio-.

2297 547 2377 582 πει
2435 524 2888 602 συναθετούμενόν
2946 531 3093 604 δόξῃς
3151 534 3482 603 Κοινωνίβει
3537 523 3837 605 προθύμως

664 638 787 675 nem
819 621 1199 689 blasphemari,
1238 636 1333 688 per
1372 636 1533 689 quam
1590 619 1788 689 sapius
1837 618 1936 687 ipsi
1993 617 2191 672 mortui

664 722 790 767 sunt
828 713 1094 781 praerepti.
1153 712 1275 765 Ideo
1329 720 1382 766 et
1416 709 1615 765 Paulus
1646 717 1906 765 creaturas
1956 722 2191 763 amorem

666 803 853 856 tribuit
912 800 1375 856 resurrectionis:
1433 798 1571 852 Nam
1609 798 1943 867 exspectatio,
1994 797 2190 865 inquit,

642 885 939 955 'creaturte,
980 892 1347 945 reuelationem
1401 891 1633 957 ﬁliorum
1679 889 1777 943 Dei
1826 894 2105 959 exspectat
2149 888 2192 938 .'.

668 983 1126 1049 Quemadmodum
1163 980 1304 1034 enim
1344 980 1534 1033 civitas
1564 978 1699 1047 regii
1740 978 2000 1032 adventus
2055 976 2191 1030 reei‘

664 1076 817 1141 piens
847 1082 1226 1140 praeeursores,
1249 1068 1311 1122 ad
1340 1068 1457 1137 ejus
1489 1066 1826 1136 praesentiam
1846 1074 1956 1120 tota
1985 1080 2043 1119 se
2064 1079 2197 1133 prae-

667 1169 859 1227 parat:
900 1159 980 1212 sic
1039 1157 1431 1211 resurrectione
1464 1149 1733 1224 tanquam
1770 1154 1951 1223 regina
1994 1153 2193 1219 aliqua,

669 1258 927 1303 creatura:
958 1245 1332 1321 praenuntiata,
1370 1251 1477 1297 tota
1510 1244 1576 1297 ad
1601 1242 1745 1297 illius
1771 1242 2105 1312 praesentiant
2138 1257 2198 1297 se

672 1338 1020 1404 comparavit.
1061 1334 1125 1387 Et
1152 1350 1217 1387 ne
1257 1333 1467 1387 mireris
1506 1341 1785 1387 creaturas
1815 1332 1982 1401 ipsam
2011 1347 2196 1386 resur-

569 1427 573 1431 ’
672 1427 963 1480 rectionem
994 1424 1319 1477 desiderare.
1359 1421 1453 1475 Est
1482 1422 1624 1475 enim
1671 1420 1975 1475 hominibus
2030 1421 2199 1474 instar

670 1514 915 1576 nutricis,
953 1527 1070 1581 qua:
1100 1511 1318 1564 festinat
1379 1510 1701 1578 promissum
1734 1523 1955 1577 regnum
1998 1508 2195 1574 videre,

670 1613 725 1655 et
754 1602 1054 1654 futurorum
1087 1599 1307 1653 tarditas
1338 1612 1441 1651 non
1475 1596 1717 1652 dissolvit
1748 1611 1894 1664 spem
1947 1595 2195 1650 nutricis.

672 1690 843 1745 liabet
867 1690 1008 1743 enim
1040 1690 1095 1741 in
1158 1704 1219 1742 se
1264 1701 1473 1756 semper
1524 1684 1729 1739 semina
1770 1684 2197 1750 resurrectionis,

672 1762 900 1849 quorum
932 1793 1097 1849 grana
1128 1777 1362 1853 ostendit
1424 1778 1684 1837 viventes,
1722 1783 2055 1828 mortuorum
2110 1789 2198 1827 re—

632 1912 635 1913 ν
674 1870 1022 1925 surrectionis
1046 1870 1099 1923 in
1132 1871 1309 1937 parvis
1341 1882 1487 1936 spem
1506 1867 1661 1921 nobis
1692 1867 2083 1921 contirmantia.
2104 1866 2200 1918 Se-

674 1960 942 2027 peliuntur
968 1959 1022 2012 in
1071 1960 1184 2025 illa,
1221 1967 1279 2010 ut
1307 1957 1547 2010 videmus
1580 1956 1844 2010 seminum
1874 1971 2057 2025 grana,
2077 1970 2198 2008 cum

677 2048 808 2101 sulci
841 2048 949 2101 sint
974 2047 1104 2100 satis
1130 2060 1223 2114 pro
1252 2045 1532 2113 sepulcris.
1564 2044 1677 2112 Ipsa
1706 2057 1851 2108 vero,
1908 2040 2200 2098 seminibus

678 2136 929 2205 acceptis,
982 2136 1222 2188 imitatur
1255 2143 1616 2195 monumenta,
1648 2143 1702 2186 et
1744 2134 2027 2200 putrelaeit
2079 2145 2200 2201 gra-

683 2240 827 2289 num,
856 2233 915 2277 ut
943 2224 1114 2291 ipsum
1142 2222 1446 2291 sepulcrum
1472 2235 1688 2289 corpus,
1720 2231 1773 2275 et
1804 2221 2072 2288 accipiens
2122 2220 2202 2272 vi-

2229 1825 2270 1879 B

680 2329 827 2374 vum,
862 2320 1132 2364 mortuum
1166 2310 1359 2375 reddit,
1388 2316 1443 2362 et
1476 2309 1707 2363 medium
1734 2309 1884 2379 grani
1917 2309 2074 2377 plane
2103 2324 2231 2377 pu-.

680 2401 962 2455 trefaeicns
994 2398 1289 2462 corculum,
1322 2398 1479 2451 etiam
1517 2398 1647 2465 ipsis
1704 2397 1943 2452 formicis
1987 2398 2203 2453 inutiles

681 2491 744 2542 ad
782 2487 1168 2542 comedendum
1203 2485 1351 2539 facit.
1379 2485 1791 2552 Corruptionem
1847 2492 2026 2539 autem
2084 2494 2204 2537 tau-

682 2597 839 2649 quam
867 2577 1271 2646 conceptionem
1309 2574 1588 2643 quamdam
1614 2573 1915 2641 possidens,
1940 2582 2204 2626 mortuam

677 2671 947 2725 seminum
988 2666 1217 2729 feturam
1259 2663 1643 2733 putrefactione
1663 2670 1853 2730 gestat,
1881 2670 1933 2715 et
1954 2662 2010 2714 fit
2040 2671 2208 2715 mater

680 2764 821 2816 vitae,
858 2752 1040 2819 granis
1068 2749 1365 2818 corruptio,
1403 2758 1456 2802 et
1480 2762 1623 2801 mors
1656 2756 1837 2816 partus
1889 2756 2035 2815 pater
2067 2748 2207 2801 desi-

682 2851 894 2911 gnatur.
926 2838 1070 2892 Nova
1095 2839 1184 2891 illa
1214 2837 1418 2891 doloris
1450 2845 1605 2891 terrae
1630 2836 1970 2903 parturientis
2000 2834 2081 2888 lex
2106 2844 2205 2898 est,

685 2932 788 2985 nisi
820 2931 911 2983 ﬁat
962 2938 1206 2981 mortuus
1258 2926 1431 3001 fetus,
1471 2941 1577 2979 non
1627 2925 1949 2994 fingiturzsi
1996 2924 2207 2987 vixerit,

2292 621 2419 690 ὑμῖν
2451 620 2542 673 τοῦ
2580 620 2815 691 πολέμου
2844 623 2937 676 καὶ
2972 625 3004 691 ἠ
3028 624 3138 692 γῆ.
3162 624 3676 693 Συκοφαντουμένην
3718 626 3832 692 γὰρ

2290 709 2389 778 τὴν
2430 708 2723 763 ἀνάστασιν
2749 706 2886 764 οἶδεν
2903 750 2919 777 ,
2944 711 3036 780 ἀφ’
3060 705 3133 765 ὧν
3160 712 3412 775 πολλάκις
3434 712 3658 781 νεκροὺς
3683 713 3835 782 agn-

2294 800 2424 869 ρέθη
2474 799 2564 853 ὑπ’
2609 799 2775 871 αὐτῆς
2825 799 2940 872 [ὑπ’
2978 802 3147 872 αὐτῆς
3187 802 3431 873 ἀφῃρέθη
3472 802 3546 858 Η.
3580 802 3689 873 St.]
3727 801 3833 855 Διὰ

2292 888 2445 941 τοῦτο
2476 890 2587 965 καὶ.
2617 888 2828 953 Παῦλος
2867 889 2959 944 τὸν
2994 891 3093 959 τῆς
3138 891 3484 963 ἀναστάσεως
3530 895 3594 963 τῇ
3650 894 3833 946 κτίσει

2292 975 2628 1046 περιτίθησιν
2678 978 2875 1048 ἔρωτα.
2936 978 3007 1032 Ἦ
3067 977 3174 1048 γὰρ
3222 978 3664 1047 ἀποκαραδοκία
3715 979 3835 1046 τῆς

2291 1065 2558 1131 κτίσεως,
2605 1066 2774 1134 φησι,
2825 1067 2938 1136 τὴν
2972 1068 3358 1135 ἀποκάλυψιν
3392 1068 3509 1123 τῶν
3547 1067 3691 1121 υἱῶν
3720 1068 3835 1122 τοῦ

2296 1154 2441 1208 Θεοῦ
2474 1155 2879 1225 ἀπεκδέχεται.
2907 1155 3169 1227 Καθάπερ
3210 1157 3318 1227 γὰρ
3360 1157 3513 1219 πόλις
3537 1156 3837 1227 βασιλικῆς

2294 1244 2581 1315 ἐπιδημίας
2611 1245 2872 1318 δεξαμένη
2908 1246 3275 1317 προδρόμους,
3306 1246 3439 1317 πρὸς
3480 1247 3578 1316 τὴν
3614 1240 3835 1315 ἐκείνης

2294 1336 2387 1404 ὅλη
2426 1336 2721 1405 παρουσίαν
2763 1336 3284 1404 ὲπτέροηαιοηοῦτω
3316 1337 3409 1390 καὶ
3447 1337 3548 1406 τῆς
3596 1336 3837 1390 ἀνι-ιστά⁸

2298 1439 2431 1485 σεως
2455 1423 2639 1493 ὥσπερ
2665 1441 2807 1486 τινος
2835 1424 3100 1492 βασιλίδος
3129 1426 3195 1495 τῇ
3224 1424 3399 1477 κτίσει
3432 1422 3834 1493 προκηρυχθεί-

2298 1529 2396 1583 σης
2416 1550 2434 1578 ,
2462 1513 2556 1582 δλη
2586 1513 2719 1582 πρὸς
2756 1514 2853 1584 τὴν
2883 1513 3092 1583 ἐκείνης
3123 1515 3417 1582 παρουσίαν
3453 1512 3836 1568 συντέτακται.

2296 1601 2406 1667 Καὶ,
2443 1601 2517 1670 μὴ
2570 1600 2849 1671 θαυμάσῃς
2892 1601 2980 1653 τὸν
3005 1601 3105 1670 τῆς
3144 1601 3839 1670 ἀναστάσεωςὲγκείμενον

2296 1678 2361 1759 τῇ
2404 1691 2576 1742 κτίσει
2606 1690 2984 1758 διδασκόμενον
3014 1690 3193 1743 πόθον.
3235 1687 3443 1759 Τροφός
3470 1690 3578 1761 γάρ
3614 1695 3697 1754 τις
3721 1692 3839 1743 τῶν

2298 1778 2594 1848 ἀνθρώπων
2620 1778 2935 1848 ὑπάρχουσα
2956 1817 2973 1843 ,
3016 1774 3231 1836 σπέύδει
3271 1779 3369 1849 τὴν
3410 1779 3839 1847 ὲπαγγελθεῖσαν

2301 1868 2427 1920 ἰδεῖν
2458 1866 2729 1936 βασιλείαν
2752 1885 2768 1900 ’
2802 1869 2898 1920 καὶ
2943 1869 3003 1921 τὸ
3042 1868 3205 1939 βραδὺ
3239 1868 3348 1921 τῶν
3387 1868 3678 1938 μελλόντων
3730 1869 3840 1921 οὐκ

2298 1952 2474 2006 ὲκλύει
2495 1957 2561 2023 τῇ
2589 1953 2772 2025 τροφῷ
2793 1954 2889 2017 τὰς
2914 1955 3151 2019 ἐλπίδας.
3183 1956 3334 2025 Ἔχει
3354 1956 3460 2025 γὰρ
3488 1956 3573 2008 ἀεὶ
3606 1956 3840 2009 συνόντα

2298 2040 2432 2109 αὐτῇ
2473 2040 2538 2092 τὰ
2572 2041 2674 2109 τῆς
2703 2041 3043 2103 ἀναστάσεως
3084 2041 3398 2111 σπέρματα,
3443 2036 3518 2095 ὧν
3544 2043 3669 2105 τοὺς
3699 2042 3839 2096 κόκ-

2300 2146 2428 2191 κους
2455 2128 2791 2182 ἀναδείκνυσι
2823 2129 3050 2195 ζῶντας,
3076 2130 3172 2198 τῆς
3200 2130 3307 2182 τῶν
3335 2130 3542 2201 νεκρῶν
3567 2120 3841 2200 σωμάτων

2280 2218 2565 2287 ¹ἔ;γέρσε.ως
2597 2219 2654 2270 ἐν
2700 2221 2910 2287 μικροῖς
2939 2221 3069 2288 ἡμῖν
3101 2218 3445 2287 βεϐαιοῦντας
3468 2219 3564 2283 τάς
3591 2220 3837 2283 ἐλπίδας.

2302 2305 2599 2377 Θάπτονται
2636 2305 2732 2374 μὲν
2765 2307 2870 2375 γὰρ
2894 2309 2950 2359 ὲν
2977 2308 3109 2377 αὐτῇ
3127 2346 3142 2370 ,
3169 2308 3243 2369 ὡς
3268 2308 3480 2377 ὁρῶμεν
3501 2346 3518 2372 ,
3537 2308 3643 2362 τῶν
3664 2325 3843 2378 σπερ-

2306 2395 2488 2475 μάτων
2522 2398 2570 2447 οί
2604 2395 2809 2459 κόκκοι,
2834 2397 2941 2448 τῶν
2973 2397 3222 2450 αὐλάκων
3254 2397 3374 2451 ἀντὶ⁵
3406 2398 3587 2466 τάφων
3615 2397 3845 2465 γινομέ-

2304 2500 2408 2536 νων
2442 2486 2555 2545 τοῖς
2600 2486 2909 2553 σπαρεῖσιν·
2952 2487 2984 2555 ἡ
3026 2486 3081 2537 δὲ
3120 2486 3354 2539 λαϐοῦσα
3393 2487 3463 2539 τά
3512 2488 3801 2554 σπέρματα
3827 2528 3843 2547 ,
3872 2508 3881 2511 η

2250 2650 2253 2651 ν
2306 2575 2547 2641 μιμεῖται
2584 2573 2653 2625 τὰ
2695 2575 2981 2644 μνήματα·
3014 2574 3105 2627 καὶ
3149 2577 3309 2645 σήπει
3336 2576 3426 2629 τὸν
3466 2577 3662 2631 κόκκον
3686 2576 3767 2636 ὥς
3811 2579 3848 2629 ὁ

2304 2662 2469 2729 τάφος
2514 2661 2789 2731 τδοῶμα·
2826 2665 2917 2716 καὶ
2944 2664 3208 2735 δεξαμένη
3246 2664 3458 2727 ζῶντα,
3490 2664 3844 2734 καταφθείρει

2304 2750 2584 2820 νεκρότητι
2608 2769 2621 2784 ’
2670 2754 2842 2823 μέσην
2872 2771 2935 2805 τε
2962 2755 3147 2821 σαφῶς
3172 2754 3271 2825 τὴν
3310 2753 3404 2806 τοῦ
3433 2755 3627 2807 κόκκου
3655 2756 3848 2824 διασή-

2306 2840 2455 2907 ύασα
2482 2841 2740 2911 καρδίαν,
2777 2843 3044 2913 ἄχρηστον
3077 2842 3486 2914 καὶ⁶μύρμηξιν
3520 2846 3599 2906 εἲς
3634 2840 3845 2915 τροφὴν

2309 2930 2691 3002 ἀπεργάζεται.
2729 2932 2936 3001 Ὥσπερ
2981 2932 3037 2985 δέ
3071 2950 3188 2985 τινα
3224 2932 3481 3003 σύλληψιν
3511 2934 3606 3001 τὴν
3636 2934 3847 3001 φθοράν
3932 2960 3953 2981 ο

684 3015 788 3075 non
845 3020 1127 3075 formatur.
1191 3018 1326 3071 Hinc
1381 3008 1542 3085 igitur
1600 3025 1653 3069 et
1702 3015 1939 3068 formica:
1981 3015 2210 3069 disseeta

2308 3020 2651 3089 κτησαμένη,
2712 3024 2966 3088 κυοφορεῖ
3024 3019 3359 3091 νεκρωθέντα
3404 3024 3490 3090 τῇ.
3522 3021 3680 3089 σήψει
3728 3020 3845 3072 τῶν

684 3129 847 3183 grana
876 3113 930 3164 in
963 3120 1155 3163 terram
1188 3108 1484 3172 defodiunt,
1520 3108 1755 3161 sectione
1781 3103 1994 3173 germen
2026 3121 2056 3159 e
2087 3120 2209 3159 cor-

2310 3110 2631 3179 σπερμάτων
2650 3110 2719 3164 τά
2738 3110 2949 3179 ἔμϐρυα
2970 3127 2984 3141 ο
3017 3110 3109 3161 καὶ¹
3131 3110 3336 3177 γίνεται
3362 3111 3539 3178 μήτηρ
3560 3109 3702 3177 ζωῆς
3728 3112 3848 3171 τοῖς

686 3204 933 3272 ruptione
962 3200 1329 3269 impedientes.
1366 3196 1611 3264 Oportuit
1671 3195 1812 3247 enim
1847 3204 1900 3247 et
1962 3193 2214 3248 formica-

688 3312 805 3349 rum
836 3304 1081 3347 naturam
1114 3287 1408 3349 testificari,
1443 3294 1635 3339 terram
1671 3293 1789 3351 post
1816 3284 2210 3351 corruptionem

688 3383 984 3452 producere
1014 3377 1217 3432 semina
1244 3394 1256 3426 :
1292 3383 1345 3427 et
1372 3374 1491 3437 vide
1516 3371 1753 3439 pariendi
1785 3372 1875 3423 tali
1905 3371 2064 3423 modo
2114 3371 2214 3422 mi-

690 3488 802 3524 ram
828 3480 1094 3523 naturam.
1124 3465 1405 3532 Accipiens
1435 3462 1605 3514 solum
1664 3476 1910 3529 granum,
1971 3474 2213 3511 corrum-

689 3562 787 3628 pit,
818 3552 1282 3624 corruptum‘vero
1327 3550 1693 3618 multipliciter
1754 3535 2016 3617 pullulare
2067 3549 2211 3609 facit,

691 3664 913 3716 granum
943 3646 995 3698 in
1031 3644 1205 3696 varias
1253 3646 1433 3709 partes
1459 3639 1717 3691 formans.
1749 3640 2022 3690 Calamum
2056 3638 2217 3702 epicis

691 3740 781 3791 dat
825 3751 922 3804 pro
963 3735 1199 3798 ossibus,
1232 3740 1283 3785 et
1328 3740 1540 3784 tenuem
1566 3743 1662 3797 pro
1703 3728 1834 3796 pelle
1862 3729 2096 3781 exterius
2126 3727 2218 3778 ad-

692 3837 837 3895 aptat
869 3826 1182 3885 tuniculam,
1218 3822 1449 3887 radicem
1484 3820 1708 3873 inferius
1734 3819 1961 3871 vinculis
1994 3818 2219 3884 quibus-

693 3921 813 3970 dam
876 3925 1129 3981 tanquam
1159 3900 1358 3973 nervis,
1388 3918 1439 3962 et
1473 3910 1623 3962 venis
1652 3908 1837 3975 cingit,
1878 3921 1973 3975 pro
2030 3907 2221 3974 ungui-

694 4010 794 4059 bus
825 4006 1005 4073 granis
1032 4001 1177 4055 addit
1203 4001 1400 4054 aristas
1434 3999 1723 4067 spicarum,
1765 4013 1884 4065 qum
1916 4004 2101 4049 contra
2125 4010 2219 4046 vo-

697 4098 871 4144 lucres
901 4098 1120 4142 certent.
1149 4088 1429 4151 Quomodo
1459 4086 1571 4137 haec
1592 4084 1779 4155 omnia
1812 4098 1876 4134 ex
1911 4096 2015 4132 uno
2052 4092 2219 4145 grano

696 4189 946 4247 corrupto
985 4175 1275 4231 oriuntur?
1306 4173 1417 4226 Hoc
1449 4188 1574 4225 vero
1598 4181 1679 4223 est
1714 4156 1895 4222 multo
1926 4167 2222 4221 mirabilius

696 4268 1112 4324 resurrectione.
1144 4263 1274 4316 Nam
1301 4273 1428 4316 tunc
1457 4262 1669 4330 quidem
1701 4271 1938 4313 mortuos
1966 4272 2099 4326 quos
2129 4270 2222 4309 na-

695 4370 813 4411 turn
854 4356 1073 4422 accepit,
1116 4353 1326 4405 reddit:
1362 4366 1504 4402 nunc
1568 4364 1690 4401 vero
1746 4349 1912 4409 multa
1972 4362 2067 4414 pro
2112 4361 2221 4399 uno

698 4454 907 4497 mortuo
951 4443 1013 4493 ad
1049 4440 1497 4507 regenerationem
1555 4452 1718 4503 grana
1783 4438 2005 4502 profert.
2056 4436 2100 4487 0
2128 4437 2221 4490 de-
2252 4432 2294 4486 Π

698 4535 949 4587 incutiam
982 4532 1217 4600 gentium
1258 4526 1634 4581 incurabilem!
1674 4524 1860 4577 Vident
1891 4536 2083 4577 terram
2116 4534 2223 4578 tra-

700 4629 906 4679 dentem
938 4622 1203 4691 agricolae,
1236 4633 1357 4687 quae
1395 4632 1498 4669 non
1529 4616 1730 4682 accepit
1757 4633 1768 4667 :
1819 4616 2050 4668 Creatori
2099 4629 2223 4667 vero

700 4714 1046 4772 reddituram,
1096 4724 1232 4776 quos
1260 4708 1338 4760 illi
1364 4708 1511 4775 prius
1543 4715 1783 4759 mortuos
1821 4706 2069 4769 credidit,
2100 4720 2222 4772 spe-

703 4819 821 4857 rare
850 4803 1054 4854 nolunt.
1086 4799 1208 4851 ideo
1238 4808 1289 4848 et
1317 4798 1513 4849 Paulus
1546 4796 1805 4848 seminum
1845 4796 2090 4862 exemplo
2119 4796 2225 4847 uti-

2312 3196 2526 3259 κόκκοις
2554 3201 2588 3269 ἠ
2608 3197 2867 3269 νέκρωσις
2890 3237 2906 3261 ,
2935 3199 3029 3251 καὶ
3057 3198 3279 3260 θάνατος
3307 3198 3464 3250 τόκου
3505 3198 3683 3266 πατὴρ
3712 3199 3851 3249 ἀνα-

2310 3285 2597 3339 δείκνυται.
2633 3286 2830 3347 Καινδς
2854 3281 3003 3346 οὗτος
3030 3290 3096 3355 τῇ
3135 3290 3202 3356 γῇ
3232 3286 3338 3337 τῶν
3368 3285 3566 3338 ὠδίνων
3592 3289 3618 3339 ὁ
3639 3287 3805 3354 νόμος
3829 3303 3845 3317 ⁸

2314 3375 2378 3427 ἂν
2409 3375 2482 3445 μὴ
2514 3376 2733 3444 γένηται
2760 3376 2946 3442 νεκρὸν
2978 3376 3037 3425 τὸ
3067 3375 3261 3442 βρέφος
3281 3415 3295 3437 ,
3335 3377 3392 3427 οὐ
3424 3376 3708 3436 πλάττεται
3729 3390 3741 3403 ·
3776 3373 3847 3425 ἂν

2314 3463 2409 3533 ζῇ,
2454 3464 2512 3515 οὐ
2567 3463 2880 3532 μορφοῦται.
2926 3464 3105 3532 Ταύτῃ
3156 3464 3261 3531 ἄρα
3298 3464 3388 3515 καὶ
3428 3461 3708 3530 μύρμηκες
3755 3478 3852 3513 τε-

2312 3555 2619 3622 τμημένους
2668 3556 2790 3615 τοὺς
2825 3554 3053 3615 κόκκους
3095 3554 3172 3614 είς
3217 3553 3320 3619 γῆν
3352 3553 3728 3613 ἀποτίθενται,
3775 3554 3877 3620 τῇ

2314 3647 2452 3711 τομῇ
2480 3644 2575 3709 τὴν
2606 3646 2710 3695 ἀπὸ
2735 3644 2831 3710 τῆς
2861 3643 3173 3711 νεκρώσεως
3206 3641 3492 3709 βλάστησιν
3515 3639 3847 3700 κωλύοντες.

2319 3733 2461 3784 Ἔδει
2491 3731 2599 3799 γὰρ
2647 3733 2739 3783 καὶ
2784 3733 3080 3798 μυρμήκων
3122 3732 3281 3798 φύσιν
3314 3731 3650 3800 μαρτυρῆσαι
3676 3732 3741 3797 τῇ
3772 3732 3850 3797 γῇ

2320 3821 2453 3891 μετὰ
2483 3821 2683 3891 φθοράν
2705 3820 2945 3889 γεννώσῃ
2974 3819 3039 3871 τὰ
3068 3820 3371 3888 σπέρματα.
3401 3819 3508 3871 Καὶ
3532 3819 3717 3869 σκόπει
3753 3834 3851 3884 μοι

2315 3912 2413 3979 τῆς
2456 3911 2638 3972 ὠδῖνος
2680 3910 2739 3961 τὸ
2770 3909 2965 3977 θαῦμα.
3017 3908 3269 3960 Λαϐοῢσα
3305 3907 3462 3976 μόνον
3492 3906 3581 3957 τὸν
3607 3905 3810 3957 κόκκον
3832 3943 3853 3969 ,

2318 4002 2489 4068 φθορᾷ
2526 3999 2870 4067 παραδίδωσι,
2911 3997 3182 4065 φθαρέντα
3221 3997 3276 4048 δὲ
3302 3995 3584 4047 πολλοστὸν
3612 3992 3855 4048 ἀναθάλο

2318 4089 2396 4139 λει
2446 4088 2580 4155 πρὸς
2623 4086 2836 4139 ποικίλα
2875 4086 2962 4138 τὸν
3006 4085 3202 4137 κόκκον
3241 4083 3643 4153 σχηματίζουσα
3685 4083 3853 4152 μέλη.

2320 4177 2426 4246 Τὴν
2477 4177 2724 4245 καλάμην
2761 4177 2873 4236 τοῖς
2911 4176 3163 4243 στάχυσιν
3193 4172 3305 4226 ἀντ’
3335 4172 3534 4241 ὀστέων
3571 4172 3855 4239 ἐντίθησι,

2319 4269 2411 4320 καὶ
2455 4266 2646 4318 λεπτὸν
2692 4264 2886 4328 ἔξωθεν
2927 4258 3038 4317 οἷον
3075 4262 3193 4316 ἀντὶ
3227 4262 3495 4332 δέρματος
3532 4261 3859 4328 καθυφαίνει

2318 4360 2544 4428 χιτῶνα·
2576 4359 2787 4426 δεσμοῖς
2815 4358 2960 4408 κάτω
2983 4355 3080 4423 τὴν
3110 4354 3261 4425 ῥίζαν
3289 4354 3363 4416 ὼς
3381 4352 3588 4422 νεύροις
3614 4352 3723 4403 τισὶ
3754 4349 3861 4401 καὶ

2324 4446 2482 4513 φλεψὶ
2514 4445 2856 4512 περισφίγγει
2876 4482 2890 4504 ,
2921 4441 3034 4493 ἀντ’
3055 4441 3256 4508 ὀνύχων
3289 4442 3400 4500 τοῖς
3425 4439 3637 4497 κόκκοις
3667 4428 3861 4504 ἐμπηο

2324 4534 2489 4598 γνῦσα
2531 4533 2625 4592 τὰς
2672 4530 2979 4599 μαχομένας
3011 4530 3121 4587 τοῖς
3168 4526 3387 4593 πτηνοῖς
3423 4524 3529 4575 τῶν
3569 4522 3861 4589 ἀσταχύων

2324 4619 2526 4676 ἀκίδας.
2560 4616 2680 4677 Πῶς
2717 4617 2885 4667 ἅπασι
2918 4614 3123 4675 τούτοις
3158 4613 3213 4677 ἐξ
3242 4609 3355 4672 ἐνὸς
3388 4609 3583 4661 κόκκου
3623 4606 3862 4675 φθαρέν-

2324 4725 2412 4769 τος
2446 4708 2476 4772 ἡ
2500 4707 2742 4769 γέννησις
2764 4721 2777 4766 ;
2804 4703 2970 4756 Τοῦτο
2996 4703 3092 4771 τῆς
3118 4700 3462 4759 ἀναστάσεως
3490 4695 3865 4763 θαυμαστότε-

2332 4814 2440 4865 ρον.
2487 4797 2614 4845 Τότε
2652 4794 2744 4862 μὲν
2787 4793 2894 4862 γὰρ
2938 4792 3030 4854 οὒς
3074 4791 3260 4842 ἐλαϐεν
3296 4791 3330 4855 ἡ
3377 4787 3547 4847 κτίσις
3592 4786 3862 4854 νεκροὺς,

707 4905 790 4946 tur
819 4893 858 4943 '.
894 4890 1211 4956 Quanquam
1250 4886 1449 4939 clarius
1486 4887 1679 4937 habeat
1708 4886 2007 4951 exemplum
2047 4886 2113 4937 de
2143 4885 2223 4937 in-

2328 4884 2636 4937 ἁναδίδωσι·
2681 4883 2773 4935 νῦν
2810 4884 2866 4935 δὲ
2912 4881 3139 4941 πολλοὺς
3195 4876 3310 4929 ἀνθ’
3345 4875 3461 4937 ἑνὸς
3497 4874 3867 4943 νεκρωθὲντος

704 4981 938 5033 fantibus
972 4994 1001 5029 e
1030 4976 1179 5028 vulva
1226 4975 1414 5027 matris
1482 4973 1890 5042 prodeuntibus.
1946 4971 2223 5025 Forntatur

2328 4979 2402 5036 εἰς
2435 4974 2782 5042 ἀνα-γέννησιν
2819 4972 3048 5030 κόκκους
3088 4964 3445 5034 προϐάλλεται
3474 4961 3572 5034 [αι.
3601 4962 3870 5028 περιϐάλ-

704 5069 845 5122 enim
894 5076 1141 5131 tanquam
1172 5065 1222 5115 in
1272 5047 1548 5131 sepulcro,
1599 5064 1650 5115 in
1684 5075 1832 5116 utero
1870 5062 2103 5116 nondum
2139 5076 2231 5114 ex-

2328 5061 2521 5132 λεται].
2573 5063 2633 5111 Ὢ
2820 5043 3085 5125 Ἑλλήνων
3138 5053 3355 5106 ἀνιάτου
3405 5050 3881 5120 φρενοϐλαϐείας·-

710 5162 902 5211 sistens
938 5154 1130 5217 infans,
1167 5164 1369 5206 natura:
1391 5152 1573 5206 fasciis
1603 5154 1889 5213 involutus,
1944 5163 1995 5205 et
2047 5151 2223 5206 similis

2334 5154 2583 5221 βλέπουσι
2612 5153 2708 5217 τὴν
2738 5151 2839 5215 γῆν
2866 5143 3087 5213 γεωργῷ
3115 5142 3354 5195 διδοῦσαν
3380 5141 3416 5194 ἃ
3444 5142 3516 5208 μὴ
3547 5137 3831 5206 παρέλαϐε
3854 5153 3869 5166 ο

710 5257 803 5299 est
851 5253 1083 5303 mortuo,
1145 5241 1326 5295 fasciis
1372 5242 1758 5309 sepulcralilius
1816 5241 2225 5295 circumstricto.

708 5336 841 5388 Nam
874 5342 1201 5383 mortuorum
1234 5330 1447 5397 quidem
1491 5332 1668 5384 vultus
1698 5332 1897 5383 aretius
1946 5330 2231 5383 conclusus

709 5431 808 5483 cst,
848 5436 906 5471 os
954 5418 1003 5469 in
1031 5429 1179 5495 utero
1211 5425 1437 5476 mutum,
1477 5432 1665 5469 manus
1692 5429 1741 5470 et
1770 5418 1923 5485 pedes
1978 5419 2028 5468 in
2054 5428 2233 5470 ventre

712 5521 961 5576 tanquam
995 5509 1044 5559 in
1072 5508 1273 5559 tuntulo
1298 5505 1673 5559 extenduntur.
1716 5507 1895 5560 Matris
1964 5508 2231 5576 egregium

788 5664 983 5719 'Rum.
1016 5680 1128 5732 ιλιι,
1167 5666 1241 5718 I‘J.
1320 5667 1336 5694 ²
1369 5664 1530 5719 lCur.
1567 5683 1653 5731 xv,
1684 5666 1769 5719 56.

2332 5244 2406 5312 τῷ
2438 5245 2626 5311 κτίστῃ
2646 5242 2698 5290 δὲ
2722 5238 2921 5304 ταύτην
2946 5234 3238 5286 ἀποδώσειν
3268 5231 3359 5292 οὒς
3381 5231 3514 5296 αὐτῇ
3552 5226 3875 5291 παρακατὲ-

2336 5334 2482 5393 θετο,
2516 5333 2614 5382 οὐκ
2660 5328 2950 5388 ἐλπίζουσι.
2985 5325 3081 5376 Διὰ
3111 5323 3267 5374 τοῦτο
3299 5320 3390 5371 καὶ
3420 5316 3624 5375 Παῦλος
3650 5314 3730 5380 τῷ
3759 5316 3875 5365 τῶν

2339 5420 2659 5489 σπερμάτων
2694 5414 3083 5483 παραδείγματι
3109 5411 3320 5477 χρῆται,
3349 5404 3585 5467 καίτοιγε
3619 5402 3879 5470 λαμπρό-

2339 5525 2488 5577 τερον
2520 5508 2653 5575 ἔχων
2686 5504 3044 5573 παράδειγμα,
3079 5498 3173 5566 τὴν
3198 5499 3257 5549 ἐκ
3286 5496 3489 5562 μήτρας
3520 5490 3622 5541 τῶν
3655 5488 3879 5558 ἀνθρώ-
