4122 6338
200 490 353 599 -ιιθι

1002 539 1445 641 ΟΒᾹΤΙΟΝΗῌ
1484 548 1576 608 ΕΤ
1614 548 2102 624 HOMILIARUM
2148 548 2624 613 FRAGMENTA.

3267 554 3399 621 1494

213 658 331 697 πων
360 643 600 714 πρόοδον.
655 644 949 701 Πλᾶττεται
984 650 1082 718 μὲν
1120 652 1225 734 γαῤ
1268 653 1340 715 ὡς
1384 657 1442 707 ἐν
1488 656 1643 725 τάφῳ
1688 662 1752 728 τῇ
1784 665 1829 719 Α
1855 656 1891 710 ft

1855 656 2054 712 fetibus
2085 658 2389 726 sepulcrum
2424 668 2525 721 est,
2573 670 2626 715 et
2659 663 2963 731 sepulcrum
2999 666 3210 734 quidem
3256 661 3398 724 leto--

214 735 400 805 μήτρᾳ
434 734 530 804 οὐχ
573 735 813 808 ὑπάρχον
844 736 904 789 τὺ
941 738 1137 808 βρέφος
1160 729 1313 805 ’χτοῖς
1348 745 1500 814 παρέτ
1520 745 1608 798 τὸν
1652 746 1750 814 φύ-

216 834 350 885 σεως
379 820 436 873 δὲ
462 821 804 891 ἑνειλημένον
845 827 1202 894 σπαργάνοις,
1253 832 1532 917 προσέοικε
1574 834 1750 904 νεκρῷ

212 913 475 981 δεδεμένῳ
511 916 762 983 κειρίαις.
796 916 1121 972 Κέκλεισται
1154 921 1252 989 μὲν
1289 923 1395 990 γὰρ
1442 913 1510 975 τδ
1540 924 1753 994 βλέμμα

215 1002 423 1071 νεκρῶν
472 1004 883 1075 ἀκριϐέστερον,
941 1008 1217 1076 ἄπρακτον
1268 1013 1325 1064 ὲν
1375 1016 1440 1081 τῇ
1498 1015 1647 1083 νηδύϊ
1694 1017 1754 1068 τὸ

217 1089 410 1157 στόμα,
445 1092 621 1161 χεῖρες
653 1094 743 1145 καὶ
778 1094 969 1159 πόδες,
991 1099 1064 1158 ὡς
1102 1097 1241 1168 σορῷ
1274 1102 1339 1169 τῇ
1372 1103 1569 1168 γαστρὶ
1600 1120 1753 1156 συνε-

215 1180 494 1233 κτέτανται
513 1195 530 1211 ⁸
553 1182 727 1259 τάφος
769 1184 998 1255 ἀκριϐὴς
1024 1189 1135 1248 τοῖς
1178 1188 1434 1258 ἐμϐρύοις
1470 1192 1521 1260 ἡ.
1539 1193 1716 1262 μήτρα
1737 1232 1750 1256 ,

198 1267 383 1334 τάφος
420 1256 662 1347 οὐδὲντῇς
691 1270 795 1323 τῶν
827 1274 1119 1341 μνημάτων
1154 1256 1408 1339 δυσωδίας
1453 1256 1750 1350 ἐλεύθερος.

216 1360 528 1432 Τηλικούτῳ
560 1364 615 1415 δὲ
658 1365 719 1418 ea
755 1367 950 1436 βρέφος
986 1369 1432 1440 ἐμμορφούμενον
1478 1376 1753 1443 μνήματι,

214 1444 292 1512 τῷ
316 1444 408 1497 τοῦ
441 1448 770 1516 μορφοῦντος
814 1451 1001 1505 ἕπεται
1045 1456 1371 1524 καλούμενον
1406 1460 1650 1529 νεύματι.
1692 1463 1756 1513 'l‘i

210 1528 279 1597 δὴ
312 1531 560 1585 τοσοῦτον
596 1538 624 1587 ὁ
669 1538 935 1607 μακάριος
973 1541 1178 1605 Παῦλος
1206 1528 1535 1614 κεκτημένος
1582 1550 1757 1617 παρά⁶

211 1617 446 1689 δειγμα,
493 1626 619 1695 σιγᾷ
660 1627 758 1705 μὲν
796 1628 896 1699 τὴν
928 1633 985 1685 ὲν
1013 1634 1089 1703 τῷ
1123 1635 1273 1704 τάφῳ
1296 1638 1393 1706 τῆς
1430 1640 1644 1708 μήτρας
1679 1644 1757 1704 εἰς

1857 750 2008 804 ribus
2040 764 2148 803 non
2172 763 2383 803 carens.
2413 747 2529 802 Tali
2560 748 2699 806 fetus
2730 752 2992 811 formatus
3016 758 3070 810 in
3126 760 3396 828 sepulcro,

1857 838 2141 897 lormantis
2192 851 2379 896 nutum
2445 856 2672 899 vocatus
2732 846 2990 916 sequitur.
3049 848 3188 914 Quid
3239 853 3401 920 igitur

1860 931 1951 982 tali
1982 930 2041 983 Β.
2066 930 2265 987 Paulus
2285 935 2529 1002 exemplo
2553 936 2629 988 uti
2663 951 2784 989 eum
2815 939 3097 1006 potuisset,
3118 948 3257 996 tacet
3286 944 3396 995 for-

1861 1021 2147 1075 mationem
2170 1023 2249 1083 ad
2277 1023 2439 1076 vitam
2498 1026 2553 1077 in
2581 1027 2831 1093 sepulcro
2886 1029 3055 1082 vulva:
3076 1068 3091 1092 ,
3131 1032 3395 1085 seminum

1860 1124 1988 1162 vero
2012 1101 2362 1175 similitudine
2389 1117 2839 1169 resurrectionem
2875 1119 3154 1172 conﬁrmat
3178 1122 3198 1173 ?
3230 1120 3397 1177 Scivit

1859 1199 2039 1251 vivum
2083 1200 2136 1252 in
2190 1210 2342 1253 utero
2375 1216 2555 1255 semen
2616 1205 2851 1258 formare
2909 1207 3076 1261 letum
3102 1248 3118 1271 ,
3154 1212 3396 1278 qtucsivit

1840 1304 1988 1341 vero
2017 1299 2353 1344 mortuorum
2379 1293 2735 1359 quorumdam
2773 1298 3205 1353 reviviscentium
3237 1319 3396 1374 aspe-

1860 1376 2107 1431 ctabilem
2140 1379 2571 1446 similitudinem,
2605 1392 2657 1435 et
2679 1384 2796 1437 ideo
2824 1387 2890 1437 ad
2904 1390 3111 1442 semina
3142 1394 3393 1460 respexit.

1862 1467 2037 1521 Grana
2067 1468 2207 1521 enim
2225 1479 2347 1537 post
2372 1480 2597 1525 mortem
2622 1484 2673 1526 et
2706 1478 3100 1545 corruptionem
3132 1495 3193 1534 ex
3222 1490 3399 1549 putre-

1861 1552 2097 1610 factione
2136 1557 2481 1624 reviviscunt,
2514 1571 2564 1614 et
2593 1573 2770 1628 aperte
2801 1575 3134 1621 mortuorum
3166 1583 3401 1623 resurre-

1859 1645 2096 1699 ctionem
2128 1647 2422 1702 declarant.
2461 1682 2476 1697 .
2678 1649 2683 1654 ’

214 1710 362 1782 ζωὴν
412 1715 808 1791 πλαστουργίαν
829 1765 846 1789 ,
883 1729 1206 1796 σπερμάτων
1237 1731 1292 1783 δὲ
1327 1732 1513 1796 τύποις
1550 1734 1757 1804 βεϐαιοῖ
1790 1739 1888 1808 τὴν
1926 1740 2249 1810 ἀνάστησινς
2290 1745 2466 1819 νᾜδει
2494 1746 2672 1809 ζῶσαν
2706 1754 2769 1820 τῇ
2827 1754 2979 1821 νηδύϊ
3007 1756 3102 1825 τὴν
3134 1757 3201 1809 τὰ
3229 1758 3396 1829 βρέφη

216 1800 423 1829 -..ειμι-,ι
472 1804 621 1829 2-__\
640 1808 893 1829 1.---.._,,,,
988 1813 1071 1829 ενι
1230 1818 1268 1829 μ
1473 1822 1499 1829 ..
1685 1824 1711 1829 ._
1794 1826 1803 1829 _
1944 1828 1949 1829 ,

1843 1800 1855 1808 '
2118 1800 2129 1810 '
2237 1800 2248 1809 '
2290 1818 2293 1819 ν
2357 1800 2369 1816 ι
2503 1800 2519 1809 ”
2718 1800 2769 1820 'u
2838 1800 2979 1821 "l"'

215 1800 423 1869 σπορὰν
469 1804 931 1873 διαπλάττουσαν,
986 1813 1166 1882 ἐζήτει
1225 1818 1280 1869 δὲ
1333 1822 1539 1891 νεκρῶν
1590 1824 1750 1878 τινῶν
1782 1826 1992 1894 ὁρατῶς
2031 1829 2351 1893 ἀναζὼντων
2381 1834 2596 1886 εἰκόνα·
2661 1840 2752 1890 καὶ
2792 1840 2879 1891 διὰ
2940 1845 3013 1925 rei

215 1892 354 1925 ηλλρ·
401 1893 466 1925 ’λι
515 1895 795 1925 ραι-λιιι.---
872 1900 930 1925 nx
982 1902 1083 1925 “LA
1137 1906 1287 1925 μιν...
1477 1912 1490 1925 ι
1583 1913 1593 1925 ι
1689 1916 1700 1925 .
1832 1916 1880 1925 ..
2102 1918 2115 1925 -
2419 1922 2429 1925 -
2526 1923 2534 1925 Α
2628 1924 2633 1925 ,

213 1892 354 1962 πρὸς
401 1893 468 1947 τὰ
515 1895 819 1965 σπέρματα.
872 1900 933 1952 0i
982 1902 1088 1971 γὰρ
1137 1906 1319 1959 κόκκοι
1366 1912 1502 1977 μετὰ
1545 1913 1640 1981 τὴν
1684 1916 1747 1965 ὲκ
1787 1892 1998 1983 σήψεως
2062 1918 2324 1989 νέκρωσιν
2348 1922 2440 1973 καὶ
2478 1923 2680 1993 φθορὰν
2708 1908 3094 1995 ἀναζῶσιίὶαὶ

1815 1828 1992 1894 ρατῶς
2031 1829 2351 1893 ἀναζὼντων
2381 1834 2561 1886 εἰκόνα
2584 1853 2596 1866 ·
2661 1840 2752 1890 καὶ
2792 1840 2879 1891 διὰ
2940 1844 3095 1925 vetito
3127 1849 3397 1918 ἀπέϐλεψε

3162 1937 3397 2003 γίνονται

213 1983 317 2050 τῆς
378 1982 484 2035 τῶν
537 1983 767 2055 νεκρῶν]
794 1991 1138 2060 ἀναϐιώσεως
1188 2000 1579 2071 ἐναργέστατον
1610 1982 1893 2073 σύμϐολον.

303 2076 528 2142 Ἀδικεῖς
553 2082 649 2150 τὴν
685 2084 860 2155 ψυχὴν
892 2091 1210 2159 συνηγορίας
1242 2098 1621 2165 προσχήματι,
1664 2102 1755 2153 καὶ
1789 2106 1828 2160 Β

1927 2101 2185 2170 Iniuriam
2222 2105 2351 2161 lacis
2394 2109 2583 2164 anima:
2615 2122 2871 2180 praetextu
2907 2123 3211 2186 patrocinii,
3255 2136 3309 2181 et
3344 2128 3397 2183 itt

210 2167 282 2233 τῇ
328 2168 461 2237 πρὸς
505 2172 565 2224 τδ
607 2174 764 2243 σῶμα
811 2178 954 2248 μάχῃ
984 2184 1102 2232 κατ’
1141 2183 1354 2253 ἐκείνης
1392 2188 1603 2260 ὁπλίζῃ.
1644 2194 1753 2254 Τὰς

210 2258 327 2326 γὰρ
372 2258 479 2314 τῶν
536 2266 919 2335 πραττομένων
976 2272 1209 2340 ἀμοιϐὰς
1264 2276 1339 2347 μὴ
1402 2258 1636 2348 μερίζων
1684 2284 1750 2351 τῇ

208 2346 391 2417 ψυχῇ,
443 2350 535 2402 καὶ
576 2352 671 2423 τὴν
697 2355 793 2423 τῆς
825 2360 1023 2429 σαρκὸς
1066 2362 1141 2425 ὡς
1186 2346 1333 2436 μόνῃ
1364 2346 1751 2444 πλημμελούση

211 2439 483 2509 τιμωρίαν
513 2443 749 2510 εἰσάγεις
775 2446 878 2517 Iul.
930 2451 1310 2524 συνεισάγεις].
1351 2456 1414 2509 El
1446 2458 1553 2527 γὰρ
1577 2439 1753 2530 ψυχῆς

168 2524 177 2529 ’
214 2527 387 2597 μόνης
413 2532 466 2583 αί
500 2532 604 2586 τῶν
629 2534 804 2591 πόνων
839 2539 935 2593 καὶ
970 2524 1473 2616 ἀνδραγαθημάτων

210 2617 374 2687 δῆλον
400 2622 479 2674 ὅτι
500 2623 612 2677 καὶ
648 2620 723 2678 ῶν
754 2626 1000 2699 ἥμαρτεν
1024 2634 1052 2685 ὁ
1078 2633 1357 2704 ἄνθρωπος
1392 2640 1446 2690 ai
1477 2617 1750 2712 τιμωρίαι.

226 2709 367 2761 Ἀλλ’
402 2711 521 2780 δρα,
554 2713 629 2783 μὴ
656 2715 867 2785 σώματι
886 2719 1162 2793 καλκψυχῇ
1189 2725 1419 2797 καθίζῃς
1447 2709 1567 2784 κατ’
1594 2709 1753 2804 άλλη-

210 2797 322 2852 λων
360 2803 658 2873 κριτήριον.
708 2798 871 2876 Σῶμα
908 2810 1005 2878 μὲν
1031 2812 1136 2883 γὰρ
1170 2814 1393 2880 εἰκότως
1424 2797 1753 2892 καταϐοήσε-

211 2905 307 2941 ται
347 2890 445 2961 [αι.
494 2892 860 2969 διαϐοήσεται]
902 2899 1107 2969 ψυχῆς,
1162 2903 1268 2956 τῶν
1314 2890 1752 2978 κατορθωμάτων

212 2978 379 3032 αὑτοῦ
405 2980 502 3043 τὰς
527 2983 690 3051 τιμὰς
709 2986 1056 3057 ἀρπαζούσης
1077 3006 1089 3020 ·
1119 2992 1263 3063 ψυχὴ
1293 2995 1337 3047 δ’
1369 2994 1433 3050 αὖ
1469 2998 1716 3069 σώματος
1736 3043 1751 3067 ,

210 3068 313 3131 τὰς
355 3070 706 3141 ὀφειλομένας
754 3077 969 3147 πληγὰς
1012 3083 1219 3151 ἐκείνων
1254 3086 1388 3156 μόνη
1430 3068 1749 3161 εἰσπραττο-

216 3158 370 3229 μένη.
422 3162 638 3217 Μᾶλλον
676 3165 718 3217 δ’
757 3168 1014 3240 ἑκάτερον
1042 3172 1219 3226 αὐτῶν
1247 3158 1569 3246 παροξύνεις
1618 3184 1753 3236 κατὰ

211 3246 309 3299 τοῦ
344 3251 526 3319 κριτοῦ
544 3269 557 3281 ⁸
584 3254 645 3305 τὸ
680 3255 799 3323 μὲν,
818 3251 910 3320 ὀἷς
936 3259 1053 3312 δέον
1082 3260 1220 3329 ἔχειν
1249 3266 1479 3333 ἀμοιϐὰς
1502 3264 1575 3322 ὧν
1601 3273 1750 3324 ἐστέ-

217 3353 378 3405 ρηται
397 3356 410 3370 ⁸
450 3341 547 3410 τὴν
579 3343 633 3395 δὲ
654 3384 668 3405 ,
707 3338 781 3397 ὧν
807 3348 902 3416 οὐχ
930 3350 1172 3415 ὑπαίτιος
1192 3394 1207 3419 ,
1236 3354 1351 3408 δέον
1380 3358 1503 3427 μήδ’
1534 3360 1750 3415 εύθυνέ-

215 3422 342 3477 σθαι
398 3422 477 3488 οἷς
525 3430 940 3499 εἰσπράττεται.
991 3438 1208 3508 Σώματί
1266 3461 1333 3513 με
1381 3422 1652 3519 συνῆψας,
1705 3448 1749 3505 ὦ

210 3511 455 3565 Δεσπότα
474 3553 490 3577 ,
518 3517 617 3586 τὴν
640 3519 943 3591 ἀσώματον,
985 3528 1077 3579 καὶ
1108 3530 1243 3603 μόνη
1270 3511 1369 3595 τὰς
1408 3511 1620 3605 επὶ-τῆς
1642 3511 1749 3608 γῆς

211 3602 314 3653 οὐκ
346 3602 669 3669 ἐπίστευσας
699 3610 955 3680 πράξεις,
985 3616 1078 3667 καὶ
1120 3602 1267 3686 παρᾶ
1309 3623 1470 3690 μόνης
1507 3602 1748 3689 ἀπἀιτείς

208 3689 311 3752 τὰς
346 3692 604 3756 εὐθύνας·
641 3699 730 3748 καὶ
768 3699 956 3768 δίδωμι
998 3702 1148 3766 δίκας
1190 3701 1261 3781 ὧν
1296 3710 1349 3759 αἱ
1398 3689 1619 3779 πράξεις
1654 3714 1746 3767 τοῦ

213 3779 492 3849 σώματος,
548 3786 745 3855 μέθης,
796 3792 1082 3859 πορνείας,
1130 3782 1587 3871 γαστριμαργίας.
1641 3806 1746 3857 Ποῦ

207 3870 318 3941 γὰρ
342 3872 513 3926 ταῦτα
554 3875 726 3947 ψυχῆς
748 3917 764 3942 ,
811 3880 995 3964 ὥσπερ
1039 3886 1277 3952 φθόνος,⁶
1306 3894 1495 3959 τυχὸν,
1528 3896 1558 3964 ἥ
1593 3896 1748 3964 δόξης

205 3960 447 4018 ἀσέϐεια.
499 3965 703 4038 ’Ὠσπερ
752 3961 961 4041 γὰρού
1016 3975 1261 4044 σώματος
1318 3980 1522 4041 ταῦτα,
1577 3985 1745 4050 οὕτως

208 4051 319 4104 οὐδ’
361 4053 542 4107 ἐκεῖνα
580 4056 755 4124 ψυχῆς
779 4075 793 4090 ·
827 4060 876 4109 εί
923 4062 1016 4111 καὶ
1049 4061 1213 4133 χωρὶς
1262 4066 1489 4137 θατέρου
1524 4072 1743 4143 θάτερον
1779 4134 1789 4149 ι

205 4140 375 4208 ἀργὸν
404 4146 537 4211 πρὸς
575 4145 827 4215 ἑκάτερα.
877 4148 948 4227 Τὸ
987 4151 1143 4221 σῶμα
1173 4154 1215 4205 δ’
1250 4156 1314 4211 ἂν
1345 4158 1480 4211 ἄλλα
1520 4178 1577 4213 τε
1614 4140 1741 4235 φαίη

205 4230 408 4291 δίκαια,
442 4233 533 4284 καὶ
583 4235 657 4296 ὡς
708 4237 846 4305 Ἐγὼ
874 4240 973 4307 τὴν
1022 4242 1158 4314 ὑπὲρ
1201 4245 1292 4297 σοῦ
1318 4250 1587 4323 τελευτὴν,
1631 4254 1742 4305 ἀλλ’

203 4320 302 4387 οὐχ
324 4319 521 4390 ἡψυχὴ
553 4322 784 4391 δέχεται.
810 4328 940 4380 Οὐδὲ
973 4330 1081 4400 γὰρ
1109 4333 1351 4401 πέφυκεν
1379 4319 1533 4404 ἐμὸν,
1556 4319 1614 4390 τὸ
1644 4358 1743 4393 πο-

203 4414 313 4463 νεῖν
339 4411 425 4464 διᾶ
466 4414 591 4474 τοὺς
623 4416 748 4476 σοὺς
787 4417 982 4485 νόμους
1028 4422 1331 4488 νηστείαις,
1376 4426 1698 4493 ἀγρυπνίαις
1722 4448 1735 4460 ο

201 4499 290 4553 διὰ
321 4500 424 4552 τῶν
450 4501 595 4569 ἐμῶν
638 4503 812 4572 μελῶν
843 4506 875 4574 ἡ
904 4507 1185 4576 παρθενία.
1225 4511 1345 4573 Πῶς
1377 4512 1468 4565 οὖν
1502 4518 1599 4569 οὐκ
1625 4518 1737 4569 ἄδι-

202 4606 318 4651 κον,
349 4589 492 4658 ἐμῶν
519 4592 627 4643 τῶν
658 4591 831 4647 ἄθλων
864 4594 1050 4659 ὄντων,
1081 4596 1178 4666 τὴν
1198 4598 1374 4669 ψυχὴν
1406 4605 1571 4671 χωρὶς
1605 4606 1737 4673 ἐμοῦ

202 4681 496 4749 λαμϐάνειν
536 4681 606 4734 τὰ
628 4682 873 4749 ῐπαθλας
905 4685 996 4747 Τίς
1038 4687 1187 4749 λύσις
1224 4690 1397 4744 αὐτῶν
1422 4693 1519 4763 τῆς
1541 4694 1695 4764 δίκης
1721 4715 1735 4760 ;
1773 4723 1811 4775 υ

200 4771 411 4835 Κοινὸς
450 4773 482 4823 ό
524 4771 753 4837 μισθὸς,
797 4774 987 4826 κοιναί
1034 4778 1093 4827 αἱ
1137 4778 1372 4840 ποιναί,
1416 4781 1503 4834 ὅτι
1542 4789 1735 4840 κοιναί

200 4859 399 4913 αὐτῶν
438 4863 498 4913 al
554 4861 809 4929 πράξεις.
844 4863 958 4916 Κᾶν
1004 4865 1090 4917 ἐπ’
1123 4869 1279 4922 ὲνίων
1313 4870 1374 4923 τὸ
1415 4872 1598 4943 ἕτερον
1642 4876 1736 4928 τοῦ

202 4951 568 5019 συγκρίματος
595 4952 900 5005 πλεονεκτεῖ
930 4954 1024 5007 τοῦ
1062 4957 1265 5025 ἐτέρου,
1299 4960 1391 5012 καὶ
1424 4960 1520 5030 τὴν
1549 4962 1737 5025 συζευ-

199 5038 419 5107 χθεῖσαν
439 5041 532 5091 ἀπ’
554 5042 724 5110 ἀρχῆς
753 5046 830 5105 εἰς
857 5046 1065 5106 κοινοὺς
1094 5047 1287 5108 πόνους
1313 5049 1479 5101 δυάδα
1505 5050 1584 5102 δεῖ
1613 5054 1736 5120 ὀμο-

198 5126 402 5194 λογεῖν,
440 5129 530 5178 καὶ
557 5129 751 5183 εἰδέναι
772 5171 786 5195 ,
818 5134 1007 5187 κοινῶν
1037 5135 1129 5187 καὶ
1161 5137 1268 5187 τῶν
1300 5139 1573 5206 στεφάνων
1600 5142 1731 5191 ἀπο-

197 5215 379 5267 λαύειν
416 5214 499 5281 ἐφ’
536 5211 615 5276 οἷς
654 5218 930 5285 νενίκηκε,
964 5222 1056 5273 καὶ
1105 5223 1182 5283 είς
1212 5223 1392 5285 κοινὰς
1421 5223 1725 5289 ἀπάγεσθαι

180 5304 459 5374 ⁴τιμωρίας
488 5299 562 5359 ὧν
589 5306 1019 5377 ἐπλημμέλησεν.

198 5501 309 5556 Τοῦ
360 5504 577 5573 αὑτοῦ,
633 5505 702 5559 ἐκ
754 5506 1004 5584 τοῦῄδςις
1055 5511 1118 5562 τὸ
1175 5515 1384 5580 Πάσχα
1450 5514 1723 5584 δευτέρου

853 5577 1053 5643 λόγου.
1308 5577 1315 5580 ⁷
1327 5577 1339 5580 ’
1464 5646 1467 5649 Α

224 5654 230 5659 ’
274 5662 617 5728 Ἀνάστασις,
664 5664 758 5733 τῆς
789 5665 878 5718 τοῦ
924 5667 1124 5735 Κυρίου
1166 5672 1417 5735 προνοίας
1460 5673 1518 5725 τὸ
1559 5676 1727 5741 κεφάν

188 5749 338 5800 λαιον
362 5767 374 5778 ·
418 5752 509 5803 τοῦ
545 5755 831 5821 κεφαλαίου
879 5756 932 5807 δὲ
962 5755 1105 5825 ψυχὴ
1145 5759 1576 5825 μνημονεύουσα,
1633 5767 1725 5815 καὶ

187 5842 255 5911 τῇ
288 5841 409 5909 περὶ
442 5844 530 5897 τὸν
560 5844 844 5917 εὐεργέτην
867 5849 1181 5918 εὐχαριστίᾳ
1214 5850 1459 5918 auidum,
1492 5857 1606 5917 ταῖς
1634 5858 1722 5907 τοῦ

1854 2206 2027 2259 pugna
2057 2196 2315 2251 adversus
2349 2213 2546 2268 corpus
2574 2214 2759 2259 contra
2800 2208 2971 2275 ipsam
3025 2214 3260 2271 animant
3310 2235 3393 2271 ar-

1854 2283 2041 2337 maris.
2070 2284 2356 2341 Factorum
2389 2292 2529 2345 enim
2562 2300 3027 2357 remunerationcs
3073 2320 3192 2359 cum
3218 2312 3391 2365 anima

1856 2387 1960 2425 non
1995 2378 2421 2443 Communicans,
2455 2394 2507 2435 ct
2535 2389 2936 2446 carnidebitam
2969 2411 3179 2464 pmnam
3204 2403 3393 2457 anima.-

1858 2470 2110 2529 tanquam
2143 2467 2253 2521 sola
2280 2458 2571 2536 peccasset,
2630 2476 2858 2546 irrogas.
2896 2481 2952 2536 Si
3011 2488 3153 2540 enim
3213 2494 3393 2547 anima

1855 2550 1965 2601 sola
2000 2559 2487 2614 remunerationem
2536 2564 2799 2640 bonorum
2842 2586 3063 2640 operum
3122 2578 3395 2636 laborum-

1855 2654 1956 2706 que
1992 2641 2203 2708 ltabeat,
2241 2654 2382 2715 patet
2409 2634 2568 2703 ctiam
2594 2669 2782 2710 eorum
2816 2634 3013 2727 quibus
3056 2668 3214 2719 homo
3266 2688 3393 2739 pecv-

1854 2732 2015 2796 cavit,
2054 2749 2263 2801 poenam
2298 2740 2466 2793 solum
2499 2758 2619 2797 esse
2669 2748 2940 2806 daturam.
3000 2754 3101 2811 Sed
3156 2762 3274 2815 vide
3328 2781 3391 2817 ne

1854 2836 2050 2890 corpus
2082 2838 2130 2878 et
2154 2829 2390 2882 animam
2420 2833 2676 2891 adversus
2708 2854 2825 2894 sese
2880 2843 3107 2900 invicem
3149 2850 3200 2903 in
3244 2854 3392 2920 judi-

1854 2906 1995 2958 cium
2042 2924 2222 2965 voces.
2270 2913 2458 2970 Merito
2492 2921 2635 2974 enim
2668 2939 2863 2997 corpus
2888 2946 3009 2985 cum
3062 2937 3239 2991 attinnt
3298 2938 3391 2995 0x4

1854 2997 2152 3062 postularit,
2182 3000 2224 3053 si
2256 3001 2487 3061 honores
2518 3019 2664 3067 recte
2687 3012 2949 3072 factorum
2982 3022 3082 3076 sibi
3114 3027 3390 3094 adimeret,

1856 3087 2145 3157 animaque
2176 3094 2410 3151 vicissim
2466 3116 2587 3157 cum
2649 3122 2895 3177 corpore,
2929 3116 2973 3168 si
3039 3119 3247 3175 debitas
3316 3126 3389 3178 illi

1854 3191 2040 3244 poenas
2067 3197 2122 3235 se
2153 3186 2324 3239 Solum
2367 3191 2570 3249 videret
2623 3202 2891 3256 sustinere
2922 3219 3187 3273 oportere.
3247 3214 3387 3279 Quin

1852 3269 2030 3334 potius
2062 3282 2355 3346 utrumque
2384 3291 2569 3338 contra
2610 3286 2845 3354 judicent
2904 3295 3141 3354 incitas:
3194 3318 3390 3373 corpus

1854 3361 2095 3427 quidem,
2118 3368 2245 3433 quia
2274 3372 2644 3444 retributione,
2664 3394 2822 3449 quam
2849 3400 3106 3453 meretur,
3128 3395 3387 3461 privatur;

1853 3449 2084 3505 animam
2128 3472 2271 3520 vero,
2315 3462 2455 3527 quod
2486 3480 2672 3520 eorum
2722 3487 2950 3538 quorum
2985 3495 3090 3533 non
3122 3492 3203 3535 est
3262 3501 3392 3539 cou-

1851 3542 1983 3602 scia,
2012 3540 2182 3611 pecua:
2212 3547 2279 3599 ab
2305 3564 2365 3602 ca
2397 3552 2705 3621 exigantur.
2725 3558 3001 3629 Cepttlasti
3023 3583 3127 3633 mc,
3154 3587 3185 3623 ο
3212 3571 3389 3627 Domi-

1851 3642 1937 3691 ne,
1973 3634 2186 3699 corpori
2215 3636 2604 3707 ineorporcam,
2640 3655 2692 3698 et
2715 3649 2811 3701 soli
2850 3653 2978 3705 Iliiill
3013 3671 3094 3711 res
3149 3668 3388 3717 terrenas

1848 3734 1951 3771 non
1988 3726 2331 3793 commisisti,
2374 3742 2425 3783 et
2456 3749 2482 3783 a
2517 3750 2601 3789 me
2640 3740 2751 3792 sola
2782 3756 2993 3809 poenam
3024 3750 3218 3819 exigis,
3250 3763 3296 3806 et
3322 3759 3388 3809 do

1847 3821 2034 3873 pinnas
2062 3826 2249 3867 eorum
2296 3819 2496 3881 quibus
2537 3840 2734 3893 corpus
2769 3835 3030 3897 peccavit,
3086 3832 3383 3907 ebrietatis,

1846 3896 2243 3966 fornicationis,
2277 3908 2432 3972 gula}.
2471 3909 2565 3966 Ubi
2597 3918 2738 3967 enim
2773 3930 2897 3971 sunt
2922 3922 3033 3979 lucc
3056 3927 3247 3983 animae
3271 3947 3383 3999 pro-

1845 3986 1979 4051 pria,
2022 3997 2082 4043 ut
2110 3990 2306 4049 invidia
2360 3997 2514 4065 forte,
2572 4007 2651 4058 \‘cl
2706 4007 2962 4067 luet-esis?
3020 4015 3381 4081 Quemadmn-

1844 4076 1969 4128 dum
2004 4081 2147 4134 enim
2181 4083 2293 4145 lucc
2328 4103 2432 4141 non
2462 4104 2586 4145 sunt
2637 4101 2897 4165 corporis,
2931 4104 3011 4158 sic
3063 4122 3236 4176 neque
3290 4113 3379 4168 illa

1842 4166 2054 4235 animae,
2087 4172 2187 4226 etsi
2215 4175 2441 4231 alterum
2480 4182 2596 4235 sine
2625 4186 2793 4238 altero
2850 4191 2913 4243 ad
2984 4205 3207 4265 utraque
3270 4202 3384 4256 inc-

1845 4249 2010 4323 plunt.
2050 4264 2258 4334 Corpus
2310 4286 2436 4325 vero
2480 4292 2599 4329 cum
2648 4281 2748 4333 alia
2795 4298 2891 4351 pro
2924 4302 2980 4340 sc
3027 4290 3168 4344 dicat
3212 4295 3379 4369 justa,

1847 4361 1955 4402 tum
1995 4369 2095 4422 ego
2143 4373 2240 4424 pro
2276 4370 2325 4413 te
2357 4372 2581 4437 mortem
2610 4373 2831 4436 oppetii,
2869 4389 2974 4428 non
3012 4381 3207 4432 anima.
3260 4384 3377 4439 Non

1840 4441 1982 4492 enim
2025 4459 2200 4499 meum
2251 4460 2333 4502 est
2367 4452 2609 4509 laborare
2650 4459 2718 4512 ob
2749 4462 2888 4529 leges
2921 4475 3038 4521 tuas
3082 4470 3300 4538 jcjttuiis
3328 4486 3380 4529 ct
3456 4526 3459 4529 .

1838 4530 2055 4598 vigiliis.
2088 4535 2188 4589 Per
2219 4543 2457 4596 membra
2492 4562 2606 4601 mea
2632 4551 2929 4621 virginitas.
2970 4557 3253 4622 Quomodo
3281 4568 3379 4636 ξεί-

1842 4631 1925 4674 tur
1956 4638 2061 4677 non
2102 4627 2367 4697 iniquum,
2408 4650 2529 4689 cum
2562 4655 2677 4694 mea
2726 4644 2831 4697 sint
2892 4653 3201 4717 certamina,
3258 4660 3377 4709 ani-

1842 4726 1980 4766 maln
2010 4717 2124 4769 sine
2168 4735 2254 4773 me
2280 4736 2532 4779 coronam
2567 4730 2805 4797 accipere
2829 4734 2851 4785 ?
2880 4734 3009 4799 Quae
3037 4750 3118 4792 est
3167 4755 3377 4799 senten—

1838 4803 1909 4855 tia
1944 4818 2129 4858 corun.
2162 4808 2349 4875 judicii
2395 4830 2406 4863 :
2444 4816 2741 4873 Communis
2771 4839 2982 4890 merces,
3018 4841 3064 4882 el
3090 4839 3374 4889 communis

1833 4908 2000 4959 pana,
2027 4897 2149 4964 quia
2179 4901 2336 4953 etiam
2366 4906 2598 4973 utrisque
2628 4918 2922 4968 communia
2944 4934 3097 4985 opera
3120 4922 3329 4988 {uerunt
3354 4930 3378 4979 ἱ)

1834 4980 2154 5053 Quanquam
2191 4990 2241 5043 in
2279 4993 2548 5061 aliquibus
2581 5006 2923 5057 contentione
2958 5022 3120 5061 unum
3153 5027 3375 5079 supcrat

1832 5071 2060 5127 alterum
2091 5096 2101 5128 :
2136 5086 2189 5130 et
2220 5080 2577 5138 sibi’invicem
2614 5091 2897 5155 conjuncta
2942 5093 3109 5149 fuisse
3162 5101 3230 5153 ab
3268 5102 3371 5155 ini-

1838 5160 1913 5213 tio
1942 5164 2008 5213 ad
2042 5179 2356 5222 communes
2390 5172 2602 5230 labores
2648 5177 2941 5249 obeundos,
2991 5190 3369 5253 conﬁtendum,

1837 5262 1889 5304 et
1920 5254 2221 5319 sciendum,
2271 5268 2324 5313 et
2368 5261 2477 5316 fore
2505 5275 2563 5319 ut
2595 5284 2907 5329 communes
2949 5293 3173 5333 coronas
3221 5296 3369 5348 parta

1836 5345 2061 5398 victoria
2099 5350 2383 5417 accipiant,
2418 5364 2468 5408 et
2498 5359 2763 5425 inquibus
2784 5376 3096 5431 peccarunt,
3132 5387 3369 5427 commu-

1834 5449 1927 5486 nes
1963 5451 2152 5503 poenas
2186 5442 2355 5496 luant.

2104 5550 2351 5619 Ejusrlem
2383 5559 2549 5612 altera
2579 5565 2746 5615 oratio
2780 5568 2832 5617 in
2862 5567 3091 5627 Pascha.

1904 5679 2243 5737 llesurrcctio
2275 5696 2355 5740 est
2386 5700 2542 5756 caput
2573 5696 2918 5758 providentia:
2986 5702 3189 5755 Domini
3226 5723 3235 5757 :
3277 5726 3371 5761 ra-

1832 5769 1956 5831 pilis
2015 5787 2135 5824 vero
2183 5777 2357 5829 anima
2400 5796 2635 5842 memor,
2690 5797 2740 5837 cl
2777 5792 2973 5854 gratias
3011 5808 3168 5857 agens
3209 5796 3363 5848 ιιι-ηιξ-
3421 5804 3427 5809 ⁷

1831 5858 2041 5925 lactori,
2081 5863 2279 5919 inimici
2315 5867 2517 5936 laqueis
2561 5876 2675 5941 capi
2719 5892 2820 5930 non
2874 5891 3061 5947 potest.
3126 5886 3360 5939 Ascrnde
