4122 6338
706 364 836 429 1495

2154 366 2216 425 s.
2246 364 2419 455 NILI’

3753 370 3882 436 1496

702 480 768 531 ad
799 478 1142 547 antiquorum
1180 478 1449 539 historias.
1506 485 1560 529 et
1590 476 1795 530 videbis
1826 474 2240 530 resurrectionis

2337 473 2533 543 ἐχθροῦ
2565 473 2866 537 δυσάλωτος
2898 474 3118 543 ,γίνεται
3172 475 3391 545 πάγαις.
3444 479 3700 550 Ἀνάόηθι
3744 485 3883 553 urbe;

701 570 1186 623 adumbrationem.
1246 569 1531 622 Brutorum
1575 567 1719 620 enim
1769 577 1957 620 natura
2001 567 2236 619 animata

696 665 879 711 creata
907 664 1009 718 est,
1028 658 1204 711 anima
1231 672 1353 711 cum
1371 670 1598 725 corpore
1624 656 1784 710 simul
1808 655 2041 710 condita.
2065 654 2234 707 Adam

703 757 876 801 autem
904 747 1020 800 sine
1033 746 1211 799 anima
1229 761 1259 799 c
1287 746 1400 799 luto
1420 745 1571 798 fictili
1592 743 1854 798 formatus
1882 752 1965 797 est
1979 743 2020 808 ³,
2039 742 2237 797 deinde

697 837 876 889 anima
921 836 1273 905 inspiratione
1303 835 1532 889 formata
1578 843 1681 897 est,
1732 835 1885 903 quin,
1944 840 2003 887 ut
2057 833 2235 887 verius

701 925 914 993 loquar,
951 926 1346 994 superinducta
1376 932 1478 979 est.
1514 922 1579 978 Et
1608 936 1941 977 mortuorum
1999 936 2237 976 resurre-

702 1015 901 1069 ctionis
928 1015 1156 1069 Creator
1180 1015 1533 1084 primordium
1558 1015 1740 1068 'statim
1772 1014 1916 1067 fecit.
1950 1011 2066 1067 Non
2090 1013 2234 1067 enim

700 1117 729 1155 e
766 1104 936 1156 solida
965 1104 1349 1171 protoplastum
1388 1104 1511 1158 fecit
1536 1092 1783 1169 materia,
1820 1105 1912 1158 sed
1938 1105 2236 1172 terrm-pul-

698 1204 877 1245 verem
928 1192 981 1243 in
1027 1190 1252 1245 formam
1282 1192 1523 1259 adduxit,
1574 1194 1766 1248 tollens
1818 1194 1885 1246 ab
1924 1194 2080 1247 initio
2134 1195 2235 1248 bo—

698 1279 904 1332 minum
934 1279 1321 1346 infidelitatem,
1354 1282 1504 1350 quia,
1532 1282 1634 1336 etsi
1653 1281 1831 1351 pulvis
1870 1286 1942 1336 sit
1984 1292 2232 1337 mortuus

697 1379 752 1423 et
784 1369 1090 1448 immobilis,
1124 1370 1282 1426 facile
1310 1372 1489 1425 anima
1524 1386 1809 1442 resurgere
1836 1372 1987 1434 facit,
2020 1383 2074 1427 et
2113 1372 2234 1426 nul-

695 1460 805 1514 lum
842 1462 1019 1517 ferens
1045 1463 1329 1531 vestigium
1358 1459 1752 1530 vivificationis,
1785 1479 1884 1519 nec
1940 1464 2231 1535 accipiens,

693 1552 1007 1621 participem
1040 1553 1214 1608 reddit
1259 1554 1439 1609 vitalis
1466 1555 1886 1624 conjunctionis.
1924 1554 2041 1610 Non
2086 1558 2231 1611 enim

694 1643 1043 1711 corruptibile
1080 1658 1280 1713 corpus
1350 1636 1498 1710 fecit,
1559 1640 1654 1701 sed
1697 1655 1936 1716 tempore
1994 1649 2231 1717 quodam

695 1733 947 1787 solutioni
982 1734 1171 1797 tradit,
1202 1734 1547 1789 vitiositatem
1570 1735 1717 1791 vasis
1747 1752 1813 1790 ex
1853 1747 2075 1806 peccato
2106 1754 2232 1808 pur-

694 1838 827 1891 gans
856 1838 920 1877 ac
950 1836 1170 1888 sanans,
1202 1833 1256 1880 et
1288 1824 1650 1894 putrefactum
1682 1830 1886 1893 peccati
1911 1828 2232 1882 mortalitate

695 1913 994 1979 inveniens,
1028 1914 1219 1970 mortis
1241 1914 1461 1969 fornace
1506 1915 1775 1981 dissolvit,
1810 1924 1865 1971 et
1910 1916 2001 1971 ubi
2049 1918 2227 1983 solvit,

692 2017 786 2056 vas
822 2003 1184 2070 putrefactum
1216 2006 1283 2059 de
1336 2020 1475 2058 novo
1530 2005 1746 2071 format,
1807 2020 1875 2060 ne
1921 2007 2226 2070 admireris,

690 2094 844 2157 quasi
894 2094 1136 2149 altiorem
1185 2103 1343 2163 captu
1388 2098 1736 2150 mortuorum
1764 2095 2226 2151 reformationem.

690 2181 861 2236 Tanta
893 2183 1033 2237 enim
1070 2199 1159 2238 ars
1187 2193 1263 2238 est
1292 2183 1497 2238 lictoris
1539 2183 1594 2247 in
1617 2183 1887 2260 fingendo,
1945 2192 2004 2237 ut
2064 2184 2225 2237 etiam

689 2287 843 2339 aqua:
872 2282 1116 2326 naturam
1150 2273 1202 2325 in
1237 2272 1529 2327 simulacra
1561 2272 1614 2325 in
1647 2280 1833 2325 ventre
1878 2272 2096 2337 formet,
2124 2273 2227 2327 hoc

688 2362 819 2415 mihi
856 2362 1024 2429 magis
1069 2360 1378 2414 mirandum
1427 2359 1657 2423 videtur,
1696 2375 1858 2427 quam
1895 2360 2009 2429 ipsa
2047 2375 2228 2415 resur-

686 2452 887 2523 rectio;
918 2452 991 2506 ibi
1020 2449 1161 2504 enim
1192 2465 1222 2504 e
1259 2450 1477 2517 pulvere
1510 2445 1755 2503 mort'uus
1786 2450 2070 2513 formatur,
2094 2450 2224 2504 etii-

687 2543 845 2610 gulus
892 2556 986 2594 vas
1015 2554 1044 2595 e
1077 2550 1218 2594 terra
1249 2538 1468 2604 format,
1522 2540 1725 2594 nostris
1778 2539 1987 2594 artibus
2024 2540 2224 2593 similia

685 2641 1073 2699 repraesentans
1104 2642 1120 2681 :
1152 2628 1239 2683 hic
1269 2643 1398 2683 vero
1418 2629 1559 2682 nuda
1579 2628 1822 2697 quaedam
1849 2638 1995 2697 gutta
2024 2628 2224 2683 factum

684 2730 769 2775 cst
807 2721 1012 2785 lutum,
1057 2730 1184 2785 etc
1239 2726 1392 2787 gutta
1453 2718 1512 2771 fit
1567 2719 1770 2772 animal
1817 2719 2026 2773 ratione
2087 2734 2224 2788 prae-

683 2810 880 2869 ditum,
912 2812 951 2862 Ο
979 2816 1146 2861 artem
1177 2822 1243 2861 ex
1266 2822 1405 2876 aqua
1444 2807 1736 2861 simulacra
1778 2807 2132 2862 formantem!
2159 2807 2225 2861 Et

682 2914 790 2953 non
821 2897 923 2951 hoc
970 2898 1142 2951 solum
1170 2897 1364 2949 mirum
1395 2884 1497 2959 est,
1531 2910 1727 2964 aquam
1783 2896 1956 2964 sculpi
2004 2896 2057 2948 in
2106 2895 2224 2948 ani-

682 3003 893 3043 marum
937 2985 1309 3049 simulacrum,
1351 2986 1443 3040 sed
1480 2986 1627 3039 intus
1677 2984 1899 3037 formari
1961 2983 2223 3040 fluctuans

2334 564 2431 635 τὴν
2467 566 2574 618 τῶν
2603 565 2901 635 ἀνθρώπων
2930 567 3342 635 ἀρχαιολογίαν,
3371 570 3461 621 καὶ
3492 572 3591 641 τὴν
3621 574 3719 641 τῆς
3746 576 3880 626 ἀνα-

2337 652 2574 715 στάσεως
2621 654 2987 723 σκιαγραφίαν
3036 648 3306 725 εύρήσεις.
3364 656 3428 709 Ἡ
3487 660 3585 728 μὲν
3629 661 3738 729 γὰρ
3771 660 3882 714 τῶν

2334 741 2541 808 ἀλόγων
2570 741 2728 810 φύσις
2773 742 3013 813 ἔμψυχος
3046 742 3533 819 δεδημιούργηται,
3563 749 3640 819 τῷ
3668 756 3880 820 σώματι

2332 833 2432 900 τῆς
2485 832 2662 912 ψυχῆς
2715 834 3369 907 συγκατασκευασθείσης.
3442 839 3680 910 Ἀψυχος
3731 842 3786 895 δὲ
3851 846 3881 896 ὁ

2345 922 2515 991 Ἀδάμ
2561 923 2732 992 πηλοῦ
2777 924 3195 988 διαπλασθέντος
3244 930 3631 1001 μεμόρφωται·
3676 928 3789 985 εἶτα
3842 936 3880 1005 ή

2323 1011 2477 1085 ’ψυχὴ
2505 1012 2583 1083 τῷ
2615 1016 2971 1085 ὲμφυσήματι
3008 1019 3358 1088 μεμόρφωται
3379 1060 3394 1081 .
3430 1022 3622 1089 μᾶλλον
3650 1024 3706 1075 δὲ
3744 1024 3881 1093 ἀλη-

2335 1102 2442 1165 θῶς
2469 1103 2664 1169 εἰπεῖν,
2717 1104 3082 1170 ἑπεισάγεται.
3110 1107 3216 1163 Καὶ
3235 1108 3334 1179 τὴν
3356 1111 3419 1162 ὲκ
3445 1112 3651 1181 νεκρῶν
3678 1113 3881 1177 εὐθέως

2331 1191 2361 1241 ὁ
2394 1190 2645 1260 Πλάστης
2676 1186 3087 1263 προοιμιάζεται
3127 1193 3359 1265 ἔγερσιν.
3402 1199 3524 1252 Οὐδ’
3557 1202 3619 1253 ὲκ
3653 1205 3881 1271 στερεᾶς

2332 1279 2420 1333 τὸν
2451 1283 2870 1351 πρωτόπλαστον
2900 1280 3210 1356 συντίθησιν
3239 1287 3391 1358 ὕλης.
3412 1289 3547 1343 άλλά
3574 1290 3672 1359 τῆς
3695 1292 3795 1360 γῆς
3815 1292 3882 1344 τὸ

2331 1370 2558 1439 χνοῶδες
2583 1372 2837 1441 χαλκεύει
2872 1374 3008 1444 πρὸς
3042 1376 3343 1445 μόρφωσιν,
3372 1377 3571 1431 πείθων
3604 1380 3669 1432 ὲκ
3701 1396 3880 1449 προοι-

2335 1461 2489 1528 μίων
2509 1462 2600 1514 τὸν
2630 1462 2856 1516 ἄπιστον
2876 1504 2889 1529 ,
2922 1465 3038 1529 am,
3067 1464 3388 1540 κᾶν’χοῦςῇ
3418 1468 3610 1539 νεκρὸς
3633 1471 3727 1523 καὶ
3757 1471 3880 1523 ἀκί-

2328 1566 2521 1621 νητος,
2555 1552 2685 1622 ῥᾷον
2718 1554 2751 1623 ἡ
2798 1552 2943 1623 ψυχὴ
2986 1555 3124 1623 ιπρὸς
3162 1547 3455 1609 ἀνάστασιν
3501 1558 3657 1627 ἄγει·
3688 1561 3780 1612 καὶ
3812 1560 3880 1612 τὸ

2333 1641 2456 1712 μηδ’.
2479 1643 2600 1710 ι’χνη
2639 1643 2774 1712 μήτε
2802 1644 2963 1696 λαϐὸν
2996 1646 3133 1715 μήτε
3155 1646 3316 1717 φέρον
3350 1646 3609 1712 ζωώσεως
3630 1691 3643 1712 ,
3683 1667 3879 1703 κοινω-

2328 1730 2416 1783 νὺν
2444 1733 2677 1785 ποιεῖται
2709 1731 2993 1803 ζωηφόρου
3023 1734 3398 1805 συμϐιώσεως.
3419 1739 3505 1791 -Ού
3536 1739 3643 1806 γάρ
3672 1740 3881 1807 φθορᾶς

2261 1793 2302 1847 Β
2329 1819 2388 1871 τὸ
2438 1821 2594 1889 σῶμα
2640 1793 2910 1873 etesiis;
2939 1793 3510 1896 napavdkmgxa,'&nd
3769 1793 3880 1884 τινί

2328 1906 2479 1959 λύσει
2512 1908 2869 1978 παραδίδωσι.
2895 1910 2991 1980 τὴν
3015 1914 3079 1964 ἐκ
3110 1913 3207 1982 τῆς
3231 1906 3498 1985 ἁμαρτίας
3520 1917 3611 1968 τοῦ
3648 1919 3886 1981 σκεύους

2327 1997 2605 2066 καθαίρων
2631 2016 2692 2051 τε
2719 2000 2810 2052 καὶ
2857 1999 3152 2070 ἐξιώμενος
3183 2006 3443 2067 κάκωσιν,
3483 2008 3575 2059 καὶ
3612 2011 3678 2078 τῇ
3725 2010 3881 2079 παρά

2328 2090 2426 2156 τῆς
2463 2090 2742 2159 ἁμαρτίας
2784 2090 2959 2160 εὑρὼν
2997 2092 3407 2163 σεσαθρωμένον
3435 2095 3751 2167 θνητότητι,
3792 2096 3879 2163 τῷ

2325 2176 2417 2228 τοῦ
2457 2177 2686 2230 θανάτου
2724 2178 2928 2231 διαλύει
2961 2181 3323 2252 χωνευτηρίῳ,
3373 2186 3468 2237 καὶ
3511 2186 3697 2252 λύσας,
3736 2191 3880 2259 πρὸς

2326 2263 2650 2318 νεόπλαστον
2675 2265 2866 2328 σκεῦος
2896 2267 2958 2319 τὸ
2987 2268 3263 2339 σαθρωθὲν
3285 2272 3630 2327 ἀναπλάττει.
3656 2277 3763 2328 Καὶ
3793 2278 3878 2346 μὴ

2327 2352 2632 2426 θαυμάσῃς,
2682 2356 2757 2418 ὡς
2786 2355 3058 2426 λογισμῶν
3084 2359 3376 2429 ἁνωτέραν,
3405 2361 3500 2432 τὴν
3531 2363 3636 2415 τῶν
3665 2366 3876 2435 νεκρῶν

2324 2445 2735 2513 ἀναχάλκευσιν.
2775 2447 3021 2516 Τοσαύτη
3074 2448 3179 2519 γάρ
3234 2451 3368 2519 πρὸς
3409 2451 3878 2520 ἀγαλματοποιίαν

2324 2534 2357 2600 ἡ
2376 2535 2549 2605 ,τέχνη
2580 2536 2673 2589 τοῦ
2703 2536 2964 2600 πλάστου,
2994 2538 3069 2602 ὡς
3110 2539 3200 2590 καὶ
3250 2540 3410 2607 φύσιν
3440 2541 3635 2605 ὕδατος
3663 2547 3744 2607 είς
3777 2546 3879 2596 ἀνι

2321 2624 2575 2694 ὁριάντας
2616 2629 2674 2681 ὲν
2710 2612 2907 2699 γαστρὶ
2947 2627 3311 2681 διαπλάττειν.
3348 2629 3516 2682 Τοῦτό
3555 2648 3644 2699 μοι
3690 2640 3877 2701 παρα,

2323 2716 2597 2787 δοξότερον
2629 2718 2723 2771 τοῦ
2769 2720 2895 2790 περὶ
2923 2718 3023 2789 τὴν
3049 2721 3341 2773 ἀνάστασιν
3378 2720 3674 2790 θαύματος.
3727 2724 3880 2778 Ἐκεῖ

2325 2806 2424 2873 μὲν
2454 2808 2561 2878 γάρ
2587 2811 2651 2860 ἐκ
2674 2809 2793 2878 χοδς
2815 2809 3002 2879 νεκρὸς
3032 2810 3439 2880 πηλουργεῖται,
3469 2814 3565 2864 καὶ
3588 2814 3649 2865 τὸ
3679 2812 3878 2878 σκεῦος

2320 2895 2350 2947 ὁ
2387 2897 2659 2967 κεραμεὺς
2689 2898 2754 2949 ἐκ
2792 2899 2888 2967 τῆς
2912 2899 3015 2967 γῆς
3058 2901 3412 2964 ἀναπλάττει,
3461 2884 3725 2970 σύμφωνά
3754 2920 3877 2967 πως

2321 2994 2441 3054 ταῖς
2471 2992 2598 3060 παρ’
2642 2994 2770 3061 ἡμῖν
2805 2993 3212 3063 ἐνδεικνύμενος
3248 2996 3465 3064 τέχναις
3488 3013 3503 3029 ⁸
3547 2999 3775 3052 ἐνταῦθα
3813 3001 3877 3054 δὲ

682 3092 885 3133 semen.
914 3076 1150 3145 Sanguis
1178 3075 1319 3128 enim
1355 3074 1592 3142 undique
1624 3072 1875 3139 bulliens,
1906 3088 2088 3127 semen
2115 3077 2254 3157 huc,

2324 3083 2502 3151 γυμνή
2536 3099 2618 3143 τις
2650 3082 2863 3149 σταγὼν
2890 3084 2996 3135 τῶν
3030 3085 3410 3153 πλαττομένων
3444 3085 3653 3153 γίνεται
3680 3090 3873 3158 πηλὸς,

683 3178 842 3238 atque
869 3167 995 3220 illuc
1022 3174 1219 3221 nutans
1240 3172 1294 3219 et
1324 3178 1465 3233 aegre
1492 3164 1685 3217 stabile
1709 3162 1860 3226 facit,
1892 3172 1947 3217 et
1989 3164 2096 3216 illis
2128 3165 2220 3217 de-

682 3256 928 3310 cumanis
948 3254 1202 3322 agitatum
1239 3253 1513 3317 ﬂuctibus,
1545 3253 1780 3305 animata
1835 3259 2012 3304 tamen
2042 3260 2217 3306 statua

680 3343 972 3413 perﬁcitur.
1009 3340 1051 3395 0
1082 3343 1341 3410 pictorem
1376 3343 1429 3394 in
1482 3340 1760 3395 fluctuanti
1810 3340 1975 3395 linteo
2032 3328 2219 3395 Secure

682 3434 1023 3506 pingentem!
1059 3432 1291 3500 Sanguis
1321 3433 1462 3485 enim
1496 3440 1750 3499 tanquam
1782 3432 2006 3486 linteum
2037 3432 2221 3500 subja-

681 3516 767 3577 «τρι
817 3521 1049 3576 formato
1078 3521 1231 3576 fetui.
1266 3520 1375 3575 Hoc
1408 3520 1661 3575 Salomon
1700 3523 1863 3575 etiam
1926 3538 2049 3576 eum
2107 3532 2221 3577 stu-

678 3628 809 3683 pore
833 3613 1129 3672 admirans,
1166 3610 1231 3663 In
1265 3620 1455 3674 ventre,
1485 3611 1683 3678 inquit,
1719 3613 1903 3663 matris
1963 3611 2219 3679 ﬁguratus

682 3718 798 3755 sum
830 3715 973 3763 caro,
1008 3700 1180 3751 decem
1214 3699 1467 3752 mensium
1493 3707 1719 3766 tempore
1748 3697 2060 3767 coagulatus
2104 3714 2220 3752 sum

682 3793 736 3843 in
766 3791 1013 3857 sanguine
1038 3789 1081 3841 ⁸.
1116 3788 1336 3842 Femina
1386 3791 1528 3843 enim
1572 3800 1824 3859 tanquam
1865 3790 2089 3858 pictoris
2140 3789 2221 3843 of-

684 3882 845 3935 ﬁcina
871 3879 1145 3949 proposita
1193 3887 1294 3941 est,
1345 3879 1583 3932 colorum
1621 3893 1749 3932 vero
1796 3872 2076 3933 materiam
2138 3880 2220 3933 vir

683 3973 853 4026 addit.
884 3971 977 4025 Est
1005 3974 1129 4024 vero
1158 3969 1280 4038 quis
1306 3969 1480 4038 pictor
1505 3970 1566 4022 in
1594 3977 1769 4034 utero,
1804 3984 1868 4024 ex
1899 3984 2008 4023 uno
2038 3971 2220 4024 colore

682 4079 713 4116 σι
758 4062 943 4116 multis
969 4062 1318 4128 compositam
1351 4060 1574 4129 pingens
1615 4060 1924 4126 imaginem.
1958 4059 2061 4112 Sed
2087 4072 2221 4126 quo-

686 4154 845 4206 modo
882 4167 911 4205 e
939 4150 1205 4204 t‘eculento
1235 4149 1439 4203 semine
1469 4147 1640 4201 oculis
1690 4145 1896 4200 addidit
1951 4146 2219 4215 eleganter

681 4239 972 4311 pupillam?
1018 4239 1288 4307 quomodo
1335 4252 1365 4290 e
1415 4236 1718 4291 substantia
1750 4233 1893 4287 ﬂuxa
1933 4249 2058 4289 ossa
2088 4222 2254 4289 eon-'

681 4331 855 4386 didit?
874 4329 1147 4398 quomodo
1176 4343 1241 4380 ex
1270 4327 1444 4381 soluto
1473 4326 1677 4380 semine
1702 4340 1896 4379 nervos
1925 4325 2221 4393 compegit?

2325 3171 2418 3222 καὶ
2451 3170 2663 3238 λογικὸν
2696 3173 2761 3223 ὲκ
2792 3173 3057 3239 σταγόνος»
3087 3173 3389 3229 συντίθεται
3419 3177 3624 3239 (eam.
3664 3179 3727 3229 ’Ὠ
3752 3180 3878 3247 τέχ-

2323 3276 2419 3329 νης
2454 3259 2512 3324 ἐξ
2540 3260 2732 3318 ὓδατος
2777 3262 3086 3331 γλυφούσης
3116 3249 3438 3332 ἀγάλματα·
3484 3269 3576 3318 καὶ
3610 3268 3671 3319 οὐ
3713 3268 3878 3320 τοῦτο

2327 3350 2486 3420 μόνον
2525 3352 2817 3418 παρέχεται
2846 3352 2905 3403 τὸ
2931 3352 3229 3419 παράδοξον
3251 3394 3264 3417 ,
3297 3353 3599 3422 ὃτιγλύφει
3627 3354 3685 3408 τὸ
3724 3355 3875 3426 ὕδωρ

2324 3443 2403 3502 είς
2435 3440 2671 3509 ἔμψυχον
2701 3440 2886 3503 ξόανον
2907 3456 2921 3470 ⁸
2958 3440 3072 3492 ἀλλ’
3104 3441 3184 3492 ὅτι
3217 3440 3310 3493 καὶ
3333 3444 3746 3512 κυματουμένην
3769 3444 3875 3513 τὴν

2323 3528 2486 3596 γονὴν
2520 3528 2667 3580 ἔνδον
2702 3526 3027 3580 τεκτονεύει.
3062 3528 3317 3590 Δίμάτων
3346 3523 3455 3597 γὰρ
3479 3527 3739 3582 πάντοθεν
3769 3546 3875 3581 πε-

2327 3615 2712 3684 ριϐράσσοντες
2768 3616 3088 3685 χείμαρροι,
3151 3614 3481 3684 περιρρεπὲς
3537 3616 3748 3668 ποιοῦσι
3807 3617 3877 3670 τὸ

2326 3704 2532 3774 σπαρὲν
2557 3706 2650 3756 καὶ
2679 3704 3030 3773 δυστήρικτον
3052 3720 3066 3735 ο
3094 3706 3186 3756 καὶ
3212 3704 3233 3774 Ῐ
3236 3704 3323 3775 τῇ]
3354 3706 3585 3775 τοσαύτῃ
3609 3706 3882 3774 ναυαγού-

2328 3809 2485 3861 μενον
2513 3794 2774 3862 τρικυμία
2800 3794 2893 3845 καὶ
2920 3792 3075 3863 ζάλῃ,
3101 3793 3236 3861 πρὸς
3264 3794 3502 3862 ἔμψυχον
3522 3798 3666 3862 ὅμως
3694 3797 3879 3865 ἀπαρ-

2322 3885 2528 3948 τίζεται
2574 3884 2880 3953 ἀνδριάντα.
2936 3883 3000 3934 Ὢ
3053 3881 3311 3951 γραφέως
3362 3884 3454 3934 ἐπὶ
3508 3885 3882 3955 σαλευομένης
3961 3942 3964 3943 ,

2325 3973 2557 4034 σινδόνος
2588 3973 2844 4039 ἀσφαλῶς
2867 3971 3297 4041 ζωγραφοῦντος.
3332 3964 3404 4025 Τὸ
3432 3974 3544 4041 γὰρ
3577 3972 3734 4045 αἷμα,
3760 3972 3880 4030 οἷον

2326 4062 2511 4114 σινδὼν
2559 4078 2642 4124 τις
2675 4062 2960 4113 ὑπόκειται
2994 4064 3059 4129 τῇ
3110 4061 3461 4133 μορφούμενῃ
3494 4068 3647 4136 γονῇ.
3700 4066 3881 4120 Τοῦτο

2324 4152 2419 4205 καί⁵
2463 4151 2712 4219 Σολομὼν
2753 4151 3223 4228 ἐκπληττόμενος,
3268 4152 3487 4221 ἔλεγεν⁵
3530 4154 3631 4207 Ἐν
3674 4159 3881 4223 κοιλίᾳ

2319 4245 2543 4311 μητρὸς
2573 4245 2843 4312 ἐγλύφην
2871 4243 3061 4310 σὰρξ,
3099 4243 3492 4312 δεκαμηνιαίῳ
3532 4247 3723 4312 χρόνῳ
3759 4263 3880 4300 πα-

2324 4334 2446 4399 γείς
2472 4333 2541 4385 ἐν
2575 4334 2792 4400 αἵματι.
2833 4332 3126 4400 Πρόκειται
3173 4333 3270 4401 μὲν
3308 4331 3493 4402 ὥσπερ
3532 4333 3878 4401 ζωγραφεῖον

683 4423 953 4492 quomodo
983 4420 1262 4487 sanguinis
1283 4418 1499 4471 canales
1526 4431 1686 4469 venas
1714 4416 2044 4483 desculpsit?
2080 4430 2219 4481 quo-
2251 4429 2254 4479 ξ

2324 4440 2372 4474 τι
2403 4424 2463 4474 τὸ
2495 4422 2628 4490 θῆλυ
2650 4439 2665 4453 ·
2696 4422 2803 4473 τῶν
2832 4422 3140 4491 χρωμάτων
3184 4422 3241 4473 δὲ
3281 4423 3381 4490 τὴν
3422 4422 3570 4491 ὓλην,
3612 4423 3672 4474 τὸ
3704 4423 3877 4491 ἇρῤεν

684 4512 846 4567 modo
883 4510 1090 4565 cerebri
1129 4508 1180 4561 in
1200 4507 1373 4575 capite
1409 4504 1708 4558 custodiam
1746 4504 1960 4558 ossibus
1992 4502 2227 4571 aptavit?

2324 4516 2621 4571 ἐπιϐάλλει.
2660 4514 2925 4584 Ἦνθηται
2957 4512 3234 4584 [κάθηται]
3276 4512 3333 4565 δέ
3372 4528 3454 4573 τις
3486 4513 3542 4563 ἐν
3569 4514 3636 4581 τῇ
3686 4515 3878 4581 μήτρᾳ

685 4602 953 4674 quomde
987 4600 1126 4654 fetus
1163 4599 1218 4652 in
1246 4598 1475 4652 obscura
1506 4596 1749 4663 depictus
1783 4593 2016 4655 ofﬁcina,
2042 4601 2222 4661 aptum

2324 4604 2640 4672 ζωγράφος.
2693 4604 2751 4669 ἐξ
2789 4603 2905 4665 ἐνὸς
2951 4604 3237 4672 χρώματος
3275 4600 3664 4655 πολυσύνθετον
3703 4616 3881 4652 κατα-

686 4696 1044 4747 membrorum
1077 4690 1240 4743 situm
1271 4686 1511 4755 accepit?
1545 4686 1648 4740 Sed
1667 4696 1921 4752 tanquam
1943 4683 2094 4736 radio
2119 4693 2227 4736 ute-

2324 4695 2610 4747 ποικίλλων
2639 4694 2840 4747 εἰκόνα.
2872 4694 2995 4755 Πῶς
3026 4693 3084 4758 ἐξ
3116 4685 3365 4754 ίλυώδοός
3392 4691 3551 4757 γονῆς
3574 4689 3880 4757 ὀφθαλμοῖς

684 4798 803 4835 rum
849 4781 1170 4841 illustrante,
1215 4776 1408 4844 cuique
1469 4776 1603 4842 parti
1636 4775 1912 4851 proprium
1956 4776 2225 4829 membro-

2324 4785 2610 4851 ὲνηγλάῐσε
2666 4783 2863 4852 κόρην;
2912 4779 3035 4845 Πῶς
3079 4784 3142 4833 ὲκ
3198 4780 3427 4850 ροώδους
3468 4778 3655 4841 οὐσίας
3697 4778 3879 4829 ὀστῶν

686 4892 804 4928 rum
826 4874 1004 4927 locum
1032 4872 1206 4940 pictor
1234 4867 1513 4923 distribuit
1538 4885 1552 4919 :
1588 4867 1822 4918 Amictus
1856 4867 1998 4940 enim
2028 4866 2223 4919 lumine

684 4968 819 5017 sicut
842 4937 1138 5016 vestimento
1173 4962 1215 5022 ⁵,
1246 4967 1327 5013 est
1352 4957 1593 5013 occultus
1613 4955 1814 5008 fetuum
1844 4937 2223 5023 pictoruQuem

2328 4870 2659 4938 συνεπήξατο
2685 4870 2880 4937 φύσιν;
2915 4868 3029 4931 πῶς
3060 4870 3123 4920 ὲκ
3155 4865 3451 4934 λελυμένης
3493 4866 3717 4933 σπορᾶς,
3746 4865 3879 4916 νεύ-

2327 4976 2435 5028 ρων
2478 4958 2769 5027 ὲστερὲωσε
2814 4957 3003 5031 τόνον;
3054 4955 3169 5016 πῶς
3210 4953 3454 5021 αἱμάτων
3506 4953 3750 5023 σωλῆνας
3789 4953 3879 5004 δι-

686 5059 853 5112 David
893 5056 1126 5112 celebrat
1156 5053 1425 5107 dicendo:
1468 5052 1587 5104 Non
1608 5050 1926 5104 abscondisti
1963 5066 2017 5101 os
2058 5066 2226 5102 meum

2327 5051 2525 5119 έγλυψε
2554 5048 2650 5110 τὰς
2675 5047 2907 5118 φλέϐας;
2943 5045 3059 5107 πῶς
3089 5044 3189 5106 τὰς
3214 5044 3321 5096 τῶν
3354 5044 3552 5098 ὀστέων
3586 5044 3880 5113 ἐγκεφάλῳ

690 5169 721 5203 a
763 5163 829 5213 te,
879 5148 1013 5217 quod
1041 5146 1211 5215 fecisti
1238 5146 1290 5198 in
1330 5144 1529 5196 occulto
1564 5145 1606 5193 ⁸.
1645 5141 1793 5194 Hanc
1819 5157 1849 5194 e
1878 5150 2026 5210 gutta
2079 5140 2227 5209 cogi-

2326 5142 2659 5209 περιήρμοσε
2693 5139 2891 5206 θήκας;
2933 5134 3047 5197 πῶς
3072 5137 3129 5186 ἐν
3156 5136 3386 5203 ἀφεγγεί
3416 5136 3476 5187 τὸ
3506 5134 3702 5201 βρέφος
3736 5149 3881 5201 γρα.

690 5252 808 5293 tans
838 5237 1052 5291 ﬁctilem
1083 5244 1275 5297 artem,
1315 5240 1560 5302 respectu
1598 5228 1835 5299 figmenti
1864 5245 1894 5282 e
1932 5240 2070 5283 terra
2120 5244 2225 5281 non

2330 5231 2558 5297 φόμενον
2616 5225 2941 5293 ζωγραφείῳ
2996 5225 3331 5294 ἀσυγχύτους
3385 5226 3483 5286 τὰς
3534 5224 3640 5275 τῶν
3695 5224 3881 5291 μελῶν

690 5330 919 5397 ambigo.
974 5325 1194 5389 Quoties
1252 5324 1392 5376 enim
1453 5323 1605 5375 video
1669 5320 1926 5372 artificem
1988 5335 2049 5371 ex
2082 5335 2222 5387 aqua

2332 5319 2598 5385 ἀπείληφε
2621 5314 2957 5376 τοποθεσίας.
2998 5315 3138 5368 Ἀλλ’
3164 5316 3350 5383 ὥσπερ
3374 5314 3585 5373 ἀκτῖνάς
3607 5329 3752 5375 τινος
3778 5314 3885 5383 τὴν

691 5417 1003 5473 condentem
1052 5422 1303 5472 statuam,
1365 5408 1555 5460 melius
1610 5408 1758 5460 illum
1817 5414 2022 5459 statuas
2052 5421 2083 5459 ρ
2118 5417 2226 5458 ter-

2332 5406 2491 5473 νηδὺν
2522 5404 2923 5473 ὲναυγαζούσης
2943 5444 2956 5467 ,
2984 5407 3081 5474 τὴν
3101 5405 3305 5457 οἰκείαν
3329 5404 3538 5463 ἑκάστῳ
3563 5403 3669 5461 τῶν
3702 5403 3889 5471 μελῶν

694 5526 751 5562 ra
805 5507 963 5559 credo
1016 5502 1210 5556 facere.
1267 5496 1728 5565 Quemadmodum
1760 5499 1902 5550 enim
1932 5499 1975 5553 si
2006 5488 2127 5577 quis
2175 5498 2230 5549 in

2337 5496 2364 5544 ὁ
2672 5494 2958 5546 ἀποδίδωσι
2993 5494 3203 5564 χώραν’
3247 5494 3308 5545 '0
3468 5494 3887 5563 dracu‘lJO-l‘t-

767 5665 936 5719 ‘Gen.
974 5680 1030 5728 ιι,
1057 5663 1115 5713 7.’
1184 5661 1195 5691 ⁵
1234 5658 1358 5726 Sap.
1394 5673 1486 5721 vn,
1527 5661 1570 5709 l.
1648 5657 1665 5684 ⁸
1697 5652 1841 5708 Psal.
1872 5669 1986 5718 cut,
2024 5652 2073 5703 Ξ.
2162 5653 2178 5679 τ’
2210 5651 2254 5703 l‘;

2324 5654 2349 5703 l.
2379 5664 2630 5714 cum”,
2674 5651 2751 5707 l5.
