4122 6338
237 365 379 426 1497

992 361 1435 422 ORATIONUM
1473 360 1566 449 ET
1603 361 2091 423 HOMILIARUM
2124 320 2593 421 liRAGMENTA.

3277 358 3409 420 1498

231 494 351 549 rce
372 477 491 545 φῶς
515 476 592 549 ὡς
619 475 866 542 ἱμάτιον,
888 475 1145 542 κρυφαῖος
1161 466 1376 537 ’γίνεται
1398 471 1500 522 τών
1530 471 1779 540 ἐμϐρύων
1812 479 1848 528 Α

1881 486 2017 538 aqua
2054 449 2474 541 pittgit‘litteras,
2513 480 2563 524 et
2598 471 2762 524 lineas
2798 469 2966 530 ducit,
3027 470 3164 522 idem
3220 471 3411 522 melius

241 567 555 637 ζωγράφος.
592 569 685 619 ’ον
726 568 819 619 καὶ
866 565 1023 616 Δαυῖδ
1059 565 1391 633 δημοσιεύων
1417 603 1430 623 ,
1473 563 1621 614 ἐϐόα·
1665 566 1782 615 Οὐκ

239 658 466 724 ἐκρύϐη
509 657 574 710 τὸ
627 640 845 709 ὀστοῦν
880 672 996 722 μου
1023 655 1138 707 ἀπὸ
1164 654 1295 715 σοῦ,
1341 652 1370 705 ὃ
1399 652 1688 718 ἐποίησας
1720 653 1788 704 ἐν

243 747 451 816 κρυφῇ
487 747 580 818 [σί.
621 745 843 816 μορφῇ].
876 746 1089 810 Ταύτην
1122 745 1216 812 τὴν
1260 747 1320 794 ὲκ
1355 744 1610 809 σταγόνος
1645 745 1788 808 λογι-

244 836 476 905 ζόμενος
499 837 798 904 πλαστικὴν
818 836 952 904 πρὸς
985 836 1080 903 τὴν
1107 837 1168 887 ὲκ
1201 834 1301 900 γῆς
1327 833 1787 900 ἀγαλματοποιίαν

219 918 312 978 ὀὗ
358 926 696 994 διαφέρομαι.
734 925 899 976 Ὅταν
939 922 1047 993 γὰρ
1082 924 1174 974 ἴδω
1213 922 1457 989 τεχνίτην
1499 919 1556 994 ἐξ
1603 919 1790 982 ὓδατος

245 1014 600 1082 πηγνύμενον
653 1012 845 1077 ξόανα,
882 1012 1130 1080 ὀξύτερον
1186 1012 1344 1068 αὑτὸν
1410 1011 1533 1070 τοὺς
1579 1014 1640 1061 ὲκ
1692 1011 1790 1076 γῆς

247 1103 616 1158 ἀναπλάττειν
665 1103 985 1171 ἀνδριάντας
1038 1101 1293 1153 πιστεύω.
1349 1101 1556 1167 ’Ὥσπερ
1597 1103 1702 1168 γὰρ
1746 1101 1797 1151 εί

249 1211 338 1255 τις
364 1193 447 1258 ἐφ’
471 1193 658 1254 ὓδατος
679 1191 873 1259 γράφει
903 1191 1223 1262 γράμματα,
1246 1190 1337 1240 καὶ
1362 1189 1622 1256 γραμμὰς
1648 1191 1796 1254 ἐγκο-

250 1274 485 1341 λὰτὲτει,
525 1275 676 1344 οὗτος
725 1281 821 1343 τὰς
866 1281 944 1341 εἰς
995 1280 1158 1349 κηρδν
1217 1276 1595 1348 εὐχερέστερον
1632 1280 1792 1346 ὲγχα·

259 1372 488 1443 ράττεισ
519 1372 688 1433 οὕτως
732 1373 759 1422 ὁ
792 1373 856 1440 τῇ
904 1371 1086 1440 ῥοώδει
1122 1372 1248 1438 γονῇ
1298 1366 1663 1438 καταγράφων
1707 1370 1796 1421 καὶ

251 1461 567 1528 διαγλύφων
597 1462 674 1512 τὰ
699 1459 855 1529 μέλη,
897 1461 1021 1528 ῥᾷον
1052 1459 1129 1520 εἰς
1167 1460 1296 1527 χοῦν
1326 1460 1449 1518 τοὺς
1483 1458 1587 1509 τῶν
1624 1458 1798 1526 μελῶν

253 1551 666 1621 ἔγκαταγράψει
700 1566 758 1601 τε
797 1550 886 1600 καὶ
916 1548 1277 1617 διαμορφώσει
1307 1551 1675 1618 χαρακτῆραςο
1711 1549 1800 1599 καὶ

257 1643 294 1692 ὁ
328 1641 434 1710 πρὸ
485 1642 580 1709 τῆς
607 1625 802 1710 ἀρετῆς
835 1638 973 1692 οὕτω
1016 1638 1108 1689 τοῦ
1141 1637 1384 1706 σώματος
1423 1638 1708 1705 φροντίσας
1745 1639 1802 1689 ὲν

255 1730 446 1799 νηδύϊ,
482 1732 616 1799 μετὰ
655 1729 753 1797 τὴν
802 1728 1058 1797 ἐργασίαν
1107 1728 1206 1795 τῆς
1239 1727 1436 1796 ἀρετῆς
1474 1727 1586 1788 πῶς
1617 1727 1680 1779 ἂν
1723 1728 1801 1790 εις

1884 561 1934 611 iu
1971 558 2090 613 cera
2134 577 2224 615 eas
2254 560 2574 623 elforntabit,
2605 561 2682 615 sic
2710 561 2852 612 ﬂuxo
2877 561 3078 615 semine
3109 559 3331 627 pingens
3361 569 3414 611 et

1885 655 2132 720 sculpens
2161 653 2417 714 membra,
2451 652 2660 706 facilius
2707 642 2777 704 in.
2821 661 3015 703 terram
3050 637 3411 702 membrorum

1885 746 2081 810 ﬁguras
2103 746 2301 812 pinget,
2335 755 2389 797 et
2416 743 2706 805 formabit;
2742 750 2795 795 et
2831 742 2919 809 qui
2952 751 3072 792 ante
3100 740 3264 791 ullum
3296 737 3417 789 vir-

1889 833 2015 885 tutis
2063 835 2309 885 meritum
2341 832 2420 886 sic
2450 831 2691 899 corporis
2717 832 2770 883 in
2807 841 2956 882 utero
3001 844 3180 882 curam
3230 829 3413 894 gessit,

1889 932 2006 990 post
2037 937 2172 988 opus
2200 921 2411 975 virtutis
2441 920 2710 988 quomodo
2731 929 2924 972 terram
2967 918 3278 971 dissolutam
3303 916 3417 967 sine

1891 1013 2094 1065 hanore
2132 1009 2705 1079 relinquet?lnterime
2745 1023 2958 1076 corpus,
3014 1015 3069 1060 et
3117 1017 3415 1059 creaturam

1891 1101 2146 1154 occideris
2178 1120 2191 1153 :
2221 1115 2326 1152 non
2357 1102 2459 1154 erit
2495 1101 2646 1152 navis
2673 1098 2790 1152 sine
2821 1098 3093 1157 manibus.
3123 1110 3294 1164 neque
3323 1110 3420 1146 na-

1893 1191 2119 1258 vigabile
2147 1191 2246 1243 erit
2280 1205 2443 1250 mare,
2476 1204 2697 1255 corpore
2751 1197 2984 1240 mortuo.
3028 1184 3168 1238 Mille
3213 1186 3422 1236 anima-

1895 1282 2021 1332 lium
2055 1295 2244 1346 genera
2269 1278 2464 1332 frustra
2497 1289 2670 1341 erunt,
2709 1293 2878 1346 neque
2920 1275 3304 1329 nutrimentum
3358 1288 3424 1326 ex

1895 1371 1998 1422 illis
2024 1378 2182 1432 esset,
2219 1382 2388 1435 neque
2412 1368 2554 1421 aliud
2588 1369 2825 1421 alimenti
2869 1364 3246 1418 ministerium.
3276 1365 3427 1414 Artes

1893 1474 2025 1512 vero
2056 1459 2142 1511 ubi
2175 1466 2353 1519 erunt,
2390 1472 2613 1524 corpore
2640 1472 2743 1507 non
2775 1452 3108 1508 exsistente?
3136 1449 3290 1501 Horae
3335 1463 3427 1498 ve-

1897 1563 1958 1600 ro
1993 1557 2045 1601 et
2072 1556 2364 1614 temporum
2391 1546 2649 1598 ordinatae
2684 1545 3025 1601 mutationes,
3060 1551 3111 1592 et
3139 1537 3428 1592 ineﬂ'ahilis

1898 1639 2128 1692 caelestis
2153 1645 2328 1689 motus
2375 1635 2654 1703 sapientia,
2683 1649 2842 1702 quam
2892 1633 3174 1684 utilitatem
3228 1628 3431 1696 praebe-

1902 1735 2040 1790 rent,
2075 1728 2118 1780 si
2151 1741 2376 1793 corpora
2424 1741 2529 1778 non
2574 1723 2808 1778 essent?
2864 1722 2927 1774 Et
2961 1730 3089 1788 quot
3143 1720 3245 1771 alia
3310 1717 3430 1783 quis

256 1793 364 1888 γην
380 1793 628 1888 διαρρυὲν
656 1793 846 1886 ἄτιμον
871 1793 1170 1888 καταλείψη
1193 1793 1534 1888 ζκοῖτὰλείψει·
1561 1815 1628 1870 Η.
1659 1815 1799 1886 St.];
1835 1793 1871 1845 Β

1853 1793 1872 1845 ³
1902 1817 2295 1872 considerarit?
2323 1815 2473 1870 L'nde
2500 1817 2662 1884 igitur
2688 1815 2954 1868 inveniam
2987 1825 3180 1878 corpus
3237 1807 3432 1860 futuris

259 1908 453 1960 Ἀνελε
476 1909 534 1971 τὸ
552 1909 728 1976 σῶμα,
753 1909 843 1958 καὶ
873 1909 969 1974 τὴν
991 1908 1164 1959 κτίσιν
1180 1909 1505 1975 ὲνέκρωσας’
1534 1907 1630 1964 οὐκ
1652 1907 1803 1959 ἔσται

259 2000 469 2053 πλοῖον,
489 1997 683 2066 χειρῶν
698 1997 794 2048 οὐκ
807 1996 970 2048 ὄντων
985 1996 1199 2067 [οὐσῶν]
1219 2009 1232 2024 ⁸
1251 1998 1308 2046 οὐ
1329 1996 1532 2048 πλωτὸν
1550 1997 1798 2063 πέλαγος,

262 2083 510 2150 σώματος
547 2083 841 2152 οἰχομένου.
887 2084 964 2135 Τὰ
1000 2083 1166 2152 μυρία
1199 2085 1327 2151 γένη
1366 2081 1470 2134 τῶν
1500 2079 1651 2145 ζώων
1698 2083 1802 2150 μά-

248 2167 381 2243 διην,
410 2173 531 2224 οὔτε
560 2173 764 2243 τροφῆς
791 2171 848 2236 ἐξ
872 2173 1046 2225 αὐτῶν
1071 2172 1192 2234 οὔτε
1222 2171 1515 2243 θεραπείας
1537 2173 1696 2241 ἄλλης
1724 2172 1805 2241 τῷ

263 2262 473 2330 σώματι
508 2263 935 2332 χορηγουμένης.
967 2263 1160 2331 Τέχναι
1190 2262 1244 2313 δὲ
1276 2261 1397 2324 ποῦ,
1432 2261 1680 2330 σώματος
1708 2263 1804 2313 ούκ

261 2351 440 2413 δντος;
492 2348 656 2420 τΩραι
697 2351 753 2403 δὲ
804 2351 895 2403 καὶ
942 2351 1142 2419 καιρῶν
1185 2351 1434 2404 εὔτακτοι
1475 2351 1801 2418 μεταϐολαὶ,

220 2431 226 2434 ’
263 2440 357 2490 καὶ
403 2438 657 2506 οὐρανίας
685 2439 948 2505 κινήσεως
973 2439 1205 2506 ἄρῤητος
1233 2439 1390 2504 σοφία
1410 2478 1423 2500 ,
1452 2431 1581 2492 τίνα⁸
1601 2439 1665 2491 ἂν
1699 2455 1806 2491 πα-

267 2511 454 2599 ράσχοι
499 2531 686 2604 χρείαν
712 2569 726 2593 ,
760 2533 857 2598 τῆς
895 2532 1210 2601 σωματικῆς
1256 2531 1464 2599 φύσεως
1498 2533 1557 2584 ού
1608 2532 1807 2600 παρού-

249 2635 402 2686 .σης;
440 2619 717 2682 Kcin-.651
748 2621 812 2672 ἄν
849 2637 932 2680 τις
972 2620 1131 2688 ἕτερα
1165 2620 1463 2690 θεωρήσοις
1508 2621 1672 2672 Πόθεν
1717 2617 1806 2672 οὖν

265 2710 411 2779 εὕρω
440 2711 498 2762 τὸ
547 2713 701 2779 σῶμα
745 2711 853 2762 τῶν
895 2712 1194 2779 μελλόντων
1235 2712 1449 2778 δωρεῶν
1480 2711 1718 2773 ἀνάξιον,
1765 2705 1808 2777 ᾧ

263 2800 532 2868 τοσαύτην
581 2802 690 2869 ὁρῶ
750 2800 836 2852 διὰ
895 2803 1109 2853 πάντων
1168 2800 1544 2871 δεδωρημένην
1609 2802 1806 2870 τιμήν;

277 2889 416 2940 Ἀλλ’
451 2889 556 2956 ἄρα
590 2891 744 2956 ὑμεῖς
786 2890 1144 2958 ίχθυόϐρωτον
1176 2889 1504 2958 ὑποπτεύετε
1533 2890 1691 2958 σῶμα
1719 2890 1811 2942 τὸν

266 2977 400 3028 Θεὸν
429 2977 696 3046 ζητοῦντα.
738 2979 811 3046 μὴ
841 2978 1121 3048 εὐρήσειν;
1158 2979 1252 3030 καὶ
1285 2979 1399 3040 πῶς
1432 2981 1459 3030 ὁ
1496 2979 1721 3048 μυρίους
1753 2981 1810 3031 ἐν

1900 1909 2060 1962 donis
2094 1908 2387 1974 indignum,
2420 1906 2504 1960 cui
2536 1914 2742 1961 tantum
2779 1904 2844 1956 ab
2903 1901 3153 1954 omnibus
3212 1912 3440 1950 ωηερε--

1900 2014 2018 2053 sum
2051 1999 2306 2051 honorem
2341 1996 2529 2048 video?
2556 1995 2738 2048 Utrum
2771 1992 3090 2047 existimatis
3121 1988 3283 2040 Deum
3314 2000 3435 2037 cor-

1911 2103 2014 2156 pus
2039 2089 2178 2155 quod
2213 2087 2386 2154 pisces
2414 2086 2763 2138 comederunt
2791 2082 3028 2136 invenire
3078 2094 3184 2130 non
3243 2073 3434 2144 posse?

1903 2187 1953 2231 et
1979 2176 2247 2244 quomodo
2269 2177 2358 2244 qui
2387 2176 2619 2228 inﬁnitas
2637 2173 2983 2242 cogitationes
3002 2168 3164 2222 animi
3185 2167 3431 2234 agitatas,

1903 2267 2167 2321 immistas
2198 2275 2249 2320 et
2281 2267 2620 2325 incontusas,
2651 2264 2806 2315 habet
2863 2261 3126 2328 cognitas,
3187 2245 3432 2308 naturam

1902 2371 2186 2423 corporum
2238 2355 2449 2408 mistam
2491 2370 2593 2406 non
2623 2352 2814 2420 poterit
2842 2345 3203 2403 discernere?!
3239 2342 3437 2396 Facitis

1903 2439 2154 2499 nimirum
2180 2444 2510 2497 divinitatem
2571 2441 2878 2495 inferiorem
2945 2436 3144 2490 nostris
3205 2432 3434 2485 artibus.

1903 2535 2012 2590 Nos
2056 2537 2196 2589 enim
2225 2550 2256 2588 e
2290 2547 2444 2588 terrae
2475 2548 2636 2586 arena
2668 2532 2886 2593 vitrum,
2924 2542 3117 2580 aurum
3181 2520 3436 2591 (exempli

1905 2627 2120 2696 gratia),
2149 2641 2242 2686 aes,
2273 2633 2575 2693 argentum,
2611 2623 2718 2690 igni
2745 2622 2956 2680 dantes,
2982 2616 3265 2683 scrupulos
3286 2625 3440 2676 sepa-

1906 2732 2109 2781 ramus,
2139 2725 2192 2770 et
2219 2717 2531 2777 deterimus,
2563 2712 2768 2766 tametsi
2800 2709 2931 2763 nihil
2954 2710 3142 2760 horum
3167 2706 3219 2758 in
3250 2701 3440 2770 lapidis

1853 2839 1857 2850 ι
1905 2813 2096 2858 natura
2133 2805 2458 2873 apparuerit,
2492 2815 2544 2858 et
2574 2804 2757 2856 vinum
2809 2815 2957 2868 aqua;
2989 2796 3289 2850 immisutm
3341 2793 3441 2844 ite-

1910 2909 2026 2947 rum
2069 2895 2120 2946 in
2159 2894 2426 2961 propriam
2461 2903 2705 2945 naturam
2734 2891 3125 2947 discernentes,
3155 2893 3444 2948 utrumque

1909 2983 2266 3037 restituimns.
2302 2981 2404 3034 Sed
2437 2980 2525 3034 Dei
2556 2990 2789 3049 potestas
2824 2988 2878 3032 et
2927 2975 3186 3043 sapientia
3224 2971 3448 3024 inﬁnitis

265 3066 413 3134 ψυχῇ
437 3066 729 3134 λογισμοὺς
754 3067 1148 3135 στρεφομένους
1176 3067 1251 3133 τῷ
1275 3070 1370 3135 τῆς
1395 3067 1647 3133 γνώσεως
1671 3067 1808 3134 ἔχων
1836 3098 1871 3151 C

1853 3098 1873 3151 ς
1910 3073 2084 3126 modis
2135 3073 2421 3126 humanam
2453 3081 2617 3124 artem
2653 3079 2704 3123 et
2734 3069 3060 3122 intellectum
3085 3056 3372 3120 excedens.
3393 3069 3448 3113 et

266 3157 484 3225 ἀμιγεῖς
515 3158 608 3209 καὶ
625 3157 956 3225 ἀσυγχύτους
989 3156 1238 3223 ταμιείῳ,
1266 3156 1363 3224 τὴν
1405 3156 1512 3206 τῶν
1543 3156 1808 3224 σωμάτων

271 3249 522 3316 μιγεῖσαν
557 3249 655 3300 οὐκ
695 3246 1026 3314 ἀναλήψεται
1065 3247 1342 3314 διακρίνας
1374 3247 1567 3314 (ptio-tv;
1627 3248 1809 3299 Ἀσθεο

266 3337 522 3406 νέστερον
545 3338 604 3390 τὸ
633 3338 787 3389 Θεῖον
818 3340 916 3405 τῆς
955 3339 1083 3407 παρ’
1125 3339 1256 3406 ἡμῖν
1288 3337 1647 3408 ᾁναπλάττετε
1691 3337 1811 3406 τέχ-

268 3445 383 3495 νης.
417 3431 525 3482 Καὶ
568 3431 674 3498 γὰρ
712 3432 870 3497 ἡμεῖς
908 3432 970 3480 ὲκ
1002 3429 1229 3495 γεώδους
1261 3427 1488 3495 ψάμμου
1533 3428 1625 3478 καὶ
1661 3425 1810 3478 ὕελον

269 3519 363 3569 καὶ
418 3521 616 3587 χρυσδν
677 3521 764 3585 (εί
802 3518 986 3585 τύχοι)
1039 3519 1131 3569 καὶ
1180 3515 1375 3584 χαλκδν
1428 3517 1520 3567 καὶ
1573 3515 1810 3584 ἄργυρον

269 3609 404 3675 πυρὶ
431 3608 628 3669 δόντες,
675 3608 742 3660 τὰ
770 3609 961 3659 λιθίδια
990 3607 1331 3676 διακρίνομεν
1376 3623 1430 3657 τε
1464 3607 1555 3658 καὶ
1587 3606 1806 3658 ἀποθλί-

270 3696 433 3763 ϐομεν
457 3735 472 3758 ,
508 3697 671 3765 μηδὲν
703 3697 878 3748 αύτῶν
913 3697 1290 3766 καθορώμενον
1327 3698 1384 3747 ὲν
1415 3700 1479 3766 τῇ
1525 3698 1616 3749 τοῦ
1663 3698 1806 3750 λίθου

267 3783 459 3852 φύσει·
495 3787 586 3836 καὶ
616 3781 755 3838 οἶνον
782 3787 930 3838 ὕδατι
957 3787 1225 3854 κραθέντα
1259 3785 1417 3836 πάλιν
1451 3785 1808 3852 διακρίνοντες

1907 3162 2278 3215 universorum
2315 3172 2558 3213 naturam
2593 3160 2646 3212 itt
2671 3174 2728 3212 se
2752 3154 3208 3232 comprehendens
3237 3159 3290 3204 et
3317 3164 3447 3202 eon-

1907 3242 2106 3310 tinetis.
2145 3260 2198 3304 et
2230 3251 2428 3303 variam
2460 3249 2701 3318 corporis
2735 3246 3206 3314 compositionem,
3263 3249 3316 3292 et
3350 3239 3450 3290 mi-

1908 3341 2137 3396 stionem
2175 3341 2227 3391 in
2258 3347 2465 3392 natura:
2520 3337 2891 3406 promptuario
2921 3348 3106 3402 puram
3140 3335 3445 3385 conservat.

1907 3429 2024 3483 Non
2076 3430 2215 3482 enim
2247 3438 2398 3480 extra
2429 3439 2675 3479 naturam
2707 3428 2756 3477 iu
2784 3435 3048 3485 creatura,
3084 3420 3328 3487 corporis
3355 3431 3449 3467 na.-

1914 3531 2035 3574 tnra
2070 3529 2168 3581 est,
2205 3519 2304 3572 etsi
2336 3535 2428 3585 per
2461 3519 2602 3581 mille
2629 3529 2825 3570 mortes
2852 3515 2981 3567 linat
3021 3513 3214 3567 soluta.
3250 3511 3372 3562 Ideo
3396 3508 3447 3558 in

1913 3610 2182 3678 propriam
2224 3607 2380 3662 facile
2411 3607 2638 3660 formam
2675 3605 2980 3666 revertitur,
3029 3613 3081 3654 et
3117 3601 3184 3653 de
3247 3599 3450 3650 honore

1915 3688 2216 3763 participat,
2251 3697 2404 3763 cujus
2438 3698 2581 3748 illam
2641 3695 2950 3762 participem
3015 3693 3126 3742 ﬁeri
3188 3686 3448 3753 oportuit,

1912 3799 2033 3836 cum
2067 3786 2226 3837 etiam
2258 3801 2362 3838 una
2387 3785 2686 3839 certaverit.

266 3880 347 3939 είς
367 3877 464 3945 τὴν
491 3877 624 3929 ἰδίαν
650 3877 828 3945 φύσιν,
852 3878 1300 3942 ἀποκαθιστῶμεν
1328 3876 1602 3942 ἑκάτερον.
1647 3872 1803 3924 Ἀλλὰ
1846 3872 1949 3941 γὰρ
1999 3875 2030 3943 ἡ
2075 3874 2167 3926 τοῦ
2221 3875 2354 3926 Θεοῦ
2433 3875 2658 3943 δύναμις
2709 3875 2800 3926 καὶ
2846 3873 3004 3938 σοφία
3081 3867 3451 3932 ἁνεπινοήτοις

176 4001 178 4003 -
270 3969 488 4036 μέτροις
520 3971 617 4045 τῆς
690 3970 1028 4037 ἀνθρωπίνης
1078 3970 1169 4021 καὶ
1213 3962 1406 4036 τέχνης
1444 3969 1537 4019 καὶ
1609 3968 1875 4029 συνέσεως
1909 3968 2267 4036 ὑπερέχουσα,
2301 3969 2390 4018 καὶ
2422 3969 2516 4035 τὴν
2547 3967 2649 4017 τῶν
2675 3968 2809 4016 ὅλων
2839 3967 3021 4015 οὐσίαν
3054 3967 3110 4014 ὲν
3135 3960 3295 4025 ἑαυτῇ
3324 3956 3449 4006 συλ-

265 4058 503 4109 λαϐοῦσα
538 4061 629 4110 καὶ
682 4051 1036 4126 περιέχουσα,
1084 4060 1176 4111 καὶ
1210 4059 1306 4128 τὴν
1336 4058 1668 4130 πολύτροπον
1690 4058 1804 4110 ’τῶν
1844 4061 2106 4128 σωμάτων
2156 4061 2454 4130 σύγκρασιν
2518 4061 2611 4122 καὶ
2683 4057 2827 4128 μίξιν
2871 4060 2927 4110 ἐν
2957 4059 3066 4118 τοῖς
3097 4055 3192 4122 τῆς
3238 4052 3452 4118 φύσεως

268 4148 491 4216 εὐκρινῆ
526 4153 779 4219 συντηρεῖ
810 4150 1089 4217 ταμιείοις.
1129 4152 1202 4202 υὺ
1234 4151 1338 4221 γὰρ
1388 4151 1489 4215 ἔξω
1557 4151 1652 4216 τῆς
1709 4151 1765 4200 ὲν
1797 4154 1859 4219 τῇ
1902 4153 2075 4204 κτίσει
2113 4153 2324 4218 φύσεως
2372 4154 2403 4220 ἠ
2442 4152 2534 4202 τοῦ
2581 4151 2829 4220 σώματος
2861 4148 3042 4215 φύσις,
3081 4145 3182 4197 κᾶν
3213 4142 3299 4194 διὰ
3348 4157 3452 4207 μυ-

268 4240 398 4308 ρίων
451 4240 546 4308 ῥέῃ
577 4240 806 4308 λυομένη
854 4241 1113 4292 θανάτων.
1160 4243 1248 4293 Διὸ
1280 4242 1412 4310 πρὸς
1458 4241 1553 4308 τὴν
1599 4241 1800 4292 οἰκείαν
1838 4245 2072 4304 εὐκόλως
2115 4246 2440 4308 ἐπανάγεται
2511 4245 2756 4311 μορφὴν,
2794 4242 2884 4292 καὶ
2949 4238 3193 4290 κοινωνεῖ
3223 4227 3452 4284 τῶν’τι-

209 4341 211 4343 ’
270 4332 407 4399 μῶν,
455 4324 529 4381 ὧν
580 4330 712 4396 αὐτῇ
751 4329 847 4397 [αἱ.
878 4330 1007 4380 αὐτὸ
1043 4329 1134 4380 καὶ
1165 4329 1333 4398 αύτῷ]
1389 4332 1676 4398 μετασχεῖν
1703 4330 1807 4381 ἔδει
1847 4334 2290 4402 συνδιενεγκούσῃ
2320 4335 2556 4394 καὶτοὺς
2583 4332 2793 4393 ἄθλους.
3052 4331 3054 4334 ’

273 4436 638 4499 Τοῦάὺτοῦ,
684 4435 751 4486 ἐκ
793 4437 896 4488 τοῦ
943 4439 1026 4497 εἰς
1070 4436 1183 4501 τὴν
1225 4437 1530 4503 ἀνάληψιν
1578 4437 1806 4502 πρώτου
1842 4445 1882 4496 D

937 4507 1141 4569 λόγου.

829 4592 894 4644 Τὸ
929 4593 1249 4658 προοίμιον.

335 4681 430 4741 El;
461 4681 684 4749 οὐρανὸν
722 4681 818 4748 μὲν
849 4682 940 4731 καὶ
973 4682 1072 4749 γῆν
1110 4684 1140 4748 ἠ
1172 4681 1270 4749 τῆς
1304 4682 1528 4746 κτίσεως
1557 4685 1810 4754 διαμεμέ-

270 4771 449 4837 ρισται
501 4771 685 4835 φύσις·
729 4771 827 4820 οὐκ
859 4771 1004 4839 ἐᾷδέ
1042 4787 1108 4836 με
1152 4770 1250 4839 τὴν
1284 4771 1547 4838 διαίρεσιν
1594 4774 1809 4842 βλέπειν

265 4861 299 4927 ή
330 4859 608 4924 συνάψασα
645 4862 882 4927 σήμερον
913 4861 1006 4926 τὴν
1045 4860 1217 4911 κτίσιν
1257 4861 1434 4928 χάρις.
1468 4863 1561 4924 Τίς
1593 4866 1698 4930 γὰρ
1743 4867 1808 4918 ἂν

265 4940 408 4998 εἴποι
438 4940 639 5008 λοιπὸν,
674 4948 897 5014 οὐρανὸν
927 4951 1020 5000 καὶ
1053 4950 1153 5017 γῆν
1188 4948 1506 5020 διῃρῆσθαι,
1537 4953 1630 5004 καὶ
1661 4954 1806 5005 κάτω

265 5031 368 5098 τῆς
413 5031 623 5099 φύσεως
654 5031 752 5098 τῆς
791 5033 963 5099 ὲμῆς,
1018 5037 1109 5086 καὶ
1159 5036 1268 5088 ἄνω
1321 5035 1420 5102 τῆς
1468 5039 1604 5104 ὲμῆς
1652 5039 1804 5106 βασι-

265 5119 558 5188 λευούσηςς
607 5121 762 5172 Ἀλλὰ
791 5122 936 5172 κάτω
965 5123 1078 5188 μὲν,
1111 5123 1188 5174 ἔτι
1220 5128 1281 5191 τῇ
1316 5125 1488 5194 φθορᾷ
1513 5127 1806 5189 τυραννού-

268 5211 438 5280 μεθα·
476 5214 600 5263 ὅταν
646 5212 702 5261 δὲ
737 5212 813 5270 εἰς
846 5211 1069 5278 οὐρανὸν
1106 5213 1523 5280 ἀναϐλέψωμεν,
1554 5216 1649 5282 τὴν
1683 5214 1808 5281 φθοο

267 5301 367 5368 ρὰν
406 5303 438 5369 ἡ
495 5302 652 5366 φύσις
684 5300 994 5353 ἀποτίθεται
1043 5300 1417 5371 [praematuri].
1465 5304 1653 5355 Βλέπει
1701 5304 1806 5372 γὰρ

267 5391 377 5441 ἄνω
404 5392 503 5458 τὴν
530 5393 634 5442 τῶν
684 5393 830 5443 κάτω
886 5391 1089 5458 νεκρῶν
1129 5391 1489 5458 ἀναστάσιμον
1531 5394 1702 5460 ῥίζαν.
1749 5395 1810 5443 Ὠ

268 5479 489 5547 κέρδους
524 5481 723 5548 ζημίας
765 5483 1130 5550 προελθόντος.
1171 5481 1614 5554 Κατενεχθέντες,
1642 5483 1809 5552 ἤρθη-

274 5584 369 5634 μεν
400 5570 478 5629 είς
507 5569 632 5635 ὕψος
656 5588 666 5598 ·
697 5572 956 5632 ὠσθέντες
978 5603 997 5632 ,-
1017 5573 1095 5629 είς
1138 5568 1354 5635 οὐρανὸν
1386 5569 1480 5634 Iul.
1529 5572 1808 5639 ούρανοὺςΙ

272 5657 662 5726 ἀνηνέχθημεν.
687 5662 829 5712 ’Ἑσω
861 5662 948 5711 τοῦ
985 5658 1303 5726 παραδείσου
1353 5658 1664 5726 πληγέντες,
1702 5663 1800 5724 ἕξιν)

2017 4441 2264 4509 Ejusdem
2297 4444 2511 4498 humilia
2536 4446 2703 4514 prima
2727 4443 2790 4495 de
2817 4440 3013 4495 Christi
3033 4438 3346 4492 ascrusione.

2517 4593 2847 4644 Prooemium.

1986 4683 2036 4734 In
2070 4684 2261 4736 coelum
2288 4693 2338 4732 et
2369 4691 2562 4732 terram
2595 4689 2858 4731 creaturae
2893 4686 3085 4730 natura
3114 4677 3283 4742 divisa
3328 4683 3448 4730 est:

1915 4786 2017 4824 non
2054 4770 2311 4838 permittit
2336 4787 2418 4822 me
2453 4755 2763 4821 divisionem
2798 4767 2977 4820 videre
3016 4767 3453 4834 gratia,quaeho-

1913 4863 1997 4912 die
2023 4870 2322 4912 creaturam
2358 4860 2643 4912 Connectit.
2705 4860 2962 4922 Quisnam
3015 4859 3265 4922 deinceps
3300 4857 3452 4907 dixe—

1913 4950 1981 5000 rit
2009 4949 2200 5002 cmlum
2234 4959 2286 4999 et
2321 4958 2512 5022 terram
2550 4949 2718 4999 divisa
2741 4963 2877 5007 esse,
2914 4962 3034 4999 cum
3061 4961 3218 5013 supra
3255 4956 3307 4997 et
3365 4946 3448 4996 in-

1914 5040 1993 5090 lra
2026 5049 2214 5090 natura
2250 5053 2361 5088 mea
2396 5039 2613 5104 regnet?
2652 5037 2753 5088 Sed
2790 5037 2923 5088 infra
2988 5037 3202 5104 quidem
3258 5051 3448 5087 eorru-

1912 5129 2089 5194 ptione
2138 5129 2312 5179 adhuc
2343 5128 2658 5192 premimur.
2691 5126 2915 5189 Quando
2971 5141 3096 5177 vero
3153 5126 3203 5176 in
3252 5124 3448 5175 cadunt

1911 5219 2100 5269 oculos
2130 5217 2514 5277 convertimus,
2551 5219 2952 5283 corruptionem
2991 5225 3178 5267 natura
3209 5214 3445 5279 deponit.

1911 5306 2066 5359 Videt
2097 5305 2240 5356 enim
2271 5320 2430 5372 supra
2467 5321 2650 5356 eorum
2710 5305 2799 5370 qui
2851 5306 2988 5357 infra
3027 5303 3216 5353 mortui
3275 5320 3310 5351 I't
3334 5318 3446 5352 sur-

1911 5395 2163 5447 rectionis
2199 5395 2425 5446 radicem
2475 5394 2814 5463 (Christum).
2848 5394 2889 5445 Ο
2928 5397 3132 5444 lucrum
3170 5409 3198 5442 e
3253 5393 3448 5441 dauum

1911 5485 2230 5552 proveniens
2259 5486 2270 5534 !
2309 5484 2562 5555 Deorsum
2594 5487 2744 5538 missi
2779 5486 3015 5536 tollitnur
3050 5485 3100 5536 in
3134 5484 3321 5538 altum,
3352 5497 3446 5530 vx-

1911 5574 2045 5640 pulsi
2079 5575 2128 5626 in
2166 5573 2358 5626 cwltttn
2394 5575 2720 5626 t‘cdttcintur.
2761 5572 2898 5625 Intra
2927 5575 3230 5635 paradisum
3259 5570 3441 5619 \‘tllltt‘-

1911 5661 2028 5723 rati,
2067 5674 2214 5714 extra
2244 5662 2389 5714 illum
2428 5663 2717 5717 remedium
2745 5663 3066 5717 invenimus.
3099 5660 3191 5712 Ubi
3222 5659 3334 5721 tibi,
3366 5657 3440 5723 ρι-
