4122 6338
661 459 797 527 1499

2113 482 2173 543 S.
2205 480 2266 549 [Ν
2272 478 2377 544 ILI

3692 480 3834 544 ιεοο

654 584 794 671 rata,
834 577 1155 638 maleficium
1177 558 1477 645 .est?Crux
1512 606 1673 661 quam
1735 568 2080 671 gubernatori
2126 596 2188 650 fi-

2252 599 2384 668 ,c'hv
2418 595 2712 667 θεραπείαν
2747 596 3074 666 εὑρήκαμεν.
3110 593 3219 648 Ποῦ
3246 611 3355 661 σοι,
3386 595 3829 653 καταποπιστά,

654 664 802 731 xisti,
835 671 1053 725 vertitur
1080 683 1286 731 natura:
1318 680 1589 749 naufragae
1623 683 1675 736 in
1703 666 1921 738 clavuni
1937 686 2109 751 navis,
2133 697 2187 741 et

655 756 719 848 ad
746 757 1015 814 caelestem
1037 778 1131 819 nos
1156 776 1370 848 portum
1393 770 1713 827 fluctuantes
1743 772 1913 837 ducit,
1931 789 1995 829 ac
2021 775 2183 830 sistit.

654 840 1111 910 Quemadmodum
1139 840 1502 922 apostolorum
1534 861 1672 915 oculi
1704 876 1735 916 e
1763 870 1903 916 terra
1950 863 2015 918 ad
2075 877 2187 918 cce-

654 930 766 985 lum
795 935 991 989 sublati
1004 948 1175 1005 erant,
1200 957 1362 998 carne
1380 928 1635 1014 paulatim
1661 963 1876 1003 sursum
1900 951 2181 1018 translata,

653 1019 736 1074 sic
756 1027 811 1073 et
838 1024 1085 1080 caelestes
1115 1030 1337 1097 spiritus
1368 1034 1672 1105 incorporei
1701 1039 1768 1092 de
1793 1039 1931 1092 coelo
1970 1039 2022 1093 in
2074 1056 2187 1096 cm-

653 1106 738 1198 los
768 1112 1097 1180 aspiciebant
1125 1132 1221 1172 ore
1248 1119 1452 1189 hiante,
1484 1127 1729 1195 corporis
1778 1136 1969 1182 natura
2022 1144 2181 1198 supra

654 1197 813 1289 ipsos,
831 1206 1173 1269 ascendente,
1229 1211 1398 1268 donec
1429 1215 1482 1267 in
1514 1216 1690 1270 sinum
1722 1215 1898 1273 Patris
1935 1197 2184 1289 suscepta

654 1300 769 1379 εει..
788 1288 832 1344 Ο
866 1308 1053 1349 secura
1080 1297 1357 1355 hominum
1387 1318 1533 1372 spes,
1559 1306 1615 1360 in
1644 1308 1766 1361 coeli
1797 1323 1974 1379 regem
2032 1288 2185 1378 ejus-

655 1374 773 1428 dem
808 1389 1012 1437 natura:
1039 1388 1334 1451 possidens,
1366 1392 1458 1460 qui
1476 1392 1673 1449 iterum
1704 1374 1889 1452 eadem
1921 1412 2045 1453 cum
2061 1374 2189 1452 car-

654 1478 722 1516 ne
745 1470 995 1527 omnibus
1024 1478 1328 1542 apparebit!

2283 690 2344 742 τὸ
2383 688 2780 757 κακούργημας
2839 687 2933 738 ’ον
2962 683 3166 754 ἔπηξας
3194 683 3271 752 τῷ
3312 683 3614 752 κυϐερνήτῃ
3660 698 3831 734 σταυ-

2287 776 2398 845 ρὸν,
2429 776 2616 844 γέγονε
2640 777 2705 845 τῇ
2734 772 3035 841 ναυαγούσῃ
3066 771 3223 840 (ptiust
3253 770 3508 839 πηδάλιον
3532 784 3544 797 ⁸
3568 770 3659 822 καὶ
3686 768 3827 836 πρὸς

2283 862 2565 933 οὐρανίους
2601 862 2829 925 οἰακίζει
2858 861 3081 929 λιμένας
3127 859 3554 927 κυμαινομένους
3595 856 3827 927 [κυϐερ-

2284 942 2555 1021 νωμένους
2613 953 2683 1004 Η.
2728 948 2834 1021 St.]
2878 950 3023 1019 ἡμᾶς
3065 948 3157 1000 καὶ
3202 946 3641 1027 ἀποκαθίστησιν.
3688 945 3825 996 Ὠσ-

2235 1076 2247 1083 -
2282 1054 2389 1109 περ
2417 1041 2474 1092 αι
2502 1038 2609 1093 τῶν
2636 1038 2887 1106 μαθητῶν
2912 1039 2976 1090 ἐκ
2998 1036 3097 1104 τῆς
3121 1039 3221 1103 γῆς
3250 1036 3381 1102 πρὸς
3408 1029 3627 1104 οὐρανὸν
3656 1036 3828 1102 ἀνήρ·

2282 1127 2453 1196 θησαν
2494 1126 2662 1195 ὄψεις.
2694 1130 2791 1195 τῆς
2836 1124 3032 1194 σαρκὸς
3063 1124 3203 1177 κατά
3237 1123 3431 1192 μικρὸν
3471 1122 3777 1189 ὑψουμένης
3807 1137 3821 1149 ο

2280 1216 2419 1270 οὕτω
2447 1217 2541 1271 καὶ
2575 1215 2684 1269 τῶν
2709 1217 2765 1269 ἐν
2792 1217 3035 1285 οὐρανοῖς
3064 1214 3364 1281 ἀσωμάτων
3392 1214 3419 1264 ὁ
3449 1212 3612 1280 δῆμος
3639 1210 3699 1274 ἐξ
3723 1213 3821 1262 οὑ-

2287 1304 2445 1376 ρανοῢ
2473 1305 2608 1376 πρὸς
2634 1305 2858 1374 οὐρανὸν
2886 1304 3148 1372 ὲκεχήνει,
3180 1301 3279 1369 τῆς
3312 1300 3404 1352 τοῦ
3440 1299 3684 1368 σώματος
3716 1299 3826 1366 φύ-

2284 1411 2419 1457 σεως
2462 1396 2713 1447 ἐπέκεινα
2744 1395 2833 1447 καὶ
2867 1392 3042 1445 αὐτῶν
3079 1391 3350 1459 ἀνιούσης,
3377 1390 3480 1451 ἕως
3515 1391 3573 1441 ὲν
3598 1389 3825 1449 κόλποις

2291 1482 2387 1555 [αι.
2431 1482 2634 1553 κόλπῳ]
2677 1483 2770 1535 τοῦ
2822 1482 3029 1551 Πατρὸς
3092 1480 3377 1550 ὑπεδέχθη.
3430 1477 3707 1546 Ἀσφαλεῖς
3755 1476 3822 1528 αἱ

654 1554 775 1648 τοῦ,
802 1560 991 1626 γένους
1058 1565 1267 1631 ἐλπίδες
1290 1613 1305 1636 ν
1374 1572 1432 1625 έν
1472 1575 1686 1646 οὐρανῷ
1735 1577 1956 1646 βασιλέα
2003 1578 2235 1647 συγγενῆ
2273 1554 2622 1648 κεκτημέναι,
2654 1575 2713 1638 ὃς
2755 1575 2849 1629 καὶ
2890 1574 3051 1629 πάλιν
3098 1574 3235 1643 μετὰ
3278 1574 3376 1642 τῆς
3404 1572 3570 1640 αὐτῆς
3618 1571 3823 1639 σαρκὸς

656 1644 819 1699 πᾶσιν
852 1650 1159 1719 ὀφθήσεται.

791 1780 1037 1850 Ejusdem
1073 1790 1539 1847 ltomt'liavaecunda
1565 1796 1628 1849 de
1654 1796 1828 1851 eodem
1856 1798 2010 1867 festo.

722 1954 767 2048 ί)
793 1959 1101 2027 religionem
1122 1968 1371 2024 omnibus
1386 1972 1602 2040 regibus
1614 1976 1783 2045 magis
1802 1978 2001 2048 regiam
2023 1979 2184 2047 lQum

652 2045 794 2098 eitim
811 2050 977 2104 armis
989 2067 1137 2122 reges
1150 2058 1568 2125 acquisiverunt,
1584 2063 1673 2118 illa
1687 2064 1804 2121 sine
1824 2045 1985 2123 armis
2001 2045 2184 2124 osten-

650 2131 728 2183 dit
747 2147 806 2187 se
827 2145 1082 2193 evertere.
1104 2140 1231 2205 Quae
1256 2154 1549 2204 mactantes
1565 2150 1837 2217 vetabant,
1858 2155 1968 2209 haec
1990 2165 2183 2217 macta-

650 2229 699 2273 ta
720 2223 974 2291 applausu
998 2230 1220 2297 excepit,
1234 2240 1286 2285 et
1301 2235 1530 2292 caedibus
1558 2248 1742 2295 contra
1760 2252 2049 2297 mactantes
2074 2252 2183 2297 tro-

649 2325 760 2376 ριω
790 2315 994 2370 statuit.
1018 2315 1269 2375 Ecclesiae
1300 2318 1546 2390 palmites
1576 2328 1772 2383 succisi
1797 2338 1969 2392 erant,
2001 2339 2054 2385 et
2072 2331 2181 2384 fru-

649 2404 769 2452 ctus
781 2398 900 2456 fidei
919 2404 1089 2473 magis
1115 2414 1539 2479 progressus'est,
1554 2423 1607 2469 et
1630 2414 1808 2471 florem
1822 2417 2180 2473 immarcesci-

650 2486 806 2540 bilem
820 2489 1137 2563 proferebat.
1162 2495 1203 2548 E
1228 2499 1419 2554 radice
1436 2485 1588 2556 enim
1608 2504 1850 2571 palmites
1863 2508 2010 2560 'enati
2031 2515 2175 2572 sunt,

646 2589 765 2642 qua:
779 2591 899 2632 vere
917 2580 1054 2635 dixit
1077 2582 1216 2653 :Ego
1239 2588 1334 2639 vici
1358 2592 1603 2644 mundum
1620 2596 1662 2658 ";
1692 2610 1780 2663 ego
1800 2611 1911 2646 sum
1933 2596 2076 2661 vitis,
2092 2613 2177 2650 vos

645 2678 765 2715 vero
799 2665 1040 2729 palmites
1072 2671 1111 2722 ⁸.
1142 2672 1441 2741 Stephanus
1473 2686 1723 2747 tanquam
1762 2697 1943 2736 ramus
1975 2684 2041 2736 ab
2076 2684 2178 2736 Ec—

644 2750 806 2805 clesia
837 2756 1053 2812 excisus
1075 2768 1176 2822 est,
1208 2770 1262 2815 et
1286 2764 1426 2816 alius
1450 2757 1651 2833 palmes
1680 2778 1973 2839 martyrum
1998 2772 2177 2841 pullu-

645 2838 791 2893 lavit.
844 2840 1075 2900 Iacobus
1098 2855 1153 2899 et
1182 2850 1371 2905 Petrus
1398 2856 1655 2921 amputati
1685 2838 1857 2911 sunt:
1886 2838 2024 2914 alius
2050 2876 2175 2914 rur-

645 2943 763 2982 sum
792 2942 997 3003 martyr
1024 2940 1296 2993 enascitur
1322 2959 1335 2994 :
1368 2958 1474 3010 quo
1528 2945 1727 3009 exciso,
1794 2949 1958 3003 alium
1989 2966 2175 3007 rursus

646 3021 862 3075 uberem
895 3025 1164 3106 palmitem
1199 3031 1349 3083 radix
1378 3034 1617 3099 protulit.
1659 3034 1939 3094 Vindemia
1986 3040 2170 3094 decer-

644 3121 769 3175 ptus
789 3119 870 3165 est
901 3113 1116 3180 Paulus,
1146 3129 1198 3171 et
1220 3120 1356 3173 alius
1391 3137 1633 3178 racemus
1682 3127 1933 3196 martyrio
1996 3139 2172 3183 matu-

644 3212 859 3253 rcscens
885 3200 1118 3257 Thomas
1145 3207 1409 3272 apparuit,
1460 3216 1514 3261 et
1542 3210 1775 3278 undique
1808 3214 1955 3267 radix
1988 3215 2173 3269 vinde-

645 3287 809 3341 miata
848 3288 1077 3346 fructum
1107 3295 1226 3346 tulit
1262 3296 1584 3359 uberiorem,
1619 3310 1671 3352 et
1695 3314 1910 3365 germen
1948 3301 2172 3356 durabi-

644 3374 769 3441 lius,
800 3393 958 3445 quam
983 3382 1074 3450 qui
1106 3383 1520 3440 vindemiarum.
1571 3387 1776 3441 Etenim
1825 3390 1921 3457 qui
1964 3390 2175 3444 exscin-

644 3465 841 3521 debant
866 3471 1119 3536 paulatim
1147 3485 1447 3531 arescentes
1475 3479 1721 3532 exstincti
1761 3488 1907 3535 sunt.
1932 3478 2171 3534 Ecclesia

572 3553 577 3559 ’
643 3554 771 3610 'v'ero
821 3557 1085 3615 fructibus
1113 3565 1258 3617 omni
1304 3575 1543 3633 tempore
1578 3579 1795 3634 onusta,
1844 3570 1978 3625 flues
2019 3578 2174 3625 terra:

646 3644 759 3701 suis
787 3648 981 3714 plantis
1015 3656 1435 3720 comprehetulit.
1981 3655 1991 3663 ’

2206 1794 2249 1849 Β
2278 1794 2385 1847 Τοῦ
2419 1785 2621 1858 αὐτοῦ,
2670 1793 2737 1845 ἐκ
2774 1791 2879 1845 τοῦ
2914 1792 2998 1855 εις
3041 1789 3155 1855 τὴν
3182 1789 3373 1855 αὐτὴν
3406 1788 3619 1855 ἑορτὴν
3664 1787 3812 1839 δευ-

2754 1900 2760 1906 .
2842 1860 3011 1925 τέρου
3048 1862 3253 1926 λόγου.

2352 1974 2413 2025 ’Ὠ
2451 1971 2707 2041 βασιλέων
2760 1973 2973 2025 πάντων
3010 1970 3431 2039 βασιλικωτέρας
3476 1966 3763 2038 θρησκείας
3796 1970 3812 2019 !

2286 2062 2355 2114 ’Δ
2389 2061 2497 2131 γὰρ
2524 2062 2705 2123 ὅπλοις
2752 2061 2987 2129 βασιλεῖς
3036 2059 3418 2126 συνεκρότουν,
3456 2058 3590 2127 αὐτὴ
3640 2058 3826 2133 χωρὶς

2278 2152 2454 2205 ὅπλων
2481 2152 2750 2204 ἐδείκνυτο
2780 2150 3136 2203 καταλύουσα.
3175 2149 3241 2199 Ἀ
3272 2149 3591 2215 σφάττοντες
3619 2145 3813 2197 διεκώ-

2278 2240 2422 2304 λυον,
2453 2241 2590 2311 αὐτὴ
2638 2240 2973 2310 σφαττομένη
3007 2238 3347 2307 συνεκρότειο
3376 2238 3469 2289 καὶ
3511 2238 3630 2297 ταῖς
3673 2252 3815 2301 σφα-

2277 2330 2400 2394 γαῖς
2428 2327 2567 2381 κατὰ
2596 2328 2703 2381 τῶν
2738 2328 3078 2395 σφαττόντων
3108 2328 3293 2397 ἀνίστη
3326 2327 3393 2381 τὰ
3428 2326 3677 2397 τρόπαια.
3728 2325 3814 2375 Τὰ

2276 2416 2371 2485 τῆς
2408 2416 2728 2487 Ἐκκλησίας
2755 2417 3115 2491 κατεκόπτετο
3141 2417 3407 2493 κλήματα,
3437 2416 3528 2468 καὶ
3550 2417 3577 2466 ὁ
3596 2415 3691 2482 τῆς
3714 2413 3813 2464 πί-

2278 2520 2442 2566 στεως
2490 2506 2689 2574 μᾶλλον
2738 2507 2981 2559 ἀπεδίδου
3034 2506 3295 2576 [ἐπεδίδου
3347 2504 3543 2573 μᾶλλον
3592 2502 3661 2556 ΙΙ.
3698 2498 3815 2573 81.]

2276 2595 2517 2663 καρπὸς,
2569 2595 2759 2648 καὶτὸ
2805 2595 2961 2658 ἄνθος
3008 2596 3319 2664 ἀμάραντον
3377 2591 3555 2661 ἔφερε.
3624 2587 3816 2657 Ῥίζης

2277 2684 2373 2754 [αι.
2401 2683 2544 2754 ῥίζα]
2590 2683 2698 2754 γὰρ
2730 2684 3022 2752 έκπεφύκει
3047 2683 3115 2736 τὰ
3140 2684 3406 2752 κλήματα,
3434 2681 3533 2749 τῆς
3565 2677 3815 2746 ἀψευδῶς

2263 2773 2550 2842 ,εἰπούσηςο
2599 2773 2745 2841 Ἐγὼ
2771 2774 2877 2827 τὸν
2921 2774 3151 2839 κόσμον
3180 2771 3492 2836 νενίκηκαν
3535 2766 3645 2836 ἐγώ
3678 2767 3815 2835 ειμι

2274 2864 2312 2929 ἢ
2358 2862 2654 2931 ἄμπελος,
2692 2862 2859 2930 ὑμεῖς
2887 2863 2958 2916 τὰ
2999 2862 3285 2929 κλήματα.
3338 2859 3605 2926 Στέῳανος
3650 2856 3814 2909 ἐκλα-

2274 2953 2480 3017 δεύετο,
2536 2957 2629 3008 καὶ
2687 2956 2811 3008 ἄλλο
2864 2955 3047 3024 κλῆμα
3110 2953 3397 3022 μαρτύρων
3456 2950 3808 3002 ἐΰλάστανεν.

2287 3044 2535 3105 Ἰάκωϐος
2588 3044 2948 3113 ἀπετέμνετο,
3003 3045 3098 3123 κοιλ⁴
3152 3044 3384 3111 Πέτρος·
3438 3040 3593 3095 ἄλλος
3650 3038 3815 3089 πάλιν

2277 3134 2481 3201 μάρτυς
2536 3131 2811 3198 ἀνεφύετο.
2869 3125 3032 3193 Οὗτος
3081 3130 3429 3195 ἐξεκόπτετο,
3472 3126 3564 3179 καὶ
3600 3125 3815 3177 Παῦλον

2274 3221 2373 3291 [aL
2427 3220 2605 3289 πάλιν]
2644 3221 2768 3274 ἄλλο
2807 3221 2987 3291 κλῆμα
3017 3220 3360 3288 πολύκαρπον
3394 3220 3426 3284 ἡ
3468 3214 3589 3284 ῥίζα
3635 3214 3802 3281 πρού-

2274 3311 2512 3364 ϐάλλετο.
2580 3312 2930 3381 Ἐτετρύγητο
2986 3311 3220 3372 Παῦλος·
3264 3310 3358 3361 καὶ
3423 3306 3610 3375 βότρυς
3654 3302 3809 3362 ἆλὶος

2278 3398 2580 3467 μαρτυρίου
2628 3398 2947 3469 περκάξων,
2993 3402 3020 3452 ὁ
3066 3401 3284 3467 Θωμᾶς,
3332 3395 3673 3463 ἀνεφαίνετο,
3714 3390 3816 3443 καὶ

2275 3489 2607 3557 πανταχόθεν
2671 3491 2705 3559 ή
2760 3489 2883 3560 ῥίζα
2944 3488 3265 3557 τρυγωμένη
3328 3487 3433 3537 τῶν
3488 3481 3815 3551 τρυγώντων

2277 3576 2437 3645 ἔφερε
2484 3578 2581 3646 τὴν
2633 3578 2801 3645 φορὰν
2852 3576 3253 3645 ἀπληστοτέραν
3284 3576 3376 3627 καὶ
3434 3570 3813 3645 μονιμωτέραν

2275 3667 2373 3735 τὴν
2404 3667 2708 3735 βλάστησιν.
2752 3669 2856 3719 Καὶ
2890 3668 2938 3719 οἱ
2976 3666 3072 3736 μὲν
3102 3666 3414 3727 κόπτοντες,
3454 3664 3591 3715 κατὰ
3619 3658 3815 3728 μικρὸν

644 3734 1015 3824 ἠφανίσθησαν
1088 3740 1502 3810 μαραινόμενοι·
1557 3744 1588 3811 ἠ
1640 3744 1695 3795 δὲ
1748 3744 1827 3813 τῷ
1863 3744 2063 3817 καρπῷ
2098 3745 2186 3800 διά
2245 3752 2440 3813 ,παντὸς
2492 3753 2780 3821 βρίθουσα,
2830 3754 2898 3805 τὰ
2975 3734 3185 3824 πέρατα
3232 3754 3328 3819 τῆς
3375 3753 3473 3819 γῆς
3526 3744 3814 3817 περιέλαβε

644 3824 753 3884 τοῖς
785 3823 1172 3895 βλαστήμασιν.

836 3930 1081 3997 Ejusdem
1106 3934 1321 3987 humilia
1345 3936 1500 3988 tertia
1523 3936 1573 3988 in
1588 3934 1732 3989 idem
1762 3938 1971 4004 festum.

1240 4108 1499 4162 Proaemiu
1507 4127 1575 4163 m.

715 4213 918 4266 Dirinae
945 4215 1196 4269 bonitatis
1223 4217 1394 4271 imber
1430 4218 1691 4285 incipiens
1734 4219 2046 4274 hominibus
2092 4222 2172 4275 cf-
2204 4229 2247 4285 ι)

648 4305 818 4365 fundi,
870 4305 1027 4359 hodie
1055 4320 1215 4373 supra
1246 4308 1461 4361 modum
1500 4318 1689 4363 auctus
1734 4318 1834 4373 est,
1890 4321 1943 4364 et
1982 4326 2175 4379 magna

588 4396 773 4447 wolim
814 4393 1095 4466 [exhibita]
1116 4396 1369 4451 benelicia
1404 4398 1698 4466 majoribus
1735 4400 1889 4453 hodie
1913 4400 2203 4456 obscura-.

646 4485 741 4534 vit.
769 4483 899 4535 Nam
929 4492 1084 4536 erant
1125 4484 1338 4552 quidem
1401 4494 1523 4539 ante
1555 4486 1656 4540 hoc
1702 4488 2016 4541 beneficium
2052 4491 2174 4544 illu—

648 4569 800 4631 stria,
836 4576 888 4621 ct
917 4569 1112 4622 summi
1160 4570 1364 4623 amoris
1392 4571 1583 4640 signa:
1635 4572 1801 4624 Adam
1850 4588 1880 4626 e
1934 4575 2174 4642 virgineo

648 4658 908 4726 sanguine
933 4674 1103 4715 novus
1130 4658 1321 4725 factus,
1354 4675 1636 4729 corporum
1676 4662 1844 4716 morbi
1883 4662 2071 4730 fugati,
2123 4676 2177 4719 et

648 4763 712 4800 ex
738 4749 1022 4803 animabus
1049 4750 1311 4804 daemonia
1336 4752 1523 4820 ejecta.
1575 4752 1830 4809 Latrones
1880 4757 2175 4825 principem

649 4837 915 4890 latronum
954 4830 1194 4900 vincunt,
1218 4850 1269 4893 ct
1293 4842 1358 4893 dc
1399 4857 1463 4894 eo
1521 4843 1882 4911 triumphant:
1941 4862 2179 4899 resurre-

650 4925 757 4979 ctio
785 4926 943 4980 morti
983 4926 1241 4997 succedit.
1272 4926 1374 4979 Sed
1409 4928 1669 4983 hactenus
1700 4930 1812 4984 haec
1864 4933 2016 4999 plena
2053 4943 2179 4986 sunt

650 5016 871 5070 honoris
899 5026 952 5071 et
980 5016 1299 5086 splendoris,
1331 5017 1422 5071 sed
1456 5018 1653 5071 donum
1706 5021 1846 5087 quod
1889 5038 2028 5075 nunc
2084 5040 2172 5077 ce-

651 5106 939 5169 lehramus,
976 5123 1078 5159 non
1135 5108 1368 5178 admittit
1397 5111 1869 5178 comparationem.
1908 5112 1972 5164 Et
2029 5128 2177 5167 amor

649 5195 924 5249 Creatoris
952 5211 1077 5265 erga
1114 5176 1214 5251 nos
1249 5200 1411 5251 vincit
1449 5200 1786 5266 seipsum,"et
1818 5216 1920 5253 una
1950 5215 2071 5253 cum
2099 5205 2175 5255 vi-

652 5286 818 5339 ctoria
871 5296 1142 5339 ornatur:
1199 5299 1393 5356 etqna:
1448 5289 1589 5341 illam
1624 5289 1773 5353 vicit,
1828 5291 2177 5347 nihilominus

651 5385 811 5441 quam
838 5374 883 5428 si
911 5377 1101 5429 horum
1142 5376 1349 5444 singula
1383 5377 1617 5431 victoriae
1642 5393 1892 5432 coronam
1941 5391 2174 5448 reporta-

652 5459 1090 5528 rent.Terrigcna
1122 5471 1307 5514 natura
1328 5472 1519 5516 terram
1557 5466 1888 5532 relinquens,
1924 5470 2048 5535 quin
2084 5486 2177 5538 po-

655 5551 757 5602 tius
792 5547 988 5611 fcrcns,
1018 5550 1068 5602 in
1099 5553 1293 5605 cadum
1330 5552 1664 5607 transfertur.
1696 5553 1755 5606 l'Jt
1788 5556 1885 5607 huc
1920 5562 2058 5624 quml
2096 5562 2174 5611 di-

726 5730 745 5761 ⁷
775 5738 1085 5809 Juatt._xu,
1112 5746 1195 5799 55.
1273 5747 1291 5771 "
1320 5745 1446 5799 iuan
1509 5764 1593 5812 μ’,
1638 5748 1686 5801 5.

2279 3945 2389 4005 Τοῦ
2435 3945 2655 4008 αὑτοῦ,
2700 3945 2769 3998 ἐκ
2823 3943 2926 3998 τοῦ
2944 3947 3064 4068 ἱείς
3116 3944 3228 4011 τὴν
3272 3944 3463 4008 αὐτὴν
3506 3939 3719 4006 ἑορτὴν
3760 3936 3816 4005 γ’

2985 4030 3146 4068 οτιου.

2985 4030 3146 4081 ογου.

2839 4126 2907 4177 Τό
2942 4110 3265 4193 προοίμιοή

2352 4234 2412 4287 '0
2439 4233 2577 4296 θεῖος
2621 4234 2715 4300 τῆς
2744 4232 3071 4302 ἀγαθότητος
3113 4230 3311 4300 δμΰρος
3361 4231 3655 4298 ἀρξάμενος
3698 4230 3817 4289 τοῖς

2278 4322 2579 4391 ἀνθρώποις
2608 4322 2918 4391 ὲκχεῖσθαι,
2952 4321 3084 4391 πρὸς
3127 4321 3401 4389 ἀμήχανον
3438 4321 3670 4386 σήμερον
3706 4318 3814 4367 δω-

2279 4412 2414 4482 ρεῶν
2457 4412 2733 4482 ὑπερήρθη
2781 4411 3144 4482 πλημμύραν,
3174 4410 3271 4463 καὶ
3293 4408 3360 4462 τὰ
3406 4408 3612 4479 μεγάλα
3644 4404 3815 4459 κατέ-

2277 4504 2451 4571 κρυψε
2479 4502 2734 4570 μείζοσιν.
2761 4498 2865 4552 Ἦν
2892 4502 2985 4570 μὲν
3013 4501 3118 4569 γὰρ
3146 4501 3240 4555 καὶ
3267 4499 3337 4552 ca
3366 4500 3471 4569 πρὸ
3491 4498 3588 4564 τῆς
3608 4492 3809 4564 παρούο

2280 4607 2378 4659 σης
2420 4592 2735 4659 ερεργεσίας
2768 4590 3011 4659 λαμπρὰ,
3045 4591 3135 4642 καὶ
3174 4589 3268 4659 τῆς
3297 4590 3465 4657 ἄκρας
3501 4586 3815 4653 φιλοτιμίας

2278 4681 2574 4745 ἀπόδειξιςο
2618 4680 2785 4749 ’Λδάμ
2822 4683 2885 4732 ὲκ
2913 4679 3251 4749 παρθενικῶν
3284 4679 3527 4745 αἱμάτων
3560 4690 3813 4743 καινουρ-

2278 4768 2567 4837 γούμενος,
2627 4771 2888 4836 σωμάτων
2926 4772 2981 4821 αἱ
3015 4771 3154 4821 νόσοι
3201 4764 3661 4834 φυγαδευόμεναι,
3716 4764 3818 4815 καὶ

2275 4855 2460 4923 ψυχῶν
2486 4854 2810 4923 ἐλαυνόμενα
2842 4855 2909 4906 τὰ
2954 4857 3202 4923 δαιμόνια
3228 4870 3241 4885 '
3270 4852 3466 4921 λῃσταὶ
3504 4852 3593 4903 τὸν
3639 4851 3817 4920 ἀρχιε-

2276 4946 2473 5013 λῃστὴν
2500 4944 2779 5006 νικῶντες,
2810 4945 2904 4997 καὶ
2945 4943 3354 5013 θριαμϐεύοντες
3373 4958 3387 4971 °
3420 4942 3642 5003 θάνατος
3670 4942 3817 5009 λαμ-

2277 5031 2450 5083 ὁάνων
2494 5026 2733 5100 διάδοχον
2774 5034 2868 5098 τὴν
2909 5032 3218 5083 ἀνάστασιν.
3264 5032 3400 5084 Ἀλλ’
3446 5033 3548 5093 ἕως
3578 5032 3674 5099 μὲν
3715 5031 3815 5083 νῦν

2280 5122 2450 5173 ταῦτα
2480 5122 2637 5190 γέμει
2666 5122 2759 5172 καὶ
2780 5120 3083 5187 φιλοτιμίας
3109 5121 3199 5171 καὶ
3230 5120 3604 5189 λαμπρότητος
3622 5135 3635 5148 ·
3662 5120 3725 5171 τὸ
3752 5120 3812 5187 δὲ

2276 5209 2367 5261 νῦν
2409 5210 2792 5279 έορταζόμενον
2838 5210 3003 5277 δῶρον
3041 5210 3139 5261 οὐκ
3171 5210 3417 5277 ἀνέχεται
3470 5208 3811 5277 συγκρίσεως

2276 5296 2516 5358 ἐξέτασιν
2558 5296 2922 5357 ἐπιδέξασθαι.
2970 5298 3075 5349 Καὶ
3109 5299 3233 5366 νικᾷ
3262 5297 3355 5365 μὲν
3389 5297 3583 5361 ἑαυτὴν
3612 5296 3643 5361 ὴ
3683 5297 3815 5375 περὶ

2276 5388 2419 5455 ἡμᾶς
2454 5385 2547 5437 τοῦ
2578 5385 2818 5437 Πλείστου
2866 5388 3168 5456 φιλοτιμία,
3208 5384 3708 5453 συγκαλλωπίζεται
3755 5386 3816 5439 δὲ

2276 5478 2339 5543 τῇ
2370 5475 2522 5544 νίκῃ·
2571 5475 2662 5527 καὶ
2707 5476 2741 5529 ἃ
2782 5476 2878 5545 τὴν
2930 5478 3063 5545 πρὸς
3100 5476 3311 5543 ἐκείνην
3343 5472 3505 5543 ἦτταν
3544 5476 3813 5543 ἤνεγκεν,
3850 5525 3858 5530 ,

2279 5565 2425 5617 οὐδὲν
2471 5565 2715 5627 ἔλαττον,
2744 5566 2774 5635 ἢ
2806 5566 2958 5635 εἴπερ
2990 5566 3184 5617 τούτων
3216 5568 3441 5617 ἕκαστον
3472 5566 3561 5617 τὸν
3588 5564 3686 5634 τῆς
3734 5565 3814 5618 vi-
