4122 6338
358 504 486 571 1501

1128 508 1570 571 ORATIONUM
1604 509 1698 571 ET
1736 510 2221 572 HOMILIARUM
2262 510 2736 573 FRAGMENTA.
3377 505 3511 568 1502
3581 518 3584 521 '

350 602 452 698 κης
478 616 774 683 ἀνεδήσατο
798 617 1072 687 στέφανον.
1114 620 1177 672 Ἦ
1206 620 1440 696 γηγενὴς
1465 621 1621 689 φύσις
1656 622 1751 691 τὴν
1782 622 1883 691 γῆν
1913 644 1925 680 Α

1982 628 2125 676 ctum
2151 631 2269 674 est:
2312 616 2597 676 Faciamus
2633 622 2887 674 hominem
2922 621 2989 674 ad
3044 621 3320 690 imaginem
3362 632 3409 672 et
3439 621 3511 672 δίον

351 706 578 773 ἀφεῖσα,
613 706 809 776 μᾶλλον
846 707 902 759 δὲ
938 709 1203 780 φέρουσα,
1238 712 1316 773 είς
1348 713 1604 781 οὐρανοὺς
1646 715 1880 781 μετοικι-

352 793 525 856 ζεται.
556 797 673 849 Καὶν
692 796 772 859 τό,
800 796 1167 864 Ποιήσωμεν”
1180 797 1485 866 ἄνθρωπον
1522 800 1648 853 κατ’
1680 803 1881 855 εῑκόνα

352 884 642 951 ἡμετέραν
699 886 796 937 καὶ
840 886 993 938 καθ’·
1022 889 1331 955 ὁμοίωσιν,
1368 890 1482 958 κτῆς
1532 892 1881 954 ἀναπλάσεως

357 972 553 1040 μᾶλλον
584 973 763 1042 ἔργον,
812 976 844 1043 ἧ
890 972 989 1043 τῆς
1033 976 1280 1039 πλάσεως
1322 978 1701 1033 ἐπιδείκνυται.
1759 983 1882 1049 Ἀρ-

353 1074 584 1130 χετυπον
633 1062 731 1131 τῆς
790 1064 1083 1133 ἀθανασίας
1128 1069 1161 1136 ὴ
1228 1068 1464 1137 σήμερον
1518 1070 1881 1137 ἀναληφθεϊσα

357 1154 535 1222 μορφή
561 1168 575 1183 ο
631 1155 965 1229 σκιαγραφία
1003 1154 1057 1207 δὲ
1088 1157 1181 1208 καὶ
1210 1158 1555 1225 προτύπωσις
1577 1142 1773 1211 ’τούτου
1794 1200 1809 1222 ,
1848 1162 1880 1229 ἡ

355 1240 488 1309 πρὸς
515 1244 609 1309 τὴν
644 1222 791 1294 θείαν
824 1242 1006 1295 εἰκόνα
1037 1242 1135 1311 τῆς
1170 1222 1304 1312 ὲμῆς
1333 1245 1683 1315 δημιουργίας
1718 1222 1882 1299 και-αλ

345 1329 504 1398 ,ϐολήι
555 1329 814 1399 Ἐμελλεν
856 1330 974 1391 ὄνος
1016 1331 1193 1385 λαλεῖν
1219 1352 1233 1365 ο
1287 1334 1369 1385 ῐνα
1421 1336 1605 1404 μηδεὶς
1646 1337 1879 1405 ἀπιστῇ,

356 1418 719 1488 προελάλησεν
746 1420 886 1485 δφις.
920 1420 1189 1491 Παρθένος
1216 1422 1385 1494 τίκτει
1411 1440 1425 1454 ο
1469 1423 1553 1477 ἵνα
1585 1427 1657 1493 μή
1690 1444 1770 1477 σοι
1800 1426 1881 1490 ξέ-

355 1524 443 1561 νον
479 1508 690 1580 δειχθῇ,
729 1508 912 1563 ’τίκτει
966 1512 1319 1582 προφθάσασα
1375 1518 1579 1583 στεῖρα.
1622 1516 1882 1584 Ἐμελλεν

366 1587 532 1667 Ἀδὰμ
578 1599 806 1653 θανάτου
851 1600 1125 1654 τίκτεσθαι
1174 1603 1467 1671 κρείττων’
1516 1605 1599 1658 ἵνα
1653 1605 1726 1675 μὴ
1788 1606 1885 1657 κά-

362 1702 468 1757 μῃς
496 1687 763 1759 ἐπιζητῶν
791 1690 1094 1753 πιστεῦσαι,
1124 1692 1153 1743 ό
1181 1692 1395 1761 πρῶτος
1443 1692 1611 1761 Ἀδὰμ
1644 1695 1742 1755 τὰς
1796 1695 1881 1745 ἐπ’

354 1776 619 1847 ἀθανασίᾳ
649 1776 858 1847 δέχεται
878 1779 1115 1853 ψήφους·
1151 1784 1241 1833 καὶ
1270 1782 1361 1833 τὸν
1404 1782 1571 1851 Ἑνὼχ
1602 1783 1762 1850 ἔχεις,
1797 1785 1883 1838 ναὶ

349 1867 413 1938 δὴ
435 1868 530 1923 καὶ
565 1868 655 1921 τδν
695 1870 898 1933 Ἠλίαν,
927 1871 988 1923 τὸ
1027 1872 1121 1939 τῆς
1149 1872 1443 1936 ἀθανασίας
1489 1877 1884 1943 σκιαγραφοῦν-

1978 710 2331 763 militudinem
2357 719 2593 764 nostram
2623 712 2679 775 ⁸,
2722 709 2889 779 magis
2929 710 3325 763 reformationis
3350 725 3510 775 quam
3548 698 3555 704 ’

1979 798 2318 854 fcrmationis
2341 814 2463 855 esse
2491 800 2724 854 videtur.
2754 798 3037 868 Exemplar
3090 799 3511 851 immortalitatis
3540 829 3547 835 ~
3590 858 3591 861 η

1978 899 2059 943 est
2085 888 2255 940 forma
2283 889 2440 954 hodie
2472 897 2767 957 assumpta,
2801 888 3137 951 adumbratio
3157 887 3314 954 hujus
3344 895 3397 939 et
3430 896 3509 954 ty-

1978 991 2080 1044 pus
2109 988 2189 1030 est
2217 976 2425 1030 initium
2455 977 2742 1030 crcatiouis
2768 986 2964 1049 nostrae
2994 977 3059 1029 ad
3082 961 3362 1045 imaginem
3398 973 3511 1026 Dei.

1980 1061 2145 1129 Loqui
2173 1062 2331 1115 debet
2355 1064 2559 1129 asinus,
2592 1078 2656 1117 ne
2688 1064 2810 1131 quis
2843 1063 2913 1117 sit
2954 1065 3258 1117 incredulus
3288 1065 3351 1126 '°,
3390 1073 3513 1116 ante

1980 1149 2193 1203 locutus
2223 1160 2305 1203 est
2328 1165 2548 1219 serpens
2586 1151 2653 1215 ιι,
2680 1149 3003 1221 Virgoparit
3033 1153 3097 1204 ⁸³.
3139 1149 3214 1205 Ne
3266 1151 3358 1204 tibi
3417 1167 3513 1204 no-

1979 1252 2103 1289 vum
2133 1238 2393 1304 videatur,
2420 1240 2557 1308 parit
2574 1254 2694 1308 quae
2722 1249 2875 1293 antea
2915 1240 3115 1294 sterilis
3148 1241 3267 1305 fuit,
3302 1241 3512 1308 parien-

1981 1325 2080 1380 dus
2111 1336 2226 1380 erat
2254 1327 2491 1383 Adamus
2529 1338 2698 1383 morte
2728 1330 2991 1397 superior,
3021 1345 3084 1382 ne
3122 1333 3408 1398 quaerendo
3456 1340 3514 1383 ut

1979 1418 2166 1470 credas
2202 1417 2525 1488 defatigeris.
2585 1418 2793 1472 Primus
2846 1410 3012 1473 Adam
3064 1420 3255 1487 accipit
3300 1429 3514 1473 senten-

1982 1506 2107 1559 tiam
2142 1506 2208 1561 de
2236 1507 2632 1563 immortalitate
2658 1526 2671 1575 ;
2696 1519 2750 1563 et
2778 1510 3145 1563 Enoch‘habes
3173 1511 3215 1542 ⁸³
3258 1519 3311 1563 et
3343 1509 3511 1562 Eliant

1957 1600 2071 1667 qui
2114 1599 2535 1654 immortalitatis
2568 1600 2877 1670 mysterium
2908 1601 3229 1655 adumbrant
3260 1601 3321 1653 ".
3350 1601 3512 1654 Crea-

1983 1699 2065 1742 tor
2092 1690 2236 1743 enim
2279 1692 2378 1743 hos
2409 1675 2585 1743 adhuc
2615 1698 2755 1743 tenet
2789 1693 2842 1744 in
2870 1706 3111 1758 corpore,
3143 1701 3385 1744 naturam
3424 1706 3515 1743 ex-

1980 1778 2242 1831 sulantem
2270 1780 2576 1863 consolans,
2600 1780 2689 1847 qui
2714 1780 2874 1832 etiam
2900 1791 3017 1856 post
3038 1782 3285 1834 exsilium
3316 1782 3510 1835 iterum

1982 1869 2369 1922 immortalitati
2400 1870 2471 1923 sit
2513 1870 2656 1922 illam
2684 1872 3047 1923 restituturus.
3078 1868 3233 1938 Lapsi
3267 1873 3505 1938 parentis

348 1936 449 2019 τας
483 1958 797 2029 μυστήριον.
834 1936 1215 2030 Κατέχεινγὰρ
1242 1962 1460 2024 τούτους
1484 1965 1512 2014 ό
1548 1936 1794 2029 mem;
1827 1967 1883 2016 ιν
1916 1954 1925 2009 Ι

1983 1957 2355 2026 ιιιιπίιιορδίι
2396 1936 2714 2022 ιιιοτιιιιὶίιιε,
2746 1974 2851 2011 non
2885 1960 3152 2027 peccantis
3188 1959 3277 2012 ﬁlii
3326 1960 3376 2011 iu
3426 1974 3515 2012 so«

353 2046 596 2114 σώματι,
644 2046 981 2115 ψυχαγωγῶν
1021 2050 1118 2117 τὴν
1158 2052 1428 2119 ἐξόριστον
1479 2052 1637 2119 φύσιν
1672 2052 1745 2113 ὠς
1790 2056 1881 2106 καὶ

355 2138 489 2205 μετὰ
517 2138 618 2207 τὴν
664 2136 947 2209 ὑπερόριον
994 2141 1169 2209 φυγὴν
1199 2141 1356 2194 πάλιν
1386 2144 1463 2205 είς
1496 2144 1593 2210 τὴν
1618 2142 1879 2197 ἀθάνατον

351 2226 683 2292 ὲπαναγάγοι
740 2228 1030 2282 πολιτείαν.
1103 2229 1163 2281 Ἦ
1221 2231 1629 2295 διαπταίσαντος
1679 2237 1878 2303 πατρὸς

351 2312 736 2366 ἐπεισελθοῦσα
789 2316 1077 2384 θνητότης,
1139 2320 1517 2389 άναμαρτήτου
1578 2322 1761 2385 παιδὸς
1803 2325 1881 2385 είς

292 2411 297 2417 ’
350 2403 586 2455 διάλυσιν
618 2404 787 2457 ἐδεῖτο
822 2408 918 2474 τῆς
948 2408 1233 2475 τιμωρίας,
1266 2408 1323 2461 ὃν
1350 2411 1635 2478 ἀναμένειν
1663 2416 1695 2480 ἡ
1728 2414 1895 2479 φύσις⁴

350 2492 439 2543 διά
464 2510 525 2544 τε
569 2492 735 2563 Ἑνὼχ
773 2497 862 2547 καὶ
918 2497 1479 2569 Ἠλίουλδιδασκομένη
1528 2503 1882 2567 προειθίζετο.

352 2588 475 2640 Ὅτι
524 2586 615 2638 σοῦ
674 2587 1052 2656 βουληθέντος,
1112 2592 1210 2642 ούκ
1268 2592 1599 2661 ἀποθνήσκει
1656 2594 1881 2662 θνητὸς,

365 2673 529 2741 Ἑνὼχ
557 2674 624 2739 μὲ
655 2674 743 2725 καὶ
795 2674 973 2735 Ἠλίας
1003 2674 1305 2727 διδάσκουσι
1324 2692 1339 2707 ο
1370 2680 1460 2729 καὶ
1488 2680 1680 2744 γένοιτ’
1708 2680 1772 2732 ἂν
1816 2681 1882 2732 δι’

353 2761 528 2814 αὐτῶν
562 2762 855 2824 ἀθανασίας
890 2764 1063 2825 ἐλπὶς,
1094 2768 1205 2825 τοῖς
1252 2764 1401 2817 οὔπω
1430 2768 1637 2837 θανάτῳ
1685 2787 1881 2837 «pos-3o

355 2852 661 2920 μιλήσασιν.
699 2855 927 2922 Νεκροῖς
954 2856 1010 2906 δὲ
1046 2856 1165 2907 τίνα
1198 2856 1263 2909 ἂν
1300 2860 1625 2927 παράσχοιεν
1649 2862 1696 2913 οἱ
1721 2864 1883 2930 μήπω

354 2939 602 3003 θανόντες
654 2943 974 3011 προσδοκίαν
1034 2946 1412 3014 ἀναϐιιῖισεωςς
1475 2951 1611 3001 Ἀλλ’
1669 2951 1761 3003 ἐάν
1805 2969 1886 3011 τις

353 3031 417 3079 ἐκ
455 3030 660 3097 νεκρῶν
701 3033 935 3092 ἀναστάς
965 3032 1021 3084 ὲν
1066 3034 1277 3103 οὐρανῷ
1304 3033 1561 3109 βασιλεύῃ
1582 3073 1596 3097 ,
1636 3033 1784 3100 οὗτος
1813 3039 1886 3107 τῷ

353 3118 469 3186 ὲμῷ
504 3121 663 3171 παντὶ
698 3121 841 3185 γένει
874 3122 935 3173 τὸ
955 3122 1051 3191 τῆς
1078 3125 1372 3190 ἀθανασίας
1406 3128 1767 3195 άναμφίὸολον
1791 3129 1889 3180 δῶ-

355 3224 447 3275 ρον
496 3210 807 3278 παρέχεται.
860 3211 956 3263 Διὰ
995 3211 1153 3265 τοῦτο
1194 3214 1414 3266 πλάττει
1460 3218 1525 3285 τῇ
1558 3217 1715 3283 φύσει
1754 3218 1883 3279 Θεὸς
1910 3249 1953 3307 C

353 3298 649 3361 ἀθανασίας
683 3301 745 3351 ὲκ
777 3301 874 3368 τῆς
906 3300 1116 3367 φύσεως
1158 3302 1462 3372 πρόσωπον,
1488 3306 1585 3357 καὶ
1621 3307 1883 3359 δείκνυσιν

354 3386 490 3455 ὑπὲρ
524 3388 681 3454 φύσιν
710 3392 773 3440 ὲκ
807 3390 904 3455 τῆς
943 3390 1152 3457 φύσεως
1184 3396 1490 3465 προστάτην
1521 3397 1621 3465 τῆς
1654 3398 1881 3465 φύσεως.

365 3476 425 3528 ’0
452 3475 677 3528 θανάτου
720 3482 1051 3547 γευσάμενος
1086 3483 1143 3533 ὲν
1170 3484 1411 3552 οὐρανοῖς
1458 3486 1520 3536 ἐκ
1558 3488 1764 3554 νεκρῶν
1799 3489 1884 3538 ὲν-

354 3566 690 3633 θρονίζεται·
738 3570 813 3630 ὼς
851 3569 915 3623 ἂν
959 3573 1197 3623 κάτωθεν
1238 3576 1269 3640 ὴ
1322 3574 1480 3639 φύσις
1521 3576 1655 3643 πρὸς
1694 3576 1779 3626 τὸν
1830 3578 1884 3625 ὲν

355 3655 599 3722 οὐρανοῖς
665 3657 1015 3720 ἀτενίζουσα,
1080 3659 1241 3726 μηδὲν
1310 3661 1621 3732 ἑπιδιστάξῃ
1698 3663 1887 3733 [ἐπιδι-

360 3744 559 3811 στάζῃ,
592 3746 661 3798 Μ.
698 3745 797 3814 Μ.]
828 3748 890 3815 τῇ
936 3747 1229 3818 ἀθανασίᾳ,
1264 3751 1352 3801 τὸν
1395 3752 1453 3813 ἐξ
1494 3754 1661 3820 αὐτῆς
1707 3754 1886 3815 ἁῖδίως

356 3832 415 3881 ὲν
444 3832 687 3899 οὐρανοῖς
714 3830 990 3908 βλέπουσα
1024 3834 1390 3901 βασιλεύοντα.
1422 3840 1513 3899 Τίς
1544 3840 1763 3908 λαλήσει
1793 3842 1888 3901 τὰς

357 3919 671 3984 δυναστείας
709 3904 949 3989 kopiou;
981 3925 1363 3993 Συμὸασιλεύει
1398 3927 1618 3994 Θεότητι
1648 3904 1823 3994 (ῥύσις,
1856 3932 1887 3997 ἡ

358 4008 486 4074 πρὶν
510 4008 566 4075 έν
595 4006 903 4084 παραδείσῳ
935 4012 1067 4079 μηδὲ
1094 4013 1191 4079 τῆς
1220 4013 1365 4073 θείας
1392 4014 1572 4083 φωνῆς
1599 4016 1693 4084 τὴν
1721 4018 1887 4083 ἀκοὴν

360 4082 640 4160 στέγουσα,
672 4096 802 4148 ἀλλά
830 4096 907 4165 τῷ
938 4097 1085 4167 φόϐῳ
1117 4099 1514 4166 δραπετεύουσα
1543 4103 1634 4153 καὶ
1661 4119 1890 4171 κρυπτο-

361 4184 517 4251 μένη.
550 4185 612 4233 Ὢ
636 4186 733 4250 τῆς
766 4187 893 4254 περὶ
919 4188 1018 4255 ἐμὲ
1047 4190 1421 4258 χρηστότητος.
1458 4192 1530 4242 Οὐ
1571 4192 1889 4261 μνημονεύει

356 4272 454 4338 τῆς
482 4272 869 4339 παραῦάσεως,
914 4276 973 4326 οὐ
1009 4281 1332 4343 μνησικακεῖ
1360 4278 1452 4329 τοῦ
1494 4281 1626 4347 πρὸς
1652 4282 1741 4331 τὸν
1773 4278 1927 4348 ὅφιν.

362 4358 717 4427 συνθήματος,
772 4360 864 4411 τοῦ
894 4362 1083 4426 γένους
1118 4363 1212 4429 τὴν
1239 4365 1622 4431 ἀγνωμοσύνην
1662 4368 1719 4417 ού
1748 4366 1891 4432 λογί-

360 4445 533 4509 ζεται,
557 4446 652 4513 τὴν
684 4446 886 4497 πτῶσιν
918 4447 1016 4498 οὑκ
1040 4449 1347 4517 ἐπῃσχύνθη
1378 4451 1473 4517 τῆς
1504 4452 1741 4518 φύσεως·
1775 4454 1887 4505 ἀλλ’

362 4536 418 4585 ὲν
445 4536 624 4594 αὐτοῖ;
657 4537 765 4594 τοῖς
806 4535 896 4585 τοῦ
927 4536 1150 4588 θανάτου
1186 4540 1451 4604 κειμένοις
1479 4539 1787 4608 βαράθροις,
1831 4544 1885 4595 ὲν

1986 2048 2239 2101 lutionem
2270 2050 2468 2119 indiget
2498 2051 2777 2117 supplicio,
2798 2066 2955 2117 quem
2989 2061 3295 2117 exspectare
3324 2061 3513 2105 natura

1988 2150 2081 2203 per
2111 2133 2290 2190 Enoch
2331 2146 2382 2189 et
2430 2137 2597 2189 Eliam
2635 2147 2785 2189 antea
2826 2139 3122 2191 consuevit.
3180 2138 3254 2191 Te
3302 2140 3513 2191 volente
3584 2176 3590 2181 .

1989 2239 2095 2277 non
2141 2224 2368 2278 moritur
2398 2228 2677 2297 mortalis,
2708 2236 2767 2279 ut
2807 2212 2988 2280 Enocli
3015 2238 3067 2280 et
3099 2227 3242 2281 Elias
3290 2242 3372 2280 tne
3413 2228 3510 2279 do-
3572 2288 3575 2289 ν

1987 2319 2128 2373 cent,
2163 2321 2216 2364 et
2252 2327 2345 2381 per
2373 2313 2495 2366 illos
2543 2314 2981 2367 resurrectionem
3035 2328 3333 2381 speramus,
3388 2316 3511 2381 quia

1984 2401 2220 2453 nondum
2252 2403 2448 2454 mortui
2497 2414 2640 2455 sunt.
2670 2401 2862 2455 Mortui
2914 2418 3059 2465 vero,
3092 2418 3272 2469 quam,
3308 2418 3509 2469 quaeso,
3593 2460 3597 2465 ι

1983 2492 2251 2559 praebeant
2286 2494 2733 2561 exspectationem
2776 2494 3183 2548 resurrectionis
3209 2495 3242 2547 ii
3265 2494 3354 2561 qui
3376 2510 3511 2546 nou-

1985 2582 2110 2632 dum
2148 2584 2342 2634 mortui
2390 2584 2556 2636 sunt?
2588 2581 2689 2637 Sed
2714 2584 2757 2638 si
2794 2584 2917 2651 quis
2969 2599 2999 2636 a
3044 2585 3270 2637 mortuis
3313 2583 3510 2636 excita-

1987 2678 2074 2724 tus
2104 2673 2154 2724 in
2198 2674 2336 2727 cmlo
2387 2665 2588 2742 regnat,
2626 2673 2712 2726 ille
2744 2674 2992 2726 omnibus
3028 2672 3348 2726 hominibus
3392 2688 3511 2725 cer-

1988 2768 2098 2811 tum
2129 2762 2545 2815 immortalitatis
2593 2763 2909 2816 beneﬁcium
2954 2763 3063 2815 dat.
3126 2760 3247 2815 Ideo
3306 2773 3511 2817 natura:

1987 2848 2181 2903 format
2216 2848 2355 2906 Deus
2389 2851 2811 2908 immortalitatis
2858 2868 2889 2907 e
2942 2865 3132 2906 natura
3191 2852 3401 2916 faciem,
3460 2863 3512 2906 ct

1986 2940 2219 3006 ostendit
2270 2956 2432 3010 supra
2473 2952 2721 2997 naturam
2768 2953 3011 2998 enatura
3063 2952 3265 2997 natura:
3298 2943 3509 2999 ducem.
3604 2968 3610 2973 ο

1986 3029 2085 3093 Qui
2112 3034 2607 3099 monemgustavit,
2638 3032 2689 3085 in
2711 3034 2848 3086 cmlo
2878 3050 2905 3086 a
2937 3036 3163 3087 mortuis
3196 3036 3505 3098 collocatur,

1987 3130 2045 3171 ut
2075 3134 2103 3171 e
2128 3120 2285 3173 terris
2314 3129 2499 3172 natura
2547 3121 2613 3173 ad
2656 3136 2778 3174 eum
2809 3123 2899 3189 qui
2939 3123 2989 3174 in
3034 3124 3180 3176 caelis
3212 3133 3293 3177 est
3342 3126 3512 3191 respi-

1988 3212 2157 3270 ciens,
2194 3206 2327 3260 nihil
2357 3210 2421 3261 de
2452 3210 2855 3264 immortalitate
2898 3212 3191 3273 addubitet,
3221 3213 3403 3265 videns
3431 3230 3513 3266 rc-

1985 3312 2101 3366 gem
2144 3298 2194 3349 in
2222 3308 2475 3351 aeternum
2509 3299 2559 3351 in
2588 3300 2738 3353 ctelis
2765 3316 2792 3351 e
2824 3311 3080 3353 senatum
3110 3317 3351 3369 regnare.
3381 3302 3511 3367 Quis
3596 3318 3602 3321 ‘

1984 3386 2250 3452 potentias
2282 3384 2490 3439 Domini
2518 3389 2825 3439 enarrabit?
2849 3388 3050 3457 chnat
3084 3406 3207 3442 cum
3239 3392 3512 3444 divinitate

1986 3484 2195 3530 natura.
2229 3486 2347 3538 quae
2372 3474 2519 3540 prius
2563 3474 2613 3525 in
2640 3474 2891 3541 paradiso
2918 3491 3014 3529 nec
3040 3478 3273 3540 divinam
3325 3494 3508 3531 vocem

1986 3564 2170 3615 audire
2200 3565 2476 3628 sustinuit,
2518 3566 2610 3618 sed
2634 3580 2739 3631 pne
2767 3568 2958 3619 timore
2998 3566 3148 3634 fugit,
3174 3580 3224 3621 et
3261 3585 3377 3621 sese
3415 3586 3509 3623 oc-

1986 3652 2225 3705 cultavit.
2253 3650 2295 3705 Ο
2345 3653 2437 3707 Dei
2466 3668 2591 3723 erga
2641 3671 2724 3707 me
2756 3656 3044 3709 bonitatem
3075 3658 3085 3709 ε
3116 3656 3228 3710 Non
3272 3660 3513 3711 meminit

1988 3744 2462 3809 transgressionis,
2512 3759 2617 3817 non
2653 3746 2965 3799 recordatur
3012 3747 3152 3813 pucti
3199 3750 3338 3815 quod
3391 3763 3509 3800 cum

1988 3841 2233 3897 serpente
2260 3835 2454 3883 malum
2492 3835 2808 3901 pepigimus,
2843 3837 3277 3902 ingratitudiuem
3341 3837 3512 3887 homi-

1987 3936 2109 3972 num
2138 3935 2242 3972 non
2275 3932 2503 3989 reputat.
2531 3924 2739 3991 lapsum
2799 3931 3004 3976 natura:
3065 3938 3167 3975 non
3226 3925 3508 3989 erubesrit,

1987 4011 2077 4061 sed
2121 4010 2171 4061 iu
2202 4009 2453 4063 barathro
2481 4013 2665 4064 mortis
2692 4014 2978 4079 jacentem,
3019 4015 3069 4064 in
3104 4015 3232 4079 ipsis
3270 4016 3514 4081 impieta-

1988 4098 2055 4151 tis
2086 4098 2258 4166 a‘dylis
2287 4100 2663 4168 complectitur
2712 4102 3155 4154 inenarrabilibus
3206 4103 3405 4156 amoris
3437 4104 3516 4155 di-

1989 4189 2152 4253 t'itiis,
2200 4199 2251 4243 ct
2290 4189 2432 4242 illam
2484 4206 2547 4243 ex
2608 4189 2897 4244 inferorum
2945 4185 3302 4258 penetralibus
3356 4204 3515 4245 retra-

1989 4278 2141 4339 hens,
2191 4294 2295 4330 una
2346 4296 2467 4332 cum
2494 4281 2769 4334 divinitate
2802 4297 2898 4334 sua
2936 4281 3157 4335 Greater
3210 4293 3511 4335 creaturam

1987 4368 2219 4427 elevans,
2247 4376 2465 4432 paterno
2492 4368 2631 4419 siuui
2663 4369 2937 4435 imposuit.
2973 4371 3091 4421 ldeo
3150 4370 3349 4422 Paulus
3403 4372 3513 4423 cla-

1989 4467 2098 4507 mat
2125 4475 2137 4507 :
2172 4454 2632 4521 Conresuscitavit,
2663 4468 2711 4510 et
2739 4460 3013 4511 consedere
3030 4474 3118 4511 nos
3149 4459 3263 4525 fecit
3297 4460 3347 4510 in
3365 4460 3512 4511 coele-

1990 4546 2152 4597 stibus
2190 4547 2252 4597 ¹⁵.

361 4622 539 4685 αὐτοῖς
562 4626 669 4685 τοῖς
697 4624 795 4691 τῆς
823 4624 1075 4686 ἀσεῦείας
1133 4626 1339 4687 ἀδύτοις
1390 4628 1800 4698 περιδράττεται
1854 4634 2054 4702 ταύτης
2097 4637 2313 4705 ἀρρήτῳ
2346 4637 2744 4705 φιλανθρωπίας
2804 4640 3034 4707 πλούτῳ,
3068 4639 3288 4689 καὶτῶν
3320 4642 3518 4706 ’μυχῶν

360 4716 561 4782 ταύτην
582 4716 895 4777 ἀνασπάσας
922 4715 1011 4768 τοῦ
1072 4716 1218 4785 ᾆδον,
1258 4720 1634 4786 συνανυψώσας
1701 4725 1859 4776 αὑτοῦ
1894 4730 1955 4795 τῇ
1996 4728 2205 4795 θεότητι
2258 4731 2283 4778 ὁ
2342 4730 2715 4797 Πλαστουργδς
2773 4731 2834 4781 τὸ
2897 4730 3355 4798 πλαστούργημα,
3407 4734 3514 4791 τοῖς

361 4809 640 4869 πατρικοῖς
684 4806 901 4868 κόλποις
946 4806 1206 4875 ἐνίδρυσε.
1239 4808 1336 4859 Διά
1382 4810 1535 4863 τοῦτο
1576 4815 1669 4863 καὶ
1725 4815 1929 4877 Παῦλος
1967 4816 2091 4868 ἐϐόα
2122 4832 2135 4846 ⁸
2179 4818 2490 4885 xvi-liram
2541 4820 2637 4871 καὶ
2682 4819 3073 4875 συνεκάθισεν
3106 4823 3257 4889 ἡμας
3305 4824 3371 4873 ἐν
3397 4823 3516 4887 τοῖς

365 4890 744 4957 ἐπουρανίοις.

432 5038 455 5073 ⁹
485 5037 616 5093 Gen.
662 5053 698 5100 ι,
738 5039 828 5097 26.

332 5187 339 5193 ἡ
370 5106 477 5165 ΙΙ..
528 5107 572 5139 ⁸⁸
600 5106 794 5176 Εριιει.
834 5125 892 5174 ιι,
927 5112 980 5166 6.

920 5045 962 5117 ’ξ
995 5045 1154 5103 Num.
1196 5046 1449 5114 “11,28.
1527 5050 1566 5081 “
1605 5050 1736 5113 Gen,
1811 5068 1888 5117 ιιι,
1942 5054 1990 5106 l.

2099 5052 2139 5083 "
2172 5050 2301 5107 Luc.
2344 5070 2383 5119 ι,
2418 5056 2504 5109 56.
2615 5056 2654 5087 ¹³
2690 5057 2822 5127 Gen.
2852 5052 3014 5119 “‘24.
3092 5055 3131 5085 ”
3171 5054 3231 5107 ιν
3262 5056 3390 5125 Reg.
3452 5071 3511 5112 ιι.
