3984 6150
423 269 497 334 27

425 385 612 438 minus
681 396 867 438 amore
942 380 1143 437 Christi
1197 380 1458 435 omnibus
1505 381 1880 443 renuntiavit,
1931 386 1984 432 et

428 474 722 527 asceticam
758 472 1115 541 amplexatus,
1158 471 1212 526 in
1248 471 1356 526 Deo
1384 486 1486 524 suo
1514 480 1567 524 et
1597 468 1814 522 Christo
1839 483 1986 536 spem

428 561 740 616 collocavit.
781 559 932 627 Quod
979 561 1034 612 in
1087 560 1224 612 tanti
1256 560 1360 613 viri
1397 558 1585 614 laudes
1617 557 1988 627 reponendum

427 659 534 713 cst.
557 666 760 720 easque
789 651 1039 714 eximias,
1067 659 1341 704 assertore
1367 649 1620 704 Callixtu.
1638 647 1778 714 Quid
1810 657 1990 699 autem

430 744 524 814 qui
559 744 708 797 carni
733 751 784 796 et
811 744 1014 796 mundo
1047 744 1386 804 deserviunt,
1411 750 1463 795 et
1497 743 1690 794 bonam
1724 739 1988 794 Christia-

431 847 626 888 norum
683 831 1102 894 educationem,
1155 839 1211 885 et
1268 831 1452 883 carnis
1528 828 1992 882 excruciationem

431 925 718 994 dissipant,
747 937 816 978 ex
847 923 1031 977 verbis
1075 922 1195 978 istis
1227 921 1450 977 Callixti
1499 919 1997 989 Magdeburgenses

431 1016 799 1071 convertunt?
843 1012 1002 1068 Nilus
1050 1015 1129 1069 vir
1158 1013 1364 1083 generis
1396 1012 1674 1066 nobilitate
1697 1050 1711 1075 ,
1745 1019 1794 1064 et
1829 1011 1998 1064 uirtu-

432 1117 541 1158 tum
592 1113 906 1158 ornamento
958 1103 1248 1172 praeclarus
1296 1103 1614 1164 monachus,
1672 1101 1815 1154 urbis
1855 1098 1998 1154 Con-

431 1194 928 1260 stantinopolitano:
976 1190 1254 1261 indigena,
1311 1200 1361 1244 et
1409 1190 1690 1259 pra’fectus
1723 1190 1996 1258 postremis

428 1282 676 1336 lenioris
722 1281 996 1336 Theodosii
1029 1283 1367 1350 temporibus.
1416 1281 1649 1349 Cumque
1680 1283 1917 1349 potentia
1948 1289 2001 1333 et

433 1373 620 1441 opibus
656 1373 906 1442 aﬁlueret,
938 1382 1093 1442 atque
1125 1373 1285 1426 etiam
1321 1374 1427 1427 alio
1479 1371 1633 1426 modo
1671 1371 1924 1426 Ecclesia:
1951 1379 2002 1425 et

436 1463 739 1531 reipublica:
793 1475 930 1518 recte
985 1473 1034 1518 et
1092 1467 1318 1517 multant
1375 1465 1604 1526 servire,
1658 1465 2002 1532 prodesseque

436 1556 711 1623 potuisset,
745 1565 915 1608 tamen
945 1571 1007 1609 ex
1039 1557 1262 1610 sinistro
1279 1554 1678 1622 Scripturarum
1708 1554 2001 1616 intellectu,

437 1657 484 1701 et
519 1663 758 1714 perversa
795 1645 1008 1700 illorum
1063 1657 1353 1715 temporum
1388 1646 1783 1715 superstitione,
1819 1646 2004 1700 relicta

440 1737 674 1806 legitinta
717 1753 813 1790 sua
863 1753 986 1805 erga
1032 1738 1293 1805 prwclara
1334 1738 1640 1801 uacatione,
1677 1737 2002 1791 ntonasticen

437 1837 514 1880 est
555 1827 845 1893 amplexus.
887 1829 950 1882 Et
985 1829 1100 1900 hjec
1140 1831 1362 1896 quidem
1398 1832 1443 1882 si
1473 1830 1551 1881 uti
1597 1844 1695 1882 sua
1728 1835 2005 1882 testaren-

438 1923 570 1980 tur,
616 1920 894 1971 moderate
945 1918 1167 1971 ferenda
1214 1936 1240 1970 a
1275 1918 1577 1972 Catlzolicis
1631 1927 1849 1982 essent,
1912 1917 2002 1987 qui

439 2004 824 2059 haereticorum
875 2007 1228 2074 petulantiam
1267 2016 1604 2075 perspectam
1641 2007 1839 2061 habent
1870 2027 1883 2061 :
1916 2023 2005 2062 ve-

439 2111 560 2150 rum
614 2111 739 2150 cum
788 2096 995 2150 addunt
1061 2114 1123 2150 ea
1175 2098 1368 2166 referre
1408 2109 1622 2151 auctore
1680 2097 2003 2167 Nicephoro,

441 2185 536 2240 lib.
575 2202 686 2248 xiv,
728 2200 850 2256 cap.
893 2187 980 2248 54,
1013 2188 1139 2256 quis
1177 2189 1312 2242 bene
1350 2189 1708 2243 toleraverit?
1740 2189 2004 2259 Scriptori

441 2276 660 2331 crimini
689 2276 833 2331 haud
867 2277 1103 2331 obnoxio
1128 2278 1336 2332 crimen
1369 2288 1476 2333 tam
1507 2288 1663 2334 atrox
1695 2281 1860 2333 etiam
1883 2297 2006 2334 cum

437 2362 762 2428 mendacio,
801 2372 860 2417 ιιι
901 2365 1211 2419 obcaecatos
1241 2375 1457 2427 mente,
1501 2376 1556 2419 et
1605 2368 1773 2422 rudes
1822 2368 2011 2423 fallere

439 2453 676 2521 possint,
717 2455 1036 2524 appingere,
1082 2458 1208 2524 quis
1239 2456 1598 2510 tolerabiliter
1644 2457 1877 2512 tulerit?
1905 2458 2010 2514 Sed

442 2545 546 2597 hoc
567 2543 808 2598 dandum
833 2555 919 2600 est
949 2546 1247 2611 haereticis,
1275 2547 1371 2617 qui
1402 2561 1468 2600 ex
1514 2562 1574 2603 se
1613 2547 1782 2604 veluti
1827 2553 2010 2606 aranei

439 2633 548 2688 tela
577 2632 812 2705 lingunt.

510 2724 589 2778 Ad
620 2726 736 2780 haec
764 2725 1030 2794 adjiciunt
1065 2729 1252 2782 eadem
1284 2729 1532 2783 centuria
1591 2747 1709 2800 cap.
1769 2733 1854 2795 10,
1889 2741 2018 2801 post

441 2814 532 2867 illa
564 2815 773 2870 insulsa
810 2815 878 2870 de
909 2815 1028 2870 Nilo
1050 2819 1308 2886 episcopo
1336 2828 1390 2874 et
1417 2829 1671 2889 martyre,
1695 2837 1815 2889 quae
1835 2831 2015 2891 poste-

444 2905 558 2958 rius
585 2904 910 2971 videbimus,
941 2905 1008 2960 de
1060 2909 1316 2976 capitulis
1356 2911 1530 2963 sancti
1565 2909 1670 2964 Nili
1708 2925 1726 2962 :
1758 2910 1835 2966 De
1864 2912 2014 2968 bonis

441 2996 680 3062 operibus
698 3006 954 3065 pra'ceplu
989 3001 1231 3064 exposita
1269 3001 1557 3054 secundum
1610 3004 1798 3057 seriem
1843 3003 2015 3059 Deca-

442 3087 567 3156 logi,
599 3087 786 3155 quibus
819 3088 1030 3142 insertae
1057 3099 1179 3142 sunt
1210 3093 1484 3145 sententia!
1512 3092 1576 3146 de
1590 3095 1822 3162 praemiis
1849 3095 2014 3151 bono-

443 3192 559 3228 tum
584 3191 816 3244 operum,
847 3188 896 3231 et
925 3181 1088 3247 poenis
1113 3182 1399 3235 malorum.
1433 3184 1564 3250 Qua:
1591 3186 1751 3238 etiam
1784 3187 1840 3239 in
1886 3204 2018 3256 gno-

442 3264 741 3335 mographis
771 3266 1083 3336 quibusdam
1113 3266 1311 3323 Crwcis
1356 3273 1709 3326 continentur.
1754 3273 2017 3330 Caeterum

439 3357 506 3412 de
525 3356 650 3426 ﬁde.
683 3370 772 3410 aut
808 3359 933 3411 aliis
962 3358 1219 3413 doctrina:
1254 3360 1494 3427 partibus
1537 3363 1668 3416 nihil
1703 3365 1852 3418 dicit.
1908 3367 2013 3422 Sed

442 3448 767 3502 incommode
800 3449 1058 3517 loquitur.
1081 3459 1207 3516 potu
1257 3467 1408 3520 aqute
1465 3453 1673 3523 frigidm
1719 3457 2016 3527 justi/icari

443 3537 859 3591 misericordem.
900 3538 1036 3602 Qui's
1072 3556 1222 3610 nunc
1261 3558 1394 3597 voce
1456 3561 1560 3598 non
1622 3551 2019 3605 contenderet?

444 3633 488 3684 υ
516 3631 764 3684 homines
798 3631 1005 3688 ferreos.
1052 3631 1325 3696 infelices,
1367 3644 1420 3688 et
1455 3635 1601 3691 fricti
1652 3639 1850 3694 ciceris
1901 3656 2018 3694 em-

449 3727 654 3787 ptores,
684 3719 776 3788 qui
813 3735 909 3774 nec
941 3723 1144 3790 scripta
1173 3721 1372 3792 legere,
1403 3741 1500 3779 nec
1532 3727 1670 3782 lecta
1698 3729 2014 3802 intelligere,

449 3824 626 3878 neque
671 3810 987 3865 discernere
1023 3812 1236 3868 valetis.
1271 3813 1527 3872 Dcstituti
1581 3821 1780 3886 ventis,
1839 3838 2018 3881 remos

444 3898 636 3954 saltem
686 3901 946 3957 adhibere
997 3903 1122 3973 quis
1179 3906 1373 3960 vetat?
1428 3905 1564 3973 Quis
1623 3917 2021 3969 asseveraverit

443 3990 621 4046 Nilum
669 3991 736 4049 de
790 3993 916 4059 fide,
979 4005 1033 4050 et
1083 3994 1207 4052 aliis
1261 3997 1524 4055 doctrina:
1585 4002 1832 4070 partibus
1883 4006 2019 4061 nihil

445 4084 673 4139 dicere?
697 4083 828 4150 Quis
856 4082 976 4140 Nilo
1006 4087 1139 4141 vitio
1173 4087 1405 4156 dederit,
1465 4092 1612 4160 quod
1667 4091 1734 4148 de
1783 4097 2020 4164 praemiis

446 4177 712 4232 bonorum
765 4195 990 4250 operum
1034 4189 1089 4236 et
1153 4184 1334 4252 poenis
1373 4188 1644 4241 malorum
1691 4191 2022 4258 scripserit?

446 4269 580 4334 Quis
613 4269 734 4325 Nilo
752 4271 1366 4342 ConstantinOpolitano
1385 4279 1700 4332 attribuerit
1720 4279 1930 4335 dictum
1954 4283 2021 4336 de

393 4389 400 4398 ο
448 4370 575 4428 potu
615 4376 770 4430 aqua:
801 4360 1053 4432 frigidas?
1087 4364 1258 4417 Adeat
1295 4366 1524 4433 scripta.
1570 4367 1628 4420 In
1663 4369 1769 4422 illis
1799 4373 2024 4439 praecla-

447 4451 669 4505 rissima
705 4459 759 4505 et
783 4453 1238 4520 praestantissima
1274 4455 1342 4509 de
1395 4456 1519 4518 fide,
1567 4466 1622 4511 et
1668 4459 1737 4513 de
1770 4460 2020 4515 doctrina

451 4542 744 4607 catholica,
774 4543 820 4596 si
861 4559 1038 4598 czccus
1070 4560 1179 4598 non
1223 4554 1328 4610 est,
1397 4551 1676 4617 reperiet:
1722 4566 1822 4605 nec
1870 4552 2020 4607 illiilli

450 4636 792 4690 arcrsabitur
839 4637 1066 4705 judicio,
1129 4639 1274 4707 qu‘od
1338 4638 1406 4694 de
1466 4641 1706 4709 praemiis
1753 4642 2020 4699 bonorum

450 4741 790 4798 operum,et
838 4729 906 4784 de
957 4733 1137 4800 poenis
1203 4731 1471 4785 malorum
1540 4732 1848 4788 dictaverit.
1917 4735 2020 4791 Sed

452 4821 573 4874 istis
597 4821 965 4890 apertissimis
987 4820 1208 4875 infamia
1240 4824 1442 4877 criticis
1471 4826 1865 4889 concedamus,
1893 4827 2022 4881 dum

454 4914 560 4964 alia
589 4921 752 4982 atque
799 4915 906 4967 alia
965 4913 1230 4968 scriberet
1285 4914 1460 4982 Nilus,
1529 4917 1584 4969 in
1631 4919 1908 4974 nonnullis
1957 4920 2026 4975 de

455 5002 704 5070 dogmate
727 5004 966 5059 siluisse.
1008 5001 1146 5056 Tum
1178 5003 1568 5059 advertendum
1596 5015 1678 5060 est
1733 5023 1856 5060 eum
1881 5025 2024 5079 sa-pe

457 5094 656 5159 satpius
689 5110 812 5148 cum
843 5095 1110 5162 plumbeis
1165 5094 1474 5150 hominibus
1503 5097 1703 5166 egisse,
1733 5106 1789 5152 et
1829 5100 1894 5154 ad
1920 5101 2014 5153 do-

457 5187 637 5248 gmata
694 5180 1042 5247 intelligenda
1101 5180 1584 5249 incptissimis.et
1645 5188 2024 5239 tantummodo

457 5270 707 5339 corporis
729 5273 1225 5328 exercitationibus
1248 5281 1306 5326 ut
1333 5273 1502 5328 Demn
1530 5273 1634 5328 sibi
1664 5275 2024 5332 conciliarent

457 5361 868 5417 deditissimis:
916 5380 1086 5433 quare
1130 5365 1416 5434 superiora
1467 5372 1522 5420 et
1577 5366 1875 5420 elevatiora
1933 5368 2022 5422 illa

459 5452 718 5520 mysteria
769 5454 1067 5508 evolvenda
1122 5472 1228 5510 non
1284 5465 1461 5511 erant.
1523 5455 1659 5510 Dum
1716 5473 1843 5512 vero
1901 5474 2022 5513 cum

460 5544 847 5608 prsestantibus
907 5545 1122 5617 ingenio
1177 5547 1447 5602 tractabat
1485 5587 1499 5609 .
1549 5555 1661 5600 tum
1712 5550 2024 5619 expurgatis

461 5632 726 5697 dissidiis,
759 5644 813 5690 ct
850 5637 1116 5694 discussis
1154 5638 1474 5694 nebularum
1520 5638 1702 5694 dubiis
1762 5641 2018 5695 secundis

1625 267 1926 334 ΝΟΤῙΤῙΑ
1975 271 2010 330 ΙῙ

2112 271 2154 331 ς.
2194 266 2462 333 MLUM.
3597 246 3664 314 93

2098 380 2274 435 ventis
2305 380 2360 432 in
2403 378 2605 433 aethera
2662 379 2838 429 elatus
2888 369 3145 446 mysteria
3200 373 3321 427 fidei
3381 373 3668 429 fumlelaat.

2094 468 2210 522 Non
2240 469 2458 524 credis?
2488 467 2752 522 Percutre
2783 468 2972 530 libros,
3029 477 3082 519 et
3125 465 3481 519 admiraberis
3519 466 3668 534 genii

2094 561 2469 614 dexteritatem
2499 559 2552 612 in
2591 560 2750 612 rrbus
2781 557 3102 612 tractandis.
3137 554 3201 609 Et
3234 567 3292 609 ut
3327 558 3491 610 tinem
3537 572 3666 610 ora—

2097 651 2228 703 tioni
2314 651 2627 719 imponam,
2687 650 2775 702 cui
2865 648 3071 713 fidens,
3147 662 3268 716 quae
3335 645 3668 701 Bossancnsi

2097 739 2218 793 Nilo
2239 740 2465 793 historia
2525 739 2720 797 defert,
2771 748 2825 791 tu
2883 739 2947 792 ad
2994 736 3676 805 Constantinopolitanunv

2097 830 2474 900 (lhrysoslmni
2505 829 2836 898 discipulqu
2863 829 3108 883 detrahis
3135 828 3157 880 ?
3189 827 3403 881 Dictum
3434 828 3501 880 de
3526 841 3674 894 aqua

2099 920 2318 990 frigida,
2375 921 2744 975 Rossanensis
2809 920 3114 989 discipulus
3167 918 3500 973 Rossauensi
3561 935 3678 973 non

2102 1013 2290 1067 invitis
2318 1012 2573 1066 manibus
2606 1011 2724 1064 dat.
2757 1009 2836 1062 Tu
2877 1010 3192 1080 quingentis
3243 1009 3402 1063 annis
3444 1009 3674 1062 millesi-

2100 1119 2246 1157 mutn
2273 1103 2509 1165 mutilas,
2532 1118 2632 1156 nec
2655 1110 2735 1154 tot
2765 1115 3032 1154 annorum
3058 1100 3298 1170 spatium
3327 1100 3679 1153 decurtatum-

2084 1192 2446 1288 ,xhorrescis
2472 1191 2497 1244 ?
2523 1190 2662 1243 Audi
2691 1191 2839 1244 illius
2877 1188 3230 1256 discipulum,
3263 1204 3330 1241 ex
3364 1201 3478 1256 quo
3511 1183 3674 1239 Baro-

2103 1273 2226 1337 hius
2258 1298 2357 1336 sua
2405 1282 2592 1337 habet.
2648 1280 2789 1334 Dicit
2840 1278 2972 1334 Nilo
3031 1279 3351 1334 Russanensi
3412 1273 3678 1330 Nicolaus

2101 1374 2582 1441 protospatharius.
2625 1373 2784 1426 Pater
2812 1386 2975 1441 quare
2995 1371 3123 1426 dicit
3142 1370 3510 1442 Evangelium,
3532 1370 3676 1440 quod

2102 1465 2393 1533 quicunque
2417 1480 2637 1532 parvum
2690 1464 2905 1516 calicem
2973 1479 3124 1532 aqua:
3175 1462 3388 1533 frigida:
3442 1462 3669 1527 dederit,

2104 1572 2207 1609 non
2239 1557 2444 1609 amittet
2495 1555 2779 1610 mercedem
2811 1567 2961 1609 suam
2987 1558 3017 1610 ἵ
3044 1554 3326 1621 Respondit
3363 1554 3494 1607 ille:
3540 1551 3674 1606 Pro-

2103 1655 2218 1712 pter
2249 1644 2344 1697 hoc
2370 1645 2566 1698 dictum
2599 1656 2674 1698 est
2712 1646 2845 1709 illis,
2875 1647 2963 1713 qni
2995 1644 3130 1698 nihil
3160 1643 3370 1706 habent,
3404 1652 3460 1695 ut
3492 1641 3675 1696 nullus

2102 1748 2400 1801 excusetur,
2448 1738 2539 1806 qui
2586 1755 2675 1790 nec
2723 1737 2876 1789 habet
2917 1737 3082 1804 ligna,
3143 1736 3332 1803 quibus
3391 1733 3681 1801 calefaciat

2105 1842 2320 1895 aquam.
2349 1826 2488 1891 Quid
2519 1841 2638 1879 vero
2658 1826 2864 1893 facietis
2917 1841 3028 1888 vos,
3067 1823 3159 1891 qui
3209 1821 3523 1890 pauperibus
3575 1821 3681 1889 [νᾶ-α

2106 1915 2283 1985 gidam
2317 1932 2513 1985 aquam
2546 1915 2813 1984 aufertis.’
2841 1914 3091 1968 Christus
3111 1912 3303 1968 eadem
3335 1911 3678 1982 pronuntiat,

2108 2007 2522 2066 utostenderet.
2555 2006 2636 2060 sic
2691 2005 2838 2059 enim
2899 2004 3180 2066 doctores,
3244 2001 3392 2071 iique
3447 2000 3681 2056 maximi

2108 2095 2374 2160 trudunt,
2425 2097 2681 2167 exiguum
2741 2103 2795 2147 et
2849 2093 3007 2148 facile
3059 2091 3405 2157 beneﬁcium,
3457 2099 3514 2147 et
3567 2091 3686 2148 fere

2109 2188 2312 2242 nullius
2345 2188 2719 2241 aestimationis
2751 2187 2890 2257 apml
2926 2185 3195 2245 homines.
3243 2193 3421 2238 tamen
3477 2185 3689 2239 habere

2108 2281 2461 2334 constitutam
2481 2279 2784 2333 mercedem
2807 2295 2836 2332 a
2865 2277 3240 2346 Deo,camque
3255 2292 3361 2330 non
3384 2277 3634 2346 exiguam
3662 2291 3686 2343 ξ

2110 2385 2232 2441 qua:
2261 2372 2405 2425 enim
2433 2370 2578 2424 Dens
2611 2371 2884 2440 promisit,
2915 2385 3082 2440 parra
3113 2385 3234 2424 esse
3256 2384 3364 2422 non
3399 2375 3629 2438 possunt
3661 2381 3686 2432 ς

2110 2461 2316 2530 majora
2349 2468 2502 2525 sunt,
2530 2475 2693 2530 quam
2731 2460 2994 2514 aestimari
3042 2468 3273 2530 possent
3325 2458 3394 2512 ab
3456 2458 3522 2511 iis
3587 2457 3686 2526 qui

2110 2552 2378 2619 recepturi
2405 2560 2552 2604 sunt.
2586 2550 2737 2618 Aqua
2771 2549 2968 2619 frigida
3015 2549 3150 2603 satis
3185 2548 3391 2602 indicat
3437 2545 3688 2601 studium

2109 2650 2163 2697 ct
2219 2641 2554 2711 diligentiam
2625 2642 2677 2693 in
2737 2640 3000 2695 beneﬁcio
3047 2639 3376 2703 exhibendo,
3429 2637 3690 2708 quamvis

2111 2734 2328 2803 exiguo.
2361 2732 2774 2787 Estimatenim
2807 2731 2947 2786 Deus
2972 2747 3137 2801 opera
3168 2732 3339 2803 magis
3366 2747 3430 2785 ex
3475 2731 3684 2793 studio,

2111 2835 2165 2880 et
2200 2823 2383 2877 divina
2411 2823 2607 2876 mentis
2641 2821 2979 2890 incitatione,
3017 2836 3179 2892 quam
3209 2837 3274 2876 ex
3303 2823 3380 2876 rei
3409 2822 3688 2892 magnitu-

2112 2916 2257 2971 dine.
2287 2913 2408 2968 Ilaec
2428 2913 2551 2967 dicit
2574 2913 2863 2977 Christus;
2897 2921 2951 2964 et
2978 2909 3130 2965 Nilus
3152 2911 3444 2964 identidem
3492 2909 3690 2964 eadem

2113 3004 2425 3059 revocando
2451 3005 2787 3072 pronuntiat.
2820 3001 2905 3057 An
2937 3002 3105 3056 videri
3148 3001 3692 3071 potestcommodius

2112 3100 2167 3148 et
2205 3092 2430 3161 aptius?
2462 3091 2713 3147 Christus
2749 3091 3010 3162 loquitur,
3045 3091 3139 3160 qui
3170 3091 3330 3160 pleno
3387 3101 3610 3160 pectore
3632 3101 3688 3144 et

2113 3197 2286 3253 perse
2315 3182 2481 3252 sapit.
2517 3181 2690 3235 Dicito
2719 3189 2778 3234 tu
2840 3179 3206 3242 commodius,
3272 3179 3370 3249 qui
3427 3179 3688 3234 diviniori

2114 3280 2316 3336 mente,
2345 3284 2398 3328 et
2414 3272 2646 3327 consilio
2675 3272 2842 3342 sapis.
2867 3270 3023 3327 Nilus
3044 3271 3247 3327 Christi
3270 3271 3436 3326 verba
3466 3261 3688 3341 repetit;

2114 3374 2164 3420 et
2190 3374 2246 3419 tu
2277 3365 2457 3420 Nilum
2485 3364 2830 3419 incommode
2851 3363 2997 3434 loqui
3039 3361 3146 3416 non
3172 3362 3380 3417 vereris
3409 3376 3684 3426 asserere,

2114 3455 2245 3509 dum
2287 3455 2363 3509 ait
2399 3463 2586 3525 potum
2619 3470 2773 3524 aqua:
2804 3453 3012 3524 frigidae
3047 3453 3351 3523 justifieare
3376 3453 3687 3508 misericor-

2115 3548 2236 3601 dem
2275 3554 2373 3601 :et
2421 3545 2564 3614 vulgi
2598 3545 3079 3616 reprehensionem
3133 3549 3245 3596 non
3299 3541 3625 3596 reformidas
3659 3538 3689 3594 ῗ

2115 3637 2189 3691 ita
2223 3636 2438 3691 tandem
2459 3647 2514 3690 et.
2542 3637 2915 3706 Evangelium,
2948 3642 3002 3688 et
3032 3633 3235 3688 Christi
3261 3632 3425 3687 verba
3452 3631 3522 3686 ad
3553 3631 3686 3687 libi-

2117 3737 2230 3782 tum
2249 3734 2402 3780 tuum
2423 3725 2741 3796 conlingito,
2767 3725 3089 3794 redditaque
3111 3723 3297 3778 incudi
3321 3739 3516 3778 versus
3544 3723 3691 3778 male

2117 3826 2381 3881 tornatos,
2423 3827 2482 3872 ut
2519 3818 2904 3882 incommodis,
2938 3832 3060 3887 qua:
3089 3824 3321 3870 mentem
3367 3823 3516 3870 tuam
3549 3813 3690 3870 dila-

2116 3917 2326 3971 cerant,
2367 3909 2570 3964 mederi
2601 3910 2803 3977 valeas.

2191 4003 2547 4056 Doctissimus
2581 4000 2843 4055 Possinus
2871 4001 2924 4055 in
2945 4000 3228 4075 Menologii
3277 4003 3450 4058 Graeci
3504 4001 3692 4057 verbis

2117 4093 2433 4148 Mauritium
2489 4093 2541 4146 in
2606 4091 2941 4146 Marcianum
3002 4095 3295 4160 demutat;
3357 4094 3502 4166 quod
3563 4101 3692 4163 apte

2117 4185 2264 4239 cadit
2288 4184 2340 4236 in
2368 4199 2500 4236 rem.
2530 4184 2632 4248 Qui
2693 4185 2836 4239 enim
2884 4187 3060 4256 potuit
3104 4188 3208 4242 sub
3254 4187 3528 4250 Mauritio,
3584 4189 3688 4254 qui

2119 4274 2409 4344 imperium
2448 4275 2567 4328 iniit
2591 4291 2734 4329 anno
2766 4275 2976 4331 Domini
3014 4277 3120 4332 583
3163 4280 3438 4333 communi
3488 4278 3691 4348 spiritu

2119 4363 2247 4429 frtri,
2278 4366 2369 4435 qni
2391 4364 2617 4420 Joannis
2641 4365 3011 4436 Chrysostomi
3037 4366 3356 4437 discipulus.
3389 4377 3443 4423 et
3462 4367 3693 4437 aequalis

2122 4455 2290 4511 fuisse
2317 4457 2601 4521 asscritur,
2635 4457 2792 4524 cujus
2825 4457 3009 4511 obitus
3027 4473 3170 4511 anno
3195 4458 3298 4512 407
3321 4459 3390 4513 ab
3411 4457 3692 4512 historicis

2121 4547 2368 4616 ponitur?
2391 4545 2626 4600 Vixisset
2655 4547 2838 4614 utique
2860 4546 3145 4599 minimum
3173 4561 3346 4600 annos
3375 4545 3497 4609 £75,
3531 4545 3690 4599 dem-

2123 4638 2230 4706 ptis
2259 4639 2421 4692 etiam
2455 4638 2633 4700 annis,
2667 4637 2872 4706 quibus
2905 4635 2971 4689 ad
2994 4637 3321 4691 obtinendas
3355 4635 3684 4705 disciplinas

2114 4719 2513 4800 ";lll')'$0$l0lllﬂ
2543 4729 2840 4783 adhaesisse
2869 4727 3170 4798 negandum
3213 4743 3319 4781 non
3337 4736 3436 4782 est.
3474 4728 3539 4780 Et
3564 4727 3691 4796 quis

2121 4821 2377 4885 crederet
2398 4819 2628 4874 Ntlianze
2648 4823 2824 4874 aetatis
2851 4820 2984 4872 adeo
3006 4818 3281 4872 diuturna:
3337 4817 3558 4886 spatia?
3593 4817 3693 4870 llic

2123 4912 2265 4965 idem
2291 4911 2551 4965 Possinus
2579 4911 2630 4962 in
2653 4911 2970 4979 praal’atione
3017 4924 3115 4963 sua
3165 4909 3220 4961 itt
3265 4908 3534 4978 Epistolas
3582 4905 3693 4961 Nili

2123 5003 2187 5055 ad
2211 5001 2711 5056 Eminentissimum
2753 5000 3107 5054 Barberinum
3136 5001 3294 5053 aliam
3315 5008 3466 5053 notat
3486 5001 3553 5053 de
3581 4999 3694 5052 Nili

2121 5099 2277 5145 aetate
2306 5090 2611 5160 CaryOphili
2645 5089 3126 5143 hallucinationem
3149 5107 3161 5142 :
3185 5091 3424 5155 Quarum
3452 5091 3685 5154 primum

2124 5183 2412 5252 antiquitas
2441 5200 2502 5235 ea
2535 5192 2633 5240 est,
2667 5184 2751 5233 cui
2788 5183 2876 5249 qui
2905 5181 3047 5233 mille
3073 5197 3238 5233 annos
3271 5181 3530 5248 imputare
3555 5182 3700 5233 satis

2123 5273 2380 5336 habuerit,
2408 5272 2702 5325 detraxisse
2752 5270 2815 5322 de
2849 5285 2969 5322 cera
3024 5287 3230 5324 summa
3289 5269 3704 5337 deprehenditur

2124 5380 2289 5416 annos
2304 5363 2704 5430 [eretreccntos,
2731 5369 2896 5413 totum
2926 5360 3178 5413 nimirum
3210 5359 3570 5422 intervallum,
3589 5375 3701 5426 quo

2125 5455 2342 5508 Arcadii
2371 5455 2719 5520 principatus,
2753 5469 2871 5505 vera
2896 5460 2947 5504 et
2975 5463 3117 5506 certa
3169 5460 3299 5503 tatas
3356 5448 3472 5501 Nili
3522 5453 3702 5502 nostri

2126 5545 2381 5599 antecedit
2410 5544 2722 5597 Mauritium
2753 5543 3066 5613 Augustum,
3088 5559 3189 5612 quo
3209 5550 3378 5593 tamen
3403 5541 3705 5608 imperante

2131 5639 2372 5706 ﬂoruisse
2428 5636 2798 5706 scripsisseque
2856 5633 3040 5688 Nilum
3092 5637 3169 5688 vir
3213 5632 3444 5702 alioquin
3502 5637 3704 5686 doctus
