3984 6150
273 298 336 364 19
1477 299 1784 360 ΝΟΤΙΤΙΑ
1823 301 1840 360 1

1943 303 2003 362 S.
2045 301 2312 363 NILUM.
3424 302 3498 369 30

276 409 626 466 halucinatus
671 415 769 461 est.
833 401 900 458 Et
953 403 1099 458 addit
1149 404 1206 457 in
1266 409 1554 474 margine:
1599 405 1834 459 Joannes

275 497 554 551 Ilatthteus
586 493 933 563 Caryophitus
977 489 1298 560 Pra'fatiane
1343 494 1394 544 iu
1450 493 1618 545 l’itam
1665 495 1838 546 sancti

277 586 386 641 Nili
411 586 663 639 Junioris.
699 583 873 636 Verba
925 583 1230 653 Caryopltili
1258 585 1370 636 haec
1398 594 1549 636 sunt:
1570 580 1634 634 Ut
1664 594 1836 634 autem

277 677 431 732 Nilus
465 681 545 729 hic
568 687 744 729 noster
767 671 1156 728 Italo~ljrtrcus
1191 673 1560 731 Rossanensis.
1593 672 1836 725 Junioris

277 768 476 821 titulum
513 766 776 827 habuerit,
811 766 1057 833 paralleli
1095 765 1335 833 qutcdam
1370 765 1471 831 [uit
1497 762 1834 815 admirabilis

271 856 622 912 convenientia
682 871 802 907 cum
859 854 1142 921 antiquiori
1208 852 1357 917 Nilo,
1414 869 1563 920 quem
1622 852 1835 918 pietatis

274 951 580 1002 monastictr
607 947 877 1016 splendor.
902 957 951 1000 et
975 945 1236 1014 prarclara
1261 946 1456 1014 ingenii
1501 951 1834 996 monumenta

269 1041 332 1096 de
355 1042 473 1094 ritte
501 1042 762 1094 solitaria:
790 1039 1038 1092 instituto
1063 1037 1414 1090 immortalem
1472 1035 1831 1088 reddiderunt.

284 1128 419 1182 Vixit
452 1130 496 1182 is
531 1131 816 1197 imperante
865 1127 1138 1189 Mauritio,
1172 1138 1220 1181 et
1250 1135 1531 1196 praztorem
1554 1125 1823 1178 Constan-

263 1221 489 1287 tinopoli
516 1222 642 1289 egit,
672 1219 859 1273 deinde
882 1217 1099 1285 paribus
1134 1233 1253 1270 cum
1281 1231 1448 1270 uxore
1500 1217 1655 1279 uotis,
1685 1229 1834 1282 regu-

265 1310 378 1362 lam
406 1311 512 1376 ipse
525 1311 733 1378 quidem
757 1309 1100 1362 monasticam
1126 1306 1392 1373 professus
1415 1315 1496 1358 est
1527 1306 1582 1356 in
1609 1303 1836 1373 diggpto

265 1416 376 1452 una
405 1416 524 1452 cum
549 1399 659 1461 ﬁlio
700 1398 976 1459 Theoduto,
999 1382 1047 1448 et
1085 1395 1329 1449 sacerdos
1373 1394 1495 1462 fuit,
1530 1409 1664 1446 uxor
1718 1406 1837 1445 vero

264 1507 388 1543 cum
415 1487 532 1557 [ilia
579 1491 791 1542 recessit
855 1490 904 1542 in
951 1488 1270 1556 feminarum
1338 1487 1736 1546 monasterium,
1787 1491 1837 1536 et

265 1591 485 1649 uterque
556 1581 856 1633 sanctitatis
907 1579 1144 1632 laureant
1193 1577 1410 1644 adeptus
1467 1585 1565 1629 est.
1604 1575 1666 1625 At
1719 1589 1838 1626 rem

272 1668 434 1722 Nilus
458 1668 653 1720 Junior
682 1667 800 1722 licet
830 1666 1073 1721 sacerdos
1105 1679 1371 1733 nunquam
1425 1662 1609 1731 fuerit.
1665 1670 1835 1713 tamen

268 1760 453 1811 relicta
545 1773 706 1811 tutore
765 1766 938 1810 tantos
1013 1757 1072 1808 in
1159 1753 1454 1808 monastica
1507 1750 1838 1818 professione

263 1847 391 1914 fecit
433 1864 763 1917 progressus,
815 1856 870 1899 ut
896 1846 1052 1915 plane
1083 1843 1456 1898 monachorum
1494 1842 1838 1894 eremitaruut

267 1940 541 1993 institutor
591 1940 834 2000 evaserit,
899 1949 945 1990 et
1007 1937 1197 1989 Basilii
1254 1933 1436 2004 Magni
1489 1933 1724 1987 ordinent
1779 1931 1834 1983 iu

268 2028 438 2084 Italia
463 2029 1000 2098 miri/iceittustrarit.
1022 2025 1234 2091 Scripta
1257 2041 1377 2078 vero
1402 2023 1538 2089 ejus.
1565 2023 1667 2076 etsi
1685 2020 1836 2073 nulla

265 2128 499 2177 exstant,
531 2119 724 2171 nmltas
755 2133 926 2170 tamen
965 2127 1012 2170 et
1035 2115 1267 2185 egregias
1296 2113 1358 2166 ab
1385 2129 1443 2167 eo
1468 2113 1629 2176 fuisse
1657 2111 1833 2164 elucu-

264 2209 452 2262 bratas
491 2207 766 2274 epistolas,
807 2214 1028 2259 testatur
1070 2205 1159 2268 qui
1218 2202 1531 2271 praclarum
1553 2198 1683 2251 hanc
1705 2194 1838 2251 Vita:

263 2298 384 2368 ejus
413 2299 693 2351 historiam
715 2295 1015 2365 posteritati
1046 2293 1335 2346 mandavit.

342 2389 414 2442 Et
441 2387 817 2458 Chrysostomi
853 2385 1021 2440 fuisse
1038 2384 1364 2454 discipulum
1399 2381 1571 2436 habeo
1599 2395 1664 2435 ex
1713 2379 1838 2434 Cal-

267 2477 394 2532 lixti
423 2476 681 2539 llistoria,
707 2475 798 2528 lib.
830 2491 944 2536 xw,
999 2489 1118 2541 cap.
1150 2471 1218 2527 50
1245 2471 1471 2534 εΝετλός
1505 2487 1562 2523 τε
1584 2471 1612 2521 ὁ
1641 2469 1838 2522 θεσπέ-

268 2584 388 2630 σιος
416 2567 678 2637 ἀσκητὴς,
707 2567 736 2618 ὅ
763 2581 820 2617 τε
853 2564 946 2617 τοῦ
984 2563 1280 2632 Πηλουσίου
1317 2560 1604 2632 Ἰσίδωρος,
1660 2561 1754 2613 καὶ
1808 2561 1837 2613 ὁ

269 2657 702 2728 πολυθρύλλητος
732 2655 976 2728 ἀσκητὴς
1029 2657 1275 2723 Μάρκος,
1319 2654 1540 2725 Ἰωάννῃ
1589 2652 1666 2722 τῷ
1695 2655 1837 2706 πάνυ

267 2746 721 2820 μαθητευθέντες.
747 2743 972 2813 Insuper
1013 2742 1174 2798 Nilus
1225 2753 1422 2797 ascetes
1488 2742 1836 2804 uenerandus,

276 2835 524 2892 Isidorus
554 2837 845 2898 Pelusiota,
872 2845 925 2890 et
953 2836 1265 2889 decantatus
1290 2833 1577 2888 monachus
1598 2833 1835 2895 Marcus,

265 2929 498 2985 Joannis
536 2928 717 2997 Magni
747 2926 1014 3000 discipuli.
1041 2926 1405 2980 Bellarminus
1440 2927 1511 2980 de
1541 2925 1839 2994 Scriptori—

268 3018 375 3073 bus
407 3037 422 3073 :
448 3017 508 3072 S.
542 3017 698 3072 Nilus
720 3017 946 3070 Joannis
990 3015 1356 3087 Chrysostomi
1388 3017 1677 3083 discipulus
1709 3015 1836 3068 vixit

266 3121 504 3176 tempore
535 3109 810 3163 Theodosii
846 3107 1118 3162 Junioris.
1160 3107 1476 3171 Gretserus,
1537 3107 1611 3161 De
1665 3123 1837 3170 cruce,

271 3202 368 3254 lib.
405 3199 452 3262 Ι.
489 3216 610 3269 cap.
672 3202 760 3256 55.
818 3200 1088 3255 Labbaeus
1126 3200 1181 3252 in
1237 3213 1336 3254 sua
1396 3198 1742 3263 Bibliotheca,
1785 3206 1840 3252 et

264 3290 513 3346 Joannes
543 3291 789 3345 Andreas
821 3290 1110 3356 Questadt.

337 3378 448 3433 Sed
497 3378 628 3448 quid
660 3378 714 3432 in
765 3376 1072 3446 indaganda
1117 3373 1223 3429 Nili
1286 3383 1446 3431 aetate
1485 3384 1838 3429 externorum

263 3469 587 3525 testimonia
618 3466 1062 3537 conquiro‘llpse
1093 3467 1194 3522 sibi
1227 3465 1382 3522 Nilus
1422 3467 1579 3521 testis
1600 3466 1840 3534 locuples

239 3571 372 3624 -est,
407 3568 465 3615 et
493 3566 708 3614 atatem
749 3574 903 3614 suam
937 3557 1246 3613 ﬁrmissime
1303 3567 1602 3617 asseverat.
1637 3565 1692 3610 et
1740 3555 1842 3609 sub

258 3667 373 3720 quo
391 3650 658 3720 spiritum
677 3649 910 3704 ducebat
935 3649 1263 3717 imperatore
1286 3647 1507 3700 indicat.
1546 3645 1839 3716 Legantur,

257 3745 306 3798 si
342 3743 549 3813 volupe
583 3749 687 3805 est,
741 3740 916 3811 ipsius
966 3741 1036 3794 ad
1107 3739 1398 3793 Arcadium
1460 3737 1839 3806 imperatorem

254 3835 486 3897 litterae,
511 3848 655 3902 quas
674 3832 762 3887 hic
781 3847 905 3886 cum
937 3830 1060 3886 aliis
1087 3830 1322 3893 edimus,
1349 3828 1630 3898 edidttque
1661 3825 1844 3880 Possi-

254 3942 394 3990 nus,
421 3927 594 3994 cujus
620 3924 686 3978 de
733 3923 930 3978 exsilio
957 3919 1188 3976 Joannis
1233 3922 1287 3974 in
1343 3921 1458 3987 ipsa
1519 3917 1842 3972 sententiam

251 4015 419 4084 ponit
454 4015 515 4068 in
548 4011 819 4068 crimine:
843 4010 1097 4080 Ἰωάννην
1126 4009 1227 4062 οὐκ
1259 4008 1495 4075 εὐλόγως
1528 4007 1607 4068 είς
1632 4005 1844 4075 ὲξορίαν

251 4103 598 4175 ἐξέπεμψας
643 4105 707 4156 ἐκ
758 4102 954 4171 πολλῆς
987 4100 1248 4170 ἐλαφρίας
1283 4101 1394 4162 τοῖς
1425 4098 1500 4168 μὴ
1547 4097 1844 4165 ὑγιαίνουσι

247 4199 310 4251 τὸ
341 4199 576 4267 φρονεῖν
629 4195 949 4256 ἐπισκόποις
992 4190 1417 4262 παραπεισϐείς·
1445 4187 1703 4241 Joannem
1740 4203 1844 4240 non

248 4303 384 4346 recte
448 4291 506 4344 in
566 4287 821 4341 exsilium
874 4284 1175 4338 amaudasti
1229 4298 1340 4350 prce
1411 4280 1579 4334 multa
1637 4280 1844 4334 levitate

247 4390 312 4438 ab
379 4382 605 4438 insanis
666 4376 981 4447 quibusdam
1044 4375 1299 4444 episcopis
1349 4376 1487 4426 male
1539 4387 1840 4439 persuasus.

249 4476 316 4528 Ει
361 4495 375 4530 :
428 4475 564 4536 Πῶς
613 4470 908 4539 ἐπιθυμεῖς
968 4468 1066 4538 τὴν
1116 4463 1682 4520 Κωνσταντινούπολιν
1735 4461 1846 4514 τῶν

250 4567 609 4637 συχνοτέιτων
649 4560 914 4628 σεισμῶν,
951 4560 1045 4625 καὶ
1073 4558 1170 4627 τῆς
1209 4555 1541 4618 ἐπελεύσεως
1573 4552 1667 4606 τοῦ
1699 4553 1847 4606 ales-

248 4657 368 4727 ρίου
400 4654 577 4722 πυρὸς
605 4646 1039 4716 ἀπηλλαγμένην
1075 4646 1224 4707 ἰδεῖν,
1244 4644 1450 4714 μυρίων
1483 4643 1848 4712 ἁτοπημάτων

244 4745 435 4799 αὐτόθι
494 4739 822 4811 γενομένων
850 4780 865 4802 ,
892 4736 984 4789 καὶ
1038 4736 1461 4804 νομιτευομένης
1502 4735 1600 4801 τῆς
1652 4734 1848 4796 κακίας

244 4837 343 4888 σὺν
392 4830 706 4904 παρρησίᾳ
760 4828 952 4896 πολλῇ,
985 4824 1348 4896 ἐξορισθέντος
1393 4824 1486 4876 τοῦ
1532 4824 1720 4877 στόλου
1749 4824 1849 4893 τῆς

241 4923 610 4993 Ἐκκλησίας,
640 4916 748 4972 τοῦ
780 4918 956 4984 φωτὸς
986 4916 1083 4984 τῆς
1115 4914 1390 4984 ἀληθείας,
1416 4914 1514 4984 τῆς
1550 4914 1848 4982 σάλπιγγος

238 5014 330 5066 τοῦ
352 5009 634 5084 Χριστοῦ,
655 5006 930 5060 Ἰωάννου.
951 5004 1221 5070 Quomodo
1238 5003 1382 5070 cupis
1410 5001 1848 5068 Constantinopo-

238 5105 329 5156 lim
372 5099 745 5157 creberrimis
809 5108 962 5150 terra:
1003 5095 1248 5156 motibus,
1290 5105 1338 5147 et
1373 5095 1698 5148 immissione
1739 5095 1848 5163 fre-

235 5195 414 5262 quenti
441 5197 823 5248 wthereorunt
857 5189 1054 5256 ignium
1113 5187 1391 5238 liberatam
1437 5202 1665 5248 cernere,
1728 5202 1847 5238 cum

235 5284 671 5341 innumerabilia
705 5279 832 5332 istic
857 5279 1066 5346 piacula
1099 5280 1516 5341 committantur,
1588 5288 1635 5329 et
1667 5285 1848 5329 auclo-

239 5378 451 5432 ritatem
474 5376 590 5430 sibi
612 5372 850 5440 plenam
880 5369 1074 5437 ﬁducia
1100 5370 1366 5421 liberrima
1416 5367 1631 5429 invidia,
1668 5376 1715 5418 et
1750 5367 1849 5434 [tt-

239 5485 325 5523 ror
363 5473 690 5528 exerceant,
726 5461 1084 5514 exterminata
1118 5460 1368 5513 Ecclesiae
1419 5461 1683 5522 columna,
1739 5459 1859 5520 lucc,

239 5562 502 5622 reritatis,
527 5568 582 5612 et
615 5553 764 5608 tuba
799 5549 998 5603 Christi
1027 5550 1251 5609 Joanne,
1277 5561 1383 5604 etc.
1417 5548 1553 5602 llinc
1581 5550 1624 5602 si
1659 5549 1850 5601 Mauri-

237 5650 367 5705 tium
392 5649 870 5708 intruderemus,
904 5657 1009 5694 nnn
1035 5642 1151 5696 sine
1172 5659 1365 5712 tnagno
1391 5649 1589 5695 conatu
1625 5657 1846 5712 magnas

1939 422 2115 476 nugas
2141 406 2470 470 diceremus,
2499 416 2554 460 et
2582 405 2761 460 Nilum
2792 406 2937 460 hunc
2968 414 3244 472 nostrum,
3279 418 3500 465 centum

1939 503 1993 548 et
2047 495 2328 564 octoginta
2382 493 2544 548 annis
2608 494 2868 562 majorem
2921 496 3203 564 pinguiore
3258 495 3498 552 minerva

1937 584 2362 647 atticum-iremus,
2423 599 2598 653 eoque
2663 586 2950 654 praecipue,
2981 585 3025 638 si
3079 593 3191 638 tum
3249 595 3498 642 sanctum

1936 673 2210 726 hominem
2240 681 2298 726 et
2325 672 2567 726 adultum
2589 674 2816 737 artibus,
2835 685 2890 727 et
2911 691 3017 727 non
3047 675 3100 728 in
3126 676 3243 745 ipso
3263 677 3345 730 sui
3375 683 3499 730 ortu

1936 764 2034 818 bas
2064 765 2298 818 Arcadio
2331 764 2545 819 dedisse
2565 765 2824 831 epistolas
2852 781 2948 834 pro
3010 776 3284 834 compertu
3336 783 3500 836 pone-

1935 871 2138 909 TCIIIIIS.

2004 944 2315 1014 Caryopbili
2371 943 2722 998 oscitantiam
2780 944 2994 996 videtur
3026 957 3317 999 extenuare
3371 947 3498 1000 Gul-

1935 1035 2146 1090 lielmus
2173 1033 2408 1090 Sirletus
2455 1033 2508 1086 in
2541 1032 2842 1104 Menologio
2874 1033 3186 1088 Graecorum
3243 1034 3432 1090 Latine
3470 1050 3501 1089 a

1934 1139 1994 1178 se
2027 1124 2260 1182 reddito.
2291 1123 2437 1194 quod
2455 1123 2628 1178 oculis
2647 1138 2864 1192 quoque
2905 1124 3059 1190 sequi
3118 1126 3320 1192 poteris
3359 1143 3372 1179 :
3408 1125 3503 1179 Die

1937 1215 2004 1267 li
2024 1213 2335 1269 Novembris
2364 1230 2386 1268 .'
2413 1214 2631 1269 Natalis
2653 1215 2831 1268 sancti
2894 1213 3076 1269 Patris
3136 1217 3306 1270 nostri
3362 1215 3499 1272 Nili.

1941 1307 2043 1359 llic
2064 1307 2170 1375 fuit
2201 1307 2296 1358 sub
2323 1307 2636 1374 imperatore
2657 1305 2936 1370 Mauritio,
2967 1314 3076 1361 etc.
3105 1305 3362 1372 Quinimo
3388 1307 3506 1375 ipse

1933 1395 2300 1467 Caryopbilus
2321 1405 2474 1451 extra
2498 1411 2714 1450 omnem
2739 1396 2954 1465 culpam
2977 1413 3040 1451 se
3067 1406 3252 1466 ponet,
3281 1397 3326 1452 si
3350 1398 3505 1451 testi-

1935 1487 2179 1540 monium
2213 1487 2389 1556 ipsius
2439 1486 2544 1540 Nili
2595 1503 2719 1542 cera
2757 1488 2978 1540 miniata
3034 1504 3142 1542 non
3203 1489 3502 1543 notabitnr.

1938 1577 1996 1630 Et
2025 1579 2152 1649 quis
2174 1579 2226 1632 in
2257 1594 2422 1634 causa
2458 1577 2562 1630 Nili
2595 1580 2797 1648 scripta
2834 1580 3006 1646 ipsius
3031 1579 3132 1632 Nili
3162 1581 3506 1649 improbave-

1936 1669 2025 1727 rit.
2056 1668 2135 1722 vel
2175 1667 2502 1722 sententiam
2533 1669 2830 1736 exploserit
2859 1669 2880 1720 ?
2937 1668 3017 1722 Sit
3047 1684 3176 1738 ergo
3208 1672 3261 1724 in
3305 1671 3503 1732 medio,

1930 1759 2079 1814 etde
2126 1773 2226 1813 sua
2279 1765 2441 1813 aetate
2494 1757 2642 1812 litem
2696 1759 2985 1828 praeﬁnisti,
3035 1775 3098 1812 ex
3156 1760 3383 1828 epistola
3435 1759 3503 1814 ad

1934 1847 2218 1903 Zosarium
2268 1848 2584 1910 tribunum,
2610 1847 2703 1901 lib.
2744 1846 2785 1910 Ι,
2817 1848 2978 1916 epist.
3020 1848 3091 1902 55
3125 1866 3139 1901 :
3177 1849 3326 1917 Μηδὲ
3362 1850 3505 1903 ἅπασι

1931 1940 2080 1994 τάτω
2140 1939 2391 2002 Ἰουδαῖος
2437 1938 2612 2004 λέγων
2645 1977 2662 2002 ,
2731 1937 2801 1990 δι’
2851 1938 3042 2009 ἐτέρας
3086 1939 3355 2009 ἁμαρτίας
3398 1941 3504 1992 ἀπ-

1931 2029 2340 2101 ηλλωτριῶσθαι
2385 2029 2483 2098 τῆς
2524 2028 2928 2100 Παλαιστίνης·
2967 2029 3030 2082 οὗ
3069 2029 3180 2098 γὰρ
3227 2029 3296 2081 δι’
3339 2028 3507 2092 ἄλλας

1932 2116 2230 2186 ἁμαρτίας,
2263 2115 2353 2169 διὰ
2407 2115 2466 2168 δέ
2510 2115 2608 2184 τὴν
2655 2116 3030 2184 κυριοκτονίαν
3086 2116 3386 2169 πεπόνθασι
3436 2117 3503 2169 τὰ

1933 2208 2226 2278 ἀνήκεστα.
2288 2206 2482 2277 Πρώην
2529 2206 2626 2277 μὲν
2674 2205 2782 2278 γὰρ
2833 2205 3379 2276 είδωλολατροῦντες,
3409 2207 3506 2259 καὶ

1932 2300 2060 2362 τοὺς
2121 2300 2409 2369 προφήτας
2457 2296 2792 2366 φονεύοντες,
2838 2298 2934 2350 καὶ
2983 2299 3095 2360 τοῖς
3144 2297 3361 2366 δαίμοσι
3407 2295 3506 2358 τὰς

1932 2386 2260 2457 θυγατέρας,
2291 2387 2386 2438 καὶ
2425 2386 2550 2448 τοὺς
2585 2387 2736 2449 υίοὺς
2786 2384 3004 2449 θύοντες
3044 2389 3157 2449 τοῖς
3190 2383 3506 2454 ἀλλοφύλοις

1933 2478 2013 2540 είς
2065 2477 2442 2546 αἰχμαλωσίαν
2476 2476 2580 2529 ὑπὸ
2626 2474 2762 2528 Θεοῦ
2814 2475 3165 2546 παρεδίδοντο
3191 2517 3206 2541 ,
3235 2477 3328 2528 καὶ
3388 2476 3505 2546 μετ’

1932 2567 2092 2636 ὀλίγα
2119 2569 2214 2638 ἐτη
2250 2568 2328 2639 τῷ
2377 2567 2506 2638 θείῳ
2535 2567 2836 2638 βουλήματι
2878 2568 3040 2620 πάλιν
3064 2570 3398 2638 ἐπανήγοντο
3426 2569 3508 2631 είς

1933 2658 2032 2727 τὴν
2070 2658 2174 2728 γῆν
2199 2656 2299 2727 τῆς
2324 2657 2676 2724 ἐπαγγελίας.
2724 2657 2842 2725 Ἀφ’
2876 2651 2937 2710 οὗ
2968 2656 3024 2708 δὲ
3056 2657 3115 2709 τὸ
3156 2657 3374 2710 ἀνίατον
3414 2673 3504 2709 τε·

1933 2748 2236 2820 τολμήκασι
2278 2749 2510 2818 πρᾶγμα
2535 2749 2614 2811 είς
2636 2747 2727 2800 τὸν
2739 2739 2865 2800 Υίὸν
2886 2747 2980 2800 τοῦ
3018 2747 3153 2801 Θεοῦ
3187 2749 3287 2809 τὰς
3314 2751 3506 2818 χεῖρας

1936 2840 2210 2894 ἐπιϐαλεῖν
2252 2839 2508 2892 παντελεί
2551 2839 2812 2909 πορθήσει
2859 2839 3183 2895 ἐκδέδονται.
3227 2838 3358 2891 Ἰδοὺ
3402 2838 3510 2891 λοι-

1936 2928 2036 2982 πὸν
2076 2928 2530 2982 πεντακοσιοστὺν
2553 2927 2691 2993 ἔτος,
2718 2930 2813 2982 καὶ
2851 2928 3087 2999 οὐδαμοῦ
3124 2929 3244 2982 θεία
3272 2945 3356 2992 τις
3388 2930 3509 2981 ἐπι-

1937 3019 2135 3089 σκοπὴ,
2174 3017 2275 3071 οὐκ
2325 3017 2628 3086 ἀντίληψις,
2651 3017 2716 3070 οὑ
2752 3019 3086 3090 παρηγορία,
3112 3019 3173 3072 οὐ
3219 3020 3506 3090 προφήτης

1935 3105 2224 3170 νουθετῶν,
2249 3107 2347 3159 καὶ
2383 3106 2675 3174 στηρίζων,
2705 3105 2894 3178 ὥσπερ
2933 3110 2992 3161 ἐν
3027 3108 3308 3162 Βαϐυλῶνι
3337 3109 3508 3172 Ἰεζε-

1936 3195 2062 3266 κιήλ
2088 3212 2149 3249 τε
2187 3196 2282 3250 καὶ
2303 3195 2632 3265 Δανιήλ,καὶ
2659 3198 2708 3248 ai
2735 3197 2884 3250 ἄλλοι
2903 3213 2918 3229 ο
2953 3199 3136 3252 οὐκέτι
3176 3201 3286 3270 γὰρ
3323 3200 3505 3262 αὐτοῖς

1938 3285 2082 3339 Θέλει
2131 3285 2484 3357 προσομιλεῖν
2530 3288 2558 3340 ὁ
2586 3286 2723 3348 Θεὸς
2779 3287 3192 3357 βδελυττόμενος
3249 3290 3506 3353 τούτους’

1938 3372 2022 3429 Ne
2045 3384 2092 3428 te
2129 3375 2346 3428 seducat
2373 3373 2595 3429 Judteus
2623 3391 2882 3440 asserens,
2899 3387 3110 3445 propter
3135 3377 3248 3430 alia
3295 3389 3512 3446 peccata

1936 3465 2219 3531 spoliatum
2245 3481 2425 3518 seesse
2452 3464 2744 3519 Palestina
2765 3483 2784 3532 ;
2807 3482 2969 3536 neque
2991 3467 3129 3520 enim
3151 3469 3212 3519 ob
3249 3466 3360 3520 alia
3387 3482 3507 3534 pec-

1937 3562 2078 3614 cata,
2114 3555 2202 3606 sed
2225 3564 2435 3621 propter
2468 3552 2681 3607 Domini
2707 3569 2904 3620 necem,
2929 3557 3098 3610 multa
3148 3558 3354 3625 gravia,
3393 3558 3512 3626 qui-

1939 3642 2033 3696 bus
2069 3643 2215 3696 nulta
2281 3644 2538 3697 medicina
2568 3655 2665 3707 est,
2699 3647 2930 3714 perpessi
2960 3657 3103 3701 sunt.
3145 3648 3353 3701 Etenim
3386 3658 3512 3704 ante

1939 3728 2035 3780 illa
2063 3739 2292 3795 tempora
2341 3730 2484 3783 idola
2533 3732 2783 3795 colentes,
2827 3735 3116 3802 prophetas
3168 3737 3508 3800 trucidantrs,

1939 3819 2260 3873 ttamtonibus
2284 3821 2428 3887 ﬁlias
2469 3822 2708 3892 ﬁliosque
2761 3827 3152 3894 sacriﬁcantes,
3202 3827 3510 3896 alienigenis

1941 3911 1991 3964 in
2025 3913 2442 3978 captivitatema
2475 3913 2580 3967 Deo
2633 3915 2999 3980 tradebantur,
3049 3929 3094 3971 et
3147 3934 3342 3985 paucos
3393 3927 3510 3986 post

1942 4016 2130 4064 annos,
2183 4000 2262 4052 ita
2304 3999 2407 4053 Deo
2457 4012 2738 4067 annuente,
2789 4004 2838 4054 iu
2901 4013 3094 4055 terram
3149 4004 3509 4070 promissionis

1941 4091 2339 4142 reducebantur.
2380 4089 2460 4142 Ex
2481 4107 2578 4158 quo
2602 4108 2718 4144 vero
2747 4093 3128 4145 immedicabile
3166 4094 3399 4162 facinus,
3452 4098 3509 4150 in

1943 4177 2146 4232 Filium
2179 4177 2274 4230 Dei
2309 4195 2493 4231 manus
2525 4188 2854 4244 opponentes.
2884 4190 3274 4248 perpetrarunt.
3329 4201 3510 4254 perpe-

1945 4282 2032 4324 tuo
2059 4269 2265 4323 excidio
2299 4269 2482 4322 traditi
2503 4279 2645 4323 sunt.
2691 4267 2773 4321 En
2823 4271 3000 4339 itaque
3057 4271 3504 4342 qningeutesimus

1945 4379 2136 4426 annus,
2167 4370 2215 4414 et
2232 4377 2483 4429 nusquam
2505 4360 2735 4413 divinum
2759 4360 3073 4424 subsidium,
3101 4380 3203 4416 non
3227 4363 3509 4430 auxilium,

1945 4470 2045 4508 non
2075 4452 2385 4517 consolatio,
2408 4469 2506 4504 non
2528 4453 2776 4521 propheta
2803 4455 3086 4518 instruens.
3106 4457 3511 4526 etconﬁrmans,

1945 4541 2380 4612 quemadmodum
2415 4542 2465 4593 in
2489 4541 2612 4594 urbe
2648 4537 2910 4612 Babylone
2936 4542 3179 4597 Ezechiel
3210 4555 3258 4598 et
3295 4542 3508 4605 Daniel,

1945 4643 1994 4687 et
2029 4633 2165 4688 alii:
2196 4649 2296 4684 non
2321 4633 2458 4686 enim
2486 4649 2600 4685 cum
2627 4634 2756 4695 illis,
2795 4632 2859 4686 ab
2899 4636 2973 4687 eis
3011 4637 3313 4694 abhorrens.
3379 4633 3513 4686 Deus

1947 4723 2172 4793 Colloqui
2205 4723 2329 4775 vult.
2365 4721 2636 4791 [ntegrum
2662 4740 2862 4793 corpus
2889 4725 3130 4792 cpistola:
3154 4733 3514 4777 sacrosanctae

1950 4815 2254 4883 appositum
2283 4822 2386 4866 est.
2427 4814 2505 4864 Ab
2536 4831 2598 4866 eo
2630 4826 2892 4883 tempore,
2919 4833 3026 4883 ιμιυ
3050 4815 3221 4869 Juda'i
3263 4815 3513 4883 pnescnti

1951 4906 2131 4958 animo
2167 4907 2218 4958 in
2251 4904 2341 4957 Dei
2371 4902 2564 4956 Fllllllll
2613 4922 2804 4960 manus
2836 4901 3286 4974 snperpoucntcs,
3339 4907 3406 4958 tle
3451 4921 3514 4960 eo

1949 4997 2232 5068 capitalem
2271 4998 2469 5052 credent
2507 4998 2771 5061 chcrttttl,
2817 4999 3042 5064 ideoque
3082 5004 3344 5064 perpetuo
3370 4998 3513 5049 exci-

1950 5091 2038 5144 tlio
2073 5089 2256 5142 traditi
2280 5099 2427 5152 sunt,
2451 5102 2532 5143 est
2563 5105 2738 5143 annus
2765 5088 3226 5156 quingentesimus,
3257 5104 3362 5141 non
3383 5105 3514 5140 cnn-

1952 5181 2142 5233 tructis
2171 5179 2398 5243 litteris,
2453 5187 2545 5230 aut
2609 5179 2864 5230 brevibus
2931 5189 3285 5227 numerorum
3343 5175 3512 5235 uotis,

1953 5271 2046 5323 sed
2104 5270 2345 5324 extensis
2376 5279 2428 5324 et
2489 5269 2670 5322 ilhcsis
2719 5265 3134 5320 characteribus
3178 5263 3514 5332 designatus.

1954 5378 2021 5414 ne
2070 5360 2357 5430 scriptoris
2407 5359 2710 5414 osritantiaz
2777 5353 3032 5408 mendum
3086 5356 3377 5409 tribuatur.
3435 5356 3520 5410 Ab

1953 5466 2097 5505 anno
2123 5450 2430 5504 Nativitatis
2459 5448 2668 5502 Domini
2701 5441 3193 5513 quingentesimus,
3233 5452 3317 5498 est
3351 5444 3517 5496 Atha-

1953 5543 2092 5596 nasii
2127 5540 2473 5608 imperatoris
2507 5537 2775 5595 decimus,
2813 5535 3122 5602 Symmachi
3154 5549 3302 5603 papae
3325 5549 3520 5586 secum

1959 5636 2082 5690 dus.
2117 5635 2307 5687 Annus
2339 5647 2447 5700 quo
2489 5625 2753 5684 exsulavit
2804 5621 3042 5680 inmanes
3094 5625 3526 5692 Cltt'ysostuntus
