3984 6150
438 295 500 361 at
1622 295 1929 355 NOTITlA
1984 293 2065 354 IN
2113 293 2172 353 s.
2209 292 2458 354 NILUM
3471 288 3473 290 ·
3613 298 3687 362 33

439 413 528 459 «st
583 402 797 457 Domini
850 399 1420 470 quadringentesimus
1479 404 1729 468 quartus.
1786 398 2005 454 Arcadii

442 494 793 566 imperatoris
849 490 1134 555 decimus,
1203 488 1499 543 Innocentii
1579 505 1732 558 papa:
1793 490 2007 544 tertius.

448 588 589 657 Ergo
621 586 667 641 si
695 583 966 640 scribebat
1008 581 1097 635 hic
1147 578 1305 635 Nilus
1355 578 1566 634 Joanne
1622 580 2012 651 Chrysostomo

445 676 685 731 nondum
717 680 948 737 mortuo,
988 681 1046 726 ut
1070 670 1331 742 superius
1364 669 1622 733 vidimus,
1682 677 1822 735 erat,
1887 684 2010 724 cum

447 767 563 820 haec
592 764 891 834 posteriora
919 763 1188 816 scriberet
1203 756 1473 816 annorum
1501 760 1799 830 nonaginta
1821 760 2010 821 trium,

448 856 645 924 quibus
668 856 711 910 si
742 854 1005 924 appingas
1034 868 1210 907 annos
1236 852 1522 907 minimum
1544 853 1786 923 triginta,
1818 852 2016 921 quibus

449 947 551 1000 sub
591 946 851 1016 magistro
916 944 1331 1014 Chrysostomo,
1388 956 1566 999 mores
1621 943 1687 997 ad
1737 944 2014 998 mollitiem

449 1036 671 1088 idoneos
693 1034 865 1097 exuit,
897 1042 951 1086 et
979 1032 1187 1087 artibus
1216 1032 1467 1101 ingenuis
1497 1032 1800 1087 instructus
1829 1043 2017 1086 aucto-

450 1127 691 1187 ritatem,
716 1130 770 1178 et
795 1122 1011 1177 dicendi
1044 1122 1349 1177 libertatem
1380 1130 1734 1187 consecutus,
1772 1123 2016 1192 impera-

450 1224 628 1268 torum
670 1214 818 1267 labes
866 1222 919 1268 et
974 1208 1216 1268 maculas
1251 1228 1357 1266 non
1414 1217 1690 1271 communi
1744 1214 2019 1282 vitupera—

451 1308 629 1368 tione,
661 1303 757 1358 sed
805 1303 1137 1374 ingenuitate
1186 1303 1354 1359 libera
1390 1304 1786 1374 reprehendere
1811 1311 2016 1374 posset,

450 1410 628 1448 annos
658 1405 769 1447 tum
790 1402 1007 1449 centum
1036 1393 1225 1465 viginti
1283 1402 1397 1449 tres
1432 1396 1788 1449 numerabat:
1833 1394 2017 1450 forsan

456 1487 559 1540 hoc
589 1499 699 1539 non
721 1483 993 1538 videbitur
1018 1484 1341 1538 absurdum.
1392 1483 1550 1537 Forte
1582 1484 1726 1539 enim
1774 1484 1847 1537 ita
1896 1483 2024 1537 tulit

455 1582 651 1629 natura
681 1575 953 1638 locorum,
985 1574 1344 1641 continentia,
1372 1584 1424 1629 et
1447 1573 1661 1629 allectio
1688 1574 1875 1640 animi,
1906 1589 2025 1645 qua:

454 1664 675 1719 sanitati
700 1663 946 1733 corporis
977 1676 1324 1732 nequaquam
1362 1668 1582 1717 nocent.
1735 1669 1761 1695 ‘~

528 1753 638 1823 Ego
662 1767 786 1806 cum
818 1753 871 1805 in
897 1751 1040 1806 Bene
1069 1758 1196 1805 nata
1234 1751 1382 1820 regni
1425 1749 1765 1820 Neapolitani
1805 1750 2026 1820 provin-

455 1841 563 1908 cia,
607 1840 897 1896 Basilicata
938 1841 1180 1911 sequiori
1225 1843 1447 1896 nomine
1488 1841 1654 1906 dicta,
1685 1842 2025 1903 immorarer,

456 1932 685 2001 cognovi
712 1932 779 1987 de
810 1931 1015 2001 plebeia
1040 1932 1189 1996 faece,
1208 1939 1397 1986 auctos
1429 1939 1605 1986 tamen
1632 1930 1838 1984 divitiis
1866 1929 2025 1992 duos,

455 2030 512 2076 et
544 2036 668 2077 cum
702 2022 768 2078 iis
813 2023 1018 2092 pariter
1059 2021 1320 2074 habitavi.
1372 2021 1539 2074 Erant
1584 2021 1659 2076 illi
1706 2020 2030 2074 duramenta

456 2109 700 2179 corporis
750 2109 1059 2178 praevalidi,
1114 2108 1415 2176 compactis
1474 2108 1656 2161 narvis
1707 2105 2024 2166 ﬁrmissimi,

453 2197 711 2253 dentibus
753 2196 863 2251 fere
890 2196 1145 2250 omnibus
1179 2195 1493 2264 constipati,
1527 2202 1604 2257 et,
1643 2201 1702 2247 ut
1730 2196 1896 2248 verbo
1928 2208 2025 2247 ex-

456 2287 688 2356 pediam,
724 2286 942 2342 athletis
978 2286 1115 2356 ipsis
1146 2285 1508 2342 robustiores.
1536 2285 1602 2340 Hi
1635 2293 1764 2338 ante
1793 2284 2025 2353 primam

456 2379 630 2432 lucem
673 2384 783 2433 tres
812 2377 900 2431 vel
944 2383 1180 2445 quatuor
1223 2376 1408 2441 horas,
1448 2375 1678 2428 hiberno
1709 2373 1871 2429 etiam
1905 2383 2031 2427 tem-

456 2481 609 2537 pore,
650 2481 775 2522 cum
807 2475 1092 2520 ventorum
1138 2466 1434 2535 algoribus,
1465 2473 1518 2519 et
1558 2465 1759 2518 nivium
1806 2463 2030 2516 tumulis

456 2559 640 2610 ninnia
680 2556 1096 2625 congelascunt.
1131 2556 1455 2623 experrecti,
1505 2556 1687 2607 subito
1732 2555 1898 2607 cubili
1933 2569 2029 2607 ex-

459 2648 730 2702 sultantes
759 2662 871 2715 prae
900 2644 1089 2700 laetitia
1127 2646 1548 2713 egrediebantur
1579 2663 1595 2699 :
1626 2653 1681 2699 ct
1705 2652 1826 2714 post
1860 2644 2033 2715 agita-

461 2747 641 2791 torum
686 2737 1040 2792 brachiorum
1078 2737 1317 2791 motibus
1366 2747 1557 2804 pectus
1611 2744 1665 2789 ct
1699 2737 1865 2789 latera
1917 2744 2035 2789 tun-

461 2827 663 2881 debant
713 2828 765 2880 in
807 2828 991 2881 orbem
1038 2836 1307 2892 contusa;
1358 2835 1411 2880 et
1445 2826 1650 2880 ductim
1697 2827 1748 2878 in
1796 2841 1855 2878 se
1899 2827 2031 2885 viui,

461 2916 605 2985 quod
654 2918 708 2969 in
747 2915 835 2969 illa
882 2917 1103 2985 regione
1149 2925 1203 2972 et
1237 2920 1524 2983 suavitate,
1579 2926 1634 2970 et
1684 2917 1951 2979 lubentia,
1983 2926 2035 2971 ct

464 3008 637 3076 gratia
666 3007 899 3062 aliorum
931 3008 1176 3063 omnium
1209 3008 1366 3079 longe
1392 3008 1903 3078 praestantissimum
1930 3018 2031 3075 est,

464 3099 675 3168 liquore
711 3097 950 3161 inverso,
976 3106 1190 3167 arrepta
1233 3101 1421 3169 perula
1463 3115 1524 3154 ea
1560 3116 1757 3170 panem
1792 3100 2032 3163 niveum,

462 3189 790 3259 quandoque
821 3189 986 3243 etiam
1030 3190 1327 3254 sordidum,
1365 3193 1445 3245 vel
1488 3192 1769 3253 rubidum,
1818 3200 1876 3245 ut
1913 3207 2036 3245 sors

467 3279 684 3343 tulerat,
710 3292 887 3348 neque
913 3277 1056 3333 enim
1107 3279 1376 3333 lenocinia
1408 3281 1724 3349 quaarcbant
1748 3281 2036 3347 ,cupidita-

465 3379 606 3433 tum,
639 3369 969 3425 inferebant.
1022 3369 1264 3425 Tandem
1318 3372 1457 3426 falce
1501 3373 1909 3439 stramentaria,
1953 3373 2036 3425 vel

467 3462 644 3531 ligone
670 3462 914 3516 humeris
940 3463 1309 3531 superposita,
1342 3463 1550 3518 aedibus
1581 3462 1940 3527 (acescentes,
1982 3463 2035 3517 in

467 3566 655 3617 agrum
682 3551 1009 3605 devolabant
1046 3569 1060 3605 :
1105 3560 1267 3621 atque
1305 3569 1400 3622 per
1446 3562 1618 3607 totum
1648 3553 1758 3608 dici
1793 3554 2030 3623 spatium

468 3638 919 3692 consummabant
950 3640 1178 3693 multum
1209 3655 1405 3708 operte,
1438 3654 1859 3711 cxcrccntcsque
1890 3641 2039 3696 fran—

432 3731 666 3799 .gebant
707 3744 766 3786 se
817 3729 1127 3796 laboribus,
1183 3731 1398 3799 dempta
1451 3734 1828 3787 tantummodo
1877 3733 2035 3797 liora,

467 3833 577 3888 qua
615 3819 787 3887 epulis
818 3819 981 3875 domo
1024 3819 1277 3875 abductis
1314 3822 1389 3873 uti
1437 3821 1602 3876 lautis
1660 3822 1931 3877 conviviis
1987 3830 2041 3876 ct

469 3911 807 3978 sumptuosis
843 3911 1147 3973 vacabant,
1207 3910 1381 3964 donec
1438 3910 1706 3965 inclinato
1762 3913 1878 3966 sole
1938 3913 2041 3967 sub

469 4011 682 4055 noctem
722 4001 943 4055 domum
972 4002 1231 4072 regressi,
1270 4010 1324 4056 et
1354 4002 1576 4064 emtiati,
1606 4012 1657 4056 et
1691 4001 1803 4071 jam
1834 4002 2043 4057 dormi-

473 4101 650 4149 tantes
678 4110 840 4164 super
869 4095 1071 4149 lectum
1102 4096 1557 4166 procumbebant,
1599 4097 1666 4151 de
1700 4097 1857 4151 novis
1887 4096 2047 4151 labo-

473 4185 622 4239 ribus
653 4187 892 4241 solliciti.
928 4185 996 4239 Et
1039 4187 1233 4243 horum
1271 4188 1409 4241 alter
1434 4197 1653 4243 centum
1690 4188 2038 4258 quindecim;

474 4277 610 4331 alter
638 4286 856 4332 centum
886 4286 941 4332 et
970 4279 1161 4347 viginti
1195 4279 1318 4332 vita:
1360 4294 1472 4333 sum
1513 4294 1686 4334 annos
1735 4278 2046 4346 compleve-

474 4377 615 4421 rant.
668 4369 811 4433 Quot
855 4375 1036 4421 autem
1086 4371 1212 4422 anni
1268 4376 1392 4436 post
1451 4384 1627 4422 meum
1678 4382 1709 4423 e
1748 4368 2043 4422 Basilieata

474 4462 791 4513 abscessum
828 4458 951 4513 vita:
986 4459 1092 4513 illis
1142 4459 1360 4512 adaucti
1413 4460 1555 4525 sint,
1604 4459 1846 4514 nondum
1897 4474 2048 4513 com-

476 4549 590 4618 peri
622 4568 634 4602 :
666 4549 815 4601 nulla
846 4548 1096 4619 equidem
1146 4564 1232 4603 me
1261 4548 1424 4617 hujus
1455 4550 1728 4620 cupiditas
1763 4550 1952 4605 tenuit.
1984 4550 2042 4604 Id

477 4653 625 4697 ψει-ο,
654 4638 799 4707 quod
830 4652 1156 4694 narraturus
1186 4654 1330 4705 sum,
1362 4653 1446 4694 me
1480 4641 1608 4694 mihi
1653 4656 1790 4711 pene
1821 4640 2046 4710 eripuit.

478 4732 743 4786 l‘uerulns
774 4748 836 4785 ex
862 4734 1041 4787 insula
1071 4733 1208 4787 Chio
1231 4731 1457 4786 Romam
1498 4747 1623 4786 cum
1667 4739 1912 4787 materno
1946 4746 2048 4786 avo

478 4822 737 4878 Michaele
769 4822 1006 4878 Neurida
1037 4821 1397 4889 contendens,
1433 4838 1554 4878 cum
1588 4823 1659 4878 ob
1686 4823 1880 4878 exilem
1915 4831 2049 4877 teta-

479 4923 584 4966 teui
614 4912 801 4979 Romae
836 4914 890 4967 in
923 4913 1217 4982 collegium
1243 4912 1556 4967 Grtrcorum
1585 4912 1769 4966 aditus
1800 4926 2047 4966 remora-

480 5013 646 5071 retur,
671 5005 1049 5060 sanctionibus
1072 5005 1125 5058 id
1158 5005 1370 5075 collegii
1396 5004 1843 5074 pernegantibus,
1866 5003 2049 5056 Paula:

478 5095 747 5149 Calabria
785 5095 927 5163 apud
976 5095 1407 5150 illustrissimum
1462 5095 1695 5149 Marium
1750 5094 2049 5163 Spinellum

480 5185 726 5250 constiti,
757 5186 850 5254 qui
884 5201 969 5240 me
1011 5186 1210 5240 eximia
1249 5187 1516 5241 charitate
1549 5186 1888 5256 complexus,
1919 5201 2051 5240 ocn-

482 5277 615 5331 litus
640 5276 867 5341 amavit,
896 5286 949 5333 et
980 5279 1406 5348 praeceptoribus
1454 5278 1871 5331 humanioribus
1916 5275 2052 5329 arti-

483 5368 587 5422 bus
619 5368 828 5431 tinctis,
862 5377 921 5423 ut
970 5369 1177 5425 ferebat
1209 5370 1299 5426 illa
1343 5377 1497 5435 tetas,
1535 5368 1914 5423 instruendum
1943 5376 2053 5420 tra-

488 5458 644 5513 didit.
673 5458 810 5513 Dum
840 5460 982 5514 circa
1012 5461 1174 5514 trivia
1208 5461 1373 5514 animi
1403 5459 1684 5514 relaxandi
1723 5458 1894 5528 gratia
1930 5470 2052 5510 cum

493 5549 662 5603 sociis
679 5548 904 5605 annexis
929 5565 1175 5621 pererro,
1200 5551 1443 5606 occurrit
1465 5548 1783 5619 properanti
1814 5547 2058 5600 anilitate

491 5652 628 5693 cana
653 5638 927 5710 desipiens
956 5656 1142 5705 senex,
1184 5642 1519 5695 cadaverosa
1567 5638 1732 5693 facies
1755 5677 1768 5703 ,
1812 5646 1864 5691 et
1900 5636 2056 5705 plane

2118 399 2509 453 morticinium.
2553 397 2703 453 illius
2727 398 2791 452 ad
2818 398 2960 454 latus
2994 398 3170 469 pueri,
3205 412 3364 455 senes
3386 441 3402 468 ,
3431 401 3683 471 juvenesv

2115 496 2168 541 et
2199 502 2265 541 ex
2295 487 2407 551 vili,
2436 486 2566 542 inice
2610 487 2894 542 hominum
2943 488 3148 558 plures,
3201 492 3294 561 qui
3335 494 3687 562 perridiculis

2116 578 2262 632 ill-ius
2288 578 2476 647 gestis,
2523 578 2794 647 dictisque
2844 579 3095 635 Oblectati
3145 584 3681 639 concomitabantur.

2116 667 2336 737 Inquiro
2369 668 2499 738 quid
2526 669 2631 722 hoc
2676 670 2751 723 rei
2781 678 2944 726 esset.
2989 670 3190 726 Omnes
3217 681 3270 725 et
3295 674 3529 729 maxime
3555 690 3689 745 pru-

2116 761 2390 815 «lentiores
2443 759 2773 829 respondent
2824 760 2975 814 illum
3055 762 3478 817 Acberouticum
3560 779 3690 820 esse

2118 862 2324 914 senem,
2355 849 2584 918 ideoque
2612 858 2886 909 truncum,
2912 858 2967 905 et
2989 851 3170 905 album
3196 854 3434 908 colorem
3467 854 3536 908 ab
3563 864 3688 909 atro

2120 954 2226 992 non
2272 940 2409 992 ultra
2449 937 2781 993 discernere.
2814 938 3220 1011 Proptereaque
3254 958 3319 996 ex
3359 943 3514 997 malis
3537 944 3689 997 illius

2121 1037 2360 1083 astantes
2394 1028 2553 1083 ludos
2584 1029 2687 1085 sibi
2730 1028 2909 1084 facere
2949 1051 2960 1085 :
2993 1031 3105 1100 jam
3141 1033 3285 1087 enim
3314 1035 3689 1104 compleverat

2121 1135 2293 1173 annos
2322 1128 2537 1175 centum
2580 1128 2635 1175 et
2666 1120 2907 1189 triginta.
2960 1121 3071 1192 Ego
3108 1127 3367 1192 puerulus
3394 1127 3531 1182 nihil
3560 1142 3690 1182 cum

2123 1212 2305 1264 animo
2336 1222 2447 1263 tum
2480 1212 2699 1281 agitavi.
2734 1213 2802 1264 At
2841 1213 3180 1282 subgrandes
3215 1206 3273 1270 et
3309 1225 3488 1272 mente
3525 1232 3689 1272 senes

2123 1301 2369 1363 aderant,
2398 1302 2450 1354 in
2481 1301 2635 1370 jocos
2668 1302 2933 1358 transl‘nsi
2975 1321 2986 1356 :
3027 1303 3171 1360 Bene
3215 1320 3338 1360 sese
3369 1321 3457 1361 res
3499 1307 3689 1370 habet,

2123 1391 2423 1445 clamitant.
2457 1391 2522 1446 Et
2566 1395 2690 1462 quis
2738 1401 2874 1449 teste
2910 1395 3128 1450 oculato
3173 1396 3277 1451 hoc
3313 1397 3387 1450 ita
3426 1412 3551 1452 esse
3580 1414 3690 1452 non

2124 1479 2459 1533 convicerit?
2487 1480 2612 1545 Alii,
2649 1480 2765 1535 Non
2802 1482 2866 1535 ad
2907 1490 3098 1547 testes,
3122 1484 3214 1553 qui
3247 1485 3381 1539 nulli
3409 1493 3561 1547 sunt,
3593 1485 3689 1540 sed

2127 1568 2194 1622 ad
2248 1577 2598 1623 monumenta
2636 1572 3010 1627 ecclesiastica
3057 1588 3440 1641 provocamus.
3492 1575 3697 1631 Arrisit

2137 1658 2333 1713 Jietum
2370 1662 2646 1723 omnibus,
2705 1663 3077 1733 continuoque
3125 1663 3192 1719 ad
3232 1665 3519 1720 ecclesiam
3566 1680 3696 1737 pro-

2128 1751 2317 1819 gressi,
2351 1752 2614 1806 advocato
2644 1755 2904 1822 parocho,
2938 1755 3157 1819 librum,
3191 1757 3244 1810 in
3283 1772 3392 1826 quo
3426 1771 3587 1814 sacro
3610 1759 3694 1812 la-

2129 1857 2291 1895 vacro
2336 1843 2690 1897 intinclorum
2743 1846 2963 1900 nomina
3009 1847 3423 1917 consignantur,
3476 1847 3695 1902 curiose

2129 1936 2458 1999 examinant,
2489 1942 2545 1988 et
2581 1949 2724 1988 anno
2761 1936 2899 1990 “62
2939 1951 3135 1990 nomen
3175 1952 3555 2005 agnomenque
3598 1937 3698 1991 bo-

2131 2023 2314 2086 minis,
2344 2023 2412 2078 de
2449 2024 2607 2094 cujus
2642 2033 2802 2080 aetate
2849 2026 3230 2095 ambigebatur
3256 2067 3269 2089 ,
3304 2026 3545 2081 dilucide
3600 2042 3699 2081 ex-

2132 2126 2431 2182 presseque
2492 2115 2793 2184 reperiunt,
2849 2115 3084 2185 indeque
3131 2117 3497 2187 colligebatur
3551 2130 3697 2171 anno

2135 2200 2304 2267 {520,
2372 2202 2457 2255 vel
2512 2203 2697 2265 circa,
2751 2213 2946 2259 sancto
3008 2201 3304 2258 Francisco
3378 2204 3694 2259 familiaris-

2133 2294 2267 2348 sime
2303 2310 2484 2361 usum,
2534 2296 2845 2365 multasque
2894 2312 2981 2351 res
3032 2298 3379 2352 sermonibus
3414 2313 3519 2351 una
3559 2299 3709 2351 inter

2135 2404 2191 2435 se
2243 2385 2501 2453 agitasse.
2560 2384 2625 2437 Et
2678 2386 2725 2440 is
2780 2387 2996 2441 tandem
3050 2401 3214 2443 senex
3281 2387 3487 2442 delirus
3532 2387 3701 2442 celeri

2135 2472 2301 2535 μνησίιι
2338 2488 2434 2542 per
2462 2474 2639 2529 scalas
2668 2474 2866 2529 aedium
2899 2490 3219 2545 prOperans,
3268 2485 3557 2546 antequam
3598 2492 3707 2547 ego

2136 2561 2299 2614 Paula
2325 2561 2696 2625 abscederem,
2738 2580 2978 2634 praeceps
3008 2567 3061 2618 in
3099 2574 3263 2634 caput
3290 2565 3534 2635 dejectus
3576 2567 3705 2620 ani-

2136 2665 2275 2702 mam
2307 2649 2520 2705 elTudit.
2550 2650 2614 2704 Et
2646 2652 2760 2706 haec
2788 2652 2856 2706 de
2888 2653 3187 2708 macrobiis
3215 2669 3316 2707 usu
3347 2668 3469 2708 meo
3510 2654 3708 2723 explo-

2137 2742 2268 2795 ratis
2292 2739 2512 2804 adduxi,
2540 2749 2601 2795 ut
2627 2742 3093 2812 quingentesimum
3121 2752 3479 2797 memoratum
3515 2757 3544 2794 a
3579 2740 3709 2796 Nilo

2137 2833 2188 2884 in
2224 2832 2323 2884 hac
2348 2832 2581 2899 epistola
2611 2831 2930 2902 conjectura
2971 2833 3109 2887 satis
3141 2833 3434 2903 probabili,
3467 2841 3521 2888 et
3547 2831 3710 2887 dein-

2137 2935 2264 2988 ceps
2287 2920 2451 2974 vitam
2473 2921 2714 2988 ejusdem
2747 2919 3170 2981 diuturniorem,
3203 2919 3270 2974 de
3298 2918 3457 2988 cujus
3487 2917 3713 2986 longin-

2136 3013 2345 3079 quitate
2374 3010 2511 3063 nihil
2549 3019 2757 3065 certum
2806 3007 3065 3072 refertur,
3120 3008 3365 3077 proxime
3395 3007 3465 3061 ad
3513 3019 3714 3060 verum

2137 3103 2397 3158 accedere
2445 3103 2844 3172 colligeremus.
2901 3101 3057 3168 Quod
3105 3104 3150 3156 si
3204 3099 3551 3155 commodum
3590 3112 3712 3153 non

2136 3195 2428 3261 videbitur,
2457 3194 2698 3250 dicemus
2740 3196 2795 3247 in
2836 3209 2899 3248 ea
2930 3193 3163 3264 epistola
3194 3192 3373 3246 Nilum
3408 3206 3709 3246 numerum

2139 3284 2409 3353 integrum
2463 3295 2517 3338 ct
2572 3284 2900 3352 completum
2960 3297 3062 3351 pro
3131 3281 3461 3349 incomplete
3529 3287 3706 3349 atque

2139 3384 2391 3428 truncato
2422 3389 2736 3443 usurpasse,
2785 3382 2842 3427 ut
2891 3373 3244 3441 adjunctione
3293 3371 3458 3426 simili
3520 3358 3713 3425 incre-

2139 3472 2381 3519 mentum
2409 3478 2521 3518 suae
2550 3462 3005 3517 demonstrationi
3034 3468 3228 3515 contra
3257 3457 3477 3513 Judmos
3508 3460 3708 3513 conci-

2138 3556 2331 3622 liaret;
2360 3555 2517 3624 cujus
2541 3555 2786 3622 exempla
2812 3554 2865 3607 in
2889 3553 3064 3607 sacris
3096 3565 3313 3622 quoque
3340 3549 3566 3605 Litteris
3599 3548 3717 3606 fre-

2140 3648 2364 3717 quentia
2405 3653 2535 3700 sunt
2576 3664 2590 3700 :
2636 3646 2726 3699 sed
2778 3660 2985 3698 summa
3019 3659 3205 3711 sequor
3246 3642 3463 3711 fastigia
3506 3657 3711 3695 rerum.

2142 3739 2246 3793 Sed
2276 3737 2514 3791 Mauritii
2541 3737 2667 3790 anni
2698 3750 2958 3805 perquam
2982 3735 3299 3804 longissime
3331 3735 3523 3787 remoti
3549 3743 3707 3788 sunt.

2140 3830 2277 3884 Tum
2328 3829 2470 3884 enim
2532 3827 2688 3883 Nilus
2745 3833 3093 3896 prorogasset
3149 3826 3414 3880 terminos
3468 3825 3593 3905 vitae
3633 3825 3704 3878 ad

2142 3937 2342 3976 annum
2379 3922 2499 3974 I76.
2546 3919 2654 3990 Ego
2688 3918 2908 3989 quidem
2944 3919 3046 3973 hoc
3100 3916 3334 3971 formido
3376 3916 3624 3980 credere,
3659 3925 3715 3971 et

2142 4012 2301 4080 cujus
2352 4009 2457 4065 ﬁde
2505 4008 2762 4063 credam?
2808 4006 2984 4061 Credo
3016 4006 3182 4061 Deum
3241 4005 3344 4059 hoc
3398 4019 3610 4075 posse:
3641 4020 3713 4059 an

2145 4102 2359 4164 fecerit,
2404 4116 2469 4155 ex
2502 4100 2721 4171 ingenio
2763 4099 2995 4169 quisque
3044 4111 3147 4152 suo
3193 4095 3358 4150 addat
3415 4094 3498 4149 vel
3527 4095 3715 4151 demat

2147 4191 2329 4242 ﬁdem.

2217 4278 2322 4332 Sed
2351 4278 2717 4331 hallucinatus
2746 4285 2826 4329 est
2849 4275 3230 4347 Caryophilus.
3263 4275 3417 4330 Esto.
3456 4271 3561 4328 Sed
3587 4286 3717 4327 cum

2148 4371 2350 4426 Graecis
2379 4370 2433 4424 in
2483 4369 2781 4438 Menologio
2801 4367 3134 4428 Graecorum,
3160 4381 3306 4421 nunc
3332 4379 3547 4436 quoque
3578 4365 3727 4418 adde

2150 4462 2619 4518 areuratissimum
2644 4458 2922 4523 Sirletum,
2947 4459 3064 4528 qui,
3080 4457 3465 4512 utverosimile
3482 4464 3585 4521 est,
3606 4470 3721 4509 non

2148 4569 2211 4606 ex
2242 4550 2499 4622 propriis,
2537 4548 2630 4604 sed
2661 4562 2726 4602 ex
2754 4547 3033 4603 codicibus
3063 4546 3287 4611 Graecis,
3327 4547 3546 4615 illisque
3577 4546 3721 4599 forte

2150 4641 2567 4711 antiquissimis,
2603 4655 2728 4693 cum
2771 4639 2971 4709 quibus
3023 4636 3349 4691 ballucinari
3415 4635 3610 4689 maluit
3659 4633 3720 4685 in

2151 4746 2249 4785 sua
2277 4728 2744 4798 lnterpretatione,
2780 4742 2944 4797 quam
3000 4726 3271 4781 demendo
3312 4739 3511 4778 nomen
3566 4721 3723 4774 Mau-

2152 4822 2284 4879 ritii.
2315 4819 2384 4874 de
2415 4822 2553 4873 mala
2589 4820 2692 4873 [ide
2724 4833 2836 4872 sute
2884 4816 3354 4884 lnterpretationis
3406 4816 3459 4868 in
3504 4814 3725 4867 crimen

2152 4912 2359 4975 vocari,
2378 4919 2433 4964 et
2463 4912 2758 4965 accersitus
2782 4909 2989 4977 judicio
3012 4907 3078 4963 de
3105 4908 3192 4962 sui
3224 4907 3548 4978 purgatione
3567 4921 3729 4960 com-

2155 5002 2424 5057 mentaria
2454 5001 2712 5056 scribere.
2746 4999 2887 5064 Quid
2922 4999 2969 5053 si
2995 4998 3204 5053 diceret
3230 4998 3396 5052 alium
3421 5012 3545 5051 esse
3569 4996 3731 5050 himc

2152 5096 2353 5159 Nilum,
2379 5101 2433 5150 et
2458 5109 2565 5148 non
2594 5091 3302 5162 Constantinopolitanum?
3342 5089 3400 5144 ιιι
3442 5104 3621 5157 neque
3650 5102 3731 5142 ex

2155 5186 2470 5240 Graecorum
2513 5183 2837 5253 Menologio,
2886 5198 3062 5251 neque
3091 5198 3153 5237 ex
3189 5181 3387 5236 Sirleto
3421 5179 3734 5241 evincitur,

2156 5294 2279 5331 cum
2308 5274 2894 5342 Constantinopolitani
2941 5273 3142 5343 scripta
3177 5281 3230 5327 et
3266 5288 3353 5327 res
3406 5280 3569 5340 gesta:
3603 5283 3738 5324 ma-

2154 5370 2258 5437 jnri
2287 5382 2383 5421 sua
2414 5375 2564 5435 parte
2594 5365 2866 5434 descripta
2898 5363 3088 5419 eodem
3112 5365 3199 5417 die
3230 5363 3446 5430 utrique
3466 5360 3741 5415 tribuan-

2162 5467 2267 5510 tur.

2239 5544 2478 5597 Fuerunt
2506 5544 2595 5596 alii
2637 5558 2853 5611 queque
2892 5543 2945 5597 in
2977 5542 3140 5611 hujus
3171 5539 3271 5594 Nili
3307 5538 3559 5594 laudibus
3590 5534 3738 5594 emt-

2174 5637 2368 5688 hillrL‘S.
2417 5632 2743 5688 Fraucisrus
2775 5632 2945 5687 Zinus
2990 5632 3219 5702 cpistola
3256 5631 3320 5682 ad
3358 5628 3749 5690 Augustinum
