3984 6150
262 262 327 324 33
1443 259 1752 321 ΝΟἸἸἸῚΑ
1805 258 1835 318 Ι

1942 260 2000 318 S.
2035 258 2303 319 NIItUM.
3044 302 3057 307 -
3429 263 3498 328 3i

263 377 543 432 Valerium
592 377 907 446 episcopum
938 373 1309 432 Veronensem
1349 377 1417 433 de
1460 376 1519 431 S.
1554 376 1825 447 Ephratm,

260 470 406 534 Nilo,
440 468 625 523 Marco
655 477 707 523 et
748 469 891 523 lsaia
931 487 943 523 :
984 467 1161 538 Neque
1222 471 1327 538 ipsi
1380 470 1708 538 episcopatui
1739 479 1830 522 tuo

259 569 431 616 essent
476 562 762 614 indecores.
800 560 935 614 Sunt
983 561 1120 613 enim
1167 560 1401 615 homines
1446 560 1610 630 frugi,
1652 561 1829 629 exigui

259 660 524 721 sumptus,
561 660 610 704 et
656 666 860 719 magum
887 650 1163 701 utilitatis.
1196 648 1389 704 Tacere
1412 652 1583 703 sciunt
1610 653 1663 703 in
1691 651 1826 710 loco,

256 754 332 803 ct.
371 758 489 795 cum
523 756 652 809 opus
680 751 778 804 est,
816 741 979 809 loqui.
1021 741 1207 795 i'alent
1240 743 1463 812 ingenio.
1494 741 1689 812 Magno
1706 749 1830 794 sunt

258 846 436 883 rerum
470 846 593 893 usu,
628 830 873 882 doctrina
903 839 951 883 et
987 829 1270 897 prudentia
1304 831 1518 898 praediti
1547 831 1827 900 singulari,

258 924 395 977 Cum
425 910 728 975 domesticis
754 921 857 973 tuis
883 931 1095 989 propter
1121 931 1333 976 sanctos
1361 937 1646 991 manesque
1662 936 1829 974 mores

252 1011 490 1081 jucunde
520 1010 885 1065 rersobuntur.
926 1010 984 1066 Si
1014 1011 1305 1066 invisendaz
1334 1013 1429 1065 tibi
1464 1022 1620 1067 erunt
1656 1010 1833 1065 Eccle-
1871 1060 1875 1062 Ἴ

258 1106 355 1156 site
402 1112 526 1162 tuae.
582 1102 658 1154 vel
708 1103 765 1154 in
802 1102 1034 1165 civitate,
1081 1103 1160 1155 vel
1205 1104 1260 1156 in
1304 1113 1415 1157 tota
1465 1103 1696 1168 diwcesi,
1730 1117 1832 1171 quo

259 1194 469 1264 quidem
500 1194 821 1247 uisitationis
874 1211 1084 1248 munere
1134 1196 1369 1247 omnium
1415 1194 1746 1265 gravissimo,
1781 1202 1831 1248 et

261 1287 681 1341 laborimissimo
726 1286 1125 1355 diligentissime
1169 1286 1404 1356 [angoris
1433 1302 1452 1339 :
1487 1287 1535 1339 si
1566 1295 1832 1338 monaste-

262 1382 342 1431 ria
372 1379 632 1448 virginum
662 1382 753 1429 a'ut
786 1379 1180 1439 monachorum,
1218 1380 1265 1432 si
1296 1378 1584 1432 seminaria
1622 1385 1733 1438 tua,
1750 1375 1830 1430 vel

264 1470 538 1537 antiquum
572 1467 932 1536 acolythorum
955 1469 1020 1520 ab
1058 1469 1289 1539 Eugenio
1318 1468 1347 1522 ι
1361 1468 1422 1533 γ,
1455 1485 1661 1523 summa
1688 1467 1832 1521 Pon-

267 1557 407 1623 tiﬁce
448 1556 767 1618 institutum,
799 1564 846 1608 et
880 1572 913 1607 a
952 1557 1308 1624 superioribus
1341 1558 1619 1625 episcopis,
1659 1567 1707 1611 et
1742 1573 1832 1609 ca-

265 1647 571 1700 nonicorum
602 1644 833 1713 capitulo
858 1646 981 1699 bene
1006 1663 1210 1715 semper
1242 1648 1704 1704 administratum.
1725 1665 1754 1698 a
1785 1656 1833 1699 te

266 1749 382 1787 vero
420 1734 639 1801 miriﬁce
676 1742 911 1799 auctum,
949 1746 1105 1803 atque
1141 1745 1478 1799 exornatum,
1521 1738 1603 1789 vel
1642 1750 1835 1788 novum

267 1822 562 1875 incredibili
619 1822 814 1882 studio,
841 1840 991 1881 cura.
1018 1835 1066 1877 et
1098 1825 1374 1896 diligentia
1403 1836 1495 1879 tua
1531 1840 1597 1880 ea:
1625 1825 1834 1879 decreto

263 1922 311 1966 et
346 1914 608 1965 institutis
639 1914 808 1965 sancti
840 1913 1136 1968 Tridentini
1163 1918 1374 1970 concilii
1405 1925 1635 1970 erectum
1669 1926 1720 1970 et
1752 1917 1832 1970 lo-

266 2002 595 2071 cupletatum
636 2015 655 2051 .·
691 2004 738 2054 si
774 2003 1164 2072 derelictorum,
1199 2017 1248 2061 et
1286 2008 1658 2062 derelictarum
1696 2008 1833 2073 loca,

267 2098 321 2147 in
349 2109 468 2162 qua:
502 2107 707 2145 summo
744 2109 862 2147 cum
898 2095 992 2149 Dei
1039 2096 1260 2159 honore,
1296 2108 1345 2151 et
1395 2099 1559 2152 totius
1606 2099 1836 2152 civitatis

268 2185 567 2243 commodo,
591 2196 636 2236 et
672 2185 861 2238 ttetitia
885 2201 1064 2238 omnes
1094 2188 1367 2256 utriusque
1385 2202 1539 2241 sexus
1563 2202 1839 2256 pauperes,

267 2272 475 2340 passim
528 2282 688 2325 antea
746 2283 1000 2343 vagantes
1051 2276 1127 2326 ita
1180 2276 1504 2346 congessisti,
1561 2284 1614 2328 ut
1660 2277 1837 2330 nullus

270 2363 507 2431 amplius
540 2363 689 2430 inops
718 2373 769 2417 et
803 2365 1067 2419 mendicus
1100 2366 1151 2419 in
1177 2366 1304 2421 urbe
1333 2370 1516 2437 vagari
1549 2369 1838 2436 comperia-

271 2465 384 2517 tur;
407 2454 458 2507 si
475 2453 783 2522 hospitalia,
806 2470 1025 2523 quorum
1053 2459 1372 2525 pra’cipuam
1401 2468 1454 2512 tu
1474 2475 1655 2513 curam
1675 2461 1837 2531 geris;

267 2544 316 2598 si
361 2544 503 2605 lites,
543 2544 845 2608 discordiae,
899 2546 1197 2603 inimicitiw
1236 2548 1581 2616 dirimendte;
1636 2551 1684 2604 si
1730 2565 1838 2618 pax

271 2638 409 2688 inter
437 2635 570 2689 cives
601 2637 934 2690 concilianda
965 2639 1173 2708 ubique,
1208 2657 1409 2710 semper
1438 2642 1583 2694 dulci
1606 2642 1838 2710 quadam

271 2727 535 2779 suavitate
575 2737 624 2780 et
657 2730 956 2797 etoquentia
1007 2731 1106 2783 illa
1139 2730 1467 2797 Christiana,
1500 2749 1661 2802 quam
1695 2741 1749 2785 tu
1783 2733 1839 2785 in

268 2817 532 2884 praclara
548 2817 647 2870 illa
674 2827 765 2871 tua
782 2818 1043 2873 rhetorica
1065 2822 1426 2875 ecclesiastica
1446 2832 1554 2876 tam
1574 2823 1839 2892 eleganter

270 2909 519 2977 doctoque
553 2909 743 2973 tradis,
772 2917 877 2963 etc.
912 2910 972 2963 Et
1004 2911 1233 2980 epistola
1267 2913 1336 2966 ad
1366 2913 1643 2983 Aloysium
1677 2912 1840 2982 Lipa-

271 3011 499 3049 mamim
531 2996 824 3067 Opusculis
854 2998 956 3051 Nili
991 3007 1043 3052 et
1074 2999 1238 3054 Marci
1262 3000 1483 3070 praeﬁxa
1516 3021 1528 3056 :
1556 3000 1691 3055 'Sunt
1719 3018 1840 3070 pro-

270 3084 406 3151 fecto
433 3084 764 3141 abbates‘isti
788 3089 1112 3143 auctoritate
1153 3105 1359 3160 graves,
1389 3091 1620 3160 plurimo
1660 3108 1838 3147 rerum

270 3188 404 3238 usu,
459 3185 510 3229 et
554 3177 810 3232 doctrinis
859 3180 1153 3235 cmlestibus
1205 3182 1419 3237 eruditi.
1477 3184 1839 3237 Admiraberis

271 3280 441 3318 acrem
463 3283 643 3321 eorum
659 3270 712 3323 in
728 3271 1052 3340 corrigendis
1071 3273 1211 3327 vitiis
1236 3275 1567 3344 gravitatem,
1586 3276 1839 3328 eximiam

270 3356 323 3409 in
349 3358 603 3413 docendis
624 3361 933 3426 virtutibus,
966 3371 1017 3416 et
1047 3365 1194 3418 bonis
1234 3365 1467 3419 moribus
1489 3366 1834 3435 diligentiam,

267 3446 594 3517 singularem
642 3451 697 3506 in
743 3453 1093 3520 exponendis-
1123 3456 1412 3523 Scripturis
1467 3457 1835 3510 eruditionem.

271 3538 556 3594 Perversas
581 3542 735 3611 hujus
763 3545 936 3597 wtatis
966 3544 1020 3598 in
1050 3547 1297 3614 religione
1319 3546 1382 3600 de
1414 3548 1538 3616 ﬁde,
1562 3558 1612 3600 et
1640 3551 1836 3618 gratia,

265 3627 314 3683 et
345 3632 592 3698 aperibus
612 3634 901 3702 opiniones,
926 3646 1079 3706 atque
1101 3637 1234 3692 alios
1256 3655 1479 3702 errores,
1496 3650 1546 3693 et
1570 3639 1838 3693 hominum

265 3719 477 3788 ﬂagitia
512 3721 592 3773 ita
617 3730 828 3786 norunt,
861 3724 938 3776 sic
965 3725 1309 3793 insectantur,
1344 3738 1500 3798 atque
1546 3739 1840 3798 coarguunt

265 3820 323 3860 ut
355 3825 461 3862 non
493 3810 675 3864 multis
705 3813 914 3867 sceculis
936 3816 1123 3882 procul
1150 3817 1219 3869 ab
1261 3819 1530 3871 hominum
1558 3831 1837 3872 consuetu-

266 3898 391 3950 dine
418 3897 473 3950 in
502 3898 724 3951 tenebris
751 3914 908 3969 prope
932 3903 1126 3968 sepulti
1158 3905 1418 3972 jacuisse,
1451 3906 1540 3959 sed
1568 3906 1840 3959 nobiscum

254 3988 488 4053 “assidue
522 3991 716 4042 versati
741 4007 851 4046 esse
890 3995 1190 4048 videantur.
1246 3996 1473 4050 Photius
1523 3997 1575 4049 in
1636 3997 1840 4050 Biblio—

266 4079 439 4148 theca,
466 4079 598 4135 cod.
620 4080 739 4149 201,
769 4094 821 4137 et
854 4085 968 4144 alii.
989 4102 1128 4155 quos
1162 4087 1304 4140 infra
1334 4089 1659 4143 videbimus.
1686 4089 1844 4146 Nunc

262 4187 392 4228 vero
414 4189 530 4227 non
571 4173 674 4228 abs
709 4192 766 4231 re
792 4176 956 4232 fuerit
984 4179 1097 4232 duo
1132 4179 1185 4232 in
1219 4179 1362 4233 hunc
1391 4190 1643 4235 sanctum
1676 4182 1841 4238 Disti-

264 4261 363 4315 cha
403 4277 471 4316 ex
508 4261 676 4316 codd.
716 4280 818 4320 ms.
856 4269 1208 4336 praemittere.

262 4370 623 4446 ιζ’«ἶεξλοςγρν
648 4369 809 4446 ἄρδει
838 4373 949 4446 τῆς
975 4375 1238 4442 ἀνύδρου
1281 4378 1378 4443 τὰς
1409 4379 1626 4446 νάπας,

264 4441 469 4514 {Ve/idae
507 4441 580 4514 δὲ
606 4442 837 4495 πιστῶν
860 4441 1151 4514 ἐλιπιιιίνέι
1184 4441 1454 4514 καρδίας.

263 4510 479 4583 deum)
506 4511 660 4583 μὲν.
680 4513 963 4583 ποταμοῖο
985 4516 1132 4581 ῥόος
1172 4510 1359 4583 χθῖἕνα
1391 4510 1511 4572 side
1562 4519 1836 4579 ποτίζειν.

263 4529 479 4562 ιιειπου
554 4529 632 4562 εν
680 4529 963 4581 ποταμοιο
985 4529 1132 4581 ροος
1172 4529 1359 4583 χθόνα
1391 4529 1511 4572 εἱόε
1562 4529 1836 4579 ποτίζειν.

260 4579 479 4631 Νείλου
502 4529 554 4631 5“
578 4574 662 4634 αὖ
683 4582 971 4650 μοναχοῖο
992 4588 1171 4651 λόγος
1188 4586 1408 4654 φρένας
1428 4584 1585 4641 εἶδεν
1609 4591 1837 4643 ὶιιίνειν.

263 4686 478 4744 Necnon
511 4700 566 4746 et
603 4692 699 4745 illa
737 4709 801 4747 ex
843 4692 1147 4765 Menologio
1186 4696 1497 4753 Grmcorum
1533 4718 1546 4753 :

323 4802 640 4870 Αἴγυπτον
678 4803 841 4872 ἄρδει
874 4806 1111 4872 Νεῖλος,
1142 4809 1302 4862 ἀλλὰ
1340 4810 1435 4863 καὶ
1464 4813 1664 4864 κτίσιν

326 4872 494 4940 Λόγῳ
527 4871 816 4940 κατάρδει
845 4876 940 4928 καὶ
973 4871 1170 4929 θανὼν
1216 4877 1428 4944 Νεῖλος
1453 4879 1660 4949 μέγας.

261 4982 667 5053 luterprctalus
701 4994 784 5039 est
826 4986 1181 5043 doctissimus
1221 4988 1526 5045 Pessinus:

326 5076 485 5147 A‘ilus
524 5077 834 5143 Canopum,
862 5079 1033 5143 major
1054 5079 1137 5131 hic
1167 5080 1309 5144 fonte
1343 5082 1519 5147 ingens

319 5146 509 5200 Orbem
552 5148 864 5202 unit'crsunt
900 5158 946 5199 et
980 5161 1219 5202 mortuus
1251 5146 1408 5201 Nilus
1439 5154 1597 5223 rigat.

259 5257 677 5317 llonestissimm
740 5271 999 5315 matronae
1054 5262 1401 5317 matrimonio
1440 5278 1665 5333 junctus
1701 5267 1836 5322 duos

256 5365 315 5404 ex
366 5352 458 5406 illa
500 5348 769 5420 suscepit
821 5350 995 5416 ﬁlios,
1054 5369 1259 5407 marem
1292 5364 1343 5408 et
1378 5355 1650 5411 feminum.
1685 5356 1837 5413 Uxor

256 5436 316 5487 ab
342 5439 532 5492 eodem
576 5437 816 5490 induvla
859 5454 959 5489 una
996 5456 1113 5490 cum
1147 5441 1255 5492 lilia
1300 5441 1354 5494 in
1380 5442 1597 5513 Aigypti
1641 5462 1829 5499 mona—

256 5530 413 5581 steria
462 5528 786 5597 immigrat.
831 5527 949 5595 ipse
972 5542 1096 5583 cum
1132 5529 1414 5586 Theodulo
1453 5536 1562 5587 lilio
1595 5534 1830 5590 Sinmnm

258 5633 485 5678 momen;
517 5627 767 5689 occupat
790 5657 803 5682 ,
844 5627 899 5670 ut
930 5627 1242 5675 sanctorum
1286 5624 1501 5677 Patrum
1536 5642 1719 5682 consm
1743 5638 1829 5680 tu-

1929 374 2059 430 dine
2115 373 2413 429 t‘rueretur.
2473 371 2790 429 Theodulus
2854 389 2884 428 ιι
2940 372 3194 431 Barbarie
3247 378 3503 447 captivus

1929 458 2108 516 lactus
2134 468 2258 529 post
2285 460 2455 512 multa
2487 460 2609 514 vita:
2637 462 2879 530 pericula
2905 476 2969 517 ac
2988 462 3249 527 laniatus.
3279 465 3500 522 tandem

1935 551 2004 605 ab
2037 550 2298 620 episcopo
2326 550 2635 617 redimitur,
2671 561 2726 605 et
2771 561 2962 608 sancta
3001 561 3056 607 et
3093 554 3349 623 religiosa
3391 557 3502 610 vita

1928 640 2249 711 perfunctus
2280 641 2517 695 animam
2554 640 2667 696 Deo
2699 642 2951 699 reddidit.
2993 643 3149 699 Hunc
3203 644 3374 701 Graeci
3425 648 3502 701 uti

1931 731 2169 800 reliquos
2210 732 2504 787 sanctitate
2557 732 2788 788 eximios
2826 735 3017 799 viros,
3069 743 3404 790 venerantur
3448 743 3503 790 et

1933 822 2122 876 colunt
2151 823 2242 878 die
2297 823 2507 878 decima
2555 832 2752 893 quarta
2795 823 3069 881 Januarii.
3132 826 3501 897 Menologium

1931 911 2304 968 Basilianutn:
2340 914 2418 984 Τῇ
2450 913 2588 984 αὐτῇ
2623 915 2804 985 ἡμέρᾳ
2840 916 3027 985 μνήμη
3069 916 3163 969 τοῦ
3193 918 3342 970 ὁσίου
3382 919 3500 970 Πα-

1930 1002 2057 1072 τρὸς
2101 1001 2261 1072 ήμῶν
2308 1000 2618 1057 Θεοδούὶου.
2651 995 2824 1065 Οὗτος
2865 1004 3111 1075 ὑπῆρχεν
3150 1008 3265 1070 υίὸς
3303 1009 3502 1061 Νείλου

1932 1090 2026 1147 τοῦ
2068 1093 2232 1161 σοφοῦ
2268 1092 2362 1146 τοῦ
2400 1094 2688 1162 γεγονότος
2725 1097 2823 1165 μὲν
2862 1097 3104 1166 ἐπάρχου
3152 1100 3494 1152 Κωνσταντιο

1930 1184 2234 1246 νουπόλεως
2266 1202 2280 1215 ·
2316 1184 2706 1249 καταλιπόντος
2742 1186 2798 1240 δὲ
2823 1186 2921 1257 τὴν
2953 1186 3110 1251 δόξαν
3142 1187 3237 1241 τοῦ
3268 1189 3500 1259 κόσμου,

1932 1274 2027 1327 καὶ
2076 1272 2402 1336 ἀπελθόντος
2445 1276 2504 1327 ὲν
2541 1274 2616 1345 τῷ
2654 1275 2769 1347 ὄρει
2812 1277 2940 1347 Σινᾷ
2966 1318 2981 1342 ,
3024 1278 3117 1330 καὶ
3166 1279 3502 1347 μονάσαντος

1937 1362 2076 1433 μετὰ
2120 1361 2214 1416 τοῦ
2251 1363 2406 1417 υἱοῖν
2442 1366 2551 1418 τῶν
2591 1365 2688 1419 δύο
2719 1366 2773 1419 δὲ
2814 1368 3169 1439 ὑπαρχόντων
3206 1371 3359 1435 ἐκεῖ,
3409 1374 3505 1426 καὶ

1930 1454 2029 1525 τὴν
2069 1455 2374 1526 ἀσκητικὴν
2414 1455 2689 1510 πολιτείαν
2717 1458 3061 1524 διανυόντων,
3102 1460 3363 1529 ἐξαίφνης
3388 1464 3507 1516 ἑπι-

1932 1544 2205 1600 πεσόντων
2260 1546 2368 1599 τῶν
2407 1546 2742 1617 Βαρόάρων,
2806 1550 2903 1603 καὶ
2957 1550 3281 1621 ἀρξαμένων
3339 1569 3505 1607 κατα-

1934 1633 2158 1703 σφάξειν
2180 1636 2307 1699 τοὺς
2327 1636 2514 1705 ἁγίους
2540 1637 2812 1708 Πατέρας.
2848 1640 2908 1692 '0
2932 1643 3028 1711 μὲν
3048 1640 3239 1704 Νεῖλος
3264 1642 3502 1716 ἠδυνήθη

1934 1728 2148 1793 φυγεῖν,
2173 1727 2201 1779 6
2232 1726 2290 1779 δὲ
2330 1727 2443 1803 υίὸς
2470 1727 2636 1781 αὐτοῦ
2669 1728 2958 1793 Θεόδουλος
2997 1732 3275 1803 ἐκρατήθη
3301 1735 3504 1805 αἰχμά-

1932 1815 2100 1877 λωτος
2137 1815 2274 1884 μετὰ
2313 1815 2473 1869 ἄλλου
2511 1817 2629 1880 ἑνὸς
2657 1818 2801 1879 νέου.
2838 1822 2933 1873 καὶ
2953 1821 3196 1887 δεθέντες
3220 1825 3502 1896 ἐσύροντο.

1947 1906 2326 1976 Ἦπλήκευσαν
2354 1907 2411 1960 δὲ
2449 1909 2497 1960 οἱ
2530 1908 2822 1980 Βάρϐαροι,
2862 1913 2953 1965 καὶ
2982 1911 3263 1967 ἐϐούλοντο
3305 1915 3504 1984 σφάξαι

1934 1997 2056 2060 τοὺς
2100 1997 2252 2058 νέους
2278 2038 2293 2062 ,
2347 1998 2442 2050 καὶ
2486 1997 2646 2052 θῦσαι
2683 1999 2759 2069 τῷ
2798 2001 2905 2071 πρὸ
2945 2001 3037 2055 τοῦ
3087 1992 3238 2075 ἡλίοῦ
3268 2006 3505 2063 ἀνατέλ-

1933 2087 2074 2139 λοντι
2110 2086 2294 2159 ἄστρῳ
2314 2101 2330 2117 θ
2366 2088 2457 2141 καὶ
2495 2090 2523 2141 6
2552 2090 2649 2157 μὲν
2678 2084 2758 2152 εἷς
2786 2091 2984 2159 ἔφυγεν
3003 2110 3016 2123 ·
3058 2094 3107 2146 oi
3135 2094 3193 2146 δὲ
3221 2095 3499 2166 Βάρὸαροι

1934 2178 2309 2247 κοιμηθέντες,
2337 2178 2429 2231 τοῦ
2456 2180 2608 2249 ἡλίου
2635 2181 3035 2247 ἀνατείλαντος,
3064 2185 3158 2237 καὶ
3182 2184 3276 2238 τοῦ
3303 2185 3504 2256 ἄστρου

1936 2268 2259 2337 κρυὸἐντος,
2310 2269 2411 2320 οὐκ
2452 2269 2691 2337 ἔσφαξαν
2716 2271 2807 2323 τὸν
2840 2271 3149 2327 Θεόδουλον.
3182 2274 3505 2345 Βουλόμενοι

1934 2357 1989 2409 δὲ
2023 2357 2304 2427 πωλῆσαι,
2356 2357 2448 2410 δύο
2492 2359 2686 2428 μόνους
2720 2361 3006 2430 χρυσίνους
3037 2361 3374 2433 ἐλάμϐανον,
3410 2364 3506 2418 καὶ

1935 2447 2231 2517 γυμνώσας
2266 2450 2294 2502 6
2324 2444 2404 2511 εἷς
2443 2449 2502 2501 τὸ
2549 2449 2718 2517 ξίφος,
2752 2451 2913 2522 male
2944 2453 3144 2521 σφάξαι
3167 2467 3185 2485 ⁶
3215 2454 3335 2508 τότε
3377 2454 3507 2523 ἠγό-

1941 2555 2103 2609 ρασεν
2137 2540 2298 2593 αὐτὸν
2331 2543 2358 2593 ὁ
2392 2541 2710 2605 ἐπίσκοπος,
2752 2545 2845 2595 καὶ
2879 2544 3141 2611 ἀπέλυσε,
3192 2546 3286 2598 καὶ
3323 2544 3506 2608 καλῶς

1939 2628 2140 2697 βιώσας
2186 2630 2479 2701 ἐκοιμήθη.
2539 2630 2655 2684 Hoc
2702 2632 2882 2687 eodem
2937 2635 3023 2689 die
3077 2638 3503 2691 commemoratio

1938 2717 1996 2773 S.
2036 2718 2218 2773 Patris
2245 2722 2411 2773 nostri
2453 2720 2728 2775 Theoduli.
2758 2723 2855 2777 Hic
2898 2736 3011 2777 erat
3060 2727 3205 2795 ﬁlius
3253 2729 3503 2794 sapientis

1940 2808 2057 2864 Nili
2084 2811 2299 2878 eparclti
2330 2810 2925 2883 Constantinopolitani,
2953 2818 3062 2886 qui,
3092 2818 3361 2872 mundana
3387 2818 3504 2889 glo-

1937 2900 2076 2955 riola
2126 2904 2474 2968 renuntiata,
2521 2907 2574 2958 in
2629 2916 2854 2960 montem
2904 2906 3137 2962 Sinauim
3173 2926 3502 2979 progressus,

1936 3008 2043 3046 una
2075 3009 2193 3047 cum
2232 2996 2348 3063 ﬁlio
2381 2996 2697 3049 monachum
2745 2998 2936 3051 induit.
2983 2999 3119 3053 Dum
3146 3002 3216 3054 ibi
3250 3003 3507 3056 immora-

1937 3092 2121 3136 rentur
2149 3086 2201 3137 in
2232 3085 2463 3138 ascetica
2504 3086 2788 3151 disciplina
2822 3088 3177 3151 elaborantes,
3232 3079 3506 3159 derepente

1938 3175 2194 3230 Barbaris
2219 3177 2561 3238 irruentibus.
2598 3186 2647 3230 et
2684 3189 2898 3231 sanctos
2923 3179 3045 3232 illos
3075 3179 3264 3234 Patres
3286 3190 3503 3234 contru-

1937 3269 2261 3331 cidantibus,
2296 3268 2456 3323 Nilus
2502 3270 2555 3324 in
2588 3270 2768 3340 fugam
2803 3286 2859 3323 se
2897 3270 3063 3334 dedit,
3092 3271 3238 3339 ﬁlius
3268 3270 3506 3325 Theodu-

1938 3362 2040 3424 lus,
2071 3371 2119 3415 et
2150 3362 2292 3414 alius
2309 3361 2544 3429 ejusdem
2562 3378 2680 3415 cum
2702 3361 2796 3416 illo
2820 3362 2995 3415 artatis
3022 3362 3192 3425 ducti,
3218 3362 3505 3431 erinctique

1936 3452 2301 3518 ducebantur;
2349 3452 2439 3507 sed
2468 3444 2586 3507 cuin
2627 3462 2826 3506 certum
2879 3453 2933 3507 in
2983 3453 3156 3507 locum
3205 3467 3270 3506 ex
3317 3452 3506 3507 itinere

1938 3544 2169 3598 Barbari
2225 3543 2594 3611 divertissent,
2642 3554 2940 3599 statuerunt
2997 3546 3213 3615 juvenes
3248 3555 3503 3611 mactare,

1937 3651 2125 3705 eosque
2181 3635 2352 3689 stella:
2397 3646 2519 3690 ante
2555 3636 2718 3691 solem
2762 3638 3017 3691 exorienti
3062 3639 3266 3693 hostias
3318 3639 3507 3693 immo-

1938 3729 2091 3783 lare:
2124 3729 2215 3783 sed
2242 3744 2379 3783 unus
2413 3729 2623 3798 quidem
2667 3746 2732 3784 ea:
2762 3732 2844 3786 his
2889 3731 3016 3801 fuga
3056 3732 3283 3786 salutem
3333 3733 3502 3800 petiit.

1940 3820 2171 3874 Barbari
2209 3836 2329 3873 vero
2357 3823 2503 3890 gravi
2553 3838 2739 3891 sopore
2786 3824 2998 3891 sepulti,
3032 3838 3150 3878 cum
3178 3834 3361 3877 exorto
3396 3823 3506 3877 sole

1941 3911 2097 3965 stella
2133 3912 2452 3977 evanuisset,
2482 3913 2543 3963 ab
2574 3912 2854 3966 occidendo
2888 3913 3150 3967 Tlteodulo
3176 3928 3360 3965 manus
3380 3912 3502 3965 abs-

1944 4006 2249 4065 tinuerunt;
2291 4017 2408 4055 cum
2472 4002 2805 4071 postmodum
2840 4003 2903 4055 de
2930 4020 2988 4056 eo
3023 4003 3243 4069 pecunia
3273 4018 3506 4055 commu-

1943 4093 2105 4147 tando
2135 4093 2502 4153 decrevissent,
2522 4108 2613 4145 nec
2647 4090 2792 4143 ultra
2817 4091 2922 4144 duo
2954 4093 3152 4160 solique
3169 4094 3315 4146 aurei
3346 4094 3504 4162 oﬂ'er-

1943 4193 2148 4244 rentur,
2193 4196 2327 4232 unus
2369 4195 2433 4233 ea:
2473 4180 2583 4233 illis
2626 4164 2827 4234 nudato
2868 4180 3044 4252 gladio
3080 4198 3199 4235 eum
3250 4185 3507 4250 conﬁcere
3548 4182 3555 4187 ’

1945 4272 2223 4327 tentabat:
2267 4280 2372 4323 tum
2410 4273 2682 4340 episcopus
2726 4289 2842 4326 eum
2882 4290 2914 4326 a
2950 4272 3195 4327 Barbara
3221 4285 3503 4340 tttercatus,

1943 4366 1999 4417 in
2029 4363 2319 4416 libertatem
2349 4364 2560 4423 eaetnit,
2589 4365 2679 4432 qui
2710 4380 2828 4417 cum
2850 4381 3097 4434 perquam
3129 4367 3323 4435 optime
3346 4367 3507 4420 vitam

1941 4454 2215 4516 duxisset,
2259 4452 2571 4507 obdormivit
2632 4454 2688 4507 in
2735 4454 2977 4509 Domino.
3042 4456 3109 4511 Et
3165 4456 3401 4513 Sirletus
3450 4457 3504 4511 in

1941 4547 2245 4612 Menologio
2321 4546 2635 4599 Graecorum
2699 4562 2712 4597 :
2764 4545 2961 4601 Eodem
3008 4549 3091 4602 die
3141 4549 3207 4603 M
3254 4547 3506 4603 Januarii

1945 4637 2002 4691 S.
2043 4637 2318 4691 Theoduli.
2351 4637 2452 4689 llic
2496 4637 2596 4705 [ait
2646 4639 2791 4706 ﬁlius
2834 4638 2950 4693 Nili
2984 4641 3080 4693 viri
3112 4641 3383 4707 sapientis,
3418 4640 3508 4708 qui

1944 4728 2125 4780 relicto
2177 4727 2391 4788 sa'culo,
2446 4727 2498 4779 in
2532 4735 2759 4780 montem
2803 4726 2986 4782 Sinam
3026 4743 3079 4781 se
3127 4725 3369 4788 contulit,
3418 4725 3507 4777 ubi

1944 4834 2064 4871 cum
2123 4818 2237 4886 ﬁlio
2277 4818 2437 4870 vitam
2500 4817 2743 4869 monachi
2791 4818 3043 4870 exercuit.
3080 4814 3244 4868 Multa
3305 4816 3505 4884 ingenii

1944 4909 2027 4963 sui
2077 4916 2426 4961 monumenta
2479 4908 2715 4974 posteris
2758 4908 3041 4976 reliquisse
3088 4910 3296 4957 certum
3346 4914 3506 4973 atque

1943 4997 2304 5051 indubitatum
2332 5007 2432 5058 est,
2467 5012 2701 5065 quorum
2738 5010 2863 5063 pars
2896 5009 3006 5048 non
3033 4992 3225 5061 exigua
3255 5001 3504 5063 typornm

1944 5089 2198 5156 praasidio
2230 5091 2402 5141 lucem
2442 5089 2583 5141 \liiel
2613 5126 2627 5149 ,
2682 5103 2806 5154 pars
2848 5086 2899 5138 in
2933 5083 3317 5152 manuscriptis
3362 5084 3503 5154 apud

1943 5180 2414 5233 decantatissimas
2487 5177 2843 5230 bibliothecas
2920 5174 3291 5243 manuscripta
3348 5175 3500 5236 latet,

1942 5284 2069 5343 pars
2098 5269 2259 5322 etiam
2291 5278 2601 5336 temporum
2630 5264 2848 5333 injuriis
2878 5262 3150 5330 deperdita
3181 5272 3283 5341 est.
3316 5262 3503 5330 Nequa

1939 5360 2083 5413 enim
2122 5361 2196 5411 illi
2235 5359 2454 5428 copiose
2501 5360 2726 5426 loquens
2758 5354 3059 5421 sapientia,
3102 5369 3277 5422 neque
3318 5368 3498 5406 rerum

1940 5451 1995 5503 in
2032 5448 2330 5515 Seripturis
2363 5450 2719 5503 obscurarum
2760 5445 3092 5512 explanatio,
3127 5459 3302 5512 neque
3332 5448 3502 5511 bonas

1937 5557 2081 5594 artes
2114 5554 2402 5606 tuon-sque
2443 5535 2763 5592 subseremli
2815 5535 3090 5594 studium,
3128 5532 3373 5600 illudque
3405 5548 3496 5585 su-

1939 5652 1967 5701 p
2003 5649 2180 5685 uinum
2205 5630 2394 5681 deluit.
2425 5629 2759 5696 Nil-rpitet'ns
2784 5623 3040 5678 Callistus
3066 5624 3160 5674 lih.
3186 5634 3271 5672 ειν
3297 5621 3494 5687 εΑὸγου
