3984 6150
1105 277 1173 284 ...ς

469 347 540 412 33
1673 343 1984 405 ΝΟἸἹΤΙΛ

2158 344 2200 403 5.
2232 343 2501 405 NILUM.
3645 340 3723 405 36

469 458 527 512 δὲ
565 457 792 528 δυνάμει
819 459 1057 530 κρατῶν,
1088 458 1180 512 καὶ
1203 460 1270 529 τῇ
1313 457 1434 530 θείᾳ
1465 459 1824 530 νευρούμενος
1855 460 2034 531 χάριτι

470 548 882 619 συγγράμματα
937 548 1167 617 διάφορα
1243 549 1560 601 καταλείπει
1619 550 1755 619 πρὸς
1810 551 2039 618 ἄσκηπιν

469 641 869 710 ὐπαλεὶφοντα,
921 638 1062 692 οὕτω
1111 639 1365 709 φράσεως
1413 640 1505 691 καὶ
1574 639 1859 708 νοημάτων
1911 657 2035 709 μετ·

468 735 661 805 έχοντα
686 774 700 798 ,
765 733 837 796 ὼς
884 733 974 784 τὸν
1035 730 1478 798 ἀναγινώσκοντα
1509 731 1726 800 χάριτος
1757 733 2035 800 ἀφρὰσῖου

466 825 688 896 ἔμπλεω
718 823 1054 876 καθιστάναι.
1094 821 1159 874 Et
1203 839 1319 874 cum
1365 823 1674 890 eloquentia:
1705 824 1752 875 vi
1795 823 2032 891 polleret,

467 919 756 987 divinaeque
784 917 979 985 gratia:
1013 916 1187 968 nervis
1218 915 1423 967 validus
1452 926 1604 977 esset,
1635 916 1832 983 scripta
1862 920 2032 976 varia,

464 1027 580 1077 qute
616 1012 735 1063 rita:
780 1009 1092 1061 monasticae
1128 1007 1438 1059 exercitium
1470 1007 1758 1068 instruunt,
1801 1007 2030 1078 reliquit,

463 1101 627 1153 verbis
649 1110 698 1152 et
729 1100 1003 1151 sententiis
1026 1100 1100 1148 ita
1132 1098 1445 1164 composita,
1473 1107 1525 1148 ut
1557 1097 1768 1150 lectoris
1799 1097 2032 1149 animum

460 1196 635 1263 gratia
698 1191 1000 1243 incredibili
1057 1203 1309 1244 recreent.
1365 1192 1420 1244 ln
1462 1192 1604 1244 omni
1649 1198 1798 1243 rei-to
1845 1190 2034 1243 studio

459 1295 512 1338 et
533 1284 875 1336 humanitate
911 1293 1158 1337 versatus
1192 1281 1476 1352 Philippus
1503 1282 1771 1336 l.abb.-eus
1799 1284 1850 1334 in
1882 1281 2032 1333 Nova

459 1375 790 1429 Bibliotheca
837 1393 854 1427 :
909 1372 1029 1427 Nili
1079 1374 1659 1440 Constantinopolitani
1707 1374 1765 1428 S.
1800 1373 2030 1427 Joannis

459 1465 830 1533 Chrysostomi
885 1465 1132 1534 discipuli
1186 1465 1355 1518 multa
1412 1466 1598 1534 jacent
1661 1467 1917 1532 opuscula
1976 1467 2032 1518 in

462 1553 857 1608 Parisiensibus
914 1555 1136 1623 aliisque
1191 1554 1551 1619 bibliothecis,
1615 1572 1731 1624 qua:
1767 1565 1824 1607 ut
1869 1555 2028 1608 audio

457 1655 719 1713 parantur
748 1645 973 1713 publica!
1011 1645 1236 1697 utilitati
1283 1645 1346 1697 ab
1385 1645 1593 1699 erudito
1624 1647 1928 1713 interprete.
1969 1645 2032 1699 Et

462 1752 587 1807 pag.
620 1736 726 1791 95:
764 1735 880 1789 Nili
902 1737 1226 1806 patriarcha
1259 1736 1844 1805 Constantinopolitani
1871 1755 2030 1807 opera

461 1830 611 1880 varia
639 1829 692 1880 in
725 1828 876 1881 codd.
910 1829 1086 1896 regiis.
1113 1828 1239 1891 378,
1273 1829 1401 1889 498,
1437 1828 1559 1891 615,
1589 1830 1717 1892 952,
1742 1830 1871 1893 9M,
1901 1829 2027 1892 722,

467 1919 626 1974 1067.
654 1919 811 1983 1662,
844 1919 1003 1981 1587,
1039 1919 1198 1980 1588,
1228 1917 1390 1979 2005,
1427 1918 1588 1972 (2218.
1621 1917 1800 1972 Multa
1831 1937 2034 1990 quoque

457 2012 691 2080 ejusdem
724 2011 782 2066 S.
823 2009 936 2064 Nili
966 2011 1223 2079 opuscula
1271 2020 1423 2063 erant
1468 2011 1522 2062 in
1564 2010 1874 2065 bibliotheca
1907 2014 2029 2067 Sir-

427 2101 678 2160 .letiana.
707 2117 819 2170 qua:
845 2102 968 2153 aliis
1001 2098 1340 2153 memoranda
1374 2100 1628 2169 relinquo.
1665 2101 1739 2152 Ita
1764 2099 2030 2157 Labbaus

457 2195 545 2246 hic
578 2203 631 2247 et
672 2193 798 2247 alibi
839 2210 852 2245 :
888 2190 1068 2246 Jusias
1123 2190 1390 2245 Simlerus
1426 2192 1477 2245 in
1530 2191 1778 2260 Epitome
1813 2191 2026 2248 Gesne-

455 2285 622 2338 rianae
643 2281 1009 2344 Bibliotheca.
1028 2280 1296 2351 Georgius
1315 2278 1586 2336 Draudius
1609 2280 1661 2334 in
1693 2281 2026 2336 Bibliotheca

453 2375 706 2430 classica.

524 2462 680 2517 Hunc
709 2470 960 2517 sanctum
990 2459 1172 2514 Nilum
1210 2466 1458 2513 nostrum
1481 2464 1717 2512 ascetam
1747 2457 1840 2510 alii
1867 2449 2057 2527 atque

455 2556 548 2609 alii
584 2559 905 2622 nuncupant
959 2550 1408 2617 archiepiscopum
1455 2557 1514 2602 et
1557 2550 1854 2616 episcopum
1884 2547 2028 2603 Con-

452 2643 1013 2712 stantinopolitanum,
1045 2640 1348 2710 pet-insigni
1399 2640 1898 2708 tnanuscriptorum
1931 2655 2026 2693 co-

453 2738 639 2789 dicum
678 2733 945 2804 pravitate
979 2732 1216 2799 decepti.
1263 2727 1509 2784 Joannes
1543 2729 1790 2785 Andreas
1840 2730 2026 2796 Quen-

453 2828 644 2882 stadt:
689 2823 1152 2892 Constantinopoli
1201 2831 1357 2875 natus
1398 2832 1474 2876 est
1521 2819 1684 2875 Nilus
1719 2824 2023 2888 monachus,

450 2914 677 2970 Joannis
709 2914 1079 2984 Chrysostomi
1130 2912 1444 2980 discipulus,
1492 2911 1583 2980 qui
1612 2912 1782 2966 multa
1813 2913 2026 2980 scripsit

451 3011 514 3058 de
548 3007 882 3060 institutione
914 3005 1316 3066 monachorum,
1342 3011 1471 3058 teste
1495 3001 1793 3072 Nicephoro
1817 3003 2021 3058 Histor.

451 3101 544 3153 lib.
569 3115 675 3158 xiv.
706 3115 826 3162 cap.
853 3099 940 3154 ὃὸ.
973 3098 1231 3163 Quantam
1253 3097 1366 3165 ejus
1389 3105 1600 3152 exstant
1622 3096 1671 3148 in
1698 3093 2022 3148 Bibliotheca

453 3191 713 3250 Patrum,
747 3199 886 3242 temo
927 3188 989 3253 γ,
1042 3190 1168 3242 edit.
1227 3189 1280 3243 2.
1324 3188 1624 3256 Separatim
1678 3203 1794 3241 vero
1848 3197 2022 3241 exstat

451 3281 581 3332 liber
609 3277 668 3336 S.
699 3278 818 3332 Nili
847 3277 918 3334 De
947 3279 1259 3334 Christiana
1290 3278 1658 3348 philosophia,
1690 3295 1792 3347 quo
1815 3278 2024 3332 nomine

449 3373 800 3425 monasticam
830 3372 1116 3442 signiﬁcat.
1162 3372 1389 3424 Photins
1421 3372 1474 3424 in
1507 3369 1862 3432 Bibliotheca,
1897 3369 2016 3423 cod.

445 3462 544 3516 201
591 3462 831 3517 :Lectus
888 3470 964 3516 est
1023 3461 1140 3516 Nili
1203 3461 1447 3514 monachi
1500 3460 1658 3525 liber,
1722 3461 1869 3531 τρισὶ
1928 3453 2021 3512 διαὶ

448 3553 786 3621 πεντήκοντα
843 3553 938 3604 καὶ
990 3551 1184 3604 ἑκατὸν
1231 3551 1550 3620 κεφαλαίοις
1616 3550 2013 3622 διαιρούμενος,

445 3641 538 3694 τὸν
565 3641 664 3710 τῆς
687 3642 996 3714 προσευχῆς
1051 3641 1107 3694 δὲ
1139 3642 1196 3693 ἐν
1233 3638 1445 3702 τούτοις
1477 3642 1505 3694 ὁ
1534 3640 1675 3703 θεῖος
1712 3641 1854 3712 ἀνὴρ
1886 3642 2017 3694 ἀνα-

447 3730 676 3784 πτύσσει
709 3731 898 3785 τύπον.
935 3731 1110 3785 Πολλὰ
1140 3732 1198 3786 δὲ
1245 3733 1340 3786 καὶ
1368 3731 1504 3785 ἄλλα
1547 3731 1712 3784 αὑτοῦ
1741 3731 2015 3800 ἀξιόλογα,

445 3819 700 3884 ποικίλας
743 3820 1026 3886 ὑποθέσεις
1057 3822 1510 3893 ὑποϐαλλόμενα,
1557 3822 1637 3886 εἷς
1674 3839 1734 3875 τε
1762 3823 1855 3876 τὸν
1901 3825 2019 3876 ἔπι-

448 3909 755 3980 στολιμαῖον
783 3912 1002 3981 τρόπον,
1029 3916 1124 3967 καὶ
1147 3914 1226 3978 εἱς
1248 3913 1309 3966 τὸ
1334 3912 1708 3984 συγγραφικὸν
1736 3913 2016 3984 ἀνητμένα

447 4003 853 4074 συγγράμματα
881 4004 1130 4076 φέρεται,
1162 4005 1261 4076 τήν
1285 4021 1343 4059 τε
1375 4005 1519 4059 κατὰ
1550 4005 1617 4059 τὰ
1646 4004 1783 4076 ἔργα
1814 4005 2017 4058 τελειό-

443 4111 610 4164 τητα,
661 4097 754 4170 καὶ
793 4097 892 4169 τὴν
945 4100 1003 4152 ὲν
1041 4099 1222 4167 λόγοις
1263 4098 1686 4170 μαρτυρούμενα
1736 4097 1964 4170 δύναμιν
1996 4114 2014 4128 °

441 4185 495 4237 in
521 4165 805 4242 centum}!
841 4165 1229 4261 quinquaginta
1264 4165 1382 4243 tria
1415 4165 1594 4258 capita
1639 4165 2012 4258 dit'isuquui-

442 4275 536 4327 bus
592 4278 843 4343 precandi
901 4279 1130 4346 formam
1189 4281 1273 4334 vir
1320 4281 1414 4334 ille
1483 4281 1695 4334 divinus
1747 4280 2011 4347 exposuit.

442 4361 711 4418 Feruntur
739 4366 974 4435 ejusdem
1023 4378 1072 4422 et
1110 4369 1220 4422 alia
1250 4374 1407 4436 plura
1443 4370 1579 4423 lectu
1628 4370 1790 4438 digna
1821 4368 2016 4421 diversi

440 4456 739 4523 argumenti
774 4456 1026 4522 opuscula
1051 4493 1066 4517 ,
1119 4456 1317 4522 partim
1353 4455 1642 4520 Epistulae,
1676 4457 1871 4524 partim
1911 4455 2016 4509 Hi-

438 4545 624 4599 storia!
656 4545 831 4614 forma
870 4547 1206 4613 conscripta,
1239 4562 1355 4614 qua:
1401 4562 1506 4599 non
1545 4562 1760 4616 operum
1809 4556 2016 4601 tantum

439 4635 817 4704 perfectionem
842 4635 1121 4704 insignem,
1155 4637 1246 4689 sed
1277 4636 1331 4688 in
1353 4635 1573 4690 dicendo
1599 4653 1800 4707 quoque
1837 4636 2013 4705 facul-

441 4733 602 4778 tatem
633 4723 749 4794 ejus
784 4733 1076 4778 testantur.
1109 4725 1313 4778 lbidem
1353 4725 1458 4780 alia
1484 4726 1726 4796 ejusdem
1760 4727 1860 4782 Nili
1897 4729 2013 4783 Au-

438 4815 602 4872 dreas
643 4816 868 4872 Scottus
907 4823 1156 4871 recenset
1200 4818 1466 4885 opuscula
1494 4858 1512 4885 ,
1561 4834 1679 4888 qua:
1727 4821 1781 4873 in
1821 4819 2009 4886 Italia,

441 4908 754 4963 bibliotheca
789 4907 969 4979 Regia,
1022 4921 1068 4962 et
1123 4911 1434 4978 Augustam:
1482 4908 1736 4964 dicuntur
1777 4924 2006 4970 exstare.

441 4999 663 5056 Dubitat
708 5001 1112 5064 nihilominus,
1171 5015 1242 5053 an
1291 5001 1456 5056 unius
1507 4999 1614 5056 Nili
1655 5004 1764 5056 sint
1802 5006 2007 5060 omnia.

440 5091 707 5162 Excerpta
738 5108 804 5147 ex
832 5092 1080 5160 ejusdem
1105 5090 1462 5149 Orationibus
1487 5095 1539 5146 in
1568 5093 1778 5149 Pascha
1809 5096 2006 5166 prima.

437 5193 493 5237 et
519 5184 781 5243 secunda,
804 5183 1241 5238 inAscensionem
1269 5183 1480 5238 Domini
1515 5187 1711 5256 prima,
1765 5190 2007 5244 secunda

441 5282 496 5328 et
525 5273 686 5327 tertia
717 5274 852 5328 satis
884 5275 1091 5344 prolixa
1120 5277 1345 5330 totidem
1369 5278 1552 5334 verbis
1576 5281 1839 5336 exscribit
1863 5283 2005 5337 idem

439 5365 664 5420 Pbotius
707 5367 770 5420 in
824 5365 1014 5422 eadem
1064 5367 1415 5424 Bibliotheca.
1471 5370 1572 5425 llic
1622 5387 1732 5426 non
1794 5374 2004 5445 absque

435 5456 742 5511 oscitantis:
808 5467 937 5511 non
1001 5457 1374 5529 designandum
1433 5469 1520 5516 est
1549 5465 1781 5533 supinus
1847 5481 2005 5521 error

435 5548 664 5603 Gesneri
709 5557 764 5604 et
804 5547 1019 5604 Simleri
1043 5593 1056 5615 ,
1092 5551 1142 5604 in
1184 5550 1552 5619 Bibliotheca,
1592 5556 1688 5625 qui
1737 5561 2005 5628 opuscula

437 5638 769 5712 'l‘hcologica
817 5639 924 5695 Nili
975 5656 1100 5696 cum
1143 5646 1415 5714 capitibus
1456 5645 1717 5702 Diadochi
1771 5652 2004 5705 confun—

434 5730 615 5787 dunt:
653 5733 839 5790 Sancti
877 5732 996 5789 Nili
1045 5734 1324 5791 Orationes
1378 5741 1691 5793 monasticae
1749 5743 1800 5795 in
1845 5742 1997 5796 Vati-

2147 476 2305 524 cuna,
2337 458 2606 528 Opuscula
2634 459 2873 529 quaedam
2905 457 3239 528 Theologica,
3262 467 3308 512 et
3334 456 3524 526 Capita
3553 473 3714 527 φωτι-
3767 475 3772 479 '

2147 552 2266 620 κῆς.
2307 552 2372 604 Et
2414 553 2558 621 quod
2599 554 2770 619 magis
2816 559 2922 615 est,
2967 550 3457 620 Magdeburgenses
3490 561 3630 604 cent.
3657 549 3725 613 5,

2145 659 2264 710 cup.
2313 644 2376 697 10
2414 660 2426 696 :
2464 642 2582 696 Nili
2618 646 2942 697 monasticae
2982 627 3268 696 Orationes
3331 651 3543 695 exstare
3575 641 3716 697 Crte-

2143 749 2233 786 cas
2277 733 2454 788 lieno-te
2488 736 2540 786 in
2592 735 2871 789 Vaticana.
2907 733 3059 789 'ltem
3108 733 3377 801 Opuscula
3417 735 3718 802 quindecim

2147 821 2486 893 Theologica,
2535 836 2584 878 et
2637 842 2754 894 cap.
2792 828 3054 896 φωτικῆς.
3095 824 3228 877 Item
3272 823 3466 877 librum
3508 825 3575 877 ad
3613 823 3716 877 Ba-

2145 915 2330 967 riclem
2371 918 2695 984 episcopum.
2744 919 2804 970 lit
2840 918 2981 970 inl'ra
3019 936 3031 970 :
3073 916 3276 970 Prazbet
3320 925 3490 968 tamen
3527 932 3717 982 prope-

2143 1007 2352 1058 modum
2384 1008 2762 1074 conjecturam,
2793 1009 2932 1078 quod
2959 1012 3212 1075 scriptum
3242 1008 3505 1076 quoddam
3535 1019 3718 1075 capita

2141 1096 2385 1164 φωτικῆς
2439 1111 2902 1152 commemoratur.
2966 1099 3031 1150 lat
3082 1098 3444 1163 Nicephorus,
3495 1107 3602 1150 etc.
3655 1097 3714 1150 Si

2144 1187 2288 1257 ullus
2318 1188 2480 1251 alius,
2518 1193 2679 1258 plane
2713 1191 2940 1242 Pholius
2991 1191 3129 1258 ipse,
3179 1205 3244 1242 ne
3284 1188 3374 1243 hic
3414 1190 3715 1242 multonnn

2142 1275 2475 1330 testimoniis
2522 1293 2633 1331 rem
2669 1279 2902 1341 trahann,
2945 1280 3178 1332 similent
3215 1294 3482 1343 errorem,
3522 1289 3717 1350 aperte

2143 1365 2415 1435 proﬂigat.
2448 1368 2694 1438 Namque
2737 1372 2812 1422 ait
2846 1389 2858 1423 :
2897 1371 3114 1440 Πατέρα
3145 1371 3201 1423 δὲ
3248 1369 3343 1424 τοῦ
3392 1370 3552 1439 λόγου
3585 1372 3716 1424 Διά-

2139 1457 2295 1526 δοχον
2333 1461 2366 1529 ἡ
2396 1461 2678 1531 ἐπιγραφὴ
2714 1461 2880 1529 λέγει,
2921 1463 3167 1532 Φωτικῆς
3193 1463 3293 1532 τῆς
3320 1464 3379 1514 ὲν
3408 1466 3472 1532 τῇ
3505 1463 3716 1533 παλαιᾷ

2154 1549 2393 1621 Ἠπείρῳ
2436 1553 2731 1605 ἐπίσκοπον
2758 1569 2770 1583 '
2818 1555 3097 1608 Auctorem
3129 1557 3241 1623 ejus
3276 1557 3552 1620 inscriptio
3594 1556 3714 1621 ipsa

2139 1639 2272 1707 facit
2302 1639 2635 1694 Diadachum
2687 1642 2924 1696 l’hotices
2973 1645 3154 1707 illius,
3205 1659 3321 1713 qua
3347 1655 3425 1698 est
3461 1646 3515 1697 in
3546 1654 3716 1698 vetere

2139 1729 2324 1798 Epiro,
2357 1734 2673 1799 episcoiium.
2719 1733 2784 1786 Et
2817 1735 2956 1788 infra
2997 1735 3126 1788 ductu
3174 1739 3282 1806 agit
3311 1736 3380 1790 de
3408 1735 3712 1806 Sophronii

2141 1821 2621 1892 I-lierosolymitani
2649 1825 2974 1893 patriarcha:
2991 1825 3234 1894 Epistula
3266 1828 3529 1897 synodica
3559 1844 3570 1878 ;
3601 1828 3713 1880 Καὶ

2136 1913 2166 1963 ὁ
2193 1913 2291 1983 τῆς
2321 1913 2569 1982 Φωτικῆς
2604 1917 2895 1976 ἐπισκοπος
2928 1915 3100 1985 ὄνομα
3131 1916 3387 1987 Διάδοχος
3416 1939 3432 1950 -
3477 1917 3542 1970 Et
3577 1917 3712 1970 Pho-

2139 2004 2259 2057 ticte
2278 2005 2549 2073 episcopus
2590 2007 2803 2059 nomine
2831 2005 3156 2061 Diadochus.

2206 2115 2398 2170 Omnia
2429 2117 2592 2173 istius
2628 2120 2917 2188 opuscula.
2945 2135 3068 2190 qua:
3093 2119 3352 2190 pleraque
3378 2129 3530 2184 sunt,
3573 2139 3711 2175 nun-

2137 2205 2263 2258 dum
2315 2209 2604 2277 quisquam
2645 2209 2856 2277 justum
2911 2210 2964 2263 in
3006 2211 3260 2264 volumen
3307 2211 3536 2278 redegit.
3570 2210 3712 2264 Sunt

2135 2298 2488 2352 nihilominus
2517 2300 2709 2366 partim
2733 2298 2925 2354 Latine
2952 2301 3186 2363 reddita,
3211 2301 3484 2370 editaque.
3518 2299 3710 2355 Oratio

2135 2387 2203 2440 ad
2245 2382 2409 2442 Deum
2456 2399 2646 2444 contra
2671 2391 3030 2446 Barbarorum
3059 2393 3426 2458 incursiones,
3446 2393 3587 2448 bella
3619 2396 3704 2448 in-

2137 2479 2354 2542 testina,
2384 2491 2615 2548 pestem,
2650 2479 2872 2547 famem,
2916 2491 2972 2537 et
3004 2483 3200 2538 mortis
3228 2483 3334 2536 vim
3379 2492 3710 2553 praesentem

2134 2568 2342 2623 Joanne
2369 2569 2646 2626 Sambuco
2679 2572 2962 2628 Pannonio
2993 2573 3293 2644 interprete
3318 2592 3332 2631 :
3361 2573 3424 2632 P.
3449 2575 3710 2646 Omnipo-

2136 2669 2247 2713 tens
2270 2659 2492 2714 Domine
2520 2661 2677 2727 Deus,
2714 2663 2882 2718 Pater
2905 2666 3122 2734 ingeniti
3152 2663 3312 2721 Filii.
3327 2666 3484 2721 Edita
3514 2668 3714 2726 Latine

2136 2759 2348 2805 tantum
2402 2749 2633 2812 Batavii.
2664 2768 2814 2807 anno
2853 2754 3017 2822 I555;
3049 2764 3336 2828 exstatque
3377 2774 3482 2814 ms.
3518 2759 3575 2813 in
3621 2761 3713 2814 bi-

2134 2841 2325 2896 bliuth.
2352 2843 2721 2912 Imperatoris,
2751 2843 2994 2901 Viennae.

2203 2953 2395 3010 Petrus
2425 2953 2756 3010 Franciscus
2799 2955 2968 3009 Zinus
2997 2955 3331 3014 Veronensis
3364 2957 3418 3012 in
3447 2956 3711 3014 Latinum

2131 3047 2422 3111 convertit,
2456 3054 2510 3101 et
2542 3047 2842 3117 publicavit
2874 3045 3138 3113 V'enetiis,
3176 3064 3318 3101 anno
3358 3048 3516 3110 1557.
3559 3049 3710 3103 in-8.

2199 3155 2424 3211 Librum
2469 3156 2584 3210 Nili
2617 3157 2948 3221 Asceticum,
2980 3160 3086 3211 sive
3129 3159 3192 3212 de
3225 3160 3334 3212 vita
3372 3169 3422 3212 et
3468 3159 3712 3214 moribus

2131 3250 2527 3302 monachorum.
2565 3247 2624 3302 P.
2669 3247 2830 3301 Multi
2871 3265 2934 3302 ea:
2982 3248 3206 3314 ercis,
3257 3260 3306 3304 et
3350 3249 3557 3304 Juda'is
3599 3269 3715 3306 nou

2126 3341 2300 3408 pauci

2198 3432 2280 3484 Ad
2303 3433 2580 3486 monachos
2612 3432 3017 3487 institutionem.
3041 3431 3101 3486 P.
3142 3432 3317 3487 Victus
3343 3435 3708 3505 intemperati-

2128 3524 2260 3576 tiam
2291 3524 2543 3593 jejunium
2583 3523 2744 3576 tollit.

2196 3610 2462 3664 Adversus
2495 3611 2626 3664 vitia
2664 3610 2948 3665 Orationes
2979 3620 3195 3677 septem.

2203 3701 2274 3756 De
2315 3704 2465 3772 gula,
2505 3712 2647 3757 orat.
2692 3703 2740 3756 l.
2786 3701 2847 3756 ιι.
2891 3700 3230 3772 Principium
3272 3707 3371 3775 [los
3411 3721 3490 3763 est
3530 3715 3704 3780 proti-

2122 3794 2312 3847 ciendi.

2199 3885 2273 3939 De
2309 3887 2550 3950 luxuria,
2589 3894 2732 3939 orat.
2764 3884 2818 3939 2.
2852 3885 2912 3938 P.
2957 3885 3281 3941 Pudicitiam
3320 3894 3466 3958 parit
3505 3905 3703 3965 tempe-

2123 3979 2324 4032 rantia.

2191 4072 2269 4126 De
2309 4074 2573 4138 avaritia,
2620 4084 2762 4130 orat.
2806 4077 2862 4133 3.
2905 4077 2964 4136 Ρ.
3012 4081 3259 4138 Avaritia
3306 4085 3570 4138 malorum
3619 4095 3698 4138 est

2121 4165 2354 4218 omnium
2380 4165 2558 4220 radix.

2149 4319 2152 4322 ξ
2195 4255 2269 4308 De
2308 4257 2415 4321 ira,
2453 4265 2592 4312 orat.
2627 4258 2682 4313 4.
2733 4257 2832 4314 Ῑι·α
2866 4262 3040 4331 furori
3080 4275 3235 4336 atque
3269 4268 3494 4321 insania:
3528 4268 3700 4336 aﬂinis

2119 4355 2218 4399 est.

2192 4435 2270 4491 De
2300 4440 2543 4506 tristitia,
2577 4451 2718 4497 orat.
2751 4444 2804 4498 5.
2830 4443 2890 4499 P.
2931 4443 3167 4512 Spiritus
3200 4450 3515 4517 uoluptatem
3547 4450 3700 4518 igno—

2121 4537 2205 4582 rat
2231 4531 2544 4588 monachus.

2192 4618 2497 4687 Deaceilia,
2533 4633 2675 4679 orat.
2713 4624 2766 4678 6.
2797 4623 2857 4678 P.
2890 4626 3072 4682 Animi
3101 4629 3346 4685 debilitas
3381 4641 3458 4686 est
3488 4632 3696 4686 acedia.

2191 4711 2268 4766 De
2292 4715 2438 4767 inani
2465 4716 2661 4784 gloria.
2693 4729 2833 4772 orat.
2875 4719 2930 4774 7.
2960 4720 3019 4774 P.
3054 4720 3239 4776 Inanis
3263 4725 3437 4794 gloria
3466 4735 3540 4780 est
3571 4727 3687 4779 ani-

2119 4805 2192 4857 mi
2227 4807 2556 4870 perturbatio
2598 4809 2798 4862 rationi
2829 4814 3122 4866 contraria.

2193 4915 2265 4968 De
2295 4917 2560 4983 superbia,
2587 4929 2728 4974 orat.
2757 4922 2814 4974 8.
2842 4919 2901 4974 Ρ.
2923 4919 3182 4992 Superbia
3204 4933 3280 4978 est
3305 4926 3467 4978 animi
3487 4935 3695 4994 tumor,

2115 5010 2262 5060 sanie
2287 5009 2462 5074 plena.

2185 5098 2408 5153 Diversa
2479 5104 2678 5170 capita.
2743 5104 2802 5159 P.
2849 5105 2944 5160 Dei
3007 5109 3248 5162 timorem
3316 5126 3379 5162 ac
3449 5110 3702 5164 studium

2115 5195 2301 5246 retine.

2187 5285 2262 5338 De
2295 5287 2554 5353 oratione,
2583 5303 2705 5360 cap.
2740 5289 2865 5346 155.
2894 5291 2998 5357 Qui
3033 5279 3359 5363 oa'oriferum
3386 5293 3528 5361 cupit
3565 5293 3707 5363 thy—

2113 5395 2331 5435 mtama.

2182 5471 2265 5524 Ad
2298 5472 2540 5539 jnniores
2578 5477 2864 5527 monachos
2917 5476 3322 5549 institutionem.
3374 5473 3434 5526 P.
3465 5474 3710 5532 Iuvenis

2113 5561 2252 5615 celat
2281 5563 2501 5629 quietem
2531 5565 2585 5617 in
2617 5580 2851 5632 corpore.

2182 5653 2263 5705 All
2296 5655 2640 5709 Anastasium
2674 5658 2972 5725 episcopum
3007 5659 3307 5725 epistolam.
3349 5655 3408 5709 P.
3445 5654 3717 5716 Joanne;

2114 5747 2357 5798 sacerdos
2403 5745 2752 5802 admirandus
2783 5749 3032 5803 Ecclesia
3055 5746 3716 5811 Constantinopolitana.
