3984 6150
274 287 340 354 37
561 280 566 284 “
1476 289 1782 351 uorum
1825 290 1904 348 1N
1945 291 2004 349 s.
2046 292 2294 354 mrum
2901 267 2904 270 ’
3451 262 3517 320 33

349 398 606 452 [Jenimis
626 399 881 450 diuturna
908 397 1223 465 pra'fectura
1256 439 1269 452 .
1296 396 1356 451 Ρ.
1396 401 1637 455 Tradunt
1662 418 1836 454 rerum

277 490 599 544 naturalium
629 489 991 543 observatores
1001 529 1011 540 .

344 581 400 637 In
441 581 775 636 Bibliotheca
811 580 1034 634 Patrum
1058 579 1338 646 Veterum,
1382 583 1624 638 Coloniae
1650 585 1834 638 edita:

345 673 418 724 Ex
475 671 712 741 quodam
772 670 1103 724 Para'nctit'o
1149 671 1284 725 libro
1332 672 1720 743 fragmentum.
1775 671 1837 727 P.

277 761 526 831 Nunquid
558 762 794 831 angelos,
827 762 904 815 uel
931 772 1233 828 potestates,
1261 772 1366 818 etc.

345 855 418 907 De
437 865 554 908 octo
581 855 782 908 uitiosis
814 855 1240 923 cogitationibus.

347 945 420 997 De
451 947 593 1014 gula.
634 944 695 1000 P.
740 943 816 998 De
853 955 970 998 octo
1007 945 1209 997 vitiosis
1253 945 1687 1014 cogitationibus,
1746 965 1838 1002 seu

260 1036 564 1105 aﬁ'ectibus.

339 1128 416 1182 De
436 1127 800 1196 fornicatione.
816 1123 1280 1180 P.Fornicationis
1297 1127 1516 1194 spiritus
1535 1144 1626 1196 per
1641 1144 1838 1182 carius.

343 1219 419 1273 De
449 1220 710 1272 Avaritia.
743 1216 802 1270 P.
846 1216 1136 1271 Externum
1165 1226 1246 1270 est
1277 1220 1517 1273 avaritia:
1553 1219 1766 1274 bellum.

340 1309 416 1362 De
445 1311 547 1362 ira.
576 1308 634 1363 P.
680 1306 777 1361 Ira
809 1324 929 1361 cum
961 1309 1120 1362 semel
1148 1316 1326 1375 pectus
1358 1307 1639 1362 obsederit.

341 1401 417 1452 De
449 1400 688 1454 tristitia.
725 1397 785 1452 P.
818 1397 952 1454 Cum
974 1398 1239 1466 improbus
1269 1400 1500 1453 tristitiae
1525 1402 1764 1469 spiritus.

335 1493 419 1548 De
449 1493 656 1546 acedia.
693 1491 757 1545 P.
797 1490 1006 1546 Acedite
1029 1491 1250 1559 spiritus
1293 1492 1530 1544 ntteroris
1568 1494 1837 1559 spiritum.

336 1585 418 1638 De
455 1585 605 1638 inani
633 1583 826 1654 gloria.
857 1581 915 1635 P.
953 1581 1142 1636 Inanis
1175 1583 1360 1653 gloriae
1395 1583 1617 1651 a/fectus
1655 1585 1841 1636 multi-

297 1677 389 1730 lea:
412 1682 510 1728 est.

297 1692 389 1730 te:
412 1692 510 1728 est.

266 1692 294 1742 ρ
328 1765 416 1821 De
439 1764 708 1832 superbia.
743 1762 802 1817 P.
833 1762 1215 1828 Gravissimus,
1263 1771 1420 1832 atque
1453 1762 1688 1816 omnium
1725 1771 1838 1814 tru-

270 1856 687 1911 culentissimus.

336 1947 417 2000 De
442 1947 682 1999 oratione
713 1945 887 2010 capita
921 1943 1041 2009 150,
1076 1954 1212 1999 sect.
1249 1943 1372 1998 N7.
1401 1942 1592 1998 Latine
1621 1951 1838 1998 tantum

273 2040 572 2107 interprete
603 2035 905 2090 Franciseo
932 2035 1227 2095 Turriano,
1266 2035 1360 2104 qui
1403 2051 1528 2089 eum
1575 2033 1838 2090 Biadochi

275 2128 534 2184 l’lioticcs
563 2127 806 2198 episcopi
842 2126 1115 2197 capitibus
1141 2124 1213 2178 De
1237 2125 1552 2193 perfectione
1573 2126 1841 2194 spirituoli

274 2222 478 2276 edenda
518 2221 733 2276 curavit
775 2217 1094 2287 Antuerpia:
1131 2217 1280 2286 typis
1322 2213 1707 2280 Plantinianis,
1741 2231 1841 2271 an-

271 2329 345 2368 no
375 2313 538 2374 1575,
575 2312 754 2366 iii-li.
786 2311 944 2367 Unde
985 2311 1038 2362 in
1072 2305 1426 2362 Bibliothecis
1449 2304 1701 2362 Veterum
1732 2307 1842 2364 Pa-

275 2415 423 2458 trum
446 2420 476 2458 a
506 2404 818 2474 Margarino
848 2402 1065 2472 Bignmo
1096 2397 1353 2453 deducta.

347 2497 502 2552 Liber
529 2499 808 2550 asceticus.

347 2588 628 2642 Institutio
662 2589 733 2641 ad
770 2592 1074 2646 monachos.

344 2679 631 2735 Orationes
666 2689 784 2734 octo
819 2681 1068 2736 adrersus
1094 2681 1357 2750 primaria
1383 2681 1531 2735 sitia.

342 2769 522 2824 Brevis
550 2769 817 2822 institutio
850 2769 920 2822 ad
935 2771 1178 2840 juniores
1210 2769 1512 2824 monachos.

344 2858 587 2929 Epistola
615 2859 686 2914 ad
717 2861 1066 2916 Anastasiuus
1094 2864 1456 2932 presbyterum
1485 2875 1604 2914 cum
1638 2858 1841 2911 duobus

274 2953 606 3024 fragmentis.

348 3045 628 3099 Tractatus
678 3044 741 3100 de
781 3053 898 3101 octo
936 3045 1143 3102 uitiosis
1176 3043 1609 3116 cogitationibus,
1647 3041 1843 3098 Latine

277 3143 574 3205 interprete
621 3135 828 3193 Iacobo
869 3136 1030 3192 Billio
1061 3135 1300 3192 Pronaco
1349 3134 1406 3188 S.
1459 3133 1742 3189 Michaelis
1785 3134 1842 3188 in

275 3239 464 3281 eremo
494 3227 904 3294 emnobiarcha,
925 3227 1024 3296 qui
1044 3226 1201 3281 illum
1233 3241 1364 3282 cum
1391 3225 1617 3280 Joannis
1645 3223 1842 3276 Dama-

275 3318 425 3371 sceni
447 3318 709 3388 operibus
731 3317 903 3372 edidit
934 3314 1180 3382 Parisiis,
1207 3329 1352 3370 anno
1381 3313 1537 3368 1577.
1568 3311 1844 3384 Subiecitv

276 3422 382 3477 que
410 3407 640 3479 Eugenii
669 3409 956 3477 opuscula,
993 3406 1058 3460 de
1081 3405 1262 3461 eodem
1286 3413 1596 3475 argumento
1625 3421 1644 3458 :

344 3501 533 3556 Graece
567 3515 696 3557 vero
722 3510 776 3556 et
808 3500 999 3555 Latine
1043 3500 1191 3555 edita
1235 3505 1386 3555 sunt.
1434 3497 1692 3566 Ejusdem
1733 3498 1844 3550 Κε-

278 3591 503 3657 φάλαια,
531 3591 575 3661 ’ἢ
623 3592 992 3663 παραινέσεις,
1040 3588 1270 3660 Capita,
1319 3605 1418 3646 seu
1461 3588 1844 3657 Prcccptiones

267 3685 634 3747 sententiosa',
707 3681 1005 3738 Francisco
1057 3678 1339 3735 Turriano
1398 3680 1732 3751 interprete,
1791 3688 1847 3734 et

278 3775 482 3844 prioris
530 3774 1000 3844 interpretationis
1039 3783 1372 3839 correctore,
1420 3773 1633 3828 collatis
1663 3773 1846 3826 tribus

274 3867 618 3934 pervetustis
676 3865 1099 3935 exemplaribus,
1151 3872 1207 3918 et
1262 3864 1491 3920 scholiis
1556 3865 1842 3934 appositis.

275 3954 578 4010 Florenti:
641 3957 782 4024 apud
854 3956 1314 4010 Bartholomzeum
1379 3953 1844 4008 Sermaretellimn

276 4051 442 4112 1578,
477 4049 623 4101 in-8.
657 4046 771 4101 Una
797 4063 921 4100 cum
951 4046 1213 4101 Dladocbi
1237 4046 1484 4116 episcopi
1516 4045 1758 4099 Photices
1789 4047 1841 4098 in

273 4153 444 4198 cetera
479 4141 648 4209 Epiro
674 4140 876 4210 Illyrici
892 4139 1161 4207 capitibus
1184 4147 1398 4192 centum
1439 4136 1503 4191 de
1527 4137 1848 4206 perfectione

268 4235 570 4305 spirituali.
602 4231 669 4285 Et
699 4236 810 4286 hate
837 4231 1050 4286 Graece.
1085 4230 1280 4285 Latine
1310 4245 1438 4285 vero
1465 4230 1710 4299 Lugduni
1740 4230 1844 4282 Ba-

265 4339 524 4383 tavorum
562 4341 632 4381 ex
665 4325 872 4379 ollicina
899 4323 1271 4385 Plantiniana,
1303 4322 1457 4394 1590,
1484 4322 1634 4388 iii-8;
1664 4331 1716 4376 et
1743 4322 1846 4374 Ba-

269 4422 416 4475 sileze
449 4417 604 4488 apud
650 4414 944 4470 Robertum
995 4415 1245 4478 Winter;
1301 4423 1355 4468 et
1397 4415 1638 4467 Colonia:
1700 4413 1845 4481 apud

266 4510 630 4582 Gyinnicum.
669 4508 800 4563 Item
835 4508 1024 4563 Graece
1062 4515 1115 4561 et
1152 4507 1347 4559 Latine
1386 4505 1446 4558 in
1476 4505 1717 4574 linguam
1752 4505 1822 4556 La

265 4605 436 4658 tinam
489 4603 805 4666 traducta,
845 4611 899 4655 et
949 4599 1279 4654 testimoniis
1332 4607 1446 4651 tum
1505 4597 1678 4652 sacris
1733 4605 1847 4648 tum

261 4695 516 4766 profanis
551 4694 872 4756 illustrem,
903 4704 1066 4760 opera
1089 4698 1141 4743 et
1166 4691 1354 4743 labore
1383 4687 1644 4758 Stephani
1676 4687 1851 4741 Scho-

263 4788 492 4855 ningii:
547 4781 889 4837 Francherte
950 4781 1257 4836 excudi-bat
1312 4778 1560 4850 Egidins
1617 4779 1849 4833 “alimus

262 4877 524 4932 ordinum
584 4873 784 4927 Frisize
841 4873 1215 4943 typographus
1271 4871 1407 4926 1608
1465 4870 1605 4925 iii-8.
1655 4869 1848 4922 Addita

262 4979 389 5026 snnt
419 4966 664 5039 Agapeti
693 4963 880 5032 Capita
903 4966 1241 5030 paranetica,
1280 4973 1334 5016 et
1369 4961 1679 5016 Aristotelis
1711 4961 1852 5013 liber

261 5059 337 5114 De
363 5057 668 5114 uirtutibus
705 5064 755 5107 et
791 5055 955 5114 vitiis,
1005 5053 1197 5108 eodem
1237 5051 1513 5122 Stephano
1553 5053 1852 5120 interprete

261 5160 313 5206 et
342 5150 704 5221 cxpositore.
745 5142 960 5198 Eaedem
993 5159 1022 5196 a
1055 5142 1317 5196 Michaele
1367 5141 1560 5194 Toxita
1608 5142 1853 5196 carmine

258 5243 489 5298 reddita.-
514 5249 754 5295 excusa:
792 5243 922 5290 sunt
959 5234 1307 5303 Argentorati
1340 5250 1366 5283 a
1389 5233 1628 5286 Cratone
1670 5232 1848 5302 Mylio.

262 5335 615 5403 Epitomator
672 5323 1097 5381 Gcsnerianus:
1147 5325 1240 5394 qui
1289 5331 1467 5376 tamen
1511 5326 1564 5378 in
1618 5325 1854 5392 epitome

263 5423 470 5476 nullam
512 5419 696 5487 hujus
731 5413 1003 5469 versionis
1025 5414 1358 5468 mentionem
1387 5412 1534 5476 facit,
1563 5414 1723 5467 sicuti
1755 5425 1854 5466 nec

261 5512 546 5568 Gcmerus
578 5511 640 5562 in
677 5503 905 5561 Il'oxita.

330 5603 532 5674 Χρυσᾶ
564 5596 779 5653 Νείλου
817 5593 1115 5647 ἐπισκόπου
1151 5593 1242 5648 καὶ
1287 5595 1555 5663 μάρτυρος
1576 5612 1588 5625 ·
1639 5596 1828 5663 Capita

259 5715 351 5752 seu
386 5692 794 5762 Preceplioncs
827 5687 1160 5752 sententiose;
1211 5687 1550 5756 κεφάλαιι,ἢ
1591 5689 1842 5759 παραινέ,

1947 420 2062 467 σεις
2097 405 2346 475 Lugduni
2396 404 2727 459 Batavorum
2777 422 2840 459 ex
2895 404 3111 459 ollicina
3163 404 3515 460 Plantiuiana

1943 501 2086 565 apud
2119 498 2475 551 From-iscum
2499 497 2932 567 Rapbelengium
2966 497 3123 555 1590.
3151 501 3286 554 iii-8.
3307 502 3512 556 Eadem

1943 588 2046 641 Sub
2074 588 2236 641 titulo
2267 608 2278 640 :
2317 589 2490 641 Aurea
2530 588 2644 640 Nili
2681 590 2908 655 episcopi
2960 599 3010 642 ct
3046 591 3295 658 martyris
3327 592 3514 643 Parata

1942 679 2134 744 uetica,
2160 680 2462 748 interprete
2499 678 2724 732 Nicolao
2752 677 3030 743 Glassero,
3079 678 3376 750 liamburgi
3416 697 3514 736 ex-

1942 769 2176 821 cutiebat
2222 769 2422 822 Paulus
2464 767 2724 838 Langins.
2773 769 2932 821 Anno
2973 769 3136 833 16H,
3179 770 3319 824 in-8.
3345 769 3513 839 Ἀρχὴ

1943 858 2264 929 σωτηρίαεὴ
2290 858 2454 911 αὐτοῦ
2474 858 2832 924 κατάγνωσις.
2866 857 2936 912 De
2963 857 3030 912 iis
3052 859 3322 928 interpres
3347 878 3359 913 :
3387 859 3514 914 Cla-

1941 965 2057 1001 rum
2083 959 2162 1002 est
2194 950 2327 1002 illud
2364 949 2696 1018 I’horylidis,
2751 949 2897 1001 παῖδ’
2922 950 3008 1001 ἔτι
3046 951 3201 1002 ἐόντα
3235 951 3410 1020 χρεὼν
3449 952 3514 1020 δὴ

1941 1040 2081 1092 καλὰ
2107 1040 2428 1108 διδασκέμεν
2455 1040 2610 1109 ἔργα.
2638 1039 2776 1092 Iliuc
2799 1051 2847 1092 et
2873 1040 3153 1108 Agesilaus
3180 1057 3240 1094 ea
3264 1042 3514 1095 discenda

1939 1149 2052 1185 esse
2089 1133 2264 1200 pueris
2305 1133 2464 1195 dixit,
2513 1133 2698 1202 quibus
2739 1135 3049 1200 grandiores
3091 1132 3223 1200 facti
3271 1136 3350 1186 uti
3391 1151 3514 1202 pos-

1940 1228 2068 1275 sint.
2099 1222 2232 1276 Sunt
2293 1223 2454 1291 igitur
2489 1223 2585 1276 illa
2619 1223 2950 1290 potissimum
3012 1223 3275 1292 eligenda,
3325 1227 3512 1294 quibus

1937 1313 2182 1381 juventus
2207 1313 2331 1366 etin
2375 1313 2564 1365 litteris
2601 1313 2830 1380 proﬁcit,
2871 1323 2920 1366 et
2961 1330 3129 1367 mores
3156 1316 3347 1381 pietate
3391 1332 3514 1368 con-

1940 1403 2182 1454 diuntur.
2220 1401 2297 1454 De
2344 1399 2461 1454 Nili
2515 1402 2691 1455 libello
2748 1420 2851 1456 non
2879 1412 2956 1456 est
2993 1404 3135 1473 quod
3175 1405 3511 1470 dubitemus,

1942 1511 2096 1563 quam
2119 1493 2189 1546 ad
2226 1495 2405 1546 omnia
2435 1493 2546 1546 ha'c
2567 1495 2731 1560 possit
2767 1495 3078 1560 plurimum.
3114 1491 3208 1547 Est
3230 1497 3374 1548 enim
3403 1495 3512 1548 ele-

1939 1586 2152 1654 gantius
2189 1586 2412 1650 potitus,
2439 1586 2700 1638 uirtutum
2745 1588 3016 1653 pra'ceptis
3051 1587 3250 1656 gravis,
3282 1589 3517 1656 antiqui-

1943 1675 2068 1728 tatis
2108 1677 2424 1728 auctoritate
2469 1677 2587 1744 pius
2614 1717 2630 1741 ,
2674 1693 2996 1747 prorsusque
3032 1694 3246 1731 aureus.
3290 1677 3517 1732 Constat

1943 1783 2061 1820 vero
2116 1784 2237 1820 eum
2296 1769 2351 1820 in
2397 1769 2757 1821 vetustissima
2802 1770 3034 1837 quadam
3091 1769 3402 1824 bibliotheca
3460 1770 3516 1823 in

1940 1856 2222 1910 Walachia
2257 1856 2656 1926 Transylranitc
2701 1858 2931 1926 ﬁnitima
2975 1875 3008 1910 a
3043 1859 3348 1912 doctissimo
3405 1865 3515 1912 uiro

1941 1946 2148 2000 Joanne
2175 1946 2409 2000 IIontero
2435 1948 2724 2003 Coronensi
2755 1949 3038 2012 inuentum,
3065 1960 3114 2002 ct
3163 1948 3232 2002 ad
3266 1949 3513 2002 clarissi-

1943 2055 2084 2090 mum
2136 2037 2425 2092 Nicolaum
2482 2036 2795 2092 Neandrum
2838 2039 2901 2092 de
2940 2040 3275 2108 antiquitatis
3319 2037 3514 2092 studiis

1943 2131 2135 2196 optime
2157 2130 2422 2194 meritum,
2452 2141 2506 2181 ut
2528 2130 2580 2182 in
2603 2133 2768 2182 lucem
2798 2129 3055 2198 prodiret,
3085 2131 3303 2184 missum
3327 2130 3513 2198 fuisse,

1941 2238 1973 2274 a
2007 2238 2109 2292 quo
2153 2221 2462 2276 emendatus
2501 2223 2790 2292 integritati
2823 2231 2870 2275 et
2897 2223 3057 2275 nitori
3081 2223 3378 2286 restitutus,
3406 2222 3516 2290 pri-

1944 2329 2188 2380 mumque
2218 2327 2338 2364 cum
2376 2312 2501 2366 aliis
2541 2317 2712 2366 editus
2746 2313 2849 2380 fuit
2878 2311 3183 2381 Opusculis.
3217 2311 3354 2378 Quis
3393 2329 3515 2366 nere

1940 2403 2098 2466 hujus
2126 2403 2291 2455 libelli
2309 2404 2378 2457 sit
2413 2415 2624 2466 auctor,
2662 2421 2783 2458 eum
2813 2404 3048 2472 plurium
3078 2402 3314 2473 ejusdem
3341 2402 3487 2457 nomi

1941 2495 2021 2549 nis
2058 2496 2444 2564 episcoporum,
2483 2508 2800 2566 martyrum,
2846 2495 3194 2564 doctrinaque
3239 2505 3513 2563 pra'stan-

1943 2585 2074 2638 tium
2091 2587 2327 2640 uirorum
2355 2589 2408 2640 in
2444 2587 2670 2640 historia
2688 2589 2880 2640 mentio
2893 2588 2988 2656 ﬁat
3008 2586 3389 2650 ecclesiastica,
3412 2601 3512 2640 nou

1940 2679 2144 2750 liquido
2175 2690 2414 2748 apparet.
2460 2679 2573 2733 Duo
2601 2681 2738 2734 enim
2790 2677 2905 2730 Nili
2952 2688 3174 2732 auctore
3215 2676 3516 2745 Nice'phoro

1941 2770 2156 2838 fuerunt
2201 2770 2460 2840 .Egyptii.
2511 2769 2662 2823 Alius
2705 2768 3222 2832 Thessalonicensis,
3267 2770 3356 2837 qui
3398 2780 3517 2837 post

1940 2860 2126 2916 Caroli
2161 2861 2346 2932 Magni
2380 2862 2510 2914 uixit
2544 2871 2800 2929 tempora.
2832 2857 2962 2912 Fuit
3000 2871 3050 2913 et
3091 2858 3254 2913 Nilus
3298 2859 3516 2928 quidam

1942 2951 2310 3004 scholasticus.
2339 2947 2503 3002 Istius
2527 2964 2665 3010 vero,
2689 2948 2772 3000 cui
2801 2947 3118 3016 opusculum
3143 2948 3240 2999 hoc
3267 2943 3518 3000 Neander

1940 3040 2309 3096 ascribendum
2373 3047 2576 3104 putat,
2645 3039 2958 3093 mentionem
3010 3037 3138 3105 facit
3185 3035 3515 3104 Nicephorus

1939 3135 2036 3189 lib.
2077 3149 2150 3195 Iv,
2184 3149 2302 3200 cap.
2338 3131 2519 3185 5‘1}:
2549 3147 2649 3199 quo
2680 3139 2893 3182 constat
2916 3130 3234 3182 admirando
3253 3130 3344 3182 isti
3383 3126 3514 3182 Nilo

1939 3227 2169 3294 patriam
2193 3223 2359 3292 fuisse
2381 3220 2921 3286 Cousfantinopolim,
2950 3219 3104 3286 cujus
3121 3219 3281 3271 etiam
3307 3229 3517 3286 propter

1943 3318 2205 3387 egregiam
2257 3313 2485 3368 nominis
2539 3311 2868 3365 nobilitatem
2909 3310 3192 3377 pra-fectus
3235 3309 3356 3377 fuit.
3411 3309 3516 3364 Sed

1945 3410 2128 3463 relicto
2160 3407 2258 3460 tali
2287 3414 2432 3459 statu
2459 3403 2528 3456 ad
2565 3406 2726 3458 sitam
2772 3418 2828 3455 se
2871 3401 3100 3454 contulit
3140 3401 3515 3456 monasticam.

1949 3502 2167 3555 Dicendi
2229 3514 2431 3569 quoque
2478 3495 2767 3566 facultate,
2821 3491 3198 3561 prae-larisque
3260 3491 3519 3545 doctrina

1941 3592 2156 3646 dotibus
2233 3591 2523 3642 instructus
2613 3601 2729 3638 cum
2806 3583 3006 3652 fuerit,
3082 3581 3246 3636 uariis
3325 3581 3520 3651 ingenii

1947 3681 2300 3738 monumentis
2343 3678 2570 3733 nominis
2631 3677 2716 3729 sui
2762 3673 3070 3727 memoriam
3122 3672 3197 3725 ad
3232 3673 3520 3740 posterita-

1947 3786 2050 3829 tem
2075 3773 2406 3845 propagavit.
2441 3769 2536 3822 llie
2575 3768 2809 3821 observa
2856 3765 3045 3829 verba,
3091 3763 3210 3817 Duo
3261 3761 3377 3816 Nili
3421 3779 3520 3816 au-

1949 3881 2091 3922 ctore
2153 3863 2451 3933 Nicephoro
2512 3849 2721 3930 fuerunt
2771 3854 3034 3926 ngyptii.
3095 3853 3256 3909 Unus
3299 3862 3515 3908 tantum

1954 3959 2258 4028 Nieephoro
2290 3954 2584 4026 Egyptins
2614 3958 2721 4005 est.

2020 4049 2130 4103 llas
2167 4047 2388 4102 easdem
2441 4043 2756 4095 Paruueses
2801 4038 2978 4092 edidit
3019 4035 3207 4089 Grmce
3235 4043 3293 4090 et
3325 4035 3520 4093 Latine

1949 4139 2160 4193 i’aulus
2187 4135 2428 4188 Minerva
2452 4129 2706 4182 Barensis
2733 4125 3148 4183 Dominicanus,
3185 4138 3309 4176 cum
3344 4126 3519 4178 Scho-

1953 4233 2038 4286 liis
2064 4243 2160 4283 seu
2198 4219 2648 4283 Continentariis;
2675 4215 2903 4285 Neapoli
2930 4211 3073 4283 apud
3101 4213 3517 4267 Constantinum

1951 4299 2184 4374 Vitalem
2219 4313 2383 4375 4604,
2419 4311 2562 4364 iu-b.
2593 4307 2737 4374 Quid
2777 4309 2830 4359 in
2878 4305 2990 4358 illis
3024 4303 3369 4359 illustrandis
3396 4320 3521 4373 ege-

1950 4417 2044 4475 rit,
2079 4413 2198 4481 ipse
2241 4413 2463 4463 enarrat
2503 4405 2567 4456 ad
2611 4405 2910 4455 lectorem:
2954 4397 3222 4468 Quidquid
3275 4397 3436 4466 igitur
3462 4397 3518 4449 in

1953 4504 2062 4556 illis
2083 4499 2332 4568 reperies,
2363 4511 2426 4548 ea:
2458 4502 2763 4547 sanctorum
2808 4489 3030 4543 Patrum
3052 4491 3296 4543 doctrina
3322 4489 3521 4543 exhau-

1953 4607 2093 4650 stum
2136 4607 2247 4646 esse
2286 4589 2531 4658 judises;
2559 4585 2673 4637 ideo
2701 4593 2752 4636 et
2783 4593 2996 4634 cunctos
3020 4584 3295 4636 citavimus
3326 4597 3343 4633 :
3375 4597 3520 4634 cuni-

1952 4703 2048 4757 que
2071 4684 2139 4737 ad
2166 4682 2438 4752 politicant
2471 4687 2516 4729 et
2547 4674 2799 4728 moralem
2835 4676 2995 4725 vitam
3021 4689 3269 4741 perquam
3294 4672 3522 4723 maxime

1955 4780 2368 4835 ordinarentur;
2424 4769 2491 4823 ad
2535 4769 2656 4822 illa:
2695 4764 3056 4829 roborandus,
3101 4764 3517 4832 ﬁrmandaque,

1954 4871 2283 4925 ethnicorum
2341 4880 2544 4935 quoque
2597 4858 3025 4928 philosophorum
3084 4856 3356 4908 amicitiam
3404 4868 3520 4920 per-

1953 4957 2291 5012 strinximus.
2333 4963 2387 5003 ut
2422 4952 2615 5012 sciant,
2641 4950 2728 5017 qui
2764 4948 2956 4998 laxatis
2985 4946 3103 4995 vita:
3133 4943 3350 4993 hasz
3369 4942 3519 4994 illam

1954 5049 2281 5118 provinciam
2316 5045 2534 5103 ducunt,
2587 5043 2746 5110 legem
2782 5038 3180 5094 Christianam,
3211 5033 3372 5102 legem
3410 5050 3522 5087 esse

1955 5143 2226 5197 virtutum,
2278 5151 2434 5203 quam
2465 5149 2529 5186 cx
2573 5132 2792 5185 ethnicis
2832 5128 3064 5196 plerique
3104 5125 3342 5194 naturali
3395 5125 3521 5177 illu-

1955 5231 2114 5284 strati
2153 5229 2346 5280 lumine
2389 5225 2673 5293 prosecuti,
2703 5220 2853 5273 miris
2897 5217 3193 5270 extulerunt
3246 5219 3516 5269 encomiis.

1960 5321 2102 5388 Quid
2135 5321 2180 5373 si
2211 5316 2503 5372 Christiani
2529 5314 2641 5366 nati
2680 5310 2942 5378 fuissent?
2981 5305 3271 5359 Sanctitate
3310 5304 3520 5370 quidem

1959 5413 2123 5467 nimia
2169 5407 2442 5478 pollerent.
2498 5405 2594 5457 llic
2639 5411 2821 5454 tamen
2849 5397 2977 5451 talis
3008 5403 3303 5462 tantusque
3342 5397 3422 5446 vir
3453 5394 3521 5448 tle

1961 5500 2152 5555 harum
2187 5498 2542 5550 Parmncseon
2579 5499 2805 5544 auctore
2841 5487 3149 5555 disputans,
3195 5485 3305 5536 illis
3340 5482 3518 5539 Nilum

1962 5601 2202 5648 ascetam
2230 5630 2242 5651 ,
2279 5597 2329 5641 cl
2356 5587 2483 5640 Con
2506 5578 3024 5645 tm.tin0politantim
3060 5575 3230 5634 exuit,
3273 5581 3522 5641 acceptas

1964 5684 2136 5741 defert
2163 5681 2282 5736 Nilo
2316 5679 2572 5747 t‘piSt'tipO
2606 5681 2655 5727 tt
2682 5669 2926 5737 rurtyri.
2958 5669 3226 5721 Incertum
3258 5662 3530 5730 siquidem
