3984 6150
449 347 519 410 39
1522 416 1525 419 λ
1629 339 1936 402 NOTITIA
1986 336 2021 395 Ii

2125 335 2172 395 ς.
2218 333 2485 397 NILUM.
3630 317 3702 382 ιο

451 463 556 518 est,
590 461 647 507 ut
678 461 905 506 notatur
971 453 1024 507 in
1059 452 1393 507 Bibliotheca:
1447 462 1752 505 sanctorum
1798 449 2018 503 Patrum

451 551 601 598 tonio
629 542 721 606 ιιι,
747 543 972 598 Basileai
996 543 1293 612 impresso,
1332 559 1400 595 au
1432 543 1523 596 liie
1547 541 1699 596 Nilus
1728 542 2022 610 episcopus

450 628 740 700 Egyptius
770 628 950 693 fuerit,
989 630 1152 698 cujus
1179 631 1431 684 meminit
1461 629 1736 684 Eusebius
1771 628 1866 682 lib.
1898 643 2018 690 vm,

452 732 577 788 cap.
610 720 695 774 14.
730 718 796 773 Et
859 736 980 775 esse
1030 721 1181 774 illum
1237 721 1551 791 Egyptium
1596 728 1742 791 patet
1786 736 1851 775 ex
1902 720 2021 789 ipsa

452 810 848 880 inscriptione:
882 811 1079 864 Νείλου
1117 813 1438 877 ἐπισκόπου,
1475 813 1571 866 καὶ
1615 813 1890 884 μάρτυρος
1929 828 2022 864 κε-

453 902 727 970 φάλαια,ῆ
760 904 1132 972 παραινέσεις·
1171 903 1286 956 Nili
1311 905 1542 972 episcopi
1569 912 1619 958 et
1649 905 1904 975 martyris
1938 919 2022 955 ca-

450 994 597 1060 pita,
629 992 733 1044 sive
775 991 1110 1045 Parteueses.
1154 990 1309 1046 Licet
1347 992 1687 1062 Margarinus
1744 993 1812 1047 de
1844 993 1894 1045 la
1931 992 2020 1046 Bi-

448 1097 552 1151 gne
597 1081 782 1136 Nilum
841 1070 1159 1152 episcopum
1226 1083 1525 1148 abraserit,
1572 1083 1755 1137 Nilum
1824 1097 2018 1136 mona-

448 1169 677 1226 chorum
737 1176 946 1238 patrem
996 1155 1584 1239 inscripseritpquem
1622 1172 2018 1226 sententiarum

446 1262 644 1314 harum
678 1269 956 1315 auctorem
987 1260 1136 1325 facit,
1166 1262 1283 1315 solo
1310 1260 1601 1331 Nicephori
1628 1262 1839 1317 Callisti
1864 1265 2019 1318 testi-

446 1348 637 1402 monio
664 1347 857 1404 fultus.
897 1349 1001 1403 hoc
1033 1350 1117 1405 vel
1148 1352 1266 1404 solo
1301 1358 1643 1419 argumento.
1679 1351 1881 1405 Scribit
1921 1340 2027 1406 Nil

447 1440 745 1508 cepliorus,
805 1438 992 1491 Nilum
1019 1439 1336 1492 monachum
1374 1437 1567 1505 Capita
1597 1438 1890 1509 collegisse,
1916 1440 2020 1494 ali-

447 1545 553 1598 qua
617 1530 824 1598 quidem
882 1529 1077 1598 fusius,
1138 1530 1309 1583 multa
1366 1538 1543 1583 autem
1601 1532 2018 1599 compendiosius

447 1626 699 1671 tractata.
758 1618 901 1689 Ergo
944 1618 1038 1687 qui
1087 1619 1202 1673 lucc
1251 1618 1444 1687 Capita
1485 1618 1726 1687 scripsit,
1779 1635 1889 1688 non
1917 1619 2021 1674 fuit

447 1707 601 1762 Nilus
633 1709 924 1781 Egyptius
950 1711 1269 1780 episcopus.
1298 1711 1412 1764 Non
1441 1717 1623 1766 tamen
1648 1711 1775 1766 inde
1805 1711 2020 1780 pervin-

446 1800 542 1862 cit,
577 1799 767 1868 Capita
829 1801 944 1854 haec
1003 1817 1113 1856 non
1167 1817 1292 1857 esse
1342 1804 1590 1874 episcopi
1638 1811 1695 1858 et
1740 1802 2018 1871 martyris.

447 1887 593 1943 Fieri
629 1889 775 1944 enim
808 1898 987 1960 potest
1042 1899 1103 1945 ut
1133 1900 1369 1961 uterque
1410 1893 1603 1963 Capita
1651 1892 2020 1953 concinnarit,

445 1995 622 2048 eaque
652 1980 901 2046 diverse;
939 1981 1082 2050 quod
1121 1985 1175 2034 et
1215 1982 1341 2035 aliis
1370 1982 1505 2036 viris
1551 1981 1942 2043 sanctissimis,
1969 1989 2025 2034 et

445 2070 651 2128 Graecis
683 2072 1046 2140 scriptoribus
1078 2070 1183 2126 fuit
1216 2072 1485 2128 solemne.
1521 2073 1586 2127 Et
1609 2072 1882 2128 Antonius
1909 2086 2025 2126 nio-

446 2163 653 2217 naclius
686 2163 742 2215 iu
763 2164 978 2218 Melissa
1002 2164 1187 2233 plures
1208 2178 1276 2218 ex
1300 2163 1424 2219 Nilo
1444 2166 1655 2234 absque
1681 2164 1789 2218 alio
1823 2178 2023 2234 cogno-

443 2254 586 2308 mine
615 2256 936 2317 sententias,
955 2254 1094 2310 alias
1123 2269 1191 2308 ex
1216 2253 1340 2308 Nilo
1371 2254 1633 2324 episcopo
1665 2251 2022 2322 signat.Ergo

441 2353 602 2397 erunt
638 2344 757 2399 istae
786 2342 894 2398 Nili
929 2345 1174 2414 episcOpi
1212 2352 1267 2398 et
1305 2344 1586 2414 martyris,
1621 2358 1733 2398 non
1756 2341 2018 2397 alterius:

442 2434 879 2504 quandoquidem
947 2433 1055 2488 Nili
1127 2434 1371 2502 episcopi
1412 2434 1699 2488 sententiae
1762 2433 2024 2488 ordinata:

442 2532 765 2587 cernuntur,
786 2532 846 2576 ut
878 2524 933 2575 in
951 2523 1265 2577 earumdem
1297 2524 1706 2592 paraphrastica
1728 2524 1930 2578 Catena
1955 2523 2024 2578 ab

443 2612 631 2666 eodem
658 2610 825 2663 Paulo
844 2610 1055 2679 digesta
1081 2611 1407 2665 ostenditur.
1426 2611 1584 2676 Quod
1607 2618 1786 2666 autem
1818 2612 2025 2681 absque

445 2702 605 2755 titulo
621 2700 738 2755 Nilo
757 2700 1033 2755 attributae
1051 2710 1201 2768 sunt,
1222 2701 1275 2755 id
1295 2717 1487 2757 errore
1507 2710 1793 2758 auctorum
1817 2702 2021 2757 factum

444 2806 587 2855 esse,
614 2791 709 2861 qui
737 2789 843 2843 Nili
868 2806 976 2845 non
1003 2792 1245 2862 episcopi
1268 2807 1362 2848 eas
1386 2808 1507 2848 esse
1531 2792 1900 2848 crediderunt.
1935 2792 2026 2848 Sic

445 2898 577 2951 ergo
607 2892 660 2936 et
684 2883 844 2937 titulo
869 2884 1110 2954 episcopi
1140 2893 1193 2938 et
1215 2884 1469 2954 martyris
1518 2900 1582 2940 ex
1609 2885 1798 2940 Graeca
1831 2885 2028 2941 inscri-

444 2971 846 3041 ptione,Niluin
885 2974 1139 3044 Capitum
1165 2976 1484 3045 scriptorem
1509 2989 1631 3033 esse
1658 2975 2027 3040 Nilum,eum—

444 3078 554 3133 que
577 3066 897 3133 episcopum
940 3073 1002 3120 .ct
1035 3073 1351 3136 martyrem.
1386 3066 1579 3137 Neque
1610 3066 1902 3121 dicendum
1940 3074 2027 3122 est

446 3153 862 3222 inscriptionem
894 3169 1016 3209 esse
1053 3156 1345 3211 conﬁctam
1371 3165 1522 3211 :tum
1551 3156 1701 3211 enim
1729 3156 1865 3210 nulli
1900 3156 2024 3211 libri

444 3241 606 3296 titulo
651 3243 982 3299 credendum
1033 3255 1198 3301 esset.
1257 3247 1409 3303 Adde
1449 3247 1665 3302 Sixtum
1705 3245 2023 3312 Senensem,

444 3335 537 3404 qui
566 3336 775 3390 nullum
807 3324 1211 3407 de‘liujusmodi
1239 3339 1533 3394 sententiis
1548 3339 1786 3393 ‘verbum
1817 3337 1873 3392 in
1902 3337 2026 3393 Nilo

444 3422 655 3488 Iecerit,
690 3440 816 3479 eum
856 3428 1004 3481 illius
1031 3429 1086 3482 in
1113 3427 1216 3483 Job
1244 3430 1788 3484 Commentariorum
1833 3430 2023 3484 memi-

446 3517 611 3582 nerit;
642 3518 770 3571 licet
790 3519 905 3573 haec
933 3520 1071 3574 ratio
1087 3537 1196 3574 non
1221 3523 1470 3576 videatur
1504 3525 1645 3577 tanti
1673 3522 1953 3587 momenti,
1977 3522 2024 3581 si

444 3609 573 3677 quis
604 3610 946 3678 responderit
985 3611 1199 3666 Sixtum
1239 3613 1536 3668 Sencnsem
1595 3630 1706 3669 non
1755 3629 1876 3668 eam
1912 3613 2017 3669 sibi

448 3700 752 3766 sumpsisse
791 3701 1127 3767 provinciam
1171 3703 1354 3756 omnia
1387 3705 1593 3774 scripta
1622 3701 1734 3758 Nili
1778 3718 2022 3758 comme-

450 3791 721 3856 morandi,
740 3791 835 3845 sed
856 3805 919 3846 ea
943 3794 1343 3854 tantummodo,
1369 3810 1490 3863 quas
1517 3810 1798 3851 sacrorum
1828 3794 2021 3850 Libro-

451 3896 571 3934 rum
604 3881 1028 3949 explicationem
1055 3882 1423 3937 continerent.
1459 3883 1655 3939 Petrus
1691 3888 1858 3938 etiam
1891 3882 2021 3939 Ric-

449 3969 706 4025 cordatus
734 3971 788 4023 in
820 3985 919 4024 sua
951 3969 1197 4024 Historia
1223 3971 1542 4031 scholastica
1590 3973 1656 4029 de
1684 3973 1810 4028 Nilo
1834 3984 2020 4032 asceta

449 4067 505 4113 et
521 4060 641 4129 ejus
670 4061 897 4130 scriptis
918 4076 1230 4116 sermonem
1261 4062 1493 4125 habens,
1519 4062 1587 4117 de
1622 4064 1743 4119 istis
1769 4064 2021 4120 Parazne—

450 4150 606 4205 sibus
627 4166 693 4204 ne
718 4152 946 4205 verbum
973 4151 1216 4220 quidem.
1240 4150 1481 4207 Tandem
1507 4154 1584 4207 uti
1626 4152 2017 4209 validissimam

449 4240 716 4295 rationem
750 4257 819 4295 ex
849 4241 999 4296 Mutii
1024 4241 1476 4312 Justinopolitaui
1506 4245 1748 4314 episcopi
1781 4246 2021 4300 Historia

450 4334 825 4387 testimonium
859 4332 1097 4397 adducit,
1124 4337 1216 4401 qui
1243 4333 1422 4387 Nilum
1449 4335 1772 4404 episcopum
1800 4344 1858 4388 et
1880 4351 2020 4389 mar-

450 4430 623 4491 tyrem
654 4422 845 4474 harum
874 4420 1233 4476 Parasncseon
1265 4422 1394 4475 facit
1437 4431 1740 4489 auctorem,
1764 4440 1888 4479 cum
1918 4427 2020 4480 sub

450 4512 675 4565 nomine
702 4510 806 4562 Nili
842 4512 915 4563 uti
950 4513 1177 4581 legitimi
1223 4512 1469 4567 auctoris
1516 4515 1811 4575 nonnullas
1853 4518 2020 4584 parti-

450 4602 604 4654 culas
630 4615 696 4654 ex
724 4601 829 4653 lioc
851 4615 1014 4669 opere
1042 4602 1394 4671 depromptas
1420 4602 1633 4656 recitat.
1667 4602 1803 4657 Hinc
1819 4603 2019 4659 Paulus

451 4705 627 4745 ovans
649 4689 899 4744 ascendit
932 4691 983 4745 in
1014 4692 1347 4760 Capitolium
1375 4711 1387 4746 :
1426 4691 1559 4757 Quis
1589 4703 1765 4747 autem
1797 4696 2016 4750 alterius

454 4781 596 4849 Nili,
635 4799 738 4837 non
797 4792 974 4838 autem
1023 4785 1252 4851 episcopi
1299 4794 1348 4837 et
1402 4785 1655 4853 martyris
1703 4787 2014 4856 a/ﬁrmabit,

452 4891 572 4929 cum
597 4877 954 4930 testimonium
989 4875 1088 4928 hoc
1130 4877 1202 4929 sit
1240 4877 1781 4945 prastantissimum?
1810 4890 1902 4934 aut
1930 4880 2016 4933 di-

452 4983 537 5021 ces
558 4966 786 5020 Matium
824 4966 1120 5021 inconsulto
1155 4969 1467 5037 scripsisse?
1496 4978 1589 5022 aut
1622 4967 1748 5023 Nilo
1775 4973 2015 5041 episcopo

455 5054 778 5119 attribuisse,
809 5052 938 5108 Nilo
957 5061 1130 5107 autem
1154 5071 1256 5109 non
1286 5059 1531 5127 episcopo
1557 5057 1865 5113 abstulisse?
1895 5060 2017 5114 Nisi

453 5146 591 5199 enim
630 5144 725 5198 sub
794 5145 910 5198 Nili
956 5145 1189 5215 episcopi
1218 5157 1270 5201 et
1312 5149 1564 5217 martyris
1603 5150 1754 5204 titulo
1785 5152 2012 5221 legisset,
2043 5177 2062 5185 η

454 5236 634 5305 utique
674 5251 777 5288 non
812 5235 1095 5303 alﬁrmaret
1128 5254 1241 5293 esse
1284 5239 1400 5294 Nili
1429 5240 1678 5307 episcopi.
1710 5240 1849 5306 Quid
1877 5246 2016 5297 enim

452 5324 651 5378 eratin
677 5339 864 5387 causa,
905 5334 961 5378 ut
1000 5324 1202 5382 Hutius
1250 5327 1378 5384 Nilo
1413 5329 1651 5397 episcopo
1682 5331 2011 5395 attribueret,

458 5402 587 5468 Nilo
616 5422 794 5467 autem
821 5430 923 5468 non
943 5416 1178 5486 episcopo
1208 5418 1442 5489 auferret
1463 5422 1487 5474 ?
1512 5419 1615 5475 Sed
1638 5422 2013 5489 postmodum,

458 5502 745 5559 remissius
785 5506 1065 5576 enuntiat,
1108 5510 1272 5579 objici
1311 5525 1498 5581 posse,
1550 5510 1857 5564 sententias
1904 5528 2014 5565 non

452 5606 576 5647 csse
602 5588 710 5644 Nili
737 5593 977 5665 episcopi
1007 5606 1061 5651 et
1087 5600 1369 5670 martyris,
1401 5600 1563 5655 sicuti
1595 5600 1699 5653 sibi
1728 5615 1756 5651 a
1782 5603 2017 5654 nonnul-

452 5679 521 5737 lis
578 5680 854 5759 objectum
910 5684 1083 5744 fuisse
1129 5697 1415 5745 testatur:
1454 5689 1557 5745 sub
1627 5691 2013 5756 persecutione

2133 446 2311 514 posito
2337 460 2596 516 episcopo
2625 450 2842 515 tempus
2876 457 2984 498 non
3008 440 3271 498 'adl‘uisse
3297 438 3496 497 edendi
3532 440 3654 496 libri
3677 483 3693 497 .

2130 536 2178 588 in
2207 538 2326 605 ejus
2349 537 2486 591 actis
2518 537 2718 591 nullam
2746 536 2941 589 barum
2969 533 3330 590 Parmeseon
3359 534 3694 589 mentionem

2127 627 2347 681 factam.
2412 627 2725 699 Respondet
2789 626 3111 697 martyrium
3158 632 3212 680 et
3256 624 3694 696 persecutionem

2071 706 2093 724 ⁶
2126 736 2234 773 non
2263 720 2627 789 interpolasse
2676 718 3031 788 scriptionem
3063 718 3329 773 libroruin
3353 757 3368 782 ,
3404 716 3694 784 exeiuplis-

2125 826 2232 880 que
2272 810 2523 880 pluribus
2546 811 2805 865 ostendit.
2833 809 2970 865 Hinc
2992 809 3274 864 concludit
3322 809 3695 880 Margarinum

2125 902 2193 957 de
2228 902 2276 954 la
2322 901 2490 971 Bigne
2529 918 2637 957 non
2681 911 2832 957 recte
2881 901 3004 957 Nilo
3050 904 3311 973 cpisc0po
3360 912 3416 958 et
3463 903 3695 973 martyri

2124 987 2269 1056 quod
2297 1002 2454 1041 suum
2496 1000 2611 1043 erat
2642 989 2957 1052 abstulisse,
2989 989 3109 1043 Nilo
3141 1006 3270 1045 vero
3294 1006 3405 1045 non
3434 992 3698 1061 episcopo

2128 1076 2408 1130 tribuisse.
2447 1077 2601 1142 Quod
2622 1078 2669 1130 si
2701 1078 2941 1132 attulerit
2969 1089 3311 1146 postremum,
3347 1096 3526 1146 nempe
3549 1080 3693 1149 quod

2123 1167 2354 1235 plerique
2380 1169 2477 1220 viri
2507 1167 2607 1221 hac
2637 1178 2946 1238 tempestate
2970 1169 3270 1223 doctissimi
3293 1180 3475 1224 tenent
3532 1188 3696 1240 oppo-

2124 1257 2304 1321 situm,
2329 1258 2678 1325 scilicetquod
2700 1274 2805 1311 non
2829 1260 2935 1312 sint
2962 1258 3077 1312 Nili
3099 1262 3328 1329 episcopi
3344 1271 3392 1314 et
3416 1264 3691 1332 martyris,

2124 1348 2213 1400 sed
2252 1347 2473 1402 alterius
2522 1347 2663 1413 Nili,
2701 1350 3077 1416 respondemus
3131 1350 3270 1419 quod
3308 1367 3375 1406 ea:
3407 1353 3518 1406 alia
3541 1363 3696 1421 parte

2125 1435 2322 1490 adsunt
2359 1449 2569 1492 centum
2611 1440 2709 1493 alii
2738 1442 2837 1493 viri
2867 1443 3303 1508 prwstantissimi
3328 1455 3694 1510 autumantes,

2127 1527 2314 1582 Nilum
2354 1531 2652 1599 episcopum
2678 1540 2728 1585 et
2756 1543 3043 1602 martyrem
3071 1534 3263 1587 harum
3307 1516 3694 1590 sententiarum

2127 1619 2578 1674 Parwneticarum
2611 1632 2901 1676 auctorem.

2197 1712 2301 1766 Sed
2330 1721 2389 1766 ut
2422 1714 2564 1768 unde
2594 1712 2795 1770 Paulus
2831 1716 3009 1786 exegit
3049 1717 3386 1788 Apologiam,
3439 1719 3565 1774 inde
3586 1735 3697 1791 ego

2125 1803 2399 1865 exordiar,
2440 1820 2549 1860 non
2580 1821 2703 1860 esse
2741 1805 2847 1859 Nili
2893 1807 3161 1878 episcopi,
3190 1810 3282 1864 sed
3312 1810 3566 1873 alterius,
3606 1820 3698 1868 te-

2125 1906 2253 1944 nere
2287 1891 2639 1947 doctissimos
2683 1894 2852 1958 viros,
2894 1896 3215 1964 respondet,
3259 1914 3326 1952 ex
3375 1899 3483 1952 alia
3536 1909 3700 1968 parte

2125 1991 2344 2035 centum
2393 1984 2533 2038 alios
2584 1986 3073 2052 praestantissimos
3117 1988 3267 2043 viros
3295 1998 3480 2046 tenere
3506 1990 3697 2046 Nilum

2125 2070 2445 2140 episcOpum
2501 2087 2643 2127 esse.
2682 2076 2749 2127 Et
2792 2083 2975 2129 tamen
3028 2093 3138 2131 non
3179 2080 3350 2134 multo
3396 2091 3524 2135 ante
3563 2096 3697 2136 cum

2124 2159 2420 2215 illustrium
2462 2160 2807 2233 Scriptorum
2832 2167 3148 2222 testimonio
3176 2169 3227 2223 id
3266 2172 3434 2227 tutari
3459 2186 3699 2229 conare—

2124 2258 2235 2315 tur,
2272 2267 2381 2305 non
2408 2252 2550 2306 ultra
2586 2262 2698 2309 tces
2725 2257 3005 2326 produxit,
3036 2260 3331 2315 Antonium
3364 2264 3698 2319 monachum

2125 2342 2179 2393 in
2210 2338 2465 2406 Melissa,
2490 2340 2714 2397 Petrum
2751 2344 3167 2415 lliccordatuin,
3201 2359 3256 2404 et
3303 2351 3530 2407 Muliqu
3592 2353 3699 2408 Ju-

2130 2430 2626 2500 stinopolitanum,
2663 2437 2756 2505 qui
2822 2437 2891 2493 de
2951 2441 3269 2511 episcopatu
3332 2442 3439 2499 Nili
3496 2446 3697 2501 lisruin

2126 2516 2487 2593 Paraenescon
2541 2523 2828 2594 scriptoris
2877 2542 2945 2581 ne
2981 2531 3207 2583 verbum
3257 2532 3478 2600 quidem
3518 2533 3703 2589 obdu-

2128 2619 2280 2665 cunt.
2314 2612 2380 2665 Et
2404 2613 2519 2682 jam
2578 2613 2869 2684 derepente
2910 2618 2964 2671 in
2999 2625 3345 2683 contrarium
3381 2625 3703 2694 perducuns

2128 2713 2242 2764 tur.
2276 2705 2382 2761 Sed
2423 2714 2562 2769 esto,
2607 2721 2706 2763 eas
2734 2707 2859 2764 Nilo
2890 2713 3148 2782 episcopo
3177 2718 3580 2773 concesserint.
3607 2718 3703 2776 An

2127 2806 2418 2867 propterea
2449 2796 2576 2852 Nilo
2625 2807 2827 2855 ascetai
2868 2802 2953 2856 vel
3012 2806 3280 2862 monacho
3312 2809 3655 2880 denegarunt
3678 2812 3707 2867 τ

2120 2887 2273 2942 Nihil
2333 2889 2539 2944 minus.
2584 2892 2779 2945 Asceta
2826 2893 2930 2949 sub
2966 2897 3096 2951 aliis
3138 2906 3305 2967 atque
3329 2901 3463 2957 aliis
3516 2902 3704 2959 titulis

2130 2980 2386 3045 innotuit,
2444 2982 2642 3051 quibus
2683 2985 2751 3038 ab
2797 2986 3231 3056 exscriptoribus
3285 2994 3492 3062 scripta
3542 2994 3703 3052 illius

2127 3076 2482 3128 colionestata
2509 3086 2658 3130 sunt.
2713 3075 2932 3131 Hincin
2973 3080 3162 3134 multis
3195 3083 3298 3137 sub
3334 3086 3561 3141 nomine
3585 3086 3705 3143 Nili

2119 3164 2349 3232 practise
2375 3166 2697 3236 designatur
2730 3168 2920 3225 nullus
2967 3171 3132 3233 alius,
3167 3188 3330 3241 quam
3378 3174 3706 3234 Constanti-

2118 3256 2484 3324 nopolitanae
2536 3260 2659 3319 iste,
2704 3260 2788 3313 ιιιιὶ
2844 3260 2946 3315 hoc
2986 3264 3207 3319 nomine
3244 3266 3706 3338 instgnior.Atiis

2128 3346 2435 3401 monachus
2483 3357 2588 3411 eat,
2632 3349 2755 3402 aliis
2798 3359 3004 3413 aseeta,
3034 3353 3155 3408 aliis
3191 3356 3388 3421 abbas,
3411 3359 3535 3415 aliis
3572 3363 3704 3431 epi-

2129 3448 2348 3503 scopus,
2375 3436 2502 3492 aliis
2534 3438 3011 3509 archiepiscopus,
3040 3452 3102 3497 et
3134 3445 3281 3514 quod
3314 3447 3704 3506 admirabilius

2125 3533 2232 3587 est,
2271 3525 2938 3598 Conslanlinopolitanus,
2977 3532 3100 3589 aliis
3157 3546 3381 3608 martyr.
3424 3538 3609 3607 Quare
3648 3545 3699 3598 si

2126 3628 2194 3669 ex
2229 3613 2651 3685 inscriptionum
2682 3623 2861 3675 titulis
2896 3621 2987 3676 Ias
3019 3632 3102 3679 est
3134 3626 3294 3683 nobis
3325 3629 3505 3686 varios
3553 3648 3701 3702 quo-

2127 3721 2235 3775 que
2280 3716 2535 3765 auctores
2585 3711 2809 3781 lingere,
2855 3726 2986 3784 quot
3014 3718 3171 3773 nobis
3207 3718 3314 3773 Nili
3362 3726 3698 3793 assurgenti

2127 3798 2224 3853 Vel
2264 3799 2319 3853 in
2372 3809 2509 3868 quot
2555 3801 2705 3859 Nilus
2743 3822 2901 3863 .unus
2946 3818 3135 3864 noster
3183 3809 3337 3867 Nilus
3375 3814 3575 3871 misere
3603 3818 3697 3873 di-

2129 3898 2380 3957 scerptus
2428 3895 2840 3961 congemiscetl
2887 3897 2959 3951 Ex
3012 3901 3183 3955 variis
3214 3903 3428 3969 otiieiis,
3457 3905 3700 3976 dignita-

2130 3979 2298 4046 tibus,
2346 3982 2807 4052 professionibus,
2853 3990 3024 4053 curis,
3080 3993 3323 4049 sortibus
3352 3996 3523 4050 varia:
3550 4013 3698 4067 quo-

2126 4088 2233 4140 que
2260 4088 2508 4141 pri-sonas
2538 4077 2631 4129 uni
2660 4077 2950 4148 eidemque
2986 4082 3191 4137 homini
3227 4085 3604 4155 imponuntur,
3638 4099 3697 4145 et

2126 4163 2296 4217 variis
2342 4164 2590 4221 inductis
2630 4170 2978 4236 rationibus,
3012 4175 3165 4228 varie
3196 4190 3417 4246 quoque
3456 4183 3699 4248 perscri-

2127 4252 2332 4306 buntur
2370 4254 2423 4307 in
2455 4260 2851 4325 monumentis,
2878 4277 3055 4331 neque
3086 4275 3372 4334 propterea
3399 4283 3428 4323 a
3462 4284 3523 4325 se
3557 4271 3697 4340 ipsis

2126 4340 2356 4407 distant,
2386 4348 2467 4400 vel
2499 4348 2784 4403 minimum
2818 4361 3116 4407 mutantur.
3142 4354 3206 4409 Et
3230 4355 3409 4413 Nilum
3438 4369 3695 4418 nostrum

2125 4428 2298 4486 fuisse
2351 4443 2595 4489 ascetam
2651 4452 2743 4492 res
2789 4439 2909 4508 ipsa
2954 4442 3152 4508 docet;
3185 4447 3529 4505 sacerdotem
3563 4466 3697 4506 cum

2125 4517 2405 4574 Tbeodulo
2435 4520 2568 4587 lilio,
2621 4522 2674 4576 in
2705 4524 2810 4579 hoc
2844 4526 2914 4581 de
2962 4528 3100 4583 Nilis
3151 4535 3443 4591 tractatulo
3494 4538 3704 4607 proba-

2122 4627 2286 4679 mus;
2331 4621 2386 4669 et
2419 4623 2715 4685 martyrem
2764 4633 3001 4689 quoque,
3046 4631 3100 4677 et
3142 4626 3463 4696 episcopum
3495 4628 3701 4684 fuisse.

2122 4713 2175 4757 et
2220 4706 2265 4758 si
2300 4705 2382 4759 vis
2423 4705 2588 4759 etiam
2616 4708 3116 4778 archiepiscopum,
3166 4716 3299 4784 quid
3348 4720 3538 4773 vetat?
3584 4720 3705 4776 Sed

2124 4794 2228 4849 hoc
2269 4810 2378 4849 non
2414 4804 2500 4849 est
2532 4797 2755 4866 scriptis
2780 4801 3038 4856 relatum.
3073 4804 3213 4868 Quid
3243 4808 3402 4862 tum?
3437 4808 3569 4874 Quae
3602 4811 3707 4865 lit-

2126 4886 2256 4941 teris
2315 4885 2569 4940 mandata
2614 4903 2721 4941 non
2778 4899 2927 4957 sunt,
2974 4903 3027 4946 et
3077 4901 3260 4949 tamen
3302 4899 3603 4966 credimus,
3636 4912 3711 4958 et

2122 4975 2244 5029 sine
2294 4975 2405 5030 ullo
2458 4975 2629 5031 dubio
2679 4990 2930 5037 tenemus
2955 4982 3032 5036 ita
3059 4983 3363 5042 fuisse?Et
3398 4987 3537 5044 forte
3572 4990 3712 5049 haec

2122 5065 2308 5119 omnia
2354 5067 2408 5120 in
2445 5066 2569 5122 Nilo
2608 5081 2801 5127 nostro
2850 5075 3246 5145 reperiremus,
3286 5080 3333 5135 si
3378 5097 3466 5137 res
3505 5092 3715 5151 gestas

2121 5156 2269 5212 illius
2293 5166 2508 5227 tempus
2540 5159 2676 5215 edax
2711 5162 2872 5216 nobis
2904 5164 3147 5235 reliquas
3183 5167 3426 5227 fecisset.
3460 5172 3523 5225 Et
3548 5172 3719 5235 forte

2119 5250 2282 5304 etiam
2318 5250 2412 5318 qui
2464 5250 2635 5304 futuri
2687 5261 2818 5307 sunt
2852 5254 3204 5320 obtinebunt,
3249 5276 3374 5315 cum
3405 5263 3718 5327 videamus

2121 5341 2177 5394 in
2206 5341 2324 5394 dies
2348 5340 2596 5410 singulos
2628 5343 2829 5398 similia
2850 5361 2887 5400 .e
2907 5346 3133 5405 latebris
3160 5350 3215 5404 in
3240 5351 3419 5407 lucem
3454 5356 3717 5429 suscipi,

2120 5439 2174 5485 et
2196 5431 2427 5500 publica:
2458 5435 2833 5490 commoditati
2866 5441 3372 5507 procrescereNon
3405 5461 3471 5499 ex
3489 5446 3723 5510 alienis

2122 5520 2400 5576 advocabo
2444 5535 2781 5592 argumenta.
2825 5526 2902 5582 Ex
2938 5528 3059 5583 Vita
3098 5529 3157 5587 S.
3199 5530 3302 5585 Nili
3342 5535 3586 5605 episcopi
3649 5553 3723 5599 eg

2122 5613 2418 5683 martyris,
2459 5631 2624 5684 quam
2670 5633 2734 5671 ex
2771 5617 3003 5676 Joannis
3045 5623 3477 5680 Cbristolorsoni
3507 5628 3726 5687 inter-

2122 5702 2427 5793 pretationc
2473 5705 2693 5772 recitas,
2726 5709 2795 5765 de
2826 5711 3047 5780 scriptis
3084 5711 3214 5767 dicti
3255 5716 3450 5778 Sancti,
3501 5714 3729 5781 minus
