  <div class='ocr_page' id='page_1' title='image "/cluster/home/n/w/nwhite01/storage/ocr_20150623/79/mdp.39015051890492/028.png"; bbox 0 0 3984 6150; ppageno 0'>
   <div class='ocr_carea' id='block_1_1' title="bbox 60 65 119 2079">
    <p class='ocr_par' dir='ltr' id='par_1_1' title="bbox 86 423 119 2052">
     <span class='ocr_line' id='line_1_1' title="bbox 115 423 119 430; baseline 0 0"><span class='ocrx_word' id='word_1_1' title='bbox 115 423 119 430; x_wconf 63' lang='grc' dir='ltr'><strong>ι</strong></span> 
     </span>
     <span class='ocr_line' id='line_1_2' title="bbox 113 579 118 586; baseline 0 0"><span class='ocrx_word' id='word_1_2' title='bbox 113 579 118 586; x_wconf 80' lang='lat'><strong>.</strong></span> 
     </span>
     <span class='ocr_line' id='line_1_3' title="bbox 111 655 114 662; baseline 0 0"><span class='ocrx_word' id='word_1_3' title='bbox 111 655 114 662; x_wconf 96' lang='lat'><strong>.</strong></span> 
     </span>
     <span class='ocr_line' id='line_1_4' title="bbox 107 765 116 780; baseline 0 0"><span class='ocrx_word' id='word_1_4' title='bbox 107 765 116 780; x_wconf 63' lang='lat'><strong>&#39;4</strong></span> 
     </span>
     <span class='ocr_line' id='line_1_5' title="bbox 103 937 118 952; baseline 0 0"><span class='ocrx_word' id='word_1_5' title='bbox 103 937 108 952; x_wconf 79' lang='grc' dir='ltr'><strong>ι</strong></span> <span class='ocrx_word' id='word_1_6' title='bbox 115 949 118 952; x_wconf 85' lang='grc'><strong>.</strong></span> 
     </span>
     <span class='ocr_line' id='line_1_6' title="bbox 105 1091 110 1098; baseline 0 0"><span class='ocrx_word' id='word_1_7' title='bbox 105 1091 110 1098; x_wconf 85' lang='grc'><strong><em>.</em></strong></span> 
     </span>
     <span class='ocr_line' id='line_1_7' title="bbox 101 1161 106 1168; baseline 0 0"><span class='ocrx_word' id='word_1_8' title='bbox 101 1161 106 1168; x_wconf 87' lang='grc'><em>.</em></span> 
     </span>
     <span class='ocr_line' id='line_1_8' title="bbox 101 1177 104 1184; baseline 0 0"><span class='ocrx_word' id='word_1_9' title='bbox 101 1177 104 1184; x_wconf 95' lang='grc'>.</span> 
     </span>
     <span class='ocr_line' id='line_1_9' title="bbox 99 1241 108 1272; baseline 0 0"><span class='ocrx_word' id='word_1_10' title='bbox 99 1241 108 1272; x_wconf 66' lang='lat'>3</span> 
     </span>
     <span class='ocr_line' id='line_1_10' title="bbox 99 1301 104 1318; baseline 0 0"><span class='ocrx_word' id='word_1_11' title='bbox 99 1301 104 1318; x_wconf 86' lang='lat' dir='ltr'><strong>l</strong></span> 
     </span>
     <span class='ocr_line' id='line_1_11' title="bbox 99 1325 102 1334; baseline 0 0"><span class='ocrx_word' id='word_1_12' title='bbox 99 1325 102 1334; x_wconf 88' lang='lat'><strong>.</strong></span> 
     </span>
     <span class='ocr_line' id='line_1_12' title="bbox 100 1343 102 1352; baseline 0 0"><span class='ocrx_word' id='word_1_13' title='bbox 100 1343 102 1352; x_wconf 84' lang='lat'>.</span> 
     </span>
     <span class='ocr_line' id='line_1_13' title="bbox 97 1493 102 1500; baseline 0 0"><span class='ocrx_word' id='word_1_14' title='bbox 97 1493 102 1500; x_wconf 84' lang='lat'><strong>.</strong></span> 
     </span>
     <span class='ocr_line' id='line_1_14' title="bbox 98 1537 104 1560; baseline 0 0"><span class='ocrx_word' id='word_1_15' title='bbox 98 1537 104 1560; x_wconf 86' lang='lat'><strong>.&#39;</strong></span> 
     </span>
     <span class='ocr_line' id='line_1_15' title="bbox 94 1629 96 1636; baseline 0 0"><span class='ocrx_word' id='word_1_16' title='bbox 94 1629 96 1636; x_wconf 93' lang='lat'>.</span> 
     </span>
     <span class='ocr_line' id='line_1_16' title="bbox 92 1675 96 1682; baseline 0 0"><span class='ocrx_word' id='word_1_17' title='bbox 92 1675 96 1682; x_wconf 64' lang='grc' dir='ltr'><em>μ</em></span> 
     </span>
     <span class='ocr_line' id='line_1_17' title="bbox 87 1819 102 1838; baseline -0.133 0"><span class='ocrx_word' id='word_1_18' title='bbox 87 1819 102 1838; x_wconf 73' lang='grc' dir='ltr'><strong>ι.</strong></span> 
     </span>
     <span class='ocr_line' id='line_1_18' title="bbox 89 1839 98 1854; baseline 0 0"><span class='ocrx_word' id='word_1_19' title='bbox 89 1839 98 1854; x_wconf 57' lang='lat'><strong>‘-</strong></span> 
     </span>
     <span class='ocr_line' id='line_1_19' title="bbox 89 1895 98 1908; baseline 0 0"><span class='ocrx_word' id='word_1_20' title='bbox 89 1895 98 1908; x_wconf 73' lang='grc' dir='ltr'><em>Ι</em></span> 
     </span>
     <span class='ocr_line' id='line_1_20' title="bbox 90 1957 94 1964; baseline 0 0"><span class='ocrx_word' id='word_1_21' title='bbox 90 1957 94 1964; x_wconf 92' lang='grc'>.</span> 
     </span>
     <span class='ocr_line' id='line_1_21' title="bbox 87 1979 94 1988; baseline 0 0"><span class='ocrx_word' id='word_1_22' title='bbox 87 1979 94 1988; x_wconf 66' lang='grc' dir='ltr'><strong><em>ο</em></strong></span> 
     </span>
     <span class='ocr_line' id='line_1_22' title="bbox 86 2043 92 2052; baseline 0 0"><span class='ocrx_word' id='word_1_23' title='bbox 86 2043 92 2052; x_wconf 67' lang='grc' dir='ltr'><strong>ι</strong></span> 
     </span>
    </p>
   </div>
   <div class='ocr_carea' id='block_1_2' title="bbox 284 435 1828 511">
    <p class='ocr_par' dir='ltr' id='par_1_2' title="bbox 284 435 1828 511">
     <span class='ocr_line' id='line_1_23' title="bbox 284 435 1828 511; baseline -0.008 -15"><span class='ocrx_word' id='word_1_24' title='bbox 284 457 418 511; x_wconf 83' lang='lat' dir='ltr'><strong>quam</strong></span> <span class='ocrx_word' id='word_1_25' title='bbox 451 439 587 493; x_wconf 84' lang='lat' dir='ltr'><strong>nihil</strong></span> <span class='ocrx_word' id='word_1_26' title='bbox 620 447 722 497; x_wconf 84' lang='lat' dir='ltr'><strong>est.</strong></span> <span class='ocrx_word' id='word_1_27' title='bbox 760 443 814 488; x_wconf 84' lang='lat' dir='ltr'><strong>ct</strong></span> <span class='ocrx_word' id='word_1_28' title='bbox 853 444 1037 490; x_wconf 86' lang='lat' dir='ltr'><strong>tamen</strong></span> <span class='ocrx_word' id='word_1_29' title='bbox 1079 447 1171 488; x_wconf 87' lang='lat' dir='ltr'><strong>tua</strong></span> <span class='ocrx_word' id='word_1_30' title='bbox 1220 435 1476 504; x_wconf 73' lang='lat' dir='ltr'><strong>largitate</strong></span> <span class='ocrx_word' id='word_1_31' title='bbox 1510 442 1710 485; x_wconf 84' lang='lat' dir='ltr'><strong>auctor</strong></span> <span class='ocrx_word' id='word_1_32' title='bbox 1743 438 1828 485; x_wconf 85' lang='lat' dir='ltr'><strong>est</strong></span> 
     </span>
    </p>
   </div>
   <div class='ocr_carea' id='block_1_3' title="bbox 286 523 1823 596">
    <p class='ocr_par' dir='ltr' id='par_1_3' title="bbox 286 523 1823 596">
     <span class='ocr_line' id='line_1_24' title="bbox 286 523 1823 596; baseline -0.007 -10"><span class='ocrx_word' id='word_1_33' title='bbox 286 534 636 586; x_wconf 75' lang='lat' dir='ltr'><strong>[‘arteneseon.</strong></span> <span class='ocrx_word' id='word_1_34' title='bbox 688 527 841 581; x_wconf 87' lang='lat' dir='ltr'><strong>Unde</strong></span> <span class='ocrx_word' id='word_1_35' title='bbox 877 527 929 580; x_wconf 90' lang='lat' dir='ltr'><strong>id</strong></span> <span class='ocrx_word' id='word_1_36' title='bbox 971 527 1278 596; x_wconf 79' lang='lat' dir='ltr'><strong>expiscaris</strong></span> <span class='ocrx_word' id='word_1_37' title='bbox 1320 541 1444 579; x_wconf 89' lang='lat' dir='ltr'><strong>eum</strong></span> <span class='ocrx_word' id='word_1_38' title='bbox 1503 525 1626 576; x_wconf 82' lang='lat' dir='ltr'><strong>illas</strong></span> <span class='ocrx_word' id='word_1_39' title='bbox 1679 523 1823 576; x_wconf 84' lang='lat' dir='ltr'><strong>scri-</strong></span> 
     </span>
    </p>
   </div>
   <div class='ocr_carea' id='block_1_4' title="bbox 289 610 1828 691">
    <p class='ocr_par' dir='ltr' id='par_1_4' title="bbox 289 610 1828 691">
     <span class='ocr_line' id='line_1_25' title="bbox 289 610 1828 691; baseline -0.008 -16"><span class='ocrx_word' id='word_1_40' title='bbox 289 621 470 691; x_wconf 72' lang='lat' dir='ltr'><strong>psisse!</strong></span> <span class='ocrx_word' id='word_1_41' title='bbox 511 618 694 672; x_wconf 84' lang='lat' dir='ltr'><strong>Potuit</strong></span> <span class='ocrx_word' id='word_1_42' title='bbox 746 616 1014 669; x_wconf 86' lang='lat' dir='ltr'><strong>scribere.</strong></span> <span class='ocrx_word' id='word_1_43' title='bbox 1078 613 1362 683; x_wconf 83' lang='lat' dir='ltr'><strong>Scripsere</strong></span> <span class='ocrx_word' id='word_1_44' title='bbox 1419 612 1510 665; x_wconf 81' lang='lat' dir='ltr'><strong>alii</strong></span> <span class='ocrx_word' id='word_1_45' title='bbox 1582 610 1828 677; x_wconf 84' lang='lat' dir='ltr'><strong>ejusdem</strong></span> 
     </span>
    </p>
   </div>
   <div class='ocr_carea' id='block_1_5' title="bbox 286 705 1830 778">
    <p class='ocr_par' dir='ltr' id='par_1_5' title="bbox 286 705 1830 778">
     <span class='ocr_line' id='line_1_26' title="bbox 286 705 1830 778; baseline -0.008 -12"><span class='ocrx_word' id='word_1_46' title='bbox 286 713 432 767; x_wconf 68' lang='lat' dir='ltr'><strong>aetatis</strong></span> <span class='ocrx_word' id='word_1_47' title='bbox 467 719 521 764; x_wconf 86' lang='lat' dir='ltr'><strong>et</strong></span> <span class='ocrx_word' id='word_1_48' title='bbox 561 708 850 778; x_wconf 72' lang='lat' dir='ltr'><strong>dignitatis</strong></span> <span class='ocrx_word' id='word_1_49' title='bbox 894 707 1019 760; x_wconf 83' lang='lat' dir='ltr'><strong>viri.</strong></span> <span class='ocrx_word' id='word_1_50' title='bbox 1052 705 1308 760; x_wconf 79' lang='lat' dir='ltr'><strong>Concedo</strong></span> <span class='ocrx_word' id='word_1_51' title='bbox 1354 722 1452 758; x_wconf 81' lang='lat' dir='ltr'><strong>nec</strong></span> <span class='ocrx_word' id='word_1_52' title='bbox 1503 706 1728 758; x_wconf 81' lang='lat' dir='ltr'><strong>invitus.</strong></span> <span class='ocrx_word' id='word_1_53' title='bbox 1763 706 1830 754; x_wconf 84' lang='lat' dir='ltr'><strong>At</strong></span> 
     </span>
    </p>
   </div>
   <div class='ocr_carea' id='block_1_6' title="bbox 285 793 1829 866">
    <p class='ocr_par' dir='ltr' id='par_1_6' title="bbox 285 793 1829 866">
     <span class='ocr_line' id='line_1_27' title="bbox 285 793 1829 866; baseline -0.006 -13"><span class='ocrx_word' id='word_1_54' title='bbox 285 800 566 866; x_wconf 81' lang='lat' dir='ltr'><strong>scripsisse.</strong></span> <span class='ocrx_word' id='word_1_55' title='bbox 619 796 722 848; x_wconf 80' lang='lat' dir='ltr'><strong>nisi</strong></span> <span class='ocrx_word' id='word_1_56' title='bbox 771 795 997 848; x_wconf 76' lang='lat' dir='ltr'><strong>meliora</strong></span> <span class='ocrx_word' id='word_1_57' title='bbox 1043 794 1248 848; x_wconf 87' lang='lat' dir='ltr'><strong>iudicia</strong></span> <span class='ocrx_word' id='word_1_58' title='bbox 1296 793 1666 863; x_wconf 82' lang='lat' dir='ltr'><strong>proferantur,</strong></span> <span class='ocrx_word' id='word_1_59' title='bbox 1717 807 1829 845; x_wconf 89' lang='lat' dir='ltr'><strong>non</strong></span> 
     </span>
    </p>
   </div>
   <div class='ocr_carea' id='block_1_7' title="bbox 284 883 1830 955">
    <p class='ocr_par' dir='ltr' id='par_1_7' title="bbox 284 883 1830 955">
     <span class='ocr_line' id='line_1_28' title="bbox 284 883 1830 955; baseline -0.003 -15"><span class='ocrx_word' id='word_1_60' title='bbox 284 889 453 941; x_wconf 83' lang='lat' dir='ltr'><strong>dicam.</strong></span> <span class='ocrx_word' id='word_1_61' title='bbox 480 887 547 940; x_wconf 82' lang='lat' dir='ltr'><strong>Et</strong></span> <span class='ocrx_word' id='word_1_62' title='bbox 573 888 736 940; x_wconf 86' lang='lat' dir='ltr'><strong>etiam</strong></span> <span class='ocrx_word' id='word_1_63' title='bbox 781 887 826 938; x_wconf 91' lang='lat' dir='ltr'><strong>si</strong></span> <span class='ocrx_word' id='word_1_64' title='bbox 870 883 1026 940; x_wconf 89' lang='lat' dir='ltr'><strong>Nilus</strong></span> <span class='ocrx_word' id='word_1_65' title='bbox 1054 887 1348 955; x_wconf 89' lang='lat' dir='ltr'><strong>episcopus</strong></span> <span class='ocrx_word' id='word_1_66' title='bbox 1389 885 1676 952; x_wconf 80' lang='lat' dir='ltr'><strong>scripserit</strong></span> <span class='ocrx_word' id='word_1_67' title='bbox 1711 899 1726 936; x_wconf 90' lang='lat'><strong>:</strong></span> <span class='ocrx_word' id='word_1_68' title='bbox 1761 899 1830 936; x_wconf 92' lang='lat' dir='ltr'><strong>an</strong></span> 
     </span>
    </p>
   </div>
   <div class='ocr_carea' id='block_1_8' title="bbox 283 974 1833 1048">
    <p class='ocr_par' dir='ltr' id='par_1_8' title="bbox 283 974 1833 1048">
     <span class='ocr_line' id='line_1_29' title="bbox 283 974 1833 1048; baseline -0.004 -15"><span class='ocrx_word' id='word_1_69' title='bbox 283 981 547 1048; x_wconf 81' lang='lat' dir='ltr'><strong>episcopus</strong></span> <span class='ocrx_word' id='word_1_70' title='bbox 578 989 631 1031; x_wconf 91' lang='lat' dir='ltr'><strong>et</strong></span> <span class='ocrx_word' id='word_1_71' title='bbox 659 986 866 1046; x_wconf 78' lang='lat' dir='ltr'><strong>martyr</strong></span> <span class='ocrx_word' id='word_1_72' title='bbox 894 978 980 1032; x_wconf 88' lang='lat' dir='ltr'><strong>hic</strong></span> <span class='ocrx_word' id='word_1_73' title='bbox 1006 985 1136 1032; x_wconf 87' lang='lat' dir='ltr'><strong>tuus</strong></span> <span class='ocrx_word' id='word_1_74' title='bbox 1158 977 1248 1031; x_wconf 83' lang='lat' dir='ltr'><strong>ille</strong></span> <span class='ocrx_word' id='word_1_75' title='bbox 1274 978 1416 1031; x_wconf 85' lang='lat' dir='ltr'><strong>idem</strong></span> <span class='ocrx_word' id='word_1_76' title='bbox 1442 976 1566 1030; x_wconf 81' lang='lat' dir='ltr'><strong>est?</strong></span> <span class='ocrx_word' id='word_1_77' title='bbox 1589 974 1742 1029; x_wconf 86' lang='lat' dir='ltr'><strong>Nilos</strong></span> <span class='ocrx_word' id='word_1_78' title='bbox 1766 987 1833 1028; x_wconf 87' lang='lat' dir='ltr'><strong>eo</strong></span> 
     </span>
    </p>
   </div>
   <div class='ocr_carea' id='block_1_9' title="bbox 283 1067 1834 1135">
    <p class='ocr_par' dir='ltr' id='par_1_9' title="bbox 283 1067 1834 1135">
     <span class='ocr_line' id='line_1_30' title="bbox 283 1067 1834 1135; baseline -0.004 -13"><span class='ocrx_word' id='word_1_79' title='bbox 283 1076 507 1135; x_wconf 84' lang='lat' dir='ltr'><strong>tempore</strong></span> <span class='ocrx_word' id='word_1_80' title='bbox 549 1069 732 1135; x_wconf 88' lang='lat' dir='ltr'><strong>plures</strong></span> <span class='ocrx_word' id='word_1_81' title='bbox 781 1068 973 1129; x_wconf 79' lang='lat' dir='ltr'><strong>fuisse,</strong></span> <span class='ocrx_word' id='word_1_82' title='bbox 1020 1076 1075 1120; x_wconf 88' lang='lat' dir='ltr'><strong>et</strong></span> <span class='ocrx_word' id='word_1_83' title='bbox 1124 1067 1265 1120; x_wconf 83' lang='lat' dir='ltr'><strong>inter</strong></span> <span class='ocrx_word' id='word_1_84' title='bbox 1315 1082 1411 1121; x_wconf 90' lang='lat' dir='ltr'><strong>eos</strong></span> <span class='ocrx_word' id='word_1_85' title='bbox 1457 1067 1748 1134; x_wconf 87' lang='lat' dir='ltr'><strong>episcopos</strong></span> <span class='ocrx_word' id='word_1_86' title='bbox 1778 1072 1834 1117; x_wconf 87' lang='lat' dir='ltr'><strong>et</strong></span> 
     </span>
    </p>
   </div>
   <div class='ocr_carea' id='block_1_10' title="bbox 283 1158 1833 1229">
    <p class='ocr_par' dir='ltr' id='par_1_10' title="bbox 283 1158 1833 1229">
     <span class='ocr_line' id='line_1_31' title="bbox 283 1158 1833 1229; baseline -0.003 -16"><span class='ocrx_word' id='word_1_87' title='bbox 283 1169 550 1229; x_wconf 77' lang='lat' dir='ltr'><strong>martyres,</strong></span> <span class='ocrx_word' id='word_1_88' title='bbox 591 1167 644 1212; x_wconf 90' lang='lat' dir='ltr'><strong>et</strong></span> <span class='ocrx_word' id='word_1_89' title='bbox 674 1158 969 1226; x_wconf 83' lang='lat' dir='ltr'><strong>scripsisse</strong></span> <span class='ocrx_word' id='word_1_90' title='bbox 990 1159 1155 1210; x_wconf 88' lang='lat' dir='ltr'><strong>etiam</strong></span> <span class='ocrx_word' id='word_1_91' title='bbox 1182 1158 1247 1210; x_wconf 88' lang='lat' dir='ltr'><strong>ad</strong></span> <span class='ocrx_word' id='word_1_92' title='bbox 1279 1159 1654 1226; x_wconf 75' lang='lat' dir='ltr'><strong>posteritatem</strong></span> <span class='ocrx_word' id='word_1_93' title='bbox 1679 1171 1833 1210; x_wconf 87' lang='lat' dir='ltr'><strong>com-</strong></span> 
     </span>
    </p>
   </div>
   <div class='ocr_carea' id='block_1_11' title="bbox 281 1247 1834 1318">
    <p class='ocr_par' dir='ltr' id='par_1_11' title="bbox 281 1247 1834 1318">
     <span class='ocr_line' id='line_1_32' title="bbox 281 1247 1834 1318; baseline -0.003 -14"><span class='ocrx_word' id='word_1_94' title='bbox 281 1251 582 1313; x_wconf 80' lang='lat' dir='ltr'><strong>mentarios,</strong></span> <span class='ocrx_word' id='word_1_95' title='bbox 631 1265 792 1303; x_wconf 86' lang='lat' dir='ltr'><strong>nemo</strong></span> <span class='ocrx_word' id='word_1_96' title='bbox 863 1250 1108 1318; x_wconf 80' lang='lat' dir='ltr'><strong>prudens</strong></span> <span class='ocrx_word' id='word_1_97' title='bbox 1159 1249 1462 1318; x_wconf 75' lang='lat' dir='ltr'><strong>negaverit.</strong></span> <span class='ocrx_word' id='word_1_98' title='bbox 1510 1251 1705 1301; x_wconf 82' lang='lat' dir='ltr'><strong>Annon</strong></span> <span class='ocrx_word' id='word_1_99' title='bbox 1749 1247 1834 1299; x_wconf 89' lang='lat' dir='ltr'><strong>in-</strong></span> 
     </span>
    </p>
   </div>
   <div class='ocr_carea' id='block_1_12' title="bbox 280 1339 1834 1412">
    <p class='ocr_par' dir='ltr' id='par_1_12' title="bbox 280 1339 1834 1412">
     <span class='ocr_line' id='line_1_33' title="bbox 280 1339 1834 1412; baseline -0.001 -16"><span class='ocrx_word' id='word_1_100' title='bbox 280 1342 411 1396; x_wconf 88' lang='lat' dir='ltr'><strong>sulse</strong></span> <span class='ocrx_word' id='word_1_101' title='bbox 469 1344 592 1411; x_wconf 88' lang='lat' dir='ltr'><strong>quis</strong></span> <span class='ocrx_word' id='word_1_102' title='bbox 658 1343 1010 1396; x_wconf 85' lang='lat' dir='ltr'><strong>concluderet</strong></span> <span class='ocrx_word' id='word_1_103' title='bbox 1065 1342 1158 1412; x_wconf 90' lang='lat' dir='ltr'><strong>(sit</strong></span> <span class='ocrx_word' id='word_1_104' title='bbox 1221 1356 1322 1410; x_wconf 86' lang='lat' dir='ltr'><strong>pro</strong></span> <span class='ocrx_word' id='word_1_105' title='bbox 1369 1341 1623 1409; x_wconf 80' lang='lat' dir='ltr'><strong>exemplo</strong></span> <span class='ocrx_word' id='word_1_106' title='bbox 1676 1339 1834 1395; x_wconf 86' lang='lat' dir='ltr'><strong>Nilus</strong></span> 
     </span>
    </p>
   </div>
   <div class='ocr_carea' id='block_1_13' title="bbox 278 1431 1836 1503">
    <p class='ocr_par' dir='ltr' id='par_1_13' title="bbox 278 1431 1836 1503">
     <span class='ocr_line' id='line_1_34' title="bbox 278 1431 1836 1503; baseline 0.001 -18"><span class='ocrx_word' id='word_1_107' title='bbox 278 1431 554 1486; x_wconf 78' lang='lat' dir='ltr'><strong>Pati-arum</strong></span> <span class='ocrx_word' id='word_1_108' title='bbox 598 1434 892 1502; x_wconf 82' lang='lat' dir='ltr'><strong>cpiscOpus</strong></span> <span class='ocrx_word' id='word_1_109' title='bbox 923 1443 975 1487; x_wconf 91' lang='lat' dir='ltr'><strong>et</strong></span> <span class='ocrx_word' id='word_1_110' title='bbox 1013 1434 1265 1503; x_wconf 82' lang='lat' dir='ltr'><strong>martyr).</strong></span> <span class='ocrx_word' id='word_1_111' title='bbox 1298 1431 1437 1488; x_wconf 88' lang='lat' dir='ltr'><strong>lluic</strong></span> <span class='ocrx_word' id='word_1_112' title='bbox 1471 1434 1632 1502; x_wconf 85' lang='lat' dir='ltr'><strong>Operi</strong></span> <span class='ocrx_word' id='word_1_113' title='bbox 1659 1433 1836 1501; x_wconf 62' lang='lat' dir='ltr'><strong>praeli-</strong></span> 
     </span>
    </p>
   </div>
   <div class='ocr_carea' id='block_1_14' title="bbox 278 1524 1832 1594">
    <p class='ocr_par' dir='ltr' id='par_1_14' title="bbox 278 1524 1832 1594">
     <span class='ocr_line' id='line_1_35' title="bbox 278 1524 1832 1594; baseline 0.001 -18"><span class='ocrx_word' id='word_1_114' title='bbox 278 1526 408 1593; x_wconf 78' lang='lat' dir='ltr'><strong>gilur</strong></span> <span class='ocrx_word' id='word_1_115' title='bbox 439 1525 630 1578; x_wconf 89' lang='lat' dir='ltr'><strong>titulus</strong></span> <span class='ocrx_word' id='word_1_116' title='bbox 664 1545 676 1579; x_wconf 91' lang='lat'>:</span> <span class='ocrx_word' id='word_1_117' title='bbox 711 1526 1016 1579; x_wconf 74' lang='lat' dir='ltr'><strong>Partcueses</strong></span> <span class='ocrx_word' id='word_1_118' title='bbox 1053 1524 1168 1579; x_wconf 64' lang='lat' dir='ltr'><strong>Nili</strong></span> <span class='ocrx_word' id='word_1_119' title='bbox 1195 1527 1427 1593; x_wconf 78' lang='lat' dir='ltr'><strong>episcopi</strong></span> <span class='ocrx_word' id='word_1_120' title='bbox 1467 1535 1517 1578; x_wconf 84' lang='lat' dir='ltr'><strong>et</strong></span> <span class='ocrx_word' id='word_1_121' title='bbox 1560 1525 1832 1594; x_wconf 74' lang='lat' dir='ltr'><strong>martyris.</strong></span> 
     </span>
    </p>
   </div>
   <div class='ocr_carea' id='block_1_15' title="bbox 281 1615 1833 1686">
    <p class='ocr_par' dir='ltr' id='par_1_15' title="bbox 281 1615 1833 1686">
     <span class='ocr_line' id='line_1_36' title="bbox 281 1615 1833 1686; baseline -0.001 -18"><span class='ocrx_word' id='word_1_122' title='bbox 281 1615 414 1686; x_wconf 75' lang='lat' dir='ltr'><strong>Ergo</strong></span> <span class='ocrx_word' id='word_1_123' title='bbox 461 1615 611 1669; x_wconf 82' lang='lat' dir='ltr'><strong>Nilus</strong></span> <span class='ocrx_word' id='word_1_124' title='bbox 657 1617 742 1671; x_wconf 92' lang='lat' dir='ltr'><strong>hic</strong></span> <span class='ocrx_word' id='word_1_125' title='bbox 775 1618 959 1672; x_wconf 87' lang='lat' dir='ltr'><strong>nullus</strong></span> <span class='ocrx_word' id='word_1_126' title='bbox 996 1618 1137 1672; x_wconf 90' lang='lat' dir='ltr'><strong>alius</strong></span> <span class='ocrx_word' id='word_1_127' title='bbox 1176 1628 1281 1682; x_wconf 88' lang='lat' dir='ltr'><strong>est,</strong></span> <span class='ocrx_word' id='word_1_128' title='bbox 1334 1633 1498 1686; x_wconf 86' lang='lat' dir='ltr'><strong>quam</strong></span> <span class='ocrx_word' id='word_1_129' title='bbox 1541 1618 1833 1669; x_wconf 86' lang='lat' dir='ltr'><strong>Patrarum</strong></span> 
     </span>
    </p>
   </div>
   <div class='ocr_carea' id='block_1_16' title="bbox 277 1703 1836 1776">
    <p class='ocr_par' dir='ltr' id='par_1_16' title="bbox 277 1703 1836 1776">
     <span class='ocr_line' id='line_1_37' title="bbox 277 1703 1836 1776; baseline -0.004 -15"><span class='ocrx_word' id='word_1_130' title='bbox 277 1710 576 1776; x_wconf 80' lang='lat' dir='ltr'><strong>cpiscopus.</strong></span> <span class='ocrx_word' id='word_1_131' title='bbox 610 1705 748 1759; x_wconf 76' lang='lat' dir='ltr'><strong>Nam</strong></span> <span class='ocrx_word' id='word_1_132' title='bbox 776 1709 821 1758; x_wconf 87' lang='lat' dir='ltr'><strong>si</strong></span> <span class='ocrx_word' id='word_1_133' title='bbox 847 1705 963 1760; x_wconf 78' lang='lat' dir='ltr'><strong>Nili</strong></span> <span class='ocrx_word' id='word_1_134' title='bbox 991 1717 1182 1761; x_wconf 75' lang='lat' dir='ltr'><strong>asceta:</strong></span> <span class='ocrx_word' id='word_1_135' title='bbox 1215 1716 1408 1770; x_wconf 81' lang='lat' dir='ltr'><strong>essent,</strong></span> <span class='ocrx_word' id='word_1_136' title='bbox 1437 1723 1539 1759; x_wconf 90' lang='lat' dir='ltr'><strong>non</strong></span> <span class='ocrx_word' id='word_1_137' title='bbox 1577 1714 1712 1758; x_wconf 88' lang='lat' dir='ltr'><strong>esset</strong></span> <span class='ocrx_word' id='word_1_138' title='bbox 1739 1703 1836 1756; x_wconf 76' lang='lat' dir='ltr'><strong>ad-</strong></span> 
     </span>
    </p>
   </div>
   <div class='ocr_carea' id='block_1_17' title="bbox 275 1793 1840 1866">
    <p class='ocr_par' dir='ltr' id='par_1_17' title="bbox 275 1793 1840 1866">
     <span class='ocr_line' id='line_1_38' title="bbox 275 1793 1840 1866; baseline -0.003 -17"><span class='ocrx_word' id='word_1_139' title='bbox 275 1797 416 1859; x_wconf 84' lang='lat' dir='ltr'><strong>ditio,</strong></span> <span class='ocrx_word' id='word_1_140' title='bbox 438 1798 798 1862; x_wconf 70' lang='lat' dir='ltr'><strong>erpressioque</strong></span> <span class='ocrx_word' id='word_1_141' title='bbox 819 1798 1149 1862; x_wconf 77' lang='lat' dir='ltr'><strong>episcopatus</strong></span> <span class='ocrx_word' id='word_1_142' title='bbox 1189 1806 1238 1850; x_wconf 84' lang='lat' dir='ltr'><strong>et</strong></span> <span class='ocrx_word' id='word_1_143' title='bbox 1267 1797 1536 1866; x_wconf 83' lang='lat' dir='ltr'><strong>martyrii.</strong></span> <span class='ocrx_word' id='word_1_144' title='bbox 1565 1793 1624 1848; x_wconf 88' lang='lat' dir='ltr'><strong>Si</strong></span> <span class='ocrx_word' id='word_1_145' title='bbox 1652 1793 1840 1848; x_wconf 68' lang='lat' dir='ltr'><strong>Graeca</strong></span> 
     </span>
    </p>
   </div>
   <div class='ocr_carea' id='block_1_18' title="bbox 276 1885 1841 1954">
    <p class='ocr_par' dir='ltr' id='par_1_18' title="bbox 276 1885 1841 1954">
     <span class='ocr_line' id='line_1_39' title="bbox 276 1885 1841 1954; baseline -0.003 -14"><span class='ocrx_word' id='word_1_146' title='bbox 276 1887 625 1954; x_wconf 78' lang='lat' dir='ltr'><strong>interpretatio</strong></span> <span class='ocrx_word' id='word_1_147' title='bbox 667 1886 862 1953; x_wconf 86' lang='lat' dir='ltr'><strong>absque</strong></span> <span class='ocrx_word' id='word_1_148' title='bbox 905 1887 1060 1939; x_wconf 84' lang='lat' dir='ltr'><strong>titulo</strong></span> <span class='ocrx_word' id='word_1_149' title='bbox 1115 1895 1164 1938; x_wconf 86' lang='lat' dir='ltr'><strong>et</strong></span> <span class='ocrx_word' id='word_1_150' title='bbox 1195 1885 1841 1954; x_wconf 82' lang='lat' dir='ltr'><strong>agnominationelegere-</strong></span> 
     </span>
    </p>
   </div>
   <div class='ocr_carea' id='block_1_19' title="bbox 277 1964 1842 2036">
    <p class='ocr_par' dir='ltr' id='par_1_19' title="bbox 277 1964 1842 2036">
     <span class='ocr_line' id='line_1_40' title="bbox 277 1964 1842 2036; baseline -0.003 -15"><span class='ocrx_word' id='word_1_151' title='bbox 277 1979 375 2030; x_wconf 86' lang='lat' dir='ltr'><strong>tur,</strong></span> <span class='ocrx_word' id='word_1_152' title='bbox 414 1967 529 2022; x_wconf 77' lang='lat' dir='ltr'><strong>Nili</strong></span> <span class='ocrx_word' id='word_1_153' title='bbox 560 1969 736 2036; x_wconf 82' lang='lat' dir='ltr'><strong>utique</strong></span> <span class='ocrx_word' id='word_1_154' title='bbox 768 1985 871 2020; x_wconf 88' lang='lat' dir='ltr'><strong>non</strong></span> <span class='ocrx_word' id='word_1_155' title='bbox 911 1968 1136 2036; x_wconf 83' lang='lat' dir='ltr'><strong>episcopi</strong></span> <span class='ocrx_word' id='word_1_156' title='bbox 1182 1976 1352 2020; x_wconf 87' lang='lat' dir='ltr'><strong>essent</strong></span> <span class='ocrx_word' id='word_1_157' title='bbox 1382 1967 1669 2021; x_wconf 61' lang='lat' dir='ltr'><strong>sententiae.</strong></span> <span class='ocrx_word' id='word_1_158' title='bbox 1713 1964 1842 2018; x_wconf 84' lang='lat' dir='ltr'><strong>Non</strong></span> 
     </span>
    </p>
   </div>
   <div class='ocr_carea' id='block_1_20' title="bbox 277 2056 1836 2127">
    <p class='ocr_par' dir='ltr' id='par_1_20' title="bbox 277 2056 1836 2127">
     <span class='ocr_line' id='line_1_41' title="bbox 277 2056 1836 2127; baseline -0.003 -14"><span class='ocrx_word' id='word_1_159' title='bbox 277 2061 404 2113; x_wconf 88' lang='lat' dir='ltr'><strong>enim</strong></span> <span class='ocrx_word' id='word_1_160' title='bbox 431 2069 507 2112; x_wconf 87' lang='lat' dir='ltr'><strong>est</strong></span> <span class='ocrx_word' id='word_1_161' title='bbox 542 2057 895 2127; x_wconf 85' lang='lat' dir='ltr'><strong>intelligibile.</strong></span> <span class='ocrx_word' id='word_1_162' title='bbox 933 2070 986 2109; x_wconf 89' lang='lat' dir='ltr'><strong>ut</strong></span> <span class='ocrx_word' id='word_1_163' title='bbox 1026 2057 1138 2109; x_wconf 77' lang='lat' dir='ltr'><strong>Nili</strong></span> <span class='ocrx_word' id='word_1_164' title='bbox 1177 2074 1279 2110; x_wconf 89' lang='lat' dir='ltr'><strong>non</strong></span> <span class='ocrx_word' id='word_1_165' title='bbox 1323 2058 1552 2124; x_wconf 85' lang='lat' dir='ltr'><strong>episcopi</strong></span> <span class='ocrx_word' id='word_1_166' title='bbox 1614 2056 1836 2124; x_wconf 75' lang='lat' dir='ltr'><strong>fuerint,</strong></span> 
     </span>
    </p>
   </div>
   <div class='ocr_carea' id='block_1_21' title="bbox 279 2145 1843 2218">
    <p class='ocr_par' dir='ltr' id='par_1_21' title="bbox 279 2145 1843 2218">
     <span class='ocr_line' id='line_1_42' title="bbox 279 2145 1843 2218; baseline -0.002 -15"><span class='ocrx_word' id='word_1_167' title='bbox 279 2149 467 2218; x_wconf 78' lang='lat' dir='ltr'><strong>Ecquis</strong></span> <span class='ocrx_word' id='word_1_168' title='bbox 524 2146 650 2202; x_wconf 80' lang='lat' dir='ltr'><strong>Nilo</strong></span> <span class='ocrx_word' id='word_1_169' title='bbox 676 2151 916 2215; x_wconf 84' lang='lat' dir='ltr'><strong>episcopo</strong></span> <span class='ocrx_word' id='word_1_170' title='bbox 941 2158 985 2200; x_wconf 90' lang='lat' dir='ltr'><strong>et</strong></span> <span class='ocrx_word' id='word_1_171' title='bbox 1014 2149 1238 2216; x_wconf 83' lang='lat' dir='ltr'><strong>martyri</strong></span> <span class='ocrx_word' id='word_1_172' title='bbox 1262 2148 1555 2202; x_wconf 72' lang='lat' dir='ltr'><strong>attribuat?</strong></span> <span class='ocrx_word' id='word_1_173' title='bbox 1577 2145 1642 2198; x_wconf 83' lang='lat' dir='ltr'><strong>Et</strong></span> <span class='ocrx_word' id='word_1_174' title='bbox 1661 2154 1843 2200; x_wconf 86' lang='lat' dir='ltr'><strong>tamen</strong></span> 
     </span>
    </p>
   </div>
   <div class='ocr_carea' id='block_1_22' title="bbox 279 2238 1840 2296">
    <p class='ocr_par' dir='ltr' id='par_1_22' title="bbox 279 2238 1840 2296">
     <span class='ocr_line' id='line_1_43' title="bbox 279 2238 1840 2296; baseline -0.004 0"><span class='ocrx_word' id='word_1_175' title='bbox 279 2243 475 2296; x_wconf 83' lang='lat' dir='ltr'><strong>s&#39;nnilia</strong></span> <span class='ocrx_word' id='word_1_176' title='bbox 504 2241 557 2294; x_wconf 92' lang='lat' dir='ltr'><strong>in</strong></span> <span class='ocrx_word' id='word_1_177' title='bbox 583 2241 688 2294; x_wconf 89' lang='lat' dir='ltr'><strong>hoc</strong></span> <span class='ocrx_word' id='word_1_178' title='bbox 712 2240 903 2293; x_wconf 87' lang='lat' dir='ltr'><strong>eodem</strong></span> <span class='ocrx_word' id='word_1_179' title='bbox 929 2238 1054 2292; x_wconf 90' lang='lat' dir='ltr'><strong>Nilo</strong></span> <span class='ocrx_word' id='word_1_180' title='bbox 1074 2249 1258 2292; x_wconf 87' lang='lat' dir='ltr'><strong>asceta</strong></span> <span class='ocrx_word' id='word_1_181' title='bbox 1286 2248 1411 2292; x_wconf 81' lang='lat' dir='ltr'><strong>ante</strong></span> <span class='ocrx_word' id='word_1_182' title='bbox 1435 2240 1622 2292; x_wconf 81' lang='lat' dir='ltr'><strong>oculos</strong></span> <span class='ocrx_word' id='word_1_183' title='bbox 1646 2238 1840 2292; x_wconf 87' lang='lat' dir='ltr'><strong>obver-</strong></span> 
     </span>
    </p>
   </div>
   <div class='ocr_carea' id='block_1_23' title="bbox 279 2328 1846 2398">
    <p class='ocr_par' dir='ltr' id='par_1_23' title="bbox 279 2328 1846 2398">
     <span class='ocr_line' id='line_1_44' title="bbox 279 2328 1846 2398; baseline -0.004 -10"><span class='ocrx_word' id='word_1_184' title='bbox 279 2343 489 2389; x_wconf 89' lang='lat' dir='ltr'><strong>santur.</strong></span> <span class='ocrx_word' id='word_1_185' title='bbox 533 2332 592 2385; x_wconf 89' lang='lat' dir='ltr'><strong>In</strong></span> <span class='ocrx_word' id='word_1_186' title='bbox 639 2332 923 2384; x_wconf 87' lang='lat' dir='ltr'><strong>nonnullis</strong></span> <span class='ocrx_word' id='word_1_187' title='bbox 957 2329 1574 2398; x_wconf 81' lang='lat' dir='ltr'><strong>ejusdemtractatibus</strong></span> <span class='ocrx_word' id='word_1_188' title='bbox 1617 2328 1846 2398; x_wconf 60' lang='lat' dir='ltr'><strong>praeﬁgi-</strong></span> 
     </span>
    </p>
   </div>
   <div class='ocr_carea' id='block_1_24' title="bbox 283 2421 1841 2491">
    <p class='ocr_par' dir='ltr' id='par_1_24' title="bbox 283 2421 1841 2491">
     <span class='ocr_line' id='line_1_45' title="bbox 283 2421 1841 2491; baseline -0.003 -13"><span class='ocrx_word' id='word_1_189' title='bbox 283 2437 391 2489; x_wconf 88' lang='lat' dir='ltr'><strong>tur,</strong></span> <span class='ocrx_word' id='word_1_190' title='bbox 442 2422 560 2476; x_wconf 84' lang='lat' dir='ltr'><strong>Nili</strong></span> <span class='ocrx_word' id='word_1_191' title='bbox 602 2423 978 2489; x_wconf 76' lang='lat' dir='ltr'><strong>archiepiscopi</strong></span> <span class='ocrx_word' id='word_1_192' title='bbox 1027 2421 1618 2488; x_wconf 79' lang='lat' dir='ltr'><strong>Constantinopolitani.</strong></span> <span class='ocrx_word' id='word_1_193' title='bbox 1657 2421 1841 2491; x_wconf 79' lang='lat' dir='ltr'><strong>Repu-</strong></span> 
     </span>
    </p>
   </div>
   <div class='ocr_carea' id='block_1_25' title="bbox 280 2511 1842 2582">
    <p class='ocr_par' dir='ltr' id='par_1_25' title="bbox 280 2511 1842 2582">
     <span class='ocr_line' id='line_1_46' title="bbox 280 2511 1842 2582; baseline -0.003 -13"><span class='ocrx_word' id='word_1_194' title='bbox 280 2514 515 2569; x_wconf 88' lang='lat' dir='ltr'><strong>diandus</strong></span> <span class='ocrx_word' id='word_1_195' title='bbox 550 2516 731 2582; x_wconf 85' lang='lat' dir='ltr'><strong>itaque</strong></span> <span class='ocrx_word' id='word_1_196' title='bbox 772 2524 852 2568; x_wconf 81' lang='lat' dir='ltr'><strong>est</strong></span> <span class='ocrx_word' id='word_1_197' title='bbox 897 2513 1047 2567; x_wconf 76' lang='lat' dir='ltr'><strong>Nilus</strong></span> <span class='ocrx_word' id='word_1_198' title='bbox 1096 2523 1298 2578; x_wconf 80' lang='lat' dir='ltr'><strong>asccta,</strong></span> <span class='ocrx_word' id='word_1_199' title='bbox 1347 2521 1401 2568; x_wconf 88' lang='lat' dir='ltr'><strong>et</strong></span> <span class='ocrx_word' id='word_1_200' title='bbox 1451 2514 1601 2567; x_wconf 81' lang='lat' dir='ltr'><strong>Nilus</strong></span> <span class='ocrx_word' id='word_1_201' title='bbox 1659 2511 1842 2567; x_wconf 86' lang='lat' dir='ltr'><strong>archi-</strong></span> 
     </span>
    </p>
   </div>
   <div class='ocr_carea' id='block_1_26' title="bbox 279 2602 1840 2677">
    <p class='ocr_par' dir='ltr' id='par_1_26' title="bbox 279 2602 1840 2677">
     <span class='ocr_line' id='line_1_47' title="bbox 279 2602 1840 2677; baseline -0.004 -15"><span class='ocrx_word' id='word_1_202' title='bbox 279 2608 567 2677; x_wconf 82' lang='lat' dir='ltr'><strong>episcopus</strong></span> <span class='ocrx_word' id='word_1_203' title='bbox 616 2603 1256 2674; x_wconf 68' lang='lat' dir='ltr'><strong>Constantinopilitanus</strong></span> <span class='ocrx_word' id='word_1_204' title='bbox 1304 2605 1735 2674; x_wconf 71' lang='lat' dir='ltr'><strong>investiganalus.</strong></span> <span class='ocrx_word' id='word_1_205' title='bbox 1785 2602 1840 2656; x_wconf 91' lang='lat' dir='ltr'><strong>In</strong></span> 
     </span>
    </p>
   </div>
   <div class='ocr_carea' id='block_1_27' title="bbox 279 2693 1839 2763">
    <p class='ocr_par' dir='ltr' id='par_1_27' title="bbox 279 2693 1839 2763">
     <span class='ocr_line' id='line_1_48' title="bbox 279 2693 1839 2763; baseline -0.004 -12"><span class='ocrx_word' id='word_1_206' title='bbox 279 2695 574 2756; x_wconf 88' lang='lat' dir='ltr'><strong>nonnullis,</strong></span> <span class='ocrx_word' id='word_1_207' title='bbox 595 2694 701 2746; x_wconf 77' lang='lat' dir='ltr'><strong>Nili</strong></span> <span class='ocrx_word' id='word_1_208' title='bbox 725 2693 964 2758; x_wconf 83' lang='lat' dir='ltr'><strong>abbatis;</strong></span> <span class='ocrx_word' id='word_1_209' title='bbox 987 2695 1314 2762; x_wconf 77' lang='lat' dir='ltr'><strong>rcjiciendns</strong></span> <span class='ocrx_word' id='word_1_210' title='bbox 1335 2695 1517 2763; x_wconf 84' lang='lat' dir='ltr'><strong>itaque</strong></span> <span class='ocrx_word' id='word_1_211' title='bbox 1536 2704 1618 2747; x_wconf 89' lang='lat' dir='ltr'><strong>est</strong></span> <span class='ocrx_word' id='word_1_212' title='bbox 1636 2704 1839 2757; x_wconf 78' lang='lat' dir='ltr'><strong>:rsceta,</strong></span> 
     </span>
    </p>
   </div>
   <div class='ocr_carea' id='block_1_28' title="bbox 279 2783 1840 2855">
    <p class='ocr_par' dir='ltr' id='par_1_28' title="bbox 279 2783 1840 2855">
     <span class='ocr_line' id='line_1_49' title="bbox 279 2783 1840 2855; baseline -0.006 -13"><span class='ocrx_word' id='word_1_213' title='bbox 279 2796 332 2842; x_wconf 87' lang='lat' dir='ltr'><strong>et</strong></span> <span class='ocrx_word' id='word_1_214' title='bbox 353 2786 504 2841; x_wconf 88' lang='lat' dir='ltr'><strong>Nilus</strong></span> <span class='ocrx_word' id='word_1_215' title='bbox 533 2786 698 2839; x_wconf 84' lang='lat' dir='ltr'><strong>abbas</strong></span> <span class='ocrx_word' id='word_1_216' title='bbox 731 2784 1178 2855; x_wconf 78' lang='lat' dir='ltr'><strong>perscrutandus.</strong></span> <span class='ocrx_word' id='word_1_217' title='bbox 1216 2784 1320 2837; x_wconf 86' lang='lat' dir='ltr'><strong>Sed</strong></span> <span class='ocrx_word' id='word_1_218' title='bbox 1353 2783 1507 2837; x_wconf 77' lang='lat' dir='ltr'><strong>Nilus</strong></span> <span class='ocrx_word' id='word_1_219' title='bbox 1529 2796 1708 2837; x_wconf 78' lang='lat' dir='ltr'><strong>ascela</strong></span> <span class='ocrx_word' id='word_1_220' title='bbox 1733 2797 1840 2834; x_wconf 91' lang='lat' dir='ltr'><strong>non</strong></span> 
     </span>
    </p>
   </div>
   <div class='ocr_carea' id='block_1_29' title="bbox 280 2870 1839 2948">
    <p class='ocr_par' dir='ltr' id='par_1_29' title="bbox 280 2870 1839 2948">
     <span class='ocr_line' id='line_1_50' title="bbox 280 2870 1839 2948; baseline -0.006 -14"><span class='ocrx_word' id='word_1_221' title='bbox 280 2881 380 2936; x_wconf 82' lang='lat' dir='ltr'><strong>luit</strong></span> <span class='ocrx_word' id='word_1_222' title='bbox 435 2895 610 2948; x_wconf 90' lang='lat' dir='ltr'><strong>neque</strong></span> <span class='ocrx_word' id='word_1_223' title='bbox 659 2877 990 2946; x_wconf 57' lang='lat' dir='ltr'><strong>cpia-opus,</strong></span> <span class='ocrx_word' id='word_1_224' title='bbox 1054 2889 1231 2943; x_wconf 90' lang='lat' dir='ltr'><strong>neque</strong></span> <span class='ocrx_word' id='word_1_225' title='bbox 1287 2884 1516 2944; x_wconf 83' lang='lat' dir='ltr'><strong>martyr.</strong></span> <span class='ocrx_word' id='word_1_226' title='bbox 1577 2873 1736 2928; x_wconf 88' lang='lat' dir='ltr'><strong>Unde</strong></span> <span class='ocrx_word' id='word_1_227' title='bbox 1787 2870 1839 2924; x_wconf 91' lang='lat' dir='ltr'><strong>id</strong></span> 
     </span>
    </p>
   </div>
   <div class='ocr_carea' id='block_1_30' title="bbox 281 2964 1840 3028">
    <p class='ocr_par' dir='ltr' id='par_1_30' title="bbox 281 2964 1840 3028">
     <span class='ocr_line' id='line_1_51' title="bbox 281 2964 1840 3028; baseline -0.006 -2"><span class='ocrx_word' id='word_1_228' title='bbox 281 2972 478 3028; x_wconf 85' lang='lat' dir='ltr'><strong>habes?</strong></span> <span class='ocrx_word' id='word_1_229' title='bbox 529 2971 638 3024; x_wconf 85' lang='lat' dir='ltr'><strong>Nec</strong></span> <span class='ocrx_word' id='word_1_230' title='bbox 668 2969 834 3023; x_wconf 80' lang='lat' dir='ltr'><strong>etiam</strong></span> <span class='ocrx_word' id='word_1_231' title='bbox 868 2970 972 3024; x_wconf 88' lang='lat' dir='ltr'><strong>sub</strong></span> <span class='ocrx_word' id='word_1_232' title='bbox 1005 2968 1226 3022; x_wconf 86' lang='lat' dir='ltr'><strong>nomine</strong></span> <span class='ocrx_word' id='word_1_233' title='bbox 1275 2965 1576 3020; x_wconf 86' lang='lat' dir='ltr'><strong>sacerdotis</strong></span> <span class='ocrx_word' id='word_1_234' title='bbox 1626 2964 1840 3016; x_wconf 87' lang='lat' dir='ltr'><strong>innote-</strong></span> 
     </span>
    </p>
   </div>
   <div class='ocr_carea' id='block_1_31' title="bbox 283 3054 1837 3128">
    <p class='ocr_par' dir='ltr' id='par_1_31' title="bbox 283 3054 1837 3128">
     <span class='ocr_line' id='line_1_52' title="bbox 283 3054 1837 3128; baseline -0.007 -11"><span class='ocrx_word' id='word_1_235' title='bbox 283 3062 404 3122; x_wconf 85' lang='lat' dir='ltr'><strong>scit,</strong></span> <span class='ocrx_word' id='word_1_236' title='bbox 429 3070 676 3114; x_wconf 84' lang='lat' dir='ltr'><strong>ettanren</strong></span> <span class='ocrx_word' id='word_1_237' title='bbox 708 3059 1015 3113; x_wconf 83' lang='lat' dir='ltr'><strong>sacerdotio</strong></span> <span class='ocrx_word' id='word_1_238' title='bbox 1047 3058 1332 3128; x_wconf 64' lang='lat' dir='ltr'><strong>praeditum</strong></span> <span class='ocrx_word' id='word_1_239' title='bbox 1358 3057 1528 3110; x_wconf 82' lang='lat' dir='ltr'><strong>luisse</strong></span> <span class='ocrx_word' id='word_1_240' title='bbox 1555 3071 1617 3110; x_wconf 76' lang='lat' dir='ltr'><strong>ex</strong></span> <span class='ocrx_word' id='word_1_241' title='bbox 1649 3054 1837 3108; x_wconf 89' lang='lat' dir='ltr'><strong>eodem</strong></span> 
     </span>
    </p>
   </div>
   <div class='ocr_carea' id='block_1_32' title="bbox 283 3144 1840 3223">
    <p class='ocr_par' dir='ltr' id='par_1_32' title="bbox 283 3144 1840 3223">
     <span class='ocr_line' id='line_1_53' title="bbox 283 3144 1840 3223; baseline -0.008 -16"><span class='ocrx_word' id='word_1_242' title='bbox 283 3154 550 3223; x_wconf 87' lang='lat' dir='ltr'><strong>perdisco.</strong></span> <span class='ocrx_word' id='word_1_243' title='bbox 581 3151 681 3206; x_wconf 72' lang='lat' dir='ltr'><strong>Sed</strong></span> <span class='ocrx_word' id='word_1_244' title='bbox 712 3151 898 3206; x_wconf 69' lang='lat' dir='ltr'><strong>Sixtus</strong></span> <span class='ocrx_word' id='word_1_245' title='bbox 935 3149 1180 3204; x_wconf 81' lang='lat' dir='ltr'><strong>Senensis</strong></span> <span class='ocrx_word' id='word_1_246' title='bbox 1210 3149 1414 3202; x_wconf 89' lang='lat' dir='ltr'><strong>nullam</strong></span> <span class='ocrx_word' id='word_1_247' title='bbox 1446 3149 1508 3200; x_wconf 89' lang='lat' dir='ltr'><strong>de</strong></span> <span class='ocrx_word' id='word_1_248' title='bbox 1535 3144 1840 3216; x_wconf 79' lang='lat' dir='ltr'><strong>Itujusmcdi</strong></span> 
     </span>
    </p>
   </div>
   <div class='ocr_carea' id='block_1_33' title="bbox 283 3241 1841 3309">
    <p class='ocr_par' dir='ltr' id='par_1_33' title="bbox 283 3241 1841 3309">
     <span class='ocr_line' id='line_1_54' title="bbox 283 3241 1841 3309; baseline -0.009 -9"><span class='ocrx_word' id='word_1_249' title='bbox 283 3246 543 3300; x_wconf 79' lang='lat' dir='ltr'><strong>sententiis</strong></span> <span class='ocrx_word' id='word_1_250' title='bbox 584 3243 896 3296; x_wconf 75' lang='lat' dir='ltr'><strong>mentionem</strong></span> <span class='ocrx_word' id='word_1_251' title='bbox 939 3241 1083 3309; x_wconf 73' lang='lat' dir='ltr'><strong>fecit.</strong></span> <span class='ocrx_word' id='word_1_252' title='bbox 1135 3241 1286 3303; x_wconf 78' lang='lat' dir='ltr'><strong>Esto,</strong></span> <span class='ocrx_word' id='word_1_253' title='bbox 1334 3255 1523 3294; x_wconf 88' lang='lat' dir='ltr'><strong>verum</strong></span> <span class='ocrx_word' id='word_1_254' title='bbox 1568 3249 1671 3300; x_wconf 88' lang='lat' dir='ltr'><strong>cst,</strong></span> <span class='ocrx_word' id='word_1_255' title='bbox 1722 3251 1841 3288; x_wconf 85' lang='lat' dir='ltr'><strong>cum</strong></span> 
     </span>
    </p>
   </div>
   <div class='ocr_carea' id='block_1_34' title="bbox 280 3329 1840 3400">
    <p class='ocr_par' dir='ltr' id='par_1_34' title="bbox 280 3329 1840 3400">
     <span class='ocr_line' id='line_1_55' title="bbox 280 3329 1840 3400; baseline -0.005 -14"><span class='ocrx_word' id='word_1_256' title='bbox 280 3351 367 3388; x_wconf 86' lang='lat' dir='ltr'><strong>nec</strong></span> <span class='ocrx_word' id='word_1_257' title='bbox 406 3335 468 3385; x_wconf 88' lang='lat' dir='ltr'><strong>de</strong></span> <span class='ocrx_word' id='word_1_258' title='bbox 496 3334 620 3386; x_wconf 87' lang='lat' dir='ltr'><strong>aliis</strong></span> <span class='ocrx_word' id='word_1_259' title='bbox 655 3332 970 3386; x_wconf 77' lang='lat' dir='ltr'><strong>tractatibus</strong></span> <span class='ocrx_word' id='word_1_260' title='bbox 1012 3331 1216 3400; x_wconf 75' lang='lat' dir='ltr'><strong>fecerit,</strong></span> <span class='ocrx_word' id='word_1_261' title='bbox 1269 3329 1359 3384; x_wconf 84' lang='lat' dir='ltr'><strong>sed</strong></span> <span class='ocrx_word' id='word_1_262' title='bbox 1409 3329 1472 3380; x_wconf 89' lang='lat' dir='ltr'><strong>de</strong></span> <span class='ocrx_word' id='word_1_263' title='bbox 1507 3329 1573 3381; x_wconf 85' lang='lat' dir='ltr'><strong>iis</strong></span> <span class='ocrx_word' id='word_1_264' title='bbox 1603 3337 1840 3388; x_wconf 67' lang='lat' dir='ltr'><strong>tantum,</strong></span> 
     </span>
    </p>
   </div>
   <div class='ocr_carea' id='block_1_35' title="bbox 282 3421 1841 3492">
    <p class='ocr_par' dir='ltr' id='par_1_35' title="bbox 282 3421 1841 3492">
     <span class='ocr_line' id='line_1_56' title="bbox 282 3421 1841 3492; baseline -0.003 -17"><span class='ocrx_word' id='word_1_265' title='bbox 282 3440 393 3492; x_wconf 77' lang='lat' dir='ltr'><strong>qua:</strong></span> <span class='ocrx_word' id='word_1_266' title='bbox 432 3426 486 3476; x_wconf 91' lang='lat' dir='ltr'><strong>in</strong></span> <span class='ocrx_word' id='word_1_267' title='bbox 526 3439 796 3477; x_wconf 80' lang='lat' dir='ltr'><strong>sacrorum</strong></span> <span class='ocrx_word' id='word_1_268' title='bbox 837 3421 1110 3475; x_wconf 88' lang='lat' dir='ltr'><strong>Librorum</strong></span> <span class='ocrx_word' id='word_1_269' title='bbox 1152 3422 1502 3488; x_wconf 75' lang='lat' dir='ltr'><strong>explicatione</strong></span> <span class='ocrx_word' id='word_1_270' title='bbox 1545 3426 1841 3472; x_wconf 75' lang='lat' dir='ltr'><strong>versantur.</strong></span> 
     </span>
    </p>
   </div>
   <div class='ocr_carea' id='block_1_36' title="bbox 277 3502 1841 3580">
    <p class='ocr_par' dir='ltr' id='par_1_36' title="bbox 277 3502 1841 3580">
     <span class='ocr_line' id='line_1_57' title="bbox 277 3502 1841 3580; baseline -0.008 -15"><span class='ocrx_word' id='word_1_271' title='bbox 277 3511 456 3578; x_wconf 87' lang='lat' dir='ltr'><strong>Quare</strong></span> <span class='ocrx_word' id='word_1_272' title='bbox 493 3514 675 3580; x_wconf 80' lang='lat' dir='ltr'><strong>itaque</strong></span> <span class='ocrx_word' id='word_1_273' title='bbox 827 3511 1004 3580; x_wconf 90' lang='lat' dir='ltr'><strong>ipsius</strong></span> <span class='ocrx_word' id='word_1_274' title='bbox 1041 3511 1095 3562; x_wconf 90' lang='lat' dir='ltr'><strong>in</strong></span> <span class='ocrx_word' id='word_1_275' title='bbox 1128 3509 1350 3562; x_wconf 85' lang='lat' dir='ltr'><strong>Cantica</strong></span> <span class='ocrx_word' id='word_1_276' title='bbox 1383 3507 1748 3566; x_wconf 80' lang='lat' dir='ltr'><strong>canticorum,</strong></span> <span class='ocrx_word' id='word_1_277' title='bbox 1789 3502 1841 3554; x_wconf 93' lang='lat' dir='ltr'><strong>in</strong></span> 
     </span>
    </p>
   </div>
   <div class='ocr_carea' id='block_1_37' title="bbox 279 3598 1845 3669">
    <p class='ocr_par' dir='ltr' id='par_1_37' title="bbox 279 3598 1845 3669">
     <span class='ocr_line' id='line_1_58' title="bbox 279 3598 1845 3669; baseline -0.004 -15"><span class='ocrx_word' id='word_1_278' title='bbox 279 3603 636 3669; x_wconf 82' lang='lat' dir='ltr'><strong>Evangelinm</strong></span> <span class='ocrx_word' id='word_1_279' title='bbox 678 3601 858 3666; x_wconf 59' lang='lat' dir='ltr'><strong>Luca,</strong></span> <span class='ocrx_word' id='word_1_280' title='bbox 895 3605 949 3656; x_wconf 92' lang='lat' dir='ltr'><strong>in</strong></span> <span class='ocrx_word' id='word_1_281' title='bbox 994 3600 1260 3661; x_wconf 80' lang='lat' dir='ltr'><strong>Psalmos,</strong></span> <span class='ocrx_word' id='word_1_282' title='bbox 1291 3607 1344 3652; x_wconf 89' lang='lat' dir='ltr'><strong>et</strong></span> <span class='ocrx_word' id='word_1_283' title='bbox 1387 3601 1440 3651; x_wconf 90' lang='lat' dir='ltr'><strong>in</strong></span> <span class='ocrx_word' id='word_1_284' title='bbox 1487 3598 1622 3652; x_wconf 86' lang='lat' dir='ltr'><strong>alios</strong></span> <span class='ocrx_word' id='word_1_285' title='bbox 1671 3609 1845 3650; x_wconf 64' lang='lat' dir='ltr'><strong>sacra:</strong></span> 
     </span>
    </p>
   </div>
   <div class='ocr_carea' id='block_1_38' title="bbox 273 3685 1844 3762">
    <p class='ocr_par' dir='ltr' id='par_1_38' title="bbox 273 3685 1844 3762">
     <span class='ocr_line' id='line_1_59' title="bbox 273 3685 1844 3762; baseline -0.006 -16"><span class='ocrx_word' id='word_1_286' title='bbox 273 3693 584 3762; x_wconf 72' lang='lat' dir='ltr'><strong>Scriptura:</strong></span> <span class='ocrx_word' id='word_1_287' title='bbox 621 3693 785 3746; x_wconf 91' lang='lat' dir='ltr'><strong>libros</strong></span> <span class='ocrx_word' id='word_1_288' title='bbox 819 3692 1214 3760; x_wconf 81' lang='lat' dir='ltr'><strong>explicationes</strong></span> <span class='ocrx_word' id='word_1_289' title='bbox 1239 3706 1344 3742; x_wconf 91' lang='lat' dir='ltr'><strong>non</strong></span> <span class='ocrx_word' id='word_1_290' title='bbox 1375 3685 1844 3746; x_wconf 83' lang='lat' dir='ltr'><strong>connucmoravit,</strong></span> 
     </span>
    </p>
   </div>
   <div class='ocr_carea' id='block_1_39' title="bbox 273 3773 1850 3851">
    <p class='ocr_par' dir='ltr' id='par_1_39' title="bbox 273 3773 1850 3851">
     <span class='ocr_line' id='line_1_60' title="bbox 273 3773 1850 3851; baseline -0.004 -16"><span class='ocrx_word' id='word_1_291' title='bbox 273 3797 412 3848; x_wconf 86' lang='lat' dir='ltr'><strong>quas</strong></span> <span class='ocrx_word' id='word_1_292' title='bbox 438 3782 506 3834; x_wconf 88' lang='lat' dir='ltr'><strong>ad</strong></span> <span class='ocrx_word' id='word_1_293' title='bbox 536 3783 648 3835; x_wconf 68' lang='lat' dir='ltr'><strong>haec</strong></span> <span class='ocrx_word' id='word_1_294' title='bbox 673 3792 918 3851; x_wconf 83' lang='lat' dir='ltr'><strong>tempora</strong></span> <span class='ocrx_word' id='word_1_295' title='bbox 946 3781 1302 3849; x_wconf 86' lang='lat' dir='ltr'><strong>manuscripti</strong></span> <span class='ocrx_word' id='word_1_296' title='bbox 1328 3779 1548 3832; x_wconf 81' lang='lat' dir='ltr'><strong>codices</strong></span> <span class='ocrx_word' id='word_1_297' title='bbox 1579 3773 1850 3829; x_wconf 80' lang='lat' dir='ltr'><strong>retinent?</strong></span> 
     </span>
    </p>
   </div>
   <div class='ocr_carea' id='block_1_40' title="bbox 267 3868 1847 3942">
    <p class='ocr_par' dir='ltr' id='par_1_40' title="bbox 267 3868 1847 3942">
     <span class='ocr_line' id='line_1_61' title="bbox 267 3868 1847 3942; baseline -0.004 -16"><span class='ocrx_word' id='word_1_298' title='bbox 267 3871 390 3926; x_wconf 75' lang='lat' dir='ltr'><strong>Non</strong></span> <span class='ocrx_word' id='word_1_299' title='bbox 425 3874 539 3926; x_wconf 88' lang='lat' dir='ltr'><strong>dici</strong></span> <span class='ocrx_word' id='word_1_300' title='bbox 570 3881 746 3942; x_wconf 84' lang='lat' dir='ltr'><strong>potest</strong></span> <span class='ocrx_word' id='word_1_301' title='bbox 803 3871 908 3925; x_wconf 81' lang='lat' dir='ltr'><strong>Nili</strong></span> <span class='ocrx_word' id='word_1_302' title='bbox 953 3873 1006 3926; x_wconf 88' lang='lat' dir='ltr'><strong>in</strong></span> <span class='ocrx_word' id='word_1_303' title='bbox 1045 3870 1148 3926; x_wconf 78' lang='lat' dir='ltr'><strong>Job</strong></span> <span class='ocrx_word' id='word_1_304' title='bbox 1186 3871 1593 3925; x_wconf 80' lang='lat' dir='ltr'><strong>Commentaria</strong></span> <span class='ocrx_word' id='word_1_305' title='bbox 1637 3868 1847 3938; x_wconf 75' lang='lat' dir='ltr'><strong>prolixa</strong></span> 
     </span>
    </p>
   </div>
   <div class='ocr_carea' id='block_1_41' title="bbox 269 3958 1850 4032">
    <p class='ocr_par' dir='ltr' id='par_1_41' title="bbox 269 3958 1850 4032">
     <span class='ocr_line' id='line_1_62' title="bbox 269 3958 1850 4032; baseline -0.003 -18"><span class='ocrx_word' id='word_1_306' title='bbox 269 3962 472 4023; x_wconf 80' lang='lat' dir='ltr'><strong>fuisse,</strong></span> <span class='ocrx_word' id='word_1_307' title='bbox 511 3964 569 4016; x_wconf 90' lang='lat' dir='ltr'><strong>in</strong></span> <span class='ocrx_word' id='word_1_308' title='bbox 603 3964 720 4017; x_wconf 88' lang='lat' dir='ltr'><strong>aliis</strong></span> <span class='ocrx_word' id='word_1_309' title='bbox 751 3964 874 4016; x_wconf 88' lang='lat' dir='ltr'><strong>hinc</strong></span> <span class='ocrx_word' id='word_1_310' title='bbox 905 3964 1028 4018; x_wconf 90' lang='lat' dir='ltr'><strong>inde</strong></span> <span class='ocrx_word' id='word_1_311' title='bbox 1061 3979 1123 4016; x_wconf 75' lang='lat' dir='ltr'><strong>ex</strong></span> <span class='ocrx_word' id='word_1_312' title='bbox 1158 3963 1334 4032; x_wconf 85' lang='lat' dir='ltr'><strong>ipsius</strong></span> <span class='ocrx_word' id='word_1_313' title='bbox 1372 3962 1634 4030; x_wconf 74' lang='lat' dir='ltr'><strong>Oper-ibus</strong></span> <span class='ocrx_word' id='word_1_314' title='bbox 1676 3958 1850 4011; x_wconf 87' lang='lat' dir='ltr'><strong>recol-</strong></span> 
     </span>
    </p>
   </div>
   <div class='ocr_carea' id='block_1_42' title="bbox 260 4049 1850 4120">
    <p class='ocr_par' dir='ltr' id='par_1_42' title="bbox 260 4049 1850 4120">
     <span class='ocr_line' id='line_1_63' title="bbox 260 4049 1850 4120; baseline -0.001 -16"><span class='ocrx_word' id='word_1_315' title='bbox 260 4052 449 4107; x_wconf 86' lang='lat' dir='ltr'><strong>lectas</strong></span> <span class='ocrx_word' id='word_1_316' title='bbox 479 4053 859 4120; x_wconf 71' lang='lat' dir='ltr'><strong>expositiones</strong></span> <span class='ocrx_word' id='word_1_317' title='bbox 906 4071 917 4106; x_wconf 96' lang='lat'>:</span> <span class='ocrx_word' id='word_1_318' title='bbox 955 4069 1076 4105; x_wconf 89' lang='lat' dir='ltr'><strong>cum</strong></span> <span class='ocrx_word' id='word_1_319' title='bbox 1122 4054 1174 4106; x_wconf 88' lang='lat' dir='ltr'><strong>in</strong></span> <span class='ocrx_word' id='word_1_320' title='bbox 1213 4051 1318 4106; x_wconf 84' lang='lat' dir='ltr'><strong>Joh</strong></span> <span class='ocrx_word' id='word_1_321' title='bbox 1361 4053 1550 4105; x_wconf 86' lang='lat' dir='ltr'><strong>eodem</strong></span> <span class='ocrx_word' id='word_1_322' title='bbox 1589 4049 1749 4102; x_wconf 85' lang='lat' dir='ltr'><strong>modo</strong></span> <span class='ocrx_word' id='word_1_323' title='bbox 1792 4063 1850 4102; x_wconf 88' lang='lat' dir='ltr'><strong>se</strong></span> 
     </span>
    </p>
   </div>
   <div class='ocr_carea' id='block_1_43' title="bbox 259 4142 1850 4206">
    <p class='ocr_par' dir='ltr' id='par_1_43' title="bbox 259 4142 1850 4206">
     <span class='ocr_line' id='line_1_64' title="bbox 259 4142 1850 4206; baseline -0.001 -13"><span class='ocrx_word' id='word_1_324' title='bbox 259 4142 492 4206; x_wconf 85' lang='lat' dir='ltr'><strong>habeat,</strong></span> <span class='ocrx_word' id='word_1_325' title='bbox 533 4150 592 4196; x_wconf 92' lang='lat' dir='ltr'><strong>et</strong></span> <span class='ocrx_word' id='word_1_326' title='bbox 642 4143 692 4196; x_wconf 93' lang='lat' dir='ltr'><strong>in</strong></span> <span class='ocrx_word' id='word_1_327' title='bbox 726 4143 1010 4198; x_wconf 83' lang='lat' dir='ltr'><strong>Canticum</strong></span> <span class='ocrx_word' id='word_1_328' title='bbox 1051 4145 1394 4198; x_wconf 84' lang='lat' dir='ltr'><strong>canticorum</strong></span> <span class='ocrx_word' id='word_1_329' title='bbox 1449 4142 1519 4196; x_wconf 89' lang='lat' dir='ltr'><strong>sit</strong></span> <span class='ocrx_word' id='word_1_330' title='bbox 1568 4155 1850 4194; x_wconf 69' lang='lat' dir='ltr'><strong>commen-</strong></span> 
     </span>
    </p>
   </div>
   <div class='ocr_carea' id='block_1_44' title="bbox 253 4235 715 4305">
    <p class='ocr_par' dir='ltr' id='par_1_44' title="bbox 253 4235 715 4305">
     <span class='ocr_line' id='line_1_65' title="bbox 253 4235 715 4305; baseline 0.002 -19"><span class='ocrx_word' id='word_1_331' title='bbox 253 4235 439 4305; x_wconf 74' lang='lat' dir='ltr'><strong>tarius</strong></span> <span class='ocrx_word' id='word_1_332' title='bbox 467 4235 715 4302; x_wconf 75' lang='lat' dir='ltr'><strong>integer.</strong></span> 
     </span>
    </p>
   </div>
   <div class='ocr_carea' id='block_1_45' title="bbox 325 4323 1852 4390">
    <p class='ocr_par' dir='ltr' id='par_1_45' title="bbox 325 4323 1852 4390">
     <span class='ocr_line' id='line_1_66' title="bbox 325 4323 1852 4390; baseline 0.001 -13"><span class='ocrx_word' id='word_1_333' title='bbox 325 4324 438 4378; x_wconf 87' lang='lat' dir='ltr'><strong>Nili</strong></span> <span class='ocrx_word' id='word_1_334' title='bbox 477 4326 745 4379; x_wconf 85' lang='lat' dir='ltr'><strong>monachi</strong></span> <span class='ocrx_word' id='word_1_335' title='bbox 771 4327 1011 4382; x_wconf 67' lang='lat' dir='ltr'><strong>ercmitm</strong></span> <span class='ocrx_word' id='word_1_336' title='bbox 1056 4325 1372 4390; x_wconf 79' lang='lat' dir='ltr'><strong>Historiam,</strong></span> <span class='ocrx_word' id='word_1_337' title='bbox 1407 4327 1521 4379; x_wconf 84' lang='lat' dir='ltr'><strong>sive</strong></span> <span class='ocrx_word' id='word_1_338' title='bbox 1565 4323 1852 4378; x_wconf 84' lang='lat' dir='ltr'><strong>Narratio-</strong></span> 
     </span>
    </p>
   </div>
   <div class='ocr_carea' id='block_1_46' title="bbox 245 4417 1852 4486">
    <p class='ocr_par' dir='ltr' id='par_1_46' title="bbox 245 4417 1852 4486">
     <span class='ocr_line' id='line_1_67' title="bbox 245 4417 1852 4486; baseline 0.001 -18"><span class='ocrx_word' id='word_1_339' title='bbox 245 4431 362 4477; x_wconf 86' lang='lat' dir='ltr'><strong>nes,</strong></span> <span class='ocrx_word' id='word_1_340' title='bbox 414 4417 628 4486; x_wconf 82' lang='lat' dir='ltr'><strong>quibus</strong></span> <span class='ocrx_word' id='word_1_341' title='bbox 687 4417 850 4470; x_wconf 81' lang='lat' dir='ltr'><strong>cades</strong></span> <span class='ocrx_word' id='word_1_342' title='bbox 908 4417 1285 4471; x_wconf 81' lang='lat' dir='ltr'><strong>monachorum</strong></span> <span class='ocrx_word' id='word_1_343' title='bbox 1339 4419 1532 4470; x_wconf 89' lang='lat' dir='ltr'><strong>montis</strong></span> <span class='ocrx_word' id='word_1_344' title='bbox 1583 4417 1746 4481; x_wconf 81' lang='lat' dir='ltr'><strong>Since,</strong></span> <span class='ocrx_word' id='word_1_345' title='bbox 1803 4427 1852 4471; x_wconf 91' lang='lat' dir='ltr'><strong>et</strong></span> 
     </span>
    </p>
   </div>
   <div class='ocr_carea' id='block_1_47' title="bbox 246 4507 1854 4578">
    <p class='ocr_par' dir='ltr' id='par_1_47' title="bbox 246 4507 1854 4578">
     <span class='ocr_line' id='line_1_68' title="bbox 246 4507 1854 4578; baseline 0 -19"><span class='ocrx_word' id='word_1_346' title='bbox 246 4510 544 4575; x_wconf 80' lang='lat' dir='ltr'><strong>captivitas</strong></span> <span class='ocrx_word' id='word_1_347' title='bbox 596 4507 854 4562; x_wconf 78' lang='lat' dir='ltr'><strong>Theoduli</strong></span> <span class='ocrx_word' id='word_1_348' title='bbox 906 4508 1018 4576; x_wconf 82' lang='lat' dir='ltr'><strong>ejus</strong></span> <span class='ocrx_word' id='word_1_349' title='bbox 1071 4509 1173 4576; x_wconf 72' lang='lat' dir='ltr'><strong>ﬁlii</strong></span> <span class='ocrx_word' id='word_1_350' title='bbox 1219 4508 1534 4560; x_wconf 76' lang='lat' dir='ltr'><strong>describitur</strong></span> <span class='ocrx_word' id='word_1_351' title='bbox 1565 4527 1578 4562; x_wconf 90' lang='lat'><strong>:</strong></span> <span class='ocrx_word' id='word_1_352' title='bbox 1615 4507 1708 4570; x_wconf 73' lang='lat' dir='ltr'><strong>Et;</strong></span> <span class='ocrx_word' id='word_1_353' title='bbox 1757 4507 1854 4578; x_wconf 76' lang='grc' dir='ltr'><strong>τὴν</strong></span> 
     </span>
    </p>
   </div>
   <div class='ocr_carea' id='block_1_48' title="bbox 238 4597 1855 4670">
    <p class='ocr_par' dir='ltr' id='par_1_48' title="bbox 238 4597 1855 4670">
     <span class='ocr_line' id='line_1_69' title="bbox 238 4597 1855 4670; baseline -0.002 -19"><span class='ocrx_word' id='word_1_354' title='bbox 238 4599 540 4670; x_wconf 75' lang='grc' dir='ltr'><strong>ἀναίρεσιν</strong></span> <span class='ocrx_word' id='word_1_355' title='bbox 581 4598 706 4652; x_wconf 83' lang='grc' dir='ltr'><strong>τῶν</strong></span> <span class='ocrx_word' id='word_1_356' title='bbox 749 4601 806 4652; x_wconf 79' lang='grc' dir='ltr'><strong>ὲν</strong></span> <span class='ocrx_word' id='word_1_357' title='bbox 861 4599 940 4669; x_wconf 77' lang='grc' dir='ltr'>τῷ</span> <span class='ocrx_word' id='word_1_358' title='bbox 998 4599 1113 4668; x_wconf 82' lang='grc' dir='ltr'><strong>δρει</strong></span> <span class='ocrx_word' id='word_1_359' title='bbox 1151 4600 1279 4668; x_wconf 80' lang='grc' dir='ltr'><strong>Σινᾷ</strong></span> <span class='ocrx_word' id='word_1_360' title='bbox 1313 4597 1596 4669; x_wconf 80' lang='grc' dir='ltr'><strong>Μοναχῶν,</strong></span> <span class='ocrx_word' id='word_1_361' title='bbox 1640 4602 1734 4651; x_wconf 74' lang='grc' dir='ltr'><strong>καὶ</strong></span> <span class='ocrx_word' id='word_1_362' title='bbox 1776 4600 1855 4660; x_wconf 76' lang='grc' dir='ltr'><strong>εἰς</strong></span> 
     </span>
    </p>
   </div>
   <div class='ocr_carea' id='block_1_49' title="bbox 236 4690 1852 4762">
    <p class='ocr_par' dir='ltr' id='par_1_49' title="bbox 236 4690 1852 4762">
     <span class='ocr_line' id='line_1_70' title="bbox 236 4690 1852 4762; baseline -0.001 -20"><span class='ocrx_word' id='word_1_363' title='bbox 236 4691 343 4762; x_wconf 75' lang='grc' dir='ltr'><strong>τὴν</strong></span> <span class='ocrx_word' id='word_1_364' title='bbox 435 4691 838 4762; x_wconf 75' lang='grc' dir='ltr'><strong>αἰχμαλωσίαν</strong></span> <span class='ocrx_word' id='word_1_365' title='bbox 911 4691 1005 4743; x_wconf 78' lang='grc' dir='ltr'><strong>τοῦ</strong></span> <span class='ocrx_word' id='word_1_366' title='bbox 1081 4691 1197 4743; x_wconf 80' lang='grc' dir='ltr'><strong>υἱοῦ</strong></span> <span class='ocrx_word' id='word_1_367' title='bbox 1267 4690 1430 4743; x_wconf 77' lang='grc' dir='ltr'><strong>αὑτοῦ</strong></span> <span class='ocrx_word' id='word_1_368' title='bbox 1512 4690 1802 4742; x_wconf 81' lang='grc' dir='ltr'><strong>Θεοδούλου</strong></span> <span class='ocrx_word' id='word_1_369' title='bbox 1837 4728 1852 4751; x_wconf 83' lang='grc'><strong><em>,</em></strong></span> 
     </span>
    </p>
   </div>
   <div class='ocr_carea' id='block_1_50' title="bbox 231 4779 1856 4837">
    <p class='ocr_par' dir='ltr' id='par_1_50' title="bbox 231 4779 1856 4837">
     <span class='ocr_line' id='line_1_71' title="bbox 231 4779 1856 4837; baseline -0.002 -2"><span class='ocrx_word' id='word_1_370' title='bbox 231 4791 562 4837; x_wconf 84' lang='lat' dir='ltr'><strong>extractam</strong></span> <span class='ocrx_word' id='word_1_371' title='bbox 623 4797 699 4835; x_wconf 82' lang='lat' dir='ltr'><strong>ex</strong></span> <span class='ocrx_word' id='word_1_372' title='bbox 751 4782 943 4836; x_wconf 87' lang='lat' dir='ltr'><strong>codice</strong></span> <span class='ocrx_word' id='word_1_373' title='bbox 976 4782 1042 4834; x_wconf 72' lang='lat'><strong>74</strong></span> <span class='ocrx_word' id='word_1_374' title='bbox 1093 4797 1194 4836; x_wconf 93' lang='lat' dir='ltr'><strong>ms.</strong></span> <span class='ocrx_word' id='word_1_375' title='bbox 1248 4780 1430 4834; x_wconf 89' lang='lat' dir='ltr'><strong>Caroli</strong></span> <span class='ocrx_word' id='word_1_376' title='bbox 1484 4781 1550 4834; x_wconf 91' lang='lat' dir='ltr'><strong>de</strong></span> <span class='ocrx_word' id='word_1_377' title='bbox 1602 4779 1856 4833; x_wconf 83' lang='lat' dir='ltr'><strong>Monchal</strong></span> 
     </span>
    </p>
   </div>
   <div class='ocr_carea' id='block_1_51' title="bbox 230 4871 1854 4943">
    <p class='ocr_par' dir='ltr' id='par_1_51' title="bbox 230 4871 1854 4943">
     <span class='ocr_line' id='line_1_72' title="bbox 230 4871 1854 4943; baseline 0 -19"><span class='ocrx_word' id='word_1_378' title='bbox 230 4874 678 4943; x_wconf 87' lang='lat' dir='ltr'><strong>archiepiscopi</strong></span> <span class='ocrx_word' id='word_1_379' title='bbox 712 4871 999 4936; x_wconf 88' lang='lat' dir='ltr'><strong>Tolosani,</strong></span> <span class='ocrx_word' id='word_1_380' title='bbox 1034 4881 1088 4926; x_wconf 92' lang='lat' dir='ltr'><strong>et</strong></span> <span class='ocrx_word' id='word_1_381' title='bbox 1126 4873 1300 4927; x_wconf 87' lang='lat' dir='ltr'><strong>eidem</strong></span> <span class='ocrx_word' id='word_1_382' title='bbox 1334 4881 1703 4940; x_wconf 86' lang='lat' dir='ltr'><strong>nuncupatam</strong></span> <span class='ocrx_word' id='word_1_383' title='bbox 1730 4887 1854 4924; x_wconf 89' lang='lat' dir='ltr'><strong>cum</strong></span> 
     </span>
    </p>
   </div>
   <div class='ocr_carea' id='block_1_52' title="bbox 223 4961 1858 5033">
    <p class='ocr_par' dir='ltr' id='par_1_52' title="bbox 223 4961 1858 5033">
     <span class='ocr_line' id='line_1_73' title="bbox 223 4961 1858 5033; baseline 0 -17"><span class='ocrx_word' id='word_1_384' title='bbox 223 4979 371 5017; x_wconf 84' lang='lat' dir='ltr'><strong>nova</strong></span> <span class='ocrx_word' id='word_1_385' title='bbox 411 4982 522 5021; x_wconf 87' lang='lat' dir='ltr'><strong>sua</strong></span> <span class='ocrx_word' id='word_1_386' title='bbox 556 4965 1042 5033; x_wconf 85' lang='lat' dir='ltr'><strong>interpretatione</strong></span> <span class='ocrx_word' id='word_1_387' title='bbox 1076 4974 1128 5018; x_wconf 91' lang='lat' dir='ltr'><strong>et</strong></span> <span class='ocrx_word' id='word_1_388' title='bbox 1165 4965 1330 5024; x_wconf 89' lang='lat' dir='ltr'><strong>notis,</strong></span> <span class='ocrx_word' id='word_1_389' title='bbox 1366 4963 1471 5018; x_wconf 91' lang='lat' dir='ltr'><strong>sub</strong></span> <span class='ocrx_word' id='word_1_390' title='bbox 1498 4963 1662 5016; x_wconf 91' lang='lat' dir='ltr'><strong>titulo</strong></span> <span class='ocrx_word' id='word_1_391' title='bbox 1699 4982 1711 5018; x_wconf 90' lang='lat'><strong>:</strong></span> <span class='ocrx_word' id='word_1_392' title='bbox 1740 4961 1858 5016; x_wconf 82' lang='lat' dir='ltr'><strong>Nili</strong></span> 
     </span>
    </p>
   </div>
   <div class='ocr_carea' id='block_1_53' title="bbox 218 5051 1857 5124">
    <p class='ocr_par' dir='ltr' id='par_1_53' title="bbox 218 5051 1857 5124">
     <span class='ocr_line' id='line_1_74' title="bbox 218 5051 1857 5124; baseline -0.001 -19"><span class='ocrx_word' id='word_1_393' title='bbox 218 5070 382 5122; x_wconf 87' lang='lat' dir='ltr'><strong>opera</strong></span> <span class='ocrx_word' id='word_1_394' title='bbox 432 5055 715 5124; x_wconf 70' lang='lat' dir='ltr'><strong>quietiam</strong></span> <span class='ocrx_word' id='word_1_395' title='bbox 775 5054 1008 5107; x_wconf 84' lang='lat' dir='ltr'><strong>nondum</strong></span> <span class='ocrx_word' id='word_1_396' title='bbox 1065 5055 1228 5117; x_wconf 87' lang='lat' dir='ltr'><strong>edita,</strong></span> <span class='ocrx_word' id='word_1_397' title='bbox 1281 5051 1509 5107; x_wconf 83' lang='lat' dir='ltr'><strong>Parisiis</strong></span> <span class='ocrx_word' id='word_1_398' title='bbox 1558 5052 1857 5120; x_wconf 76' lang='lat' dir='ltr'><strong>publicarit</strong></span> 
     </span>
    </p>
   </div>
   <div class='ocr_carea' id='block_1_54' title="bbox 214 5145 1855 5215">
    <p class='ocr_par' dir='ltr' id='par_1_54' title="bbox 214 5145 1855 5215">
     <span class='ocr_line' id='line_1_75' title="bbox 214 5145 1855 5215; baseline -0.001 -16"><span class='ocrx_word' id='word_1_399' title='bbox 214 5147 608 5204; x_wconf 83' lang='lat' dir='ltr'><strong>doctissimus</strong></span> <span class='ocrx_word' id='word_1_400' title='bbox 679 5146 896 5201; x_wconf 87' lang='lat' dir='ltr'><strong>Petrus</strong></span> <span class='ocrx_word' id='word_1_401' title='bbox 953 5146 1217 5201; x_wconf 84' lang='lat' dir='ltr'><strong>Possinus</strong></span> <span class='ocrx_word' id='word_1_402' title='bbox 1274 5145 1416 5215; x_wconf 87' lang='lat' dir='ltr'><strong>apud</strong></span> <span class='ocrx_word' id='word_1_403' title='bbox 1471 5145 1855 5198; x_wconf 86' lang='lat' dir='ltr'><strong>Sebastianum</strong></span> 
     </span>
    </p>
   </div>
   <div class='ocr_carea' id='block_1_55' title="bbox 209 5236 1859 5311">
    <p class='ocr_par' dir='ltr' id='par_1_55' title="bbox 209 5236 1859 5311">
     <span class='ocr_line' id='line_1_76' title="bbox 209 5236 1859 5311; baseline -0.001 -20"><span class='ocrx_word' id='word_1_404' title='bbox 209 5240 516 5310; x_wconf 76' lang='lat' dir='ltr'><strong>Cremoysi</strong></span> <span class='ocrx_word' id='word_1_405' title='bbox 553 5239 992 5311; x_wconf 79' lang='lat' dir='ltr'><strong>typographum</strong></span> <span class='ocrx_word' id='word_1_406' title='bbox 1017 5239 1248 5309; x_wconf 74' lang='lat' dir='ltr'><strong>regium,</strong></span> <span class='ocrx_word' id='word_1_407' title='bbox 1284 5238 1424 5291; x_wconf 67' lang='lat' dir='ltr'><strong>in-t.</strong></span> <span class='ocrx_word' id='word_1_408' title='bbox 1460 5236 1683 5291; x_wconf 84' lang='lat' dir='ltr'><strong>Addidit</strong></span> <span class='ocrx_word' id='word_1_409' title='bbox 1713 5239 1859 5305; x_wconf 86' lang='lat' dir='ltr'><strong>ejus-</strong></span> 
     </span>
    </p>
   </div>
   <div class='ocr_carea' id='block_1_56' title="bbox 208 5328 1858 5387">
    <p class='ocr_par' dir='ltr' id='par_1_56' title="bbox 208 5328 1858 5387">
     <span class='ocr_line' id='line_1_77' title="bbox 208 5328 1858 5387; baseline 0.001 -5"><span class='ocrx_word' id='word_1_410' title='bbox 208 5328 334 5385; x_wconf 89' lang='lat' dir='ltr'><strong>dem</strong></span> <span class='ocrx_word' id='word_1_411' title='bbox 369 5331 487 5387; x_wconf 75' lang='lat' dir='ltr'><strong>Niii</strong></span> <span class='ocrx_word' id='word_1_412' title='bbox 554 5331 971 5386; x_wconf 84' lang='lat' dir='ltr'><strong>laudationem</strong></span> <span class='ocrx_word' id='word_1_413' title='bbox 1010 5331 1062 5384; x_wconf 91' lang='lat' dir='ltr'><strong>in</strong></span> <span class='ocrx_word' id='word_1_414' title='bbox 1105 5332 1399 5384; x_wconf 85' lang='lat' dir='ltr'><strong>Albianum</strong></span> <span class='ocrx_word' id='word_1_415' title='bbox 1440 5329 1626 5384; x_wconf 65' lang='lat' dir='ltr'><strong>Graece</strong></span> <span class='ocrx_word' id='word_1_416' title='bbox 1662 5339 1715 5384; x_wconf 88' lang='lat' dir='ltr'><strong>et</strong></span> <span class='ocrx_word' id='word_1_417' title='bbox 1756 5329 1858 5384; x_wconf 84' lang='lat' dir='ltr'><strong>La-</strong></span> 
     </span>
    </p>
   </div>
   <div class='ocr_carea' id='block_1_57' title="bbox 208 5423 1859 5494">
    <p class='ocr_par' dir='ltr' id='par_1_57' title="bbox 208 5423 1859 5494">
     <span class='ocr_line' id='line_1_78' title="bbox 208 5423 1859 5494; baseline -0.001 -16"><span class='ocrx_word' id='word_1_418' title='bbox 208 5427 346 5481; x_wconf 90' lang='lat' dir='ltr'><strong>tine.</strong></span> <span class='ocrx_word' id='word_1_419' title='bbox 377 5427 462 5482; x_wconf 91' lang='lat' dir='ltr'><strong>De</strong></span> <span class='ocrx_word' id='word_1_420' title='bbox 503 5428 626 5481; x_wconf 87' lang='lat' dir='ltr'><strong>hac</strong></span> <span class='ocrx_word' id='word_1_421' title='bbox 653 5425 911 5479; x_wconf 86' lang='lat' dir='ltr'><strong>historia</strong></span> <span class='ocrx_word' id='word_1_422' title='bbox 942 5427 1300 5494; x_wconf 79' lang='lat' dir='ltr'><strong>Mcnologium</strong></span> <span class='ocrx_word' id='word_1_423' title='bbox 1331 5423 1646 5478; x_wconf 65' lang='lat' dir='ltr'><strong>Graecorum</strong></span> <span class='ocrx_word' id='word_1_424' title='bbox 1673 5424 1737 5476; x_wconf 73' lang='lat' dir='ltr'><strong>l9.</strong></span> <span class='ocrx_word' id='word_1_425' title='bbox 1763 5423 1859 5477; x_wconf 87' lang='lat' dir='ltr'><strong>No-</strong></span> 
     </span>
    </p>
   </div>
   <div class='ocr_carea' id='block_1_58' title="bbox 206 5514 1856 5587">
    <p class='ocr_par' dir='ltr' id='par_1_58' title="bbox 206 5514 1856 5587">
     <span class='ocr_line' id='line_1_79' title="bbox 206 5514 1856 5587; baseline 0.001 -18"><span class='ocrx_word' id='word_1_426' title='bbox 206 5519 462 5575; x_wconf 72' lang='lat' dir='ltr'><strong>vembris</strong></span> <span class='ocrx_word' id='word_1_427' title='bbox 489 5538 505 5575; x_wconf 90' lang='lat'><strong>:</strong></span> <span class='ocrx_word' id='word_1_428' title='bbox 543 5519 676 5572; x_wconf 73' lang='grc' dir='ltr'><strong>Καὶ</strong></span> <span class='ocrx_word' id='word_1_429' title='bbox 723 5514 872 5569; x_wconf 75' lang='grc' dir='ltr'><strong>ἐπεὶ</strong></span> <span class='ocrx_word' id='word_1_430' title='bbox 901 5519 928 5568; x_wconf 87' lang='grc' dir='ltr'>ὁ</span> <span class='ocrx_word' id='word_1_431' title='bbox 953 5517 1216 5587; x_wconf 82' lang='grc' dir='ltr'><strong>μακάριος</strong></span> <span class='ocrx_word' id='word_1_432' title='bbox 1257 5515 1444 5578; x_wconf 77' lang='grc' dir='ltr'><strong>Νεῖλος</strong></span> <span class='ocrx_word' id='word_1_433' title='bbox 1473 5517 1530 5569; x_wconf 67' lang='grc' dir='ltr'><strong>τὸ</strong></span> <span class='ocrx_word' id='word_1_434' title='bbox 1569 5517 1692 5586; x_wconf 79' lang='grc' dir='ltr'><strong>ὅρος</strong></span> <span class='ocrx_word' id='word_1_435' title='bbox 1720 5518 1856 5586; x_wconf 87' lang='grc' dir='ltr'>μετὰ</span> 
     </span>
    </p>
   </div>
   <div class='ocr_carea' id='block_1_59' title="bbox 199 5605 1851 5678">
    <p class='ocr_par' dir='ltr' id='par_1_59' title="bbox 199 5605 1851 5678">
     <span class='ocr_line' id='line_1_80' title="bbox 199 5605 1851 5678; baseline 0.002 -20"><span class='ocrx_word' id='word_1_436' title='bbox 199 5608 296 5660; x_wconf 74' lang='grc' dir='ltr'><strong>τοῦ</strong></span> <span class='ocrx_word' id='word_1_437' title='bbox 327 5611 456 5664; x_wconf 72' lang='grc' dir='ltr'><strong>ω’εοῦ</strong></span> <span class='ocrx_word' id='word_1_438' title='bbox 517 5605 921 5675; x_wconf 75' lang='grc' dir='ltr'><strong>κατειληφὼς</strong></span> <span class='ocrx_word' id='word_1_439' title='bbox 956 5607 1116 5676; x_wconf 82' lang='grc' dir='ltr'><strong>συνῆν</strong></span> <span class='ocrx_word' id='word_1_440' title='bbox 1144 5611 1255 5670; x_wconf 84' lang='grc' dir='ltr'>τοῖς</span> <span class='ocrx_word' id='word_1_441' title='bbox 1302 5606 1600 5677; x_wconf 80' lang='grc' dir='ltr'><strong>Πατράσιν,</strong></span> <span class='ocrx_word' id='word_1_442' title='bbox 1645 5607 1851 5678; x_wconf 73' lang='grc' dir='ltr'><strong>βάρϐα-</strong></span> 
     </span>
    </p>
   </div>
   <div class='ocr_carea' id='block_1_60' title="bbox 197 5698 1853 5769">
    <p class='ocr_par' dir='ltr' id='par_1_60' title="bbox 197 5698 1853 5769">
     <span class='ocr_line' id='line_1_81' title="bbox 197 5698 1853 5769; baseline -0.009 -11"><span class='ocrx_word' id='word_1_443' title='bbox 197 5699 284 5769; x_wconf 78' lang='grc' dir='ltr'>ροί</span> <span class='ocrx_word' id='word_1_444' title='bbox 323 5718 484 5768; x_wconf 85' lang='grc' dir='ltr'><strong>τινες</strong></span> <span class='ocrx_word' id='word_1_445' title='bbox 552 5700 876 5769; x_wconf 75' lang='grc' dir='ltr'><strong>ἐξαίφνης</strong></span> <span class='ocrx_word' id='word_1_446' title='bbox 910 5698 1245 5759; x_wconf 73' lang='grc' dir='ltr'><strong>ἐπελθόντες,</strong></span> <span class='ocrx_word' id='word_1_447' title='bbox 1271 5698 1345 5762; x_wconf 82' lang='grc' dir='ltr'><strong>ὡς</strong></span> <span class='ocrx_word' id='word_1_448' title='bbox 1386 5698 1550 5768; x_wconf 77' lang='grc' dir='ltr'><strong>θῆρες</strong></span> <span class='ocrx_word' id='word_1_449' title='bbox 1599 5698 1688 5751; x_wconf 64' lang='grc' dir='ltr'><strong>τὸν</strong></span> <span class='ocrx_word' id='word_1_450' title='bbox 1742 5700 1853 5753; x_wconf 55' lang='lat' dir='ltr'><strong>ut)”</strong></span> 
     </span>
    </p>
   </div>
   <div class='ocr_carea' id='block_1_61' title="bbox 546 5791 1336 5859">
    <p class='ocr_par' dir='ltr' id='par_1_61' title="bbox 546 5791 1336 5859">
     <span class='ocr_line' id='line_1_82' title="bbox 546 5791 1336 5859; baseline -0.005 0"><span class='ocrx_word' id='word_1_451' title='bbox 546 5797 882 5859; x_wconf 78' lang='lat' dir='ltr'><strong>PATROL.</strong></span> <span class='ocrx_word' id='word_1_452' title='bbox 925 5792 1038 5852; x_wconf 79' lang='lat' dir='ltr'><strong>Gn.</strong></span> <span class='ocrx_word' id='word_1_453' title='bbox 1082 5791 1336 5855; x_wconf 58' lang='lat' dir='ltr'><strong>LXXIX.</strong></span> 
     </span>
    </p>
   </div>
   <div class='ocr_carea' id='block_1_62' title="bbox 1455 297 1842 382">
    <p class='ocr_par' dir='ltr' id='par_1_62' title="bbox 1455 319 1834 382">
     <span class='ocr_line' id='line_1_83' title="bbox 1455 319 1834 382; baseline -0.016 1"><span class='ocrx_word' id='word_1_454' title='bbox 1455 322 1762 382; x_wconf 72' lang='grc' dir='ltr'><strong>ΝΟΤΙΤΙΛ</strong></span> <span class='ocrx_word' id='word_1_455' title='bbox 1812 319 1834 377; x_wconf 87' lang='grc'><strong>1</strong></span> 
     </span>
    </p>
   </div>
   <div class='ocr_carea' id='block_1_63' title="bbox 1947 297 3500 382">
    <p class='ocr_par' dir='ltr' id='par_1_63' title="bbox 1947 297 3500 376">
     <span class='ocr_line' id='line_1_84' title="bbox 1947 297 3500 376; baseline -0.012 0"><span class='ocrx_word' id='word_1_456' title='bbox 1947 318 1995 376; x_wconf 76' lang='lat'><strong>5.</strong></span> <span class='ocrx_word' id='word_1_457' title='bbox 2034 316 2303 376; x_wconf 83' lang='lat' dir='ltr'><strong>NILUM.</strong></span> <span class='ocrx_word' id='word_1_458' title='bbox 3429 297 3500 360; x_wconf 73' lang='grc'><strong>42</strong></span> 
     </span>
    </p>
   </div>
   <div class='ocr_carea' id='block_1_64' title="bbox 1929 412 3496 487">
    <p class='ocr_par' dir='ltr' id='par_1_64' title="bbox 1929 412 3496 487">
     <span class='ocr_line' id='line_1_85' title="bbox 1929 412 3496 487; baseline -0.008 -9"><span class='ocrx_word' id='word_1_459' title='bbox 1929 425 2215 479; x_wconf 84' lang='grc' dir='ltr'><strong>Θεόδουλον</strong></span> <span class='ocrx_word' id='word_1_460' title='bbox 2257 426 2352 477; x_wconf 81' lang='grc' dir='ltr'><strong>σὺν</strong></span> <span class='ocrx_word' id='word_1_461' title='bbox 2388 423 2566 484; x_wconf 76' lang='grc' dir='ltr'><strong>ἄλλοις</strong></span> <span class='ocrx_word' id='word_1_462' title='bbox 2604 419 2877 481; x_wconf 81' lang='grc' dir='ltr'><strong>πλείστοις</strong></span> <span class='ocrx_word' id='word_1_463' title='bbox 2906 415 3250 487; x_wconf 80' lang='grc' dir='ltr'><strong>αἰχμάλωτον</strong></span> <span class='ocrx_word' id='word_1_464' title='bbox 3278 412 3496 466; x_wconf 73' lang='grc' dir='ltr'><strong>ιλαόον’</strong></span> 
     </span>
    </p>
   </div>
   <div class='ocr_carea' id='block_1_65' title="bbox 1929 502 3494 582">
    <p class='ocr_par' dir='ltr' id='par_1_65' title="bbox 1929 502 3494 582">
     <span class='ocr_line' id='line_1_86' title="bbox 1929 502 3494 582; baseline -0.007 -16"><span class='ocrx_word' id='word_1_465' title='bbox 1929 514 1988 566; x_wconf 84' lang='grc' dir='ltr'><strong>ὃν</strong></span> <span class='ocrx_word' id='word_1_466' title='bbox 2023 514 2097 576; x_wconf 84' lang='grc' dir='ltr'><strong>ὼς</strong></span> <span class='ocrx_word' id='word_1_467' title='bbox 2149 512 2493 582; x_wconf 77' lang='grc' dir='ltr'><strong>αἰχμάλωτον</strong></span> <span class='ocrx_word' id='word_1_468' title='bbox 2545 510 2733 578; x_wconf 75' lang='grc' dir='ltr'><strong>θρηνεῖ</strong></span> <span class='ocrx_word' id='word_1_469' title='bbox 2794 507 2956 560; x_wconf 80' lang='grc' dir='ltr'>πλέον</span> <span class='ocrx_word' id='word_1_470' title='bbox 2996 504 3091 558; x_wconf 81' lang='grc' dir='ltr'><strong>τοῦ</strong></span> <span class='ocrx_word' id='word_1_471' title='bbox 3140 502 3494 575; x_wconf 79' lang='grc' dir='ltr'><strong>καθήκοντος,</strong></span> 
     </span>
    </p>
   </div>
   <div class='ocr_carea' id='block_1_66' title="bbox 1931 596 3504 672">
    <p class='ocr_par' dir='ltr' id='par_1_66' title="bbox 1931 596 3504 672">
     <span class='ocr_line' id='line_1_87' title="bbox 1931 596 3504 672; baseline -0.007 -15"><span class='ocrx_word' id='word_1_472' title='bbox 1931 603 2111 666; x_wconf 82' lang='grc' dir='ltr'><strong>καθὼς</strong></span> <span class='ocrx_word' id='word_1_473' title='bbox 2141 607 2198 656; x_wconf 83' lang='grc' dir='ltr'><strong>ἐν</strong></span> <span class='ocrx_word' id='word_1_474' title='bbox 2233 604 2309 672; x_wconf 82' lang='grc' dir='ltr'><strong>τῷ</strong></span> <span class='ocrx_word' id='word_1_475' title='bbox 2351 603 2480 672; x_wconf 82' lang='grc' dir='ltr'><strong>παρ’</strong></span> <span class='ocrx_word' id='word_1_476' title='bbox 2521 601 2686 653; x_wconf 74' lang='grc' dir='ltr'><strong>αὑτοῦ</strong></span> <span class='ocrx_word' id='word_1_477' title='bbox 2737 599 3044 652; x_wconf 78' lang='grc' dir='ltr'><strong>συντεθέντι</strong></span> <span class='ocrx_word' id='word_1_478' title='bbox 3111 596 3504 666; x_wconf 80' lang='grc' dir='ltr'><strong>συγγράμματι</strong></span> 
     </span>
    </p>
   </div>
   <div class='ocr_carea' id='block_1_67' title="bbox 1931 687 3508 766">
    <p class='ocr_par' dir='ltr' id='par_1_67' title="bbox 1931 687 3508 766">
     <span class='ocr_line' id='line_1_88' title="bbox 1931 687 3508 766; baseline -0.006 -19"><span class='ocrx_word' id='word_1_479' title='bbox 1931 696 2248 766; x_wconf 75' lang='grc' dir='ltr'><strong>ἐμφέρεται·</strong></span> <span class='ocrx_word' id='word_1_480' title='bbox 2295 693 2433 746; x_wconf 87' lang='lat' dir='ltr'><strong>llinc</strong></span> <span class='ocrx_word' id='word_1_481' title='bbox 2485 708 2599 744; x_wconf 89' lang='lat' dir='ltr'><strong>cum</strong></span> <span class='ocrx_word' id='word_1_482' title='bbox 2632 692 2812 742; x_wconf 81' lang='lat' dir='ltr'><strong>beatus</strong></span> <span class='ocrx_word' id='word_1_483' title='bbox 2848 687 3009 742; x_wconf 84' lang='lat' dir='ltr'><strong>Nilus</strong></span> <span class='ocrx_word' id='word_1_484' title='bbox 3048 697 3303 754; x_wconf 87' lang='lat' dir='ltr'><strong>occupato</strong></span> <span class='ocrx_word' id='word_1_485' title='bbox 3334 696 3508 739; x_wconf 84' lang='lat' dir='ltr'><strong>monte</strong></span> 
     </span>
    </p>
   </div>
   <div class='ocr_carea' id='block_1_68' title="bbox 1931 779 3504 854">
    <p class='ocr_par' dir='ltr' id='par_1_68' title="bbox 1931 779 3504 854">
     <span class='ocr_line' id='line_1_89' title="bbox 1931 779 3504 854; baseline -0.006 -14"><span class='ocrx_word' id='word_1_486' title='bbox 1931 805 2048 840; x_wconf 85' lang='lat' dir='ltr'><strong>cum</strong></span> <span class='ocrx_word' id='word_1_487' title='bbox 2072 788 2187 854; x_wconf 80' lang='lat' dir='ltr'><strong>[ilio</strong></span> <span class='ocrx_word' id='word_1_488' title='bbox 2209 799 2514 838; x_wconf 87' lang='lat' dir='ltr'><strong>sanctorum</strong></span> <span class='ocrx_word' id='word_1_489' title='bbox 2551 782 2774 835; x_wconf 85' lang='lat' dir='ltr'><strong>Patrum</strong></span> <span class='ocrx_word' id='word_1_490' title='bbox 2796 781 3177 834; x_wconf 78' lang='lat' dir='ltr'><strong>consuetudine</strong></span> <span class='ocrx_word' id='word_1_491' title='bbox 3219 779 3504 847; x_wconf 79' lang='lat' dir='ltr'><strong>frueretur.</strong></span> 
     </span>
    </p>
   </div>
   <div class='ocr_carea' id='block_1_69' title="bbox 1931 870 3509 947">
    <p class='ocr_par' dir='ltr' id='par_1_69' title="bbox 1931 870 3509 947">
     <span class='ocr_line' id='line_1_90' title="bbox 1931 870 3509 947; baseline -0.005 -18"><span class='ocrx_word' id='word_1_492' title='bbox 1931 877 2144 947; x_wconf 78' lang='lat' dir='ltr'><strong>quidam</strong></span> <span class='ocrx_word' id='word_1_493' title='bbox 2205 875 2443 943; x_wconf 75' lang='lat' dir='ltr'><strong>ferarum</strong></span> <span class='ocrx_word' id='word_1_494' title='bbox 2495 876 2668 924; x_wconf 87' lang='lat' dir='ltr'><strong>instar</strong></span> <span class='ocrx_word' id='word_1_495' title='bbox 2722 883 2928 936; x_wconf 86' lang='lat' dir='ltr'><strong>repente</strong></span> <span class='ocrx_word' id='word_1_496' title='bbox 2981 873 3239 924; x_wconf 87' lang='lat' dir='ltr'><strong>irruentes</strong></span> <span class='ocrx_word' id='word_1_497' title='bbox 3291 870 3509 922; x_wconf 87' lang='lat' dir='ltr'><strong>barbari</strong></span> 
     </span>
    </p>
   </div>
   <div class='ocr_carea' id='block_1_70' title="bbox 1931 962 3511 1034">
    <p class='ocr_par' dir='ltr' id='par_1_70' title="bbox 1931 962 3511 1034">
     <span class='ocr_line' id='line_1_91' title="bbox 1931 962 3511 1034; baseline -0.004 -16"><span class='ocrx_word' id='word_1_498' title='bbox 1931 966 2044 1034; x_wconf 85' lang='lat' dir='ltr'><strong>ejus</strong></span> <span class='ocrx_word' id='word_1_499' title='bbox 2086 966 2258 1034; x_wconf 85' lang='lat' dir='ltr'><strong>[ilium</strong></span> <span class='ocrx_word' id='word_1_500' title='bbox 2313 963 2641 1016; x_wconf 82' lang='lat' dir='ltr'><strong>Tlteodulum</strong></span> <span class='ocrx_word' id='word_1_501' title='bbox 2681 978 2800 1014; x_wconf 88' lang='lat' dir='ltr'><strong>cum</strong></span> <span class='ocrx_word' id='word_1_502' title='bbox 2851 962 3033 1014; x_wconf 87' lang='lat' dir='ltr'><strong>multis</strong></span> <span class='ocrx_word' id='word_1_503' title='bbox 3083 962 3204 1014; x_wconf 88' lang='lat' dir='ltr'><strong>aliis</strong></span> <span class='ocrx_word' id='word_1_504' title='bbox 3246 962 3511 1029; x_wconf 78' lang='lat' dir='ltr'><strong>captivum</strong></span> 
     </span>
    </p>
   </div>
   <div class='ocr_carea' id='block_1_71' title="bbox 1932 1053 3511 1122">
    <p class='ocr_par' dir='ltr' id='par_1_71' title="bbox 1932 1053 3511 1122">
     <span class='ocr_line' id='line_1_92' title="bbox 1932 1053 3511 1122; baseline -0.004 -12"><span class='ocrx_word' id='word_1_505' title='bbox 1932 1058 2297 1119; x_wconf 72' lang='lat' dir='ltr'><strong>abduxerunt;</strong></span> <span class='ocrx_word' id='word_1_506' title='bbox 2324 1056 2475 1122; x_wconf 75' lang='lat' dir='ltr'><strong>cujus</strong></span> <span class='ocrx_word' id='word_1_507' title='bbox 2495 1072 2674 1107; x_wconf 88' lang='lat' dir='ltr'><strong>casum</strong></span> <span class='ocrx_word' id='word_1_508' title='bbox 2702 1053 3026 1106; x_wconf 82' lang='lat' dir='ltr'><strong>lamentatur</strong></span> <span class='ocrx_word' id='word_1_509' title='bbox 3046 1063 3216 1120; x_wconf 88' lang='lat' dir='ltr'><strong>pater,</strong></span> <span class='ocrx_word' id='word_1_510' title='bbox 3234 1053 3511 1122; x_wconf 83' lang='lat' dir='ltr'><strong>plusquam</strong></span> 
     </span>
    </p>
   </div>
   <div class='ocr_carea' id='block_1_72' title="bbox 1932 1141 3512 1210">
    <p class='ocr_par' dir='ltr' id='par_1_72' title="bbox 1932 1141 3512 1210">
     <span class='ocr_line' id='line_1_93' title="bbox 1932 1141 3512 1210; baseline -0.003 -10"><span class='ocrx_word' id='word_1_511' title='bbox 1932 1150 2136 1202; x_wconf 85' lang='lat' dir='ltr'><strong>deceret</strong></span> <span class='ocrx_word' id='word_1_512' title='bbox 2167 1147 2326 1200; x_wconf 88' lang='lat' dir='ltr'><strong>talem</strong></span> <span class='ocrx_word' id='word_1_513' title='bbox 2351 1149 2539 1208; x_wconf 80' lang='lat' dir='ltr'><strong>virum,</strong></span> <span class='ocrx_word' id='word_1_514' title='bbox 2563 1144 3005 1210; x_wconf 80' lang='lat' dir='ltr'><strong>quemadmodum</strong></span> <span class='ocrx_word' id='word_1_515' title='bbox 3038 1145 3095 1195; x_wconf 81' lang='lat' dir='ltr'><strong>in</strong></span> <span class='ocrx_word' id='word_1_516' title='bbox 3118 1141 3512 1198; x_wconf 85' lang='lat' dir='ltr'><strong>Commentario</strong></span> 
     </span>
    </p>
   </div>
   <div class='ocr_carea' id='block_1_73' title="bbox 1933 1234 3514 1305">
    <p class='ocr_par' dir='ltr' id='par_1_73' title="bbox 1933 1234 3514 1305">
     <span class='ocr_line' id='line_1_94' title="bbox 1933 1234 3514 1305; baseline -0.004 -13"><span class='ocrx_word' id='word_1_517' title='bbox 1933 1243 2032 1295; x_wconf 83' lang='lat' dir='ltr'><strong>hac</strong></span> <span class='ocrx_word' id='word_1_518' title='bbox 2065 1241 2127 1294; x_wconf 89' lang='lat' dir='ltr'><strong>de</strong></span> <span class='ocrx_word' id='word_1_519' title='bbox 2159 1256 2212 1293; x_wconf 89' lang='lat' dir='ltr'><strong>re</strong></span> <span class='ocrx_word' id='word_1_520' title='bbox 2251 1241 2449 1305; x_wconf 82' lang='lat' dir='ltr'><strong>scripto</strong></span> <span class='ocrx_word' id='word_1_521' title='bbox 2489 1253 2699 1291; x_wconf 79' lang='lat' dir='ltr'><strong>cernere</strong></span> <span class='ocrx_word' id='word_1_522' title='bbox 2744 1247 2842 1289; x_wconf 89' lang='lat' dir='ltr'><strong>est.</strong></span> <span class='ocrx_word' id='word_1_523' title='bbox 2881 1234 3223 1303; x_wconf 82' lang='lat' dir='ltr'><strong>Niccplrorus</strong></span> <span class='ocrx_word' id='word_1_524' title='bbox 3249 1235 3514 1288; x_wconf 66' lang='lat' dir='ltr'><strong>Callistus</strong></span> 
     </span>
    </p>
   </div>
   <div class='ocr_carea' id='block_1_74' title="bbox 1934 1323 3510 1397">
    <p class='ocr_par' dir='ltr' id='par_1_74' title="bbox 1934 1323 3510 1397">
     <span class='ocr_line' id='line_1_95' title="bbox 1934 1323 3510 1397; baseline -0.006 -12"><span class='ocrx_word' id='word_1_525' title='bbox 1934 1332 2083 1385; x_wconf 84' lang='lat' dir='ltr'><strong>dicto</strong></span> <span class='ocrx_word' id='word_1_526' title='bbox 2111 1332 2229 1384; x_wconf 87' lang='lat' dir='ltr'><strong>loco</strong></span> <span class='ocrx_word' id='word_1_527' title='bbox 2270 1349 2282 1383; x_wconf 93' lang='lat'>:</span> <span class='ocrx_word' id='word_1_528' title='bbox 2317 1331 2451 1384; x_wconf 74' lang='grc' dir='ltr'><strong>Μεθ’</strong></span> <span class='ocrx_word' id='word_1_529' title='bbox 2489 1323 2563 1382; x_wconf 81' lang='grc' dir='ltr'><strong>ὧν</strong></span> <span class='ocrx_word' id='word_1_530' title='bbox 2593 1329 2687 1382; x_wconf 79' lang='grc' dir='ltr'><strong>καὶ</strong></span> <span class='ocrx_word' id='word_1_531' title='bbox 2724 1328 2783 1381; x_wconf 79' lang='grc' dir='ltr'>τὸ</span> <span class='ocrx_word' id='word_1_532' title='bbox 2813 1331 2870 1381; x_wconf 85' lang='grc' dir='ltr'><strong>ὲν</strong></span> <span class='ocrx_word' id='word_1_533' title='bbox 2908 1327 2986 1397; x_wconf 82' lang='grc' dir='ltr'><strong>τῷ</strong></span> <span class='ocrx_word' id='word_1_534' title='bbox 3019 1326 3212 1396; x_wconf 71' lang='grc' dir='ltr'><strong>Σιναίῳ</strong></span> <span class='ocrx_word' id='word_1_535' title='bbox 3242 1325 3358 1394; x_wconf 65' lang='lat' dir='ltr'><strong>lipsi</strong></span> <span class='ocrx_word' id='word_1_536' title='bbox 3401 1325 3510 1377; x_wconf 85' lang='grc' dir='ltr'><strong>τῶν</strong></span> 
     </span>
    </p>
   </div>
   <div class='ocr_carea' id='block_1_75' title="bbox 1936 1417 3515 1492">
    <p class='ocr_par' dir='ltr' id='par_1_75' title="bbox 1936 1417 3515 1492">
     <span class='ocr_line' id='line_1_96' title="bbox 1936 1417 3515 1492; baseline -0.004 -16"><span class='ocrx_word' id='word_1_537' title='bbox 1936 1423 2093 1476; x_wconf 81' lang='grc' dir='ltr'><strong>οεῐων</strong></span> <span class='ocrx_word' id='word_1_538' title='bbox 2139 1422 2394 1492; x_wconf 68' lang='grc' dir='ltr'><strong>Πατέρων</strong></span> <span class='ocrx_word' id='word_1_539' title='bbox 2437 1421 2737 1492; x_wconf 76' lang='grc' dir='ltr'><strong>μαρτύριον</strong></span> <span class='ocrx_word' id='word_1_540' title='bbox 2772 1421 3146 1490; x_wconf 73' lang='grc' dir='ltr'><strong>ἀναγράφεται</strong></span> <span class='ocrx_word' id='word_1_541' title='bbox 3197 1417 3342 1470; x_wconf 77' lang='grc' dir='ltr'><strong>οὕτω</strong></span> <span class='ocrx_word' id='word_1_542' title='bbox 3374 1417 3515 1486; x_wconf 84' lang='grc' dir='ltr'><strong>λαμ-</strong></span> 
     </span>
    </p>
   </div>
   <div class='ocr_carea' id='block_1_76' title="bbox 1936 1514 3501 1594">
    <p class='ocr_par' dir='ltr' id='par_1_76' title="bbox 1936 1514 3501 1594">
     <span class='ocr_line' id='line_1_97' title="bbox 1936 1514 3501 1594; baseline -0.004 -18"><span class='ocrx_word' id='word_1_543' title='bbox 1936 1525 2088 1594; x_wconf 78' lang='grc' dir='ltr'><strong>πρῶς</strong></span> <span class='ocrx_word' id='word_1_544' title='bbox 2117 1542 2173 1576; x_wconf 86' lang='grc' dir='ltr'><strong>τε</strong></span> <span class='ocrx_word' id='word_1_545' title='bbox 2207 1524 2323 1593; x_wconf 77' lang='grc' dir='ltr'><strong>ἅμα</strong></span> <span class='ocrx_word' id='word_1_546' title='bbox 2346 1524 2438 1577; x_wconf 73' lang='grc' dir='ltr'><strong>καὶ</strong></span> <span class='ocrx_word' id='word_1_547' title='bbox 2461 1521 2800 1594; x_wconf 72' lang='grc' dir='ltr'><strong>περιπαθῶς,</strong></span> <span class='ocrx_word' id='word_1_548' title='bbox 2830 1520 2906 1583; x_wconf 84' lang='grc' dir='ltr'><strong>ὠς</strong></span> <span class='ocrx_word' id='word_1_549' title='bbox 2942 1519 3126 1573; x_wconf 74' lang='grc' dir='ltr'><strong>ἱκανὸν</strong></span> <span class='ocrx_word' id='word_1_550' title='bbox 3153 1514 3292 1571; x_wconf 74' lang='grc' dir='ltr'><strong>εἶναι</strong></span> <span class='ocrx_word' id='word_1_551' title='bbox 3329 1515 3501 1570; x_wconf 71' lang='grc' dir='ltr'><strong>ἑντεῦο</strong></span> 
     </span>
    </p>
   </div>
   <div class='ocr_carea' id='block_1_77' title="bbox 1949 1607 3513 1685">
    <p class='ocr_par' dir='ltr' id='par_1_77' title="bbox 1949 1607 3513 1685">
     <span class='ocr_line' id='line_1_98' title="bbox 1949 1607 3513 1685; baseline -0.006 -16"><span class='ocrx_word' id='word_1_552' title='bbox 1949 1616 2040 1670; x_wconf 84' lang='grc' dir='ltr'><strong>Θεν</strong></span> <span class='ocrx_word' id='word_1_553' title='bbox 2071 1615 2327 1685; x_wconf 70' lang='grc' dir='ltr'><strong>Θηρᾶσαι,</strong></span> <span class='ocrx_word' id='word_1_554' title='bbox 2363 1609 2474 1676; x_wconf 76' lang='grc' dir='ltr'><strong>οἷος</strong></span> <span class='ocrx_word' id='word_1_555' title='bbox 2504 1616 2597 1666; x_wconf 81' lang='grc' dir='ltr'><strong>καὶ</strong></span> <span class='ocrx_word' id='word_1_556' title='bbox 2634 1612 2752 1665; x_wconf 64' lang='grc' dir='ltr'><strong>κατ’</strong></span> <span class='ocrx_word' id='word_1_557' title='bbox 2782 1613 2949 1681; x_wconf 74' lang='grc' dir='ltr'><strong>ἄμφω</strong></span> <span class='ocrx_word' id='word_1_558' title='bbox 2978 1611 3200 1682; x_wconf 80' lang='grc' dir='ltr'><strong>γέγονεν</strong></span> <span class='ocrx_word' id='word_1_559' title='bbox 3228 1609 3256 1662; x_wconf 82' lang='grc' dir='ltr'>ὁ</span> <span class='ocrx_word' id='word_1_560' title='bbox 3281 1608 3418 1678; x_wconf 75' lang='grc' dir='ltr'><strong>ἀνὴρ</strong></span> <span class='ocrx_word' id='word_1_561' title='bbox 3457 1607 3513 1660; x_wconf 75' lang='grc' dir='ltr'><strong>εν</strong></span> 
     </span>
    </p>
   </div>
   <div class='ocr_carea' id='block_1_78' title="bbox 1943 1700 3514 1774">
    <p class='ocr_par' dir='ltr' id='par_1_78' title="bbox 1943 1700 3514 1774">
     <span class='ocr_line' id='line_1_99' title="bbox 1943 1700 3514 1774; baseline -0.005 -14"><span class='ocrx_word' id='word_1_562' title='bbox 1943 1725 2002 1760; x_wconf 75' lang='grc' dir='ltr'><strong>τε</strong></span> <span class='ocrx_word' id='word_1_563' title='bbox 2033 1707 2206 1773; x_wconf 75' lang='grc' dir='ltr'><strong>λόγων</strong></span> <span class='ocrx_word' id='word_1_564' title='bbox 2245 1707 2337 1759; x_wconf 74' lang='grc' dir='ltr'><strong>καὶ</strong></span> <span class='ocrx_word' id='word_1_565' title='bbox 2370 1705 2573 1774; x_wconf 77' lang='grc' dir='ltr'><strong>ἀρετῆς</strong></span> <span class='ocrx_word' id='word_1_566' title='bbox 2608 1704 2894 1774; x_wconf 79' lang='grc' dir='ltr'><strong>περιουσίᾳ</strong></span> <span class='ocrx_word' id='word_1_567' title='bbox 2915 1719 2926 1732; x_wconf 74' lang='grc'>⁸</span> <span class='ocrx_word' id='word_1_568' title='bbox 2952 1704 3067 1756; x_wconf 71' lang='grc' dir='ltr'><strong>ἐκεῖ</strong></span> <span class='ocrx_word' id='word_1_569' title='bbox 3089 1701 3145 1754; x_wconf 81' lang='grc' dir='ltr'><strong>δὲ</strong></span> <span class='ocrx_word' id='word_1_570' title='bbox 3173 1701 3359 1754; x_wconf 75' lang='grc' dir='ltr'><strong>καὶτὰ</strong></span> <span class='ocrx_word' id='word_1_571' title='bbox 3392 1700 3514 1753; x_wconf 82' lang='grc' dir='ltr'><strong>κατ’</strong></span> 
     </span>
    </p>
   </div>
   <div class='ocr_carea' id='block_1_79' title="bbox 1943 1793 3518 1865">
    <p class='ocr_par' dir='ltr' id='par_1_79' title="bbox 1943 1793 3518 1865">
     <span class='ocr_line' id='line_1_100' title="bbox 1943 1793 3518 1865; baseline -0.006 -12"><span class='ocrx_word' id='word_1_572' title='bbox 1943 1801 2104 1854; x_wconf 79' lang='grc' dir='ltr'><strong>αὑτὸν</strong></span> <span class='ocrx_word' id='word_1_573' title='bbox 2138 1798 2231 1850; x_wconf 75' lang='grc' dir='ltr'><strong>καὶ</strong></span> <span class='ocrx_word' id='word_1_574' title='bbox 2270 1797 2396 1859; x_wconf 74' lang='grc' dir='ltr'><strong>τοὺς</strong></span> <span class='ocrx_word' id='word_1_575' title='bbox 2432 1797 2624 1858; x_wconf 74' lang='grc' dir='ltr'><strong>παῖδας</strong></span> <span class='ocrx_word' id='word_1_576' title='bbox 2672 1795 2904 1865; x_wconf 69' lang='grc' dir='ltr'><strong>μετρίως</strong></span> <span class='ocrx_word' id='word_1_577' title='bbox 2946 1793 3194 1858; x_wconf 78' lang='grc' dir='ltr'><strong>διέξεισιν</strong></span> <span class='ocrx_word' id='word_1_578' title='bbox 3239 1794 3518 1862; x_wconf 73' lang='grc' dir='ltr'><strong>ἐκτραγῳ-</strong></span> 
     </span>
    </p>
   </div>
   <div class='ocr_carea' id='block_1_80' title="bbox 1941 1881 3517 1957">
    <p class='ocr_par' dir='ltr' id='par_1_80' title="bbox 1941 1881 3517 1957">
     <span class='ocr_line' id='line_1_101' title="bbox 1941 1881 3517 1957; baseline -0.006 -13"><span class='ocrx_word' id='word_1_579' title='bbox 1941 1890 2046 1944; x_wconf 81' lang='grc' dir='ltr'><strong>δῶν</strong></span> <span class='ocrx_word' id='word_1_580' title='bbox 2087 1888 2207 1941; x_wconf 78' lang='grc' dir='ltr'><strong>λίαν</strong></span> <span class='ocrx_word' id='word_1_581' title='bbox 2238 1887 2556 1957; x_wconf 82' lang='grc' dir='ltr'><strong>περιπαθῶς</strong></span> <span class='ocrx_word' id='word_1_582' title='bbox 2589 1887 2684 1956; x_wconf 79' lang='grc' dir='ltr'><strong>τὴν</strong></span> <span class='ocrx_word' id='word_1_583' title='bbox 2719 1884 3093 1954; x_wconf 72' lang='grc' dir='ltr'><strong>αἰχμαλωσίαν</strong></span> <span class='ocrx_word' id='word_1_584' title='bbox 3135 1882 3314 1936; x_wconf 75' lang='grc' dir='ltr'><strong>αὐτῶν</strong></span> <span class='ocrx_word' id='word_1_585' title='bbox 3335 1921 3350 1944; x_wconf 82' lang='grc'><strong>.</strong></span> <span class='ocrx_word' id='word_1_586' title='bbox 3385 1881 3517 1953; x_wconf 81' lang='grc' dir='ltr'><strong>βαρ-</strong></span> 
     </span>
    </p>
   </div>
   <div class='ocr_carea' id='block_1_81' title="bbox 1942 1974 3518 2050">
    <p class='ocr_par' dir='ltr' id='par_1_81' title="bbox 1942 1974 3518 2050">
     <span class='ocr_line' id='line_1_102' title="bbox 1942 1974 3518 2050; baseline -0.004 -18"><span class='ocrx_word' id='word_1_587' title='bbox 1942 1981 2124 2050; x_wconf 75' lang='grc' dir='ltr'><strong>ϐάρων</strong></span> <span class='ocrx_word' id='word_1_588' title='bbox 2154 1978 2630 2047; x_wconf 80' lang='grc' dir='ltr'><strong>καταδραμόντων,</strong></span> <span class='ocrx_word' id='word_1_589' title='bbox 2667 1977 2716 2029; x_wconf 79' lang='grc' dir='ltr'><strong>οἳ</strong></span> <span class='ocrx_word' id='word_1_590' title='bbox 2748 1976 3032 2046; x_wconf 78' lang='grc' dir='ltr'><strong>Βλὲμμυες</strong></span> <span class='ocrx_word' id='word_1_591' title='bbox 3065 1975 3354 2027; x_wconf 74' lang='grc' dir='ltr'><strong>ἐκαλοῦντο</strong></span> <span class='ocrx_word' id='word_1_592' title='bbox 3375 2013 3390 2037; x_wconf 84' lang='grc'><em>,</em></span> <span class='ocrx_word' id='word_1_593' title='bbox 3424 1974 3518 2027; x_wconf 76' lang='grc' dir='ltr'><strong>καὶ</strong></span> 
     </span>
    </p>
   </div>
   <div class='ocr_carea' id='block_1_82' title="bbox 1943 2065 3519 2138">
    <p class='ocr_par' dir='ltr' id='par_1_82' title="bbox 1943 2065 3519 2138">
     <span class='ocr_line' id='line_1_103' title="bbox 1943 2065 3519 2138; baseline -0.004 -16"><span class='ocrx_word' id='word_1_594' title='bbox 1943 2070 2104 2138; x_wconf 76' lang='grc' dir='ltr'><strong>φόνον</strong></span> <span class='ocrx_word' id='word_1_595' title='bbox 2145 2070 2244 2123; x_wconf 79' lang='grc' dir='ltr'><strong>οὐκ</strong></span> <span class='ocrx_word' id='word_1_596' title='bbox 2276 2068 2554 2138; x_wconf 73' lang='grc' dir='ltr'><strong>ἐλάχιστον</strong></span> <span class='ocrx_word' id='word_1_597' title='bbox 2591 2067 2958 2137; x_wconf 78' lang='grc' dir='ltr'><strong>δεδρακότων·</strong></span> <span class='ocrx_word' id='word_1_598' title='bbox 2992 2065 3020 2118; x_wconf 82' lang='grc' dir='ltr'><strong>ὃ</strong></span> <span class='ocrx_word' id='word_1_599' title='bbox 3061 2067 3156 2118; x_wconf 72' lang='grc' dir='ltr'><strong>καὶ</strong></span> <span class='ocrx_word' id='word_1_600' title='bbox 3199 2065 3418 2136; x_wconf 68' lang='grc' dir='ltr'><strong>ἥδυσμὰ</strong></span> <span class='ocrx_word' id='word_1_601' title='bbox 3466 2081 3519 2117; x_wconf 79' lang='grc' dir='ltr'><strong>τι</strong></span> 
     </span>
    </p>
   </div>
   <div class='ocr_carea' id='block_1_83' title="bbox 1943 2155 3519 2230">
    <p class='ocr_par' dir='ltr' id='par_1_83' title="bbox 1943 2155 3519 2230">
     <span class='ocr_line' id='line_1_104' title="bbox 1943 2155 3519 2230; baseline -0.004 -16"><span class='ocrx_word' id='word_1_602' title='bbox 1943 2161 2305 2230; x_wconf 66' lang='grc' dir='ltr'><strong>πνευματικὸν</strong></span> <span class='ocrx_word' id='word_1_603' title='bbox 2337 2163 2447 2222; x_wconf 81' lang='grc' dir='ltr'><strong>τοῖς</strong></span> <span class='ocrx_word' id='word_1_604' title='bbox 2487 2158 2804 2228; x_wconf 79' lang='grc' dir='ltr'><strong>φιλομαοέσι</strong></span> <span class='ocrx_word' id='word_1_605' title='bbox 2851 2157 3256 2212; x_wconf 79' lang='grc' dir='ltr'><strong>καταλέλοιπεν.</strong></span> <span class='ocrx_word' id='word_1_606' title='bbox 3291 2155 3519 2224; x_wconf 86' lang='lat' dir='ltr'><strong>Scripsit</strong></span> 
     </span>
    </p>
   </div>
   <div class='ocr_carea' id='block_1_84' title="bbox 1942 2246 3518 2321">
    <p class='ocr_par' dir='ltr' id='par_1_84' title="bbox 1942 2246 3518 2321">
     <span class='ocr_line' id='line_1_105' title="bbox 1942 2246 3518 2321; baseline -0.005 -16"><span class='ocrx_word' id='word_1_607' title='bbox 1942 2267 2144 2321; x_wconf 83' lang='lat' dir='ltr'><strong>quoque</strong></span> <span class='ocrx_word' id='word_1_608' title='bbox 2191 2251 2491 2303; x_wconf 71' lang='lat' dir='ltr'><strong>divinorum</strong></span> <span class='ocrx_word' id='word_1_609' title='bbox 2529 2249 2755 2302; x_wconf 76' lang='lat' dir='ltr'><strong>Patrum</strong></span> <span class='ocrx_word' id='word_1_610' title='bbox 2785 2249 2835 2301; x_wconf 92' lang='lat' dir='ltr'><strong>in</strong></span> <span class='ocrx_word' id='word_1_611' title='bbox 2870 2259 3042 2302; x_wconf 87' lang='lat' dir='ltr'><strong>monte</strong></span> <span class='ocrx_word' id='word_1_612' title='bbox 3071 2246 3202 2301; x_wconf 88' lang='lat' dir='ltr'><strong>Sina</strong></span> <span class='ocrx_word' id='word_1_613' title='bbox 3232 2246 3434 2300; x_wconf 80' lang='lat' dir='ltr'><strong>obitum</strong></span> <span class='ocrx_word' id='word_1_614' title='bbox 3466 2256 3518 2299; x_wconf 90' lang='lat' dir='ltr'><strong>et</strong></span> 
     </span>
    </p>
   </div>
   <div class='ocr_carea' id='block_1_85' title="bbox 1944 2335 3520 2414">
    <p class='ocr_par' dir='ltr' id='par_1_85' title="bbox 1944 2335 3520 2414">
     <span class='ocr_line' id='line_1_106' title="bbox 1944 2335 3520 2414; baseline -0.005 -19"><span class='ocrx_word' id='word_1_615' title='bbox 1944 2344 2258 2414; x_wconf 83' lang='lat' dir='ltr'><strong>martyrium</strong></span> <span class='ocrx_word' id='word_1_616' title='bbox 2299 2341 2550 2402; x_wconf 79' lang='lat' dir='ltr'><strong>facundia</strong></span> <span class='ocrx_word' id='word_1_617' title='bbox 2585 2349 2632 2393; x_wconf 85' lang='lat' dir='ltr'><strong>et</strong></span> <span class='ocrx_word' id='word_1_618' title='bbox 2681 2340 2842 2408; x_wconf 76' lang='lat' dir='ltr'><strong>e/fatu</strong></span> <span class='ocrx_word' id='word_1_619' title='bbox 2896 2348 3065 2401; x_wconf 88' lang='lat' dir='ltr'><strong>tanto,</strong></span> <span class='ocrx_word' id='word_1_620' title='bbox 3111 2345 3170 2390; x_wconf 89' lang='lat' dir='ltr'><strong>ut</strong></span> <span class='ocrx_word' id='word_1_621' title='bbox 3219 2337 3353 2390; x_wconf 89' lang='lat' dir='ltr'><strong>satis</strong></span> <span class='ocrx_word' id='word_1_622' title='bbox 3399 2335 3520 2388; x_wconf 87' lang='lat' dir='ltr'><strong>inde</strong></span> 
     </span>
    </p>
   </div>
   <div class='ocr_carea' id='block_1_86' title="bbox 1945 2430 3521 2507">
    <p class='ocr_par' dir='ltr' id='par_1_86' title="bbox 1945 2430 3521 2507">
     <span class='ocr_line' id='line_1_107' title="bbox 1945 2430 3521 2507; baseline -0.004 -18"><span class='ocrx_word' id='word_1_623' title='bbox 1945 2438 2190 2507; x_wconf 82' lang='lat' dir='ltr'><strong>colligere</strong></span> <span class='ocrx_word' id='word_1_624' title='bbox 2223 2437 2398 2500; x_wconf 89' lang='lat' dir='ltr'><strong>liceat,</strong></span> <span class='ocrx_word' id='word_1_625' title='bbox 2431 2452 2588 2504; x_wconf 89' lang='lat' dir='ltr'><strong>quam</strong></span> <span class='ocrx_word' id='word_1_626' title='bbox 2614 2434 2810 2488; x_wconf 70' lang='lat' dir='ltr'><strong>eximia</strong></span> <span class='ocrx_word' id='word_1_627' title='bbox 2849 2432 3096 2484; x_wconf 87' lang='lat' dir='ltr'><strong>doctrina</strong></span> <span class='ocrx_word' id='word_1_628' title='bbox 3124 2430 3288 2498; x_wconf 79' lang='lat' dir='ltr'><strong>juxta</strong></span> <span class='ocrx_word' id='word_1_629' title='bbox 3326 2438 3374 2483; x_wconf 89' lang='lat' dir='ltr'><strong>et</strong></span> <span class='ocrx_word' id='word_1_630' title='bbox 3411 2431 3521 2483; x_wconf 82' lang='lat' dir='ltr'><strong>vir-</strong></span> 
     </span>
    </p>
   </div>
   <div class='ocr_carea' id='block_1_87' title="bbox 1947 2525 3519 2598">
    <p class='ocr_par' dir='ltr' id='par_1_87' title="bbox 1947 2525 3519 2598">
     <span class='ocr_line' id='line_1_108' title="bbox 1947 2525 3519 2598; baseline -0.004 -15"><span class='ocrx_word' id='word_1_631' title='bbox 1947 2540 2055 2585; x_wconf 87' lang='lat' dir='ltr'><strong>tute</strong></span> <span class='ocrx_word' id='word_1_632' title='bbox 2099 2533 2176 2584; x_wconf 83' lang='lat' dir='ltr'><strong>vir</strong></span> <span class='ocrx_word' id='word_1_633' title='bbox 2236 2532 2279 2585; x_wconf 90' lang='lat' dir='ltr'><strong>is</strong></span> <span class='ocrx_word' id='word_1_634' title='bbox 2320 2532 2502 2598; x_wconf 76' lang='lat' dir='ltr'><strong>fuerit,</strong></span> <span class='ocrx_word' id='word_1_635' title='bbox 2557 2529 2646 2582; x_wconf 85' lang='lat' dir='ltr'><strong>ubi</strong></span> <span class='ocrx_word' id='word_1_636' title='bbox 2691 2529 2852 2581; x_wconf 87' lang='lat' dir='ltr'><strong>etiam</strong></span> <span class='ocrx_word' id='word_1_637' title='bbox 2889 2543 3016 2580; x_wconf 87' lang='lat' dir='ltr'><strong>suas</strong></span> <span class='ocrx_word' id='word_1_638' title='bbox 3059 2534 3108 2580; x_wconf 91' lang='lat' dir='ltr'><strong>et</strong></span> <span class='ocrx_word' id='word_1_639' title='bbox 3154 2525 3390 2594; x_wconf 81' lang='lat' dir='ltr'><strong>ﬁliorum</strong></span> <span class='ocrx_word' id='word_1_640' title='bbox 3438 2540 3519 2578; x_wconf 88' lang='lat' dir='ltr'><strong>res</strong></span> 
     </span>
    </p>
   </div>
   <div class='ocr_carea' id='block_1_88' title="bbox 1944 2617 3522 2692">
    <p class='ocr_par' dir='ltr' id='par_1_88' title="bbox 1944 2617 3522 2692">
     <span class='ocr_line' id='line_1_109' title="bbox 1944 2617 3522 2692; baseline -0.004 -16"><span class='ocrx_word' id='word_1_641' title='bbox 1944 2623 2125 2692; x_wconf 83' lang='lat' dir='ltr'><strong>paucis</strong></span> <span class='ocrx_word' id='word_1_642' title='bbox 2160 2631 2533 2676; x_wconf 83' lang='lat' dir='ltr'><strong>commemorat</strong></span> <span class='ocrx_word' id='word_1_643' title='bbox 2581 2618 2978 2680; x_wconf 87' lang='lat' dir='ltr'><strong>miserabiliter,</strong></span> <span class='ocrx_word' id='word_1_644' title='bbox 3033 2617 3191 2671; x_wconf 77' lang='lat' dir='ltr'><strong>veluti</strong></span> <span class='ocrx_word' id='word_1_645' title='bbox 3236 2617 3291 2670; x_wconf 89' lang='lat' dir='ltr'><strong>in</strong></span> <span class='ocrx_word' id='word_1_646' title='bbox 3328 2627 3522 2686; x_wconf 54' lang='lat' dir='ltr'><strong>tragteo</strong></span> 
     </span>
    </p>
   </div>
   <div class='ocr_carea' id='block_1_89' title="bbox 1945 2708 3523 2782">
    <p class='ocr_par' dir='ltr' id='par_1_89' title="bbox 1945 2708 3523 2782">
     <span class='ocr_line' id='line_1_110' title="bbox 1945 2708 3523 2782; baseline -0.004 -15"><span class='ocrx_word' id='word_1_647' title='bbox 1945 2716 2057 2780; x_wconf 87' lang='lat' dir='ltr'><strong>dia,</strong></span> <span class='ocrx_word' id='word_1_648' title='bbox 2077 2717 2431 2782; x_wconf 76' lang='lat' dir='ltr'><strong>captivitatem</strong></span> <span class='ocrx_word' id='word_1_649' title='bbox 2453 2715 2615 2766; x_wconf 87' lang='lat' dir='ltr'><strong>etiam</strong></span> <span class='ocrx_word' id='word_1_650' title='bbox 2634 2713 2944 2780; x_wconf 88' lang='lat' dir='ltr'><strong>deplorans,</strong></span> <span class='ocrx_word' id='word_1_651' title='bbox 2969 2727 3086 2763; x_wconf 82' lang='lat' dir='ltr'><strong>cum</strong></span> <span class='ocrx_word' id='word_1_652' title='bbox 3109 2709 3327 2762; x_wconf 87' lang='lat' dir='ltr'><strong>barbari</strong></span> <span class='ocrx_word' id='word_1_653' title='bbox 3350 2708 3523 2762; x_wconf 72' lang='lat' dir='ltr'><strong>Blem~</strong></span> 
     </span>
    </p>
   </div>
   <div class='ocr_carea' id='block_1_90' title="bbox 1948 2799 3520 2876">
    <p class='ocr_par' dir='ltr' id='par_1_90' title="bbox 1948 2799 3520 2876">
     <span class='ocr_line' id='line_1_111' title="bbox 1948 2799 3520 2876; baseline -0.004 -17"><span class='ocrx_word' id='word_1_654' title='bbox 1948 2824 2086 2876; x_wconf 79' lang='lat' dir='ltr'><strong>myes</strong></span> <span class='ocrx_word' id='word_1_655' title='bbox 2145 2806 2454 2858; x_wconf 70' lang='lat' dir='ltr'><strong>excursione</strong></span> <span class='ocrx_word' id='word_1_656' title='bbox 2483 2820 2580 2856; x_wconf 90' lang='lat' dir='ltr'><strong>sua</strong></span> <span class='ocrx_word' id='word_1_657' title='bbox 2611 2803 2806 2857; x_wconf 80' lang='lat' dir='ltr'><strong>ctrdem</strong></span> <span class='ocrx_word' id='word_1_658' title='bbox 2843 2806 3098 2871; x_wconf 86' lang='lat' dir='ltr'><strong>ingentem</strong></span> <span class='ocrx_word' id='word_1_659' title='bbox 3139 2801 3307 2870; x_wconf 81' lang='lat' dir='ltr'><strong>fecere</strong></span> <span class='ocrx_word' id='word_1_660' title='bbox 3341 2799 3520 2869; x_wconf 85' lang='lat' dir='ltr'><strong>:quod</strong></span> 
     </span>
    </p>
   </div>
   <div class='ocr_carea' id='block_1_91' title="bbox 1945 2892 3520 2962">
    <p class='ocr_par' dir='ltr' id='par_1_91' title="bbox 1945 2892 3520 2962">
     <span class='ocr_line' id='line_1_112' title="bbox 1945 2892 3520 2962; baseline -0.004 -14"><span class='ocrx_word' id='word_1_661' title='bbox 1945 2896 2250 2961; x_wconf 78' lang='lat' dir='ltr'><strong>opusculum</strong></span> <span class='ocrx_word' id='word_1_662' title='bbox 2283 2905 2532 2962; x_wconf 85' lang='lat' dir='ltr'><strong>tanquam</strong></span> <span class='ocrx_word' id='word_1_663' title='bbox 2570 2894 2850 2962; x_wconf 85' lang='lat' dir='ltr'><strong>spirituale</strong></span> <span class='ocrx_word' id='word_1_664' title='bbox 2877 2893 3145 2962; x_wconf 86' lang='lat' dir='ltr'><strong>quoddam</strong></span> <span class='ocrx_word' id='word_1_665' title='bbox 3165 2892 3520 2945; x_wconf 82' lang='lat' dir='ltr'><strong>oblectamen-</strong></span> 
     </span>
    </p>
   </div>
   <div class='ocr_carea' id='block_1_92' title="bbox 1945 2979 3521 3051">
    <p class='ocr_par' dir='ltr' id='par_1_92' title="bbox 1945 2979 3521 3051">
     <span class='ocr_line' id='line_1_113' title="bbox 1945 2979 3521 3051; baseline -0.004 -11"><span class='ocrx_word' id='word_1_666' title='bbox 1945 2998 2054 3040; x_wconf 88' lang='lat' dir='ltr'><strong>tum</strong></span> <span class='ocrx_word' id='word_1_667' title='bbox 2083 2985 2333 3039; x_wconf 88' lang='lat' dir='ltr'><strong>studiosis</strong></span> <span class='ocrx_word' id='word_1_668' title='bbox 2367 2984 2596 3051; x_wconf 82' lang='lat' dir='ltr'><strong>rcliquit.</strong></span> <span class='ocrx_word' id='word_1_669' title='bbox 2626 2985 2761 3037; x_wconf 86' lang='lat' dir='ltr'><strong>Cum</strong></span> <span class='ocrx_word' id='word_1_670' title='bbox 2808 2984 2993 3037; x_wconf 64' lang='lat' dir='ltr'><strong>Graece</strong></span> <span class='ocrx_word' id='word_1_671' title='bbox 3037 2983 3310 3051; x_wconf 75' lang='lat' dir='ltr'><strong>legeretur</strong></span> <span class='ocrx_word' id='word_1_672' title='bbox 3333 2979 3521 3051; x_wconf 70' lang='grc' dir='ltr'><strong>διηγήο</strong></span> 
     </span>
    </p>
   </div>
   <div class='ocr_carea' id='block_1_93' title="bbox 1945 3073 3518 3148">
    <p class='ocr_par' dir='ltr' id='par_1_93' title="bbox 1945 3073 3518 3148">
     <span class='ocr_line' id='line_1_114' title="bbox 1945 3073 3518 3148; baseline -0.003 -18"><span class='ocrx_word' id='word_1_673' title='bbox 1945 3097 2111 3148; x_wconf 83' lang='grc' dir='ltr'><strong>ματα.</strong></span> <span class='ocrx_word' id='word_1_674' title='bbox 2146 3078 2496 3131; x_wconf 87' lang='lat' dir='ltr'><strong>occasionem</strong></span> <span class='ocrx_word' id='word_1_675' title='bbox 2531 3076 2761 3145; x_wconf 86' lang='lat' dir='ltr'><strong>arripuit</strong></span> <span class='ocrx_word' id='word_1_676' title='bbox 2793 3075 3207 3129; x_wconf 80' lang='lat' dir='ltr'><strong>eruditissimus</strong></span> <span class='ocrx_word' id='word_1_677' title='bbox 3251 3073 3518 3128; x_wconf 74' lang='lat' dir='ltr'><strong>Pessinus</strong></span> 
     </span>
    </p>
   </div>
   <div class='ocr_carea' id='block_1_94' title="bbox 1943 3165 3571 3235">
    <p class='ocr_par' dir='ltr' id='par_1_94' title="bbox 1943 3165 3571 3235">
     <span class='ocr_line' id='line_1_115' title="bbox 1943 3165 3571 3235; baseline -0.002 -14"><span class='ocrx_word' id='word_1_678' title='bbox 1943 3167 2316 3235; x_wconf 78' lang='lat' dir='ltr'><strong>distinguendi</strong></span> <span class='ocrx_word' id='word_1_679' title='bbox 2372 3167 2568 3219; x_wconf 88' lang='lat' dir='ltr'><strong>lihrnm</strong></span> <span class='ocrx_word' id='word_1_680' title='bbox 2613 3167 2664 3220; x_wconf 86' lang='lat' dir='ltr'><strong>in</strong></span> <span class='ocrx_word' id='word_1_681' title='bbox 2721 3175 2926 3235; x_wconf 87' lang='lat' dir='ltr'><strong>septem</strong></span> <span class='ocrx_word' id='word_1_682' title='bbox 2971 3165 3346 3229; x_wconf 75' lang='lat' dir='ltr'><strong>Narrationes,</strong></span> <span class='ocrx_word' id='word_1_683' title='bbox 3391 3179 3516 3218; x_wconf 83' lang='lat' dir='ltr'><strong>cum</strong></span> <span class='ocrx_word' id='word_1_684' title='bbox 3565 3168 3571 3177; x_wconf 88' lang='lat'><strong>&#39;</strong></span> 
     </span>
    </p>
   </div>
   <div class='ocr_carea' id='block_1_95' title="bbox 1944 3252 3514 3321">
    <p class='ocr_par' dir='ltr' id='par_1_95' title="bbox 1944 3252 3514 3321">
     <span class='ocr_line' id='line_1_116' title="bbox 1944 3252 3514 3321; baseline 0.001 -14"><span class='ocrx_word' id='word_1_685' title='bbox 1944 3254 2047 3309; x_wconf 90' lang='lat' dir='ltr'><strong>hoc</strong></span> <span class='ocrx_word' id='word_1_686' title='bbox 2092 3252 2459 3307; x_wconf 86' lang='lat' dir='ltr'><strong>arbitraretur</strong></span> <span class='ocrx_word' id='word_1_687' title='bbox 2504 3254 2691 3321; x_wconf 80' lang='lat' dir='ltr'><strong>aliquo</strong></span> <span class='ocrx_word' id='word_1_688' title='bbox 2731 3253 2957 3310; x_wconf 80' lang='lat' dir='ltr'><strong>lectoris</strong></span> <span class='ocrx_word' id='word_1_689' title='bbox 3001 3253 3316 3314; x_wconf 82' lang='lat' dir='ltr'><strong>commodo,</strong></span> <span class='ocrx_word' id='word_1_690' title='bbox 3359 3255 3514 3308; x_wconf 86' lang='lat' dir='ltr'><strong>nullo</strong></span> 
     </span>
    </p>
   </div>
   <div class='ocr_carea' id='block_1_96' title="bbox 1945 3333 3236 3414">
    <p class='ocr_par' dir='ltr' id='par_1_96' title="bbox 1945 3333 3236 3414">
     <span class='ocr_line' id='line_1_117' title="bbox 1945 3333 3236 3414; baseline -0.001 -15"><span class='ocrx_word' id='word_1_691' title='bbox 1945 3346 2189 3399; x_wconf 86' lang='lat' dir='ltr'><strong>auctoris</strong></span> <span class='ocrx_word' id='word_1_692' title='bbox 2224 3351 2318 3396; x_wconf 89' lang='lat' dir='ltr'><strong>aut</strong></span> <span class='ocrx_word' id='word_1_693' title='bbox 2347 3344 2529 3414; x_wconf 83' lang='lat' dir='ltr'><strong>operis</strong></span> <span class='ocrx_word' id='word_1_694' title='bbox 2551 3343 2879 3400; x_wconf 77' lang='lat' dir='ltr'><strong>detrimento</strong></span> <span class='ocrx_word' id='word_1_695' title='bbox 2911 3343 3027 3399; x_wconf 84' lang='lat' dir='ltr'><strong>ﬁeri</strong></span> <span class='ocrx_word' id='word_1_696' title='bbox 3053 3333 3236 3413; x_wconf 75' lang='lat' dir='ltr'><strong>posse.</strong></span> 
     </span>
    </p>
   </div>
   <div class='ocr_carea' id='block_1_97' title="bbox 2015 3435 3521 3506">
    <p class='ocr_par' dir='ltr' id='par_1_97' title="bbox 2015 3435 3521 3506">
     <span class='ocr_line' id='line_1_118' title="bbox 2015 3435 3521 3506; baseline -0.001 -17"><span class='ocrx_word' id='word_1_697' title='bbox 2015 3435 2089 3492; x_wconf 89' lang='lat' dir='ltr'><strong>De</strong></span> <span class='ocrx_word' id='word_1_698' title='bbox 2120 3454 2205 3500; x_wconf 86' lang='lat' dir='ltr'><strong>ea.</strong></span> <span class='ocrx_word' id='word_1_699' title='bbox 2228 3451 2348 3506; x_wconf 70' lang='lat' dir='ltr'><strong>quae</strong></span> <span class='ocrx_word' id='word_1_700' title='bbox 2379 3438 2519 3504; x_wconf 91' lang='lat' dir='ltr'><strong>apud</strong></span> <span class='ocrx_word' id='word_1_701' title='bbox 2551 3436 2911 3506; x_wconf 86' lang='lat' dir='ltr'><strong>Lipomanum</strong></span> <span class='ocrx_word' id='word_1_702' title='bbox 2943 3438 3091 3490; x_wconf 89' lang='lat' dir='ltr'><strong>edita</strong></span> <span class='ocrx_word' id='word_1_703' title='bbox 3112 3445 3218 3498; x_wconf 88' lang='lat' dir='ltr'><strong>est,</strong></span> <span class='ocrx_word' id='word_1_704' title='bbox 3249 3437 3521 3506; x_wconf 87' lang='lat' dir='ltr'><strong>interpre-</strong></span> 
     </span>
    </p>
   </div>
   <div class='ocr_carea' id='block_1_98' title="bbox 1948 3527 3521 3597">
    <p class='ocr_par' dir='ltr' id='par_1_98' title="bbox 1948 3527 3521 3597">
     <span class='ocr_line' id='line_1_119' title="bbox 1948 3527 3521 3597; baseline 0 -16"><span class='ocrx_word' id='word_1_705' title='bbox 1948 3529 2172 3594; x_wconf 86' lang='lat' dir='ltr'><strong>tatione,</strong></span> <span class='ocrx_word' id='word_1_706' title='bbox 2217 3530 2346 3582; x_wconf 88' lang='lat' dir='ltr'><strong>illud</strong></span> <span class='ocrx_word' id='word_1_707' title='bbox 2381 3537 2463 3583; x_wconf 85' lang='lat' dir='ltr'><strong>est</strong></span> <span class='ocrx_word' id='word_1_708' title='bbox 2493 3529 2933 3597; x_wconf 68' lang='lat' dir='ltr'><strong>praestantissimi</strong></span> <span class='ocrx_word' id='word_1_709' title='bbox 2979 3527 3129 3582; x_wconf 88' lang='lat' dir='ltr'><strong>Petri</strong></span> <span class='ocrx_word' id='word_1_710' title='bbox 3166 3527 3380 3584; x_wconf 82' lang='lat' dir='ltr'><strong>Possini</strong></span> <span class='ocrx_word' id='word_1_711' title='bbox 3435 3527 3521 3582; x_wconf 87' lang='lat' dir='ltr'><strong>in-</strong></span> 
     </span>
    </p>
   </div>
   <div class='ocr_carea' id='block_1_99' title="bbox 1949 3617 3520 3688">
    <p class='ocr_par' dir='ltr' id='par_1_99' title="bbox 1949 3617 3520 3688">
     <span class='ocr_line' id='line_1_120' title="bbox 1949 3617 3520 3688; baseline 0 -18"><span class='ocrx_word' id='word_1_712' title='bbox 1949 3619 2359 3688; x_wconf 78' lang='lat' dir='ltr'><strong>terpretationis</strong></span> <span class='ocrx_word' id='word_1_713' title='bbox 2417 3634 2531 3674; x_wconf 70' lang='lat' dir='ltr'><strong>sum</strong></span> <span class='ocrx_word' id='word_1_714' title='bbox 2584 3619 2875 3672; x_wconf 87' lang='lat' dir='ltr'><strong>arbitrium</strong></span> <span class='ocrx_word' id='word_1_715' title='bbox 2919 3637 2934 3673; x_wconf 89' lang='lat'><strong>:</strong></span> <span class='ocrx_word' id='word_1_716' title='bbox 2986 3617 3102 3673; x_wconf 78' lang='lat' dir='ltr'><strong>Hoc</strong></span> <span class='ocrx_word' id='word_1_717' title='bbox 3150 3635 3312 3672; x_wconf 86' lang='lat' dir='ltr'><strong>unum</strong></span> <span class='ocrx_word' id='word_1_718' title='bbox 3365 3619 3520 3671; x_wconf 87' lang='lat' dir='ltr'><strong>modo</strong></span> 
     </span>
    </p>
   </div>
   <div class='ocr_carea' id='block_1_100' title="bbox 1947 3709 3520 3781">
    <p class='ocr_par' dir='ltr' id='par_1_100' title="bbox 1947 3709 3520 3781">
     <span class='ocr_line' id='line_1_121' title="bbox 1947 3709 3520 3781; baseline -0.001 -18"><span class='ocrx_word' id='word_1_719' title='bbox 1947 3711 2095 3764; x_wconf 89' lang='lat' dir='ltr'><strong>initio</strong></span> <span class='ocrx_word' id='word_1_720' title='bbox 2127 3726 2417 3779; x_wconf 86' lang='lat' dir='ltr'><strong>receperam</strong></span> <span class='ocrx_word' id='word_1_721' title='bbox 2449 3728 2467 3764; x_wconf 89' lang='lat'><strong><em>:</em></strong></span> <span class='ocrx_word' id='word_1_722' title='bbox 2497 3711 2691 3780; x_wconf 78' lang='lat' dir='ltr'><strong>hocque</strong></span> <span class='ocrx_word' id='word_1_723' title='bbox 2720 3709 2824 3772; x_wconf 83' lang='lat' dir='ltr'><strong>illi,</strong></span> <span class='ocrx_word' id='word_1_724' title='bbox 2859 3726 2961 3781; x_wconf 87' lang='lat' dir='ltr'><strong>quo</strong></span> <span class='ocrx_word' id='word_1_725' title='bbox 2991 3727 3180 3780; x_wconf 85' lang='lat' dir='ltr'><strong>magno</strong></span> <span class='ocrx_word' id='word_1_726' title='bbox 3209 3712 3396 3764; x_wconf 85' lang='lat' dir='ltr'><strong>merito</strong></span> <span class='ocrx_word' id='word_1_727' title='bbox 3434 3711 3520 3762; x_wconf 86' lang='lat' dir='ltr'><strong>ni-</strong></span> 
     </span>
    </p>
   </div>
   <div class='ocr_carea' id='block_1_101' title="bbox 1948 3801 3518 3871">
    <p class='ocr_par' dir='ltr' id='par_1_101' title="bbox 1948 3801 3518 3871">
     <span class='ocr_line' id='line_1_122' title="bbox 1948 3801 3518 3871; baseline 0.002 -19"><span class='ocrx_word' id='word_1_728' title='bbox 1948 3802 2025 3856; x_wconf 85' lang='lat' dir='ltr'><strong>hil</strong></span> <span class='ocrx_word' id='word_1_729' title='bbox 2045 3818 2146 3855; x_wconf 90' lang='lat' dir='ltr'><strong>non</strong></span> <span class='ocrx_word' id='word_1_730' title='bbox 2175 3801 2314 3870; x_wconf 88' lang='lat' dir='ltr'><strong>apud</strong></span> <span class='ocrx_word' id='word_1_731' title='bbox 2356 3819 2436 3856; x_wconf 90' lang='lat' dir='ltr'><strong>me</strong></span> <span class='ocrx_word' id='word_1_732' title='bbox 2463 3811 2705 3870; x_wconf 82' lang='lat' dir='ltr'><strong>possunt,</strong></span> <span class='ocrx_word' id='word_1_733' title='bbox 2746 3818 2945 3855; x_wconf 85' lang='lat' dir='ltr'><strong>mecum</strong></span> <span class='ocrx_word' id='word_1_734' title='bbox 2973 3802 3240 3856; x_wconf 70' lang='lat' dir='ltr'><strong>duntaxat</strong></span> <span class='ocrx_word' id='word_1_735' title='bbox 3265 3813 3478 3871; x_wconf 85' lang='lat' dir='ltr'><strong>egerant</strong></span> <span class='ocrx_word' id='word_1_736' title='bbox 3501 3820 3518 3855; x_wconf 90' lang='lat'><em>:</em></span> 
     </span>
    </p>
   </div>
   <div class='ocr_carea' id='block_1_102' title="bbox 1951 3893 3519 3964">
    <p class='ocr_par' dir='ltr' id='par_1_102' title="bbox 1951 3893 3519 3964">
     <span class='ocr_line' id='line_1_123' title="bbox 1951 3893 3519 3964; baseline 0 -18"><span class='ocrx_word' id='word_1_737' title='bbox 1951 3903 2004 3946; x_wconf 86' lang='lat' dir='ltr'><strong>ut</strong></span> <span class='ocrx_word' id='word_1_738' title='bbox 2028 3903 2264 3955; x_wconf 75' lang='lat' dir='ltr'><strong>celerem,</strong></span> <span class='ocrx_word' id='word_1_739' title='bbox 2289 3910 2406 3964; x_wconf 69' lang='lat' dir='ltr'><strong>quia</strong></span> <span class='ocrx_word' id='word_1_740' title='bbox 2432 3894 2631 3963; x_wconf 87' lang='lat' dir='ltr'><strong>pridem</strong></span> <span class='ocrx_word' id='word_1_741' title='bbox 2657 3912 2689 3947; x_wconf 90' lang='lat' dir='ltr'><strong>a</strong></span> <span class='ocrx_word' id='word_1_742' title='bbox 2720 3893 3009 3963; x_wconf 87' lang='lat' dir='ltr'><strong>Lipomano</strong></span> <span class='ocrx_word' id='word_1_743' title='bbox 3038 3903 3115 3947; x_wconf 90' lang='lat' dir='ltr'><strong>est</strong></span> <span class='ocrx_word' id='word_1_744' title='bbox 3156 3896 3321 3957; x_wconf 83' lang='lat' dir='ltr'><strong>edita,</strong></span> <span class='ocrx_word' id='word_1_745' title='bbox 3362 3894 3519 3960; x_wconf 82' lang='lat' dir='ltr'><strong>hujus</strong></span> 
     </span>
    </p>
   </div>
   <div class='ocr_carea' id='block_1_103' title="bbox 1950 3981 3518 4051">
    <p class='ocr_par' dir='ltr' id='par_1_103' title="bbox 1950 3981 3518 4051">
     <span class='ocr_line' id='line_1_124' title="bbox 1950 3981 3518 4051; baseline -0.001 -14"><span class='ocrx_word' id='word_1_746' title='bbox 1950 3983 2187 4050; x_wconf 82' lang='lat' dir='ltr'><strong>opusculi</strong></span> <span class='ocrx_word' id='word_1_747' title='bbox 2222 3985 2699 4051; x_wconf 88' lang='lat' dir='ltr'><strong>interpretationem</strong></span> <span class='ocrx_word' id='word_1_748' title='bbox 2731 4001 3074 4047; x_wconf 85' lang='lat' dir='ltr'><strong>recenserem,</strong></span> <span class='ocrx_word' id='word_1_749' title='bbox 3098 3993 3148 4035; x_wconf 93' lang='lat' dir='ltr'><strong>et</strong></span> <span class='ocrx_word' id='word_1_750' title='bbox 3185 3999 3302 4034; x_wconf 89' lang='lat' dir='ltr'><strong>cum</strong></span> <span class='ocrx_word' id='word_1_751' title='bbox 3330 3981 3518 4036; x_wconf 82' lang='lat' dir='ltr'><strong>Gra&#39;ca</strong></span> 
     </span>
    </p>
   </div>
   <div class='ocr_carea' id='block_1_104' title="bbox 1951 4073 3521 4142">
    <p class='ocr_par' dir='ltr' id='par_1_104' title="bbox 1951 4073 3521 4142">
     <span class='ocr_line' id='line_1_125' title="bbox 1951 4073 3521 4142; baseline 0 -15"><span class='ocrx_word' id='word_1_752' title='bbox 1951 4091 2330 4141; x_wconf 86' lang='lat' dir='ltr'><strong>compararem.</strong></span> <span class='ocrx_word' id='word_1_753' title='bbox 2364 4073 2467 4127; x_wconf 86' lang='lat' dir='ltr'><strong>Sed</strong></span> <span class='ocrx_word' id='word_1_754' title='bbox 2501 4089 2620 4126; x_wconf 87' lang='lat' dir='ltr'><strong>cum</strong></span> <span class='ocrx_word' id='word_1_755' title='bbox 2670 4074 2872 4141; x_wconf 88' lang='lat' dir='ltr'><strong>aliquot</strong></span> <span class='ocrx_word' id='word_1_756' title='bbox 2909 4074 3025 4141; x_wconf 83' lang='lat' dir='ltr'><strong>jam</strong></span> <span class='ocrx_word' id='word_1_757' title='bbox 3066 4073 3274 4140; x_wconf 87' lang='lat' dir='ltr'><strong>paginis</strong></span> <span class='ocrx_word' id='word_1_758' title='bbox 3321 4076 3521 4142; x_wconf 87' lang='lat' dir='ltr'><strong>passim</strong></span> 
     </span>
    </p>
   </div>
   <div class='ocr_carea' id='block_1_105' title="bbox 1953 4163 3522 4232">
    <p class='ocr_par' dir='ltr' id='par_1_105' title="bbox 1953 4163 3522 4232">
     <span class='ocr_line' id='line_1_126' title="bbox 1953 4163 3522 4232; baseline 0 -15"><span class='ocrx_word' id='word_1_759' title='bbox 1953 4164 2348 4232; x_wconf 79' lang='lat' dir='ltr'><strong>interpolatum,</strong></span> <span class='ocrx_word' id='word_1_760' title='bbox 2385 4181 2447 4217; x_wconf 93' lang='lat' dir='ltr'><strong>ac</strong></span> <span class='ocrx_word' id='word_1_761' title='bbox 2482 4173 2810 4217; x_wconf 87' lang='lat' dir='ltr'><strong>recantatam</strong></span> <span class='ocrx_word' id='word_1_762' title='bbox 2846 4182 2877 4216; x_wconf 90' lang='lat' dir='ltr'><strong>a</strong></span> <span class='ocrx_word' id='word_1_763' title='bbox 2909 4180 2988 4216; x_wconf 88' lang='lat' dir='ltr'><strong>me</strong></span> <span class='ocrx_word' id='word_1_764' title='bbox 3024 4163 3173 4216; x_wconf 88' lang='lat' dir='ltr'><strong>illam</strong></span> <span class='ocrx_word' id='word_1_765' title='bbox 3207 4165 3522 4232; x_wconf 81' lang='lat' dir='ltr'><strong>interpreta-</strong></span> 
     </span>
    </p>
   </div>
   <div class='ocr_carea' id='block_1_106' title="bbox 1955 4254 3525 4323">
    <p class='ocr_par' dir='ltr' id='par_1_106' title="bbox 1955 4254 3525 4323">
     <span class='ocr_line' id='line_1_127' title="bbox 1955 4254 3525 4323; baseline 0 -14"><span class='ocrx_word' id='word_1_766' title='bbox 1955 4259 2143 4309; x_wconf 84' lang='lat' dir='ltr'><strong>tionem</strong></span> <span class='ocrx_word' id='word_1_767' title='bbox 2180 4255 2365 4307; x_wconf 86' lang='lat' dir='ltr'><strong>amicis</strong></span> <span class='ocrx_word' id='word_1_768' title='bbox 2394 4255 2448 4307; x_wconf 91' lang='lat' dir='ltr'><strong>in</strong></span> <span class='ocrx_word' id='word_1_769' title='bbox 2477 4255 2734 4321; x_wconf 89' lang='lat' dir='ltr'><strong>specimen</strong></span> <span class='ocrx_word' id='word_1_770' title='bbox 2755 4254 3085 4320; x_wconf 85' lang='lat' dir='ltr'><strong>obtulissent,</strong></span> <span class='ocrx_word' id='word_1_771' title='bbox 3112 4254 3249 4323; x_wconf 87' lang='lat' dir='ltr'><strong>quod</strong></span> <span class='ocrx_word' id='word_1_772' title='bbox 3273 4254 3525 4310; x_wconf 82' lang='lat' dir='ltr'><strong>scribenti</strong></span> 
     </span>
    </p>
   </div>
   <div class='ocr_carea' id='block_1_107' title="bbox 1952 4327 3522 4418">
    <p class='ocr_par' dir='ltr' id='par_1_107' title="bbox 1952 4327 3522 4418">
     <span class='ocr_line' id='line_1_128' title="bbox 1952 4327 3522 4418; baseline 0 -16"><span class='ocrx_word' id='word_1_773' title='bbox 1952 4350 2096 4418; x_wconf 87' lang='lat' dir='ltr'><strong>prius</strong></span> <span class='ocrx_word' id='word_1_774' title='bbox 2128 4347 2274 4412; x_wconf 83' lang='lat' dir='ltr'><strong>mihi,</strong></span> <span class='ocrx_word' id='word_1_775' title='bbox 2303 4327 2398 4400; x_wconf 69' lang='grc' dir='ltr'><strong>Ιῖοο</strong></span> <span class='ocrx_word' id='word_1_776' title='bbox 2427 4345 2715 4416; x_wconf 82' lang='lat' dir='ltr'><strong>legentibus</strong></span> <span class='ocrx_word' id='word_1_777' title='bbox 2749 4346 2884 4401; x_wconf 87' lang='lat' dir='ltr'><strong>idem</strong></span> <span class='ocrx_word' id='word_1_778' title='bbox 2918 4348 3048 4415; x_wconf 79' lang='lat' dir='ltr'><strong>ipsis</strong></span> <span class='ocrx_word' id='word_1_779' title='bbox 3083 4348 3252 4413; x_wconf 83' lang='lat' dir='ltr'><strong>visum</strong></span> <span class='ocrx_word' id='word_1_780' title='bbox 3291 4347 3479 4413; x_wconf 78' lang='lat' dir='ltr'><strong>{uisset</strong></span> <span class='ocrx_word' id='word_1_781' title='bbox 3504 4365 3522 4402; x_wconf 88' lang='lat'><strong><em>:</em></strong></span> 
     </span>
    </p>
   </div>
   <div class='ocr_carea' id='block_1_108' title="bbox 1954 4439 3526 4508">
    <p class='ocr_par' dir='ltr' id='par_1_108' title="bbox 1954 4439 3526 4508">
     <span class='ocr_line' id='line_1_129' title="bbox 1954 4439 3526 4508; baseline 0 -16"><span class='ocrx_word' id='word_1_782' title='bbox 1954 4457 2052 4500; x_wconf 86' lang='lat' dir='ltr'><strong>me,</strong></span> <span class='ocrx_word' id='word_1_783' title='bbox 2073 4441 2119 4492; x_wconf 87' lang='lat' dir='ltr'><strong>si</strong></span> <span class='ocrx_word' id='word_1_784' title='bbox 2141 4455 2399 4508; x_wconf 83' lang='lat' dir='ltr'><strong>pergerent</strong></span> <span class='ocrx_word' id='word_1_785' title='bbox 2431 4449 2486 4491; x_wconf 85' lang='lat' dir='ltr'><strong>ut</strong></span> <span class='ocrx_word' id='word_1_786' title='bbox 2509 4453 2781 4505; x_wconf 76' lang='lat' dir='ltr'><strong>coeperam.</strong></span> <span class='ocrx_word' id='word_1_787' title='bbox 2803 4439 3174 4492; x_wconf 75' lang='lat' dir='ltr'><strong>erltauriendis</strong></span> <span class='ocrx_word' id='word_1_788' title='bbox 3196 4440 3304 4493; x_wconf 88' lang='lat' dir='ltr'><strong>illis</strong></span> <span class='ocrx_word' id='word_1_789' title='bbox 3329 4440 3526 4492; x_wconf 89' lang='lat' dir='ltr'><strong>laboris</strong></span> 
     </span>
    </p>
   </div>
   <div class='ocr_carea' id='block_1_109' title="bbox 1955 4530 3523 4598">
    <p class='ocr_par' dir='ltr' id='par_1_109' title="bbox 1955 4530 3523 4598">
     <span class='ocr_line' id='line_1_130' title="bbox 1955 4530 3523 4598; baseline -0.002 -15"><span class='ocrx_word' id='word_1_790' title='bbox 1955 4531 2357 4584; x_wconf 81' lang='lat' dir='ltr'><strong>illiberalissimi</strong></span> <span class='ocrx_word' id='word_1_791' title='bbox 2403 4530 2666 4598; x_wconf 77' lang='lat' dir='ltr'><strong>fastidiis.</strong></span> <span class='ocrx_word' id='word_1_792' title='bbox 2716 4546 2904 4598; x_wconf 77' lang='lat' dir='ltr'><strong>magno</strong></span> <span class='ocrx_word' id='word_1_793' title='bbox 2945 4547 3056 4583; x_wconf 89' lang='lat' dir='ltr'><strong>meo</strong></span> <span class='ocrx_word' id='word_1_794' title='bbox 3112 4531 3268 4584; x_wconf 72' lang='lat' dir='ltr'><strong>taedio</strong></span> <span class='ocrx_word' id='word_1_795' title='bbox 3321 4531 3523 4584; x_wconf 83' lang='lat' dir='ltr'><strong>nullam</strong></span> 
     </span>
    </p>
   </div>
   <div class='ocr_carea' id='block_1_110' title="bbox 1957 4619 3522 4688">
    <p class='ocr_par' dir='ltr' id='par_1_110' title="bbox 1957 4619 3522 4688">
     <span class='ocr_line' id='line_1_131' title="bbox 1957 4619 3522 4688; baseline -0.001 -16"><span class='ocrx_word' id='word_1_796' title='bbox 1957 4622 2375 4672; x_wconf 82' lang='lat' dir='ltr'><strong>tamcnalicnam</strong></span> <span class='ocrx_word' id='word_1_797' title='bbox 2406 4621 2632 4688; x_wconf 86' lang='lat' dir='ltr'><strong>gratiam</strong></span> <span class='ocrx_word' id='word_1_798' title='bbox 2664 4619 2975 4672; x_wconf 83' lang='lat' dir='ltr'><strong>relaturum.</strong></span> <span class='ocrx_word' id='word_1_799' title='bbox 3015 4619 3078 4672; x_wconf 82' lang='lat' dir='ltr'><strong>Et</strong></span> <span class='ocrx_word' id='word_1_800' title='bbox 3102 4631 3259 4682; x_wconf 85' lang='lat' dir='ltr'><strong>certe,</strong></span> <span class='ocrx_word' id='word_1_801' title='bbox 3285 4631 3340 4673; x_wconf 88' lang='lat' dir='ltr'><strong>ut</strong></span> <span class='ocrx_word' id='word_1_802' title='bbox 3368 4637 3522 4687; x_wconf 88' lang='lat' dir='ltr'><strong>quam</strong></span> 
     </span>
    </p>
   </div>
   <div class='ocr_carea' id='block_1_111' title="bbox 1956 4711 3524 4780">
    <p class='ocr_par' dir='ltr' id='par_1_111' title="bbox 1956 4711 3524 4780">
     <span class='ocr_line' id='line_1_132' title="bbox 1956 4711 3524 4780; baseline -0.001 -16"><span class='ocrx_word' id='word_1_803' title='bbox 1956 4712 2194 4765; x_wconf 90' lang='lat' dir='ltr'><strong>omittere</strong></span> <span class='ocrx_word' id='word_1_804' title='bbox 2228 4729 2329 4765; x_wconf 88' lang='lat' dir='ltr'><strong>non</strong></span> <span class='ocrx_word' id='word_1_805' title='bbox 2358 4727 2595 4779; x_wconf 84' lang='lat' dir='ltr'><strong>possunt,</strong></span> <span class='ocrx_word' id='word_1_806' title='bbox 2648 4712 2918 4764; x_wconf 63' lang='lat' dir='ltr'><strong>celerrime</strong></span> <span class='ocrx_word' id='word_1_807' title='bbox 2961 4711 3173 4776; x_wconf 84' lang='lat' dir='ltr'><strong>saltem,</strong></span> <span class='ocrx_word' id='word_1_808' title='bbox 3206 4713 3344 4780; x_wconf 86' lang='lat' dir='ltr'><strong>quod</strong></span> <span class='ocrx_word' id='word_1_809' title='bbox 3386 4727 3524 4764; x_wconf 46' lang='lat' dir='ltr'><strong>vere.</strong></span> 
     </span>
    </p>
   </div>
   <div class='ocr_carea' id='block_1_112' title="bbox 1958 4799 3526 4869">
    <p class='ocr_par' dir='ltr' id='par_1_112' title="bbox 1958 4799 3526 4869">
     <span class='ocr_line' id='line_1_133' title="bbox 1958 4799 3526 4869; baseline -0.001 -17"><span class='ocrx_word' id='word_1_810' title='bbox 1958 4799 2162 4853; x_wconf 75' lang='lat' dir='ltr'><strong>cundia:</strong></span> <span class='ocrx_word' id='word_1_811' title='bbox 2202 4816 2364 4853; x_wconf 88' lang='lat' dir='ltr'><strong>unum</strong></span> <span class='ocrx_word' id='word_1_812' title='bbox 2407 4809 2662 4866; x_wconf 82' lang='lat' dir='ltr'><strong>superest,</strong></span> <span class='ocrx_word' id='word_1_813' title='bbox 2718 4802 3011 4869; x_wconf 80' lang='lat' dir='ltr'><strong>trmtsigam</strong></span> <span class='ocrx_word' id='word_1_814' title='bbox 3076 4801 3526 4865; x_wconf 69' lang='lat' dir='ltr'><strong>reprehensionem</strong></span> 
     </span>
    </p>
   </div>
   <div class='ocr_carea' id='block_1_113' title="bbox 1960 4890 3522 4958">
    <p class='ocr_par' dir='ltr' id='par_1_113' title="bbox 1960 4890 3522 4958">
     <span class='ocr_line' id='line_1_134' title="bbox 1960 4890 3522 4958; baseline 0 -16"><span class='ocrx_word' id='word_1_815' title='bbox 1960 4890 2157 4943; x_wconf 87' lang='lat' dir='ltr'><strong>laboris</strong></span> <span class='ocrx_word' id='word_1_816' title='bbox 2187 4891 2369 4953; x_wconf 79' lang='lat' dir='ltr'><strong>alieni,</strong></span> <span class='ocrx_word' id='word_1_817' title='bbox 2403 4891 2453 4940; x_wconf 88' lang='lat' dir='ltr'><strong>id</strong></span> <span class='ocrx_word' id='word_1_818' title='bbox 2479 4906 2636 4958; x_wconf 84' lang='lat' dir='ltr'><strong>quant</strong></span> <span class='ocrx_word' id='word_1_819' title='bbox 2679 4890 2920 4954; x_wconf 86' lang='lat' dir='ltr'><strong>breviter,</strong></span> <span class='ocrx_word' id='word_1_820' title='bbox 2960 4898 3064 4943; x_wconf 89' lang='lat' dir='ltr'><strong>tam</strong></span> <span class='ocrx_word' id='word_1_821' title='bbox 3093 4906 3205 4942; x_wconf 87' lang='lat' dir='ltr'><strong>vcre</strong></span> <span class='ocrx_word' id='word_1_822' title='bbox 3245 4890 3362 4942; x_wconf 74' lang='lat' dir='ltr'><strong>licet</strong></span> <span class='ocrx_word' id='word_1_823' title='bbox 3389 4892 3522 4958; x_wconf 71' lang='lat' dir='ltr'><strong>aﬁir-</strong></span> 
     </span>
    </p>
   </div>
   <div class='ocr_carea' id='block_1_114' title="bbox 1959 4981 3519 5051">
    <p class='ocr_par' dir='ltr' id='par_1_114' title="bbox 1959 4981 3519 5051">
     <span class='ocr_line' id='line_1_135' title="bbox 1959 4981 3519 5051; baseline 0.001 -19"><span class='ocrx_word' id='word_1_824' title='bbox 1959 4997 2103 5034; x_wconf 90' lang='lat' dir='ltr'><strong>mare</strong></span> <span class='ocrx_word' id='word_1_825' title='bbox 2134 4982 2330 5032; x_wconf 85' lang='lat' dir='ltr'><strong>nullum</strong></span> <span class='ocrx_word' id='word_1_826' title='bbox 2360 4981 2567 5033; x_wconf 87' lang='lat' dir='ltr'><strong>omnino</strong></span> <span class='ocrx_word' id='word_1_827' title='bbox 2602 4981 2736 5034; x_wconf 83' lang='lat' dir='ltr'><strong>labis</strong></span> <span class='ocrx_word' id='word_1_828' title='bbox 2787 4983 3042 5051; x_wconf 78' lang='lat' dir='ltr'><strong>ﬂagitiive</strong></span> <span class='ocrx_word' id='word_1_829' title='bbox 3081 4998 3262 5049; x_wconf 86' lang='lat' dir='ltr'><strong>genus,</strong></span> <span class='ocrx_word' id='word_1_830' title='bbox 3291 4984 3430 5050; x_wconf 82' lang='lat' dir='ltr'><strong>quod</strong></span> <span class='ocrx_word' id='word_1_831' title='bbox 3467 4985 3519 5034; x_wconf 86' lang='lat' dir='ltr'><strong>in</strong></span> 
     </span>
    </p>
   </div>
   <div class='ocr_carea' id='block_1_115' title="bbox 1958 5072 3526 5142">
    <p class='ocr_par' dir='ltr' id='par_1_115' title="bbox 1958 5072 3526 5142">
     <span class='ocr_line' id='line_1_136' title="bbox 1958 5072 3526 5142; baseline 0.001 -18"><span class='ocrx_word' id='word_1_832' title='bbox 1958 5089 2016 5124; x_wconf 83' lang='lat' dir='ltr'><strong>eo</strong></span> <span class='ocrx_word' id='word_1_833' title='bbox 2045 5089 2224 5142; x_wconf 75' lang='lat' dir='ltr'><strong>genere</strong></span> <span class='ocrx_word' id='word_1_834' title='bbox 2257 5073 2425 5123; x_wconf 65' lang='lat' dir='ltr'><strong>care’ri</strong></span> <span class='ocrx_word' id='word_1_835' title='bbox 2466 5072 2667 5130; x_wconf 79' lang='lat' dir='ltr'><strong>debeat.</strong></span> <span class='ocrx_word' id='word_1_836' title='bbox 2699 5075 2751 5125; x_wconf 90' lang='lat' dir='ltr'><strong>in</strong></span> <span class='ocrx_word' id='word_1_837' title='bbox 2799 5079 2904 5126; x_wconf 88' lang='lat' dir='ltr'><strong>ista</strong></span> <span class='ocrx_word' id='word_1_838' title='bbox 2957 5089 3070 5126; x_wconf 87' lang='lat' dir='ltr'><strong>esse</strong></span> <span class='ocrx_word' id='word_1_839' title='bbox 3116 5075 3368 5126; x_wconf 81' lang='lat' dir='ltr'><strong>versionis</strong></span> <span class='ocrx_word' id='word_1_840' title='bbox 3408 5091 3526 5141; x_wconf 84' lang='lat' dir='ltr'><strong>per-</strong></span> 
     </span>
    </p>
   </div>
   <div class='ocr_carea' id='block_1_116' title="bbox 1959 5160 3526 5230">
    <p class='ocr_par' dir='ltr' id='par_1_116' title="bbox 1959 5160 3526 5230">
     <span class='ocr_line' id='line_1_137' title="bbox 1959 5160 3526 5230; baseline -0.001 -15"><span class='ocrx_word' id='word_1_841' title='bbox 1959 5162 2268 5215; x_wconf 72' lang='lat' dir='ltr'><strong>t‘t’rsissitnm</strong></span> <span class='ocrx_word' id='word_1_842' title='bbox 2304 5160 2366 5212; x_wconf 88' lang='lat' dir='ltr'><strong>de</strong></span> <span class='ocrx_word' id='word_1_843' title='bbox 2410 5164 2769 5227; x_wconf 83' lang='lat' dir='ltr'><strong>properatione</strong></span> <span class='ocrx_word' id='word_1_844' title='bbox 2824 5163 3256 5230; x_wconf 76' lang='lat' dir='ltr'><strong>prmtermissunt.</strong></span> <span class='ocrx_word' id='word_1_845' title='bbox 3308 5164 3446 5216; x_wconf 56' lang='lat' dir='ltr'><strong>Nam</strong></span> <span class='ocrx_word' id='word_1_846' title='bbox 3479 5175 3526 5216; x_wconf 79' lang='lat' dir='ltr'><strong>et</strong></span> 
     </span>
    </p>
   </div>
   <div class='ocr_carea' id='block_1_117' title="bbox 1959 5251 3528 5317">
    <p class='ocr_par' dir='ltr' id='par_1_117' title="bbox 1959 5251 3528 5317">
     <span class='ocr_line' id='line_1_138' title="bbox 1959 5251 3528 5317; baseline 0.002 -13"><span class='ocrx_word' id='word_1_847' title='bbox 1959 5251 2236 5304; x_wconf 82' lang='lat' dir='ltr'><strong>obscurata</strong></span> <span class='ocrx_word' id='word_1_848' title='bbox 2268 5252 2464 5316; x_wconf 84' lang='lat' dir='ltr'><strong>passim</strong></span> <span class='ocrx_word' id='word_1_849' title='bbox 2497 5261 2571 5303; x_wconf 86' lang='lat' dir='ltr'><strong>est</strong></span> <span class='ocrx_word' id='word_1_850' title='bbox 2607 5255 2838 5305; x_wconf 84' lang='lat' dir='ltr'><strong>auctoris</strong></span> <span class='ocrx_word' id='word_1_851' title='bbox 2874 5253 3152 5317; x_wconf 84' lang='lat' dir='ltr'><strong>sententia,</strong></span> <span class='ocrx_word' id='word_1_852' title='bbox 3181 5263 3228 5307; x_wconf 86' lang='lat' dir='ltr'><strong>et</strong></span> <span class='ocrx_word' id='word_1_853' title='bbox 3263 5271 3362 5306; x_wconf 90' lang='lat' dir='ltr'><strong>non</strong></span> <span class='ocrx_word' id='word_1_854' title='bbox 3404 5271 3528 5307; x_wconf 86' lang='lat' dir='ltr'><strong>raro</strong></span> 
     </span>
    </p>
   </div>
   <div class='ocr_carea' id='block_1_118' title="bbox 1962 5342 3527 5410">
    <p class='ocr_par' dir='ltr' id='par_1_118' title="bbox 1962 5342 3527 5410">
     <span class='ocr_line' id='line_1_139' title="bbox 1962 5342 3527 5410; baseline 0.001 -16"><span class='ocrx_word' id='word_1_855' title='bbox 1962 5343 2029 5395; x_wconf 83' lang='lat' dir='ltr'><strong>ctl</strong></span> <span class='ocrx_word' id='word_1_856' title='bbox 2082 5342 2347 5393; x_wconf 76' lang='lat' dir='ltr'><strong>libidinem</strong></span> <span class='ocrx_word' id='word_1_857' title='bbox 2403 5343 2704 5410; x_wconf 85' lang='lat' dir='ltr'><strong>interpretis</strong></span> <span class='ocrx_word' id='word_1_858' title='bbox 2734 5345 2858 5410; x_wconf 84' lang='lat' dir='ltr'><strong>[icta</strong></span> <span class='ocrx_word' id='word_1_859' title='bbox 2894 5353 2941 5396; x_wconf 87' lang='lat' dir='ltr'><strong>et</strong></span> <span class='ocrx_word' id='word_1_860' title='bbox 2973 5343 3198 5398; x_wconf 82' lang='lat' dir='ltr'><strong>detorta.</strong></span> <span class='ocrx_word' id='word_1_861' title='bbox 3236 5345 3360 5397; x_wconf 83' lang='lat' dir='ltr'><strong>Jmn</strong></span> <span class='ocrx_word' id='word_1_862' title='bbox 3412 5363 3527 5397; x_wconf 62' lang='grc' dir='ltr'><strong>ον-</strong></span> 
     </span>
    </p>
   </div>
   <div class='ocr_carea' id='block_1_119' title="bbox 1962 5429 3528 5498">
    <p class='ocr_par' dir='ltr' id='par_1_119' title="bbox 1962 5429 3528 5498">
     <span class='ocr_line' id='line_1_140' title="bbox 1962 5429 3528 5498; baseline 0.001 -18"><span class='ocrx_word' id='word_1_863' title='bbox 1962 5430 2110 5480; x_wconf 85' lang='lat' dir='ltr'><strong>nibus</strong></span> <span class='ocrx_word' id='word_1_864' title='bbox 2151 5429 2256 5496; x_wconf 79' lang='lat' dir='ltr'><strong>fere</strong></span> <span class='ocrx_word' id='word_1_865' title='bbox 2285 5430 2487 5496; x_wconf 79' lang='lat' dir='ltr'><strong>paginis</strong></span> <span class='ocrx_word' id='word_1_866' title='bbox 2523 5430 2868 5480; x_wconf 81' lang='lat' dir='ltr'><strong>miserrimum</strong></span> <span class='ocrx_word' id='word_1_867' title='bbox 2911 5430 2960 5481; x_wconf 88' lang='lat' dir='ltr'><strong>in</strong></span> <span class='ocrx_word' id='word_1_868' title='bbox 3007 5431 3215 5483; x_wconf 86' lang='lat' dir='ltr'><strong>modum</strong></span> <span class='ocrx_word' id='word_1_869' title='bbox 3258 5447 3349 5498; x_wconf 76' lang='lat' dir='ltr'><strong>per</strong></span> <span class='ocrx_word' id='word_1_870' title='bbox 3378 5448 3528 5482; x_wconf 79' lang='lat' dir='ltr'><strong>sunt-</strong></span> 
     </span>
    </p>
   </div>
   <div class='ocr_carea' id='block_1_120' title="bbox 1961 5517 3528 5587">
    <p class='ocr_par' dir='ltr' id='par_1_120' title="bbox 1961 5517 3528 5587">
     <span class='ocr_line' id='line_1_141' title="bbox 1961 5517 3528 5587; baseline 0.001 -15"><span class='ocrx_word' id='word_1_871' title='bbox 1961 5537 2102 5587; x_wconf 81' lang='lat' dir='ltr'><strong>mant</strong></span> <span class='ocrx_word' id='word_1_872' title='bbox 2176 5521 2436 5571; x_wconf 84' lang='lat' dir='ltr'><strong>licentiam</strong></span> <span class='ocrx_word' id='word_1_873' title='bbox 2491 5520 2725 5571; x_wconf 86' lang='lat' dir='ltr'><strong>lacerata</strong></span> <span class='ocrx_word' id='word_1_874' title='bbox 2798 5517 3110 5585; x_wconf 73' lang='lat' dir='ltr'><strong>fmdissime,</strong></span> <span class='ocrx_word' id='word_1_875' title='bbox 3181 5522 3528 5586; x_wconf 68' lang='lat' dir='ltr'><strong>mutila-aque</strong></span> 
     </span>
    </p>
   </div>
   <div class='ocr_carea' id='block_1_121' title="bbox 1958 5609 3531 5678">
    <p class='ocr_par' dir='ltr' id='par_1_121' title="bbox 1958 5609 3531 5678">
     <span class='ocr_line' id='line_1_142' title="bbox 1958 5609 3531 5678; baseline 0 -14"><span class='ocrx_word' id='word_1_876' title='bbox 1958 5612 2128 5664; x_wconf 86' lang='lat' dir='ltr'><strong>oratio</strong></span> <span class='ocrx_word' id='word_1_877' title='bbox 2161 5611 2430 5678; x_wconf 84' lang='lat' dir='ltr'><strong>scriptoris</strong></span> <span class='ocrx_word' id='word_1_878' title='bbox 2466 5626 2482 5662; x_wconf 88' lang='lat'><strong><em>:</em></strong></span> <span class='ocrx_word' id='word_1_879' title='bbox 2521 5621 2629 5661; x_wconf 85' lang='lat' dir='ltr'><strong>tum</strong></span> <span class='ocrx_word' id='word_1_880' title='bbox 2654 5626 2684 5660; x_wconf 89' lang='lat' dir='ltr'><strong>a</strong></span> <span class='ocrx_word' id='word_1_881' title='bbox 2719 5609 2887 5675; x_wconf 87' lang='lat' dir='ltr'><strong>capite</strong></span> <span class='ocrx_word' id='word_1_882' title='bbox 2914 5611 2981 5662; x_wconf 89' lang='lat' dir='ltr'><strong>atl</strong></span> <span class='ocrx_word' id='word_1_883' title='bbox 3015 5611 3208 5665; x_wconf 83' lang='lat' dir='ltr'><strong>calcem</strong></span> <span class='ocrx_word' id='word_1_884' title='bbox 3242 5609 3388 5663; x_wconf 88' lang='lat' dir='ltr'><strong>nullo</strong></span> <span class='ocrx_word' id='word_1_885' title='bbox 3425 5628 3531 5664; x_wconf 87' lang='lat' dir='ltr'><strong>non</strong></span> 
     </span>
    </p>
   </div>
   <div class='ocr_carea' id='block_1_122' title="bbox 1957 5701 3535 5771">
    <p class='ocr_par' dir='ltr' id='par_1_122' title="bbox 1957 5701 3535 5771">
     <span class='ocr_line' id='line_1_143' title="bbox 1957 5701 3535 5771; baseline -0.002 -13"><span class='ocrx_word' id='word_1_886' title='bbox 1957 5705 2069 5758; x_wconf 89' lang='lat' dir='ltr'><strong>loco</strong></span> <span class='ocrx_word' id='word_1_887' title='bbox 2113 5705 2186 5757; x_wconf 91' lang='lat' dir='ltr'><strong>ita</strong></span> <span class='ocrx_word' id='word_1_888' title='bbox 2239 5711 2507 5768; x_wconf 78' lang='lat' dir='ltr'><strong>comperta</strong></span> <span class='ocrx_word' id='word_1_889' title='bbox 2552 5703 3011 5771; x_wconf 79' lang='lat' dir='ltr'><strong>coutamiuataque</strong></span> <span class='ocrx_word' id='word_1_890' title='bbox 3041 5706 3259 5755; x_wconf 75' lang='lat' dir='ltr'><strong>maculis</strong></span> <span class='ocrx_word' id='word_1_891' title='bbox 3290 5701 3535 5755; x_wconf 71' lang='lat' dir='ltr'><strong>barbarie</strong></span> 
     </span>
    </p>
   </div>
   <div class='ocr_carea' id='block_1_123' title="bbox 3157 5796 3195 5851">
    <p class='ocr_par' dir='ltr' id='par_1_123' title="bbox 3157 5796 3195 5851">
     <span class='ocr_line' id='line_1_144' title="bbox 3157 5796 3195 5851; baseline 0 0"><span class='ocrx_word' id='word_1_892' title='bbox 3157 5796 3195 5851; x_wconf 73' lang='lat'><strong>2</strong></span> 
     </span>
    </p>
   </div>
  </div>
