3984 6150
455 329 523 392 43
1679 332 1988 395 NOTITIA
2027 332 2109 392 IN
2151 332 2210 392 S.
2235 331 2502 393 NILUM.
3651 335 3718 399 44

457 438 738 509 cujusdam
774 438 1043 508 infantiw,
1080 448 1140 492 ut
1188 455 1327 509 opus
1382 450 1616 496 veterum
1654 444 1882 513 judiciis
1913 459 2035 496 arce

457 534 696 602 dignum,
728 547 820 584 rus
851 532 1004 585 hodie
1037 547 1256 597 merum,
1289 549 1513 604 rureque
1547 535 1812 603 inﬁcetius
1859 535 2034 588 videa-

458 639 562 680 tur.
600 626 732 692 Quae
761 627 806 679 si
831 627 948 695 quis
991 643 1022 678 a
1051 641 1128 679 me
1165 626 1310 680 dicta
1360 628 1703 692 criminosius
1740 629 2031 690 existimet,

459 734 561 770 non
584 734 676 787 ego
708 727 877 770 tamen
905 717 1043 786 apud
1072 735 1191 772 eum
1221 719 1440 788 perdam
1468 736 1663 789 aquam
1692 720 1904 790 prolixa
1937 736 2035 788 ap-

457 811 760 875 probatione
789 825 964 862 causte
999 826 1128 864 mea:
1155 813 1311 866 certis
1345 828 1659 883 unaquaque
1694 813 1758 865 de
1797 828 1854 867 re
1888 812 2038 865 testi-

459 897 646 950 moniis
691 896 1041 964 proferendis.
1104 896 1208 953 Sed
1241 901 1288 953 si
1337 902 1473 954 tanti
1536 911 1681 970 putet
1725 918 1834 955 rem
1872 911 2037 955 totam

460 1005 795 1058 cognoscere,
851 997 903 1043 et
958 988 1158 1045 Latina
1203 992 1301 1046 illa
1343 994 1528 1048 veteris
1577 994 1880 1063 interpretis
1917 1010 2039 1047 cum

459 1077 642 1132 erca
671 1080 911 1132 auctoris
937 1080 1196 1149 conferre,
1223 1091 1280 1135 ut
1305 1083 1375 1137 ad
1401 1083 1513 1137 alia
1549 1085 1845 1147 conniveat,
1871 1099 1954 1137 na:
1991 1083 2038 1136 is

458 1182 648 1234 tamen,
691 1171 737 1222 si
766 1187 925 1240 quam
955 1173 1109 1227 habet
1155 1175 1478 1244 a'quitatem,
1520 1191 1642 1228 cum
1685 1191 1788 1228 non
1827 1183 2038 1228 tantum

454 1272 740 1326 commata,
791 1272 884 1316 aut
919 1267 1403 1334 comprehensiones
1431 1277 1594 1332 totas,
1649 1267 1739 1322 sed
1787 1267 2036 1338 paginas,

453 1362 611 1423 atque
641 1353 774 1407 adeo
799 1357 1144 1413 tractationes
1166 1359 1400 1430 integras
1425 1361 1635 1414 conscio
1661 1361 1872 1414 silentio
1900 1375 2041 1429 prte-

455 1444 642 1496 teritas
692 1452 803 1498 toto
850 1449 1054 1514 passim
1087 1449 1141 1502 in
1197 1466 1350 1519 opere
1397 1451 1705 1520 perspiciet,
1765 1461 1813 1507 et
1862 1451 2037 1516 illum,

453 1540 691 1610 quisquis
715 1551 814 1602 est,
847 1541 1180 1610 interpretem
1205 1543 1480 1613 scripsisse
1515 1546 1854 1616 festinanter,
1879 1552 1930 1598 et
1959 1559 2043 1597 me

457 1647 560 1684 non
593 1633 921 1688 calumniose
949 1651 1228 1699 accusasse
1253 1637 1544 1706 judicabit.
1573 1642 1740 1708 Atque
1760 1638 1881 1692 hinc
1908 1639 2042 1691 satis

459 1723 731 1794 intelligis,
768 1726 930 1780 lector
979 1727 1196 1796 optime,
1250 1745 1411 1798 quam
1443 1746 1546 1784 non
1580 1730 1782 1794 leviter,
1825 1738 1918 1782 aut
1951 1744 2045 1780 cu-

456 1817 574 1885 pide
611 1819 893 1872 consilium
933 1820 1395 1890 interpretationis
1449 1821 1720 1876 ordiendae
1753 1837 1921 1883 novat,
1952 1820 2044 1874 sed

460 1909 752 1960 necessario
810 1911 1146 1978 susceperint.
1190 1911 1318 1964 llaec
1371 1925 1495 1964 cum
1557 1910 2045 1964 animadvertisset

462 1999 649 2051 nescio
676 2000 799 2068 quis
834 2001 886 2053 in
924 2001 1078 2056 calce
1109 2000 1320 2056 codicis
1351 2001 1486 2055 editi
1532 2000 1820 2056 Barberini
1853 1999 2047 2072 appin-

464 2089 540 2142 xit
571 2109 582 2143 :
627 2091 754 2145 Tres
801 2093 892 2146 isti
923 2093 1293 2173 .manuscripti
1345 2093 1546 2147 codices
1583 2095 1658 2146 ita
1687 2093 2037 2156 concordant,

460 2191 518 2234 ut
551 2197 615 2235 ex
643 2201 748 2238 uno
780 2186 1071 2252 exemplari
1119 2186 1272 2254 quasi
1325 2183 1576 2254 descripti
1624 2201 1738 2238 esse
1768 2184 2046 2238 videantur

461 2293 660 2338 omnes,
693 2277 929 2347 alioquin
962 2278 1025 2330 ab
1055 2276 1197 2331 edito
1243 2277 1392 2348 longe
1425 2276 1790 2347 discrepantes
1815 2295 1833 2331 .'
1873 2277 2041 2330 multa

459 2370 597 2423 enim
632 2377 862 2431 mutant,
891 2370 1145 2422 nonnulla
1186 2369 1412 2430 addunt,
1445 2370 1677 2437 plurima
1703 2369 1962 2433 recidunt,
1990 2369 2048 2422 in-

460 2461 648 2531 quibus
684 2459 952 2514 Simeonis
983 2459 1030 2513 Μ
1036 2459 1354 2528 εεαρΙοταδιω
1376 2477 1592 2513 manum
1615 2460 1774 2529 facile
1798 2475 2046 2529 agnosces

460 2553 554 2622 qui
590 2555 789 2623 scripta
831 2552 1097 2621 ejusmodi
1151 2551 1215 2606 de
1268 2553 1502 2606 virorum
1554 2563 1863 2606 sanctorum
1894 2552 2046 2605 rebus

461 2646 620 2710 gestis
650 2646 870 2715 antiqua
905 2654 954 2697 et
985 2644 1119 2697 satis
1163 2643 1325 2714 longa
1357 2643 1703 2712 interpolare,
1741 2656 1894 2714 atque
1928 2661 2044 2696 mu-

465 2747 578 2790 tare
615 2738 833 2790 amavit.
878 2735 1050 2790 Porro
1085 2737 1244 2788 istaut
1271 2735 1388 2804 ejus
1426 2735 1730 2800 editionem,
1756 2753 1916 2806 quant
1956 2752 2047 2789 co-

462 2828 604 2882 dices
631 2830 712 2881 illi
737 2837 1138 2897 reprtesentant,
1168 2840 1353 2883 secuta
1376 2841 1454 2884 est
1505 2841 1650 2885 vetus
1682 2833 2049 2900 interpretatio

463 2919 654 2974 Latine
689 2938 720 2974 a
762 2917 1056 2988 Lipomano
1104 2921 1338 2989 primum
1383 2923 1650 2992 evulgato,
1692 2940 1848 2993 quant
1890 2923 2052 2977 Pater

466 3011 724 3066 Pessinus
748 3012 803 3064 in
841 3010 1168 3079 Praefatione
1195 3012 1271 3066 ita
1305 3015 1566 3084 exagitat,
1603 3016 1788 3068 mitius
1819 3015 2053 3083 fortasse

464 3102 729 3170 facturus,
760 3102 806 3154 si
848 3100 1260 3171 discrepantias,
1309 3113 1467 3172 atque
1492 3106 1652 3159 etiam
1704 3121 1909 3159 errores
1947 3121 2053 3158 non

464 3191 531 3240 ab
557 3190 859 3257 interprete,
892 3190 980 3244 sed
1008 3206 1041 3242 a
1070 3189 1311 3246 Simeone
1355 3191 1717 3256 Metapltraste
1752 3194 2051 3263 interpola-

466 3289 579 3332 tore
603 3279 890 3349 proficisci.
916 3280 996 3333 uti
1035 3279 1240 3350 factum
1269 3283 1524 3350 oportuit,
1564 3283 2047 3338 animadvertisset.

465 3371 592 3427 llaec
623 3373 674 3426 in
713 3371 1026 3436 Possinum,
1051 3373 1338 3443 Lipomani
1359 3373 1720 3440 additionem,
1753 3384 1807 3430 et
1839 3374 2052 3431 Simeo-

464 3464 551 3518 nis
596 3464 980 3534 Metaphrastae
1017 3479 1215 3519 nomen
1251 3479 1346 3534 per
1381 3479 1478 3519 ora
1509 3465 1795 3520 hominum
1841 3467 2055 3538 magni-

467 3557 568 3611 tice
619 3557 882 3611 incedens
935 3557 1253 3614 traduntur.
1317 3557 1424 3614 Sed
1483 3560 1915 3616 condonandum
1969 3571 2054 3617 cst

466 3649 610 3714 viro,
638 3649 732 3718 qui
756 3656 1028 3718 quantum
1054 3650 1231 3704 valeat
1268 3648 1488 3705 Possini
1523 3651 1819 3721 judicium,
1853 3661 1908 3708 et
1941 3653 2054 3709 Me-

468 3744 768 3812 taphrastae
803 3742 1048 3813 dignitas
1080 3743 1134 3796 in
1176 3743 1342 3798 rebus
1378 3743 1782 3800 ecclesiasticis
1828 3761 2053 3816 promo-

469 3835 661 3891 vendis
693 3851 758 3890 ex
828 3835 1180 3906 publicarum
1225 3837 1681 3907 privatarumque
1722 3855 1906 3893 rerum
1955 3840 2055 3894 ad-

468 3928 917 3991 ministratione,
969 3927 1280 3996 peritiaque
1327 3927 1511 3998 plena,
1559 3939 1614 3983 et
1655 3944 1724 3984 an
1785 3931 1943 3985 albus
1973 3932 2055 3987 vel

469 4027 586 4071 ater
615 4018 805 4080 fuerit,
840 4019 1080 4086 ignorat.
1111 4018 1250 4085 Quis
1306 4019 1478 4083 enim,
1541 4021 1652 4076 nisi
1700 4036 1874 4093 nugas
1904 4039 2056 4078 som-

470 4108 623 4164 niare
654 4110 912 4176 voluerit,
953 4111 1190 4183 aliisque
1228 4114 1442 4182 garrire
1475 4115 1795 4179 tentaverit,
1842 4114 2057 4170 Simeo-

470 4213 593 4252 nem
609 4198 1027 4270 Metaphrastem
1049 4204 1217 4258 nobili
1242 4206 1605 4276 equestrique
1621 4223 1823 4276 genere
1844 4216 2052 4273 natum,

469 4291 783 4346 ministrum
816 4294 961 4347 inter
999 4296 1295 4362 primarios
1327 4298 1539 4351 militia:
1586 4297 2054 4368 CmtstatitinOpo-

468 4383 671 4442 litanae.
703 4383 771 4437 ab
804 4383 1056 4452 epistolis
1079 4393 1134 4439 et
1157 4386 1391 4439 secretis
1413 4386 1790 4453 imperatoris,
1811 4386 2058 4440 oratiooe

469 4477 646 4532 soluta
678 4485 731 4531 ct
767 4475 948 4530 vincta
981 4491 1086 4529 non
1115 4477 1324 4545 absque
1355 4477 1697 4546 eloquentia,
1730 4486 1783 4531 et
1816 4477 2058 4532 dexteri-

469 4575 580 4623 tate
604 4569 939 4637 prtccipuum
967 4567 1201 4636 jactabit
1237 4587 1248 4620 :
1302 4583 1524 4622 errores
1557 4576 1612 4621 ct
1648 4568 2057 4639 discrepantias

469 4677 500 4714 a
544 4661 634 4714 tali
677 4668 944 4730 tantoque
977 4659 1096 4713 viro
1119 4657 1628 4728 profcctasfuisse,
1657 4668 1710 4714 et
1746 4661 1890 4716 vitas
1913 4664 2058 4716 anti-

467 4766 699 4819 quorum
745 4755 1066 4806 sanctorqu
1133 4748 1503 4816 interpolasse
1554 4751 1951 4814 contendenti,
2004 4760 2057 4804 et

469 4853 686 4898 tantum
719 4858 920 4900 nomen
961 4841 1204 4905 laedenti,
1247 4840 1463 4894 veniam
1501 4841 1787 4904 concedet,
1819 4843 1911 4898 sed
1948 4859 2054 4896 non

472 4934 957 5004 prosperandam?
987 4932 1091 4986 Sed
1118 4947 1308 5002 parum
1337 4933 1531 5003 peritis
1570 4948 1694 4997 usu,
1731 4941 1785 4987 et
1818 4933 1884 4988 de
1910 4935 2053 4989 facili

474 5026 966 5096 pronuntiantibus
993 5023 1177 5077 omnia
1215 5039 1326 5078 non
1368 5023 1554 5077 invitis
1589 5025 1843 5079 manibus
1878 5026 2056 5078 danda

476 5127 621 5171 sunt.

547 5208 791 5262 Dicimus
832 5222 985 5278 ergo.
1039 5217 1094 5263 et
1143 5207 1375 5261 ﬁrmiter
1411 5222 1824 5269 asseveramus.
1888 5205 2057 5260 Mela-

479 5303 736 5371 phrasten
773 5301 922 5353 nullo
945 5299 1107 5354 modo
1139 5300 1280 5355 vitas
1308 5307 1632 5355 Sanctorum
1666 5299 2052 5368 interpolasse.

478 5395 574 5455 sic,
611 5403 665 5442 ut
692 5393 860 5444 multa
895 5391 1290 5454 immutaverit,
1327 5392 1561 5460 plurima
1625 5390 1920 5452 addiderit,
1952 5391 2057 5443 alia

479 5483 760 5537 reciderit.
791 5483 895 5536 Sed
929 5483 1238 5538 immutavit
1268 5483 1488 5536 cautior
1530 5482 1735 5546 factus,
1764 5496 1884 5551 quae
1924 5482 2060 5533 alio-

478 5590 598 5628 rum
637 5575 968 5645 s.:riptorum
1002 5575 1373 5630 monumentis
1406 5575 1515 5627 alio
1539 5587 1773 5642 prorsus
1815 5573 1975 5626 modo
2001 5590 2059 5627 sc

476 5665 759 5727 habuisse.
809 5676 863 5722 et
907 5677 1100 5722 contra
1155 5666 1247 5735 jus
1301 5665 1496 5734 fasque
1558 5662 1730 5718 fuisse
1785 5661 2054 5731 dignovit.

473 5756 702 5812 Addidit
739 5759 803 5814 ab
835 5759 958 5814 aliis
998 5759 1228 5815 edoctus
1257 5757 1422 5829 digna
1453 5756 1618 5822 scitu,
1663 5755 1940 5825 praeterita
1977 5765 2058 5810 ta-

2144 457 2265 498 men
2298 445 2368 498 ab
2399 443 2644 513 antiquis
2664 441 2910 496 Vitaruni
2944 442 3329 512 scriptoribus.
3357 442 3570 500 Recidit
3591 447 3718 501 alio-

2145 549 2266 589 rum
2295 535 2522 604 scriptis
2548 535 2743 598 relata,
2791 535 2885 589 sed
2925 535 3115 598 nimia,
3159 536 3255 590 sed
3293 553 3715 606 supervacanea,

2144 627 2240 683 sed
2262 627 2535 690 fabulosa,
2555 627 2652 682 sed
2673 627 2930 690 ridicula,
2950 635 3005 680 et
3027 642 3416 695 perversorum
3438 628 3717 684 hominum

2145 719 2352 773 malitia
2399 719 2816 790 superinducta.
2851 719 2921 774 Et
2954 719 3081 783 hoc,
3123 719 3199 773 mi
3249 721 3356 785 vir,
3389 721 3720 789 interpolare

2150 810 2300 867 Vitas
2343 821 2664 868 sanctorum
2709 812 2834 868 est?
2881 812 2949 865 Et
2980 812 3156 868 hocne
3238 813 3364 875 erit,
3399 811 3554 869 Vitas
3589 814 3720 868 locis

2145 902 2478 973 quihusdam
2516 903 2867 967 immutasse,
2902 900 3279 965 intercidisse,
3306 901 3524 971 illisque
3558 902 3722 956 addi-

2145 993 2331 1049 disse?
2353 991 2755 1064 Metaphrastes
2778 992 2936 1048 Vitas
2971 1001 3120 1047 recte
3147 991 3537 1062 sapienterque
3556 993 3724 1048 dicta-

2148 1093 2252 1151 tas,
2279 1087 2519 1142 intactas
2541 1086 2786 1158 reliquit,
2805 1101 2873 1142 ex
2896 1085 3129 1140 aliorum
3147 1084 3348 1140 studiis
3365 1099 3430 1140 ac
3444 1085 3724 1140 laboribus

2146 1147 2351 1232 nullam
2395 1178 2501 1233 sibi
2549 1147 2781 1233 famam.
2811 1178 3190 1243 emendicans,
3241 1177 3337 1234 sed
3378 1191 3407 1230 a
3447 1178 3627 1248 capite
3656 1177 3723 1231 ad
3934 1147 3935 1222 ι

2145 1270 2356 1324 calcem
2380 1283 2563 1324 rerum
2585 1279 2888 1340 gestarum,
2921 1269 3001 1323 uti
3033 1277 3202 1340 gestae
3233 1277 3386 1333 sunt,
3427 1267 3726 1338 expositio-

2146 1377 2294 1427 nem,
2321 1363 2548 1432 proprio
2588 1362 2728 1434 stylo
2761 1375 3071 1432 genereque
3099 1360 3322 1414 dicendi
3359 1361 3436 1414 ita
3459 1359 3719 1428 expediit,

2149 1461 2209 1508 ut
2248 1454 2415 1509 nullis
2443 1452 2678 1508 aliorum
2718 1452 3052 1523 scriptorum
3104 1451 3369 1522 periodis.
3421 1450 3563 1506 addo
3608 1449 3724 1504 for-

2149 1546 2315 1602 mulis
2343 1556 2397 1601 et
2437 1546 2607 1610 notis,
2639 1561 2801 1600 usum
2829 1544 3002 1599 fuisse
3025 1544 3096 1599 ab
3127 1554 3243 1598 arte
3266 1543 3726 1598 oratoriainstru-
3933 1513 3935 1608 4

2147 1647 2272 1692 ctus
2299 1637 2621 1707 dignoscere
2640 1636 2832 1706 possit.
2867 1633 2945 1688 lta
2977 1642 3082 1690 est.
3114 1634 3373 1689 Prostant
3403 1630 3722 1689 sanctorum

2151 1730 2507 1799 antiquorum
2532 1728 2660 1782 vitas
2685 1728 2755 1783 ab
2791 1727 2914 1782 aliis
2949 1736 3075 1781 ante
3110 1726 3518 1795 Metaphrasten
3549 1725 3725 1796 publi—

2150 1828 2308 1886 catae,
2345 1837 2468 1890 quae
2497 1820 2844 1892 postmodum
2881 1819 2950 1874 ab
2985 1819 3178 1875 eodem
3212 1817 3477 1874 facultate
3507 1799 3723 1874 dicendi

2151 1913 2415 1983 singulari
2449 1913 2504 1966 in
2543 1913 2829 1968 meliorem
2869 1920 3036 1981 atque
3055 1912 3458 1966 accuratiorem
3478 1917 3724 1965 tenorem

2151 2005 2312 2060 editae
2351 2015 2504 2071 sunt,
2541 2005 2733 2075 quales
2765 2004 2968 2059 multas
3017 2004 3073 2057 in
3108 2017 3229 2057 mea
3260 2003 3329 2058 de
3376 2002 3726 2058 Simeonibus

2153 2095 2395 2150 Diatriba
2457 2096 2770 2150 luculenter
2819 2094 3126 2165 designavi.
3171 2091 3341 2149 Sume
3395 2095 3450 2148 in
3507 2108 3724 2158 manus,

2151 2188 2415 2242 attentius
2446 2188 2652 2252 l'ectita,
2677 2202 2833 2257 teque
2882 2187 3130 2256 beneque
3169 2185 3476 2256 judicatum
3511 2185 3725 2239 demum

2152 2279 2482 2336 sententiam
2520 2277 2727 2348 profer.
2761 2277 2968 2332 Planus
3005 2275 3200 2342 fueris,
3243 2275 3290 2331 si
3320 2273 3726 2345 Metapbrasten

2153 2369 2395 2426 virorum
2431 2380 2751 2424 sanctorum
2782 2384 2874 2425 res
2925 2377 3110 2440 gestas
3157 2367 3448 2438 antiquas,
3506 2376 3562 2423 et
3598 2369 3730 2423 satis

2154 2465 2346 2534 longas
2377 2462 2762 2532 interpolasse,
2792 2470 2956 2530 atque
2979 2461 3304 2516 immutasse
3325 2460 3730 2523 enuntiaveris.

2154 2567 2208 2614 et
2245 2556 2554 2612 doctissimi
2588 2553 2809 2608 Possiui
2841 2553 2909 2609 de
2953 2554 3057 2607 hac
3097 2552 3333 2608 historia
3385 2551 3490 2608 Nili
3541 2552 3736 2609 Latine

2155 2649 2295 2718 apud
2330 2647 2693 2718 Lipomanum
2724 2653 2930 2700 rectum
2960 2660 3071 2699 non
3096 2661 3220 2702 esse
3245 2645 3574 2717 intelligens,
3600 2660 3737 2715 pru-

2154 2741 2402 2810 densque
2441 2737 2736 2808 judicium,
2782 2745 2877 2791 aut
2923 2735 3128 2806 injuria
3164 2737 3314 2791 illam
3349 2751 3597 2792 vexasse.
3632 2737 3738 2792 Cui

2156 2831 2431 2901 siquidem
2471 2844 2580 2882 non
2605 2835 2712 2889 est,
2743 2827 2797 2881 in
2826 2813 3211 2882 exscribendis
3243 2828 3595 2896 antiquorum
3646 2843 3740 2882 vo-

2157 2922 2460 2978 luminibus
2475 2919 2876 2988 cxscriptorum
2917 2917 3210 2982 incuriam,
3244 2933 3422 2988 neque
3449 2919 3502 2972 in
3525 2919 3739 2973 doctri-

2156 3029 2249 3078 na,
2282 3025 2461 3082 neque
2485 3011 2537 3064 in
2567 3008 2882 3064 eruditione
2902 3008 3309 3074 excellentiam,
3337 3016 3393 3064 et
3413 3011 3459 3064 si
3491 3010 3741 3078 codices,

2159 3105 2360 3175 quibus
2403 3101 2764 3166 innitebatur,
2861 3101 3143 3170 depravati
3195 3099 3447 3155 distortis
3508 3102 3741 3170 litteris,

2161 3197 2276 3252 sive
2302 3192 2575 3264 ambiguis
2612 3191 2856 3255 confusi,
2890 3191 3055 3246 verba
3087 3190 3456 3247 similitudine
3496 3193 3742 3262 syllaba-

2159 3303 2282 3342 rum
2315 3287 2533 3348 vitiosa,
2581 3285 2750 3338 multa
2785 3282 2953 3338 etiam
2995 3283 3079 3338 vel
3133 3282 3472 3353 malignitate
3527 3284 3742 3350 addita,

2159 3377 2244 3432 vel
2274 3374 2455 3445 spatio
2497 3374 2769 3444 temporis
2802 3372 3089 3442 fugientia,
3127 3371 3460 3427 intrusisse?
3487 3371 3742 3442 Iniquum

2158 3475 2243 3523 est
2293 3465 2493 3522 similia
2538 3463 2920 3534 Metaphrasta:
2959 3463 3282 3518 attribuere.
3326 3462 3387 3517 Et
3425 3479 3492 3518 ne
3525 3465 3738 3519 nimius

2161 3560 2287 3620 sim,
2325 3556 2449 3612 vide
2481 3571 2604 3626 qua:
2631 3551 2699 3610 de
2740 3553 3114 3625 Metaphraste
3168 3554 3224 3608 in
3263 3554 3544 3619 dictando,
3575 3564 3744 3624 atque

2159 3652 2343 3706 verbis
2384 3647 2667 3706 Struendis
2707 3646 2892 3701 studio
2941 3647 3191 3716 apposite
3236 3645 3291 3699 in
3339 3642 3533 3715 Elogio
3568 3647 3743 3715 ipsius

2161 3743 2437 3800 construit
2482 3739 2714 3804 Psellus,
2749 3738 2994 3793 Diatriba
3015 3747 3208 3793 nostra
3254 3737 3321 3792 de
3368 3737 3746 3801 Simeonibus,

2161 3844 2216 3890 et
2254 3849 2445 3889 eorum
2479 3831 2728 3900 scriptis,
2779 3831 2834 3883 in
2866 3844 2974 3900 qua
3005 3830 3176 3882 multa
3215 3829 3281 3884 de
3321 3829 3425 3883 hac
3462 3828 3654 3884 eadem
3686 3846 3746 3884 re

2163 3939 2230 3978 ex
2270 3923 2391 3977 aliis
2461 3929 2628 3990 atque
2674 3918 2797 3973 aliis
2848 3917 3168 3972 auctoribus
3199 3917 3540 3986 collegimus.
3577 3917 3642 3971 Et
3679 3933 3748 3973 ne

2165 4032 2264 4072 nos
2298 4015 2501 4072 similia
2530 4023 2719 4067 nostra
2753 4010 3149 4080 imaginatione
3181 4010 3392 4079 agitare
3435 4009 3624 4063 belluli
3681 4023 3747 4064 ac

2166 4105 2346 4161 festivi
2393 4104 2638 4174 saperdas
2704 4101 3080 4170 suspicentur,
3136 4099 3334 4153 habeto
3387 4099 3511 4165 tibi,
3552 4100 3746 4160 lector.

2166 4211 2288 4266 qua:
2341 4210 2439 4263 pro
2488 4192 2678 4246 eodem
2730 4189 3097 4257 Metaphraste
3133 4186 3475 4256 Lipomanus
3526 4187 3749 4256 scriptis
3933 4211 3935 4286 ᾧ

2167 4286 2440 4341 memoria:
2469 4281 2729 4354 prodidit.
2755 4280 2834 4333 De
2857 4279 3220 4349 Metapltraste
3251 4287 3429 4332 autem
3456 4280 3749 4332 co‘mutuuis

2164 4378 2460 4448 priscorum
2515 4376 2748 4428 virorum
2805 4370 3061 4424 Ecclesia:
3119 4369 3412 4426 Orientalis
3464 4371 3748 4434 sententia,

2177 4469 2324 4525 Vitas
2356 4477 2664 4523 sanctorum
2691 4481 2756 4519 ea:
2787 4465 3010 4518 diversis
3046 4472 3324 4516 auctorum
3368 4463 3518 4516 libris
3546 4479 3657 4517 eum
3693 4462 3753 4514 in

2166 4577 2329 4615 unum
2354 4559 2594 4613 volumen
2627 4556 2906 4624 redegisse.
2947 4564 2995 4609 et
3030 4571 3148 4623 qua:
3193 4554 3422 4622 alicujus
3465 4555 3564 4607 viri
3593 4561 3804 4649 erant;

2168 4653 2457 4719 inscriptaz,
2480 4648 2575 4703 sub
2610 4647 2706 4700 hoc
2730 4646 2886 4699 titulo
2918 4646 3226 4715 reliquisse;
3257 4661 3372 4714 qua:
3393 4662 3512 4700 vero
3537 4645 3598 4698 ab
3623 4644 3756 4696 aliis
3786 4644 3798 4666 ί

2167 4745 2443 4810 descripta:
2492 4747 2666 4804 erant,
2699 4739 2822 4790 rudi
2864 4749 3058 4800 tamen,
3096 4748 3145 4790 et
3199 4738 3405 4790 insulso
3454 4739 3610 4807 stylo,
3657 4753 3758 4789 eas

2166 4835 2338 4901 ipsum
2373 4831 2556 4884 multis
2599 4828 2895 4891 laboribus,
2934 4835 2984 4882 et
3030 4828 3318 4880 sudoribus
3357 4842 3663 4890 exornasse,
3705 4836 3761 4881 et

2165 4925 2461 4978 eruditione
2479 4938 2576 4974 sua
2593 4921 2918 4988 exposuisse,
2937 4930 3092 4986 prout
3107 4919 3415 4973 Theodorus
3436 4920 3761 4982 Balsamon.

2165 5027 2215 5070 et
2245 5013 2708 5084 Psellus,ideoque
2722 5022 2769 5066 et
2791 5009 3176 5079 Metapltrasta.’
3210 5029 3400 5066 nomen
3431 5014 3596 5082 fuisse
3619 5012 3765 5065 ade-

2167 5120 2347 5180 ptum,
2383 5107 2754 5180 μεταφράζειν
2784 5106 2921 5158 enim
2959 5104 3156 5163 Gra'ce.
3186 5103 3372 5160 Latine
3395 5116 3496 5170 est,
3527 5105 3772 5172 scriptu-

2170 5220 2285 5255 ram
2320 5202 2555 5272 aliquam
2598 5196 3009 5252 dilucidioribus
3052 5198 3226 5251 verbis
3250 5240 3264 5263 ,
3301 5215 3459 5253 sensu
3487 5207 3666 5250 tamen
3713 5206 3770 5251 et

2171 5296 2394 5350 materia
2444 5293 2661 5347 retentis
2706 5289 3076 5358 interpretari.
3122 5289 3254 5355 Quw
3289 5299 3466 5342 autem
3492 5306 3524 5342 a
3549 5287 3775 5342 nemine

2171 5393 2342 5446 adhuc
2399 5389 2608 5456 scripta:
2665 5385 2875 5453 fuerant
2903 5424 2915 5442 .
2976 5381 3067 5436 sed
3103 5383 3258 5453 quasi
3308 5397 3400 5450 per
3435 5395 3680 5444 manum,
3719 5389 3776 5433 et

2171 5482 2510 5537 traditionem
2547 5497 2578 5532 a
2609 5475 2861 5530 Patribus
2893 5483 3140 5542 accepta',
3175 5483 3222 5526 et
3247 5489 3342 5540 pro
3373 5474 3507 5526 veris
3533 5469 3776 5536 habitas,

2170 5577 2265 5629 ltus
2295 5576 2399 5643 ipse
2420 5571 2646 5642 eleganti
2681 5577 2729 5623 et
2763 5566 2973 5621 condito
3013 5566 3150 5635 stylo
3176 5567 3471 5632 descripsit,
3498 5573 3545 5617 et
3575 5564 3780 5632 legen-

2169 5669 2266 5720 das
2310 5665 2559 5720 Ecclesia:
2599 5661 2898 5730 proposuit,
2958 5667 3212 5726 tantaque
3261 5657 3577 5709 auctoritate
3622 5654 3789 5710 liber

2171 5759 2252 5810 hic
2280 5758 2330 5810 in
2370 5758 2533 5808 lucem
2559 5752 2778 5821 prodiit,
2816 5759 2874 5803 ut
2909 5749 3049 5818 apud
3084 5745 3406 5802 Orientalem
3435 5743 3785 5815 Ecclesium,
