3984 6150
325 303 380 367 45
1246 306 1254 311 ”
1531 293 1839 354 ΝΟΤῙΤΙΑ
1880 291 1907 352 Ι

2021 290 2059 348 5.
2092 289 2362 349 NILUM.
3501 274 3570 339 46

326 411 400 481 qui
427 415 726 463 sanctarum
769 405 917 460 Vitas
949 412 1143 473 prater
1175 419 1339 457 unum
1371 402 1666 458 Simeonem
1703 399 1878 454 Meta—

326 502 573 570 pltrastem
624 498 915 565 scripserit,
952 513 1043 550 nec
1077 509 1370 566 queratur,
1423 512 1514 549 nec
1567 495 1880 561 reperiatur.

329 591 554 658 Quinimo
585 592 638 644 in
665 589 774 643 suis
805 587 1050 652 Menaeis,
1083 597 1134 642 et
1158 588 1338 643 Sacris
1364 597 1694 648 sanctorum,
1739 585 1884 639 Vitas

331 684 518 742 rrcilal,
541 696 646 733 non
673 679 810 732 alias
833 695 991 748 quam
1021 693 1086 731 ex
1114 677 1230 730 istis
1249 677 1556 742 desumptas
1583 673 1723 742 legit,
1755 672 1886 724 adeo

329 789 406 842 pro
450 773 636 836 certis,
672 772 808 825 veris
840 779 891 824 et
925 769 1268 832 authenticis,
1300 767 1364 820 ab
1399 765 1663 827 omnibus,
1700 771 1749 816 et
1777 779 1888 814 om-

329 867 454 918 nium
480 867 798 918 auctoritate
817 863 1165 931 conﬁrmatis.
1205 859 1321 913 Ima
1342 875 1434 913 nec
1455 858 1690 927 Ecclesia
1705 856 1890 908 Gt'teca

329 973 509 1023 preces,
559 957 927 1021 orationesque
968 951 1366 1019 Hetaphrastte,
1425 959 1545 1020 post
1603 946 1798 1002 Basilii
1841 951 1891 997 et

331 1047 681 1116 Chrysostomi
709 1045 1121 1113 supplicationes
1151 1046 1334 1098 statim
1361 1044 1608 1102 locasset.
1632 1043 1678 1095 si
1713 1055 1894 1092 recens

331 1138 385 1190 tis
422 1137 668 1203 temporis
701 1135 937 1189 auctoris
965 1146 1119 1188 esset.
1156 1132 1269 1187 Nec
1314 1151 1346 1186 a
1394 1131 1716 1186 Balsamone
1759 1127 1895 1182 alle-

329 1243 556 1298 geretur,
587 1229 677 1297 qui
722 1228 868 1280 ultra
901 1227 1008 1281 400
1049 1243 1218 1280 annos
1271 1226 1480 1294 ﬂoruit,
1511 1233 1561 1277 et
1595 1221 1773 1276 Psello
1807 1220 1898 1289 qui

332 1319 465 1372 ultra
497 1320 824 1388 quingentos.
857 1317 1088 1386 Denique
1122 1335 1213 1372 uec
1240 1319 1294 1370 in
1325 1318 1551 1370 concilio
1587 1313 1898 1368 Florentino

335 1409 396 1460 ad
415 1409 838 1477 conﬁrmandum
859 1409 1047 1478 dogma
1066 1409 1190 1477 ﬁdei
1219 1410 1355 1461 inter
1378 1407 1620 1460 doctores
1647 1405 1902 1458 Ecclesiae
1962 1408 1964 1411 ’

333 1500 598 1552 citaretur.
633 1497 760 1552 lla’c
793 1499 1002 1566 fuerant
1034 1500 1256 1569 reliqua,
1293 1516 1409 1570 qua?
1439 1500 1504 1552 de
1544 1500 1641 1552 hoc
1668 1497 1781 1550 uiro
1809 1511 1902 1548 no-

334 1593 492 1646 tanda
514 1601 685 1646 erant.
717 1591 782 1646 Et
807 1593 862 1646 in
895 1592 1218 1648 Prmlatione
1246 1601 1380 1646 tom.
1405 1593 1449 1648 γ
1481 1611 1497 1648 ι
1526 1591 1672 1646 Illud
1691 1591 1903 1660 quidem

328 1683 550 1752 primum
569 1691 667 1746 est,
687 1699 862 1737 omnes
884 1683 979 1736 has
1008 1681 1154 1736 Vitas
1168 1683 1232 1736 de
1250 1679 1436 1735 Greco
1454 1684 1508 1734 in
1533 1681 1786 1735 Latinum
1804 1695 1901 1733 no-

330 1783 438 1827 stro
465 1774 701 1839 hortatu,
727 1776 1026 1844 nostrisque
1050 1774 1302 1841 suppetiis
1326 1792 1358 1827 a
1386 1772 1655 1842 Gentiano;
1677 1774 1905 1826 llerveto

327 1865 480 1920 Gallo
532 1869 647 1920 viro
701 1866 856 1920 docto
911 1883 1090 1921 recens
1125 1867 1292 1934 fuisse
1341 1868 1663 1924 translatas.
1710 1879 1908 1933 easque

327 1973 463 2010 nunc
484 1958 709 2024 primum
737 1957 1130 2012 Occidentalem
1159 1958 1456 2012 Ecclesium
1476 1959 1758 2025 suscipere,
1791 1971 1910 2026 qua

325 2048 475 2118 quali
510 2057 809 2116 quantoque
850 2048 1098 2102 thesauro
1139 2049 1403 2118 hucusque
1439 2049 1500 2101 ob
1538 2065 1722 2102 earum
1763 2048 1910 2116 igno-

325 2139 592 2190 rationem
644 2138 857 2205 prioata
899 2137 1102 2206 fuerit,
1143 2147 1426 2207 postquam
1479 2147 1644 2192 totum
1670 2137 1914 2191 columen

321 2229 675 2298 percurreris,
718 2239 775 2281 tu
812 2231 920 2297 ipse
953 2228 1124 2298 judea:
1155 2231 1385 2297 optimus
1415 2246 1529 2284 esse
1553 2231 1772 2299 poteris.

402 2317 472 2372 Et
503 2319 608 2372 hoc
635 2318 858 2386 quidem
881 2317 1243 2388 Lipomanus,
1274 2319 1322 2373 si
1356 2321 1538 2388 priora
1560 2320 1752 2375 atteris
1781 2333 1916 2374 ocu-

323 2409 484 2462 latus
517 2424 548 2461 a
579 2408 761 2464 fronte
804 2412 999 2474 simul,
1047 2419 1102 2465 et
1145 2411 1443 2481 occipitio,
1496 2414 1543 2466 si
1606 2413 1916 2484 posteriora

321 2501 517 2572 quinti
555 2501 710 2565 tomi,
750 2501 873 2572 plus
895 2502 1144 2557 cimicem
1178 2501 1487 2572 sanguinis,
1521 2513 1581 2556 ut
1612 2503 1686 2556 ita
1704 2501 1914 2568 dicam,

319 2606 500 2663 quam
537 2592 688 2647 illum
711 2594 941 2650 rationis
972 2593 1236 2650 habuisse
1276 2595 1449 2650 dices.
1477 2595 1620 2661 Quid
1641 2596 1789 2650 enim
1829 2598 1916 2650 in-

321 2683 764 2748 consideratius,
789 2692 886 2738 aut
931 2683 1306 2740 inconsultius
1349 2685 1463 2740 ﬁeri
1496 2687 1695 2755 potuit,
1750 2701 1917 2756 quam

318 2778 492 2832 Vitas
514 2784 836 2831 sanctorum
865 2777 1182 2843 universas,
1219 2791 1346 2848 qua
1367 2778 1578 2832 nullum
1631 2789 1918 2834 auctorem

316 2869 500 2925 titulo
545 2867 946 2938 praeferebant,
995 2869 1145 2923 nulla
1195 2869 1265 2924 ad
1321 2869 1588 2938 liquidum
1633 2871 1919 2940 explorata

315 2956 594 3019 veritate,
650 2953 894 3010 Simeoni
947 2954 1331 3026 Metaphrasta:
1373 2958 1710 3028 appingere?
1759 2957 1919 3014 [inde

313 3048 692 3123 postmodum
741 3056 821 3104 tot
876 3047 1038 3104 fama:
1087 3048 1339 3113 vulnera,
1391 3057 1446 3103 et
1489 3057 1652 3105 notas
1691 3049 1919 3104 innoxio

313 3140 573 3204 homini,
595 3149 650 3194 et
682 3140 750 3195 ab
783 3140 934 3195 omni
967 3141 1128 3211 culpa
1161 3140 1551 3205 remotissima,
1583 3142 1920 3212 pravissinti,

307 3243 367 3289 et
394 3231 656 3304 pessime
685 3231 952 3285 diﬂ'amati
985 3232 1252 3296 haeretici,
1284 3243 1340 3287 et
1369 3232 1587 3289 fabulas
1639 3233 1924 3288 fabuloso-

306 3342 446 3382 rum
483 3337 799 3393 mangones
829 3324 1220 3380 concrimiuati
1253 3326 1428 3380 sunt?
1478 3325 1554 3380 De
1587 3327 1790 3395 quibus
1822 3343 1924 3382 nos

300 3416 451 3472 alibi
507 3414 720 3469 fusius.
774 3413 934 3468 Nunc
985 3397 1364 3471 tantummillis
1411 3415 1606 3470 addam
1653 3417 1721 3471 de
1775 3416 1926 3475 illius

297 3515 519 3568 aetate,
552 3502 703 3572 quod
736 3502 964 3573 Niceph.
991 3502 1264 3574 Gregoras
1286 3505 1340 3559 in
1366 3503 1488 3559 Vita
1519 3516 1724 3561 sancta:
1749 3504 1926 3562 Theo-

295 3596 623 3670 phanonis
657 3593 855 3648 Leonis
890 3595 985 3648 lilii
1008 3594 1193 3650 Basilii
1225 3595 1541 3652 Macedonis
1574 3597 1929 3667 imperatoris

291 3684 944 3754 Constantinopolitani
991 3686 1201 3750 uxoris,
1263 3687 1333 3742 de
1397 3687 1598 3744 studiis
1657 3688 1930 3744 restitutis

297 3782 382 3836 ab
458 3776 684 3834 eodem
754 3774 938 3831 Leone
1001 3777 1056 3831 in
1123 3778 1258 3832 urbe
1332 3779 1638 3850 Byzantina
1705 3793 1926 3849 agens:

284 3875 374 3928 Τό
409 3889 487 3942 γε
519 3869 651 3939 μὴν
683 3868 790 3921 τῶν
820 3869 995 3938 λόγων
1023 3870 1244 3941 κράτος,
1267 3871 1428 3941 είπερ
1452 3871 1516 3941 δή
1537 3888 1588 3923 τι
1615 3870 1724 3924 τῶν
1758 3872 1932 3924 anav-

277 3979 416 4019 των
461 3959 698 4019 ἄλλων,
746 3959 840 4011 καὶ
888 3959 1011 4012 τότε
1063 3959 1287 4030 μᾶλλον,
1329 3961 1489 4030 ειπερ
1530 3959 1720 4014 ἄλλοτέ
1773 3976 1928 4024 ποτε,

275 4051 582 4126 μεγάλην
601 4045 742 4116 ἔσχε
776 4047 878 4117 τὴν
894 4047 1094 4118 ἀκμὴν,
1130 4051 1334 4120 ἀμφοῖν
1348 4052 1461 4103 τοῖν
1490 4048 1762 4119 βασιλέοιν
1787 4049 1932 4118 μάλα

268 4165 366 4202 τοι
403 4142 721 4209 πλείστην
753 4137 1063 4193 δεδωκότων
1080 4142 1261 4204 αὐτοῖς
1287 4141 1384 4210 τὴν
1407 4142 1582 4213 ῥοπὴν
1633 4141 1928 4213 καὶτιμήν.

263 4241 396 4295 Καὶ
429 4234 514 4309 ἦν
555 4235 721 4304 ὁρᾴν
744 4232 906 4285 ὁσίων
965 4232 1173 4303 ἀνδρῶν
1207 4233 1570 4302 συναλλαγὰς,
1603 4235 1698 4288 καὶ
1752 4236 1933 4303 σοφῶν

261 4333 565 4407 ρητόρων
593 4326 846 4394 θέατρα,
882 4326 978 4379 καὶ
1012 4328 1193 4379 πᾶσαν
1213 4325 1387 4394 λόγων
1420 4326 1622 4397 ἀρετῆς
1649 4327 1930 4392 ἐπίδειξιν,

253 4419 754 4497 ἀθροιζομένων
784 4416 1161 4487 ἁπανταχόθεν
1202 4417 1435 4481 πολλῶν,
1490 4418 1584 4470 καὶ
1633 4418 1934 4472 ποιούντων

255 4519 462 4587 ἄλλην
498 4509 920 4582 Σωκρατικὴν
957 4525 1018 4561 τε
1080 4510 1174 4562 καὶ
1225 4509 1579 4578 Πλατωνικὴν
1629 4511 1799 4562 Στοὰν
1841 4511 1935 4564 καὶ

262 4610 677 4680 Ἀκαδημίαν
727 4605 832 4658 καὶ
865 4602 1098 4658 Λύκειον
1125 4605 1195 4656 τὰ
1232 4604 1497 4675 βασίλεια.
1532 4604 1632 4656 Διά
1663 4605 1726 4673 δὴ
1763 4603 1937 4658 ταῦτα

244 4705 357 4760 καὶ
385 4700 636 4773 πολλὴν
668 4698 795 4767 τὴν
856 4696 1100 4748 ἐπίδοσιν
1135 4696 1322 4766 εἴληφε
1373 4697 1493 4749 τότε
1530 4697 1681 4767 καὶὴ
1713 4698 1811 4767 τῆς
1842 4696 1936 4750 τοῦ

235 4797 400 4852 Θεοῦ
451 4789 855 4860 Ἐκκλησίας
885 4787 1210 4856 εὐπρέπεια.
1247 4789 1319 4840 Οὐ
1380 4789 1489 4859 γὰρ
1535 4789 1694 4858 μόνον
1725 4791 1752 4842 ό
1786 4788 1938 4858 βασι-

223 4880 382 4952 ’λεὺς
432 4883 689 4946 πολλὰς
737 4877 867 4931 τῶν
908 4878 1144 4946 ἐτησίων
1197 4878 1400 4948 ἑορτῶν
1437 4881 1530 4931 καὶ
1571 4879 1938 4949 πανηγύρεων

221 4981 491 5042 οἰκείοις
532 4977 883 5042 ἐκόσμησε
917 4970 1098 5036 λόγοις
1149 4971 1243 5022 καὶ
1284 4971 1470 5040 ᾠδιῖς,
1504 4971 1639 5024 ἀλλά
1669 4973 1762 5024 καὶ
1811 4972 1938 5024 πολ-

221 5075 366 5139 λοὺς
409 5073 546 5126 τῶν
596 5068 757 5121 τότε
822 5062 1135 5133 ἐλλογίμων
1189 5062 1257 5115 τὰ
1309 5064 1472 5130 ὃμοια,
1521 5064 1780 5134 πράττειν
1811 5064 1938 5117 ἐκέ-

211 5167 460 5221 λευσεν.
506 5158 637 5216 τΩν
681 5153 792 5217 εἷς
865 5148 931 5222 ἦν
984 5157 1078 5206 καὶ
1135 5155 1193 5217 ὃς
1239 5156 1357 5207 τότε
1426 5154 1560 5208 ἄλλα
1629 5157 1939 5228 μετέφρασε

208 5263 367 5334 πρὸς
400 5260 475 5312 τὸ
502 5246 1034 5324 εὐφραδέστερον
1053 5289 1066 5311 ,
1099 5248 1192 5300 καὶ
1228 5249 1354 5311 τοὺς
1389 5247 1604 5312 πλείους
1629 5249 1736 5301 τῶν
1759 5267 1816 5302 τε
1843 5251 1939 5319 τῆς

195 5354 437 5424 ἀρετῆς
489 5339 841 5414 ἀσκητῶν
904 5337 997 5388 καὶ
1044 5337 1295 5407 ἀθλητῶν
1346 5338 1724 5409 συνεγράψατο
1768 5337 1936 5406 βίους.

197 5447 274 5500 [ξι
313 5444 632 5498 dictioni,
665 5431 944 5506 quidem
996 5431 1244 5483 oratorite
1304 5430 1483 5492 robur,
1514 5440 1561 5482 et
1592 5429 1769 5482 eodem
1810 5441 1939 5484 tem-

186 5559 350 5604 pore,
391 5541 453 5594 εί
484 5533 882 5605 quidquam
945 5521 1103 5584 alias,
1133 5533 1240 5574 tum
1278 5525 1446 5591 magis
1474 5538 1536 5574 ac
1563 5525 1727 5589 magis
1759 5524 1938 5591 ingen-

185 5644 299 5686 tem
370 5629 840 5686 accessionem
942 5613 1156 5679 fecerat,
1207 5630 1323 5666 cum
1377 5612 1530 5667 ambo
1601 5615 1941 5681 imperatores

178 5731 532 5783 maximum
602 5719 712 5775 illi
791 5713 1063 5780 rigorem
1129 5707 1477 5767 honoremque
1550 5707 1938 5761 attribttissent.

1991 395 2171 462 Quare
2190 395 2308 464 jam
2331 394 2467 448 obvii
2488 393 2776 461 cuicunque
2791 400 2943 444 erant
2968 399 3274 444 sanctorum
3304 390 3573 444 hominum

1988 502 2334 555 congressus,
2388 483 2860 538 scientissimorum
2913 491 3185 535 oratorum
3236 480 3466 547 theatra,
3524 493 3574 536 et

1989 580 2157 632 omnis
2189 579 2422 648 facultas
2471 575 2681 629 dicendi
2719 576 3028 645 singularis,
3072 586 3118 627 et
3152 575 3324 644 copia,
3361 592 3478 628 cum
3511 592 3577 629 e1:

1995 671 2121 724 locis
2145 671 2384 724 omnibus
2419 669 2653 738 plerique
2681 679 3037 733 accurrerent,
3069 679 3116 722 et
3153 686 3337 722 nouant
3382 668 3580 724 Sacra-

1993 763 2172 826 tiram,
2199 772 2352 830 atque
2391 761 2723 814 Platonicam
2753 761 2934 812 Stoam
2962 760 3280 825 eahiberent,
3314 771 3362 814 et
3381 761 3581 830 regiam

1991 855 2165 923 ipsam
2192 871 2379 908 nouam
2410 854 2776 916 Academiam,
2818 863 2865 906 et
2897 852 3166 922 Lyca-ttm,
3217 853 3582 907 Pritanteum-

1995 963 2112 1015 que.
2156 945 2289 1000 Inde
2314 962 2434 1000 vero
2497 947 2666 999 multo
2717 956 2828 998 tum
2865 953 3144 1012 augmento
3199 955 3321 997 tunc
3359 945 3584 998 invaluit

1997 1041 2193 1094 divina:
2226 1038 2481 1093 Ecclesia:
2519 1039 2738 1106 species,
2775 1047 2823 1090 et
2876 1038 3038 1088 nitor.
3082 1034 3264 1103 Neque
3301 1039 3440 1088 enim
3467 1046 3585 1088 tan-

1999 1130 2270 1185 tummodo
2303 1132 2594 1200 imperator
2621 1130 2896 1197 plerosque
2942 1129 2996 1180 in
3026 1143 3193 1180 annos
3215 1127 3450 1196 singulos
3474 1128 3586 1180 dies

2001 1223 2164 1293 festos
2214 1240 2277 1277 ac
2329 1223 2691 1277 solemnitates
2733 1222 2963 1290 propriis
3003 1221 3330 1273 orationibus
3361 1219 3588 1274 cohone-

2001 1316 2181 1380 stavit,
2207 1323 2256 1368 et
2283 1315 2528 1377 canticis,
2578 1313 2668 1367 sed
2728 1320 2778 1365 et
2822 1311 3164 1366 multosalios
3180 1315 3397 1380 quitum
3428 1313 3590 1364 vitam

2003 1408 2225 1477 agebant
2258 1415 2571 1475 praestantes
2625 1406 2763 1458 viros
2789 1404 2988 1457 similia
3012 1420 3259 1473 peragere
3291 1405 3591 1471 imperarit,

2003 1511 2227 1566 quorum
2253 1511 2389 1548 unus
2454 1504 2589 1559 erat,
2640 1496 2730 1563 qui
2761 1505 2810 1548 et
2852 1496 2964 1547 alia
3001 1494 3285 1559 facundius
3325 1495 3379 1548 in
3427 1495 3594 1548 aliam

2005 1587 2218 1641 dicendi
2251 1588 2456 1655 copiam
2473 1589 2808 1656 conscripsit,
2834 1598 2884 1640 et
2910 1603 3069 1656 quant
3095 1587 3355 1654 plurimas
3383 1586 3596 1640 virtutis

2008 1688 2308 1734 ascetarum
2357 1688 2407 1732 et
2441 1679 2762 1732 athletarum
2789 1681 2923 1732 vitas
2956 1680 3306 1732 monumentis
3335 1695 3598 1732 commen—

2010 1773 2184 1835 davit,
2207 1773 2347 1827 unde
2379 1781 2427 1826 et
2459 1770 2838 1839 Metaphrastte
2873 1788 3058 1824 nomen
3094 1771 3341 1824 obtinuit.
3395 1769 3597 1825 Eadem

2011 1863 2081 1917 ad
2117 1863 2346 1918 verbum
2388 1862 2664 1930 expressit
2705 1861 2848 1916 idem
2903 1860 3179 1932 Gregoras
3230 1863 3286 1915 in
3327 1861 3450 1915 Vita
3495 1859 3602 1916 Mi-

2011 1955 2222 2010 chaelis
2287 1953 2514 2008 Sincelli
2569 1955 2844 2021 exposita,
2885 1967 3007 2022 quae
3071 1952 3219 2006 facili
3282 1953 3505 2025 negotio
3545 1955 3601 2008 in

2013 2059 2180 2098 manu
2209 2042 2414 2098 fuerint
2436 2042 2684 2096 eamdem
2716 2042 2882 2097 vitam
2915 2043 3284 2112 percurrenti,
3316 2059 3385 2099 ne
3432 2047 3601 2100 semel

2013 2150 2078 2190 ea
2099 2150 2292 2205 parum
2313 2143 2531 2200 cautus,
2567 2142 2622 2188 et
2648 2134 2756 2189 alia
2789 2135 2973 2188 animo
2999 2135 3302 2192 observans
3330 2137 3606 2193 excidisse

2015 2227 2292 2297 malignus
2350 2225 2738 2298 Ietapbrasta
2821 2227 3044 2281 laudum
3107 2228 3490 2297 obtrectator,
3525 2221 3603 2284 'in

2015 2317 2393 2387 suspicionem
2431 2319 2636 2373 veniat.
2696 2317 2759 2371 Et
2810 2316 3210 2373 Constantinus
3268 2319 3607 2376 Meliteniota

2017 2417 2160 2463 orat.
2187 2408 2244 2473 2,
2282 2406 2357 2463 De
2379 2407 2734 2478 processione
2779 2406 3021 2476 Spiritus
3077 2410 3252 2463 sancti
3283 2425 3299 2464 :
3345 2409 3607 2482 Ἐπείπερ

2017 2499 2139 2553 κατ’
2181 2500 2334 2554 οὐδὲν
2387 2499 2666 2553 λείπονται
2721 2499 2832 2552 τῶν
2891 2499 3090 2568 λογίων
3143 2501 3388 2570 ἀνδρῶν.
3444 2505 3497 2557 ετ
3543 2521 3607 2572 γε

2021 2589 2255 2643 συνιδεῖν
2279 2588 2572 2660 ἠϐούλοντο
2605 2589 2797 2642 τούτου
2825 2591 2925 2660 τὴν
2949 2589 3176 2644 ἔννοιαν.
3215 2591 3326 2646 Καὶ
3347 2591 3523 2656 ἄλλως
3551 2595 3609 2647 δὲ

2021 2681 2126 2736 κᾶν
2160 2678 2378 2744 ῶκλαζέ
2406 2699 2459 2734 τι
2487 2680 2627 2752 πρὸς
2679 2679 2814 2734 αὐτὸ
2859 2681 3074 2746 τούτοις
3093 2685 3122 2735 ὁ
3148 2681 3431 2756 λογισμὸς,
3463 2681 3610 2757 εἶχον

2023 2773 2327 2844 σκέψασθαι
2389 2773 2610 2837 πάντως
2654 2773 2780 2828 καθ’
2807 2775 3038 2839 ἑαυτοὺς
3071 2775 3167 2830 καὶ
3181 2775 3276 2830 τὸν
3291 2779 3611 2850 συγγραψά-

2024 2883 2208 2937 μενον,
2243 2866 2326 2920 ὅτι
2357 2866 2502 2920 κατὰ
2555 2865 2649 2918 τὸν
2683 2864 2878 2936 καιρὸν
2923 2864 3019 2919 τοῦ
3055 2867 3276 2938 πρώτου
3309 2869 3610 2940 σχίσματος

2022 2957 2122 3023 ὢν,
2160 2959 2255 3012 καὶ
2275 2957 2376 3028 τὴν
2414 2955 2726 3025 ἀντιλογίαν
2752 2956 3042 3024 γινώσκων
3075 2957 3169 3011 τοῦ
3206 2959 3614 3030 δόγματος,οὒκ

2023 3052 2091 3106 ἂν
2119 3049 2264 3104 οὕτω
2299 3048 2564 3102 συνετίθει
2607 3049 2703 3102 καὶ
2735 3049 3026 3102 συνέταττε
3055 3049 3117 3102 τὸ
3145 3051 3386 3104 τοιοῦτον
3416 3053 3601 3124 ῥητὸν,

2023 3145 2073 3197 εί
2104 3142 2242 3214 πρὸς
2261 3143 2389 3205 τοὺς
2420 3141 2685 3202 Λατίνους
2711 3141 2806 3192 καὶ
2833 3141 2996 3204 αὐτὸς
3035 3141 3232 3212 ἐπίσης
3266 3144 3377 3206 τοῖς
3401 3144 3615 3209 πολλοῖς

2025 3234 2306 3306 διεφέρετο
2327 3249 2341 3262 °
2384 3232 2519 3289 Cum
2545 3250 2650 3288 non
2680 3232 2906 3286 multum
2949 3234 3097 3304 longe
3121 3234 3184 3286 ab
3215 3237 3444 3291 eruditis
3486 3241 3613 3292 uiris

2027 3327 2255 3392 abirent,
2289 3329 2336 3380 si
2367 3328 2524 3382 modo
2556 3327 2704 3382 illius
2736 3328 3046 3381 sententiam
3085 3344 3272 3397 capere
3299 3329 3510 3383 vellent.
3545 3331 3614 3384 Et

2029 3420 2139 3473 alia
2167 3436 2368 3489 quoque
2399 3422 2603 3473 ratione
2625 3421 2746 3474 licet
2799 3421 3049 3490 cogitatio
3089 3421 3325 3487 ipsorum
3350 3423 3492 3476 circa
3520 3424 3616 3476 hoc

2029 3513 2106 3567 uel
2134 3513 2413 3565 minimum
2453 3513 2805 3575 claudicaret,
2853 3524 3096 3580 poterunt
3129 3518 3182 3569 in
3216 3533 3270 3570 se
3300 3519 3616 3587 scriptorem

2029 3603 2385 3672 considerare,
2414 3604 2504 3671 qui
2535 3619 2653 3656 cum
2679 3604 2734 3657 in
2764 3605 2878 3672 ipso
2905 3606 3076 3674 primo
3105 3607 3407 3665 schismatis
3427 3621 3616 3665 exortu

2030 3695 2240 3758 uiueret,
2286 3703 2337 3747 et
2377 3693 2642 3763 dogmatis
2688 3696 3159 3753 contradictionem
3212 3701 3449 3766 calleret,
3484 3719 3619 3756 nun-

2029 3803 2186 3856 quam
2209 3787 2304 3839 hoc
2326 3786 2479 3839 modo
2496 3788 2860 3842 concinnasset
2901 3792 2980 3846 vel
3003 3791 3200 3844 dictum
3217 3795 3616 3860 composuisset,

2031 3880 2078 3932 si
2110 3894 2229 3930 cum
2249 3875 2456 3931 Latinis
2476 3889 2525 3931 et
2553 3881 2661 3946 ipse
2687 3897 2831 3949 mque
2853 3890 3008 3950 atque
3029 3884 3122 3936 alii
3146 3885 3444 3939 simultates
3471 3902 3621 3941 exer-

2033 3971 2204 4023 cebat.
2247 3969 2312 4022 Et
2353 3971 2440 4023 hic
2463 3971 2584 4024 vitae
2613 3971 2858 4041 Dionysii
2880 3974 3223 4042 AreOpagitse
3251 3977 3491 4044 scriptor
3524 3994 3620 4049 per

2034 4062 2289 4117 eumdem
2331 4071 2618 4116 auctorem
2643 4061 3033 4115 Meliteniotam
3065 4073 3148 4117 est
3183 4063 3405 4121 Simeon
3452 4068 3622 4124 Meta-

2035 4152 2315 4221 plu-astes.
2346 4151 2484 4203 Audi
2519 4169 2530 4201 :
2564 4150 2674 4203 Kal.
2704 4153 2732 4203 ὁ
2770 4150 2869 4214 τὰς
2895 4151 3002 4203 τῶν
3047 4151 3218 4219 ἁγίων
3252 4153 3307 4207 δὲ
3348 4155 3622 4222 πολιτείας

2035 4240 2248 4302 καὶτὰς
2273 4241 2451 4294 αὐτῶν
2480 4237 2738 4310 ἀθλήσεις
2769 4242 3197 4312 ἀφηγησάμενος
3250 4263 3622 4317 μεταφραστι-

2038 4329 2170 4392 κῶς,
2203 4332 2284 4393 είς
2328 4329 2390 4382 τὸ
2431 4330 2524 4382 τοῦ
2562 4331 2952 4400 Ἀρεοπαγίτου
2986 4334 3286 4405 μαρτύριον
3323 4337 3621 4401 Διονυσίου,

2039 4421 2182 4491 φημὶ
2209 4421 2302 4472 τοῦ
2336 4421 2446 4473 τῶν
2472 4421 2805 4492 ἀπορρήτων
2839 4423 3173 4490 ὲκφάντορος
3193 4443 3205 4456 ·
3235 4425 3304 4479 Et
3354 4429 3444 4496 qui
3489 4429 3623 4481 vita;

2037 4521 2088 4563 et
2117 4527 2199 4564 νεδ
2231 4521 2405 4581 gestas
2467 4523 2796 4574 sanctorum,
2855 4528 3138 4583 eorumth
3189 4520 3483 4570 certamina
3537 4535 3627 4570 va-

2039 4603 2180 4654 riato
2215 4603 2352 4671 stle
2369 4604 2702 4657 enarravitin
2722 4602 2968 4674 Dionysii
2986 4607 3023 4657 A
3040 4609 3322 4676 reopagitte
3342 4611 3622 4679 martyrio,

2039 4695 2157 4748 dico
2185 4705 2503 4748 secretorum
2541 4697 2867 4750 revelatoris.
2906 4699 3110 4769 Collige
3137 4702 3294 4768 longe
3331 4702 3522 4768 procul
3559 4703 3626 4755 ab

2040 4785 2190 4840 omni
2222 4784 2409 4840 dubio.
2444 4785 2839 4856 Melaphrastes
2866 4805 2930 4844 eo
2954 4798 3200 4859 tempore
3227 4791 3463 4860 vigebat,
3502 4809 3624 4846 cum

2041 4880 2278 4948 primum
2312 4879 2547 4933 schisma
2586 4881 2728 4935 inter
2794 4880 3011 4936 Graecos
3044 4890 3097 4935 et
3146 4880 3370 4936 Latinos
3405 4882 3472 4938 de
3499 4899 3628 4953 pro-

2042 4973 2298 5026 cessionc
2359 4971 2600 5042 Spiritus
2646 4975 2818 5028 sancti
2868 4990 2932 5027 ex
2993 4974 3111 5028 solo
3152 4972 3316 5027 Patre
3345 4990 3630 5046 emergens

2041 5063 2355 5118 Graecorum
2390 5078 2514 5117 cum
2546 5062 2753 5120 Latinis
2772 5066 3135 5120 arctissimam
3167 5067 3628 5124 necessitudinem

2043 5157 2381 5225 perlurltai'it
2414 5176 2426 5211 :
2460 5156 2597 5210 adeo
2627 5165 2686 5210 ut
2720 5159 2786 5212 de
2814 5157 3004 5212 eadem
3037 5159 3388 5226 processione
3417 5177 3482 5216 ex
3511 5163 3631 5216 solo

2044 5248 2202 5301 Patre
2234 5247 2344 5301 Leo
2377 5248 2492 5318 ipse
2528 5250 2846 5318 imperator,
2885 5251 2952 5302 de
2987 5250 3174 5304 schola
3209 5250 3384 5305 Pbotii
3443 5255 3628 5318 homo,

2045 5341 2097 5393 in
2134 5343 2364 5409 gratiam
2408 5342 2491 5393 sui
2521 5342 2696 5394 Photii
2731 5341 2929 5410 stylutn
2961 5344 3288 5396 exercuerit.
3325 5345 3385 5396 Et
3411 5353 3628 5401 aetatem

2046 5434 2427 5502 Metaphrasta:
2464 5434 2645 5494 anxie,
2683 5445 2730 5486 et
2781 5435 3018 5501 amplius
3065 5437 3386 5505 quzerinms,
3418 5447 3471 5490 et
3503 5455 3628 5492 eum

2048 5525 2509 5586 recentissitmtm,
2544 5533 2596 5576 et
2637 5525 2746 5577 ludi
2811 5527 3155 5593 magistrum,
3211 5538 3264 5581 et
3322 5527 3630 5584 fabularum

2048 5620 2274 5671 anilium
2327 5619 2774 5674 concinnatot'em
2825 5620 3008 5675 verbis
3069 5619 3396 5675 clarissimis
3456 5622 3637 5686 perhi-

2052 5711 2324 5765 bebhnus.
