3984 6150
454 353 521 417 ιτ
1652 352 1960 414 NOTITIA
2014 354 2019 363 ’

2145 353 2185 411 S
2248 351 2514 413 NILUM.
3631 352 3705 419 48

526 461 676 527 Nos,
730 464 806 513 ait
864 458 1197 521 Salmasius,
1242 458 1496 529 διήγησιν
1567 459 1718 514 illam
1790 465 2021 533 (nempe

451 556 523 611 de
555 554 702 611 caadc
731 553 1009 608 seniorum
1057 549 1318 613 Patrum)
1363 549 1417 603 in
1471 549 1803 607 Praefatione
1842 552 1909 605 ad
1953 553 2028 606 lc-

452 656 663 702 ctorem
702 646 767 699 ad
797 643 1072 713 Opust-nia
1122 640 1229 695 Nili
1268 641 1335 695 de
1374 640 1607 709 primatu
1658 657 1842 712 papae,
1876 640 2025 695 Lati-

452 756 572 793 uam
604 738 800 807 [actam
833 735 992 799 brevi,
1030 735 1078 787 si
1111 733 1249 787 Deus
1278 732 1504 798 dederit,
1545 735 1739 788 edituri
1766 751 1970 788 sumus.

522 830 598 884 De
644 828 963 893 Albiniano,
1005 841 1170 896 quem
1212 825 1472 881 laudibus
1525 825 1881 895 prosequitur
1932 824 2028 880 Ni-

452 924 559 988 lus,
601 921 971 991 suspicionem
1015 918 1266 983 Possini,
1314 918 1430 988 lege
1455 920 1595 987 apud
1642 918 1862 989 ipsum:
1910 919 2027 974 sive

449 1014 591 1067 cutim
641 1013 792 1082 legas
845 1009 1157 1074 Albianum,
1214 1008 1331 1063 sive
1366 1007 1636 1073 Albinum,
1686 1009 1804 1064 sive
1860 1008 2027 1063 Alba-

446 1121 569 1159 num
588 1147 602 1167 ,
634 1119 827 1174 parum
857 1102 1049 1159 refert.

518 1193 767 1247 Historia
794 1194 859 1247 de
906 1194 1233 1262 interemptis
1266 1194 1321 1247 in
1355 1192 1491 1248 Sina
1533 1202 1709 1248 monte
1754 1194 2027 1250 monachis

444 1284 731 1353 legebatur
794 1285 1172 1355 manuscripta
1237 1287 1292 1339 in
1354 1284 1695 1340 bibliotheca
1745 1284 2024 1342 Sirletana

440 1373 572 1427 cod.
602 1373 671 1428 59
718 1391 845 1436 ms..
899 1384 955 1430 et
1009 1391 1158 1431 nunc
1189 1376 1387 1447 legitur
1417 1376 1473 1430 in
1522 1374 1803 1432 Vaticanis
1857 1378 2022 1433 codd.

448 1467 572 1530 H7,
609 1466 733 1531 “8,
768 1466 926 1531 1790,
983 1468 1145 1532 i806,
1180 1475 1236 1523 ct
1268 1468 1520 1524 Palatino
1550 1470 1678 1524 55!.
1719 1468 2026 1526 Bollandus

444 1563 513 1618 ad
580 1562 726 1619 diem
787 1563 854 1616 14
902 1561 1148 1619 Januarii
1218 1572 1540 1620 sanctorum
1610 1574 1915 1636 martyrum
1969 1566 2026 1621 in

444 1662 630 1711 monte
664 1654 797 1709 Sina
827 1670 857 1708 a
896 1655 1149 1712 barbaris
1174 1656 1491 1711 occisorum
1532 1666 1815 1712 certamen
1853 1657 2026 1712 refert

442 1762 473 1800 a
520 1746 579 1802 S.
615 1749 742 1804 Nilo
793 1749 1167 1820 conscriptum
1226 1747 1449 1812 Graece,
1508 1757 1564 1803 et
1598 1764 1627 1802 a
1665 1765 1745 1817 se,
1798 1750 1884 1803 vel
1915 1749 2027 1805 alio

442 1835 700 1906 quopiam
738 1835 1085 1892 innominato
1114 1835 1309 1893 Latine
1339 1835 1638 1902 redditum,
1675 1848 1728 1891 et
1762 1837 2026 1894 brevibus

440 1942 542 1997 pro
577 1942 730 1983 more
762 1928 910 1982 notis
954 1928 1318 1984 illustratum.

425 2085 433 2094 ‘
514 2018 770 2089 Ejusdem
802 2020 979 2074 sancti
1017 2019 1138 2075 Nili
1175 2019 1428 2089 epistolas
1460 2018 1681 2074 CCCLV
1717 2035 1785 2075 ex
1831 2019 2028 2076 biblio-

443 2111 602 2166 theca
629 2109 886 2166 Medicam
922 2111 1065 2167 idem
1109 2111 1309 2167 Petrus
1338 2111 1606 2167 Pessinus
1637 2112 1803 2179 eruit,
1837 2121 1892 2167 et
1920 2112 2027 2167 La-

440 2201 552 2255 tine
582 2215 774 2256 versas
809 2201 999 2257 Grtcce
1044 2211 1101 2256 et
1125 2200 1322 2257 Latine
1349 2202 1655 2272 publicavit
1686 2216 1813 2257 cum
1850 2204 2021 2269 notis,

437 2294 887 2363 mmcupavitque
949 2294 1392 2349 eminentissimo
1445 2294 1683 2365 principi
1726 2295 2025 2352 Francisco

436 2386 761 2453 Barberino;
791 2394 844 2440 et
877 2386 1091 2456 Didymi
1139 2384 1529 2457 Fragmentum
1573 2384 1784 2440 addidit
1835 2399 2025 2441 contra

438 2477 806 2541 Manicha'os,
852 2486 902 2530 et
932 2475 1199 2531 Simeonis
1249 2475 1458 2530 abbatis
1501 2473 1689 2531 Sancti
1726 2474 2023 2530 Numantia

436 2568 490 2619 in
562 2564 857 2619 Xerocerco
927 2562 1371 2620 Dissertationent
1447 2565 1513 2620 de
1588 2565 2024 2621 altercationibus

438 2655 606 2708 animi
640 2663 693 2709 et
743 2657 983 2720 corporis
1039 2654 1227 2713 Graece
1279 2663 1336 2712 et
1383 2655 1580 2711 Latine
1635 2672 1666 2711 a
1719 2672 1779 2714 se
1827 2673 2020 2724 versa,

440 2748 669 2804 Parisiis
701 2762 766 2803 ex
817 2748 1183 2819 typographia
1234 2748 1403 2818 Regia
1455 2747 1615 2829 l657,
1654 2748 1796 2804 in-i.
1824 2747 1902 2804 De
1930 2748 2022 2805 his

436 2839 711 2910 epistolis,
753 2839 1164 2909 dequeeorum
1205 2839 1503 2910 interprete
1552 2839 1788 2897 Possiuo
1830 2841 2021 2911 suspi-

437 2948 536 2987 cor
572 2932 990 3002 intelligendum
1043 2946 1170 2987 esse
1224 2929 1543 2996 Labbaaum,
1591 2948 1717 2987 cum
1774 2932 2019 2987 scribit:

441 3024 558 3078 Nili
589 3023 971 3093 archiepiscopi
1002 3022 1577 3093 Constantinopolitani
1607 3024 1791 3080 multa:
1818 3025 2021 3081 haben-

438 3129 526 3169 tur
564 3116 618 3170 in
659 3116 813 3170 codd.
848 3133 976 3181 ms.,
1027 3132 1160 3186 quas
1204 3114 1364 3171 audio
1406 3117 1542 3186 typis
1573 3117 1762 3185 parari
1805 3116 1870 3171 ab
1902 3134 2024 3172 eru-

438 3204 553 3257 dito
585 3202 891 3272 interprete.
944 3200 1067 3272 Ipse
1098 3217 1230 3257 vero
1284 3218 1401 3258 rem
1457 3203 1898 3273 indignissimam
1938 3203 2024 3258 fa-

435 3296 700 3362 cerem,si
743 3299 941 3351 conatu
967 3295 1104 3349 tanti
1130 3295 1404 3366 principis
1449 3294 1743 3350 fecundam
1771 3305 2021 3364 quatstu-

438 3406 551 3444 ram
594 3391 975 3454 subsecutam,
1030 3387 1210 3444 ventis
1268 3388 1652 3458 abripiendam
1717 3403 1829 3443 non
1873 3389 2021 3443 invi-

438 3484 509 3538 tis
543 3482 803 3537 manibus
849 3480 1250 3537 concesserim.
1303 3479 1572 3550 Princeps
1619 3481 1667 3537 is
1699 3495 2020 3552 magnarum

435 3574 635 3628 artium
687 3572 1006 3644 disciplinis
1060 3571 1553 3636 instructissimus,
1604 3580 1883 3628 tantorum
1914 3571 2022 3627 Pa-

436 3676 580 3720 trum
609 3664 956 3736 aliorumque
991 3664 1511 3734 antiquissimorum
1548 3663 2019 3746 Commentarios,

436 3758 555 3811 sive
580 3755 655 3809 illi
690 3754 882 3809 Graeca
908 3754 1025 3810 sive
1047 3751 1244 3808 Latina
1274 3752 1435 3822 copia
1466 3752 1684 3808 dicendi
1716 3752 2021 3819 etiiineant,

436 3863 544 3901 non
577 3847 748 3902 scmel
777 3855 943 3916 atque
967 3845 1190 3911 iterum,
1245 3842 1342 3899 sed
1371 3843 1594 3913 saepius,
1628 3844 1755 3896 dum
1796 3857 1893 3913 per
1920 3860 2022 3914 pu-

435 3940 578 3994 blica
608 3947 664 3994 et
685 3936 1064 3994 ecclesiastica
1094 3934 1314 4006 negotia
1359 3933 1511 3998 licet,
1543 3943 1762 3989 maturo
1780 3934 2017 4005 judicio,

435 4036 498 4087 ac
527 4030 879 4088 considerate
917 4044 1032 4101 prae
1073 4027 1333 4084 manibus
1384 4034 1588 4095 terere,
1638 4042 1705 4083 ac
1762 4028 2020 4085 lectitare

432 4122 636 4195 gaudet
668 4142 681 4177 :
712 4121 955 4193 indeque
988 4119 1170 4176 factus
1199 4119 1552 4193 instructior,
1584 4134 1766 4175 mores
1793 4129 1849 4176 et
1880 4137 2018 4177 con-

434 4216 760 4271 suetudines
785 4215 1128 4279 moderatur,
1167 4213 1558 4283 antiquitatem
1586 4213 2015 4270 ecclesiasticam

433 4319 673 4377 reparat,
709 4306 777 4362 de
815 4304 919 4359 lide
963 4303 1258 4374 opiniones
1305 4304 1608 4367 examinat,
1658 4312 1713 4359 ct
1737 4319 1863 4373 quae
1894 4305 2016 4358 novi

434 4399 824 4454 reformatores
859 4396 1003 4449 inter
1041 4395 1303 4448 incautos
1337 4393 1732 4458 disseminant,
1762 4393 2020 4448 oculatus

429 4494 494 4547 ad
531 4490 719 4545 omnia
757 4487 1005 4543 discidit.
1057 4482 1203 4539 inter
1249 4492 1330 4539 tot
1362 4484 1503 4539 alios
1543 4482 1759 4545 Patres,
1809 4499 2019 4554 eosque

430 4564 828 4636 sanctissimos
878 4591 1024 4631 unus
1073 4575 1121 4629 is
1173 4572 1352 4637 Nilus,
1412 4589 1575 4644 quem
1636 4588 2018 4643 Saepenumero

432 4689 528 4743 per
559 4679 798 4728 mentem
827 4674 1172 4729 versaverat,
1210 4664 1411 4735 dignus
1466 4665 1623 4719 visus
1681 4672 1788 4729 est,
1822 4667 1916 4735 qui
1948 4667 2015 4721 ad

428 4760 834 4834 compescenda
866 4756 1259 4811 haereticorum
1295 4770 1416 4821 ora,
1465 4755 1716 4823 maleque
1753 4771 2015 4812 sanorum

433 4858 713 4912 hominum
757 4854 926 4908 vitam
962 4850 1203 4921 pessime
1237 4856 1511 4904 tornatam
1553 4848 1740 4903 incudi
1776 4850 2015 4905 redden-

428 4949 552 5002 dam
589 4963 698 5001 non
736 4945 857 5000 sine
890 4953 1061 4995 succo
1112 4938 1312 5013 Attico,
1366 4946 1423 4994 et
1471 4938 1788 5008 eloquentia
1819 4941 2014 5011 singu-

433 5041 531 5095 lari
563 5039 709 5110 typis
755 5036 946 5091 Graece
994 5039 1048 5087 et
1083 5029 1277 5085 Latine
1318 5031 1700 5087 mandaretur.
1746 5030 1916 5101 idque
1957 5042 2016 5086 ut

429 5129 779 5185 cuiumodius
827 5126 997 5190 ﬁeret,
1055 5124 1220 5195 elegit
1256 5125 1431 5178 virmn
1476 5124 1851 5180 clarissimum
1904 5124 2014 5179 Lu-

428 5239 550 5274 cam
586 5217 956 5282 llolstenium,
993 5225 1110 5271 tum
1157 5214 1511 5270 bibliotheca:
1562 5213 1842 5272 Vaticana:
1875 5233 2015 5287 pra:-

430 5314 658 5375 fectum,
694 5318 749 5364 et
781 5325 868 5362 me
916 5308 1040 5364 licet
1083 5306 1458 5363 Ilolsteuianaz
1507 5308 1694 5361 virtuti
1726 5309 2012 5378 imparem,

427 5405 563 5458 tanti
593 5402 801 5458 laboris
832 5402 1115 5462 comitem.
1152 5407 1208 5453 ut
1240 5400 1409 5455 simili
1444 5399 1622 5467 opella
1654 5400 1719 5452 ad
1750 5400 2010 5470 templum

428 5496 655 5551 honoris
694 5493 1000 5560 induceret,
1055 5495 1395 5565 'unpcrtitur.
1449 5493 1733 5547 Sententia
1768 5509 2013 5564 pronun-

427 5589 582 5651 tiata,
642 5588 841 5643 sortito
892 5584 1062 5642 Holstt
1084 5585 1216 5642 nius
1278 5585 1402 5655 ejus
1449 5584 1714 5652 opuscula
1776 5585 2011 5655 reliqua,

426 5694 529 5753 ego
584 5680 852 5751 epistolas
899 5681 1059 5750 capio
1132 5676 1328 5733 Studia
1384 5674 1656 5731 Holstenii
1690 5691 1955 5733 excessus
1984 5692 2017 5732 e

425 5773 536 5826 vita
563 5769 744 5827 fatalis
772 5769 1091 5841 disrumpit,
1142 5783 1233 5824 1ec
1268 5768 1378 5823 vita
1420 5775 1703 5835 superstes
1733 5781 2003 5838 propaga-

2134 462 2233 515 vit.
2265 462 2401 516 Cum
2451 475 2561 515 non
2601 474 2793 515 omnes
2835 460 2888 514 in
2925 474 3034 515 uno
3080 457 3273 515 codice
3305 459 3573 530 epistolae,
3610 464 3713 519 sed

2133 552 2190 605 in
2250 552 2503 620 pluribus
2551 568 2685 623 vage
2728 551 2992 622 dispersae
3048 552 3405 617 haberentur,
3457 553 3713 619 collatis.

2134 650 2258 696 utut
2321 643 2509 712 potui,
2566 641 2833 698 Romanis
2917 642 3331 707 voluminibus,
3393 642 3598 698 fascem
3658 648 3714 698 in

2134 748 2305 789 unum
2325 773 2341 799 ,
2385 734 2605 789 obviam
2657 733 2832 788 factas
2859 734 3012 805 coegi
3036 773 3052 798 ,
3085 733 3361 790 adnotatis
3394 749 3584 789 earum
3617 749 3715 788 va-

2131 825 2231 880 riis
2261 825 2589 881 lectionibus
2620 824 2674 880 in
2702 826 3084 881 studiosorum
3125 828 3385 898 gratiam,
3415 841 3555 897 quas
3581 826 3715 881 mihi

2129 916 2221 970 alii
2275 924 2440 987 atque
2490 917 2586 971 alii
2644 917 2865 973 codices
2924 918 3267 974 obtulerunt.
3320 919 3461 974 Tum
3513 934 3600 975 me
3653 919 3714 972 in

2132 1023 2322 1064 carum
2356 1009 2481 1065 dedi
2524 1009 2833 1066 versionem
2854 1050 2870 1076 ,
2923 1009 3088 1080 cujus
3118 1026 3268 1067 nunc
3319 1020 3603 1082 utcunque
3636 1010 3718 1065 fa-

2132 1110 2236 1155 cta
2262 1141 2278 1166 ,
2310 1101 2451 1157 idem
2477 1102 2772 1158 munificus
2792 1103 2849 1155 in
2888 1101 3106 1170 publica
3135 1102 3422 1157 commoda
3454 1103 3717 1173 princeps

2129 1192 2428 1248 editionem
2469 1192 2788 1249 demandat.
2849 1192 2915 1248 Et
2971 1208 3065 1249 res
3124 1195 3240 1249 haec
3298 1210 3398 1265 per
3447 1195 3716 1250 indicium

2128 1286 2417 1339 enuntiata
2446 1285 2665 1340 videtur
2709 1286 2778 1339 ab
2810 1284 3191 1340 eruditissimo
3219 1284 3521 1342 Franciseo
3549 1285 3716 1341 Com-

2129 1376 2286 1443 helis,
2309 1377 2364 1431 in
2395 1377 2691 1433 recensitis
2736 1378 3061 1433 auctoribus
3091 1377 3453 1433 Bibliotheca;
3490 1376 3715 1432 Patrum

2128 1466 2558 1522 concionatoriae
2610 1467 2665 1522 in
2695 1465 2822 1522 Nilo
2856 1486 2870 1523 :
2924 1466 3181 1537 Epistola!
3231 1467 3351 1522 Nili
3381 1468 3507 1523 dari
3536 1478 3720 1538 potue-

2128 1567 2249 1611 rant
2289 1576 2319 1610 a
2358 1559 2665 1613 doctissimo
2720 1558 2895 1615 Leone
2938 1560 3177 1627 Allatio,
3230 1562 3278 1615 si
3330 1561 3534 1630 factum
3579 1563 3717 1615 satis

2125 1658 2261 1704 esset
2282 1651 2418 1704 votis
2441 1651 2849 1706 eminentissimi
2876 1650 3175 1707 cardinalis
3199 1650 3482 1708 Francisci
3517 1653 3718 1708 Barbe-

2128 1741 2255 1803 rini,
2293 1741 2421 1795 mihi
2457 1742 2573 1810 ipse
2616 1741 2686 1796 ad
2728 1743 2933 1812 prelum
3004 1744 3297 1813 offerentis,
3333 1761 3453 1799 cum
3483 1762 3602 1801 eum
3629 1762 3719 1800 re-

2127 1833 2217 1904 gia
2245 1831 2457 1888 Lutetia
2493 1836 2754 1903 hospitem
2792 1835 3007 1890 haberet
3053 1852 3072 1890 :
3118 1838 3306 1907 quippe
3336 1838 3487 1908 longe
3514 1836 3715 1906 plures.

2126 1936 2345 1996 excepta
2395 1928 2496 1982 viri
2533 1943 2711 1998 opera,
2765 1928 3071 1985 Graecarum
3118 1947 3294 1985 rerum
3350 1931 3618 2003 indagine,
3666 1940 3718 1987 et

2127 2018 2321 2086 peritia
2360 2030 2543 2074 nostra
2575 2036 2684 2075 tero
2712 2020 2873 2090 facile
2904 2024 3182 2092 principis.

2197 2108 2502 2179 Antequam
2551 2113 2619 2167 ad
2674 2112 2780 2166 alia
2825 2113 3186 2182 progrediar,
3248 2113 3379 2167 illud
3447 2112 3715 2168 oblivioni

2128 2202 2261 2257 dare
2286 2211 2714 2259 consentaneum
2743 2204 2896 2259 nullo
2929 2204 3090 2260 modo
3124 2205 3258 2258 mihi
3289 2204 3527 2270 videtur,
3565 2206 3713 2275 quod

2130 2294 2625 2362 praestantissimus
2684 2294 2807 2361 vir,
2861 2304 2915 2350 et
2967 2298 3025 2349 in
3076 2295 3299 2364 scriptis
3353 2297 3708 2366 antiquorum

2125 2385 2448 2442 evolvendis
2487 2390 2885 2459 sagacissiums
2936 2388 3222 2446 Emericus
3263 2389 3510 2462 Bigotius
3567 2407 3712 2462 saepe

2126 2478 2442 2544 admonuit,
2479 2480 2768 2549 epistolam
2804 2478 2862 2535 S.
2909 2479 3016 2535 Nili
3053 2482 3121 2536 ad
3162 2481 3446 2539 Xenonem
3505 2482 3710 2538 Memo-

2126 2571 2344 2625 rialium
2376 2586 2408 2625 a
2429 2571 2660 2626 Possino
2686 2572 2914 2635 editam,
2938 2573 3182 2628 editione
3203 2572 3522 2639 Parisiensi,
3553 2590 3706 2629 num.

2124 2661 2250 2727 260,
2289 2671 2588 2717 extractam
2630 2662 2801 2720 fuisse
2831 2679 2896 2719 ex
2936 2664 2993 2718 S.
3043 2664 3229 2720 Basilii
3262 2666 3606 2735 expositione
3654 2666 3707 2721 in

2125 2754 2324 2824 psalm.
2377 2768 2549 2808 xxx".
2598 2754 2675 2808 Ea
2721 2756 2776 2809 in
2813 2756 2949 2811 meis
3001 2766 3084 2811 est
3137 2757 3172 2809 l.
3220 2772 3255 2820 l,
3309 2757 3469 2827 epist.
3521 2754 3712 2822 56,et

2125 2848 2370 2918 incipit:
2435 2848 2496 2902 Ὀ
2548 2847 2681 2911 Θεὸς
2736 2850 2894 2920 ἡμῶν
2951 2851 3139 2922 ἀγαπᾷ
3189 2850 3558 2922 ἐλεημοσύνην
3617 2852 3714 2906 καὶ

2125 2939 2328 3012 κρίσιν.
2374 2939 2695 2996 Examinavi
2745 2942 3076 3013 diligenter,
3107 2951 3160 2998 et
3192 2958 3305 2998 rem
3343 2958 3547 2999 meram
3587 2959 3713 2999 esse

2124 3031 2388 3100 comperi.
2425 3030 2708 3087 Sententia
2744 3036 2932 3089 eadem
2977 3044 3106 3101 est,
3159 3037 3322 3092 verba
3376 3052 3597 3107 quoque
3651 3045 3713 3091 ut

2125 3123 2417 3194 plurimum
2471 3124 2687 3179 eadem.
2728 3126 2888 3180 Nilus
2940 3134 3123 3181 tamen
3186 3137 3373 3183 noster
3426 3129 3713 3200 plerisque

2123 3212 2425 3269 immutatis
2463 3223 2518 3269 et
2549 3214 2754 3269 additis
2790 3214 2923 3268 fecit
2954 3231 3131 3270 suam.
3168 3215 3324 3282 Quod
3362 3216 3414 3271 in
3448 3218 3713 3273 Patribus

2122 3317 2327 3356 novum
2379 3318 2487 3356 non
2542 3311 2647 3359 est.
2698 3303 2927 3375 Semper
2977 3306 3181 3361 etenim
3242 3308 3295 3360 in
3346 3322 3408 3362 ea
3457 3305 3711 3362 Ecclesia

2124 3395 2460 3452 recentiores
2490 3395 2682 3452 Patres
2702 3437 2717 3462 ,
2765 3398 3110 3468 antiquiores
3139 3399 3216 3453 uti
3251 3400 3711 3467 venerabundos,

2123 3491 2178 3538 et
2199 3486 2521 3555 augustiora
2552 3488 2734 3557 capita
2773 3488 3004 3543 assiduo
3042 3489 3133 3544 die
3167 3498 3441 3562 noctuque
3475 3507 3715 3561 percur-

2121 3586 2340 3643 rentes,
2388 3579 2659 3649 quidquid
2695 3580 2761 3635 ad
2804 3596 2987 3637 mores
3016 3582 3422 3651 instituendos,
3456 3592 3510 3638 et
3545 3600 3715 3641 sacra

2121 3670 2298 3739 elogia
2329 3670 2707 3741 patefacienda
2744 3683 3149 3743 opportunum,
3192 3683 3246 3730 et
3287 3676 3503 3730 obviam
3541 3678 3711 3748 cupi-

2121 3763 2279 3818 ditati
2341 3763 2695 3834 irrepsisset,
2768 3767 3103 3821 adnotabant
3159 3767 3214 3821 in
3269 3767 3526 3831 schedis,
3587 3776 3710 3824 tum

2120 3853 2342 3909 demum
2395 3852 2616 3909 fortuna
2653 3856 2836 3911 ablata
2878 3857 3062 3912 studia
3103 3873 3226 3915 sese
3272 3862 3705 3915 exercitantium

2121 3952 2512 4013 promoventes
2560 3945 2684 4001 aliis
2733 3962 2955 4018 quoque
3009 3950 3510 4007 communicabant.
3542 3950 3706 4017 Quod

2120 4032 2302 4089 Nilum
2355 4035 2556 4116 fecisse
2598 4054 2707 4093 non
2742 4040 2795 4093 in
2828 4040 2931 4117 hac
2964 4041 3197 4110 epistola
3232 4050 3444 4097 tantum
3470 4085 3484 4112 ,
3518 4045 3614 4099 sed
3645 4045 3706 4100 in

2120 4126 2247 4182 aliis
2310 4128 2641 4196 permultis,
2698 4144 2821 4199 quae
2882 4132 3291 4187 curiosioribus
3354 4133 3703 4201 constabant,

2120 4218 2422 4275 verisimile
2453 4229 2556 4275 est.
2600 4219 2671 4275 Ut
2713 4236 2844 4278 vero
2884 4223 3106 4278 modum
3161 4225 3379 4291 discas,
3418 4236 3473 4281 et
3520 4229 3708 4298 possis

2121 4309 2390 4365 imitando
2447 4312 2756 4367 consectari
2811 4322 2936 4382 post
2993 4315 3193 4370 lectam
3243 4316 3351 4371 Nili
3410 4321 3705 4389 epistolam

2122 4401 2323 4457 habeto
2377 4401 2474 4456 tibi
2521 4402 2705 4460 Basilii
2762 4405 2943 4476 ipsius
2979 4409 3183 4471 verba,
3231 4418 3285 4464 et
3326 4426 3450 4465 cum
3488 4412 3710 4471 Nilanis

2120 4506 2377 4563 compara
2417 4509 2431 4547 :
2471 4494 2686 4566 Ἀγαπᾷ
2721 4497 2749 4549 ὁ
2778 4496 2911 4561 Θεὸς
2943 4498 3314 4571 ἐλεημοσύνην
3365 4503 3460 4556 καὶ
3493 4505 3708 4575 κρίσιν,

2118 4583 2282 4636 οἱονεὶ
2334 4584 2612 4677 πάρεδρον
2664 4587 2841 4658 ἑαυτῷ
2894 4588 2991 4658 τὴν
3048 4590 3419 4664 ἐλεημοσύνην
3471 4598 3767 4677 ποιησὰ-ε

2122 4690 2315 4742 μενος,
2345 4676 2439 4729 καὶ
2471 4676 2868 4746 προϐληθεῖσαν
2896 4680 2975 4752 τῷ
3005 4681 3273 4753 βασιλικῷ
3313 4685 3415 4756 τῆς
3460 4689 3710 4759 κρίσεως

2118 4765 2332 4837 θρόνω,
2383 4764 2524 4837 οὖτῳ
2569 4769 2809 4838 παράγει
2854 4771 2935 4834 είς
2984 4772 3167 4843 κρίσιν
3219 4774 3470 4831 ἕκαστον.
3513 4796 3534 4830 ί
3573 4779 3712 4834 Ἐὰν

2118 4857 2348 4927 ἀνομίας
2384 4859 2805 4929 παρατηρήσῃς.
2850 4859 3045 4932 Κύριε,
3081 4862 3278 4934 Κύριε,
3324 4865 3410 4930 τίς
3456 4866 3717 4942 Oxon-ﬁ-

2120 4964 2308 5015 σεται;
2337 4967 2355 4998 ι
2401 4946 2541 5001 Οὔτε
2571 4951 2603 5019 ἡ
2636 4949 2976 5021 ἐλεημοσύνη
3016 4951 3258 5024 ἄκριτος,
3294 4954 3417 5009 οὗτε
3451 4959 3484 5028 η
3518 4960 3716 5030 κρίσις

2116 5039 2456 5110 ἅνελεήμων.
2492 5040 2605 5112 Πρὸ
2634 5042 2732 5113 τῆς
2761 5043 2999 5113 κρίσεως
3023 5040 3116 5098 οὖν
3164 5047 3367 5119 ἀγαπᾷ
3393 5049 3717 5122 ἐλεημοσύ-

2118 5150 2237 5203 νην,
2298 5134 2392 5188 καὶ
2445 5135 2584 5205 μετὰ
2628 5136 2726 5208 τὴν
2758 5137 3132 5210 ἐλεημοσύνην
3185 5140 3406 5212 ἔρχεται
3456 5144 3552 5197 ἐπὶ
3597 5147 3721 5219 τὴν

2118 5223 2322 5296 κρίσιν.
2364 5223 2553 5278 Ταῦτα
2607 5224 2666 5278 δέ
2723 5227 2975 5298 ἀλλήλοις
3028 5230 3425 5298 συνέζευκται,
3476 5236 3504 5288 ὀ
3550 5234 3723 5307 ἔλεος

2118 5315 2257 5385 μετὰ
2302 5314 2403 5385 τῆς
2433 5315 2705 5386 κρίσεως’
2753 5318 2839 5371 ἵνα
2881 5321 3017 5390 μήτε
3046 5320 3074 5371 ὁ
3114 5320 3260 5385 ἔλεος
3298 5322 3459 5393 μόνος
3506 5330 3730 5396 χαυνό-

2115 5424 2255 5478 τητα
2304 5407 2624 5478 ἐμποιήσῃ,
2690 5410 2828 5479 μήτε
2892 5411 3027 5482 μόνη
3079 5414 3330 5485 ἠκρίσις
3383 5415 3729 5487 ἀπόγνωσιν

2132 5497 2518 5567 ἐνεργάσηται.
2557 5497 2816 5553 Βούλεταί
2846 5519 2904 5555 σε
2933 5502 3187 5574 ἐλεῆσαι,
3227 5506 3322 5557 καὶ
3358 5505 3468 5559 τῶν
3499 5509 3729 5569 ἑαυτοῦ

2131 5587 2433 5656 οἰκτιρμῶν
2481 5588 2804 5658 μεταδοῦναι
2848 5593 2875 5645 ὁ
2904 5597 3137 5664 κριτής·
3182 5595 3298 5649 ἀλλ’
3336 5599 3431 5651 ἐὰν
3471 5600 3612 5672 εὕρῃ
3653 5624 3733 5663 σε

2124 5677 2263 5747 μετὰ
2289 5679 2388 5749 τὴν
2415 5680 2693 5752 ἁμαρτίαν
2715 5688 2991 5748 ταπεινὸν,
3016 5691 3502 5758 συντετριμμένον,
3526 5694 3739 5759 πολλά

2123 5769 2571 5840 μετακλαύσαντα
2614 5775 2706 5829 ἐπὶ
2748 5780 2861 5842 τοῖς
2906 5782 3161 5851 πονηροῖς
3191 5780 3392 5851 ἔργοις,
3434 5782 3503 5838 τὰ
3541 5795 3738 5855 γενό-
