3984 6150
353 325 420 393 t9
989 285 1007 348 έ
1528 322 1835 384 NOTITIA
1879 317 1958 375 1N
2005 318 2064 378 s.
2107 319 2371 378 NILUM.
3513 317 3582 379 50

353 456 490 509 μνα
505 439 702 510 κρυφῆ,
722 435 1159 506 ἀνεπαισχύντως
1176 433 1239 503 δη
1248 449 1398 502 μοσιε
1410 432 1630 494 ύσαντα,
1649 431 1914 501 δεηθέντα

352 530 591 596 ἀδελφῶν
620 530 1033 598 συγκαμεῖν-σοι
1077 525 1214 596 πρὸς
1259 523 1360 594 τὴν
1397 523 1564 585 ἴασιν,
1599 523 1719 576 ὅλον
1753 522 1917 574 ἐλεειι

355 623 442 674 νόν
478 639 535 674 σε
579 622 875 690 γενόμενον
917 619 1012 672 ἐὰν
1052 617 1170 687 ἴδῃ,
1199 614 1429 683 ἄφθονόν
1459 629 1539 666 σοι
1576 612 1674 682 τὴν
1717 608 1918 664 ἑαυτοῦ

353 712 716 781 ἐλεημοσύνην
767 711 1105 779 ἐπιχορηγεῖ.
1159 707 1284 760 Ἐὰν
1335 706 1391 758 δὲ
1434 705 1658 774 καρδίαν
1707 705 1918 773 ἀμετας

355 803 562 873 νόητον,
593 803 852 871 φρόνημα
888 801 1256 870 ὑπερήφανον,
1287 798 1545 850 ἀπιστίαν
1581 795 1676 848 τοῦ
1716 794 1912 856 αἰῶνος

353 893 448 946 τοῦ
484 892 772 962 μέλλοντος
797 933 813 956 ,
839 891 1072 960 ἀφοϐίαν
1117 889 1217 959 τῆς
1265 889 1498 958 κρίσεως
1524 926 1538 950 ,
1569 886 1692 939 τότε
1721 885 1913 955 ἀγαπᾷ

350 977 444 1032 ἐπὶ
475 981 559 1032 σοὶ
603 979 704 1050 τὴν
748 979 949 1048 κρίσιν.
995 977 1084 1039 Ὦς
1127 977 1237 1047 γὰρ
1288 976 1470 1046 ἰατρὸς
1519 972 1760 1044 ἐμμελὴς
1816 971 1912 1026 καὶ

355 1069 756 1139 φιλάνθρωπος,
788 1069 1058 1136 καταντλή
1069 1083 1199 1138 μασι
1229 1066 1491 1136 πρότερον
1516 1064 1611 1119 καὶ
1637 1063 1910 1134 περιπλά-

355 1172 553 1224 σμασιν
599 1155 824 1218 ἁπαλοῖς
869 1157 1121 1226 πειρᾶται
1169 1153 1517 1208 καταστεῖλαι
1560 1154 1622 1206 τὸ
1667 1154 1899 1223 οίδημαο

351 1246 490 1300 ἐπὰν
523 1247 580 1300 δέ
628 1247 708 1317 ἴδῃ
756 1247 1049 1308 ἀνενδότως
1102 1245 1196 1300 καὶ
1228 1245 1476 1314 σκληρῶς
1519 1245 1912 1298 ἀντιτυποῦντα

351 1337 443 1392 τὸν
463 1338 646 1406 ὄγκον,
679 1338 838 1407 ῥίψας
856 1338 946 1390 τὸν
969 1337 1134 1400 ἔλεον,
1159 1336 1253 1388 καὶ
1272 1336 1370 1405 τὴν
1395 1335 1643 1404 μαλακὴν
1667 1335 1910 1404 ἀγωγὴν,

353 1429 594 1497 αἱρεῖται
642 1426 828 1478 λοιπὸν
877 1425 976 1495 τὴν
1022 1424 1116 1477 τοῦ
1168 1424 1387 1494 σιδήρου
1437 1423 1654 1492 χρῆσιν.
1699 1423 1914 1493 Ἀγαπᾷ

355 1512 452 1569 οὖν
491 1515 856 1586 ἐλεημοσύνην
901 1515 1128 1570 ἐπὶτῶν
1174 1513 1598 1584 μετανοούντων,
1625 1515 1822 1584 ἀγαπᾷ
1855 1513 1911 1566 δέ

366 1607 464 1660 καὶ
497 1608 674 1678 κρίσιν
709 1609 799 1660 ἐπὶ
842 1608 950 1661 τῶν
986 1606 1299 1660 ἀνενδότων.
1335 1605 1586 1657 Τοιοῦτόν
1634 1623 1690 1658 τι
1741 1606 1836 1658 καὶ
1881 1607 1909 1658 ὁ

367 1697 596 1760 Ἡσαΐας
645 1695 789 1764 λέγει
819 1697 895 1768 τῷ
923 1695 1081 1766 Θεῷ,
1130 1697 1212 1748 ὅτι
1245 1715 1264 1746 ι
1313 1695 1377 1748 Ἠ
1418 1694 1758 1764 ἐλεημοσύνη
1814 1713 1910 1752 σου

351 1789 434 1849 είς
464 1787 719 1857 σταθμόν.
763 1807 782 1841 ι
816 1790 924 1842 Καὶ
965 1788 1074 1856 γὰρ
1103 1788 1352 1851 κάκεῖνος
1383 1787 1482 1858 τὴν
1513 1787 1648 1856 μετά
1675 1787 1910 1855 κρίσεως

355 1879 728 1950 ἐλεημοσύνην
786 1880 1117 1949 παρίστησι,
1166 1879 1335 1948 ζυγῷ,
1370 1880 1464 1932 καὶ
1501 1877 1721 1948 ἀριθμῷ
1749 1917 1762 1935 .
1815 1880 1911 1930 καί¹

363 1966 583 2037 σταθμῷ
627 1969 770 2022 κατὰ
813 1969 912 2038 τὴν
965 1969 1196 2022 ἑκάστου
1248 1969 1404 2034 ἀξίαν
1434 1969 1907 2039 ἀντιμετροῦντος.

356 2055 474 2111 Hoc
543 2059 709 2111 etiam
760 2057 1158 2126 antiquissimis
1210 2061 1621 2128 scriptoribus,
1682 2068 1736 2112 et
1785 2067 1912 2112 ante

354 2145 637 2201 Christmn
692 2149 840 2202 natis
869 2149 926 2202 in
971 2162 1124 2202 more
1153 2148 1323 2205 fuisse
1359 2151 1596 2219 positum
1623 2188 1638 2210 .
1694 2165 1758 2203 ex
1792 2149 1913 2203 Cle-

357 2245 540 2291 mente
568 2237 962 2301 Alexandrino,
993 2247 1048 2293 et
1083 2241 1208 2295 aliis
1249 2241 1386 2294 satis
1422 2240 1541 2295 fuse
1589 2241 1814 2308 probavi
1858 2241 1911 2294 in

354 2335 595 2382 tractatu
631 2343 752 2382 meo
785 2328 859 2382 De
897 2330 1290 2384 conscribendis
1322 2332 1579 2399 epistolis.
1613 2330 1792 2396 Quare
1827 2332 1914 2388 hic

353 2420 514 2486 plura
551 2418 737 2472 dicere
771 2420 1115 2488 supersedeo.

429 2505 684 2572 Ejusdem
711 2515 932 2561 exstant
970 2509 1316 2574 expositione:
1344 2508 1399 2562 in
1427 2508 1710 2566 Canticum
1738 2516 1911 2568 canti-

349 2610 557 2658 corum,
595 2611 700 2649 una
746 2612 867 2649 cum
902 2595 1139 2667 Nysseni
1189 2596 1456 2668 Gregorii,
1508 2601 1726 2657 Maximi
1759 2620 1910 2660 com-

347 2685 676 2751 mentariis,
726 2688 1059 2744 carminibus
1128 2689 1367 2757 politicis
1421 2689 1699 2749 Michaelis
1746 2693 1907 2750 Pselli

340 2772 538 2828 Grece
584 2781 638 2828 et
670 2774 859 2830 Latine
897 2777 1086 2830 eodem
1130 2776 1269 2832 Zino
1313 2777 1626 2849 interprete,
1675 2790 1826 2838 toruo
1865 2783 1908 2837 ll

350 2863 600 2916 Actuarii
643 2863 992 2920 Bibliotheca:
1029 2851 1280 2928 Veterum
1322 2867 1540 2922 Patrum
1581 2870 1908 2927 GmcoLa-

342 2951 454 3004 tini
472 2991 487 3015 ,
526 2966 672 3006 anno
702 2952 842 3006 1624

335 3042 532 3095 tionis.

417 3128 478 3182 In
524 3129 864 3185 bibliothecae
917 3129 1300 3190 Scoriacensis
1359 3133 1578 3199 lutlice.
1637 3154 1802 3208 opera
1853 3153 1907 3197 et

331 3219 535 3274 studio
574 3220 868 3276 Alexandri
899 3222 1149 3276 Baruarii
1180 3222 1329 3279 facto
1378 3235 1560 3282 exstat
1614 3229 1816 3286 Catena
1849 3234 1906 3287 in

329 3308 572 3364 Cantica
609 3312 962 3378 canticorum,
993 3322 1042 3366 et
1080 3314 1135 3366 in
1170 3329 1287 3368 eam
1319 3315 1697 3375 Enarrationes
1733 3322 1904 3378 Theo-

327 3399 517 3453 doreti
561 3403 878 3468 praesertim,
919 3401 1160 3469 Gregorii
1201 3403 1438 3472 Nisseni,
1483 3408 1621 3477 Nili,
1666 3412 1902 3480 Eusebii,

326 3488 599 3556 Maximi,
640 3501 688 3546 et
723 3491 888 3546 Pselli
921 3493 1153 3549 renibus
1184 3497 1434 3566 politicia,
1465 3498 1728 3560 Labbmus
1760 3505 1862 3558 177
1888 3523 1902 3572 ;

323 3578 514 3642 Idem,
553 3595 675 3651 pag.
702 3583 830 3636 274.

397 3669 796 3728 Enarrationea
820 3675 874 3729 in
892 3676 1124 3732 Cantica
1143 3683 1467 3738 canticorum
1489 3684 1608 3740 Nili
1639 3687 1694 3742 in
1716 3689 1906 3747 biblio-

901 2969 914 3006 :
965 2965 1018 3009 et
1071 2964 1204 3011 tom.
1251 2955 1366 3011 Xlll
1415 2958 1746 3016 Morelliante
1793 2964 1908 3018 edi-

316 3761 501 3814 theca
540 3760 730 3832 Regia,
763 3765 886 3821 cod.
917 3767 1050 3825 278.
1079 3769 1226 3825 ldem
1265 3788 1389 3845 pag.
1423 3775 1528 3831 306
1561 3793 1576 3830 :
1608 3776 1726 3832 Nili
1782 3798 1904 3836 non-

311 3852 490 3906 nulla
543 3855 798 3921 opuscula
824 3857 1168 3914 Enchiridion
1209 3861 1570 3922 Christianum
1595 3885 1715 3924 cum
1741 3873 1906 3927 inter-

307 3944 640 4010 pretatione
669 3947 722 4000 in
752 3947 942 4004 codice
970 3949 1138 4021 Regio
1168 3952 1331 4009 2218.

257 4096 271 4119 ,ι
390 4031 608 4088 Josias
637 4033 900 4094 Simlerus
936 4041 990 4095 in
1024 4041 1273 4112 Epitome
1311 4044 1650 4105 Gesneriana
1714 4055 1904 4110 scribit

302 4121 528 4177 Nilum
603 4126 916 4196 episcottum
969 4131 1639 4206 Constantinopolitanum
1698 4141 1899 4200 librttm

296 4215 645 4287 scripsisse
703 4217 967 4275 Adversus
1018 4213 1217 4279 Graecae
1278 4231 1672 4296 superstitioni:
1732 4247 1903 4292 secta-

292 4317 478 4361 tores.
1203 4355 1212 4362 .

367 4395 789 4469 Notanturque
839 4401 970 4458 alibi
1014 4401 1299 4462 Sententia:
1345 4407 1580 4465 Moralea
1627 4430 1692 4466 ea:
1722 4415 1904 4474 (ἔνωεο

285 4489 346 4542 in
372 4487 677 4578 Latirturn
707 4506 878 4546 neme
901 4509 935 4545 α
971 4492 1242 4550 Bilibaldo
1280 4496 1659 4569 Pirclteimero,
1696 4507 1905 4578 Argen-

285 4578 455 4645 unae,
496 4577 685 4634 1416.

360 4667 440 4722 Et
473 4668 729 4725 tandem
759 4669 1049 4739 Labbteus,
1077 4691 1200 4746 pag.
1236 4677 1361 4743 582,
1401 4681 1492 4735 ubi
1526 4684 1638 4754 agit
1666 4685 1734 4741 de
1775 4671 1905 4744 scri-

276 4756 404 4826 ptis
450 4755 702 4812 Nicolai
732 4759 1033 4828 Cabasilar,
1069 4764 1174 4818 Nili
1209 4783 1273 4822 ex
1326 4770 1584 4838 praefecto
1641 4776 1903 4833 Constan-

276 4848 708 4917 tinopolitano
768 4853 1042 4908 monacho
1100 4854 1446 4912 Enchiridion
1501 4866 1898 4931 pmnitentiale.

272 4937 494 5008 Incipit
556 4955 576 4992 :
655 4939 727 4990 '0
789 4942 1056 5007 ἑκουσίως
1114 4949 1381 5014 φονεύσας
1433 4952 1544 5022 ἔχει
1603 4958 1896 5029 ἐπιτίμιον.

269 5029 510 5086 Desinit
547 5049 564 5084 :
613 5031 1034 5099 Περιπίπτουσι
1061 5037 1524 5110 πλημμελήματα.
1553 5045 1900 5120 Horologium

267 5124 707 5176 monasticam.
745 5121 936 5192 Incipit
965 5145 978 5179 :
1021 5127 1191 5180 Ἐπὰν
1217 5131 1466 5194 παιδείας
1493 5135 1543 5186 οἱ
1579 5137 1724 5205 ἆγιοι
1753 5146 1903 5210 γεγό-

265 5234 423 5270 νασι.
466 5213 733 5270 Desinit.
769 5227 782 5262 :
826 5214 987 5269 Ἀλλὰ
1027 5219 1120 5271 καὶ
1149 5219 1268 5272 λίαν
1307 5221 1665 5291 ἐνοχλεῖσθαι.
1700 5229 1899 5287 Instru-

259 5307 376 5360 ctio
415 5302 909 5395 monastica‘boc
948 5308 1217 5395 principio
1245 5321 1436 5365 exorta
1474 5330 1487 5366 :
1524 5317 1634 5371 Ποῦ
1665 5324 1792 5385 τοὺς
1823 5327 1897 5395 μὴ

259 5399 517 5462 εἰδότας.
561 5391 857 5450 Desinit:
891 5394 1009 5447 Κᾶν
1048 5396 1238 5465 ὕμνοις
1276 5401 1369 5453 καὶ
1406 5403 1589 5469 αὐτοῖς
1615 5391 1899 5478 ἀναγκαῖοέ

257 5497 393 5549 εισι,
429 5494 503 5547 Ει
539 5506 692 5562 pag.
743 5486 876 5549 101,
911 5503 1030 5552 cap.
1071 5493 1180 5560 55,
1242 5495 1297 5550 in
1346 5497 1468 5551 cod.
1521 5497 1689 5572 Regio
1740 5507 1897 5564 l788.

259 5585 360 5642 list
397 5586 564 5640 edita
611 5585 792 5636 inter
824 5575 1115 5646 Epistolas.

327 5676 450 5732 Sed
492 5677 684 5738 longe
740 5671 1024 5731 longeque.
1065 5675 1320 5739 plurima,
1351 5685 1402 5733 et
1426 5685 1700 5750 permulto
1733 5689 1890 5741 etiam

2024 427 2257 480 clariora
2296 434 2593 496 supersitnt
2628 425 2832 478 edenda
2888 425 3049 494 hujus
3099 425 3441 480 sanctissimi
3478 427 3580 479 viri

2020 519 2327 586 opuscula.
2386 533 2506 586 qua:
2561 517 2691 568 faxit
2762 515 2938 578 Deus,
2994 526 3052 570 ttt
3105 515 3322 571 tandem
3379 515 3581 586 aliquo-

2024 622 2142 660 rum
2176 607 2360 660 studio
2403 615 2457 660 et
2505 604 2785 674 diligentia
2835 605 2887 657 in
2938 605 3111 659 lucem
3167 604 3416 668 veniant,
3461 620 3582 673 quae

2024 698 2125 751 hac
2188 695 2436 764 subjecta
2501 697 2724 749 notione
2779 702 2976 749 testata
3039 694 3096 748 in
3158 709 3322 749 omne
3367 703 3580 764 tempus

2025 789 2264 842 venient.

2098 877 2279 943 Duas,
2334 894 2471 948 quas
2536 890 2844 948 postremas
2875 904 2882 911 ·
2913 881 3148 933 Vidimus
3196 878 3456 948 epistolas
3513 882 3578 932 ad

2023 969 2402 1032 Heliodorum,
2436 979 2490 1024 et
2515 969 2988 1041 Olytnpiodorum,
3021 971 3074 1022 itt
3109 971 3334 1039 septima
3371 972 3580 1040 synodo

2021 1060 2281 1130 generali,
2331 1068 2436 1114 act.
2471 1061 2522 1124 4,
2555 1064 2631 1113 uti
2662 1059 2768 1113 Nili
2797 1074 3091 1128 germanus
3139 1067 3328 1128 partus
3373 1061 3578 1130 scripto

2016 1151 2244 1209 redditte
2275 1160 2442 1214 sunt,
2498 1151 2564 1205 ad
2609 1166 2798 1205 eorum
2848 1165 3090 1204 errorem
3145 1152 3572 1218 reprimendum,

2014 1244 2114 1314 qui
2155 1243 2476 1297 asserebant
2506 1241 2685 1296 Nilum
2717 1250 2910 1298 contra
2959 1241 3223 1312 imagines
3266 1243 3574 1312 scripsisse.

2015 1335 2086 1389 Et
2117 1342 2442 1402 postremam
2484 1334 2548 1386 ad
2596 1332 3046 1403 Olympiodorutn
3073 1371 3088 1395 .
3125 1333 3193 1387 ab
3241 1333 3448 1388 eisdem
3487 1335 3554 1389 de

2014 1432 2304 1494 pravatum
2363 1423 2535 1478 fuisse
2582 1423 2997 1477 corroboratur.
3046 1421 3155 1491 lpsi
3202 1423 3347 1476 enim
3383 1439 3482 1492 pro
3513 1440 3578 1478 eo

2013 1514 2163 1585 quod
2203 1513 2340 1567 dixit
2365 1514 2522 1569 Nilus
2553 1531 2565 1565 :
2602 1513 2742 1567 Hinc
2791 1525 2839 1568 et
2890 1513 3012 1567 inde
3044 1516 3219 1582 pinge.
3263 1513 3464 1566 Dealba
3491 1529 3577 1583 ρος

2013 1613 2266 1660 suerunt.
2300 1603 2366 1656 Et
2388 1620 2456 1660 ex
2486 1604 2702 1659 duabus
2723 1605 3092 1658 convincitur.
3129 1603 3267 1658 Ecce
3295 1613 3575 1658 ostensum

2013 1705 2098 1750 est
2157 1695 2398 1764 liquido,
2438 1696 2566 1765 quia
2599 1697 2717 1766 ipse
2755 1705 2982 1750 sanctus
3007 1735 3022 1756 .
3057 1705 3112 1748 et
3145 1695 3398 1764 egregius
3425 1703 3577 1764 pater

2013 1789 2174 1844 Nilus
2226 1797 2451 1844 sanctas
2507 1789 2697 1842 icones
2753 1788 3087 1858 suscipiebat
3122 1804 3140 1839 :
3171 1793 3460 1840 accusatus
3491 1795 3575 1838 cst

2016 1889 2198 1932 autem
2243 1893 2272 1930 a
2303 1878 2726 1949 pseudosyllogo
2774 1879 2866 1932 illo
2892 1918 2906 1941 ,
2963 1879 3106 1948 quod
3161 1887 3348 1930 contra
3389 1875 3574 1928 icones

2015 1968 2235 2022 locutus
2266 1965 2449 2021 fuerit.

2084 2057 2272 2112 Tract.
2316 2057 2438 2109 Ὀτι
2483 2057 2796 2128 διαφέρουσι
2853 2058 2960 2110 τῶν
3013 2059 3072 2110 ἐν
3117 2057 3338 2110 πόλεσιν
3377 2057 3570 2110 ἀσκουο

2017 2148 2190 2217 μένων
2227 2147 2281 2198 οῖ
2318 2147 2376 2200 ἐν
2407 2146 2598 2216 ἐρήμῳ
2626 2149 2991 2217 ἡσυχάζοντες
3015 2187 3029 2210 ,
3081 2147 3184 2200 κᾶν
3214 2145 3430 2207 πολλοῖς
3458 2146 3569 2198 τῶν

2013 2237 2257 2307 ἀπείρων
2302 2238 2362 2289 τὸ
2402 2237 2642 2290 ἐναντίον
2681 2237 2812 2306 δοκῇ
2843 2255 2857 2268 ·
2900 2238 3004 2303 Qui
3038 2238 3093 2290 in
3139 2237 3326 2290 eremi;
3359 2239 3570 2304 acquie-

2013 2338 2202 2394 seunt,
2245 2329 2410 2382 multo
2451 2329 2566 2384 illis
2613 2345 2726 2382 esse
2763 2330 3160 2394 praestantiore:
3184 2369 3198 2393 ,
3240 2329 3330 2398 qui
3361 2329 3414 2381 in
3446 2329 3572 2380 ciri-

2015 2421 2210 2475 tatibue
2243 2421 2563 2484 recoluntur,
2599 2422 2719 2477 licet
2751 2421 2906 2476 multi
2950 2422 3218 2491 inexperti
3243 2421 3571 2474 contrarium

2015 2523 2259 2578 teneant,
2293 2513 2354 2566 P.
2391 2513 2597 2583 Τέχνης
2635 2514 2734 2584 μὲν
2780 2514 3000 2586 ἀπάσης
3047 2513 3119 2567 τὰ
3165 2513 3399 2583 τεχνητὰ
3452 2508 3571 2584 κρί·

2011 2621 2212 2669 νοντες,
2245 2605 2478 2675 ἄπειροι.
2955 2613 2962 2626 ⁸

2082 2697 2218 2766 Περὶ
2270 2695 2653 2766 ἀκτημοσύνης
2702 2697 2848 2766 πρὸς
2883 2697 3102 2764 Μάγνον
3152 2696 3397 2750 διάκονον
3443 2698 3569 2763 ’Λγ-

2012 2787 2205 2857 κύρας.
2269 2785 2347 2839 Ita
2408 2787 2596 2857 legunt
2649 2788 2896 2841 nonnulli
2933 2787 3166 2842 codices.
3226 2788 3333 2840 Alii
3387 2789 3571 2857 legunt

2012 2877 2151 2945 Πρὸς
2182 2878 2409 2944 Μάγναν
2433 2893 2448 2906 ο
2485 2877 2578 2931 alii
2611 2878 2746 2947 πρὸς
2793 2879 3146 2947 Μαγνησίλαν
3182 2878 3275 2932 τὸν
3317 2878 3558 2932 διάκονον

2025 2965 2317 3038 Ἀγκύρας.
2349 2967 2494 3031 Alii,
2527 2967 2726 3036 Πρώην
2758 2967 2856 3036 μὲν
2885 2969 3018 3036 πρὸς
3059 2971 3183 3032 τοὺς
3212 2969 3570 3039 ἀμελέστερον

2015 3056 2296 3124 μετιόντας
2345 3055 2437 3108 τὸν
2479 3056 2763 3124 μοναδικὸν
2819 3057 2950 3125 βίον.
2988 3056 3062 3111 De
3096 3059 3198 3112 ltoc
3227 3058 3416 3128 Magna
3463 3060 3571 3112 dia-

2009 3161 2150 3201 cono
2182 3145 2304 3199 vide
2341 3145 2641 3199 Palladium
2679 3147 2732 3198 in
2767 3147 3048 3204 Lausiacis
3081 3168 3093 3202 :
3131 3150 3394 3216 Ἀσκητοῦ
3429 3168 3568 3219 παρ-

2009 3236 2234 3299 αίνεσις.
2275 3233 2339 3292 Ρ.
2369 3235 2523 3290 Mitis
2548 3234 2614 3288 σὺ
2643 3237 2670 3287 ὁ
2705 3236 2950 3305 μονάξων
2998 3223 3093 3292 καὶ
3135 3240 3326 3302 πιστὸς
3356 3241 3567 3310 ἀνθρω-

2007 3345 2126 3391 nec.

2077 3418 2251 3485 Λόγος
2318 3417 2617 3488 ἀσκητικὸς
2660 3418 2799 3487 περὶ.
2833 3419 2930 3486 τῆς
2983 3420 3040 3472 ἐν
3090 3420 3306 3490 Χριστῷ
3356 3422 3564 3487 φιλοσο-

2008 3507 2155 3573 φίας.
2187 3506 2246 3559 Ρ.
2285 3507 2598 3575 Φιλοσοφεῖν
2628 3506 2995 3577 ἐπετήδευσαν
3041 3507 3138 3577 μὲν
3168 3509 3260 3562 καὶ
3302 3508 3566 3577 Ἑλλήνων

2007 3596 2212 3652 πολλοί.

2077 3689 2217 3760 Πρὸς
2254 3690 2548 3759 νεωτέρους
2595 3690 2860 3760 μοναχοὺς
2890 3690 3224 3745 διδασκαλία.
3263 3690 3322 3744 Ρ.
3353 3693 3442 3743 Δεῖ
3479 3692 3566 3742 τὸν

2007 3779 2126 3832 νέον
2153 3781 2340 3833 ἀσκεῖν
2373 3779 2624 3850 σώματος
2650 3783 2902 3852 ἡσυχίαν.

2077 3871 2362 3940 Κεφάλαια
2395 3873 2650 3942 διάφορα.
2697 3872 2757 3926 Ρ.
2804 3874 2942 3927 Ἀλλ’
2985 3876 3161 3945 ὑμᾶς,
3198 3869 3243 3926 ὦ
3289 3876 3568 3943 μακαριώ-

2005 3980 2176 4025 τατοι,
2217 3964 2352 4031 μετά
2391 3963 2500 4016 τῶν
2531 3964 2728 4019 ἀλλων.

2078 4056 2222 4125 Πρὸς
2271 4053 2552 4123 Εύλόγιον.
2603 4055 2664 4109 Ρ.
2713 4058 2774 4109 Oi
2819 4058 2909 4109 τὸν
2957 4058 3204 4126 οὐράνιον
3237 4057 3409 4130 χῶρον
3457 4063 3564 4121 τοῖς

2006 4145 2186 4206 πόνοις
2219 4146 2528 4216 νεμόμενοι.

2075 4235 2221 4307 Πρὸς
2264 4239 2515 4304 Ἀγάθιον
2570 4237 2890 4306 μονάζοντα.
2932 4237 2993 4294 Ρ.
3033 4240 3194 4302 ἘΘος
3246 4240 3420 4309 ἔχοντί
3472 4262 3560 4309 μοι

2003 4328 2075 4383 τὰ
2111 4328 2280 4380 πολλά
2311 4329 2410 4391 τὰς
2441 4329 2703 4398 ἀκαίρους
2728 4328 2834 4381 τῶν
2877 4331 3160 4402 Ἑλλήνων.

2089 4425 2375 4492 Ἐπιστολὴ
2405 4424 2602 4493 ἔχουσα
2634 4425 2925 4492 κεφάλαια.
2952 4424 3012 4480 Ρ.
3060 4426 3115 4478 Ἐ
3127 4427 3185 4478 ἄν
3222 4427 3410 4497 μηδεὶς
3440 4427 3563 4480 διώ-

2006 4533 2092 4567 κει
2132 4533 2192 4568 σε
2217 4516 2475 4586 τύραννος
2509 4516 2729 4585 Ἕλλην.
2770 4518 2910 4572 Sunt
2938 4526 3154 4574 attente
3188 4520 3253 4573 ad
3292 4520 3428 4576 alias
3451 4523 3563 4590 epi-

2007 4607 2197 4670 stolas,
2229 4623 2366 4676 quas
2393 4607 2504 4674 jam
2533 4606 2700 4660 edidi.

2081 4697 2214 4766 Περὶ
2247 4697 2575 4767 προσευχῆς.
2616 4696 2678 4750 Ρ.
2711 4697 2875 4760 Τέλος
2910 4697 3098 4752 πασῶν
3138 4699 3365 4751 ἐντολῶν
3409 4716 3567 4767 προσ-

2006 4791 2162 4859 ευχή.

2077 4877 2298 4947 Γνῶμαι
2345 4878 2654 4944 ἀπάγουσαι
2691 4878 2800 4930 τῶν
2851 4877 3104 4949 φθαρτῶν
3157 4879 3249 4929 καὶ
3300 4881 3565 4947 προσκολ-

2005 4967 2177 5020 λῶσαι
2211 4969 2323 5027 τοῖς
2351 4967 2649 5036 ἀφθάρτοις
2684 4970 2771 5021 τὸν
2799 4971 3098 5039 ἄνθρωπον.
3135 4967 3418 5037 Ιςειρέιλαια
3446 4979 3538 5023 σιε¹

2005 5059 2064 5112 Ρ.
2118 5059 2268 5122 Ὁδὸς
2298 5059 2377 5120 εἰς
2409 5059 2612 5129 ἀρετὴν
2642 5061 2674 5129 ἡ
2707 5058 2799 5112 τοῦ
2831 5060 2946 5128 βίου
2975 5064 3142 5128 φυγή.

2077 5150 2288 5203 Ἀλλαι.
2322 5147 2383 5204 Ρ.
2412 5150 2578 5202 Φόϐον
2606 5150 2695 5219 ἔχε
2732 5150 2868 5201 Θεοῦ
2908 5151 3001 5202 καὶ
3031 5149 3211 5202 πόθον.

2071 5241 2379 5308 Κεφάλαια.
2414 5240 2472 5293 Ρ.
2527 5241 2649 5293 Ἐἀν
2688 5241 2975 5310 ὼφελήσῃς
3003 5241 3162 5293 τινά.

2083 5330 2407 5400 Ἀσκητικά.
2441 5329 2498 5384 Ρ.
2528 5333 2591 5382 Oi
2618 5331 2726 5400 γὰρ
2762 5329 3126 5401 μετριώτερον
3156 5332 3246 5384 ἐπὶ
3279 5334 3397 5395 ταῖς
3427 5352 3565 5404 συμ-

2002 5425 2195 5492 φοραῖς
2225 5421 2563 5491 ἀτυχοῦντες.

2071 5514 2360 5582 Κεφάλαια
2386 5512 2638 5580 νηπτικά.
2673 5511 2730 5564 Ρ.
2767 5511 2947 5562 Πάντα
2982 5513 3079 5582 μὲν
3103 5517 3204 5586 ὁρᾷ
3232 5519 3259 5567 ό
3284 5515 3433 5576 Θεός,

2072 5601 2210 5673 Περὶ
2244 5601 2504 5670 ἐργασίας
2528 5601 2662 5660 νοός.
2690 5600 2748 5651 Ρ.
2783 5598 2892 5666 Τὴν
2927 5602 3096 5673 ἀρχὴν
3125 5607 3220 5674 τῆς
3253 5604 3392 5655 κατὰ
3433 5608 3573 5661 idem

2005 5693 2267 5759 ιῗιφε).είας
2304 5691 2564 5742 ποιεῖσθαι
2595 5691 2806 5758 ἔχομεν.
