3984 6150
445 281 508 348 51

514 401 580 456 Et
627 401 736 456 alia
785 401 1118 469 minutiora,
1175 403 1401 473 ῥήσεις,
1455 400 1550 455 καὶ
1595 402 1818 471 χρήσεις
1857 402 2001 470 apud

446 494 627 549 varios
682 502 975 557 auctores,
1008 507 1144 562 quas
1175 493 1431 562 colligere
1489 492 1697 562 poteris
1743 507 1808 546 ea:
1853 493 2006 545 rebus

446 585 614 640 sacris
648 584 896 648 Leontii,
932 592 985 638 et
1017 583 1247 638 Joannis
1282 584 1724 654 presbyterorum
1765 598 1829 636 ex
1857 583 2005 636 Ana-

445 677 618 732 stasio
645 675 872 737 Sinaita,
905 688 969 730 es
1001 673 1166 728 variis
1207 672 1622 742 quaestionibus,
1653 687 1720 726 ex
1766 670 2004 725 Melissa.

515 767 782 822 Locorum
808 780 977 821 sacrze
1003 765 1305 833 Scriptura:
1329 764 1801 832 interpretationes
1828 762 2009 816 varias

445 873 509 912 es
540 858 755 912 Catenis
791 857 842 910 in
887 855 1224 910 Exaemeron
1247 893 1262 917 ,
1305 854 1359 908 in
1391 853 1866 908 Deuteronomium
1887 890 1902 916 ,
1955 851 2008 904 in

447 947 662 1014 Jobum,
699 947 752 1001 in
794 946 1063 1010 Psalmos,
1118 945 1170 999 in
1203 945 1427 1000 Cantica
1476 946 1816 1000 canticorum
1865 944 2010 1013 apud

448 1039 794 1107 Proc0pium,
839 1038 892 1091 in
934 1035 1306 1106 Evangelium,
1348 1043 1401 1090 et
1437 1035 1663 1102 Lucam,
1705 1043 1759 1090 et
1786 1034 2011 1104 potissi-

449 1143 591 1180 mum
628 1129 681 1181 in
715 1141 779 1181 ea
805 1166 820 1191 ,
864 1141 985 1195 qua:
1024 1135 1107 1180 est
1144 1132 1398 1180 contexta
1435 1141 1464 1177 a
1498 1123 1734 1178 Macario
1775 1125 2013 1194 Chryso-

449 1219 676 1288 ccpltalo
727 1217 986 1287 episcopo
1023 1215 1430 1285 Philadelphia,
1461 1223 1516 1271 et
1553 1215 1740 1271 Niccta
1778 1215 2013 1269 diacono

447 1309 652 1379 Magna!
684 1309 965 1362 Ecclesiae.

522 1399 796 1453 Praeterea
827 1399 984 1468 plura
1009 1398 1250 1466 ejusdem
1279 1399 1430 1469 legas
1456 1398 1508 1452 in
1532 1397 1761 1453 Joannis
1784 1396 2014 1452 Climaci

453 1488 638 1553 Scala,
687 1489 741 1542 in
781 1489 980 1560 Eeloga
1028 1488 1249 1545 Patrum
1289 1489 1421 1560 περὶ
1456 1489 1668 1562 νήψεως
1701 1489 1798 1544 καὶ
1844 1505 2013 1561 προσ-

452 1577 760 1647 οχῆςἹιιιετ
794 1578 931 1632 alios
984 1587 1321 1634 memoratur
1364 1579 1526 1634 etiam
1573 1579 1726 1634 Nilus
1771 1594 1836 1632 ex
1884 1577 2016 1647 Epi-

453 1663 633 1730 stolis,
673 1663 726 1717 in
773 1664 954 1720 dubiis
982 1673 1036 1720 et
1079 1667 1448 1721 solutionibus
1477 1668 1545 1722 de
1583 1668 1749 1721 variis
1781 1666 2016 1722 Theolo-

453 1751 592 1820 gicis
618 1751 1013 1820 quaestionibus
1044 1768 1110 1808 ex
1151 1755 1357 1810 sanctis
1392 1754 1668 1810 Patribus.
1704 1756 1764 1810 In
1798 1755 2015 1825 Eclogis

455 1843 732 1912 parallelis
755 1841 986 1899 Joannis
1019 1843 1367 1922 Damasceni,
1399 1844 1549 1900 addit
1593 1844 1863 1900 Labbaaus
1892 1859 2014 1915 pag.

456 1932 564 1987 285
584 1951 597 1986 ε
621 1928 756 1986 Cum
782 1933 925 1986 dicta
955 1929 1180 1986 Patrum
1220 1935 1531 1998 laudantur,
1561 1935 1722 1988 etiam
1751 1933 2021 1988 sententiae

461 2022 581 2077 Nili
602 2039 757 2077 suum
779 2023 951 2078 locum
982 2023 1193 2078 habent.
1225 2023 1290 2077 Et
1320 2025 1700 2080 Bonaventura
1723 2013 2022 2079 VulCanius

461 2114 529 2167 ad
568 2116 824 2169 lectorem
883 2116 938 2169 in
996 2114 1103 2170 Nili
1158 2114 1667 2173 Thessalonicensis
1727 2125 2023 2171 tractatum

459 2204 538 2261 De
565 2208 801 2275 primatu
845 2221 1014 2276 papae.
1044 2235 1112 2248 -—
1148 2204 1216 2260 In
1247 2204 1506 2278 Catalogo
1557 2208 1879 2266 bibliotheca
1916 2207 2025 2265 Pa-

463 2297 714 2352 triareha
740 2296 1336 2368 Constantinopolitani,
1366 2298 1604 2355 citantur
1634 2300 1754 2356 Nili
1778 2301 2025 2357 monachi

464 2388 730 2443 orationes
761 2387 937 2444 decem
963 2401 1153 2445 contra
1186 2389 1486 2445 Mahomed.

532 2479 594 2534 In
628 2478 865 2550 Philippi
895 2478 1138 2535 Solitarii
1171 2480 1391 2550 Dioptra
1437 2479 1729 2536 Latinitate
1769 2481 1972 2537 donata
1997 2497 2028 2536 a

464 2566 670 2625 Iacobo
690 2568 965 2634 Pontsno,
987 2578 1042 2625 et
1057 2569 1371 2643 lngolstadii
1397 2571 1684 2641 impressa,
1701 2586 1845 2626 anno
1867 2571 2027 2638 1604,

466 2659 612 2724 ἰη-ι,
637 2660 779 2714 inter
797 2659 936 2717 alios
957 2659 1148 2719 Patres
1171 2661 1436 2717 adductos
1455 2663 1634 2716 locum
1657 2678 1816 2718 suum
1841 2662 2030 2730 habet,

465 2759 524 2806 et
557 2748 736 2807 Nilus.
1363 2739 1366 2743 ’

539 2841 785 2897 Tandem
810 2839 971 2898 Nilus
1007 2842 1126 2913 ipse
1155 2841 1251 2898 lib.
1283 2858 1406 2908 sm,
1443 2843 1603 2913 epist.
1635 2844 1722 2911 ll,
1752 2843 1834 2899 Ad
1863 2843 2031 2916 Poly-

472 2933 750 2989 shroniunt
773 2932 1056 2987 diaconum
1101 2931 1271 2988 refert
1295 2948 1376 2997 se,
1409 2932 1804 3005 coelﬂagitante
1832 2934 2032 2990 librum

471 3025 612 3081 satis
641 3025 880 3095 amplum
911 3023 1045 3096 ξεερὶ
1079 3024 1480 3088 κατανύξεως,
1534 3023 1608 3078 De
1637 3027 2036 3094 compunctione

473 3115 858 3170 concinnasse.
887 3111 1010 3168 Non
1036 3113 1241 3169 dolebit
1263 3114 1413 3168 cordi
1438 3128 1560 3168 meo
1585 3114 1828 3184 epistolae
1854 3116 2033 3180 lectio,

475 3205 525 3262 si
560 3207 697 3260 bene
731 3205 883 3276 prius
916 3213 1274 3275 expurgatus,
1301 3206 1578 3275 rebusque
1607 3207 1902 3262 mundanis
1943 3223 2038 3263 su-

478 3297 664 3368 perior
694 3295 872 3352 factus
899 3312 982 3352 es.
1017 3297 1198 3363 Quare
1228 3297 1317 3351 hic
1345 3311 1468 3352 eam
1497 3296 1598 3350 tibi
1627 3296 1768 3352 dabo
1796 3313 1810 3350 :
1841 3298 2040 3353 Μακα-

478 3387 616 3461 ρίζω
653 3406 714 3443 σε
745 3390 844 3460 τῆς
876 3389 1013 3461 πρὸς
1035 3389 1170 3443 Θεὸν
1199 3387 1406 3458 φιλίας,
1459 3389 1554 3441 καὶ
1583 3387 1678 3440 τοῦ
1715 3386 1915 3457 ἔρωτος
1944 3385 2039 3441 τοῦ

478 3479 757 3550 ἀφθάρτου
799 3481 896 3533 καὶ
930 3479 1223 3550 οὐρανίων
1252 3478 1443 3532 καθότι
1473 3477 1602 3541 τοὺς
1639 3479 1769 3548 περὶ
1803 3478 2040 3532 κατανύ-

482 3569 616 3634 ξεως
640 3569 819 3640 ψυχῆς
856 3571 1103 3631 ἀπαιτεῖς
1132 3570 1280 3638 ἡμᾶς
1311 3568 1524 3636 λόγους.
1568 3569 1800 3638 Σημεῖον
1837 3568 1896 3621 δέ
1929 3568 2044 3622 ἐστί

482 3678 536 3714 τι
574 3661 816 3715 τοιοῦτον
847 3662 1055 3731 αἴτημα
1091 3661 1192 3730 τῆς
1236 3661 1295 3714 ἐν
1341 3661 1490 3730 ψυχῇ
1531 3658 1900 3730 καθαρότητος
1928 3675 1944 3690 θ
1981 3661 2043 3712 οὐ

493 3753 604 3824 γάρ
618 3754 736 3823 ἐστι
751 3752 997 3816 δυνατὸν,
1016 3753 1090 3822 μὴ
1115 3751 1380 3822 πρότερον
1409 3748 1819 3818 ὲκκαθαρθέντα
1843 3748 2042 3813 καλῶς,

455 3880 458 3884 η
483 3846 580 3899 καὶ
613 3843 723 3898 τῶν
751 3842 1016 3914 βιωτικῶν
1051 3843 1303 3896 ἁπάντων
1329 3841 1596 3912 ἀνώτερον
1620 3840 1930 3909 γενόμενον,
1961 3842 2042 3902 εἰς

483 3935 690 4006 ταύτην
722 3936 831 3990 τῶν
863 3935 1037 4004 λόγων
1069 3934 1167 4005 τὴν
1203 3933 1497 4002 ἐπιθυμίαν
1525 3931 1720 3985 ἐλθεῖν.
1756 3931 1866 3987 Καὶ
1893 3930 2048 3984 τοῦτο

490 4027 672 4098 ῥᾴδιον
706 4026 938 4080 συνιδεῖν
965 4027 1030 4078 ὲκ
1066 4023 1174 4078 τῶν
1200 4023 1298 4078 καὶ
1327 4021 1463 4094 πρὸς
1497 4021 1675 4089 ὀλίγον
1715 4021 1888 4090 τούτῳ
1926 4037 2052 4073 κατ-

495 4117 766 4188 εχομένων
802 4115 882 4188 τῷ
931 4115 1094 4188 ἔρωτι
1121 4129 1136 4144 ⁸
1175 4115 1226 4168 οἳ
1275 4113 1546 4185 τοσαύτην
1573 4112 1771 4184 ἁθρόον
1806 4111 2050 4182 δέχονται

489 4207 587 4278 τὴν
616 4206 938 4278 μεταϐολὴν,
967 4205 1041 4269 ὡς
1057 4205 1255 4268 εὐθέως
1290 4203 1426 4274 πρὸς
1446 4203 1673 4276 οὐρανὸν
1697 4204 2052 4272 μεταστῆναι,

491 4300 585 4353 καὶ
628 4299 998 4369 αἱθεροϐατεῖν
1046 4298 1116 4366 τῇ
1159 4295 1410 4365 μακαρίᾳ
1446 4293 1659 4364 γνώμῃ.
1701 4293 1864 4347 Ὅθεν
1917 4309 2052 4362 προ-

491 4390 678 4461 θύμως
717 4388 828 4458 ἐγὼ
855 4388 1145 4456 δεξάμενος
1170 4387 1232 4439 τὸ
1265 4387 1544 4455 ἐπίταγμα
1569 4385 1668 4454 τῆς
1694 4385 1794 4454 σῆς
1829 4384 2057 4454 εἰλικρι-

493 4480 616 4545 ναῖς
661 4480 884 4549 ἀγάπης
905 4519 920 4542 ,
978 4477 1180 4547 βιϐλίον
1216 4475 1511 4544 ὁλόκληρον
1542 4473 1670 4544 περὶ
1709 4471 2054 4537 κατανύξεως

506 4570 771 4636 συντάξας
820 4568 1138 4623 ἀπέσταλκα
1193 4567 1321 4637 ὑμῖν
1370 4584 1429 4620 τε
1482 4565 1578 4619 καὶ
1626 4567 1737 4628 τοῖς
1783 4565 1879 4617 σὺν
1931 4565 2059 4634 ὑμῖν

495 4663 835 4735 διατρίϐουσι
863 4660 1038 4729 φίλοις
1067 4659 1365 4724 θεοσεόἐσι,
1388 4657 1651 4713 δυσωπῶν
1684 4657 1778 4711 καὶ
1809 4672 2061 4727 παρακα-

1683 287 1988 349 ΝΟΤΙΤῙΑ
2022 287 2105 347 ΙΝ
2137 288 2199 350 S.
2238 290 2516 357 NILUM.

3607 288 3676 354 52

2105 401 2390 456 interuallo
2415 405 2679 473 ejusmodi
2719 419 2896 459 amore
2922 405 3305 475 corripiuntur,
3341 406 3499 476 facile
3530 402 3702 464 com-vi

2106 493 2352 559 prehendi
2384 503 2595 562 potest,
2645 512 2764 550 cum
2814 496 2959 550 illico
3005 505 3212 551 tantam
3257 498 3678 554 immutationem

2110 577 2433 640 admittant,
2475 593 2534 634 ut
2562 583 2744 635 statim
2800 584 2854 636 in
2903 583 3090 638 calum
3134 587 3576 655 transuehantur,
3629 600 3680 643 et

2109 665 2264 721 beata
2291 679 2461 724 mente
2503 673 2820 742 gradiantur
2864 675 2918 727 in
2962 675 3170 729 aethere.
3201 676 3338 730 Hinc
3377 677 3480 744 ipsi
3527 680 3677 732 auide

2110 761 2332 814 sincera:
2362 773 2470 814 tute
2523 763 2770 817 dictionis
2811 764 3086 831 imperium
3140 766 3433 832 arripiens,
3479 767 3675 822 librum

2111 849 2374 920 integrum
2405 852 2468 904 de
2509 853 2904 919 compunctionc
2933 854 3304 907 concinnatum
3343 855 3507 919 nobis,
3541 858 3682 912 illis-

2111 955 2230 1008 que,
2279 941 2371 1009 qui
2420 957 2526 994 una
2577 957 2696 994 cum
2747 941 2888 996 vobis
2928 955 3346 1009 commorantur,
3398 946 3465 999 iis
3491 948 3681 1000 amicis

2114 1033 2409 1098 transmisi,
2444 1034 2701 1087 instanter
2730 1045 2932 1099 petens,
2965 1051 3256 1106 rogansque
3283 1053 3392 1099 uos,
3422 1039 3513 1107 qui
3540 1039 3683 1105 apud

2112 1122 2280 1178 Deum
2324 1125 2382 1178 in
2427 1125 2610 1196 aliqua
2656 1127 2780 1179 estis
2825 1127 3179 1191 auctoritate,
3229 1129 3398 1182 sacris
3441 1129 3683 1196 precibus

2111 1213 2402 1268 mercedem
2441 1219 2739 1284 rependere.
2773 1215 3000 1271 Potestis
3029 1217 3166 1271 enim
3187 1255 3203 1282 ,
3233 1217 3372 1287 quod
3403 1217 3529 1272 bene
3558 1218 3709 1283 noni,

2111 1307 2317 1359 Numen
2343 1305 2495 1360 nobis
2534 1307 2820 1374 propitium
2849 1305 3082 1361 reddere.

2184 1393 2252 1447 Et
2281 1394 2352 1448 de
2383 1395 2611 1464 scriptis
2637 1395 2867 1464 hujusce
2894 1396 2998 1450 viri
3028 1405 3290 1463 praeterea
3313 1394 3528 1458 addam,
3559 1409 3686 1464 quae

2112 1483 2456 1552 Nicephorus
2503 1484 2804 1540 Historiar.
2853 1485 2946 1541 lib.
2981 1502 3096 1550 xw,
3133 1501 3258 1556 cap.
3313 1487 3404 1554 54,
3436 1486 3630 1542 scribit
3667 1503 3682 1540 :

2118 1573 2364 1645 Ἀριστοι
2385 1574 2442 1627 δὲ
2462 1575 2626 1628 αὐτοῦ
2647 1576 2742 1628 καὶ
2765 1576 2946 1647 ἕτεροι
2962 1576 3112 1646 λόγοι
3141 1577 3488 1649 πεποίηνται,
3519 1595 3686 1631 πνευ-

2119 1666 2356 1735 ματικῆς
2388 1667 2488 1721 οὐκ
2519 1668 2737 1737 ἄμοιροι
2769 1667 2990 1738 χάριτος
3009 1685 3023 1699 ·
3071 1664 3147 1722 ὧν
3177 1665 3332 1740 οἶμαι
3370 1669 3589 1723 πάντων
3615 1668 3687 1722 τὰ

2117 1755 2310 1826 πρῶτα
2350 1757 2607 1826 φέρεσθαι
2643 1757 2702 1810 ὃν
2749 1759 2886 1829 πρὸς
2911 1759 3181 1828 Ἕλληνας
3216 1760 3508 1830 ἐπιγράφει
3531 1799 3547 1825 ,
3589 1761 3687 1814 καὶ

2123 1844 2192 1898 τὰ
2225 1846 2363 1916 πρὸς
2401 1846 2680 1914 Εὐλόγιον.
2733 1848 3016 1916 Κεφάλαια
3064 1849 3123 1902 δὲ
3176 1849 3497 1916 συντάττει,
3548 1849 3686 1902 ἄλλα

2121 1937 2220 2008 μὲν
2242 1939 2321 2001 εἰς
2341 1937 2541 2000 πλάτος
2564 1939 2882 2009 ἡπλωμένα,
2903 1941 3071 1994 πολλὰ
3089 1943 3147 1996 δὲ
3165 1940 3468 2010 συντεμὼν,
3491 1939 3688 1994 εὐσύν-

2117 2042 2280 2079 οπτον
2329 2021 2440 2081 οἷον
2490 2027 2587 2079 καὶ
2624 2029 2914 2101 πρόχειρον
2969 2032 3063 2084 τὸν
3115 2031 3488 2101 πνευματικὸν
3543 2048 3680 2100 καρ-

2117 2118 2220 2172 πὸν
2253 2157 2268 2182 ,
2327 2114 2439 2174 οἷόν
2488 2137 2544 2174 τι
2591 2121 2792 2192 νέκταρ
2834 2121 2867 2192 ἢ
2917 2122 3223 2192 ἀμϐροσίαν
3276 2122 3640 2196 προϐάλλεται
3666 2137 3686 2155 ο

2119 2208 2272 2266 Alios
2313 2210 2440 2267 item
2476 2210 2640 2268 libras
2669 2213 2918 2283 optimos,
2961 2213 3127 2269 edidit
3168 2213 3466 2284 spiritualis
3498 2214 3690 2284 gratia:

2121 2317 2229 2356 non
2275 2311 2530 2370 expertes.
2568 2302 2721 2358 Inter
2777 2321 2906 2374 quos
2955 2307 3158 2372 primas
3201 2321 3322 2359 eum
3365 2306 3504 2373 ferre
3536 2313 3688 2373 puto,

2123 2405 2276 2458 quem
2311 2391 2564 2445 adversus
2609 2394 2825 2462 gentiles
2864 2395 3076 2462 scripsit
3101 2436 3117 2461 ,
3166 2405 3214 2450 et
3248 2411 3465 2450 rursum
3493 2397 3583 2464 qui
3621 2395 3690 2448 ab

2122 2495 2183 2533 eo
2211 2481 2281 2534 ad
2311 2480 2597 2551 Eulogium
2637 2485 2914 2552 compositi
2958 2493 3099 2539 sunt.
3137 2483 3330 2553 Capita
3371 2495 3548 2539 autem
3581 2486 3692 2538 col-

2126 2571 2281 2642 legit,
2327 2573 2510 2644 aliqua
2555 2574 2763 2645 quidem
2815 2575 3022 2644 fusius,
3063 2575 3233 2629 multa
3271 2575 3694 2645 compendiosius

2129 2672 2364 2718 tractata
2396 2679 2415 2717 :
2449 2665 2504 2717 in
2550 2664 2737 2734 quibus
2791 2667 3125 2734 spiritualem
3177 2667 3446 2736 fructum,
3479 2665 3695 2735 perinde

2129 2762 2285 2822 atque
2336 2762 2537 2816 nectar,
2585 2764 2678 2808 aut
2707 2755 3029 2810 ambrosiam
3071 2758 3333 2827 aliquam,
3366 2759 3536 2812 oculis
3565 2757 3693 2811 sub-

2120 2846 2341 2916 jectum,
2381 2848 2458 2901 ita
2487 2854 2547 2900 ut
2576 2847 2736 2917 facile
2765 2849 2964 2916 percipi
3003 2851 3203 2919 possit,
3237 2851 3533 2918 proposuit.

2199 2936 2346 2993 Inter
2378 2938 2582 3008 scripta
2657 2941 2831 2995 nostri
2863 2939 2994 3005 Nili,
3041 2942 3264 3010 quidam
3306 2941 3436 2995 illud
3477 2955 3700 3011 quoque

2130 3031 2388 3085 videntur
2445 3045 2749 3092 recensere,
2784 3031 2927 3098 quod
2975 3031 3076 3086 sub
3107 3032 3337 3099 Epicteti
3389 3031 3696 3102 phil050phi

2134 3121 2354 3177 nomine
2380 3121 2577 3190 saepius
2609 3121 2815 3174 editum
2841 3129 2959 3179 est,
3007 3122 3548 3191 praenominaturque
3589 3121 3701 3175 En-

2136 3213 2415 3277 chiridion,
2445 3220 2499 3265 et
2534 3224 2564 3264 a
2603 3211 2860 3281 plurimis
2912 3211 3250 3267 doctissimis
3294 3213 3450 3274 viris,
3498 3214 3703 3282 Angelo

2136 3304 2431 3364 Politiano,
2477 3299 2688 3356 Thoma
2739 3299 3070 3372 Nogiorgio,
3131 3301 3462 3372 Hieronymo
3503 3301 3706 3356 Wollio

2137 3396 2383 3454 eGraaco
2411 3395 2465 3448 in
2527 3391 2784 3448 Latinum
2838 3392 3272 3448 conversum'et
3327 3393 3528 3463 smpibs
3576 3409 3706 3462 pro-

2139 3489 2465 3557 mulgatum,
2500 3495 2555 3542 et
2586 3484 2806 3538 tandem
2838 3499 2963 3538 cum
3007 3484 3209 3539 Cebetis
3241 3484 3469 3554 Tabula,
3504 3493 3555 3538 et
3583 3485 3706 3538 aliis

2140 3593 2248 3630 una
2274 3592 2394 3628 cum
2433 3574 2558 3628 Vita
2603 3574 2942 3644 Pythagoras,
2991 3575 3265 3628 sententiis
3302 3573 3370 3626 ad
3397 3574 3712 3643 intelligibi—

2144 3668 2216 3721 lia
2239 3666 2570 3730 ducentibus,
2605 3673 2656 3720 et
2687 3675 2843 3738 antro
2873 3663 3263 3734 Nympharum,
3287 3663 3425 3734 quod
3453 3665 3508 3717 in
3539 3663 3710 3732 Odys-

2142 3773 2233 3810 sea
2281 3755 2618 3820 deseribitur,
2665 3756 2882 3817 studio,
2932 3763 2987 3809 et
3051 3755 3331 3824 diligentia
3379 3754 3710 3819 clarissimi,

2145 3849 2616 3917 eruditissimique
2674 3847 2832 3902 Lucae
2876 3846 3183 3911 Holstenii,
3227 3846 3592 3917 Cantabrigia:
3625 3854 3712 3916 ty-

2145 3939 2233 4008 pis
2289 3937 2582 3992 academiae
2642 3936 2906 4004 impensis
2970 3934 3201 3989 Joannis
3265 3934 3521 3998 Horden,
3569 3949 3717 3988 anno

2148 4026 2308 4090 l655,
2349 4026 2488 4079 ili—8.
2519 4024 2585 4078 Et
2610 4025 2737 4089 quia
2765 4023 3017 4077 Politiani
3056 4022 3294 4087 codices,
3334 4021 3539 4090 quibus
3569 4020 3714 4074 idem

2150 4118 2424 4186 interpres
2472 4131 2606 4169 usus
2655 4114 2864 4172 fuerat.
2916 4112 3240 4166 videbantur
3276 4127 3398 4166 esse
3437 4110 3716 4178 corrupti,
3776 4134 3781 4139 -

2152 4216 2214 4262 ut
2246 4223 2388 4260 verte
2427 4205 2716 4260 sententiae
2763 4203 2851 4256 vir
2896 4204 3030 4257 alias
3094 4203 3147 4256 in
3200 4203 3465 4256 vertendo
3505 4201 3630 4253 felix
3667 4207 3722 4250 et

2154 4296 2535 4356 doctissimus,
2579 4293 2669 4344 vix
2721 4292 2974 4345 umbram
3023 4291 3096 4346 sit
3146 4298 3460 4352 assecutus,
3489 4305 3553 4344 es
3586 4289 3724 4341 alte-

2152 4387 2272 4442 rius
2321 4383 2774 4454 interpretatione
2828 4371 2999 4451 pauca
3045 4381 3135 4435 illa
3169 4380 3424 4434 Politiani
3473 4379 3724 4448 suppleta

2157 4484 2286 4530 sunt
2325 4474 2555 4528 Cenem
2617 4472 2759 4542 apud
2820 4471 3064 4526 haeredes
3128 4469 3412 4524 Eustachii
3477 4468 3726 4537 Vignon,

2159 4566 2317 4626 1594.
2355 4564 2492 4618 in-S.

2232 4659 2348 4710 Hoc
2415 4654 2786 4720 Enehiridion,
2856 4652 3094 4723 demptis
3158 4660 3342 4706 tamen
3409 4647 3729 4709 nonnullis,

497 4758 607 4810 λῶν
637 4756 802 4825 ὑμᾶς,
833 4753 1144 4826 παρρησίαν
1183 4751 1319 4822 πρὸς
1355 4751 1444 4803 τὸν
1479 4749 1611 4802 Θεὸν
1655 4748 1901 4818 ἔχοντας,
1938 4749 2037 4800 ’παῖε

2161 4763 2284 4820 quae
2335 4746 2707 4816 gentilismum
2764 4753 3056 4814 saperent,
3107 4744 3332 4797 deorum
3382 4756 3579 4811 nempe
3624 4753 3734 4792 no-

499 4847 676 4909 ὁαίαις
704 4843 859 4914 ὑμῶν
897 4843 1238 4913 ἀμείψασθαι.
1271 4844 1615 4911 προσευχαῖς.
1652 4839 1891 4894 Δύωσθε
1929 4837 2061 4908 γὰρ,

501 4937 562 4992 εὖ
600 4933 738 5002 οἶδα,
767 4936 903 5005 ὑπὲρ
932 4935 1089 5004 ἡμῶν
1121 4933 1456 4998 ἐξιλεοῦαθαι
1493 4932 1554 4985 τὸ
1587 4931 1740 4985 Θεῐον
1767 4930 1895 4985 ιοὺ
1927 4931 2064 4984 αηιί-

503 5031 685 5083 sitiam
740 5045 862 5097 erga
912 5027 1119 5087 Deum,
1177 5040 1508 5094 amoremque
1555 5023 1692 5076 nulli
1739 5021 2066 5089 corruptioni

505 5123 812 5177 obnoxium.
845 5136 908 5174 ac
929 5119 1209 5183 caelestem,
1244 5117 1579 5185 fortunatum
1603 5123 1649 5168 te
1669 5113 1855 5182 judico
1885 5128 1904 5166 :
1930 5112 2067 5180 quod

505 5231 537 5265 a
572 5210 718 5264 nobis
750 5209 816 5263 de
852 5208 1252 5276 compunctione
1295 5206 1460 5259 animi
1505 5203 1759 5258 sermonis
1803 5202 2066 5269 exposcis.

505 5307 634 5360 ch
663 5313 836 5355 autem
861 5300 1165 5370 efflagitatio
1192 5298 1501 5366 puritatem,
1537 5309 1654 5362 qua
1683 5294 1736 5346 in
1761 5293 1939 5346 animo
1969 5300 2070 5356 est,

509 5396 732 5448 indicat.
786 5391 965 5462 Neque
1009 5392 1146 5444 enim
1203 5389 1320 5456 ﬁeri
1354 5395 1558 5455 potest,
1597 5393 1656 5436 ut
1711 5383 1792 5447 is,
1840 5382 1930 5451 qui
1969 5398 2073 5436 non

508 5489 651 5554 prius
681 5491 1003 5554 expurgatus
1037 5481 1190 5545 bene,
1241 5478 1492 5545 rebusque
1521 5472 1763 5528 omnibus
1790 5471 2072 5526 mundanis

511 5581 748 5647 superior
778 5577 950 5646 factus
980 5582 1058 5628 est
1079 5615 1094 5638 ,
1128 5573 1184 5625 in
1231 5583 1532 5624 sermonum
1583 5562 1840 5618 similium
1871 5560 2074 5616 deside-

512 5672 644 5724 rium
680 5670 898 5723 inridat.
941 5665 1103 5734 quue
1136 5678 1198 5714 ex
1226 5662 1311 5727 iis,
1345 5660 1432 5726 qui
1465 5656 1538 5710 vel
1576 5653 1789 5707 minimo
1828 5655 2072 5718 temporis

2164 4840 2404 4894 minibus
2426 4878 2440 4899 ,
2490 4837 2676 4901 lovis,
2711 4837 2868 4900 Fati,
2903 4834 3193 4899 Fortunas,
3241 4841 3297 4887 et
3332 4833 3567 4886 aliorum
3607 4828 3737 4898 phi-

2164 4931 2516 5000 los0phorum
2565 4927 2872 4996 gentilium,
2912 4933 3052 4985 ctc.,
3104 4932 3159 4976 et
3205 4920 3490 4974 nonnullis
3534 4919 3738 4971 immu-

2168 4993 2300 5075 tatis
2356 5021 2421 5074 ad
2470 4993 2796 5074 seuientiam
2847 5015 3245 5076 honestiorem,
3283 5019 3337 5067 et
3382 5010 3702 5080 probiorem
3724 4993 3765 5106 ,ἱ

2168 5120 2222 5166 ct
2260 5110 2597 5163 Christianis
2636 5105 2906 5160 institutis
2957 5101 3462 5158 convenientiorem
3515 5097 3738 5167 legitur.

2169 5203 2272 5257 Sed
2305 5202 2347 5253 si
2381 5201 2578 5254 molem
2630 5198 2754 5252 libri
2806 5195 3060 5250 conferas
3107 5209 3230 5247 cum
3264 5192 3549 5253 alteratis,
3601 5164 3786 5270 pati-ﬁ

2171 5293 2296 5347 cula
2346 5291 2681 5351 indicantur,
2738 5288 2847 5340 imo
2891 5285 3135 5338 colorem
3191 5286 3358 5337 etiam
3402 5289 3457 5333 ct
3497 5279 3743 5346 speciem

2174 5385 2496 5456 pristinam,
2532 5396 2696 5451 quam
2736 5380 2848 5433 illis
2875 5379 3026 5433 dedit
3073 5378 3283 5446 primus
3309 5384 3512 5427 auctor
3542 5409 3556 5433 ,
3600 5368 3745 5421 reti-

2175 5482 2340 5536 nent,
2374 5481 2436 5526 ut
2471 5488 2580 5526 non
2616 5471 2760 5524 aliud
2797 5485 2920 5524 esse
2963 5469 3329 5524 existimetur.
3371 5461 3526 5530 Quod
3568 5473 3599 5511 a
3636 5457 3750 5510 Nili

2177 5565 2349 5620 nostri
2413 5562 2666 5631 genuinis
2742 5562 2942 5615 fetibus
3010 5560 3247 5611 alienum
3308 5565 3426 5618 est,
3507 5550 3752 5616 ideoque

2181 5655 2494 5725 ambiguum
2546 5652 2797 5706 habetur.
2851 5652 2924 5706 Ut
2975 5648 3242 5720 siquidem
3277 5659 3394 5700 rem
3443 5643 3645 5704 fatear,
3695 5638 3750 5691 in
