3984 6150
309 278 385 339 53
1278 318 1295 333 ρ
1526 277 1834 340 ΝΟΤΙΤΙΑ
1864 276 1897 337 Ι

1999 276 2045 336 5.
2077 276 2345 338 NlLUM.
3486 276 3555 342 54

318 387 623 443 immutatis
653 400 829 457 neque
855 399 1107 452 succum,
1138 400 1315 457 neque
1339 386 1583 442 colorem
1618 385 1886 441 dictionis

317 476 563 541 Nilanat,
597 493 772 548 neque
819 480 1061 549 speciem
1115 478 1420 534 intuemur.
1462 480 1527 535 Et
1567 477 1726 533 Nilus
1752 480 1888 535 alias

252 624 261 633 ,
321 568 841 636 eloquentissimus,
888 577 942 622 et
989 569 1319 624 Christiana:
1356 570 1721 641 philosophia
1760 585 1888 642 pro-

324 674 446 713 mus
474 658 689 714 candus
714 699 731 726 ,
767 669 824 714 ut
854 674 921 715 es
951 660 1078 716 aliis
1109 661 1227 717 suis
1270 662 1497 732 scriptis
1522 660 1890 730 deprehendi-

306 762 431 835 .tur,
458 764 567 805 non
620 751 841 809 videtur
898 752 1211 807 verosimile
1239 767 1268 806 a
1315 752 1501 807 Stoica
1538 752 1889 823 philosophia

322 841 577 910 praesidia
608 843 734 897 vitae
757 841 1091 898 Christiana:
1126 845 1472 901 emendasse.
1513 844 1581 898 Et
1612 845 1892 913 quomodo

321 932 375 986 id
433 946 597 1002 agere
649 932 1013 989 sustinuisset
1078 934 1166 989 vir
1224 933 1548 991 Christiana:
1609 934 1891 1005 religionis

320 1014 601 1092 eseniplar
662 1023 1024 1093 ipsissimum.
1082 1022 1285 1081 Annon
1352 1025 1411 1079 in
1469 1025 1653 1080 alieno
1717 1025 1892 1080 choro

324 1114 517 1182 pedem
570 1113 889 1183 posuisset,
948 1114 994 1171 si
1027 1129 1092 1169 ex
1163 1115 1450 1185 gentilium
1504 1116 1783 1181 moribus,
1835 1124 1893 1171 et

298 1196 508 1258 Stoica
541 1204 895 1275 philosophia
924 1206 1145 1261 Ascetis
1188 1206 1409 1262 modum
1442 1210 1726 1279 imponere
1753 1223 1891 1264 con-

325 1294 639 1351 stituisset?
676 1294 743 1347 Et
784 1297 1061 1366 quomodo
1092 1296 1187 1366 qui
1241 1297 1313 1352 in'
1352 1297 1456 1354 hoc
1502 1305 1743 1354 tractatu
1793 1314 1892 1355 no-

328 1383 478 1435 mina
516 1383 871 1452 antiquorum
931 1385 1381 1455 philosophorum
1437 1387 1513 1443 ita
1561 1395 1891 1460 aspernatus

329 1480 454 1539 est,
501 1482 667 1546 atque
714 1476 1032 1543 abhorruit,
1083 1487 1145 1532 ut
1195 1492 1260 1535 ea
1298 1479 1431 1536 .data
1462 1494 1635 1550 opera
1678 1496 1743 1539 es
1783 1481 1893 1535 hoc

332 1572 574 1620 tractatu
618 1567 916 1636 deleret-it,
966 1567 1038 1623 ab
1098 1569 1297 1627 iisdem
1345 1582 1614 1643 praecepta
1672 1572 1889 1627 vivendi

329 1656 584 1713 omnibus
613 1658 837 1715 virtutis
865 1660 1109 1717 numeris
1137 1661 1582 1727 absolutissima,
1611 1672 1667 1719 et
1691 1663 1893 1734 quibus

324 1743 469 1801 nihil
517 1754 766 1816 poterat,
815 1748 898 1805 vel
934 1747 1105 1814 addi,
1140 1751 1224 1807 vel
1253 1752 1420 1816 demi,
1451 1754 1700 1823 petiisset
1726 1754 1749 1806 ?
1777 1754 1893 1811 Au-

323 1850 435 1892 non
485 1836 540 1892 id
592 1837 784 1895 fuisset
820 1841 1121 1913 callidum,
1172 1853 1229 1900 et
1269 1843 1530 1915 frigidum
1580 1859 1648 1901 ex
1698 1843 1892 1899 eodem

320 1941 421 1980 ore
441 1926 665 1983 eﬂlare?
692 1927 815 1984 Vidi
846 1928 967 2000 ipse
990 1932 1429 2004 manuscriptum
1460 1932 1706 1989 codicem
1740 1931 1896 1988 Grae-

319 2030 483 2083 cum,
513 2016 782 2089 illumque
827 2021 1267 2077 vetustissimum
1326 2020 1433 2077 Nili
1475 2024 1683 2092 scripta
1728 2037 1894 2094 opera

319 2108 707 2165 continentem
739 2128 754 2165 :
790 2109 847 2164 in
874 2125 943 2166 eo
991 2111 1198 2183 singuli
1243 2120 1516 2169 tractatus
1538 2150 1557 2177 .
1596 2116 1761 2169 etiam
1788 2114 1898 2169 mi-

321 2197 582 2253 nutiores
605 2198 831 2254 inlisum
883 2200 1087 2256 habent
1138 2216 1340 2259 nomen
1388 2201 1533 2268 Nili,
1576 2203 1685 2258 alia
1729 2204 1895 2260 etiam

318 2287 464 2345 etin
497 2288 611 2345 line
660 2290 1056 2361 postpositum.
1106 2291 1171 2348 ln
1201 2290 1534 2358 Enchiridio,
1581 2294 1727 2367 quod
1753 2295 1899 2352 inter

321 2374 456 2432 illos
487 2376 798 2459 legebatur,
849 2394 1028 2449 neque
1076 2379 1132 2439 in
1164 2378 1368 2448 fronte,
1418 2372 1595 2455 neque
1641 2386 1699 2440 in
1745 2385 1900 2442 calce

320 2479 400 2520 eo
425 2467 653 2529 nomine
682 2467 1075 2541 obsignatum,
1103 2474 1483 2531 tantummodo
1522 2475 1657 2531 illud
1693 2477 1899 2535 refere—

324 2557 463 2626 bat,
507 2556 833 2633 Ἐπικτήτου
873 2561 1239 2633 Ἐγχειρίδιον,
1277 2563 1501 2634 Epicteti
1528 2565 1893 2627 Encbiridiott.

316 2645 448 2703 Non
477 2662 603 2705 esse
639 2647 750 2707 Nili
796 2651 1090 2717 videlicet,
1142 2655 1240 2713 sed
1289 2656 1555 2727 Epicteti,
1581 2673 1613 2713 ιι
1645 2675 1898 2729 quocun-

315 2755 439 2813 que
495 2743 573 2799 sit
609 2742 885 2800 vitiatum.
941 2743 1097 2801 Adde
1147 2745 1258 2801 his.
1300 2744 1376 2802 Ita
1410 2747 1516 2805 hoc
1546 2748 1898 2806 Enchiridion

318 2832 578 2905 Epicteti,
616 2849 743 2897 cum
779 2850 869 2904 eo,
916 2837 1065 2907 quod
1119 2837 1246 2899 Nilo
1295 2839 1484 2895 nescio
1527 2855 1637 2913 qua
1684 2842 1900 2898 ratione

312 2924 711 2997 adjudicatur,
757 2929 1009 2984 eamdem
1053 2928 1231 2984 labem
1265 2944 1489 3000 passum
1531 2931 1732 2989 luisse.
1760 2934 1897 2990 Cum

314 3016 392 3073 de
424 3016 525 3071 illo
569 3032 681 3073 non
720 3018 1041 3075 inconsulto
1093 3028 1359 3077 statutum
1426 3022 1745 3094 dictumque
1792 3026 1898 3089 sit.

315 3105 568 3174 Epicteti
600 3123 712 3164 non
762 3125 906 3167 esse.
950 3110 1088 3167 Mihi
1138 3111 1213 3169 sit
1264 3127 1382 3184 pra
1425 3116 1684 3173 omnibus
1733 3120 1902 3175 unius

314 3196 607 3269 Simplicii
668 3202 994 3267 auctoritas,
1048 3202 1146 3274 qui
1193 3203 1524 3263 Praefatione
1570 3207 1628 3264 in
1687 3209 1897 3267 dictum

312 3287 682 3346 Euclsiridioa
718 3293 801 3348 sic
860 3294 1061 3350 scribit
1092 3312 1109 3350 :
1142 3294 1380 3353 Arianus
1418 3298 1580 3353 vitam
1616 3309 1673 3355 et
1700 3302 1900 3357 obitum

311 3382 564 3453 Epicteti
599 3384 821 3449 prolizis
854 3388 1025 3441 verbis
1060 3396 1141 3442 est
1181 3397 1502 3457 persecutus.
1536 3389 1685 3447 Unde
1708 3408 1904 3462 cogno-

310 3475 393 3531 sci
420 3482 641 3543 potest,
672 3477 763 3546 qui
790 3478 870 3531 vir
909 3478 1002 3532 ille
1033 3479 1215 3547 fuerit.
1251 3478 1402 3535 Idem
1428 3481 1663 3537 Arianus
1686 3496 1738 3538 et
1765 3484 1902 3538 hunc

303 3565 770 3636 libellum,quod
822 3568 1173 3626 Eachiridiou
1215 3573 1541 3638 inscribitur,
1576 3579 1904 3646 composuit:

299 3656 515 3711 deinde
578 3655 735 3712 lectis
784 3674 849 3713 ea:
901 3658 1127 3729 Epicteti
1172 3666 1498 3720 sermonibus
1556 3666 1905 3737 philosophice

299 3746 447 3801 locis
498 3746 740 3800 maxime
779 3751 1125 3817 necessariis,
1178 3761 1228 3807 et
1263 3756 1469 3810 animos
1497 3773 1529 3809 a
1554 3760 1904 3825 permanenti-

294 3836 441 3899 bus,
483 3845 548 3888 ut
599 3836 707 3903 ipse
751 3847 976 3893 testatur
1011 3842 1068 3894 in
1109 3844 1332 3911 epistola
1378 3845 1449 3898 ad
1498 3846 1901 3917 Masgaleuum,

294 3927 396 3980 cui
461 3941 611 3992 opus
666 3927 835 3996 ipsum
873 3930 1135 3986 dedicavit
1173 3944 1232 3988 ut
1279 3938 1605 3991 amicissimo
1654 3956 1789 4004 suo,
1855 3950 1905 3994 et

291 4015 566 4072 maximo
630 4017 800 4080 operis
854 4018 1189 4079 admiratori.
1256 4023 1388 4089 Qua:
1444 4025 1606 4093 ferme
1649 4028 1829 4082 eadem
1855 4040 1905 4084 et

286 4104 504 4160 iisdem
547 4102 830 4159 uocabulis
865 4111 1092 4176 sparsim
1137 4113 1192 4165 in
1221 4113 1416 4167 Ariani
1452 4117 1663 4183 scriptis
1685 4118 1750 4171 de
1782 4119 1908 4185 Epi-

282 4194 430 4249 cteti
441 4191 944 4250 exercitationibus
972 4198 1305 4255 inveniuntur
1325 4218 1344 4255 :
1371 4203 1507 4274 Περὶ
1537 4204 1635 4273 μὲν
1661 4206 1756 4259 τοῦ
1788 4207 1905 4277 βίου

278 4285 386 4339 τοῦ
435 4285 802 4355 Ἐπικτήτου
835 4289 931 4342 καὶ
963 4291 1064 4361 τῆς
1096 4291 1260 4345 αὑτοῦ
1316 4292 1571 4365 τελευτῆς
1624 4297 1905 4368 Ἀρριανὸς

277 4378 576 4452 ἔγραψεν,
602 4380 637 4432 ὁ
665 4377 768 4443 τὰς
810 4378 1137 4453 Ἐπικτήτου
1160 4383 1440 4453 διατριϐὰς
1465 4387 1535 4439 ἐν
1561 4387 1903 4458 πολυστίχοις

274 4472 735 4542 συνταξάμενος
754 4469 1000 4539 βιϐλίοις.
1019 4473 1129 4525 Καὶ
1156 4473 1252 4526 ἀπ’
1280 4474 1488 4528 ἐκείνου
1521 4477 1711 4546 μαθεῖν
1735 4479 1901 4547 ἔστιν,

271 4563 473 4628 ὁποῖος
502 4561 729 4630 γέγονε
757 4560 849 4613 τὸν
880 4562 994 4631 βίον
1025 4565 1054 4616 ὁ
1087 4564 1247 4635 ἀνήρ.
1296 4565 1369 4618 Τὸ
1401 4566 1456 4619 δὲ
1507 4567 1707 4637 βιϐλίον
1747 4571 1906 4627 τοῦτο

268 4654 340 4706 τὸ
401 4652 803 4716 Ἐπικτήτου
846 4652 1226 4722 Ἐγχειριὸιον
1271 4656 1766 4730 ἐπιγεγραμμένον,
1811 4664 1906 4717 καὶ

267 4744 449 4799 τοῦτο
489 4744 682 4807 αὐτὸς
714 4743 1010 4808 συνέταξεν
1033 4747 1063 4798 ὁ
1102 4746 1404 4817 Ἀρῤιανός.
1444 4751 1524 4804 Τὰ
1548 4752 1904 4821 καιριώτατα,

264 4838 368 4892 καὶ
423 4832 885 4905 ἀναγκαιότατα
933 4837 990 4887 ὲν
1022 4835 1328 4909 φιλοσοφίᾳ,
1362 4840 1458 4892 καὶ
1498 4840 1907 4910 κινητικώτατα

260 4928 380 4983 τῶν
419 4926 643 4999 ψυχῶν
662 4921 1074 4994 ἐπιλεξάμενος
1109 4926 1175 4979 ὲκ
1205 4927 1315 4980 τῶν
1365 4928 1684 4998 Ἐπικτήτου
1708 4932 1905 5000 λόγων,

254 5022 337 5086 ὡς
373 5019 562 5084 αὐτὸς
592 5022 663 5073 ἐν
697 5018 779 5086 τῇ
813 5015 949 5084 πρὸς
984 5016 1345 5088 Μασγαληνὸν
1374 5020 1631 5093 ἐπιστολῇ
1668 5023 1906 5095 ἔγραψεν

251 5114 287 5168 ὁ
334 5113 688 5188 Ἀρριανὸς,
732 5102 790 5177 ᾧ
835 5107 895 5161 τὸ
946 5108 1285 5180 σύγγραμμα
1336 5111 1791 5184 προσεφώνησεν,
1831 5116 1907 5180 ὡς

251 5208 448 5279 ἑαυτῷ
484 5205 607 5279 μὲν
642 5196 940 5272 φιλτάτῳ,
976 5200 1210 5269 μάλιστα
1242 5200 1298 5253 δὲ
1340 5201 1433 5254 τὸν
1467 5203 1787 5276 Ἐπίκτητον
1819 5226 1906 5261 τε·

250 5300 594 5371 Θαυμακότι
621 5314 638 5329 ·
686 5293 771 5347 τὰ
820 5288 883 5340 δὲ
913 5291 1053 5344 αὐτὰ
1091 5292 1280 5362 σχεδὸν
1318 5294 1409 5346 καὶ
1452 5296 1541 5348 ἐπ’
1578 5298 1757 5352 αὐτῶν
1798 5302 1905 5354 τῶν

245 5393 562 5463 ὀνομάτων
618 5380 944 5454 σποράδην
998 5383 1056 5437 ὲν
1108 5386 1221 5447 τοῖς
1267 5384 1551 5455 Ἀρριανοῦ
1610 5390 1739 5458 περὶ
1799 5393 1906 5446 τῶν

244 5480 615 5555 Ἐπικτήτου
652 5470 988 5542 διατριϐῶν
1027 5473 1085 5525 ὲν
1129 5477 1237 5536 τοῖς
1264 5477 1626 5547 γραφομένοις
1656 5481 1905 5551 εὑρίσκε-

242 5593 360 5631 ται.
405 5576 572 5629 Hinc
600 5560 963 5627 Salmasius
990 5560 1144 5618 Notis
1175 5564 1231 5618 in
1267 5563 1607 5633 Simplicium
1649 5570 1854 5640 colligit
1889 5593 1901 5628 ;

238 5666 396 5740 Ετῃο
420 5665 604 5737 hujus
638 5652 990 5717 Enchirt'dt'i
1019 5663 1219 5721 auctor,
1249 5657 1336 5723 qui
1362 5667 1408 5712 et
1431 5659 1901 5732 Dissertationum,

1993 399 2171 449 nempe
2206 385 2461 439 Arianus.
2508 383 2612 439 Sed
2666 384 2859 438 mirum
2886 392 2941 438 ut
2971 383 3023 438 in
3053 382 3319 439 hodiernis
3348 383 3556 441 Disser-

1991 475 2282 530 tationibus
2321 492 2384 530 ea
2407 492 2509 530 non
2545 477 2898 546 reperiantur,
2940 492 3056 547 qua:
3081 474 3145 531 de
3178 477 3285 530 vita
3313 485 3362 529 et
3390 487 3555 530 morte

1990 561 2217 631 Epicteti
2268 568 2533 620 memorie
2578 567 2861 620 mandasse
2902 566 3162 621 Arianum
3210 566 3292 620 ltic
3340 564 3556 637 Simpli-

1989 656 2102 711 cius
2125 667 2368 712 testatur.
2390 656 2480 712 Ita
2503 657 2671 711 multa
2687 659 2849 712 etiam
2872 673 2936 713 ea:
2967 657 3273 713 Euchiridio
3298 675 3329 712 a
3352 656 3557 714 Stoba'o

1989 749 2170 816 citari,
2199 765 2316 818 qum
2342 759 2435 803 aut
2457 749 2737 803 omninoin
2761 749 2858 803 Itoc
2880 750 3118 805 manuali
3147 766 3249 804 non
3276 748 3555 810 habentur.

1990 847 2083 892 aut
2113 839 2270 893 aliter
2294 840 2492 908 scripta
2528 839 2804 895 habentur.
2838 840 2903 895 Et
2937 839 3127 896 Daniel
3154 841 3414 897 Heinsius
3435 856 3562 897 con-

1990 928 2125 983 cinit
2150 929 2382 999 epistola
2406 930 2473 984 ad
2497 930 2842 985 Theodorum
2860 930 3363 988 Gresuvinckelium
3390 950 3403 985 :
3425 929 3560 986 Cum

1991 1020 2189 1090 ingenti
2229 1020 2513 1089 uoluptate,
2567 1022 2770 1091 pariter
2815 1032 2865 1077 et
2895 1038 3025 1076 cura
3059 1021 3162 1094 legi
3213 1021 3505 1093 Epictetum
3542 1039 3559 1076 :

1994 1107 2335 1165 Enchiridion
2366 1113 2421 1166 in
2456 1114 2667 1181 primis,
2693 1112 2832 1185 quod
2866 1113 2931 1166 ab
2964 1113 3164 1168 Ariano
3211 1129 3276 1168 ea:
3330 1115 3562 1169 oraculis

1989 1201 2154 1256 divini
2179 1203 2280 1256 viri
2322 1205 2696 1258 concinnatum
2744 1205 2828 1258 hic
2864 1222 3000 1259 nunc
3024 1204 3202 1259 habes.
3232 1204 3297 1259 Et
3316 1219 3564 1277 comper-

1976 1292 2129 1345 otiora
2161 1292 2229 1347 de
2250 1292 2479 1362 Epicteti
2505 1295 2812 1350 Encltiridio
2838 1297 3131 1366 quaerimus
3146 1295 3301 1352 ?Hoc
3327 1297 3467 1352 idem
3495 1298 3564 1352 de

1982 1382 2189 1438 Nilano
2221 1385 2607 1442 altlrmandum
2638 1403 2744 1443 non
2769 1395 2874 1445 est.
2904 1388 3203 1445 Considera
3232 1404 3345 1444 rem
3388 1395 3563 1445 atten-

1984 1476 2278 1530 tiusrtum
2325 1477 2543 1532 demum
2580 1477 2850 1546 judicium
2898 1479 2997 1545 da;
3032 1477 3100 1532 ad
3136 1479 3252 1533 haec
3299 1485 3494 1543 testes,
3514 1479 3561 1532 si

1990 1575 2184 1637 potes.-
2207 1565 2315 1621 Sed
2340 1568 2482 1621 inter
2498 1568 2620 1636 ejus
2654 1569 2855 1639 scripta
2887 1570 3065 1623 locum
3093 1569 3274 1623 habet.
3296 1568 3365 1622 At
3404 1568 3566 1637 cujus

1989 1669 2189 1711 nomen
2210 1656 2482 1726 praeferat,
2514 1657 2738 1712 edicito.
2766 1659 2847 1713 An
2877 1657 2967 1712 hic
2997 1658 3214 1715 libellus
3241 1665 3454 1713 tantum
3475 1674 3567 1714 ex-

1992 1754 2189 1803 traneo
2214 1749 2427 1803 auctori
2458 1748 2779 1818 suppositus
2803 1749 3196 1822 supposititius
3224 1750 3412 1806 fuerit.

2060 1836 2199 1893 Illud
2229 1853 2449 1910 quoque
2477 1839 3030 1896 animadvertendum
3064 1848 3172 1907 est,
3201 1840 3382 1896 Nilum
3412 1839 3563 1895 hunc

1993 1938 2247 1985 nostrum
2290 1931 2544 1986 Aseetam
2596 1946 2627 1985 a
2678 1931 2962 2003 plerisque
3009 1933 3285 2003 martyris,
3334 1931 3406 1987 ab
3441 1931 3565 1985 aliis

1992 2019 2219 2087 episcopi
2250 2018 2412 2074 titulo
2438 2017 2719 2089 insigniri.
2755 2017 2923 2073 Notat
2946 2016 3211 2074 Nicolaus
3229 2018 3520 2075 Glasserus
3548 2036 3561 2070 :

1996 2107 2067 2162 Et
2089 2110 2137 2163 si
2165 2110 2230 2164 de
2256 2108 2375 2164 Nili
2394 2109 2660 2180 martyrio
2684 2125 2791 2165 non
2824 2117 3055 2173 constat,
3084 2124 3150 2163 ea:
3184 2108 3365 2163 eodem
3392 2117 3566 2163 tamen

1997 2208 2235 2267 auctore,
2259 2209 2318 2253 ut
2347 2200 2510 2255 etiam
2538 2215 2604 2255 ea:
2629 2200 2885 2255 Osiandri
2913 2199 3206 2254 Annalibus
3228 2199 3566 2269 manifestus»

1995 2297 2097 2355 est,
2124 2287 2283 2342 illum
2307 2305 2423 2343 cum
2457 2290 2588 2359 ﬁtiis
2617 2290 2759 2359 (lege
2788 2303 2914 2343 cum
2944 2287 3082 2356 tilio)
3111 2303 3145 2341 ο
3183 2287 3426 2341 barbaris
3452 2301 3568 2354 per-

1995 2393 2210 2449 pessum
2243 2394 2378 2433 esse.
2411 2377 2562 2434 Inter
2597 2387 2860 2449 martyres
2894 2379 3059 2449 igitur
3093 2377 3191 2431 hoc
3220 2377 3429 2431 nomine
3455 2375 3569 2445 [sr-

1998 2472 2166 2525 tassis
2211 2470 2458 2540 refertur.
2500 2468 2658 2525 Circa
2695 2486 2891 2524 annuat
2937 2468 3139 2525 Christi
3179 2468 3284 2525 309
3323 2467 3569 2536 ﬂoruisse

1995 2560 2356 2614 existimatur.
2410 2560 2910 2629 interpretationem
2947 2576 3069 2616 sero
3104 2559 3355 2614 Latinus
3396 2559 3569 2628 adieci

1997 2651 2136 2704 hanc
2164 2652 2604 2720 qualemcunque,
2648 2662 2707 2705 ut
2762 2666 2880 2705 eam
2922 2667 3042 2704 cunt
3079 2652 3177 2705 illa
3218 2648 3480 2713 Necubi,
3518 2651 3567 2703 si

1998 2742 2134 2811 forte
2154 2743 2211 2796 in
2240 2743 2482 2796 manibus
2508 2743 2746 2812 conferre
2779 2744 2955 2805 liceat.
2982 2761 3084 2813 quo
3112 2744 3387 2813 utriusque
3406 2742 3572 2796 colla-

2000 2839 2142 2895 tione
2165 2839 2283 2907 plus
2328 2841 2545 2895 luminis
2578 2841 2819 2896 accedat.
2844 2837 2914 2895 In
2931 2839 3176 2894 decurias
3218 2855 3421 2910 quoque
3447 2853 3573 2907 pue-

1995 2932 2176 2987 riliter
2216 2931 2499 2987 distinctas
2540 2932 2753 2987 habebis
2794 2932 3110 2993 sententias,
3138 2948 3261 2986 euut
3298 2932 3354 2984 in
3383 2931 3559 2991 ﬂuent,

1996 3037 2059 3083 ut
2080 3030 2258 3083 uersio
2287 3027 2484 3082 Latina
2515 3028 2698 3082 Greco
2730 3028 2898 3082 textui
2926 3028 3220 3096 posmosita
3248 3025 3570 3080 commodius

2000 3118 2336 3189 respondeat.
2375 3120 2441 3173 Et
2471 3119 2634 3188 plane
2654 3119 2730 3173 de
2761 3118 3047 3188 martyrio,
3093 3119 3219 3171 licet
3252 3132 3421 3187 opere
3452 3117 3573 3186 ipso

1998 3212 2327 3282 martyrium
2356 3225 2470 3265 non
2495 3209 2750 3272 subierit,
2776 3223 2955 3277 neque
2974 3222 3074 3279 pro
3092 3222 3201 3261 una
3242 3209 3347 3262 ﬁde
3367 3206 3573 3261 Christi

2000 3303 2327 3370 sanguinem
2356 3301 2629 3367 eﬂnderit,
2665 3314 2845 3369 neque
2872 3301 3043 3353 vitam
3070 3299 3422 3369 exposuerit;
3450 3312 3571 3352 eer-

2000 3400 2120 3446 tum
2155 3401 2244 3447 est
2283 3399 2489 3456 tamen,
2527 3397 2582 3445 et
2616 3405 2682 3445 ex
2715 3391 2840 3459 ejus
2884 3387 3094 3458 scripto
3128 3387 3268 3442 satis
3298 3394 3571 3456 apertum,

1996 3497 2128 3537 (eum
2169 3482 2223 3536 id
2272 3482 2469 3552 agendi
2518 3495 2738 3550 semper
2786 3479 3209 3550 cupidissimum
3254 3478 3448 3532 fuisse.
3498 3475 3576 3528 lle

2003 3575 2331 3645 episcopatu
2375 3574 2493 3644 ipse
2525 3574 2806 3638 existimo,
2848 3574 3005 3627 illum
3052 3580 3178 3639 post
3225 3578 3307 3624 tot
3350 3569 3575 3624 calami-

2004 3673 2170 3730 tates,
2212 3666 2513 3721 nonnullos
2558 3666 2855 3735 episcopos
2894 3663 3245 3719 considerata
3283 3661 3426 3717 tanti
3470 3661 3574 3712 viri

2004 3759 2208 3813 virtute
2235 3766 2290 3812 et
2320 3757 2572 3811 doctrina
2605 3758 2798 3811 saltem
2844 3755 2901 3808 in
2943 3753 3161 3824 Egypti
3204 3751 3475 3822 partibus,
3521 3750 3574 3801 in

2004 3849 2211 3918 quibus
2260 3848 2524 3902 similium
2573 3847 2855 3900 hominum
2902 3860 3116 3899 summa
3169 3842 3396 3913 peiiuria
3436 3851 3572 3903 erat,

2004 3940 2240 3994 consilio
2288 3939 2431 3992 inter
2480 3954 2540 3991 se
2588 3937 2727 3989 inita
2776 3938 2829 3989 in
2877 3945 3078 3988 tantam
3129 3935 3485 4001 dignitatem,
3520 3940 3575 3983 ct

2005 4030 2228 4095 merito,
2255 4030 2541 4082 extulisse.
2570 4027 2679 4081 Sed
2703 4028 2818 4079 hzcc
2842 4040 2990 4077 mera
3021 4025 3269 4090 suspicio
3291 4033 3396 4075 est.
3422 4020 3570 4077 Esto.

2004 4120 2168 4174 Certe
2216 4119 2270 4173 id
2304 4118 2492 4187 negari
2525 4132 2630 4169 non
2680 4123 2884 4184 potest,
2928 4114 3146 4181 aliquod
3185 4119 3394 4165 certum
3427 4111 3573 4165 indi-

2006 4211 2152 4265 cium
2196 4208 2461 4262 habuisse
2494 4222 2612 4268 eos,
2653 4206 2749 4275 qui
2792 4204 2952 4274 primi
2988 4210 3140 4258 tanto
3171 4204 3292 4258 viro
3329 4203 3572 4272 episcopi

2007 4304 2229 4358 titulum
2263 4301 2659 4356 attribuerunt.
2690 4298 2807 4352 Non
2836 4296 3124 4353 dissimilis
3152 4305 3303 4351 esset
3332 4295 3577 4363 suspicio

2006 4397 2071 4449 de
2096 4392 2381 4448 Theodqu
2411 4391 2562 4446 illius
2593 4389 2726 4455 tilio,
2753 4388 2847 4458 qui
2882 4388 3046 4443 nullis
3080 4389 3255 4443 sacris
3288 4385 3578 4440 ordinibus

2006 4493 2133 4539 ante
2185 4482 2559 4554 captivitatem
2618 4481 2953 4548 conspicuus
3001 4487 3155 4542 erat,
3220 4478 3266 4532 si
3325 4490 3575 4531 vocarent

2006 4576 2158 4630 illum
2196 4575 2516 4633 diaconum,
2541 4581 2596 4625 et
2630 4580 2809 4625 tamen
2837 4570 2927 4624 ille
2953 4568 3023 4623 de
3053 4584 3113 4623 se
3157 4569 3310 4631 dicit,
3356 4568 3424 4621 ab
3460 4566 3579 4635 epi-

2007 4682 2174 4736 scopo
2193 4672 2443 4720 coactum
2463 4662 2700 4717 similem
2719 4661 2969 4715 ordinem
3000 4659 3306 4713 obtinuisse
3334 4676 3347 4710 :
3377 4664 3432 4710 et
3452 4671 3577 4709 vero

2006 4765 2291 4827 promotus
2326 4763 2414 4810 est
2445 4773 2456 4808 :
2510 4752 2599 4815 Ὦς
2640 4752 2697 4805 δὲ
2726 4752 2793 4805 ἂν
2828 4750 2902 4821 μὴ
2950 4750 3097 4815 δόξαι
3133 4750 3250 4818 βίαν
3284 4745 3579 4816 προσάγειν

2008 4847 2234 4918 ὑπονοίᾳ
2277 4846 2379 4915 τῆς
2429 4844 2572 4915 ὑπὲρ
2630 4842 2726 4895 τοῦ
2784 4842 2976 4903 παιδὸς
3032 4840 3324 4908 δεδομένης
3375 4836 3575 4906 τιμῆς,

2012 4937 2145 5006 μηδὲ
2168 4935 2624 5003 δεσποτικώτερον
2642 4934 2889 4987 ἀπαιτεῖν
2906 4931 3005 4999 τὴν
3024 4928 3370 4999 παραμονὴν,
3399 4928 3547 4995 πρὰτ
3561 4960 3573 4965 -

2007 5042 2120 5078 τειν
2153 5025 2419 5095 ἐπέτρεπε
2443 5026 2551 5077 πᾶν
2582 5024 2643 5076 τὸ
2664 5022 2854 5076 δοκοῦν
2897 5021 3036 5074 κατὰ
3064 5018 3309 5088 γνώμην,
3342 5017 3400 5070 ἓν
3420 5018 3580 5071 τοῦτο

2011 5115 2170 5184 μόνον
2198 5117 2536 5188 τυραννήσας
2558 5115 2725 5183 ἡμᾶς,
2756 5113 2816 5165 τὸ
2846 5113 2936 5165 τὸν
2972 5109 3137 5177 ζυγὸν
3198 5108 3463 5161 ἐπιθεῖναι
3489 5108 3577 5159 τὸν

2011 5208 2283 5278 ἱερατικὸν
2319 5207 2392 5277 μὴ
2429 5205 2788 5275 βουλομένοις.
2834 5203 3023 5270 Ἡμεῖς
3055 5199 3153 5269 μὲν
3183 5200 3292 5268 γὰρ
3324 5198 3387 5251 τὸ
3416 5197 3580 5268 βάρος

2006 5305 2341 5375 λογιζόμενοι
2357 5301 2457 5369 τῆς
2469 5296 2829 5366 λειτουργίας,
2856 5293 3210 5361 ἀσχάλλοντας
3225 5292 3541 5362 ώδυρόμεθα
3553 5332 3566 5350 ,

2007 5396 2104 5450 καὶ⁹
2141 5394 2240 5445 οὐκ
2277 5389 2494 5460 εἴχομεν
2545 5386 2680 5456 πρὸς
2712 5382 2773 5435 τὸ
2806 5380 3052 5433 ὲπιτεθὲν
3104 5381 3267 5451 ἄχθος
3324 5379 3566 5439 ἀνεκτῶς

2010 5485 2151 5554 ὑπὲρ
2182 5480 2391 5553 ὴμᾶς,ὃ
2423 5479 2516 5530 καὶ
2544 5477 2694 5546 μόλις
2734 5474 2844 5531 τοῖς
2878 5471 3053 5537 ἁγίοις
3077 5473 3328 5542 ἁρμόζει,
3349 5472 3473 5521 ὅσον
3503 5471 3580 5529 ei;

2010 5577 2282 5636 πολιτείας
2307 5573 2479 5639 λόγον.
2497 5566 2782 5624 Κάκείνοις
2811 5559 2918 5630 γὰρ
2941 5564 3114 5633 ἐφάνη
3138 5564 3299 5632 βαρὺν
3326 5561 3419 5612 καὶ
3439 5561 3581 5630 dum.

2011 5670 2247 5738 λόγησαν
2279 5662 2618 5730 καλούμενοι,
2649 5651 2999 5725 ὑπτρὸαίνειν
3034 5656 3227 5717 αὐτοὺς
3251 5653 3312 5705 τὸ
3344 5650 3579 5718 ἀξίωμα.
