3984 6150
496 335 564 398 55
1679 326 1822 385 NOT
1835 322 1986 382 [TIA
2024 321 2057 376 Ι’

2161 319 2207 376 3.
2252 315 2516 378 NILUM.
2737 331 2742 338 ·
3655 286 3720 352 55

495 452 589 508 udi
610 452 728 524 Θεῷ
754 454 1034 520 ἀντέλεγον
1065 451 1155 504 ἐπὶ
1184 452 1316 504 πολὺ
1359 447 1785 522 προϐαλλόμενοι
1814 444 1874 498 τὸ
1927 443 2056 497 ἀνά-

497 546 627 610 ξιον,
645 546 739 600 καὶ
752 543 1083 616 παρῃτοῦντο
1105 541 1202 611 τὴν
1226 542 1556 613 χειροτονίαν
1577 537 2052 610 προφασιζόμενοι,

499 639 592 693 καὶ
617 639 676 692 τὸ
701 637 860 690 πλέον
885 635 992 689 τῶν
1021 633 1117 688 νῦν
1146 633 1400 688 ἁπάντων
1421 633 1569 695 ὅντες
1593 631 1885 701 ἐπιτήδειοι
1919 627 2056 699 πρὸς

496 729 557 782 τὸ
585 727 764 800 ἔργον.
796 725 888 778 καὶ
915 723 972 786 ἐξ
1007 723 1294 795 ἀσκήσεως
1347 723 1454 776 τῶν
1501 721 1681 777 καλῶν
1739 721 2056 791 παρρησίαν

495 821 638 890 ἔχειν
655 823 712 872 ὲν
730 821 792 888 τῇ
821 814 1041 887 λατρείᾳ
1069 815 1205 886 πρκ
1237 815 1326 868 τὸν
1355 816 1630 886 Δεσπότην
1664 816 1865 885 μᾶλλον
1890 813 2052 869 δυνά-

499 930 663 985 μενοι.
708 911 940 972 Ἐκεῖνος
959 909 1017 963 δὲ
1047 909 1275 978 πρέπειν
1320 907 1472 977 ἔλεγε
1521 911 1632 971 τοῖς
1670 911 1850 971 πόνοις
1872 909 1933 962 τὸ
1962 910 2058 976 γέ-

498 1021 614 1076 ρας,
649 1001 740 1054 καὶ
787 999 900 1062 τοῖς
934 998 1202 1069 καμάτοις
1255 998 1346 1052 τοῦ
1393 999 1620 1067 ἀγῶνος,
1655 999 1730 1062 ὼς
1781 1000 2051 1070 ἐνόμιζεν,

492 1096 661 1152 ἐδίδου
696 1093 886 1164 μισθὸν
929 1093 990 1146 τὸ
1032 1092 1266 1161 ἀξίωμα.
1308 1091 1386 1145 Ex
1425 1093 1682 1147 versione
1729 1092 1874 1148 Petri
1921 1093 2058 1150 Pos-

492 1188 595 1244 sini
632 1208 643 1240 :
683 1185 833 1239 Idem
864 1195 1059 1248 tamen,
1094 1193 1152 1238 ut
1183 1184 1318 1238 nolle
1348 1200 1440 1238 nos
1469 1185 1615 1249 vidit,
1642 1184 1852 1239 modum
1879 1189 2058 1255 posuit

491 1283 656 1353 oﬁicio
679 1299 698 1347 ;
720 1296 782 1334 ne
812 1277 1084 1332 recordari
1105 1278 1262 1345 pretii
1297 1277 1600 1331 redimendo
1621 1293 1782 1346 puero
1814 1280 2054 1348 impensi,

488 1386 539 1433 et
567 1375 722 1430 herili
743 1374 869 1441 jure
899 1380 1145 1441 tanquam
1178 1372 1491 1440 mancipium
1519 1373 1742 1428 retinere
1765 1375 1890 1428 velle
1913 1375 2058 1430 vide-

491 1478 658 1524 retur.
705 1466 787 1520 Ea
824 1468 1002 1536 gratia
1041 1464 1262 1519 arbitrio
1318 1473 1516 1528 nostro,
1563 1475 1740 1518 utrum
1787 1466 2054 1533 vellemus,

491 1560 749 1631 permisit,
768 1575 930 1614 unum
955 1557 1051 1612 hoc
1081 1566 1281 1614 tantum
1313 1558 1478 1611 amice
1505 1558 1836 1625 perseverans
1860 1559 2058 1614 blanda

494 1655 771 1727 tyrannide
815 1654 1060 1714 obtinuit,
1096 1661 1156 1706 ut
1199 1651 1346 1707 nobis
1391 1651 1760 1705 recusantibus
1807 1652 2055 1706 sacerdo-

494 1750 619 1803 talis
662 1747 815 1817 ofﬁcii
836 1747 1029 1816 jugnm
1067 1748 1376 1814 imponeret.
1413 1743 1527 1799 Nos
1561 1748 1700 1797 enim
1738 1760 1871 1798 onus
1903 1758 2059 1811 repu-

497 1847 668 1896 tantes
709 1839 844 1893 tanti
885 1843 1171 1897 ministerii
1214 1843 1310 1895 hoc
1341 1841 1455 1909 ejus
1487 1838 1710 1891 consilio
1754 1835 2057 1889 contristati

491 1929 836 1998 deﬂebamus,
888 1945 979 1982 nec
1033 1927 1330 1996 ferebamus
1384 1927 1545 1995 facile
1594 1933 1798 1978 tantam
1859 1921 2059 1988 imponi

491 2020 640 2076 nobis
663 2021 849 2076 molem
883 2021 1035 2089 opicii
1057 2060 1078 2089 ,
1114 2019 1248 2090 quod
1284 2029 1390 2071 tam
1425 2024 1780 2079 emendatam,
1811 2023 1861 2066 et
1901 2012 2062 2066 subli-

492 2127 627 2168 mem
657 2112 877 2169 caelestis
906 2114 1024 2167 vita:
1054 2113 1309 2168 rationem
1341 2111 1526 2180 exigit,
1545 2108 1752 2179 qualem
1776 2109 1862 2160 via:
1889 2103 2060 2158 sancti

488 2203 591 2268 ipsi
615 2213 876 2272 praestare
897 2206 961 2259 de
980 2221 1034 2258 se
1059 2204 1313 2258 audeant.
1337 2202 1364 2256 l
1373 2202 1459 2255 llis
1491 2202 1678 2270 quippe
1710 2199 1838 2267 ipsis
1859 2209 2059 2264 quoque

487 2311 643 2363 grave
673 2296 770 2350 hoc
800 2313 986 2351 munus
1017 2298 1184 2352 visum
1211 2306 1311 2351 est.
1347 2294 1524 2362 Neque
1556 2293 1609 2345 id
1643 2288 2058 2344 dissimularunt

487 2403 607 2443 sum
637 2405 696 2443 eo
728 2400 853 2443 sunt
885 2394 1076 2453 vocati,
1111 2392 1369 2459 majorem
1398 2404 1510 2442 esse
1540 2386 1851 2457 dignitatem
1881 2380 2056 2442 illam,

488 2494 649 2546 quam
682 2490 737 2532 ut
773 2481 875 2534 sibi
905 2483 1234 2544 conveniret;
1272 2481 1328 2534 id
1370 2482 1543 2548 ipsum
1579 2479 1740 2530 etiam
1775 2473 1868 2527 diu
1895 2485 2058 2525 excu-

447 2587 611 2632 _sare
656 2573 778 2625 ausi
835 2571 975 2638 apud
1023 2570 1324 2638 o/ferentem
1377 2569 1516 2621 hunc
1561 2567 1812 2619 honorem
1872 2561 2057 2623 Deum,

491 2663 827 2731 deprecantes
875 2663 1264 2729 impositionem
1312 2674 1588 2718 manuum,
1642 2655 1971 2725 indignitatis
2011 2660 2060 2705 et

492 2753 872 2808 imbecillitatis
905 2756 1132 2823 propria?
1157 2753 1479 2808 conscientia
1513 2768 1530 2804 :
1565 2750 1774 2804 tametsi
1795 2746 2057 2807 omnibus,

492 2848 582 2916 qui
638 2862 775 2900 nunc
832 2855 977 2911 sunt,
1038 2849 1183 2900 haud
1233 2846 1391 2915 paulo
1451 2851 1619 2898 essent
1669 2841 1827 2894 iidem
1879 2839 1946 2891 ad
2001 2834 2057 2889 id

492 2954 682 2992 munus
713 2939 964 3006 aptiores,
995 2948 1044 2991 et
1082 2949 1294 3007 propter
1331 2938 1640 2990 diuturnam
1677 2931 2054 3000 professionem

491 3027 778 3086 sanctioris
807 3029 947 3093 vitte,
980 3029 1334 3097 virtutumque
1363 3042 1516 3080 usum
1550 3022 1742 3092 majori
1770 3019 1962 3090 ﬁducia
1983 3017 2052 3070 ad

495 3119 863 3174 tractationem
901 3120 1302 3188 mysteriorum,
1341 3123 1391 3172 et
1444 3115 1765 3182 {unctionem
1803 3107 2058 3178 sacriﬁcii

493 3219 703 3280 possent
751 3210 1012 3266 accedere.
1058 3211 1259 3276 Quibus
1292 3208 1382 3263 ille
1420 3217 1606 3261 contra
1648 3199 2059 3258 remunerandos

496 3304 596 3359 sibi
629 3304 794 3357 videri
840 3304 1014 3359 aiebat
1042 3303 1200 3373 hujus
1241 3302 1520 3370 dignitatis
1552 3297 1717 3352 titulo
1761 3294 1967 3352 labores
2003 3292 2063 3348 in

497 3405 606 3448 tant
637 3394 838 3464 diﬂicili
869 3397 1171 3458 certamine,
1207 3394 1360 3462 cujus
1407 3391 1694 3450 victoribus
1725 3389 1820 3443 hoc
1866 3387 2062 3442 addere

494 3487 703 3551 prsentii
745 3485 861 3539 loco
905 3486 1007 3539 sibi
1051 3485 1275 3553 placere.
1311 3481 1584 3536 Postremo
1633 3497 1750 3534 cum
1796 3478 2064 3533 discedere

497 3576 671 3640 illinc,
700 3584 750 3628 et
778 3574 992 3629 domum
1025 3575 1212 3628 reverti
1235 3572 1638 3626 decrevissentus
1662 3569 1795 3623 idem
1832 3570 1923 3623 ille
1949 3569 2065 3622 via-

500 3668 604 3721 tico
621 3674 877 3735 quantum
904 3665 962 3719 in
991 3664 1204 3735 longam
1235 3663 1386 3717 illam
1419 3663 1553 3716 viam
1582 3675 1710 3728 opus
1748 3670 1883 3725 erat,
1927 3660 2063 3712 libe-

499 3754 689 3814 raliter
719 3756 1024 3821 instructos,
1068 3755 1202 3813 votis
1253 3754 1466 3821 insuper
1507 3759 1771 3816 oneratos,
1815 3766 1931 3806 cum
1970 3749 2064 3804 Uei

2158 435 2389 502 gratiam
2440 432 2587 484 nobis
2644 427 2846 480 itineris
2896 424 3156 483 comitem,
3211 432 3258 474 et
3313 422 3521 491 longum
3552 422 3713 488 domi,

2156 534 2431 593 postquam
2473 537 2531 575 eo
2575 519 3007 588 peruenissemus,
3042 514 3190 582 pacis
3220 514 3452 582 fructum
3484 528 3714 577 compre-

2157 626 2388 676 caretur,
2424 613 2500 666 sic
2530 611 2737 664 demttm
2768 607 3144 677 ofﬁciosissime
3187 604 3414 657 dimisit.
3451 603 3600 654 Nihil
3624 603 3714 669 jus

2158 714 2426 759 ostentans
2469 718 2644 763 suum,
2690 711 2737 754 et
2778 699 3080 766 beneﬁcium
3129 695 3518 762 redemptionis,
3559 705 3716 760 neque

2157 806 2467 868 potestatem
2503 795 2558 847 in
2594 803 2750 862 caput
2792 792 2955 858 pretio
2986 795 3214 850 emptum
3263 786 3364 840 sibi
3405 787 3718 854 acquisitam

2157 884 2453 954 gloriatus;
2506 880 2646 950 quod
2706 879 2880 932 minus
2941 878 3200 929 humanus
3259 875 3398 942 forte
3454 874 3714 941 quispiam

2160 975 2299 1028 alius
2332 974 2571 1043 faceret:
2601 973 2707 1024 imo
2743 970 2892 1023 illam
2936 969 3104 1034 ipsam
3132 965 3408 1018 videbatur
3438 965 3719 1016 calamita-

2161 1072 2262 1116 tem
2306 1061 2640 1124 venditionis,
2687 1057 3047 1111 consolatione
3081 1054 3249 1106 multa
3292 1053 3488 1106 levans.
3522 1052 3598 1104 En
3633 1051 3719 1104 hic

2159 1152 2493 1215 Tlteodulns,
2537 1160 2611 1213 et,
2652 1148 2797 1218 quod
2827 1147 3003 1215 magis
3031 1153 3135 1207 est,
3166 1145 3323 1198 Nilus
3367 1145 3484 1212 ipse
3528 1141 3583 1194 in
3634 1155 3720 1194 sa-

2159 1243 2438 1299 cerdotem
2472 1250 2594 1312 post
2628 1249 2706 1294 tot
2733 1239 2946 1292 labores
2973 1250 3235 1306 operosos
3270 1241 3434 1303 atque
3463 1233 3720 1286 molestos

2157 1336 2344 1390 laurea
2365 1333 2668 1390 sacerdotis
2700 1331 2769 1386 ab
2793 1331 3073 1401 episcopo,
3105 1337 3157 1383 et
3182 1328 3306 1396 ejus
3331 1334 3447 1381 arte
3474 1332 3526 1380 et
3552 1332 3723 1378 marte

2157 1426 2528 1487 evinciuntur,
2556 1437 2678 1478 cum
2704 1430 2864 1476 antea
2889 1421 3040 1474 nulla
3067 1419 3334 1488 dignitate
3354 1416 3718 1472 ecclesiastica

2160 1515 2500 1587 effulgerent.
2552 1513 2732 1580 Quare
2783 1527 2892 1567 non
2943 1519 2998 1567 et.
3031 1511 3185 1565 Nilus
3233 1508 3304 1562 ob
3353 1509 3455 1561 has
3506 1505 3722 1559 easdem

2160 1606 2448 1677 speciosas
2486 1605 2654 1658 animi
2702 1603 2884 1668 dotes,
2939 1612 2993 1657 et
3033 1601 3406 1656 doctrinarum
3462 1605 3722 1666 praestan-

2161 1698 2317 1759 tiam,
2342 1703 2396 1751 et
2415 1701 2699 1750 enavatam
2730 1708 2951 1762 operam
2987 1707 3082 1762 pro
3107 1690 3420 1745 Christiana
3449 1688 3724 1758 republica

2167 1787 2432 1857 consequi
2464 1787 2643 1857 potuit
2689 1787 2970 1854 praemium
3027 1784 3094 1837 ab
3151 1781 3390 1850 antiqua:
3433 1777 3719 1848 religionis

2160 1878 2457 1948 exemplari
2495 1877 2798 1947 episcopo?
2829 1875 2942 1946 Ego
2979 1881 3127 1928 certe
3148 1889 3256 1927 non
3287 1872 3500 1931 dubito,
3524 1871 3648 1924 licet
3675 1869 3725 1922 ἰ‹Ι

2162 1971 2217 2023 in
2251 1968 2472 2037 scriptis
2511 1967 2746 2022 relatum
2796 1979 2902 2020 non
2945 1964 3037 2028 sit,
3082 1970 3393 2018 assecutum
3437 1960 3626 2014 fuisse.
3660 1957 3728 2012 Ut

2162 2059 2287 2114 hinc
2315 2057 2510 2112 merito
2535 2056 2604 2112 ab
2634 2057 2781 2111 illius
2821 2056 2922 2110 aevi
2948 2053 3336 2123 scriptoribus,
3371 2050 3575 2120 quibus
3601 2063 3723 2118 per-

2162 2153 2500 2222 vulgatiores
2546 2165 2602 2208 et
2650 2151 3144 2222 percelebratiores
3194 2155 3350 2202 erant
3395 2145 3570 2198 titulis
3620 2159 3727 2197 non

2161 2245 2420 2316 martyris
2450 2250 2688 2307 tantum,
2722 2242 2818 2298 sed
2848 2249 2902 2296 et
2941 2241 3185 2311 episcopi
3217 2238 3513 2307 insignitus
3547 2243 3728 2304 poste-

2161 2332 2306 2386 ritati
2360 2337 2659 2391 accesserit
2710 2331 2870 2397 :fetsi
2916 2345 3034 2404 qua:
3089 2329 3156 2383 de
3207 2343 3272 2382 eo
3327 2323 3729 2380 Commentaria

2159 2427 2600 2492 pertractabant,
2632 2422 3003 2487 extabuerint,
3034 2428 3088 2475 et
3122 2417 3187 2472 ad
3219 2417 3448 2472 nihilum
3486 2414 3725 2469 funditus

2162 2511 2449 2569 redierint.
2484 2513 2600 2569 Nisi
2650 2513 2924 2584 quispiam
2963 2508 3341 2580 perhorridas,
3375 2515 3430 2561 et
3487 2505 3727 2561 incultus

2162 2601 2217 2656 id
2250 2618 2479 2674 quoque
2526 2605 2709 2660 dicere
2757 2603 2974 2666 audeat,
3024 2603 3427 2670 exscriptornm
3462 2598 3728 2652 incuriam

2161 2693 2345 2752 Nilum
2397 2697 2550 2751 illum
2600 2694 2915 2766 Egyptium
2955 2693 3274 2762 episcopum
3323 2696 3378 2743 et
3435 2695 3727 2758 martyrem

2163 2800 2294 2842 cum
2347 2787 2456 2842 hoc
2503 2796 2695 2842 nostro
2739 2781 3355 2852 Constantinopolitano
3388 2777 3725 2833 confudisse.

2162 2872 2488 2947 Defunctum
2530 2875 2740 2929 tandem
2777 2875 2915 2927 hunc
2949 2871 3135 2925 Nilum
3169 2869 3414 2924 Justinus
3462 2867 3731 2921 Posterior

2159 2964 2285 3020 inde
2334 2963 2655 3017 translatum
2685 2963 2741 3016 in
2788 2962 3130 3031 fundamento
3176 2958 3484 3012 sacratioris
3511 2956 3729 3016 Mense.

2166 3064 2358 3109 narrat
2389 3051 2728 3123 Nicephorius
2759 3051 2856 3106 lib.
2894 3065 3007 3114 xw,
3039 3063 3160 3118 cap.
3186 3047 3275 3112 54,
3307 3047 3361 3100 in
3389 3062 3470 3105 eo,
3501 3045 3643 3114 quod
3666 3043 3728 3096 ab

2164 3147 2280 3215 ipso
2320 3144 2477 3198 Petro
2534 3151 2585 3196 et
2644 3141 2816 3196 Paulo
2868 3139 3226 3208 apostolorum
3275 3135 3599 3206 principibus
3663 3133 3728 3186 ad

2165 3234 2669 3304 orphanotrophium
2721 3240 3082 3286 constructum
3129 3238 3230 3296 est,
3267 3227 3455 3296 templo
3502 3227 3726 3295 reponit.

2173 3327 2268 3379 'Ov
2302 3325 2446 3378 τέλει
2473 3324 2566 3378 τοῦ
2616 3324 2732 3394 βίον
2765 3325 3109 3394 χρησαμένον
3149 3322 3428 3382 Ἰουστῖνος
3449 3319 3476 3371 ὁ
3503 3317 3725 3387 ὕστερος

2169 3415 2374 3469 ἐκεῖθεν
2391 3413 2747 3484 ἀνακομίσας,
2764 3413 2856 3484 ἐπὶ
2871 3413 2948 3484 τῷ
2970 3412 3153 3484 βάθρῳ
3167 3412 3264 3480 τῆς
3282 3411 3434 3481 ἱερᾶς
3452 3409 3726 3479 τραπέζης

2167 3507 2261 3560 τοῦ
2297 3507 2424 3579 παρ’
2465 3506 2628 3560 αὑτοῦ
2661 3505 2984 3576 δομηθέντος
3010 3506 3159 3560 οῐκου
3196 3503 3387 3574 Πέτρῳ
3419 3503 3511 3555 καὶ
3535 3499 3724 3568 Παύλῳ

2165 3601 2279 3662 τοῖς
2313 3598 2652 3670 .κορυφαίοις
2690 3597 2798 3652 τῶν
2859 3597 3170 3654 ἀποστόλων
3204 3597 3260 3649 ὲν
3290 3593 3365 3665 τῷ
3401 3593 3723 3665 ὁρφανοτροσ

2167 3691 2304 3760 φεεῳ
2341 3689 2620 3743 κατέθετο.
