3984 6150
1008 595 1237 682 ΤΟΥ
1309 597 1445 682 ΕΝ
1488 596 1855 683 ΑΓΙΟΙΣ
1930 595 2368 683 ΠΑΤΡΟΣ
2441 595 2772 683 ΗΜΩΝ

1453 786 2322 960 ΝΕΙΛΟΥ

821 1052 962 1110 ΤΟΥ
1034 1053 1365 1109 ΑΣΚΗΤΟΥ
1394 1093 1409 1118 ,
1470 1053 1810 1108 ΜΑΘΗΤΟΥ
1881 1054 2187 1108 ιΩΑΝΝοΥ
2247 1055 2386 1111 ΤΟΥ
2453 1057 2968 1114 ΧΡΥΣΟΣΤΟΜΟΥ

956 1222 1951 1358 ΕΠΙΣΤΟΛΩΝ
2058 1224 2590 1359 ΒΙΒΛΙΑ
2668 1227 2820 1360 Δ.

1252 1604 1425 1783 s.
1537 1611 1732 1779 P.
1828 1477 2029 1781 Ν.
2104 1610 2552 1781 NILI

466 1920 982 2044 ASCETIE,
1060 1919 1661 2010 DISCIPULI
1722 1920 1817 2007 S.
1861 1915 2378 2009 JOANNIS
2450 1921 3306 2015 CHRYSOSTOMI

330 2136 1684 2295 EPISTOLARUM
1828 2112 2343 2292 LIBRI
2502 2138 3471 2321 QUATUOR.

1464 2405 1822 2484 Interprete
1858 2405 2070 2468 Leone
2106 2402 2362 2468 Allalio.

830 2689 1292 2743 SERENISSIMO
1347 2689 1673 2741 PRINCIPI
1716 2691 2081 2743 RAYNALDO
2128 2694 2423 2745 ESTENSI
2472 2693 2594 2745 ΧιΕο
2638 2694 2989 2746 ALLATIUS.

350 2821 675 2885 Prcelara
705 2821 877 2901 genii
906 2823 1005 2884 tui
1048 2820 1312 2897 indoles,
1344 2822 1650 2902 Princeps
1676 2825 2102 2901 Serenissime,
2132 2827 2200 2889 in
2234 2846 2358 2907 qua
2384 2828 2718 2906 utriusque
2742 2827 2972 2904 gentis,
3002 2824 3164 2887 unde
3207 2826 3388 2904 origo
3428 2824 3549 2888 tibi

264 2931 384 2996 est,
415 2921 655 2982 lumina
671 2919 939 2982 ubertim
970 2919 1386 3001 efﬂorescunt,
1428 2922 1544 2983 etsi
1576 2921 1833 2983 Italiam
1860 2923 2218 2983 universam
2252 2922 2595 2995 exhilarat,
2645 2925 2696 2985 ii
2717 2934 2919 2984 tamen
2951 2924 3185 3001 gaudio
3210 2941 3346 3001 prae
3379 2932 3553 2984 ciete-

264 3023 364 3080 ris
412 3016 786 3098 efferuntur,
823 3017 934 3097 qui
966 3018 1439 3079 eminentissimi
1465 3017 1812 3080 cardinalis
1835 3018 2174 3082 Barberini
2205 3019 2507 3081 avunculi
2531 3021 2629 3081 tui
2659 3022 2725 3081 in
2751 3019 3139 3101 famulitium
3168 3018 3410 3080 ascribi
3441 3020 3549 3081 dc-

260 3122 665 3176 meruerunt.
689 3113 777 3174 Et
797 3132 944 3173 sane
972 3114 1160 3176 nimis
1189 3114 1416 3195 injusti
1440 3124 1659 3188 essent,
1706 3116 1763 3176 si
1796 3135 1973 3196 quem
2008 3118 2114 3181 ille
2145 3121 2511 3182 enixissime
2547 3120 2785 3197 diligit,
2830 3129 2884 3180 et
2915 3118 2987 3180 de
3018 3138 3137 3201 quo
3176 3127 3301 3179 tam
3328 3135 3554 3196 magna

264 3210 659 3274 Christiana:
684 3209 1052 3290 reipublicae
1089 3210 1314 3271 decora
1330 3214 1482 3291 jure
1512 3213 1747 3289 optimo
1774 3225 2153 3293 auguratur,
2176 3235 2304 3277 non
2326 3216 2621 3290 colerent,
2655 3217 3189 3296 suspicerentque.
3218 3217 3385 3276 Hinc
3417 3236 3555 3276 cum

259 3307 498 3371 nullus
530 3309 639 3381 sit,
662 3308 774 3389 qui
792 3307 1138 3388 majoribus
1170 3309 1300 3388 ejus
1328 3308 1702 3369 Eminentia
1731 3309 2064 3390 beneficiis,
2082 3332 2264 3393 quam
2280 3332 2413 3392 ego,
2436 3332 2501 3374 se
2518 3312 2889 3375 obstrictum
2906 3314 3305 3391 proﬁteatur,
3328 3313 3556 3392 majori

260 3423 547 3487 quoque,
578 3422 761 3486 quam
782 3403 920 3478 alii,
950 3401 1257 3481 religione
1285 3404 1483 3465 teneri
1510 3404 1727 3465 videor
1753 3404 2137 3471 observanti:
2159 3411 2357 3470 animi
2379 3408 2661 3481 laetitiam
2689 3416 3082 3469 monumento
3114 3405 3326 3487 aliquo
3350 3408 3413 3467 in
3440 3423 3557 3483 po-

257 3511 475 3563 steros
493 3501 806 3563 duratura
831 3500 1195 3581 attestandi.
1223 3499 1453 3577 Accipe
1471 3500 1695 3577 igitur,
1723 3499 2096 3561 Adolescens
2125 3502 2553 3576 Serenissime,
2575 3501 2817 3575 Nilum,
2839 3518 3022 3579 quem
3054 3509 3162 3562 tuo
3187 3501 3430 3561 nomini
3460 3497 3527 3559 di
3542 3531 3556 3541 -

258 3616 518 3671 camus,
545 3596 753 3674 egregi
766 3614 871 3656 um
888 3594 1129 3673 scilicet
1155 3594 1789 3668 Ecclesitedoctorem,
1808 3597 1916 3674 qui
1934 3615 2065 3659 non
2076 3600 2257 3662 modo
2275 3601 2730 3680 Chrysostomi,
2754 3618 2833 3660 ex
2853 3601 3031 3679 cujus
3056 3596 3268 3660 schola
3283 3597 3551 3676 prodiit.

257 3693 641 3756 doctrinam
668 3690 926 3764 redolet,
952 3692 1064 3753 sed
1087 3691 2052 3772 pietatemetiamubiquespirat,
2072 3697 2377 3759 hareticis
2394 3696 2896 3777 formidandam:
2918 3693 3157 3767 Nilum,
3189 3695 3468 3773 inquam,
3487 3701 3555 3750 at

253 3808 397 3850 non
422 3785 682 3869 qualem
709 3789 894 3849 annis
898 3789 1198 3867 proxime
1210 3788 1439 3866 elapsis
1470 3807 1500 3848 e
1524 3788 1816 3859 tenebris,
1842 3789 2144 3870 inquibus
2165 3792 2276 3853 diu
2293 3810 2356 3852 se
2386 3789 2725 3861 occulerat,
2751 3792 2818 3853 in
2847 3789 3041 3851 lucem
3067 3791 3241 3851 exire
3265 3787 3551 3850 vidimus.

251 3886 372 3947 sed
401 3884 843 3964 grandiorem,
882 3895 937 3945 et
958 3881 1108 3947 Nilo
1139 3884 1335 3961 fluvio
1370 3902 1502 3944 non
1532 3903 1561 3943 e
1588 3885 1720 3945 suis
1746 3885 2033 3964 fontibus
2063 3892 2437 3969 erumpenti,
2479 3891 2656 3952 tenui
2683 3888 2945 3961 scilicet,
3009 3898 3066 3948 et
3122 3888 3352 3964 exiguo
3387 3882 3556 3962 (talis

255 3981 426 4043 olim
458 3989 632 4049 erat,
659 3978 876 4040 illimis
915 3998 1061 4041 vero
1125 3980 1665 4057 etnitidissimus),
1696 3979 1803 4041 sed
1829 3981 2360 4043 Mediterraneum
2406 3980 2671 4061 pelagus
2704 3982 2883 4041 ostiis
2914 3976 3407 4058 septemgeminis
3441 3973 3558 4033 im-

245 4075 544 4158 pellenti
576 4092 708 4136 non
736 4075 1092 4139 absimilem.
1121 4075 1243 4139 Sed
1273 4078 1502 4156 quaeris
1528 4077 1825 4158 forsitan,
1858 4076 2023 4138 unde
2051 4077 2499 4138 incrementum
2527 4076 2857 4136 accesserit
2882 4096 2902 4142 ;
2938 4084 2993 4133 et
3024 4073 3089 4133 id
3119 4070 3347 4151 quaeris
3391 4071 3559 4149 quod

246 4177 442 4254 ipse:
476 4179 542 4232 et
579 4170 645 4232 si
671 4179 745 4233 tu
773 4188 900 4231 non
915 4189 1242 4251 quaereres,
1264 4172 1498 4253 quippe
1535 4172 1752 4250 ingens
1787 4190 1915 4232 meo
1937 4174 2185 4234 muneri
2207 4173 2488 4250 pretium
2516 4170 2719 4241 addit,
2743 4169 2917 4228 ultro
2946 4169 3381 4246 patefacerem.
3413 4166 3558 4224 Jam

242 4271 433 4333 vides
463 4285 665 4348 quem
689 4264 971 4346 designat
1006 4272 1238 4340 oratio,
1282 4268 1554 4329 eumdem
1576 4280 1789 4347 nempe
1815 4267 2414 4329 Eminentissimum.
2454 4267 2519 4326 Is
2552 4266 2713 4325 enim
2746 4263 2893 4325 dum
2911 4263 3098 4342 hujus
3129 4260 3338 4320 sancti
3385 4261 3553 4319 scri-

243 4367 481 4444 ptoris
508 4381 599 4426 ea:
636 4362 955 4437 Vaticana,
978 4361 1434 4441 Altempsiana,
1477 4372 1533 4424 et
1561 4382 1677 4423 sua
1698 4363 2096 4442 potissimum
2124 4361 2519 4436 bibliotheca,
2544 4368 2940 4421 monumenta
2960 4356 3229 4436 colligit,
3262 4375 3334 4416 ac
3364 4355 3421 4415 si
3458 4364 3553 4414 tot

246 4479 593 4543 aquarum
653 4456 927 4533 rivulos,
996 4460 1179 4537 longe
1208 4458 1284 4520 ab
1330 4457 1505 4519 alveo
1540 4469 1865 4537 eeagantes
1901 4459 1970 4520 in
2013 4458 2255 4521 alveum
2292 4460 2672 4533 reduxisset,
2713 4456 2930 4521 Nilum
2965 4458 3129 4520 hunc
3172 4475 3200 4516 e
3255 4450 3558 4534 populari

241 4560 507 4639 regium
532 4554 780 4638 effecit.
813 4556 982 4616 Hinc
1013 4573 1145 4617 non
1165 4572 1369 4634 parva
1390 4574 1526 4634 spes
1562 4558 1798 4628 oritur,
1837 4555 1913 4617 ab
1955 4557 2163 4618 eodem
2194 4559 2373 4636 longe
2396 4556 2638 4637 lateque
2675 4554 2910 4636 diffuso
2948 4555 3039 4616 ita
3068 4552 3361 4614 Ecclesite
3391 4569 3559 4611 cam—

241 4675 365 4733 pos
399 4655 781 4733 irrigatum
816 4652 924 4724 iri,
957 4661 1030 4714 ut
1060 4653 1128 4714 hi
1151 4651 1501 4733 fertiliores
1530 4652 1768 4714 redditi
1801 4650 2324 4716 abundantiorem
2358 4671 2543 4734 quam
2572 4661 2756 4712 antea
2792 4652 3045 4714 Christo
3102 4648 3368 4709 Domino
3405 4663 3559 4705 mes-

241 4774 375 4816 sem
405 4753 794 4835 suf/iciant,
831 4749 1113 4833 illudque
1131 4753 1425 4815 Davidici
1453 4753 1749 4815 carminis
1773 4748 2099 4812 oraculum
2120 4748 2455 4829 impleatur
2487 4770 2507 4809 :
2541 4771 2569 4805 «
2617 4747 2932 4809 Fluminis
2976 4747 3239 4825 impetus
3285 4741 3558 4820 laetiﬁcat

241 4860 592 4920 civitatem
631 4852 762 4915 Dei
792 4851 895 4934 (a).
928 4875 959 4910 ιβ
994 4853 1297 4932 Impetum
1318 4855 1386 4915 in
1418 4854 1533 4915 hoc
1561 4852 1818 4933 flumine
1844 4850 2054 4927 regius
2074 4857 2241 4908 vates
2278 4846 2584 4907 desiderat
2615 4863 2634 4901 :
2664 4850 2743 4903 at‘
2759 4860 3058 4924 quorsum
3084 4844 3113 4901 ?
3150 4838 3558 4900 Hilaritatem

234 4956 472 5033 potius
490 4968 693 5035 aqum
734 4933 970 5010 leniter
1000 4947 1262 5028 fluentes
1292 4948 1668 5019 conciliant,
1700 4966 1885 5028 quam
1931 4962 2064 5024 quw
2096 4942 2495 5020 rapidissimo
2542 4938 3224 5035 evolvunturs-Verum
3275 4952 3342 4993 ea
3394 4933 3559 4993 Pro-

228 5031 447 5134 pheta:
474 5031 669 5114 mens
699 5057 820 5120 est,
852 5059 922 5111 ut
952 5068 1214 5125 amnem,
1248 5051 1352 5110 cui
1378 5060 1621 5111 tantum
1654 5046 1977 5119 attribuit,
2000 5059 2129 5102 non
2161 5059 2238 5098 ex
2260 5040 2374 5101 hac
2409 5037 2826 5115 lacrgmarum
2862 5032 3024 5134 valle
3056 5031 3387 5134 originem-
3418 5036 3555 5087 tra-

238 5125 408 5228 here,
446 5151 568 5214 sed
599 5167 647 5209 α
681 5143 845 5208 coelo
885 5146 1090 5208 delabi
1121 5145 1566 5223 intelligamus.
1592 5144 1776 5220 Quod
1799 5145 1857 5204 si
1880 5145 1969 5204 ita
1993 5136 2340 5213 est,Nilum
2373 5136 2537 5196 hunc
2566 5143 2855 5228 nostrum
2884 5125 3560 5228 desig‘nas‘se‘audacter

234 5222 626 5320 asserimus,
667 5242 920 5325 quippe
945 5245 1057 5323 qui
1077 5262 1257 5304 nona
1277 5222 1588 5311 terrestri,
1614 5254 1683 5302 ut
1715 5240 2076 5319 Egyptius,
2096 5232 2397 5312 paradiso
2431 5228 2704 5301 desilire,
2739 5227 2844 5286 sed
2878 5225 3091 5325 divino
3132 5222 3559 5325 _._Spiritu‘tur-

234 5346 429 5425 gidus
457 5365 502 5407 a
532 5319 1006 5421 supracoilesti
1026 5339 1387 5402 descendere
1410 5339 1561 5417 jure
1587 5337 1810 5397 merito
1853 5335 2161 5397 videatur.
2195 5331 2385 5393 Nemo
2418 5330 2619 5425 igitur
2656 5323 3037 5425 insipientia
3080 5319 3351 5425 aliquem
3392 5320 3559 5378 insi—

231 5417 539 5517 mularet,
581 5417 712 5522 q—ui
745 5435 1204 5513 beatitudinem
1234 5435 1527 5508 crederet,
1563 5435 1620 5496 si
1647 5432 1782 5496 Nili
1805 5430 2200 5511 principium
2261 5425 2471 5497 sciret,
2499 5417 2826 5522 dummodo
2884 5418 3072 5496 hujus
3124 5419 3394 5522 fontem,
3430 5432 3560 5522 non

236 5515 531 5621 Coptici,
573 5515 949 5611 indagaret
975 5553 993 5591 :
1021 5533 1324 5612 siquidem
1361 5549 1490 5591 non
1534 5548 1741 5589 rerum
1770 5525 2162 5588 naturalium
2203 5539 2445 5591 causas,
2465 5520 2587 5592 sed
2606 5515 2962 5621 divinarum
3009 5517 3565 5621 perscrutanetur,

607 5601 837 5714 plura
877 5626 958 5687 ad
990 5601 1172 5707 huius
1203 5627 1535 5703 scriptoris
1588 5624 1849 5698 laudem,
1888 5624 2215 5699 incoeptum
2262 5615 2443 5675 semel
2496 5608 2973 5676 similitudinem
2998 5601 3454 5689 prosequendo,
3512 5602 3565 5661 si

305 5764 386 5832 (η)
423 5760 580 5825 Psal.
625 5771 771 5817 ην,
813 5748 877 5803 5-
