3984 6150
367 172 448 235 83
1877 193 1939 257 s.
1979 194 2143 256 NILl
3110 194 3139 209 "
3574 192 3646 257 ει

381 290 623 342 maximo
659 289 988 362 emagitaus,
1016 298 1308 366 ex‘torques
1347 316 1360 352 :
1402 314 1601 371 neque,
1657 303 1803 359 enim
1842 304 1955 376 ipse

2064 309 2158 378 τὴν
2188 306 2327 379 ἐμὴν
2352 306 2697 372 ταπείνωσιν,
2726 309 2789 362 οὐ
2827 308 2936 379 γὰρ
2984 307 3049 381 δὴ
3069 269 3181 379 ὲχὼ
3213 307 3351 381 πρὸς
3379 306 3539 362 τοῦτό
3572 325 3639 378 γε

380 380 448 435 ad
478 382 836 438 scribendum
878 385 1082 456 segnis,
1115 402 1292 458 neque
1326 391 1611 463 negligens
1644 408 1789 449 sum.
1813 394 1957 451 Dixit

377 473 566 542 itaque
643 477 834 531 nescio
884 477 1009 545 quis
1066 487 1192 535 ante
1237 494 1341 536 nos
1372 482 1426 536 in
1468 486 1731 540 memoria
1775 486 1955 541 ho‘mi-

384 578 539 628 num,
583 580 705 634 quae
733 565 937 636 scripto
977 566 1180 622 tradita
1216 583 1330 626 non
1353 581 1459 635 est,
1490 571 1687 627 famam
1719 573 1953 630 similem

378 654 524 724 apud
573 656 868 711 Eeclesiam
902 661 1223 714 conservari
1261 679 1274 715 :
1313 659 1556 718 Judream
1601 681 1797 737 nempe
1845 669 1957 736 pri-

377 761 522 800 mam
569 757 695 805 ante
746 748 884 804 alias
929 749 1000 805 ab
1034 750 1258 807 homine
1306 754 1633 819 habitatam,
1667 757 1719 826 2
1747 757 1958 813 Adamo

376 836 615 905 primum
648 837 896 891 omnium
930 839 1178 904 condito,
1221 843 1316 914 qui
1360 859 1391 899 e
1432 845 1688 915 paradiso
1722 846 1953 916 eiectus,

378 942 534 982 suam
577 923 633 982 in
663 943 723 983 ea
757 930 946 986 sedem
997 931 1231 999 locavit,
1272 943 1330 990 ut
1376 952 1582 1006 rerum,
1613 939 1813 1010 quibus
1840 941 1956 1010 ipse

377 1019 642 1089 spoliatus
682 1018 890 1085 fuerat,
939 1024 1224 1082 vicinitate
1264 1030 1672 1087 consolaretur.
1707 1029 1953 1087 Primum

376 1110 562 1181 itaque
607 1109 904 1169 Palaestina
963 1116 1317 1181 demortuum
1376 1121 1653 1177 hominem
1699 1119 1950 1194 excepit,

374 1217 501 1256 cum
551 1204 607 1258 in
666 1219 731 1259 ea
778 1204 1029 1263 Adamus
1080 1211 1307 1269 sceleris
1355 1229 1548 1285 ptenas
1606 1218 1951 1287 persolverit.

372 1294 509 1349 Cum
538 1310 672 1365 ergo
717 1297 787 1355 iis
817 1314 913 1368 per
951 1301 1093 1358 idem
1125 1307 1389 1375 temporis
1421 1308 1591 1362 vitam
1638 1312 1951 1381 agentibus,

374 1401 577 1441 novum
619 1403 685 1442 ae
754 1389 1003 1450 insolens
1031 1392 1340 1464 videretur,
1380 1399 1580 1469 capitis
1621 1416 1785 1458 carne
1819 1419 1951 1474 spo-

376 1479 572 1533 liatam
630 1480 835 1537 intueri
883 1485 1203 1551 calvariam,
1251 1490 1307 1544 in
1365 1490 1545 1545 locum
1592 1491 1951 1564 deponentes,

374 1566 641 1625 Calvaria‘.
679 1586 877 1629 nomen
912 1575 1034 1631 loco
1056 1576 1404 1643 indiderunt,
1438 1588 1494 1635 et
1520 1583 1834 1640 verosimile
1868 1591 1954 1640 est

2063 398 2313 470 ὀκνηρός.
2359 398 2565 470 Είρηκε
2616 399 2796 454 τοίνυν
2850 416 2935 465 τις
2982 401 3089 472 πρὸ
3136 401 3316 472 ἡμῶν,
3367 401 3449 454 ὅτι
3481 401 3644 470 λόγος

2061 490 2269 544 τοιόσδε
2296 490 2439 545 κατὰ
2465 490 2566 565 τὴν
2598 490 2847 561 ἄγραφον
2890 491 3108 564 μνήμην
3134 493 3193 546 ὲν
3219 494 3287 564 τῇ
3342 491 3644 566 Ἐκκλησία

2060 579 2403 647 διασώζεται,
2440 580 2517 646 ὡς
2556 581 2666 654 ἄρα
2718 581 2913 654 πρώτη
2956 582 3182 639 Ἰουδαία
3214 584 3292 655 (1)
3352 584 3641 656 ἄνθρωπον

2062 672 2218 743 ἔσχεν
2243 673 2525 745 οἰκήτορα,
2573 674 2664 727 τὸν
2702 675 3132 745 πρωτόπλαστον
3187 675 3360 746 Ἀδὰμ
3389 683 3530 746 μετὰ
3579 676 3646 730 τὸ

2062 762 2393 835 ἐκϐληθῆναι
2418 763 2514 817 τοῦ
2550 765 2881 837 παραδείσου
2929 765 2986 819 ὲν
3017 765 3190 839 ταύτῃ
3218 766 3641 839 καθιδρυνθέντα

2063 856 2201 928 πρὸς
2227 854 2579 928 παραμυθίαν
2618 848 2693 910 ὧν
2727 856 3021 928 ἐστερήθη.
3046 846 3281 929 ’Πρῶτον
3312 854 3404 913 οὖν
3439 859 3645 913 Παλαι-

2064 948 2218 1019 στίνη
2259 949 2354 1001 καὶ
2374 947 2569 1019 νεκρὸν
2594 947 2813 1013 ἐδέξατο
2846 946 3156 1020 ἄνθρωπον,
3190 950 3309 1002 ἐκεῖ
3331 948 3428 1002 τοῦ
3469 947 3643 1020 Ἀδάμ

2060 1040 2159 1112 τὴν
2184 1041 2485 1111 καταδίκην
2530 1040 2943 1113 πληρώσαντος.
2993 1040 3199 1094 Καινδν
3242 1038 3424 1094 τοίνυν
3464 1039 3643 1094 ἐδόκει

2060 1127 2199 1186 εἶναι
2236 1133 2347 1196 τοῖς
2378 1132 2499 1186 τότε
2540 1132 2768 1202 θεωρεῖν
2800 1131 2989 1185 ὀστέον
3028 1130 3266 1200 κεφαλῆς
3294 1131 3395 1200 τῆς
3438 1130 3644 1201 σαρκὸς

2059 1221 2378 1294 περιούσης,
2406 1223 2498 1278 καὶ
2516 1222 2844 1293 ἀποθέμενοι
2862 1223 2926 1276 τὸ
2962 1223 3187 1295 κρανίον
3214 1224 3273 1276 ὲν
3299 1224 3468 1294 τόπῳ,
3497 1225 3644 1295 Κρα-

2058 1316 2174 1370 νίου
2208 1315 2373 1370 τόπον
2417 1314 2728 1386 ὠνόμασαν’
2761 1315 2906 1379 είκδς
2938 1314 2997 1367 δὲ
3061 1314 3197 1386 μηδὲ
3233 1314 3325 1369 τδν
3353 1315 3500 1383 Νῶε,
3540 1316 3639 1370 τοῦ

2060 1406 2306 1478 ἀρχηγοῦ
2331 1406 2549 1461 πάντων
2578 1405 2883 1478 ἀνθρώπων
2912 1407 3179 1477 ἀγνοῆσαι
3202 1407 3294 1460 τὸν
3321 1408 3512 1477 τάφον,
3564 1408 3643 1470 ὡς

2064 1497 2204 1569 μετὰ
2237 1499 2332 1553 τὸν
2379 1497 2769 1570 κατακλυσμὸν
2822 1500 2917 1553 ἀπ’
2956 1496 3120 1552 αὐτοῦ
3158 1498 3488 1568 διασωθῆναι
3540 1499 3643 1569 τὴν

2060 1588 2316 1659 ποίμνην.
2365 1590 2563 1662 Διόπερ
2613 1590 2643 1643 6
2677 1591 2757 1653 είς
2786 1590 2886 1653 τὰς
2936 1588 3110 1660 ἀρχάς
3154 1588 3249 1642 τοῦ
3296 1588 3639 1660 ἀνθρωπείου

376 1661 492 1717 Noe
537 1667 925 1722 universorum
978 1669 1262 1726 hominum
1312 1673 1556 1743 parentis
1603 1674 1747 1732 haud
1793 1676 1952 1747 igno-

2064 1679 2285 1736 θανάτου
2317 1661 2633 1753 ἐρευνήσας,
2663 1681 2741 1745 είς
2763 1680 2854 1736 τὸν
2885 1681 3176 1751 λεγόμενον
3207 1679 3448 1749 Κρανίου
3474 1679 3641 1733 τόπον

379 1768 539 1811 rasse
590 1758 932 1827 sepulcrum,
986 1770 1044 1816 et
1090 1770 1215 1832 post
1245 1763 1576 1820 alluvionem
1610 1765 1758 1821 illam
1790 1768 1859 1822 ab
1891 1783 1955 1824 eo

2064 1764 2308 1836 τὸπάθος
2332 1771 2574 1839 ἐδέξατο,
2620 1772 2708 1825 ῐνα
2745 1772 2804 1824 ὲν
2850 1765 2896 1840 ᾧ
2936 1770 3086 1841 τόπῳ
3115 1772 3148 1841 ἠ
3180 1769 3356 1841 φθορὰ
3397 1770 3510 1823 τῶν
3539 1771 3638 1825 άν-

378 1858 599 1914 gregem
630 1858 1017 1904 conservatum
1055 1849 1244 1908 fuisse.
1278 1852 1628 1925 Quapmpter
1672 1857 1766 1926 qui
1807 1858 1959 1928 prin-

379 1937 526 2004 cipia
569 1940 830 1996 humanae
879 1945 1076 2000 mortis
1122 1946 1362 2015 penitius
1422 1949 1846 2021 pervestigavit,
1898 1951 1954 2006 in

377 2025 647 2084 Calvariae
697 2032 817 2086 loco
866 2035 1153 2092 cruciatus
1205 2038 1403 2107 subiit,
1461 2046 1519 2093 ut
1565 2056 1675 2111 quo
1735 2041 1787 2097 in
1832 2042 1955 2097 Ioco

375 2119 606 2175 exitium
638 2121 921 2179 hominum
956 2127 1290 2199 principium
1324 2131 1534 2198 habuit,
1577 2131 1631 2187 in
1663 2133 1854 2189 eodem
1899 2140 1956 2189 et

376 2213 528 2282 regni
580 2215 691 2268 vita
730 2217 955 2272 exordia
992 2219 1073 2275 sui
1111 2232 1359 2290 poneret,
1407 2231 1462 2279 et
1488 2226 1952 2294 quemadmodum

374 2306 430 2359 in
481 2303 693 2362 Adamo
738 2323 890 2366 mors
942 2311 1200 2377 invaluit,
1246 2317 1328 2369 sic
1351 2320 1403 2370 et
1434 2315 1489 2370 in
1535 2324 1714 2371 morte
1745 2316 1953 2374 Christi

373 2395 776 2467 languesceret.
808 2397 922 2454 Nec
956 2400 1119 2455 aliam
1146 2401 1217 2456 ob
1240 2416 1465 2459 causam
1494 2403 1667 2460 Isaias
1693 2406 1957 2475 propheta

371 2486 586 2543 dixerat
625 2506 641 2541 :
712 2507 733 2541 ι
787 2488 844 2545 In
897 2505 1095 2553 cornu,
1146 2492 1202 2546 in
1241 2492 1366 2547 loco
1407 2494 1597 2564 pingui
1629 2505 1683 2561 1;
1728 2514 1748 2549 ι
1782 2512 1955 2552 cornu

374 2590 636 2653 tanquam
689 2585 834 2655 quod
880 2586 1148 2644 adversus
1178 2595 1406 2661 mortem
1451 2593 1946 2663 prepugnaeulum,
1984 2607 2205 2649 erucem
2249 2591 2464 2647 Domini
2512 2592 2789 2659 habebat;

2054 1862 2287 1934 θρώπων
2327 1862 2426 1934 τὴν
2455 1860 2634 1934 ἀρχὴν
2676 1861 2891 1926 ἔλαϐεν,
2932 1861 3142 1916 ἐκεῖθεν
3171 1865 3203 1932 ἡ
3237 1860 3350 1930 ζωὴ
3397 1861 3501 1929 τῆς
3540 1860 3638 1931 βα-

2054 1952 2258 2016 σιλείας
2287 1952 2542 2025 ἄρξηται.
2574 1953 2685 2007 Καὶ
2737 1950 2926 2022 ὥσπερ
2958 1950 3177 2022 ἴσχυσεν
3207 1953 3264 2004 ὲν
3289 1949 3366 2021 τῷ
3402 1948 3572 2017 Ἀδὰμ
3609 1950 3638 2001 6

2053 2042 2302 2109 θάνατος,
2361 2043 2535 2108 οὕτως
2566 2044 2844 2116 ἀσθενήσῃ
2888 2043 2946 2096 ὲν
2978 2041 3056 2115 τῷ
3096 2041 3312 2110 θανάτῳ
3364 2039 3460 2093 τοῦ
3504 2041 3639 2110 Χρι-

2056 2135 2205 2191 στοῦ.
2227 2134 2326 2188 Διὰ
2340 2133 2497 2189 τοῦτο
2516 2135 2735 2206 εἴρηκεν
2750 2134 2978 2198 Ἠσαίας
2999 2136 3028 2186 6
3053 2133 3359 2203 προφήτης·
3388 2151 3407 2184 ι
3431 2130 3524 2186 Ἐν
3547 2130 3638 2184 κέ-

2058 2244 2201 2301 ρατι,
2228 2229 2284 2281 ὲν
2316 2226 2468 2297 τόπῳ
2497 2229 2661 2280 πίονιο
2692 2245 2711 2278 ι
2740 2226 2932 2296 κέρατι
2961 2226 3058 2296 μὲν
3083 2226 3158 2290 ὡς
3179 2224 3320 2278 κατὰ
3347 2223 3443 2277 τοῦ
3473 2224 3637 2278 θανά·

2056 2335 2149 2373 του
2194 2319 2532 2389 άμυντὴριος
2574 2317 2754 2387 ἔχοντι
2801 2317 2892 2372 τὸν
2937 2315 3169 2387 σταυρδν
3205 2315 3300 2370 τοῦ
3334 2316 3631 2371 Δεσπόσου·

2059 2407 2202 2462 πίονι
2218 2407 2382 2474 δὲ,ὡς
2414 2405 2554 2478 μετὰ
2583 2406 2676 2460 τὸν
2694 2405 3020 2477 παράδεισον
3035 2405 3144 2460 τῶν
3176 2404 3318 2458 κατὰ
3333 2404 3516 2477 πάσης
3538 2406 3636 2477 τῆς

2060 2497 2147 2565 ὐφ’
2179 2496 2314 2567 ἡλίῳ
2342 2495 2624 2568 πρωτείων
2655 2493 2960 2567 ἡξιωμένῳ.

2877 2589 3073 2665 pingui
3121 2603 3253 2646 vero
3270 2629 3287 2657 ,
3371 2597 3634 2662 tanquam

372 2677 466 2746 qui
528 2682 653 2746 post
695 2677 1013 2746 paradisum
1068 2678 1125 2734 in
1175 2686 1454 2735 terrarum
1496 2682 1634 2738 orbe
1694 2684 1955 2741 universo
1993 2685 2235 2756 primatu
2265 2683 2523 2754 dignatus
2552 2683 2648 2742 sit.

934 2794 1025 2849 Ill.
1059 2824 1132 2837 —-
1173 2794 1383 2851 Eidem.

448 2885 781 2941 Delictorum
825 2885 1047 2957 quidem
1095 2887 1222 2951 alia,
1253 2897 1307 2944 et
1333 2899 1464 2945 sunt
1501 2888 1708 2961 gravia,
1744 2896 1800 2947 et
1831 2889 1950 2947 exi-

375 2962 675 3030 stimantur
701 2990 841 3030 esse.
882 2972 1085 3030 Gravia
1117 2985 1248 3032 sunt
1294 2977 1677 3050 homicidium,
1712 2989 1766 3036 et
1794 2981 1953 3036 adul-

374 3066 577 3121 terium
610 3083 625 3120 :
651 3081 890 3136 namque
917 3074 1046 3123 sunt
1075 3070 1283 3138 gravia,
1307 3079 1361 3125 et
1380 3072 1644 3142 opinione
1668 3074 1951 3128 hominum

376 3159 565 3229 gravia
630 3159 982 3230 deputantur.
1059 3158 1452 3220 Verumtamen
1523 3164 1951 3235 jusjurandum,

376 3266 542 3322 grave
586 3252 838 3323 equidem
895 3260 1003 3321 est,
1045 3253 1410 3311 nihilominus
1474 3271 1642 3325 grave
1671 3270 1793 3313 esse
1836 3271 1952 3311 non

372 3344 679 3413 jndieatur.
710 3343 838 3401 Ideo
867 3345 1173 3401 cavendum
1231 3347 1394 3402 nobis
1438 3347 1759 3418 diligentius
1789 3349 1858 3405 ab
1887 3363 1956 3404 eo

376 3443 498 3501 est;
529 3438 646 3493 sive
677 3437 812 3491 illud
838 3437 1010 3507 juste,
1059 3439 1174 3499 sive
1219 3438 1426 3508 injuste
1472 3441 1839 3511 concipiatur,
1884 3457 1955 3498 ne

379 3526 435 3580 in
490 3524 625 3580 illud
671 3525 981 3596 praecipites
1036 3528 1144 3581 acti
1198 3535 1449 3584 extorres
1476 3522 1812 3601 sempiterna
1842 3532 1954 3586 vita

380 3614 672 3684 pellamur.

593 3724 646 3795 3
676 3722 769 3778 IV.
798 3754 867 3766 —
899 3724 1343 3805 MARCELLINO
1385 3728 1739 3788 MONACIIO.

447 3834 750 3899 Oratione,
808 3845 863 3892 et
923 3852 1182 3893 manuum
1237 3841 1562 3898 extensione
1624 3845 1955 3903 Amalecitas

379 3924 596 3996 Moyses
622 3926 791 3982 vertit
841 3927 894 3982 in
936 3927 1118 4000 fugam
1149 3932 1191 3985 ’.
1225 3929 1283 3986 Si
1324 3932 1490 4004 igitur
1518 3933 1675 3989 fratri
1707 3936 1956 3995 infensus

377 4025 574 4072 contra
607 4016 833 4074 fratrem
861 4025 1015 4074 tuum
1047 4028 1157 4076 non
1185 4036 1267 4088 es,
1298 4037 1601 4095 precesque
1633 4027 1954 4097 proproxi-

2594 2797 2670 2854 Γ.
2691 2826 2764 2840 -
2794 2796 2878 2864 Τῷ
2914 2795 3094 2864 αὐτῷ.

2130 2891 2212 2947 Τά
2242 2892 2341 2964 μὲν
2370 2891 2505 2946 ἄλλα
2528 2890 2637 2943 τῶν
2672 2891 3106 2964 ἁμαρτημάτων,
3134 2889 3228 2945 καὶ
3253 2888 3367 2943 ἔστι
3397 2887 3633 2959 χαλεπά,

2059 2984 2154 3038 καὶ
2190 2982 2470 3053 νομίζεται
2502 2977 2660 3037 εἶναι.
2688 2982 2917 3037 Χαλεπὰ
2953 2985 2981 3036 6
3009 2982 3188 3051 φόνος,
3221 2981 3315 3035 καὶ
3334 2983 3367 3051 ἡ
3399 2979 3634 3051 μοιχεία·

2058 3075 2155 3128 καὶ
2187 3074 2296 3145 γάρ
2331 3075 2448 3127 ἐστι
2477 3073 2736 3144 χαλεπὸν,
2768 3073 2865 3127 καὶ
2893 3071 3177 3145 νομίζεται
3203 3067 3343 3124 εἶναι
3372 3070 3636 3141 χαλεπόν.

2071 3163 2131 3218 '0
2158 3163 2216 3218 δὲ
2239 3146 2400 3235 ὅρκος
2426 3162 2543 3216 ἐστὶ
2591 3162 2692 3234 μὲν
2729 3161 2987 3233 χαλεπὸς,
3009 3163 3072 3214 οὐ
3103 3161 3384 3231 νομίζεται
3418 3160 3477 3214 δὲ
3503 3157 3638 3214 εἶναι

2059 3255 2312 3326 χαλεπός.
2342 3256 2541 3327 Διόπερ
2578 3254 2777 3325 μᾶλλον
2816 3253 2976 3327 αὐτὸν
3010 3250 3395 3322 φυλαξώμεθαο
3447 3250 3549 3305 κᾶν
3577 3266 3638 3303 τε

2060 3347 2301 3410 δικαίως,
2319 3346 2421 3401 κᾶν
2440 3362 2499 3399 τε
2521 3346 2582 3398 οὐ
2601 3326 3133 3415 δικαίωςόμνύηται,
3158 3342 3243 3394 ἴνα
3366 3342 3447 3404 είς
3476 3340 3638 3396 αὐτὸν

2062 3437 2517 3512 κρημνισθέντες,
2553 3437 2655 3503 τῆς
2688 3436 2910 3491 αίωνίου
2938 3435 3083 3507 ζωῆς
3109 3433 3498 3507 ὲξορισθῶμεν.

2346 3725 2421 3777 Δ⁹.
2452 3751 2521 3762 —-
2541 3720 3003 3791 ΜΑΡΚΕΛΛῙΝῼ
3043 3717 3355 3789 ΜΟΝΑΧῼ.

2132 3836 2210 3906 Τῇ
2260 3832 2393 3906 εὐχῇ
2434 3833 2527 3887 καλ⁵
2572 3835 2636 3904 τῇ
2693 3831 2803 3885 τῶν
2849 3829 3048 3902 χειρῶν
3097 3829 3316 3884 ἐκτάσει
3377 3802 3638 3899 ἐτρέψατο

2062 3926 2307 3997 Μωῦσῆς
2341 3924 2433 3979 τδν
2469 3923 2738 3996 Ἀμαλήκ.
2786 3922 2911 3976 Ἐὰν
2939 3920 3117 3975 τοίνυν
3157 3920 3231 3991 μὴ
3275 3919 3419 3990 ἔχεις
3450 3936 3635 3991 μνησι-

2062 4018 2263 4074 κακίαν
2309 4017 2447 4089 πρδς
2485 4016 2733 4087 ἀδελφὸν,
2781 4015 2877 4069 καὶ
2933 4012 3072 4085 εὔχῃ
3113 4012 3254 4084 ὑπὲρ
3316 4010 3410 4065 τοῦ
3472 4010 3641 4074 πέλας

377 4121 469 4161 mo
502 4115 555 4163 te
606 4105 898 4164 aﬂictante
935 4123 1000 4165 ac
1049 4110 1353 4166 suﬂocante
1390 4111 1512 4167 Deo
1548 4113 1806 4181 eﬂ‘undis,
1842 4128 1955 4168 ma-

2064 4110 2359 4173 θλίϐοντος,
2406 4109 2503 4163 ’καλ⁵
2546 4105 2842 4169 λυποῦντός
2871 4121 2957 4171 σε,
2989 4103 3253 4176 πρόδηλον
3280 4102 3363 4156 ὅτι
3398 4102 3510 4200 ἄνω
3561 4101 3640 4164 είς

384 4196 635 4254 nifestum
666 4211 770 4269 est,
810 4209 934 4259 tuas
978 4202 1092 4272 jam
1130 4196 1327 4260 manus
1351 4205 1417 4259 ad
1454 4205 1655 4259 emtum
1696 4216 1955 4260 extensas

2064 4199 2152 4253 τδν
2172 4199 2399 4271 οὐρανὸν
2428 4198 2484 4252 αί
2517 4197 2697 4269 χεῖρές
2742 4213 2835 4250 σου
2874 4194 3252 4259 ἀνατέτανται,
3299 4193 3394 4247 καὶ
3424 4192 3643 4253 πάντως

375 4304 521 4353 esse,
565 4292 774 4362 tibique
799 4291 1071 4345 auxilium
1113 4307 1221 4347 non
1253 4292 1598 4357 defuturum,
1626 4307 1754 4346 eum
1782 4292 1962 4346 tribu-

380 4381 534 4447 laris,
564 4388 620 4437 et
659 4396 690 4437 α
723 4380 945 4435 diabolo
964 4381 1297 4451 opprimeris
1334 4396 1350 4433 :
1379 4381 1427 4436 si
1463 4396 1593 4435 vero
1609 4396 1737 4452 erga
1772 4383 1961 4450 proxi-

379 4489 528 4529 mum
564 4470 916 4528 iracundiam
951 4471 1124 4533 loves,
1169 4486 1407 4541 eumque
1447 4486 1700 4536 accusas,
1731 4480 1787 4527 et
1813 4473 1962 4527 vitu-

378 4580 577 4635 peras,
619 4563 1005 4634 infamasque,
1070 4563 1300 4617 omnino
1365 4562 1647 4619 interioris
1718 4564 1963 4621 hominis

380 4672 578 4712 manus
627 4656 682 4711 in
728 4655 957 4710 humum
1011 4654 1384 4724 prependent,
1439 4653 1546 4708 etsi
1594 4654 1832 4711 videaris
1890 4658 1959 4709 ad

383 4747 553 4805 Deum
582 4763 803 4813 manus,
836 4755 893 4803 et
923 4753 1209 4815 aspectum
1246 4743 1593 4814 protendere,
1626 4761 1804 4816 neque
1832 4756 1961 4801 vota

379 4840 745 4895 exaudientur
770 4847 902 4894 tua:
939 4836 1165 4892 «Manus
1185 4837 1391 4891 etenim
1427 4846 1554 4903 tuae,
1586 4839 1764 4909 inquit
1791 4840 1957 4904 Deus,

381 4931 651 5000 sanguine
681 4930 931 4986 fraterno
959 4929 1137 4999 plenae
1177 4938 1305 4983 sunt
1332 4929 1372 4983 ⁸.
1414 4946 1432 4979 ι
1467 4928 1607 4994 Quid
1641 4930 1785 4985 enim
1819 4931 1961 4999 iniu-

382 5020 592 5075 riarum
641 5022 905 5076 memoria
961 5017 1298 5075 exitiosius?
1325 5016 1631 5075 Credamus
1668 5028 1959 5091 propterea

381 5112 614 5175 dicenti,
638 5110 933 5166 Lavamini
973 5124 1073 5180 per
1105 5109 1513 5179 pmnitentiam,
1540 5120 1595 5165 et
1621 5113 1744 5183 puri
1777 5113 1899 5169 sitis
1930 5128 1962 5166 a

384 5202 611 5257 malitiis
647 5204 848 5257 vestris
879 5217 975 5271 per
998 5215 1193 5272 puram
1223 5201 1689 5271 deprecationem.

455 5401 469 5431 '
502 5399 610 5457 Isa.
633 5402 768 5462 v.1.
849 5399 870 5429 '
906 5401 1078 5459 Exod.
1114 5419 1245 5471 xvu,
1279 5405 1304 5459 I
1338 5418 1495 5478 seqq.
1568 5404 1589 5436 ³
1617 5404 1723 5459 Isa.
1758 5419 1796 5470 ι,
1834 5404 1923 5459 15.

2066 4289 2318 4362 βοηθείας
2359 4290 2745 4359 ὲπιτυγχάνεις
2788 4289 2848 4341 ὲν
2900 4286 2977 4357 τῷ
3016 4284 3377 4357 πειράζεσθαί
3422 4301 3503 4346 σε,
3547 4281 3643 4334 καὶ

2065 4381 2491 4436 καταπονεϊσθαι
2530 4381 2636 4434 ὑπὸ
2676 4380 2771 4434 τοῦ
2825 4378 3091 4433 διαϐόλου·
3131 4377 3227 4429 ἐὰν
3275 4376 3331 4429 δὲ
3354 4376 3455 4446 τὴν
3480 4374 3645 4445 μῆνιν

2067 4473 2343 4546 φυλάττῃς
2381 4472 2519 4544 πρὸς
2550 4471 2644 4526 τὸν
2687 4470 2936 4543 πλησίον,
2981 4468 3076 4522 καὶ
3127 4466 3485 4528 καταϐάλλεις
3543 4464 3645 4517 αὖ·

2065 4563 2180 4632 τοῦ,
2211 4564 2306 4618 καὶ
2327 4563 2538 4634 ψέγεις,
2569 4563 2665 4616 καλ⁸
2700 4559 3005 4622 διαϐάλλεις
3030 4557 3123 4612 τὸν
3168 4556 3476 4629 ἄνθρωπον,
3508 4554 3647 4607 πάν-

2064 4673 2170 4720 τως
2199 4654 2278 4708 ἐτι
2308 4656 2458 4709 κάτω
2496 4652 2639 4724 ἔχεις
2668 4653 2769 4715 τὰς
2828 4654 3019 4722 χεῖρας
3044 4648 3140 4702 τοῦ
3194 4647 3302 4701 ἔσω
3331 4643 3643 4717 ἀνθρώπου,

2063 4746 2169 4800 κᾶν
2218 4747 2301 4810 είς
2332 4746 2394 4799 τὸ
2427 4744 2754 4815 φαινόμενον
2801 4743 2966 4812 δοκῇς
3001 4740 3139 4811 πρὸς
3192 4738 3326 4792 Θεὸν
3370 4734 3648 4791 ἀναπετά-

2068 4837 2180 4902 ζειν
2205 4837 2303 4900 τὰς
2344 4839 2554 4908 χεῖρας,
2588 4836 2678 4890 καὶ
2709 4835 2771 4889 τδ
2824 4835 3003 4905 δμμα,
3058 4832 3155 4886 καὶ
3177 4831 3238 4884 οὐ
3298 4829 3372 4900 μὴ
3399 4829 3652 4881 είσακουυ

2067 4927 2202 4998 σθῇς
2234 4928 2508 4999 δεόμενος·
2537 4946 2555 4980 ι
2599 4928 2666 4980 Δί
2693 4926 2801 4997 γὰρ
2840 4923 3019 4996 χεῖρές
3060 4940 3176 4986 σου,
3210 4919 3375 4990 φησὶν
3422 4920 3448 4972 6
3485 4916 3648 4982 Θεὸς,

2067 5019 2300 5090 αἵματος
2331 5017 2619 5087 ἁδελφικοῦ
2664 5017 2892 5086 πλήρεις
2934 5012 3088 5066 εἰσίν.
3132 5030 3153 5064 ι
3193 5011 3258 5063 Τί
3308 5007 3419 5079 γὰρ
3452 5014 3650 5075 μνησι-

2066 5112 2265 5174 κακίας
2326 5109 2719 5179 φονικώτερον;
2767 5104 3086 5174 Πεισθῶμεν
3134 5098 3228 5155 οὖν
3277 5099 3357 5169 τῷ
3408 5096 3652 5165 λέγοντν

2072 5200 2381 5256 Λούσασθαι
2418 5199 2508 5253 διὰ
2557 5196 2954 5270 μεταμελείας,
2995 5195 3090 5247 καὶ
3134 5190 3365 5258 καθαροὶ
3425 5186 3654 5256 γίνεσθε

2055 5291 2165 5346 ἀπὸ
2213 5290 2322 5346 τῶν
2354 5290 2631 5363 πονηριῶν
2669 5287 2824 5357 ὑμῶν
2863 5287 2951 5340 διὰ
2976 5285 3075 5356 τῆς
3104 5282 3353 5352 καθαρᾶς
3404 5278 3647 5341 ἱκεσίας.

455 5517 532 5594 (_I)
558 5518 696 5594 _Q__u_:e
733 5529 1047 5594 sequuntur
1074 5522 1241 5593 huius
1278 5524 1725 5594 epistolaelegere
1752 5531 1838 5594 est
1858 5518 2349 5594 in_m_immentario
2384 5517 2577 5574 Basilii
2613 5514 2794 5587 Magni
2820 5515 2886 5571 ad
2908 5512 3128 5579 Isaiam,
3191 5522 3316 5578 cap.
3388 5522 3439 5571 ν,
3492 5523 3651 5564 num.

389 5588 512 5644 ut.
558 5589 690 5648 Vide
721 5588 1049 5663 Pairologire
1076 5588 1464 5661 nostratem.
1498 5591 1670 5658 XXX,
1711 5593 1819 5647 col.
1854 5590 1957 5646 547
1988 5588 2049 5643 D.
2084 5588 2236 5642 Eon".
