3984 6150
322 228 392 290 85

892 339 1038 396 E'.—
1060 335 1146 405 Τῷ
1169 338 1348 405 αὐτῷ.
1937 333 1982 388 Α

413 431 532 502 Ἐφ’
562 431 736 502 ὕϐρει,
784 430 880 484 καὶ
933 430 1150 500 ἀτιμίᾳ,
1209 430 1305 483 καὶ
1353 427 1615 498 ἐπιϐουλῇ
1653 429 1720 494 τῇ
1780 423 1901 476 καθ’

334 527 492 598 ἡμῶν
537 525 623 579 διὰ
656 525 859 588 παντὸς
913 524 1166 594 ίδρῦσθαι
1207 523 1486 593 βούλονται
1534 521 1584 572 οἱ
1629 519 1903 585 δαίμονες,

332 615 488 682 ἀλλὰ,
537 615 719 678 καθὼς
762 613 909 683 λέγει
959 615 1324 685 όῙῙροφήτης,
1368 610 1818 682 αίσχυνθήσονται
1858 607 1906 660 oi

332 710 452 763 καθ’
502 708 663 778 ἡμῶν
693 709 777 776 ἐφ’
823 706 1004 777 ὕϐρει,
1053 705 1152 758 καὶ
1191 705 1371 774 ὑψηλῇ
1413 703 1631 773 καρδίᾳ,
1667 701 1759 755 καὶ
1814 717 1910 752 τα-

332 800 783 871 πεινωθήσονται.
854 798 1018 869 Ἡμῖν
1081 797 1139 850 δὲ
1201 797 1353 850 ἔσται
1407 797 1436 848 ό
1492 793 1756 862 στέφανος
1809 793 1909 861 τῆς

330 894 495 962 ζωῆς,
531 895 628 947 καὶ
662 892 842 960 δόξης,
888 891 982 944 καὶ
1003 889 1336 960 ἀφθαρσίας,
1360 889 1390 941 ὁ
1420 887 1646 950 πλακεὶς
1677 887 1790 948 τοῖς
1817 884 1910 938 τὸν

333 983 538 1058 Κύριον
573 985 961 1056 ὑπομένουσιν.

633 1079 800 1146 ςκ-
829 1075 1119 1146 nmmo
1146 1074 1606 1144 ΣχοΑΑΣτικᾳ.

404 1170 496 1239 Μὴ
517 1167 920 1240 παρρησιάζου,
970 1161 1015 1228 ὦ
1064 1166 1340 1236 ἄνθρωπε.
1397 1161 1756 1235 Δίσχύνεσθαι
1803 1161 1912 1231 γὰρ

335 1263 570 1332 ὀφείλεις
599 1261 743 1316 κατὰ
770 1261 988 1329 κράτος.
1023 1261 1143 1314 καθ’
1166 1261 1248 1313 ὅτι
1279 1259 1379 1322 τὰς
1413 1257 1654 1328 μοιχείας
1672 1255 1912 1318 ἐπαινεῖς

335 1353 445 1405 τῶν
479 1352 616 1406 θεῶν
647 1369 761 1414 σου,
789 1351 885 1404 καὶ
912 1352 1010 1415 τάς
1033 1351 1442 1419 παιδοφθορίας,
1476 1350 1568 1402 καὶ
1591 1345 1912 1417 προσκυνεῖς

336 1444 409 1498 τά
453 1443 672 1513 ὀλέθρια
714 1444 860 1514 πάθη
889 1444 988 1513 τῆς
1017 1441 1432 1513 αἰσχρουργίας,
1475 1442 1570 1494 καὶ
1603 1437 1756 1492 οὐδὲν
1778 1450 1914 1488 παν-

337 1535 510 1600 τελῶς
533 1534 662 1606 δύνῃ
706 1534 846 1604 ὑπὲρ
869 1534 932 1588 τὸ
958 1534 1118 1605 σῶμα
1147 1531 1496 1586 διανοεῖσθαι.

605 1706 681 1760 Z'.
726 1735 790 1750 ——
834 1708 1295 1778 ΜΑΡΚΕΛΛΙΝῼ
1327 1707 1638 1775 ΜΟΝΑΧῼ.
1941 1661 1985 1719 Β

407 1797 536 1852 Ὅτε
563 1797 791 1851 ἐπέλιπε
827 1799 898 1852 τὰ
932 1801 1207 1866 ἀναγκαῖα
1251 1802 1311 1853 ἐν
1347 1803 1414 1872 τῇ
1448 1804 1723 1874 Σαμαρίᾳ,
1761 1803 1915 1873 βασι-ι

338 1891 587 1955 λεύοντος
627 1892 830 1962 ’ῐωράμ
868 1891 960 1945 τοῦ
993 1890 1111 1946 υἱοῦ
1177 1893 1405 1961 Ἀχαά6,
1433 1893 1524 1947 διὰ
1551 1895 1613 1946 τὸ
1653 1895 1915 1965 ἐπιστρω-

335 1981 529 2036 τεῦσαι
554 1982 645 2035 τὸν
675 1982 898 2050 βασιλέα
933 1982 1043 2036 τῶν
1083 1982 1404 2053 ’Λσσυρίων,
1435 1985 1531 2038 καὶ
1572 1986 1784 2056 ἐπράθη
1823 2003 1916 2040 κε-

338 2072 484 2142 φαλὴ
521 2071 647 2124 ὄνου
670 2073 1012 2141 πεντήκοντα
1040 2071 1261 2135 σίκλων,
1290 2073 1386 2126 καὶ⁸
1431 2073 1691 2147 τέταρτον
1745 2075 1912 2130 κάϐου

337 2163 547 2231 κόπρου
587 2160 929 2230 περιστερῶν
959 2161 1122 2213 πέντε
1152 2161 1350 2214 σίκλων
1377 2163 1661 2234 ἀργυρίου,
1692 2166 1915 2235 προσδο-

339 2249 604 2318 κηθέντος
648 2251 886 2304 Θανάτου
924 2251 1221 2314 οίκτίστου,
1258 2253 1490 2324 τοσαύτη
1536 2257 1666 2325 παρ’
1697 2256 1916 2320 ἐλπίδας

342 2342 568 2408 γέγονεν
597 2341 842 2404 εὐθυνία,
893 2342 968 2406 ὡς
1014 2343 1211 2412 μέτρον
1260 2345 1590 2413 σεμιδάλεως
1639 2348 1915 2420 πραθῆναι

347 2431 559 2494 σίκλου,
596 2432 689 2484 καὶ
715 2431 1006 2502 διάμετρον
1037 2433 1232 2503 κριθῆς
1259 2435 1458 2502 ὁμοίως
1498 2437 1704 2490 σίκλουσ
1745 2457 1764 2489 ‹
1802 2440 1915 2492 K6-

346 2539 464 2592 ριος
490 2522 598 2591 γάρ
652 2522 994 2586 διασκεδάζει
1038 2523 1236 2592 βουλὰς
1267 2525 1454 2590 ἐθνῶν,
1489 2527 1584 2580 καὶ
1613 2528 1912 2598 ἀρχόντων·

341 2613 374 2680 ἠ
405 2610 460 2663 δὲ
490 2609 655 2680 βουλὴ
704 2611 799 2664 τοῦ
844 2613 1048 2684 Κυρίου
1107 2615 1187 2677 είς
1221 2615 1310 2667 τὸν
1341 2615 1513 2670 αἰῶνα
1559 2618 1728 2687 μένει.
1769 2638 1787 2670 ι
1823 2619 1915 2690 Μὴ

337 2703 520 2756 τοίνυν
551 2703 941 2774 ἀθυμήσωμεν,
962 2705 1100 2759 ἀλλά
1130 2707 1594 2780 προσδοκήσωμεν
1618 2709 1678 2776 ἐξ
1709 2710 1916 2775 ἐνδείας

339 2795 626 2866 εὐπορίαν,
651 2796 746 2849 καὶ
786 2796 853 2849 ἐκ
880 2795 1115 2866 θλίψεως
1147 2798 1348 2855 ἄνεσιν.

1546 217 2079 286 EPISTOLARUM
2141 222 2345 284 LIBJ.

3512 213 3581 276 86

2585 331 2652 388 ν.
2687 362 2756 374 --
2785 332 2994 387 Eidem.

2072 425 2132 479 In
2166 422 2485 493 opprobrio,
2515 432 2569 478 et
2591 422 2836 484 infamia.
2869 430 2922 475 et
2953 418 3216 474 adversus
3237 431 3338 472 nos
3363 414 3580 470 insidiis

2005 517 2152 571 omni
2191 524 2435 586 tempore
2466 513 2786 570 confirmari
2824 519 3090 583 appetunt
3133 510 3450 573 dazmones;
3486 523 3580 560 ve-

2009 615 2342 669 rumtamen,
2394 613 2456 658 ut
2504 605 2778 674 Propheta
2827 603 2902 656 ait
2951 602 2994 669 ⁸,
3043 601 3444 656 reverebuntur
3487 596 3579 666 qui

2007 705 2198 754 contra
2238 714 2342 753 nos
2370 707 2521 761 sunt,
2567 698 2620 751 in
2673 695 2993 766 opprobrio,
3024 703 3078 750 et
3102 694 3286 748 animo
3320 693 3488 754 elato,
3529 700 3582 743 et

2009 790 2475 846 humiliabuntur.
2505 790 2572 843 At
2603 805 2706 845 nos
2734 796 2786 844 et
2817 789 2965 850 vitae,
3002 796 3055 840 et
3088 786 3295 856 glorias,
3327 783 3578 840 etincor-

2009 881 2397 950 ruptibilitatis
2469 897 2708 947 corona,
2777 878 3227 949 exspectantibus
3289 876 3578 930 Dominum

2009 980 2293 1036 contexta.
2327 979 2636 1043 exspectat.

2222 1059 2312 1116 Vl.
2352 1093 2418 1103 —
2442 1059 2842 1117 HEI’HIESTO
2871 1057 3365 1114 SCIIOLAS'I'ICO.

2080 1151 2309 1209 Frustra
2345 1161 2554 1224 turpes,
2601 1167 2663 1208 ac
2697 1162 2897 1217 tumes,
2942 1151 3015 1206 mi
3048 1152 3246 1204 homo:
3272 1147 3580 1219 pudendum

2012 1249 2198 1318 potius
2249 1249 2396 1302 omni
2445 1248 2501 1320 4
2544 1257 2744 1303 conatu
2793 1247 2890 1302 tibi
2937 1247 3120 1309 fuerit,
3165 1258 3291 1298 cum
3355 1243 3580 1296 deorum

2015 1349 2237 1394 tuorum
2273 1340 2568 1403 adulteria,
2600 1347 2656 1395 et
2691 1354 2984 1410 puerorum
3032 1349 3220 1406 stupra
3249 1334 3487 1392 exlollis.
3533 1343 3583 1387 et

2015 1431 2342 1487 atTectiones
2388 1431 2639 1486 libidinis
2689 1433 2825 1486 satis
2871 1429 3213 1500 perniciosas
3261 1425 3540 1480 veneraris
3569 1465 3584 1487 ,

2016 1538 2198 1592 neque
2233 1522 2516 1592 quidpiam
2563 1522 2661 1576 tibi
2712 1521 2956 1576 occurrit
3002 1519 3252 1583 omnino,
3284 1514 3428 1586 quod
3459 1528 3585 1568 cor-

2016 1627 2150 1684 pore
2173 1612 2426 1682 superius
2449 1612 2541 1668 sit.

2262 1700 2378 1758 VII.
2411 1731 2480 1742 —
2511 1700 2952 1756 MARCELLINO
2988 1699 3340 1754 MONACHO.

2087 1791 2225 1846 Cum
2257 1791 2570 1847 necessaria
2603 1791 2657 1845 in
2691 1790 2940 1845 Samaria
2980 1791 3084 1846 sub
3110 1789 3318 1844 Jorami
3344 1787 3582 1842 Achaabi

2019 1882 2117 1937 [Ilii
2177 1882 2408 1952 imperio
2437 1882 2480 1947 ⁸,
2514 1897 2640 1952 rege
2682 1881 3028 1951 Assyriorum
3061 1879 3261 1933 bellum
3292 1877 3586 1940 inferente,

2015 1973 2343 2039 defuissent,
2385 1980 2440 2028 et
2477 1981 2642 2042 caput
2691 1974 2832 2028 asini
2877 1971 3274 2042 quinquaginta
3306 1969 3456 2024 sielis
3494 1983 3587 2022 ve-

2018 2062 2216 2127 nisset.
2271 2070 2326 2117 et
2374 2069 2572 2132 quarta
2629 2075 2756 2131 pars
2798 2062 2918 2117 cabi
2981 2059 3282 2130 palumbini
3331 2057 3590 2114 stercoris

2014 2155 2263 2226 quinque
2307 2155 2462 2210 siclis
2513 2156 2808 2225 argenteis,
2855 2156 2992 2209 adeo
3032 2164 3091 2209 ut
3141 2169 3290 2208 mors
3312 2153 3590 2206 teterrima

2016 2246 2276 2316 opinione
2326 2245 2572 2301 omnium
2620 2245 2957 2316 impenderet
3005 2263 3020 2298 :
3074 2257 3222 2299 tanta
3257 2259 3439 2299 rerum
3473 2259 3591 2297 um-

2023 2339 2176 2392 nium
2228 2337 2591 2402 abundantia,
2643 2350 2805 2407 atque
2839 2337 3063 2393 ubertas
3097 2351 3353 2407 agrorum
3397 2344 3592 2406 praeter

2019 2430 2269 2485 omnium
2304 2429 2772 2499 exspectationem
2832 2429 3080 2494 invaluit,
3124 2438 3183 2483 ut
3221 2429 3413 2484 similae
3439 2441 3592 2481 men-

2020 2535 2150 2574 sura
2183 2521 2320 2574 siclo
2357 2519 2634 2575 divendita
2667 2521 2758 2586 sit,
2797 2534 3010 2575 necnon
3045 2527 3100 2573 et
3123 2519 3311 2575 hordei
3343 2518 3594 2574 similiter

2021 2611 2156 2665 siclo
2219 2608 2490 2666 mensurae
2543 2611 2715 2666 duae:
2770 2632 2788 2664 ι
2828 2611 3091 2666 Dominus
3127 2612 3271 2666 enim
3328 2610 3594 2679 disperdit

2020 2703 2252 2757 consilia
2300 2704 2580 2770 gentium,
2646 2711 2703 2758 et
2749 2704 3106 2774 principum;
3159 2704 3412 2758 voluntas
3466 2717 3592 2757 vero

2023 2789 2240 2845 Domini
2265 2791 2319 2844 in
2346 2801 2611 2847 aeternum
2646 2801 2831 2848 manet
2863 2794 2904 2847 ⁸.
2938 2813 2957 2845 ι
3015 2792 3094 2848 Ne
3139 2794 3322 2862 itaque
3354 2793 3593 2862 despon-

2021 2881 2250 2937 deamus
2277 2881 2548 2943 animum.
2579 2885 2674 2938 sed
2703 2893 3090 2954 exspectemus
3120 2899 3187 2939 ex
3215 2884 3396 2955 inopia
3432 2884 3595 2937 uber-

1945 2989 1992 3052 ο
2024 2981 2211 3036 tatem,
2242 2980 2297 3026 et
2327 2987 2392 3028 ex
2431 2974 2786 3030 tribulatione
2820 2977 3098 3031 solatium.

559 3067 640 3120 H’.
669 3095 738 3107 —
781 3067 1188 3137 ΠΤΟΔΕΜΑΙῼ
1236 3067 1701 3137 ΣΥΓΚΛΗΤΙΚῼ.

414 3157 524 3210 Καὶ
556 3147 618 3210 τὸ
649 3158 811 3227 μόνον
846 3157 1137 3212 πιστεῦσαι
1165 3160 1244 3221 είς
1279 3157 1370 3211 τὸν
1403 3159 1632 3228 Σωτῆρα
1661 3157 1917 3229 Χριστὸν,

333 3247 654 3319 δικαιοσύνη
700 3249 842 3315 ἐστὶ,
881 3248 942 3302 τὸ
986 3249 1044 3302 δὲ
1099 3247 1431 3321 ὁμολογῆσαι
1480 3249 1641 3303 αὐτὸν
1692 3248 1770 3319 τῷ
1803 3250 1921 3303 στό-

339 3357 497 3411 ματι,
531 3339 802 3411 παντελὴς
837 3340 1100 3409 σωτηρία.
1813 3343 1821 3350 ’

881 3431 1033 3486 Θα-
1076 3429 1160 3496 Τῷ
1186 3431 1365 3497 αὐτῷ.

413 3523 584 3592 Φησὶν
612 3525 642 3577 ὁ
672 3521 957 3585 θεσπέσιος
1003 3523 1250 3584 Ἡσαΐας·
1304 3542 1322 3574 ι
1358 3524 1475 3577 Ἵνα
1519 3523 1769 3578 εῐπωσιψ
1806 3526 1920 3578 Οὐκ

335 3612 496 3665 ἔστιν
544 3612 620 3676 ὡς
655 3613 718 3664 τὸ
765 3613 916 3682 ῥῆμα
958 3611 1135 3676 τοῦτο,
1189 3614 1320 3683 περὶ¹
1353 3608 1414 3666 οὗ
1452 3614 1553 3666 οὐκ
1586 3615 1702 3667 ἐστι
1739 3614 1920 3668 δοῦναι

331 3702 512 3773 δῶρα.
552 3722 570 3754 ›
604 3703 769 3756 Οὐδὲν
819 3701 929 3773 γὰρ
983 3701 1235 3767 ἀντάξιον
1288 3704 1643 3775 εὑρεθήσεται
1671 3707 1769 3775 τῆς
1823 3704 1920 3757 τοῦ

333 3793 677 3846 Δεσποτικοῦ
706 3794 968 3865 ὀνόματος
1021 3797 1332 3866 ὁμολογίας,
1383 3797 1477 3850 καὶ
1510 3797 1610 3866 τῆς
1643 3813 1922 3866 παρασχε-

335 3883 540 3948 θείσης
570 3885 701 3952 ἡμῖν
743 3886 1036 3954 μακαρίας,
1081 3887 1176 3939 καὶ
1224 3887 1385 3955 ἁγίας
1406 3887 1682 3954 γνώσεως.
1723 3889 1920 3958 Διόπερ

333 3975 441 4025 ἐπὶ
474 3973 644 4042 τούτῳ
675 3974 873 4027 δίκαιον
907 3976 1088 4044 λέγειν
1125 3978 1187 4030 τὸ
1233 3979 1518 4032 Δαυῖτικὸν
1561 3978 1761 4046 λόγιονο
1803 3998 1821 4030 ι
1857 3980 1921 4031 Τί

325 4062 712 4118 ἀνταποδώσω
769 4065 844 4134 τῷ
880 4069 1068 4138 Κυρίῳ
1114 4069 1245 4140 περὶ
1292 4069 1510 4123 πάντων
1561 4062 1637 4122 ὧν
1697 4070 1923 4122 ἀνταπέ-

321 4155 484 4208 δωκέ
531 4173 646 4224 μοι;
689 4176 707 4208 ν
751 4158 932 4210 πίστιν
972 4159 1173 4223 λαϐὼν,
1227 4161 1324 4213 καὶ
1352 4159 1682 4222 ἀνταποδοὺς
1723 4159 1922 4226 γνῶσιν

319 4247 688 4316 ἐπουράνιον.
735 4249 800 4302 Ἦ
849 4252 956 4321 γὰρ
1020 4252 1150 4314 ἁγία
1200 4251 1403 4321 γνῶσις
1454 4251 1662 4323 μυρίων
1701 4251 1923 4320 ἀγαθῶν

318 4344 344 4394 ὲ
357 4359 448 4394 στι
498 4343 844 4414 περιεκτική.

897 4433 938 4488 Ι.
974 4465 1042 4476 —-
1076 4433 1160 4500 Τῷ
1193 4434 1373 4500 αὐτῷ.

393 4525 573 4587 Τινὲς
600 4525 676 4594 τῷ
708 4526 859 4596 θέρει
903 4529 967 4580 ἐκ
1009 4526 1247 4598 λιμένων
1292 4527 1619 4597 ἀναχθέντες
1652 4528 1919 4598 ἐναυάγη-

315 4634 448 4676 σαν,
511 4615 661 4679 τινὲς
717 4615 774 4668 δὲ
840 4615 900 4669 ἐν
940 4616 1172 4687 χειμῶνι
1239 4615 1570 4679 πλεύσαντες
1622 4617 1919 4680 ἀκινδύνως

312 4705 644 4776 ἐσώθησαν.
704 4705 865 4760 Πόσοι
930 4707 975 4759 δ’
1033 4706 1263 4776 ἀθληταὶ
1317 4707 1692 4761 ἀνενδοίαστον
1765 4708 1920 4778 νίκην

311 4799 814 4866 προσδοκήσαντες
870 4798 1217 4870 ἡττήθησαν;
1253 4800 1302 4852 oi
1354 4799 1411 4852 δέ
1457 4799 1553 4853 καὶ
1601 4799 1920 4870 δευτερείων

308 4889 728 4959 ἀπεγνωκότες
766 4887 835 4942 τὰ
887 4891 1131 4960 πρωτεῖα
1162 4889 1711 4961 ἐστεφανηφόρησανς
1767 4891 1921 4960 Μήτε

305 4977 406 5033 οὖν
469 4978 946 5048 καταφρονῶμεν,
1004 4979 1146 5048 μήτε
1193 4978 1607 5049 ἀπελπίζωμεν,
1667 4980 1782 5034 ἀλλ’
1835 4982 1923 5049 ἐφ’

305 5074 496 5128 ἄπεισι
528 5069 836 5142 πράγμασι
871 5075 938 5141 τῇ
990 5071 1123 5141 εὐχῇ
1160 5069 1531 5141 κολληθῶμεν.

871 5251 1050 5303 1Α’.-α·
1093 5249 1176 5314 Τῷ
1205 5248 1386 5313 αὐτῷ.

373 5347 528 5404 Εἰπὲ
593 5342 740 5411 πρὸς
779 5341 868 5393 τὸν
904 5342 993 5394 σὺν
1044 5343 1277 5411 ἑταῖρον,
1311 5341 1392 5393 ὅτι
1428 5339 1702 5412 θερμότης
1729 5342 1923 5412 ἀχαλί-

306 5456 481 5501 ηηγτος
526 5433 822 5502 μεγίστων
850 5432 1033 5485 κακῶν
1063 5432 1322 5502 πρόξενος
1361 5433 1472 5494 τοῖς
1498 5431 1805 5501 ἀνθρώποις
1834 5433 1920 5500 γί-

298 5547 434 5586 νετα
443 5545 483 5583 ι.

376 5645 399 5676 ⁸
429 5641 596 5698 Psal.
637 5651 836 5703 XXXIX,
877 5636 957 5690 i5.
985 5637 1002 5665 ⁸
1034 5634 1099 5692 IV
1137 5636 1344 5708 chm,
1382 5637 1470 5691 :23.
1514 5635 1533 5667 ⁶
1569 5637 1708 5692 I’sal.
1740 5655 1883 5695 sun
1918 5679 1930 5700 ,
1968 5642 2048 5694 in.
2127 5643 2144 5672 ⁷
2183 5640 2337 5693 Hum.
2386 5659 2434 5705 χ,
2478 5643 2555 5693 tu.

2241 3061 2378 3115 VIII.
2405 3092 2474 3106 --
2506 3063 2901 3120 PTOLEMIEO
2924 3063 3371 3121 SYNCLETICO.

2094 3153 2161 3207 Et
2210 3155 2592 3210 tantummodo
2647 3155 2781 3210 ﬁdes
2819 3156 2873 3209 in
2917 3155 3199 3211 Christum
3241 3157 3590 3212 Servatorem

2019 3245 2342 3315 justiﬁeatio
2380 3255 2466 3302 est
2519 3267 2532 3302 :
2576 3258 2626 3301 at
2683 3263 2806 3303 eum
2839 3249 3085 3302 conliteri
3117 3263 3213 3305 ore
3256 3250 3404 3304 salus
3432 3250 3595 3305 abso-

2021 3341 2134 3395 luta
2158 3341 2199 3392 ⁷.

2579 3438 2665 3492 IX.
2710 3466 2777 3479 -—
2823 3437 3029 3495 Eidem.

2095 3528 2319 3585 llivinus
2375 3530 2552 3599 inquit
2595 3531 2758 3586 Isaias
2807 3549 2820 3585 :
2875 3551 2894 3584 ι
2944 3534 3015 3589 Ut
3061 3533 3292 3588 dicant:
3338 3530 3460 3586 Non
3511 3538 3604 3584 est~

2023 3622 2166 3676 sicut
2209 3623 2433 3676 verbum
2475 3622 2599 3687 hoc,
2637 3639 2735 3692 pro
2775 3639 2885 3694 quo
2924 3625 3068 3680 dona
3117 3625 3301 3680 oll'erri
3331 3640 3439 3679 non
3471 3638 3596 3692 pos-

2022 3721 2151 3768 sunt
2174 3713 2218 3767 ⁸.
2259 3730 2277 3763 ι
2313 3712 2457 3768 Nihil
2501 3715 2647 3769 enim
2692 3715 2959 3771 Dominici
3003 3717 3242 3772 nominis
3293 3715 3592 3785 professio-

2022 3805 2131 3870 nis,
2187 3813 2242 3860 et
2285 3805 2500 3859 traditm
2529 3805 2580 3876 5
2612 3807 2772 3862 nobis
2817 3808 2990 3862 beatae
3013 3848 3026 3871 ,
3067 3816 3379 3876 sancteque
3407 3807 3594 3875 cogni-

2021 3891 2191 3945 tionis
2223 3890 2396 3945 instar
2435 3907 2558 3947 esse
2602 3902 2802 3962 potest.
2835 3894 3015 3960 Quare
3047 3911 3156 3949 non
3216 3897 3313 3948 abs
3346 3909 3404 3947 re
3431 3894 3593 3947 Davi-

2022 3979 2204 4033 dicum
2249 3980 2378 4033 iIlud
2433 3981 2828 4034 enuntiandum
2873 3991 2997 4036 est:
3032 3999 3050 4032 ι
3094 3981 3233 4045 Quid
3292 3981 3592 4034 retribuam

2027 4069 2258 4122 Domino
2289 4085 2389 4137 pro
2423 4071 2704 4132 omnibus,
2737 4086 2856 4139 quae
2888 4072 3138 4124 retribuit
3168 4071 3301 4125 mihi
3332 4071 3379 4125 ’ί
3415 4091 3431 4123 ι
3464 4085 3588 4126 cum

2025 4161 2186 4214 ﬁdem
2237 4148 2532 4228 acceperit,
2585 4167 2639 4214 et
2683 4161 2998 4216 retribuerit
3026 4163 3394 4232 cognitionem
3430 4163 3594 4216 ecete-

2026 4248 2406 4306 stcm.Sancta
2437 4250 2638 4322 quippe
2667 4252 2909 4322 cognitio
2945 4255 3234 4311 innumera
3273 4255 3419 4309 bona
3446 4255 3499 4308 in
3535 4273 3593 4310 se

1951 4323 1995 4382 ί)
2023 4342 2294 4397 continet.

2604 4435 2668 4489 Χ.
2707 4467 2775 4477 —-
2813 4436 3020 4492 Eidem.

2095 4523 2357 4581 Nonnulli
2413 4535 2604 4582 aestate
2656 4529 2932 4584 solventes
2975 4543 3005 4583 e
3056 4538 3214 4599 portu
3252 4531 3594 4598 naufragium

2026 4616 2308 4683 fecerunt;
2343 4619 2433 4671 alii
2474 4620 2652 4673 hieme
2693 4620 2901 4689 absque
2949 4621 3062 4675 ullo
3092 4622 3410 4675 discrimine
3436 4631 3597 4674 vento

2025 4708 2432 4762 secundissimo
2483 4725 2606 4764 sese
2658 4708 2918 4766 ﬂuctibus
2977 4713 3392 4766 commiserunt.
3452 4712 3598 4777 Quot

2026 4799 2157 4852 Item
2187 4800 2405 4853 athletae
2427 4800 2794 4856 indubitatam
2827 4803 3113 4857 victoriam
3141 4802 3242 4855 sibi
3271 4805 3595 4871 promitten-

2026 4895 2110 4943 tes
2151 4890 2398 4960 superati
2451 4894 2619 4946 sunt?
2661 4901 2796 4960 quot
2840 4905 2894 4946 et
2942 4893 3009 4946 de
3057 4891 3318 4945 secundis
3361 4893 3596 4962 prmmiis

2026 4981 2387 5049 desperantes
2414 4985 2647 5052 primam
2673 4986 2915 5039 victoriae
2943 4985 3178 5053 palmam
3211 4983 3595 5039 obtinuerunt?

2022 5072 2140 5127 Non
2173 5074 2358 5143 itaque
2387 5077 2748 5146 negligamus,
2788 5091 2963 5144 neque
2992 5084 3175 5127 mente
3217 5078 3594 5140 οοηςίιίθωυε,

2025 5165 2117 5218 sed
2151 5165 2318 5220 rebus
2353 5165 2407 5219 in
2438 5169 2697 5221 omnibus
2738 5167 2973 5220 orationi
3018 5165 3400 5221 inlizereamus.

2602 5257 2692 5310 XI.
2725 5286 2793 5296 ——
2816 5255 3023 5311 Eidem.

2095 5345 2277 5402 Etl'are
2316 5349 2494 5402 amico
2547 5358 2665 5411 tuo,
2705 5349 2917 5414 absque
2948 5348 3178 5403 habenis
3218 5351 3481 5417 impetum
3519 5365 3598 5403 ar-

2029 5439 2332 5507 doremque
2414 5441 2651 5491 maxima
2718 5440 3044 5496 mortalibus
3117 5440 3313 5492 ail‘errc
3387 5442 3599 5493 incom-

2029 5529 2151 5581 mod
2161 5547 2208 5580 a.

2637 5641 2653 5665 κ
2696 5640 2794 5694 lsa.
2833 5658 2946 5706 vm,
2990 5646 3078 5696 2t).
3157 5646 3174 5674 ε’
3220 5641 3361 5692 I'sal.
3398 5643 3607 5702 cxx-,5.
