3984 6150
390 188 457 250 87
1891 191 1954 252 S.

2061 190 2162 251 [Ll
3556 182 3631 256 88

936 297 1058 352 XII.
1101 327 1166 336 —
1203 295 1409 352 Eidem.

461 389 568 456 Qui
593 392 806 456 omnia,
845 394 1016 462 inquit
1056 393 1120 466 ξ’,
1163 389 1316 459 facit,
1348 399 1404 446 et
1441 391 1621 446 omnia
1662 390 1958 446 immutans

399 483 672 540 convertit
730 483 955 554 primam
983 483 1174 544 lucem
1222 482 1278 536 in
1336 481 1581 536 umbram
1633 483 1848 548 mortis,
1904 490 1959 537 et

399 584 614 631 noctem
668 575 724 629 in
773 574 913 629 diem
966 572 1295 628 obtenebrat
1323 591 1338 628 :
1371 573 1486 642 ipse
1527 571 1672 626 enim
1720 580 1826 636 est,
1861 572 1954 643 qui

397 666 761 729 conditiones,
791 674 845 720 et
876 675 1142 735 tempora,
1195 675 1250 720 et
1295 680 1382 721 res
1430 671 1781 720 transmutat.
1814 664 1959 720 Con-

395 759 559 812 vertit
617 771 746 826 ergo
793 754 938 811 Deus
996 757 1250 812 umbram
1304 757 1526 820 mortis,
1590 758 1643 811 in
1699 756 1956 813 virtutem

393 864 608 920 nempe,
638 855 692 904 et
715 847 1180 912 consolationem,
1221 855 1276 902 et
1307 849 1654 918 Splendorem
1685 858 1958 920 permutat

393 940 774 1012 peccatricem,
815 947 871 994 ct
927 939 1288 1009 caliginosam
1328 940 1720 996 conditionem.
1761 940 1959 996 Facul-

392 1040 557 1087 tatem
592 1045 815 1102 quoque
858 1031 964 1105 sibi
1000 1029 1244 1086 vindicat
1288 1032 1431 1087 diem
1476 1033 1533 1104 6
1577 1031 1755 1087 noctis
1786 1032 1958 1086 instar

388 1125 810 1189 obtenebrandi,
845 1125 966 1179 lata
983 1124 1200 1180 scilicet
1230 1135 1285 1181 et
1306 1125 1592 1196 splendida
1623 1126 1678 1181 in
1710 1126 1955 1182 tristiora

387 1224 551 1287 atque
591 1215 958 1272 inammniora
990 1217 1405 1272 transvehendi.

927 1323 1049 1378 XIII
1081 1354 1174 1382 .—
1203 1323 1412 1379 Eidem.

470 1435 489 1468 ι
531 1414 816 1487 Quisquis,
843 1417 940 1478 ait,
975 1425 1169 1472 octavo
1215 1417 1306 1472 die
1351 1433 1461 1472 non
1495 1417 1952 1484 circumciditur,

388 1510 844 1568 exterminabitur
885 1508 1010 1563 ⁸⁸³⁸.»
1062 1509 1246 1565 Infans
1299 1511 1432 1565 nulli
1478 1511 1613 1565 vitio
1659 1511 1953 1576 obnoxius,

1982 303 2034 362 Α

2573 304 2670 357 ιε’.
2708 332 2774 346 --
2813 305 2895 371 Τῷ
2923 303 3103 370 αὐτῷ.

2142 394 2198 445 ’0
2226 394 2414 458 ποιῶν,
2455 397 2610 466 φησι,
2663 395 2862 462 πάντα,
2911 396 3006 449 καὶ
3044 397 3488 465 μετασκευάζων,
3531 401 3626 453 καὶ

2057 485 2338 557 ἐκτρέπων
2369 487 2450 549 si;
2477 487 2539 540 τὺ
2576 485 2719 558 πρωῒ
2742 487 2899 541 σκιὰν
2931 486 3184 548 θανάτου.
3221 489 3316 543 καὶ
3343 489 3514 544 νύκτα
3546 493 3626 555 είς

2058 577 2270 648 ἡμέραν
2320 577 2687 642 συσκοτάζωνο
2750 578 2913 640 αὐτὸς
2959 579 3068 650 γάρ
3119 582 3268 634 ἐστιν
3317 581 3346 632 6
3397 581 3625 635 ἀλλοιῶν

2057 668 2440 734 καταστάσεις,
2491 671 2584 722 καὶ
2632 669 2880 739 χρόνους,
2923 670 3017 724 καὶ
3061 671 3381 741 πράγματα’
3429 673 3625 743 ὲκτρέο

2057 776 2147 813 πει
2173 755 2264 814 οὖν
2287 762 2315 814 ὁ
2343 760 2476 824 Θεὸς
2513 760 2611 831 τὴν
2647 764 2804 816 σκιάν
2837 762 2933 816 τοῦ
2961 763 3213 826 θανάτου.
3244 766 3519 818 τουτέστιν
3544 767 3626 827 είς

2057 852 2277 924 ἀρετὴν,
2337 855 2432 907 καὶ
2475 853 2759 924 εὐθυμίαν,
2808 856 2903 909 καὶ
2955 855 3254 927 φαινότητα
3298 857 3626 926 μεταϐάλλει

2055 944 2154 1015 τὴν
2187 945 2589 1018 ἀμαρτητικὴν,
2633 948 2726 1001 καὶ
2780 946 3059 1017 σκοτεινὴν
3109 949 3460 1004 κατάστασιν.
3509 950 3626 1016 Ἐξ-

2055 1033 2242 1087 ουσίαν
2293 1035 2350 1087 δὲ
2378 1034 2488 1105 ἔχει
2521 1037 2616 1089 καὶ
2667 1037 2880 1108 ἡμέραν
2923 1037 3004 1101 είς
3057 1035 3227 1089 νύκτα
3270 1038 3619 1091 συσκοτάσαι·

2054 1125 2329 1178 τουτέστιν
2361 1125 2428 1178 τά
2459 1127 2754 1198 περιχαρῆ,
2778 1128 2873 1180 καὶ.
2897 1125 3146 1198 λαμπρὰ,
3170 1127 3262 1180 ἐπὶ
3282 1126 3344 1180 τὸ
3374 1128 3623 1198 σκυθρω-

2054 1215 2280 1287 πότερον
2303 1215 2627 1287 μεταθεῖναι.

2569 1325 2759 1379 1Γ¹.-
2797 1325 2881 1392 Τῷ
2925 1327 3106 1393 αὐτῷ.

2133 1433 2153 1468 ι
2182 1415 2251 1468 Εῐ
2273 1432 2356 1478 τις
2380 1414 2456 1486 μὴ
2481 1415 2809 1487 περιτμηθῇ,
2839 1416 2996 1486 φησὶ,
3025 1420 3092 1487 τῇ
3113 1416 3273 1488 ὀγδόῃ
3308 1416 3512 1487 ἡμέρᾳ,
3542 1415 3624 1481 ἑξ-

2059 1505 2534 1578 ολοθρευθήσεται.
2574 1526 2593 1558 ι
2622 1507 2758 1577 Ούχὶ
2782 1507 2842 1560 τδ
2871 1508 3076 1562 ἄκακον
3131 1508 3225 1560 καὶ
3264 1508 3490 1577 ἀνόητον
3527 1509 3623 1578 νή-

389 1609 444 1658 et
483 1587 820 1671 intelligendi
862 1602 1125 1656 facultate
1177 1601 1330 1655 nullo
1378 1603 1540 1657 modo
1588 1602 1871 1672 praeditus,
1907 1602 1952 1658 si

2061 1614 2178 1651 πιον
2210 1597 2515 1662 κολάζεται,
2571 1599 2646 1669 μὴ
2675 1598 3030 1670 περιτμηθέν’
3068 1599 3270 1669 μᾶλλον
3317 1598 3425 1667 γὰρ
3457 1598 3624 1692 ἐχρῆν

390 1692 751 1748 circumcisus
783 1705 891 1746 nou
939 1691 1130 1758 fuerit,
1158 1707 1270 1746 non
1308 1693 1554 1762 punitur,
1580 1693 1675 1747 sed
1701 1702 1954 1763 parentes

391 1785 576 1854 potius
630 1783 779 1840 illius
822 1784 1152 1855 castigandi.
1199 1785 1268 1840 At
1307 1786 1420 1850 ille,
1452 1785 1526 1838 mi
1557 1785 1741 1850 homo,
1777 1785 1953 1855 punit,

351 1877 362 1886 ‘
393 1875 438 1930 si
464 1891 563 1946 per
595 1875 754 1931 fidem
777 1885 832 1931 et
862 1877 1172 1932 orationem
1203 1876 1628 1942 circumcidens,
1654 1891 1721 1931 ex
1743 1885 1797 1933 te
1824 1877 1957 1931 vitia

393 1981 502 2021 non
546 1966 868 2037 depuleris:
913 1967 1152 2023 infantes
1187 1969 1333 2024 enim
1389 1983 1513 2024 esse
1556 1968 1767 2023 malitia
1803 1969 1956 2038 jubet

393 2058 685 2127 Apostolus
729 2057 800 2115 “.
847 2059 1325 2117 Circumcidamus
1363 2061 1549 2132 itaque
1585 2061 1955 2132 nosmetipsos

389 2149 572 2220 gladio
614 2149 882 2222 Spiritus,
931 2151 1076 2207 diem
1108 2161 1390 2218 octavam,
1439 2153 1543 2207 hoc
1586 2162 1670 2209 est
1713 2153 1954 2208 futurum

389 2240 648 2293 mulum
679 2238 1056 2309 respicientes.
1094 2238 1568 2296 Circumcidamus
1589 2255 1716 2298 vero
1737 2255 1954 2296 omnem

389 2326 576 2382 carnis
625 2327 1044 2397 cogitationem,
1087 2337 1140 2383 et
1178 2344 1509 2396 sermonem,
1554 2337 1609 2384 et
1666 2344 1806 2399 opus
1851 2330 1957 2383 ini-

386 2433 581 2485 quum,
632 2433 700 2472 ne
737 2418 1147 2487 disperdamur,
1197 2427 1253 2472 et
1282 2420 1588 2475 alienemur
1619 2434 1651 2474 e
1680 2419 1859 2475 medio
1892 2420 1957 2473 il-

389 2507 496 2562 lius
526 2507 740 2578 populi,
771 2507 865 2576 qui
896 2508 1142 2562 salvatur
1171 2522 1268 2577 per
1296 2507 1604 2564 Christum.

914 2593 1056 2649 XIV.
1086 2624 1152 2634 —
1182 2595 1390 2651 Eidem.
1485 2594 1490 2599 ’

461 2703 482 2738 ι
524 2684 666 2742 Ecce
697 2685 842 2741 oculi
878 2685 1092 2742 Domini
1119 2700 1287 2758 super
1312 2686 1637 2742 timentibus
1665 2702 1812 2754 eum,
1834 2703 1957 2760 spe—

389 2777 646 2832 rantibus
679 2792 876 2844 nempe
926 2779 980 2833 in
1032 2777 1469 2835 misericordiam
1500 2778 1743 2836 illius“.
1785 2799 1803 2833 ι
1848 2780 1955 2846 Qui

385 2865 656 2935 justitiam
718 2869 984 2938 consequi
1033 2883 1102 2923 ex
1159 2868 1421 2940 operibus
1475 2884 1586 2924 non
1646 2879 1950 2940 exspectat,

2055 1686 2183 1749 τοὺς
2223 1689 2398 1755 γονεῖς
2445 1688 2822 1758 τιμωρεῖσθαι.
2894 1687 3032 1740 Ἀλλ’
3071 1687 3234 1750 αὐτὸς
3286 1686 3524 1750 κολάζει,
3580 1679 3624 1739 ὧ

2055 1781 2329 1852 ἄνθρωπε,
2364 1777 2458 1831 ἐὰν
2481 1777 2557 1849 μὴ
2589 1778 2677 1832 διὰ
2698 1779 2932 1842 πίστεως
2968 1779 3062 1832 καὶ
3092 1778 3254 1849 εὐχῆς
3284 1778 3625 1848 περιτμηθῇς

2055 1874 2153 1944 τὴν
2169 1873 2386 1927 κακίανο
2428 1869 2712 1942 νηπιάζειν
2747 1871 2856 1942 γάρ
2888 1873 2954 1942 τῇ
2985 1870 3153 1939 κακίᾳ
3171 1869 3382 1922 κελεύει
3417 1868 3623 1923 ὁἈπό-

2056 1965 2260 2028 στολος.
2298 1963 2555 2024 Ἑαυτοὺς
2594 1963 2776 2016 τοίνυν
2828 1962 3246 2032 περιτέμνωμεν
3289 1964 3354 2032 τῇ
3383 1961 3626 2032 μαχαίρᾳ

2053 2055 2149 2111 τοῦ
2165 2054 2306 2109 Πνεύ
2315 2071 2504 2126 ματος,
2527 2054 2932 2116 ἀποϐλέποντες
2952 2055 3032 2116 εἰς
3053 2053 3152 2124 τὴν
3171 2052 3362 2123 ὀγδόην
3390 2053 3622 2124 ἡμέραν,

2054 2147 2330 2202 τουτέστιν
2357 2147 2438 2209 είς
2462 2145 2554 2200 τὸν
2591 2144 2849 2216 μέλλοντα
2873 2142 3064 2199 αίῶνα.
3090 2141 3550 2213 Περιτεμνώμεθα
3567 2141 3625 2194 δὲ

2057 2239 2164 2292 πᾶν
2191 2236 2448 2306 σαρκικὸν
2499 2236 2773 2306 φρόνημα,
2805 2234 2899 2286 καὶ
2928 2232 3084 2300 λόγον
3125 2231 3219 2284 καὶ
3256 2229 3419 2301 ἔργον
3457 2230 3628 2302 παρά-

2057 2341 2237 2396 νομον,
2273 2323 2362 2378 ἴνα
2397 2325 2470 2396 μὴ
2503 2322 2995 2393 ἑξολοθρευθῶμεν,
3030 2321 3129 2375 καὶ
3173 2320 3626 2392 ἀλλοτριωθῶμεν

2057 2417 2120 2469 ἐκ
2157 2415 2324 2488 μέσου
2361 2415 2456 2468 τοῦ
2483 2414 2616 2469 λαοῦ
2646 2414 2754 2468 τῶν
2782 2413 3105 2484 σωζομένων
3137 2412 3225 2468 διὰ
3259 2411 3519 2482 Χριστοῦ.

2579 2599 2677 2651 IA'.
2711 2627 2776 2638 —
2814 2595 2898 2662 Τῷ
2920 2595 3098 2661 αὐτῷ.

2130 2708 2149 2742 ι
2192 2689 2319 2744 Ἰδοὺ
2361 2689 2412 2742 oi
2439 2688 2705 2758 ὀφθαλμοὶ
2728 2686 2934 2758 Κυρίου
2973 2687 3067 2739 ἐπὶ
3100 2685 3226 2748 τοὺς
3261 2683 3627 2756 φοϐουμένους

2055 2781 2237 2842 αὐτὸν,
2269 2781 2395 2843 τοὺς
2427 2778 2745 2842 ἐλπίζοντας
2780 2777 2872 2831 ἐπὶ
2901 2777 2968 2831 τὸ
2995 2776 3142 2840 ἔλεος
3162 2775 3348 2830 αὐτοῦ.
3385 2793 3404 2826 ι
3454 2776 3514 2829 '0
3551 2775 3625 2844 μὴ

2055 2870 2370 2942 προσδοκῶν
2402 2869 2460 2933 ἐξ
2485 2868 2661 2938 ἔργων
2680 2852 3059 2938 δικαιωθῆναι,
3094 2868 3261 2938 μόνην
3289 2866 3402 2937 ἔχει
3435 2865 3626 2946 ἐλπίδα

390 2964 598 3011 tantum
639 2973 791 3028 spem
831 2973 943 3013 suze
982 2956 1180 3013 salutis
1209 2958 1263 3012 in
1287 2957 1702 3015 misericordias
1727 2960 1944 3016 Domini

2061 2961 2324 3034 σωτηρίας
2349 2961 2475 3024 τοὺς
2502 2959 2854 3030 οίκτειρμοὺς
2881 2957 2972 3012 τοῦ
3001 2955 3157 3011 Θεοῦ’
3182 2958 3307 3011 ὅταν
3321 2955 3430 3025 γάρ
3459 2954 3626 3009 ἀκού-

388 3049 722 3104 collocavit:
765 3065 892 3105 cum
925 3051 1070 3106 enim
1109 3050 1366 3117 audierit,
1401 3051 1568 3107 Deum
1596 3068 1957 3123 unumquem-

384 3154 496 3207 que
541 3139 844 3194 secundum
891 3156 1054 3212 opera
1100 3153 1609 3210 remuneraturum,
1662 3145 1958 3213 animoque

392 3241 579 3281 secum
611 3228 897 3298 ipse,suas
923 3229 1155 3286 volverit
1179 3231 1331 3286 labes
1364 3238 1419 3285 et
1445 3230 1800 3286 conscientiae
1832 3231 1957 3285 vul-

393 3332 544 3381 nera,
577 3333 767 3388 pmnas
794 3319 970 3388 timet,
1003 3329 1058 3376 et
1092 3321 1260 3376 minis
1295 3321 1626 3377 absterritus
1669 3322 1956 3389 formidat;

391 3421 460 3463 ne
500 3424 632 3464 vero
670 3423 701 3462 a
739 3424 976 3466 mmrore
1034 3398 1371 3474 suffocetur,
1433 3411 1489 3464 in
1545 3410 1958 3466 misericordias

393 3500 507 3564 Dei,
557 3499 822 3570 illiusque
849 3500 1248 3556 humanitatem
1297 3517 1448 3572 spem
1479 3517 1634 3557 suam
1663 3503 1955 3559 convertit.

942 3588 1061 3645 XV.
1097 3620 1162 3630 —
1197 3589 1405 3645 Eidem.

455 3677 593 3734 Illud
628 3679 877 3749 Apostoli
915 3694 928 3731 :
977 3698 996 3731 ι
1025 3677 1087 3734 In
1123 3690 1304 3735 atomo
1329 3681 1393 3743 ⁸³,
1442 3700 1461 3734 ι
1496 3681 1636 3738 idem
1669 3694 1772 3748 est,
1814 3698 1880 3739 ac
1913 3685 1957 3740 si

385 3769 512 3841 quis
536 3769 700 3836 alius,
722 3769 1058 3828 indivisibile
1087 3780 1420 3829 momentum
1457 3775 1718 3845 temporis
1733 3774 1958 3832 diceret.

907 3948 958 4019 ⁷
978 3946 1116 4004 XVI.
1145 3979 1215 3990 —
1233 3948 1436 4004 Eidem.

465 4039 726 4110 Spiritum
745 4041 1038 4112 accepisti,
1055 4043 1150 4113 qui
1174 4051 1459 4098 scrutatur
1481 4043 1572 4099 Dei
1593 4043 1865 4115 profunda
1894 4047 1956 4110 “,

386 4145 493 4184 non
549 4138 609 4184 ut
663 4129 756 4186 Dei
801 4141 1051 4188 naturam
1113 4135 1574 4205 comprehendas,
1636 4137 1717 4191 uti
1777 4144 1960 4192 mente

2059 3054 2227 3126 σῃότι
2252 3053 2281 3103 6
2318 3050 2452 3114 Θεὸς
2481 3049 2750 3104 ἀποδώσει
2771 3049 2986 3119 ἑκάστῳ
3015 3047 3154 3101 κατά
3184 3049 3253 3101 τὰ
3281 3047 3419 3118 ἔργα
3439 3045 3626 3109 αὑτοῦ,

2057 3144 2152 3197 καὶ
2176 3142 2459 3212 λογίσηται
2484 3140 2680 3194 ἑαυτοῦ
2711 3139 2780 3194 τὰ
2807 3140 2942 3210 ἔργα
2982 3139 3084 3209 τῆς
3117 3138 3415 3209 ἁμαρτίας,
3445 3136 3629 3205 φοϐεῖ-

2055 3250 2144 3286 ται
2177 3232 2274 3302 μὲν
2299 3231 2399 3301 τὴν
2427 3230 2668 3292 κόλασιν,
2712 3229 2808 3282 καὶ
2841 3228 3184 3298 ὑποπτήσσει
3223 3229 3337 3289 τοῖς
3368 3224 3627 3278 ἀπειλου-

2061 3322 2262 3393 μένοις.
2293 3321 2437 3393 Πρὸς
2463 3320 2519 3374 δὲ
2548 3319 2610 3372 τὸ
2660 3318 2735 3389 μὴ
2765 3317 3137 3387 καταποθῆναι
3177 3317 3281 3370 ὑπὸ
3301 3317 3404 3386 τῆς
3429 3314 3623 3385 λύπης.

2061 3412 2280 3474 εὔελπίς
2311 3413 2427 3466 ἐστι
2472 3412 2607 3482 πρὸς
2633 3410 2760 3474 τοὺς
2802 3408 3150 3480 οίκτειρμοὺς
3198 3405 3293 3460 τοῦ
3334 3405 3495 3469 Θεοῦ,
3533 3403 3628 3458 καὶ

2057 3504 2119 3558 τὸ
2141 3504 2518 3575 φιλάνθρωπον
2546 3500 2886 3556 ἀποϐλέπων.

2544 3593 2643 3646 IE'.
2687 3621 2756 3632 —
2778 3591 2864 3658 τῷ
2883 3588 3063 3656 αὐτῷ.

2131 3687 2204 3740 Τὸ
2231 3684 2516 3757 εἰρημένον
2539 3682 2643 3735 ὑπὸ
2669 3681 2761 3736 τοῦ
2801 3681 3126 3736 Ἀποστόλου
3143 3696 3157 3709 ·
3190 3697 3209 3732 ι
3241 3679 3331 3732 Ἐν
3360 3678 3568 3748 ἀτόμῳ,
3597 3692 3615 3726 ι

2059 3780 2122 3834 τὸ
2158 3780 2419 3849 ἄτμητον,
2479 3776 2554 3840 ὡς
2592 3775 2656 3830 ἄν
2709 3792 2795 3839 τις
2858 3774 3023 3841 εἴποι,
3062 3773 3159 3826 κει.)⁵
3209 3771 3496 3841 ἀκαριαῖον
3532 3765 3622 3821 τοῦ

2062 3871 2256 3944 χρόνου
2289 3869 2458 3940 δηλοῖ.

2555 3959 2672 4026 ις’.
2699 3990 2770 4005 -
2811 3956 2895 4023 τῷ
2911 3955 3092 4021 αὐτῷ.

2135 4058 2208 4111 Τὸ
2239 4054 2474 4124 Πνεῦμα
2511 4051 2723 4118 ἔλαϐες,
2749 4051 2811 4103 τὸ
2839 4047 3091 4121 ἑρευνοῦν
3124 4047 3222 4100 καὶ
3249 4043 3316 4098 τὰ
3358 4042 3496 4112 βάθη
3531 4037 3620 4093 τοῦ

2065 4143 2226 4206 Θεοῦ,
2259 4143 2357 4212 οὐχ
2383 4141 2472 4194 ἵνα
2495 4137 2806 4208 καταλάϐῃς
2833 4135 2993 4205 φύσιν
3021 4133 3178 4197 Θεοῦ,
3209 4131 3284 4195 ὡς
3320 4130 3470 4197 λέγει
3518 4125 3620 4179 Εὐ-

384 4229 575 4291 captus
609 4221 908 4279 Eunomius
937 4227 1306 4293 asseverabat,
1341 4227 1436 4281 sed
1477 4238 1534 4282 ut
1577 4229 1852 4297 profunde
1907 4237 1955 4282 et

2063 4237 2248 4306 νόμιος
2272 4237 2300 4287 ὁ
2326 4230 2641 4304 παραπλὴξ,
2663 4229 2775 4283 ἀλλ’
2791 4228 2878 4281 ἵνα
2901 4225 3108 4297 βαθέως
3138 4223 3232 4277 καὶ
3263 4221 3443 4290 σοφῶς
3471 4219 3622 4284 δοξά-

386 4313 666 4383 sapienter
715 4315 948 4384 gloriam
995 4314 1228 4370 Domino
1267 4318 1530 4372 exhibeas
1563 4337 1576 4373 :
1612 4334 1849 4388 namque
1881 4320 1957 4374 ait

385 4403 682 4472 Apostolus
705 4421 719 4458 :
747 4422 766 4455 ι
789 4404 1016 4474 Egomet
1042 4418 1152 4458 non
1173 4403 1416 4458 arbitror
1447 4406 1952 4474 comprehendisse,

385 4509 585 4564 sequor
629 4501 832 4557 autem,
872 4493 919 4548 si
957 4508 1068 4561 quo
1127 4491 1290 4548 modo
1333 4495 1796 4565 comprehendam
1821 4497 1884 4550 ιδ.
1929 4515 1947 4548 ι

903 4583 1068 4639 XVII.
1114 4612 1190 4627 —-
1221 4584 1430 4642 Eidem.

455 4677 597 4742 Quid
618 4675 753 4730 illud
785 4685 907 4732 est:
951 4695 970 4728 ι
1014 4677 1126 4734 Nos
1160 4678 1498 4733 intellectum
1545 4679 1749 4736 Christi
1789 4681 1956 4737 habe~

387 4782 512 4824 mus
560 4768 647 4821 "1'
683 4785 703 4819 ι
765 4765 1056 4839 Purgatam
1121 4771 1334 4826 scilicet
1363 4769 1570 4827 habens
1627 4773 1952 4842 praecipuam

388 4859 556 4913 animi
603 4867 811 4928 partem
873 4875 1042 4931 pure,
1097 4869 1152 4917 et
1207 4862 1516 4917 sublimiter
1561 4862 1858 4930 discurro,
1901 4873 1956 4920 et

388 4947 673 5018 splendide
701 4950 865 5005 vitam
900 4950 1063 5005 duco.

904 5040 1088 5097 XVIII.
1124 5071 1194 5083 --
1231 5041 1437 5096 Eidem.

465 5129 730 5200 Spiritum
785 5135 1137 5204 accepimus,
1169 5133 1372 5189 fatetur
1407 5135 1707 5205 Apostolus
1737 5137 1801 5199 ",
1842 5153 1952 5193 non

393 5230 454 5278 ut
510 5223 881 5292 addiscamus,
943 5241 1192 5296 quaenam
1245 5226 1317 5282 sit
1377 5226 1705 5283 adamussim
1772 5230 1954 5284 divina

390 5325 605 5380 natura,
635 5314 730 5371 sed
785 5324 844 5370 ut
887 5316 1249 5387 intelligamus
1297 5318 1506 5373 inﬁnita
1541 5319 1678 5375 bona
1725 5336 1953 5378 munera

495 5509 542 5543 ¹⁶
579 5511 744 5566 Amos
773 5527 828 5572 v.
873 5509 926 5565 8.
1031 5511 1260 5566 "‘Gen.
1300 5529 1436 5578 xvn,
1503 5514 1590 5570 ιι.

406 5580 444 5613 ⁸³
473 5577 496 5636 I
532 5585 657 5639 Cor.
690 5597 749 5647 tt,
776 5581 860 5636 I0.
939 5581 982 5614 ¹⁸
1005 5579 1237 5652 Philipp.
1269 5597 1353 5651 ιιι,
1381 5577 1467 5638 I2.

1707 5515 1747 5545 “
1803 5515 1974 5570 lCor.
2011 5529 2121 5573 xtv,
2184 5514 2273 5567 20°

1548 5583 1776 5639 “lCor.
1806 5600 1868 5649 tl,
1915 5584 2005 5636 16.
2047 5585 2086 5616 ⁸⁷
2123 5583 2254 5638 Ibid.
2292 5583 2375 5639 I2.

2063 4305 2159 4398 ζῃς
2195 4324 2284 4378 τὸν
2313 4323 2546 4394 Κύριον
2576 4320 2709 4391 φησὶ¹
2731 4317 2838 4389 γὰρ
2867 4318 2896 4369 ὁ
2932 4314 3278 4378 Ἀπόστολος,
3321 4312 3404 4366 ὅτι
3433 4331 3451 4364 ι
3488 4305 3626 4376 Ἐγὼ

2062 4415 2216 4469 οῦπω
2251 4414 2536 4484 λογίζομαι
2595 4409 3003 4481 κατειληςρέναι,
3041 4405 3222 4460 διώκω
3249 4404 3328 4470 δὲ,
3361 4402 3477 4472 εἴγε
3535 4399 3627 4453 καὶ

2061 4505 2373 4562 καταλάϐω.
2421 4523 2440 4557 ι

2629 4594 2728 4647 IZ'.
2760 4591 2843 4658 Τῷ
2890 4591 3071 4656 αὐτῷ.

2133 4689 2199 4742 Τί
2221 4691 2368 4742 ἐστιν
2399 4704 2412 4717 ·
2456 4705 2474 4738 ι
2507 4687 2696 4756 Ἡμεῖς
2729 4685 2852 4738 νοῦν
2891 4682 3128 4754 Χριστοῦ
3185 4680 3414 4751 ἔχομενς
3446 4697 3465 4731 ι
3499 4678 3628 4730 Του-

2057 4779 2229 4842 τέστι,
2267 4777 2690 4848 Κεκαθαρμένον
2716 4777 2855 4846 ἔχων
2893 4775 2954 4828 τὸ
2978 4771 3326 4845 ἡγεμονικὸν,
3375 4767 3627 4838 καθαρῶς

2059 4887 2141 4936 τε,
2177 4868 2272 4923 καὶ
2334 4867 2552 4939 ὑψηλῶς
2609 4864 2946 4934 διανοοῦμαι,
3012 4863 3108 4916 καὶ
3157 4857 3428 4930 λαμπρῶς
3481 4855 3627 4910 πολι-

2057 4959 2306 5031 τεύομαι.

2594 5047 2702 5102 IH'.
2723 5077 2795 5088 —
2817 5045 2901 5111 Τῷ
2925 5043 3105 5109 αὐτῷ.

2131 5142 2205 5196 Τδ
2243 5140 2466 5211 Πνεῦμα
2504 5138 2823 5208 εἰλήφαμεν,
2881 5134 3114 5197 καθὼςὸ
3161 5130 3499 5192 Ἀπόστολος,
3532 5126 3624 5195 οὐχ

2059 5235 2146 5288 ἵνα
2174 5231 2514 5301 ἐπιστάμεθα
2536 5230 2617 5292 τίς
2651 5230 2767 5282 ἐστι
2793 5229 2933 5281 κατά
2962 5226 3060 5295 τὴν
3104 5223 3390 5294 ἀκρίϐειαν
3417 5223 3452 5285 ἠ
3470 5219 3623 5288 φύσις

2056 5322 2150 5377 τοῦ
2183 5321 2341 5386 Θεοῦ,
2373 5320 2484 5374 ἀλλ’
2519 5319 2605 5372 ἵνα
2635 5319 2913 5388 νοήσωμεν
2943 5314 3011 5368 τὰ
3050 5315 3154 5368 ὑπὸ
3192 5311 3287 5366 τοῦ
3313 5309 3450 5363 Θεοῦ
3475 5323 3629 5379 χαρι-

2389 5514 2430 5544 ¹²
2456 5511 2604 5566 Psal.
2635 5525 2786 5565 um
2815 5549 2828 5576 ,
2860 5509 2946 5567 I8.
3058 5509 3103 5540 ¹³
3144 5507 3161 5560 1
3199 5505 3327 5561 Cor.
3392 5523 3484 5569 xv,
3533 5505 3619 5560 52.
