3984 6150
274 240 342 306 89

1498 255 2034 322 EPISTOLARUM
2061 263 2207 325 LIB.
2250 263 2300 324 Ι.

3459 263 3526 325 90

279 380 474 434 σθέντα
504 381 636 451 ή¹μίν
667 382 831 452 μυρία
859 381 1039 451 ἀγαθὰ
1065 384 1387 458 δωρήματα,
1425 388 1570 460 ἅπερ
1604 393 1698 446 καὶ
1723 392 1826 446 διας

1947 380 2106 434 nobis
2163 394 2195 434 a
2246 381 2356 435 Deo
2411 378 2632 446 tradita,
2674 393 2795 450 quae
2835 377 3245 436 adduc-cutibus
3300 382 3529 451 exponi-

274 473 540 545 λιγόμεθα
592 475 701 537 τοῖς
733 475 1208 547 μαθητευομένοις.

797 565 898 619 ΙΘ’.
930 595 1000 606 —-
1031 566 1116 631 Τῷ
1139 564 1320 632 αὐτῷ.

343 653 467 716 Πῶς
499 653 564 707 ἄν
602 652 693 708 καὶ
730 653 940 725 ὑπέστη
992 656 1111 709 τόδε
1155 657 1218 709 τὸ
1263 657 1431 728 πᾶνῆ
1470 659 1722 728 συνέστη,
1765 661 1840 732 μὴ

274 743 404 798 Θεοῦ
435 745 503 798 τὰ
544 747 724 800 πάντα
768 746 866 800 καὶ
921 745 1307 812 οὐσιὼσαντος,
1357 750 1454 803 καὶ
1489 751 1838 821 συνέχοντος;

273 836 398 890 Οὐδὲ
417 837 524 907 γὰρ
549 837 779 908 κιθάραν
806 856 891 902 τις
919 839 1064 910 δρῶν
1091 841 1351 894 κάλλιστα
1377 842 1716 912 ἠσκημένην,
1747 843 1842 896 καὶ

174 969 184 975 .
270 929 362 1000 τήν
397 928 604 1002 ταύτης
641 931 1030 1002 εὐαρμοστίαν,
1061 934 1156 985 καὶ
1176 933 1453 1000 εὐταξίαν,
1483 934 1516 1006 ἢ
1542 937 1640 1005 τῆς
1679 933 1840 988 κιθα-

273 1018 468 1090 ρῳδίας
521 1021 693 1091 αὐτῆς
744 1021 960 1076 ἀκούων
990 1022 1121 1076 ἄλλο
1158 1041 1231 1087 τι,
1263 1024 1296 1096 ἢ
1325 1025 1418 1078 τὸν
1460 1026 1559 1096 τῆς
1607 1025 1840 1093 κιθάρας

267 1108 594 1179 δημιουργὸν
647 1112 743 1164 καὶ
785 1110 877 1164 τὸν
905 1111 1205 1183 κιθαρῳδὸν
1259 1114 1412 1183 ἐννοή
1423 1131 1508 1185 σῃ,
1557 1114 1651 1167 καὶ¹
1705 1113 1841 1184 πρὸς

270 1199 428 1252 αὑτὸν
480 1201 870 1273 ἀναδραμεῖται
902 1205 968 1272 τῇ
1000 1202 1231 1275 διανοίᾳ,
1281 1205 1388 1259 κᾶν
1441 1205 1650 1272 ἀγνοῶν
1701 1201 1839 1275 τύχῃ

266 1290 383 1350 ταῖς
405 1288 614 1358 ὕψεσιν.
653 1288 810 1343 Οῦτω
841 1292 934 1344 καὶ
959 1293 1091 1361 ἡμῖν
1115 1292 1177 1344 τὸ
1208 1293 1491 1364 ποιητικὸν
1518 1293 1698 1364 δῆλον,
1746 1295 1840 1347 καὶ

267 1379 327 1430 τὸ
350 1379 556 1445 κινοῦν,
587 1383 682 1434 καὶ
736 1382 938 1452 τηροῦν
981 1383 1051 1438 τὰ
1100 1385 1468 1456 πεποιημένα,
1526 1385 1630 1439 κάν
1674 1383 1750 1456 μὴ
1769 1387 1836 1456 τῇ

267 1471 473 1544 διανοίᾳ
508 1473 997 1547 περιλαμϐάνηται.

787 1740 872 1796 Κ’.
912 1771 982 1782 -
1003 1740 1093 1806 Τῷ
1108 1740 1288 1806 αὐτῷ.
1866 1735 1910 1790 Β

333 1829 482 1900 Τάχα
509 1831 572 1884 οὐ
605 1831 767 1901 μόνον
798 1833 904 1886 ἀπὸ
935 1833 1029 1886 τοῦ
1059 1834 1381 1904 νικήσαντος
1413 1832 1703 1905 ἀνθρώπου
1724 1833 1832 1901 ἀφ-

263 1916 508 1974 ίστανται
557 1922 697 1993 πρὸς
741 1925 934 1993 καιρὸν
964 1924 1330 1992 οίπειρασταὶ
1385 1924 1656 1994 δαίμονες,
1695 1921 1835 1976 ἀλλά

258 2008 356 2060 καὶ
387 2010 495 2062 ἀπὸ
522 2010 616 2063 τοῦ
658 2011 1008 2080 ἡττηθέντος,
1054 2011 1189 2064 διότι
1215 2009 1252 2064 δ’
1277 2012 1408 2074 Θεὸς
1436 2011 1833 2082 προνοούμενος

256 2099 354 2152 τοῦ
386 2100 516 2153 ἰδίου
561 2102 902 2172 πλάσματος,
953 2101 1168 2155 δίδωσιν
1196 2103 1416 2173 ἀνοχὴν,
1445 2104 1538 2156 καὶ
1567 2103 1832 2172 ἀνάψυξιν

256 2189 446 2258 ὀλίγην
479 2191 556 2262 τῷ
580 2193 946 2262 νενικημένῳ,
980 2192 1069 2246 ἵνα
1107 2191 1309 2264 δυνηθῇ
1351 2194 1704 2260 ἀναπνεῦσαι,
1740 2196 1835 2248 καὶ

257 2284 512 2350 συλλέξαι
552 2284 652 2348 τὰς
693 2286 901 2347 οἰκείας
929 2284 1209 2354 δυνάμεις,
1254 2286 1348 2339 καὶ
1392 2287 1553 2341 πάλιν
1603 2289 1834 2359 ἀντᾶραι

255 2377 450 2446 χεῖρας
468 2375 612 2430 κατά
635 2376 746 2430 τῶν
767 2377 1094 2430 ἀντιπάλων.

792 2469 923 2521 KA'.
956 2497 996 2508 -
1018 2468 1101 2535 Τῷ
1120 2468 1298 2534 αὐτῷ.

345 2577 365 2612 ι
407 2559 473 2612 Ἦ
506 2559 650 2628 ψυχὴ
695 2560 848 2630 ήμῶν
905 2561 1167 2631 ὑπομενεῖ
1201 2560 1277 2631 τῷ
1315 2561 1526 2631 Κυρίῳ,
1576 2561 1660 2615 ὅτι
1702 2560 1830 2631 βοη-

251 2649 378 2716 θὸς,
441 2650 535 2703 καὶ
584 2651 996 2722 ὑπερασπιστὴς
1033 2652 1192 2722 ἡμῶν
1215 2655 1352 2706 ἐστι.
1383 2671 1402 2704 ι
1464 2653 1825 2725 Παράκλησιν

249 2739 366 2809 εχει
392 2741 532 2812 πρὸς
570 2742 894 2811 ύπομονὴνδ
923 2743 1100 2811 λόγος,
1135 2743 1299 2807 ὥστε,
1333 2744 1436 2798 κάν
1471 2761 1600 2797 ποτε
1651 2760 1825 2797 κατα-

248 2828 558 2900 λειφθῶμεν
594 2832 699 2885 ύπό
718 2849 862 2893 τινος
893 2834 1002 2887 τῶν
1032 2833 1406 2899 ἐκθλιδόντων,
1439 2835 1514 2906 μὴ
1539 2833 1819 2906 χωρισθῆ-

248 2939 335 2974 ναι
359 2923 469 2976 ἀπὸ
497 2924 596 2994 τῆς
619 2924 840 2994 ἀγάπης
873 2924 964 2978 τοῦ
1010 2925 1166 2992 Θεοῦ,
1197 2927 1296 3002 τῆς
1319 2927 1377 2978 ὲν
1397 2927 1617 2997 Χριστῷ
1647 2925 1825 2998 Ἰησοῦ

249 3012 327 3082 τῷ
352 3013 541 3084 Κυρίῳ
598 3013 779 3085 ήμῶν,
808 3014 922 3068 ἀλλ’
948 3015 1044 3087 ὅλῃ
1094 3016 1238 3088 ψυχῇ
1293 3016 1587 3086 ὑπομένειν
1607 3015 1674 3070 τά
1705 3019 1826 3070 ἐπί-

248 3121 413 3170 πονα,
466 3105 564 3176 τὴν
595 3108 745 3177 παρά
791 3107 927 3160 Θεοῦ
959 3107 1212 3178 βοήθειαν
1245 3109 1636 3178 ἀναμένοντας.

703 3197 832 3257 xu.
858 3230 928 3242 —
960 3200 1345 3271 ΜΛΡΚΙΑΝῼ.

331 3289 579 3354 Ἀνάξιος
617 3288 714 3354 ὣν,
744 3291 1034 3344 πίστευσον
1065 3291 1326 3360 σωθῆναι·
1364 3292 1688 3363 ἀναίσθητος
1726 3295 1822 3360 ὢν,

251 3377 327 3448 μὴ
347 3380 725 3451 προσδοκήσῃς
743 3380 1001 3452 σωθῆναι.
1029 3380 1302 3446 ’Δναξίους
1317 3383 1822 3452 εὐγνωμονοῦντας,

246 3471 344 3524 καὶ
384 3473 477 3526 ἐπὶ
508 3473 655 3543 πάσῃ
687 3472 865 3539 θλίψει
909 3474 1368 3544 εὐχαριστοῦντας
1401 3476 1561 3541 ὲλεετ,
1593 3479 1687 3532 καὶ
1718 3481 1824 3531 σώ-

249 3559 332 3624 ζει
363 3563 391 3614 ὁ
434 3563 812 3634 φιλάνθρωπος
859 3565 1014 3631 Θεὸς,
1066 3566 1171 3620 κάν
1229 3568 1391 3639 μέχρι
1430 3569 1654 3639 βαθείας
1707 3569 1818 3622 τῶν

246 3654 431 3708 καλῶν
462 3655 742 3724 φθάσωσιν
790 3656 1173 3725 ἀπογνώσεως·
1226 3660 1352 3724 τοὺς
1380 3660 1424 3712 δ’
1464 3660 1824 3731 ἀναισθήτους

245 3745 349 3798 οὐκ
381 3747 538 3800 ἐλεεῖ.
570 3747 737 3810 Τίςδέ
771 3750 917 3801 ἐστιν
945 3750 973 3801 ό
995 3749 1338 3821 ἀναίσθητος,
1374 3754 1421 3805 εἰ
1462 3753 1538 3823 μὴ
1560 3754 1588 3806 ό
1614 3753 1690 3824 μὴ
1730 3753 1822 3806 θέ-

243 3835 359 3890 λων
395 3838 723 3907 ὁμολογῆσαι
766 3839 1125 3911 εὐγνωμόνως
1169 3842 1336 3912 μυρία
1385 3843 1820 3913 εὐεργετεῖσθαι,

249 3926 351 3977 καὶ
403 3926 730 3995 ὠφελεῖσθαι
757 3930 846 3982 τὸν
895 3932 1099 4002 κόσμον
1157 3932 1245 3986 διὰ
1276 3935 1374 4004 τῆς
1415 3934 1506 3987 τὸῦ
1544 3935 1818 3989 Δεσπότου

245 4018 492 4087 Χριστοῦ
526 4019 838 4089 όμολογίας;

810 4201 915 4254 Kl"
932 4240 948 4256 .
977 4199 1060 4266 Ίὶῖ)
1090 4202 1271 4268 αὐτῷ.

317 4286 414 4352 Τὸ,
453 4303 474 4337 ι
505 4286 696 4340 Ἐθετο
726 4288 916 4354 σκότος
962 4292 1287 4364 ἀποκρυφὴν
1327 4297 1519 4360 αὐτοῦ,
1565 4318 1583 4351 t
1645 4302 1704 4353 ὲν
1743 4299 1820 4370 τῷ

1853 3085 1898 3143 (3

2495 559 2636 614 XIX.
2662 590 2734 603 —
2760 560 2970 615 Eidem.

2020 653 2270 720 Quanam
2304 652 2518 707 ratione
2548 652 2865 708 universum
2893 652 2996 707 hoc
3019 660 3111 706 aut
3137 651 3405 717 substitit,
3431 662 3528 706 aut

1947 745 2245 802 conﬂatum
2276 754 2395 810 est,
2423 745 2472 798 si
2497 760 2608 799 non
2635 743 2894 798 omnibus
2920 742 3086 807 Deus,
3120 753 3178 798 ut
3205 744 3336 807 sint,
3366 743 3524 798 exhi-

1949 838 2180 903 buisset,
2244 846 2300 892 et
2365 836 2716 906 postmodum
2798 837 3065 890 continuo
3125 838 3529 892 conservaret?

1945 928 2132 998 Neque
2175 930 2319 983 enim
2378 927 2647 996 quispiam
2703 927 2973 982 citharam
3024 928 3229 996 Optime
3275 927 3528 982 substru-

1946 1030 2091 1075 ctam
2122 1018 2494 1089 conspiciens,
2524 1027 2577 1074 et
2602 1019 2750 1074 illius
2773 1025 3098 1073 concentum
3121 1025 3172 1072 et
3196 1021 3527 1072 concinnum

1945 1111 2216 1178 ordinem,
2266 1118 2320 1166 et
2356 1110 2594 1165 musicas
2629 1117 2788 1163 notas
2831 1109 3056 1164 auribus
3099 1109 3158 1178 8
3215 1124 3485 1178 usurpans
3511 1124 3554 1174 ,‘

1946 1203 2113 1257 alium
2161 1202 2468 1271 quempiam
2497 1240 2513 1264 ,
2559 1215 2722 1270 quant
2765 1200 2992 1254 citharae
3036 1201 3309 1269 opiﬁcem,
3341 1209 3395 1254 et
3446 1201 3530 1254 ci-

1945 1295 2230 1348 tharistam
2262 1293 2441 1361 ipsum
2478 1291 2584 1346 sibi
2626 1292 3058 1362 repraesentabit,
3092 1299 3148 1345 et
3197 1290 3528 1359 cogitatione

1944 1383 2011 1438 ad
2064 1398 2210 1446 eum,
2269 1382 2395 1436 licet
2439 1380 2615 1436 oculis
2657 1381 2915 1445 invisum,
2967 1379 3209 1434 accedet.
3254 1379 3370 1432 Non
3422 1380 3533 1432 alia

1944 1474 2158 1528 ratione
2201 1473 2362 1529 nobis
2404 1471 2666 1536 creatrix,
2701 1485 2947 1536 movens,
2972 1479 3026 1525 et
3057 1485 3236 1523 rerum
3268 1467 3524 1522 condita-

1943 1580 2067 1620 rum
2097 1564 2473 1619 conservatrix
2502 1576 2669 1616 causa
2701 1561 3018 1624 innotescit,
3067 1561 3194 1614 licet
3223 1575 3340 1614 eam
3368 1559 3528 1613 intel-

1945 1656 2166 1727 ligentia
2191 1670 2300 1710 non
2333 1653 2883 1724 comprehendamus.

2501 1745 2620 1801 XX.
2655 1776 2726 1788 —
2759 1746 2968 1800 Eidem.

2019 1841 2178 1896 Forte
2211 1855 2319 1894 non
2356 1846 2570 1893 tantum
2607 1839 2676 1893 ab
2720 1838 2964 1896 homine.
3012 1837 3104 1906 qui
3140 1850 3241 1904 pro
3283 1843 3526 1902 tempore

1940 1933 2234 1988 victoriam
2261 1941 2597 1986 consecutus
2623 1939 2745 1995 est,
2784 1929 3062 1985 daemones
3097 1933 3374 1981 tentantes
3403 1940 3528 1993 pro-

1941 2026 2255 2094 ripiuntur,
2319 2023 2416 2078 sed
2469 2024 2635 2076 etiam
2683 2037 2713 2074 a
2769 2023 2912 2076 victo
2961 2026 3016 2074 et
3070 2018 3324 2073 subacto.
3380 2014 3526 2068 Deus

1939 2117 2112 2182 ettitn,
2143 2115 2228 2168 sui
2269 2113 2454 2184 operis
2484 2128 2672 2168 curam
2703 2127 2924 2182 gerens,
2951 2109 3205 2165 concedit
3250 2108 3522 2168 inducias.

1940 2207 2324 2276 modicamque
2356 2206 2498 2259 victo
2527 2203 3054 2272 interspirationem,
3087 2209 3166 2263 ut,
3195 2199 3394 2253 animis
3426 2213 3516 2252 re-

1940 2300 2198 2371 sumptis,
2237 2308 2290 2354 et
2343 2296 2582 2368 propriis
2633 2294 2846 2349 viribus
2895 2292 3206 2349 recollectis
3257 2291 3520 2346 adversus

1941 2395 2128 2449 hostes
2159 2405 2396 2463 pugnam
2437 2403 2704 2444 renovare
2742 2388 2935 2458 possit.

2487 2481 2628 2536 XXI.
2660 2511 2731 2524 —-
2761 2478 2967 2535 Eidem.

2013 2598 2033 2631 ι
2076 2578 2271 2633 Anima
2333 2585 2520 2632 nostra
2584 2573 2927 2644 exspectabit
2985 2569 3312 2632 Dominum,
3379 2580 3521 2636 quo-

1936 2671 2080 2725 niam
2125 2672 2342 2740 adjutor
2368 2677 2422 2723 et
2449 2676 2723 2737 protector
2763 2673 2951 2720 noster
2980 2671 3064 2718 est
3091 2661 3154 2712 “'.
3195 2679 3213 2712 ι
3262 2657 3520 2712 Hortatur

1934 2777 2038 2818 nos
2067 2762 2134 2816 ad
2167 2760 2514 2816 tolerantiam
2551 2772 2767 2820 sermo,
2801 2755 2875 2809 ita
2927 2763 3007 2818 ut,
3061 2752 3106 2806 si
3170 2748 3395 2820 quando
3451 2747 3520 2798 ab

1936 2853 2122 2923 aliquo
2175 2867 2244 2906 ex
2293 2849 2665 2920 afﬁigentibus
2715 2861 2816 2901 nos
2865 2845 3254 2906 destituamur,
3322 2854 3391 2893 ne
3445 2839 3514 2891 ab

1935 2959 2126 2998 amore
2157 2943 2270 3007 Dei,
2303 2942 2397 3011 qui
2425 2947 2510 2995 est
2534 2941 2588 2992 in
2621 2939 2844 2991 Christo
2869 2933 2998 2989 Jesu
3033 2933 3264 2986 Domino
3300 2941 3512 2989 nostro.

1934 3047 2287 3101 separemur;
2319 3027 2416 3082 sed
2459 3036 2573 3080 toto
2603 3025 2774 3078 corde
2809 3022 3084 3077 laboriosa
3137 3017 3467 3075 suﬂ‘eramus
3495 3055 3509 3080 ,

1929 3123 2175 3177 divinum
2210 3119 2473 3174 auxilium
2506 3123 2912 3185 exspectantes.

2370 3203 2533 3258 XXII.
2561 3233 2630 3242 —
2660 3197 3038 3254 MARCIANO.

1998 3300 2255 3370 Indignus
2282 3297 2379 3353 es?
2431 3296 2593 3352 crede
2633 3302 2687 3348 te
2719 3302 2996 3348 servatum
3029 3290 3117 3342 iri.
3151 3285 3312 3340 Nullo
3342 3300 3508 3340 scusu

1926 3389 2029 3444 es?
2067 3403 2216 3457 spem
2266 3400 2482 3441 omnem
2516 3383 2713 3439 salutis
2747 3380 2941 3449 abjice.
2970 3377 3251 3448 Indignus,
3282 3378 3326 3429 si
3362 3384 3508 3428 recta

1927 3491 2106 3537 mente
2133 3483 2262 3544 sint,
2287 3489 2342 3537 et
2375 3482 2429 3534 in
2466 3479 2615 3534 omni
2651 3475 2952 3531 afﬂictione
2995 3471 3204 3543 gratias
3255 3469 3506 3529 reddant.

1929 3574 2244 3635 miseretur,
2279 3587 2486 3641 eosque
2519 3577 2704 3626 servat
2752 3567 3126 3640 perhumanus
3163 3562 3336 3628 Deus,
3381 3561 3508 3615 licet

1928 3666 2076 3718 nulla
2107 3679 2288 3720 rerum
2335 3663 2747 3733 exSpectatione
2799 3661 3086 3714 meliorum
3139 3663 3498 3724 occupentur.

1924 3756 1980 3826 9
2033 3757 2234 3811 Eorum
2292 3771 2422 3810 vero
2471 3755 2564 3825 qui
2600 3754 2807 3822 absque
2836 3767 3004 3806 sensu
3033 3758 3160 3803 sunt
3192 3747 3504 3800 miseretur.

1925 3849 2097 3914 Quem
2145 3855 2329 3906 autem
2363 3860 2561 3900 sensus
2601 3842 2861 3912 sttlIngit?
2908 3854 3032 3896 eum
3085 3837 3349 3897 omnino,
3410 3834 3504 3900 qui

1922 3949 2111 4008 gratus
2156 3953 2219 3991 ac
2246 3951 2453 3991 memor
2488 3936 2903 3988 innumerorum
2951 3929 3344 3984 beneﬁciorqu
3395 3937 3503 3976 non

1921 4038 2026 4093 est,
2079 4042 2180 4081 nec
2235 4028 2530 4080 conﬁtetur
2593 4038 2809 4077 summa
2875 4019 3166 4073 commoda
3235 4013 3502 4068 mundum

1923 4121 2204 4188 accepisse
2236 4133 2334 4186 per
2360 4115 2565 4170 Christi
2599 4112 2812 4166 Domini
2848 4107 3287 4163 concessionem.

2442 4201 2632 4256 XXIII.
2660 4232 2730 4241 —
2763 4200 2972 4254 Eidem.

1998 4319 2016 4352 ι
2064 4299 2256 4355 Posuit
2286 4296 2542 4352 tenebras
2569 4294 2860 4348 latibulum
2899 4307 3060 4348 suum
3096 4291 3160 4355 ³³,
3206 4309 3223 4341 ι
3273 4286 3498 4360 quodin

239 4378 691 4472 ἑπτακαιδεκάτῳ
740 4380 940 4453 ψαλμῷ
995 4385 1326 4454 εἰρημένον,
1369 4389 1428 4441 τὸ
1473 4389 1818 4461 δυσκατάλη-

1943 4395 2136 4451 lecimo
2162 4393 2397 4464 septimo
2424 4390 2637 4462 psalmo
2674 4388 2893 4458 legitur,
2945 4387 3174 4457 ahyssos
3221 4382 3314 4436 Dei
3351 4379 3500 4449 judi-

239 4485 394 4534 πτον,
431 4471 525 4523 καὶ
551 4472 782 4538 ἀσαφὲς,
821 4475 914 4526 καὶ
949 4475 1365 4549 ἀνεξερεύνητον
1413 4480 1522 4535 τῶν
1567 4481 1816 4536 ἀϐύσσων

1943 4493 2136 4545 :iorum
2196 4485 2512 4541 reconditas
2547 4497 2724 4551 neque
2756 4477 3149 4550 comprehendi
3200 4489 3376 4546 neque
3412 4472 3498 4525 in-

238 4557 338 4610 τοδ
351 4559 480 4613 Θεοῦ
505 4562 789 4632 κριμάτων
826 4565 1178 4636 ὐπεμφαίνει.

759 4655 883 4709 ΚΔ’.
921 4686 992 4696 —-
1021 4657 1104 4721 Τῷ
1125 4659 1308 4723 αὐτῷ.

325 4736 639 4808 Ἠρὼτησάς
700 4758 766 4811 με
798 4781 812 4804 ,
849 4742 994 4795 διατι
1057 4745 1270 4815 πρῶτον
1316 4746 1421 4812 ἔξω
1469 4749 1568 4811 τὰς
1629 4754 1815 4823 χεῖρας

235 4829 570 4898 νιπτόμενοι,
621 4831 795 4896 οὕτως
852 4835 1212 4906 εἰσερχόμεθα
1285 4841 1362 4901 εἰς
1410 4834 1559 4894 οἷκον
1609 4843 1813 4913 Κυρίου

236 4919 664 4988 προσεύξασθαι.
706 4924 820 4994 Πρὸ
872 4925 965 4977 τοῦ
1024 4927 1283 4999 αἰσθητοῦ
1329 4931 1388 4982 τὸ
1435 4932 1621 5001 νοητὸν
1668 4933 1814 4987 διδά-

234 5024 391 5064 σκου.
413 5010 625 5082 Ὠσπερ
654 5013 761 5085 γὰρ
786 5005 864 5085 τῷ
886 5015 1036 5071 ὕδατι
1069 5019 1373 5074 ἀποπλύνει
1398 5024 1524 5086 τοὺς
1576 5042 1812 5093 σωματι-

233 5101 368 5162 κοὺς
393 5100 617 5169 ῥύπους.
654 5103 796 5158 οὕτω
822 5106 909 5160 διὰ
933 5111 1032 5178 τῆς
1051 5111 1220 5180 εὐχῆς
1246 5113 1342 5182 τὴν
1367 5113 1545 5186 ψυχὴν
1601 5119 1811 5189 ἐκλαμ-

230 5191 451 5261 πρύνει.
508 5194 698 5259 Οὐδεὶς
761 5197 869 5268 γὰρ
934 5200 1219 5271 ἄνθρωπος
1284 5205 1522 5277 καθαρὸς
1579 5210 1812 5281 ὑπάρχει

232 5281 642 5352 πλημμελείας,
685 5288 786 5340 κᾶν
825 5291 1030 5361 Μωῦσῇ
1079 5294 1270 5365 ἐκείνῳ
1297 5295 1370 5366 τῷ
1397 5299 1615 5369 μεγάλῳ
1660 5319 1812 5370 νομο-

231 5372 368 5446 θέτῃ
389 5375 662 5447 ἁμιλληθῇ
683 5395 767 5442 τις
787 5379 862 5448 τῷ
885 5379 1004 5451 βιῳ.
1039 5385 1241 5448 Πάντες
1265 5381 1358 5438 οὖν
1386 5387 1660 5456 ἄνθρωποι
1688 5393 1808 5445 καθ’

1925 4579 2179 4650 vestigari
2211 4592 2375 4648 posse
2399 4573 2688 4644 signiﬁcat.

2440 4661 2632 4716 XXIV.
2665 4692 2730 4702 —
2764 4661 2972 4716 Eidem.

1990 4754 2204 4810 Petiisti
2237 4768 2268 4808 a
2313 4768 2434 4818 me,
2486 4767 2784 4822 quamnam
2819 4752 2890 4805 ob
2945 4763 3168 4803 causam
3203 4747 3351 4799 foras
3385 4759 3500 4798 ma-

1919 4863 2026 4902 nus
2056 4846 2334 4901 abluimus
2355 4885 2369 4907 ,
2402 4845 2751 4914 postmodum
2804 4844 2857 4897 in
2886 4843 3107 4896 domum
3142 4839 3232 4892 Dei
3259 4838 3496 4891 adoran-

1920 4940 2049 4994 dum
2092 4938 2413 4992 introimus.
2451 4935 2656 4991 Discito
2687 4953 2784 5006 per
2822 4936 2872 4988 id
2909 4932 3052 5003 quod
3100 4945 3264 4985 sensu
3322 4929 3498 4998 perci-

1919 5033 2088 5101 pitur,
2123 5031 2174 5085 id
2207 5031 2351 5100 quod
2379 5031 2432 5083 in
2466 5030 2804 5083 intellectum
2833 5026 2979 5080 cadit
3011 5022 3263 5077 indicari.
3301 5021 3499 5086 Quem-

1919 5123 2212 5178 admodum
2268 5123 2415 5176 enim
2471 5137 2613 5188 aqua
2643 5134 2921 5189 corporeae
2965 5115 3156 5169 sordes
3185 5129 3496 5183 expurgan-

1920 5222 2032 5274 tur,
2065 5214 2136 5266 ita
2171 5228 2266 5283 per
2290 5214 2595 5267 orationem
2618 5211 2834 5266 animus
2862 5206 3197 5277 splendidior
3228 5206 3492 5259 redditur.

1917 5303 2091 5358 Nemo
2141 5303 2286 5356 enim
2346 5305 2628 5358 hominum
2684 5315 2855 5370 purus
2900 5309 2985 5352 est
3037 5315 3065 5351 a
3130 5314 3311 5360 noxa,
3367 5297 3496 5350 licet

1918 5411 2176 5466 magnum
2205 5395 2355 5447 illum
2389 5396 2566 5465 legum
2596 5396 2822 5446 laterent
2858 5391 3092 5462 Moysen)
3127 5393 3252 5444 vitae
3283 5389 3494 5441 ratione

232 5464 472 5535 ἑκάστην
508 5466 784 5538 χρῄζομεν
813 5471 922 5524 τῶν
956 5473 1021 5525 δι’
1056 5476 1219 5546 εὐχῆς
1248 5478 1562 5550 καθαρσίων
1587 5499 1602 5514 ·
1638 5485 1668 5553 ή
1701 5485 1806 5556 γὰρ

1943 5488 2222 5542 :muletur.
2253 5464 2458 5542 Omnes
2489 5489 2676 5555 itaque
2720 5483 2973 5537 homines
3020 5483 3216 5538 diebus
3257 5478 3492 5547 singulis

307 5634 514 5698 “Psal.
561 5661 730 5713 χχχιι,
773 5647 860 5700 20.
939 5651 979 5680 "
1018 5651 1159 5709 l’sal.
1193 5669 1320 5723 xm,
1361 5658 1441 5714 l2.
