3984 6150
490 280 561 340 95
1999 293 2057 354 s.
2096 293 2257 357 NILI
3685 293 3758 357 96

493 391 832 464 appetentes,
901 406 954 453 ct
1013 399 1066 454 in
1128 399 1347 470 proprio
1397 409 1653 471 gutture,
1689 411 1749 458 ut
1788 403 2057 473 Propheta

2165 407 2622 478 προθυμούμενοι,
2678 407 2770 461 καὶ
2823 406 2883 461 ἐν
2925 405 3001 478 τῷ
3041 402 3227 478 οίκείῳ
3255 396 3520 478 λάρυγγι,
3573 405 3756 470 καθὼς

493 488 574 541 ait
603 489 670 552 ",
703 490 1058 546 excelsitates
1082 489 1174 545 Dei
1204 493 1588 550 concinentes.
1638 496 1833 549 Annon
1878 503 2067 565 guttur

495 594 679 633 meum
717 581 1010 636 meditatur
1036 582 1384 650 prudentiam
1417 586 1490 638 *τί
1521 592 1575 640 et
1608 585 2065 655 quemadmodum

496 669 785 734 tenebras,
833 671 906 722 ita
952 678 1002 724 et
1042 671 1225 726 lumen
1267 675 1539 738 ostendo,
1588 674 1816 744 psalmis
1863 674 2067 728 illumi-

496 775 666 824 nans,
699 769 752 816 et
783 763 964 818 noctis
994 765 1281 818 tristitiam
1327 765 1381 820 in
1427 767 1780 837 splendorem
1831 782 2065 822 conver-

494 861 634 918 tens,
663 860 717 908 et
755 851 1056 924 anticipant
1089 857 1232 910 oculi
1268 858 1371 912 mei
1405 859 1459 912 in
1493 859 1760 914 matutino
1792 859 1860 914 ad
1901 860 2068 914 medi-

494 942 652 996 tanda
686 944 902 1014 eloquia
941 945 1186 1010 Domini,
1219 955 1272 1001 et
1301 963 1466 1004 cocco
1490 949 1786 1018 ignitarum
1844 951 2054 1020 cogita-

490 1034 700 1085 tionum
735 1043 970 1089 ornatus
1003 1050 1294 1105 supernam
1335 1037 1656 1107 sapientiam
1683 1078 1698 1104 ,
1749 1045 1810 1092 ut
1859 1037 1928 1091 ad
1974 1053 2062 1094 me

488 1123 708 1189 veniat,
771 1127 1068 1181 exstimqu
1115 1145 1127 1180 :
1189 1127 1258 1182 ad
1314 1145 1414 1184 nos
1477 1130 1662 1192 enim,
1719 1130 1813 1200 qui
1869 1130 2062 1200 vigiles

489 1221 681 1267 noctes
710 1214 988 1279 ducimus,
1024 1216 1205 1272 divina
1235 1220 1406 1288 gratia
1452 1220 1801 1276 ineﬂabiliter
1832 1221 2058 1292 irrepit,

485 1313 537 1357 et
567 1315 849 1374 comparet
878 1307 1234 1364 indicihiliter
1257 1350 1272 1373 ,
1301 1318 1354 1365 et
1393 1311 1459 1364 ad
1488 1325 1630 1376 eam,
1663 1327 1785 1382 qua:
1811 1327 2063 1384 compre-

499 1395 662 1450 hendi
699 1407 898 1466 potest,
921 1399 1066 1455 illius
1099 1403 1512 1471 spectationem,
1543 1404 2058 1470 etsimilitudinem,

490 1503 679 1544 sacras
711 1499 920 1547 mentes
949 1495 1209 1558 extendit,
1248 1510 1368 1565 qua:
1395 1503 1454 1550 ut
1479 1495 1595 1551 ﬁeri
1641 1503 1816 1566 potest
1845 1504 1899 1551 et
1935 1513 2064 1554 san-

488 1589 608 1634 ctos
634 1580 882 1639 homines
911 1582 1091 1648 decet,
1126 1583 1200 1638 illi
1235 1600 1356 1640 sese
1382 1586 1676 1656 applicant.

988 1675 1204 1732 XXVII.
1234 1709 1301 1720 —
1327 1678 1536 1734 Eidem.

2168 498 2311 567 λέγει
2357 501 2386 551 6
2441 501 2750 571 Προφήτης,
2795 499 2892 564 τὰς
2946 499 3180 569 ὑψώσεις
3216 497 3310 552 τοῦ
3344 499 3481 552 Θεοῦ
3526 499 3756 568 ἀναμέλ-

2169 607 2380 652 ποντες.
2412 591 2480 643 Ἢ
2504 591 2622 660 οὐχὶ
2665 592 2694 643 6
2716 589 2924 662 λάρυγξ
2966 608 3070 661 μου
3111 591 3312 661 μελετᾷ
3341 589 3593 655 σύνεσιν;
3641 590 3756 644 Καὶ

2167 679 2354 750 ὥσπερ
2378 682 2439 735 τὸ
2470 682 2686 746 σκότος,
2730 682 2903 746 οὕτως
2929 683 3022 736 καὶ
3047 683 3110 736 τὸ
3135 683 3249 751 φῶς
3277 682 3546 752 δείκνυμι,
3578 699 3749 736 κατα-

2167 772 2398 840 φωτίζον
2448 775 2560 836 τοῖς
2595 774 2850 845 ψαλμοῖς,
2881 775 2976 828 καὶ
3023 773 3370 842 καταυγάζον
3412 774 3513 843 τῆς
3555 774 3753 837 νυκτὸς

2166 861 2264 930 τὴν
2298 862 2649 932 στυγνότητα,
2676 863 2772 918 καὶ
2810 863 3213 935 προφθάνουσιν
3254 865 3304 917 οί
3333 863 3610 934 ὀφθαλμοί
3643 882 3747 935 μου

2168 949 2304 1020 πρὸς
2326 948 2523 1020 όρθρον
2552 951 2644 1004 τοῦ
2675 953 2907 1024 μελετᾷν
2936 952 3006 1006 τὰ
3043 953 3196 1021 λόγια
3237 952 3469 1024 Κυρίου,
3525 953 3623 1005 καί⁵
3666 951 3750 1022 τῷ

2166 1040 2350 1111 κόκκῳ
2379 1043 2749 1113 κοσμούμενος
2768 1043 2877 1097 τῶν
2895 1043 3173 1114 διαπύρων
3203 1044 3463 1114 νοήσεων,
3483 1043 3584 1114 τὴν
3607 1043 3746 1098 ἄνω-

2167 1128 2259 1183 θεν
2302 1132 2495 1199 σοφίαν
2546 1132 2794 1186 ἐπελθεῖν
2843 1150 2934 1203 μοι
2981 1133 3310 1204 προτρέπω·
3345 1134 3602 1204 ἐπιφοιτᾷ
3636 1133 3746 1204 γὰρ

2167 1222 2424 1292 “Mn”?
2454 1224 2585 1294 ἡμῖν
2615 1225 2647 1296 ἡ
2674 1225 2835 1297 χάρις
2863 1224 2955 1278 τοῦ
2983 1225 3188 1295 Κυρίου
3215 1227 3327 1288 τοῖς
3351 1223 3740 1296 ἀγρυπνοῦσιν,

2166 1314 2260 1366 καὶ
2291 1314 2637 1382 ἐπιφαίνεται
2677 1317 2819 1386 ὑπὲρ
2849 1316 3029 1385 λόγον,
3074 1318 3169 1369 καὶ
3203 1316 3341 1388 πρὸς
3372 1317 3472 1386 τὴν
3515 1319 3744 1389 ὲφικτὴν

2165 1405 2336 1474 αὐτῆς
2365 1403 2618 1475 θεωρίαν,
2666 1407 2764 1460 καὶ
2808 1408 3067 1474 ὁμοίωσιν
3101 1407 3374 1461 ἀνατείνει
3401 1409 3528 1469 τοὺς
3564 1409 3742 1480 ἱεροὺς

2177 1495 2324 1560 νόας,
2343 1496 2492 1561 τοὺς,
2514 1496 2588 1560 ώς
2606 1496 2844 1569 θεμιτὸν,
2867 1500 2962 1551 καὶ
2997 1497 3334 1570 ἱεροπρεπῶς
3356 1497 3744 1563 ἐπιϐάλλοντας

2167 1587 2323 1658 αὐτῇ.

2685 1683 2813 1737 ΚΖ’.
2833 1714 2902 1724 -
2926 1682 3009 1749 Τῷ
3040 1683 3220 1749 αὐτῷ.

556 1761 962 1820 Perheatissimi
995 1782 1205 1834 sumus,
1247 1769 1294 1823 si
1322 1785 1444 1840 quae
1479 1787 1546 1826 ex
1575 1773 1858 1844 pervigilio
1907 1776 2053 1832 ulnis

2235 1773 2752 1844 Μυρισμακάριστοι
2817 1775 2915 1846 μὲν
2977 1741 3324 1846 ύπάρχομεν,
3380 1776 3520 1830 ὅταν
3565 1777 3745 1831 πάντα

486 1856 1022 1926 cxcepimus,omnia
1057 1862 1480 1917 servaverimus.
1516 1863 1724 1928 Quodsi
1756 1874 1963 1936 partem
1991 1884 2056 1923 ex

489 1945 554 1999 iis
584 1945 833 2016 exiguam
865 1957 961 2002 aut
991 1949 1262 2020 ingentem
1304 1953 1554 2009 amittere
1598 1959 1906 2025 contigerit,
1937 1975 2060 2028 quae

487 2035 692 2104 reliqua
726 2036 970 2103 fuerunt,
1007 2042 1352 2097 abundanter
1375 2045 1440 2099 ad
1473 2045 1702 2101 salutem
1735 2048 1839 2121 14
1861 2052 2059 2107 mentis

487 2126 784 2184 infantibus
843 2131 1128 2188 sufficient.
1177 2134 1424 2206 Namque
1475 2153 1679 2209 auceps
1737 2139 2054 2210 frequenter

482 2227 701 2272 centum
733 2227 962 2275 venatus
996 2230 1240 2280 turtures
1271 2226 1325 2280 in
1357 2241 1521 2298 agro,
1549 2228 1597 2284 si
1643 2229 1758 2284 sibi
1812 2231 2058 2301 gaudens

483 2323 575 2362 eas
605 2311 924 2376 occluserit,
955 2317 1307 2383 postmodum
1337 2319 1646 2389 negligens,
1688 2322 1926 2388 tertiam,
1960 2331 2057 2378 aut

482 2399 704 2468 duplam
743 2409 954 2472 partem
985 2405 1256 2472 amiserit,
1298 2408 1445 2476 quod
1478 2411 1734 2466 volucres
1775 2411 1883 2466 illae
1919 2414 2058 2468 clam

480 2500 829 2560 erumpentes
857 2494 915 2548 in
966 2493 1148 2565 fugam
1183 2513 1244 2552 se
1267 2497 1553 2563 dederint,
1585 2501 1640 2554 in
1674 2501 1899 2570 reliquis
1926 2518 2062 2559 mua-

483 2595 661 2634 rorem
697 2581 998 2647 imminuit,
1039 2586 1390 2656 animumque
1433 2601 1592 2642 suum
1634 2590 1864 2658 solatur,
1914 2593 2058 2663 quod

484 2686 592 2726 non
627 2674 818 2728 vacuis
850 2676 1103 2732 manibus
1129 2677 1462 2733 domicilium
1497 2689 1738 2750 repetat,
1765 2693 1820 2738 et
1849 2685 2061 2755 copiam

484 2764 608 2818 licet
640 2780 746 2818 non
771 2765 1035 2834 integram
1067 2778 1181 2822 tum
1225 2780 1492 2839 reportat,
1525 2782 1580 2826 et
1625 2788 1822 2831 rursus
1871 2775 2060 2832 futuro

479 2863 726 2925 tempore
784 2857 1011 2922 utiliter,
1063 2875 1186 2930 qua
1243 2861 1298 2914 in
1355 2864 1640 2920 venatione
1688 2874 1845 2936 capta
1897 2876 2057 2936 sunt,

481 2948 695 3003 cautius
728 2949 1006 3006 custodire
1034 2953 1312 3021 perdiscit.
1339 2969 1341 2971 ‘

975 3042 1214 3099 XXVIII.
1243 3075 1315 3087 --
1340 3045 1547 3102 Eidem.

554 3126 760 3182 Bonum
793 3128 1036 3201 illudque
1058 3135 1564 3203 auspicatissimum
1593 3145 1677 3194 est
1712 3141 2058 3210 pervigilium

479 3221 567 3286 iis,
604 3223 698 3292 qui
735 3238 986 3278 somnum
1029 3227 1224 3282 mortis
1265 3227 1509 3282 vicinum
1559 3229 1836 3292 discutere
1872 3233 2058 3289 animo

478 3323 721 3376 versant,
756 3322 1017 3386 tantoque
1039 3319 1238 3388 majus,
1270 3327 1538 3388 quantum
1571 3330 1626 3375 et
1650 3319 1918 3376 Dominus
1940 3323 2058 3393 ipse

481 3405 531 3456 id
562 3405 830 3470 exercuit,
867 3407 1086 3477 sibique
1115 3407 1390 3464 familiare
1415 3409 1566 3475 fecit,
1595 3409 1651 3465 in
1696 3411 2060 3482 dispositione

488 3496 798 3549 secundum
828 3511 1077 3562 carnem,
1119 3508 1178 3552 ut
1225 3499 1397 3554 tradit
1434 3499 1615 3555 Lucas
1653 3519 1667 3557 :
1725 3520 1744 3553 σ
1787 3501 1918 3557 Erat
1964 3503 2058 3560 Je-

477 3600 575 3639 επις
622 3596 956 3657 pernoctans
1011 3589 1066 3642 in
1109 3591 1360 3646 oratione
1395 3590 1488 3646 Dei
1519 3592 1586 3658 “,
1631 3611 1650 3644 ι
1715 3609 1883 3664 opere
1937 3595 2056 3665 ipso

479 3687 580 3726 nos
614 3673 921 3742 instruens,
953 3675 1203 3748 Magistri
1249 3679 1408 3749 sequi
1451 3681 1702 3751 vestigia.
1734 3677 2058 3752 Propterea-

478 3781 588 3834 que
615 3766 856 3832 dicebat,
893 3785 912 3820 ι
971 3767 1230 3840 Vigilate,
1284 3780 1341 3828 et
1391 3781 1562 3839 orate,
1605 3791 1675 3830 ne
1729 3776 1951 3832 intretis
2002 3778 2056 3832 in

479 3857 839 3912 tentationeru
863 3860 932 3916 ”.
975 3880 994 3913 ι
1033 3860 1137 3928 Qui
1167 3879 1298 3918 vero
1327 3873 1486 3920 erant
1510 3881 1541 3920 ο
1577 3867 1840 3922 comitatu
1867 3868 2056 3935 Pauli,

475 3958 532 4002 et
562 3949 709 4014 Silze,
736 3952 1164 4009 emolumentum
1196 3955 1395 4026 vigiliae
1447 3957 1839 4026 percallentes,
1877 3961 2058 4016 media

476 4049 638 4097 nocte
668 4042 964 4100 laudabant
997 4044 1166 4101 Deum
1192 4046 1258 4103 ³⁸.
1291 4047 1356 4102 Ει
1391 4048 1560 4102 David
1593 4049 1670 4107 ait
1699 4069 1712 4104 :
1741 4068 1760 4102 ι
1801 4051 2056 4124 Vigilavi,

475 4138 530 4184 ct
569 4129 747 4188 factus
783 4149 906 4188 sum
953 4133 1097 4190 sicut
1127 4150 1318 4205 passer
1348 4137 1629 4194 solitarius
1667 4140 1722 4194 in
1753 4147 1896 4198 tecto
1931 4143 1998 4208 “,
2029 4162 2049 4195 ι

477 4219 672 4287 pennis
705 4237 903 4292 nempe
946 4223 1285 4291 prazvalcns,
1321 4239 1430 4278 non
1470 4239 1565 4294 per
1597 4235 1798 4282 terram
1833 4246 2054 4299 repens,

475 4311 570 4360 sed
597 4307 653 4360 in
687 4315 851 4371 tecto,
883 4316 938 4362 et
977 4309 1032 4362 in
1065 4311 1384 4365 summitate
1430 4314 1649 4368 virtutis
1679 4327 2052 4396 commorans.

2160 1864 2506 1934 φυλάξωμεν,
2573 1866 2717 1937 άπερ
2763 1867 2829 1920 ἐκ
2875 1867 2976 1935 τῆς
3027 1866 3336 1937 ἀγρυπνίας
3388 1867 3747 1922 ἐνεκολπισάο

2163 1954 2320 2022 μεθα.
2381 1954 2444 2007 Ei
2479 1955 2536 2008 δὲ
2589 1957 2683 2010 καὶ
2733 1955 2995 2010 ἀπολέσαι
3053 1955 3338 2027 συμϐαίνει
3383 1957 3550 2027 μέρος
3595 1959 3749 2028 ἡμᾶς

2158 2045 2336 2113 ὀλίγον
2373 2045 2406 2117 ἢ
2454 2045 2763 2112 πολλοστὸν,
2820 2047 2979 2101 ἱκανὰ
3017 2047 3113 2100 καὶ
3177 2046 3248 2100 τὰ
3295 2046 3746 2119 παραλειφθέντα

2158 2136 2457 2207 ἐπαρκέσαι
2508 2137 2645 2208 πρὸς
2687 2138 2962 2210 σωτηρίαν
2993 2139 3105 2201 τοῖς
3149 2136 3366 2206 νηπίοις
3395 2137 3497 2210 τὴν
3545 2138 3744 2208 φρένα.

2159 2225 2277 2279 Κάν
2328 2226 2436 2297 γὰρ
2491 2225 2703 2297 ίξευτὴς
2738 2227 2999 2292 πολλάκις
3029 2227 3226 2282 ἑκατὸν
3250 2227 3574 2299 τεθηρακὼς
3607 2245 3748 2298 τρυ-

2159 2315 2320 2384 γόνας
2347 2320 2404 2370 ἐν
2432 2317 2511 2388 τῷ
2543 2318 2718 2388 ἀγρῷ,
2749 2319 2846 2372 καὶ
2871 2318 3075 2389 χαίρων
3108 2318 3500 2382 ἐναποκλείσας
3547 2318 3744 2383 αὐτὰς,

2160 2407 2258 2458 εῖτ*
2286 2406 2344 2473 ἐξ
2371 2406 2703 2477 ἀπροσεξίας
2727 2407 2787 2460 τὸ
2806 2406 3010 2479 τρίτον,
3033 2407 3066 2479 ἢ
3089 2408 3151 2462 τὸ
3171 2408 3416 2479 δίμοιρον
3442 2407 3742 2470 ἀπολέσας,

2158 2496 2238 2568 τῷ
2272 2496 2670 2550 ὑπεκδεδυκότα
2722 2498 3052 2566 πεφευγέναι
3103 2497 3176 2552 τά
3221 2497 3400 2567 πτηνά
3430 2539 3446 2562 ,
3507 2498 3566 2550 ἐν
3627 2499 3743 2560 τοῖς

2161 2585 2536 2655 ὑπολειφθεῖσι
2573 2587 2673 2657 τὴν
2704 2588 2943 2658 ἀθυμίαν
2972 2588 3223 2652 ἀνέλυσε,
3269 2589 3363 2641 καὶ
3413 2587 3742 2659 παρεμυθὴο

2162 2694 2295 2731 σατο
2333 2677 2429 2749 τὴν
2461 2678 2655 2732 ἑαυτοῦ
2687 2680 2941 2750 καρδίαν,
2983 2682 3043 2734 ού
3075 2683 3260 2744 κεναῖς
3289 2681 3478 2750 χερσὶν
3505 2682 3739 2750 ζπανερ-

2165 2769 2396 2839 χόμενος
2425 2771 2504 2834 είς
2527 2769 2616 2822 τὸν
2645 2770 2774 2825 ίδιον
2801 2766 2970 2836 οἷκον,
3007 2772 3143 2826 ἀλλά
3193 2771 3426 2843 μερικὴν
3473 2770 3744 2840 εὐπορίαν

2161 2861 2576 2934 ἐπιφερόμενος,
2609 2859 2706 2916 νῦν
2729 2864 2890 2929 τέως,
2913 2865 3004 2916 καὶ⁵
3031 2863 3192 2918 πάλιν
3221 2865 3299 2927 είς
3321 2862 3382 2916 τὸ
3410 2862 3538 2931 ἑξῆς
3572 2863 3745 2930 ἀσφα-

2159 2953 2404 3018 λίζεσθαι
2419 2954 2705 3025 χρησίμως
2729 2954 2798 3008 τὰ
2828 2954 3124 3027 θηρώμενα
3155 2953 3498 3018 παιδευθείςι

2676 3045 2812 3098 KH’.
2835 3073 2906 3085 —
2931 3043 3014 3108 Τῷ
3041 3043 3222 3109 αὐτῷ.

2231 3134 2503 3202 Μέγιστον
2543 3133 2748 3203 ἀγαθόν
2777 3135 2925 3188 ἐστιν
2956 3135 2990 3205 ἡ
3019 3135 3297 3206 ἀγρυπνία
3331 3136 3446 3197 τοῖς
3478 3135 3742 3193 ἀποσείε-

2160 3226 2284 3280 σθαι
2310 3227 2404 3280 τδν
2429 3227 2645 3296 γείτονα
2684 3225 2915 3280 θανάτου
2946 3224 3113 3279 ὕπνον
3141 3227 3623 3298 προαιρουμένοις,
3648 3227 3742 3280 καὶ

2157 3317 2397 3388 τοσούτῳ
2450 3317 2616 3388 μέγα,
2671 3318 2782 3388 ὅσῳ
2837 3317 2932 3370 καὶ
2964 3319 2992 3371 6
3020 3317 3300 3387 Δεσπότης
3343 3317 3508 3380 αὐτὸς
3576 3316 3738 3371 τοῦτο

2163 3407 2624 3480 μετελήλυθε,καὶ
2655 3406 2973 3478 ᾠκειώσατο
3004 3409 3063 3462 ἐν
3091 3409 3156 3479 τῇ
3189 3407 3474 3477 οἰκονομίᾳ
3499 3409 3567 3477 τῇ
3598 3407 3744 3460 κατά

2161 3501 2360 3572 σάρκα,
2401 3499 2477 3563 ὥς
2521 3517 2654 3571 φησι
2695 3499 2792 3554 καὶ
2818 3501 2848 3554 6
2883 3501 3118 3566 Λουκᾶς,
3175 3501 3258 3553 δτι
3315 3517 3333 3550 ι
3364 3495 3474 3552 Ἦν
3531 3498 3742 3568 Ἰησοῦς

2157 3592 2584 3662 διανυκτερεύων
2620 3595 2679 3646 ἐν
2706 3595 2772 3663 τῇ
2800 3596 3078 3664 προσευχῇ
3105 3592 3200 3646 τοῦ
3226 3592 3385 3655 Θεοῦ,
3406 3610 3425 3643 ι
3467 3590 3743 3645 διδάσκων

2160 3683 2306 3753 ἡμᾶς
2333 3682 2400 3734 δι’
2431 3681 2594 3734 αὐτοῦ
2625 3681 2720 3736 τοῦ
2748 3682 2912 3753 ἔργου
2935 3682 3248 3737 ἀκολουθεῖν
3270 3685 3384 3745 τοῖς
3413 3682 3620 3750 ίχνεσιν
3645 3679 3742 3732 τοῦ

2159 3771 2511 3825 Διδασκάλου.
2567 3772 2766 3842 Διόπερ
2816 3777 2911 3825 καὶ
2961 3773 3178 3840 ἐλεγενο
3228 3773 3602 3843 «Γρηγορεῖτε
3647 3772 3743 3824 καὶ

2159 3863 2552 3934 προσεύχεσθε,
2591 3863 2678 3916 ἴνα
2714 3864 2789 3934 μὴ
2817 3862 3095 3931 εἰσέλθητε
3125 3865 3206 3926 είς
3239 3861 3566 3933 πειρασμόν.
3595 3881 3614 3914 ι
3673 3863 3744 3914 οι

2158 3955 2215 4008 δέ
2233 3972 2299 4024 γε
2320 3956 2450 4025 περὶ
2465 3953 2677 4008 Παῦλον
2702 3955 2798 4008 καὶ
2813 3954 2994 4019 Σίλαν,
3009 3953 3069 4008 τδ
3081 3953 3271 4024 κέρδος
3287 3953 3386 4006 οὐκ
3412 3951 3743 4020 ἀγνοοῦντες

2159 4045 2257 4116 τῆς
2301 4044 2629 4116 ἀγρυπνίας,
2672 4046 2802 4114 περὶ
2835 4044 2893 4098 τὸ
2929 4044 3280 4116 μεσονύκτιον
3338 4042 3591 4109 ἐδόξαζον
3645 4043 3742 4096 τὺν

2160 4136 2312 4189 Θεόν.
2352 4137 2463 4189 Καὶ
2492 4136 2660 4190 Δαυὶδ
2701 4135 2897 4206 φησίν’
2941 4155 2959 4188 ι
2997 4135 3374 4206 Ἠγρύπνησα,
3432 4137 3528 4188 καὶ⁸
3553 4136 3742 4202 ἐγενό-

2163 4244 2271 4297 μην
2322 4225 2396 4289 ώς
2443 4226 2722 4296 στρουθίον
2778 4225 3009 4296 μονάζον
3050 4227 3142 4280 ἐπὶ
3200 4225 3472 4296 δώματος,
3497 4245 3516 4276 ι
3565 4226 3745 4294 ἤγουν

2161 4316 2444 4386 εὔπτερον,
2467 4315 2566 4368 οὐκ
2591 4317 2685 4368 ἐπὶ
2718 4316 2815 4386 τῆς
2853 4317 2957 4386 γῆς
3000 4315 3320 4386 συρόμενον,
3366 4315 3483 4368 ἀλλ’
3517 4315 3610 4366 ἐπὶ
3639 4313 3744 4367 τοῦ

474 4395 684 4467 Lingua
711 4413 947 4468 namque
999 4400 1248 4470 supplice
1279 4402 1401 4457 vice
1461 4418 1722 4459 manuum
1785 4395 2052 4472 mearum,

2164 4407 2427 4474 δώματος,
2471 4408 2564 4462 καὶ
2613 4406 2704 4459 τοῦ
2753 4407 2918 4476 ὕψους
2962 4407 3060 4478 τῆς
3119 4407 3317 4476 ἀρετῆς
3357 4404 3745 4474 διαιτώμενον.

474 4488 620 4542 circa
681 4487 1067 4546 lnunauissimi
1115 4492 1206 4546 Dei
1266 4494 1432 4564 pedes
1487 4497 1882 4566 complicabam
1944 4513 2051 4562 me,

475 4581 790 4652 lacrymans
818 4599 832 4648 ;
859 4591 912 4637 et
935 4583 1139 4638 luteum
1173 4600 1268 4639 cor
1302 4601 1482 4642 meum
1518 4588 1807 4644 donarium
1847 4590 2051 4646 factum

475 4683 561 4727 est
596 4683 939 4742 argenteum,
979 4676 1062 4730 vel
1093 4693 1320 4732 aureum
1351 4698 1362 4734 :
1405 4689 1460 4734 et
1490 4681 1662 4736 altare
1713 4697 1906 4738 rursus
1941 4681 2052 4738 Do-

475 4763 606 4818 mini
641 4763 818 4818 factus
850 4781 972 4820 sum
1021 4766 1247 4824 humilis
1278 4769 1462 4833 homo.
1514 4769 1570 4824 in
1602 4786 1688 4826 me
1719 4773 1894 4841 gratia
1928 4787 2053 4827 car-

474 4862 646 4917 bones
690 4862 1024 4933 c0gnitionis
1070 4863 1171 4934 15
1225 4864 1550 4932 eli'odientc,
1607 4874 1662 4922 et
1718 4867 2052 4923 sacrificium

474 4953 725 5026 fragrans
760 4954 870 5011 Deo
900 4963 1174 5027 portante.
1788 4942 1795 4951 ’

999 5135 1192 5191 XXIX.
1227 5168 1297 5179 —
1332 5137 1536 5192 Eidem.

546 5228 787 5292 lntueor,
832 5229 1000 5284 frater
1053 5229 1160 5293 mi,
1203 5239 1254 5282 te
1298 5229 1469 5282 multa
1498 5229 1682 5285 scabie
1743 5234 2044 5289 secundum

477 5319 752 5373 iutermtm
783 5321 1056 5375 hominem
1089 5321 1329 5376 obsitum
1362 5335 1391 5372 a
1419 5320 1600 5389 capite
1645 5337 1817 5395 usque
1857 5326 1924 5378 ad
1959 5342 2050 5396 pe-

474 5412 592 5478 des,
625 5427 689 5466 ex
719 5427 824 5480 qua
865 5427 1144 5482 nunquam
1176 5410 1431 5465 mundari
1463 5413 1690 5480 poteris,
1741 5415 1847 5469 nisi
1879 5429 2046 5472 noctu

474 5503 659 5571 vigilet
685 5503 915 5572 spiritus
944 5513 1072 5558 tuus
1102 5504 1165 5557 ad
1191 5502 1376 5568 Deum,
1406 5517 1506 5557 nos
1535 5503 1737 5560 divinis
1763 5510 2052 5579 praeceptis

581 5639 626 5668 “
661 5638 801 5692 I‘sal.
937 5655 1114 5699 cam,
1151 5638 1202 5690 6.
1316 5639 1359 5670 ³⁷
1386 5639 1530 5694 Psal.

547 5711 588 5741 "
617 5715 753 5765 I'sal.
799 5729 870 5774 ει,
909 5721 961 5763 δ.

1648 5657 1836 5709 sum,
1875 5645 1926 5699 4.

2035 5644 2079 5676 ’⁸
2119 5645 2246 5700 Luc.
2275 5660 2351 5713 vt,
2381 5644 2462 5697 l2.

2157 4498 2377 4571 Γλώττῃ
2411 4498 2518 4568 γὰρ
2545 4497 2804 4568 ίκετηρίῳ
2837 4496 2959 4550 ἀντὶ
2986 4495 3093 4551 τῶν
3127 4495 3327 4566 χειρῶν
3365 4511 3466 4564 μου
3496 4496 3608 4557 τοῖς
3640 4495 3746 4548 τοῦ

2158 4587 2540 4660 φιλανθρώπου
2593 4588 2728 4641 Θεοῦ
2791 4587 3042 4658 ἀοράτοις
3109 4587 3237 4640 ποσὶ
3289 4584 3747 4656 περιεπλεκόμην

2153 4681 2374 4745 κλαίων,
2402 4682 2547 4751 καὶὴ
2573 4681 2822 4752 πηλώδης
2843 4699 2943 4750 μου
2975 4679 3168 4752 καρδία
3205 4678 3488 4748 κειμήλιον
3509 4676 3751 4745 γέγονεν

2152 4773 2444 4846 ἀργυροῦν,
2475 4773 2784 4845 ἤχρυσοῦν,
2813 4771 3309 4842 καὶθυσιαστήριον
3328 4767 3489 4822 πάλιν
3523 4767 3753 4836 Κυρίου

2155 4867 2532 4937 ἀπειργάσθην
2569 4869 2597 4920 6
2629 4864 2883 4928 ταπεινὸς
2907 4865 3213 4936 ἄνθρωπος,
3255 4858 3756 4928 ἀνασκαλευούσης

2157 4961 2252 5028 τῆς
2290 4959 2512 5029 χάριτος
2555 4959 2612 5011 ἐν
2665 4957 2790 5026 ἐμοὶ
2823 4957 2949 5018 τοὺς
2992 4953 3247 5023 γνώσεως
3287 4951 3587 5022 ἄνθρακας,
3644 4953 3755 5005 καὶ

2154 5050 2345 5104 θυσίαν
2376 5048 2548 5119 εὐώδη
2572 5047 2691 5118 Θεῷ
2723 5046 3123 5118 ἀναφερούσης.

2666 5138 2796 5191 ΚΘ.
2815 5168 2882 5178 -
2905 5137 2988 5202 Τῷ
3017 5134 3197 5201 αὐτῷ.

2226 5229 2416 5284 Βλέπω
2463 5247 2544 5291 σε,
2597 5226 2812 5294 ἀδελφὲ,
2841 5228 2920 5279 ὅτι
2953 5225 3143 5295 ψώρας
3194 5223 3393 5292 πολλῆς
3450 5223 3764 5297 ἐμπεπλη-

2162 5326 2356 5395 σμένος
2381 5323 2648 5392 ὑπάρχεις
2679 5319 2819 5374 κατὰ
2849 5318 2941 5370 τὸν
2972 5319 3079 5370 ἔσω
3109 5315 3395 5385 ἄνθρωπον
3423 5313 3533 5366 ἀπὸ
3556 5329 3762 5384 κεφα-

2157 5418 2256 5486 λῆς
2281 5417 2386 5478 ἕως
2409 5414 2603 5478 ποδῶν,
2631 5409 2697 5483 ἦς
2729 5413 2830 5465 οὐκ
2857 5410 2924 5464 ἂν
2949 5409 3132 5463 δύναιο
3171 5406 3538 5478 καθαρθῆναι,
3575 5409 3636 5458 ei
3678 5410 3764 5480 μὴ

2155 5508 2218 5560 ἐκ
2244 5505 2436 5569 νυκτὸς
2451 5503 2696 5576 όρθρίζει
2727 5502 2788 5555 τὸ
2822 5500 3040 5571 πνεῦμά
3069 5517 3159 5553 σου
3190 5499 3324 5569 πρὸς
3352 5497 3442 5550 τὸν
3482 5495 3629 5548 Θεὸν
3661 5501 3768 5554 τὸν

2578 5641 2620 5672 ⁸⁹
2660 5638 2848 5694 Matth.
2891 5623 3039 5701 xxvi,
3071 5631 3154 5687 II.
3268 5632 3311 5665 '°
3345 5631 3466 5685 Act.
3502 5645 3627 5696 xvt,
3658 5635 3766 5691 25.
