3984 6150
259 405 328 468 97
1478 404 2011 468 EPISTOLARUM
2051 408 2198 470 LIB.
2241 411 2289 470 Ι.
3437 417 3508 479 98

261 518 567 590 φωτίζοντα
588 519 732 589 ἡμᾶς
755 519 868 582 τοῖς
895 515 1060 580 θείοις
1106 516 1519 589 προστάγμασι,
1574 519 1670 572 καὶ
1700 519 1822 583 ζωο-

1937 515 2362 584 illuminantem,
2398 527 2452 575 et
2487 521 2853 577 viviﬁcantem
2895 523 2949 578 in
2998 523 3254 580 socordia
3289 525 3508 583 demor~

263 607 522 662 ποιοῦντα
536 609 659 670 τοὺς
685 608 744 660 ὲν
770 609 836 678 τῇ
865 606 1096 677 ἀμελείᾳ
1117 606 1574 677 νενεκρωμένους,
1613 607 1706 660 καὶ
1731 607 1830 677 τῆς

263 698 326 763 ἐξ
376 698 538 767 ὕψους
583 697 774 766 σοφίας
816 696 918 768 τὴν
961 696 1154 767 δρόσον
1212 695 1542 767 παρέχοντα,
1593 696 1830 766 ίωμένην

263 791 444 844 πᾶσαν
471 789 622 842 νόσον
646 787 849 858 ψυχῆς,
873 788 968 842 καὶ
1004 789 1188 842 πᾶσαν
1231 787 1533 856 μαλακίαν·
1571 804 1594 841 s
1627 787 1693 840 Ἠ
1721 785 1827 856 γὰρ

261 879 448 951 δρόσος
473 879 623 949 παρά
642 878 758 944 σοῦ,
788 880 954 950 φησιν
980 881 1014 950 ἡ
1043 877 1256 951 Γραφὴ,
1288 879 1426 949 ῐαμα
1445 879 1628 942 αὐτοῖς
1642 879 1780 933 ἐστι.
1803 895 1822 929 ι

260 970 372 1023 Καὶ
408 969 568 1022 πάλιν
615 969 764 1037 λέγει
808 970 837 1022 ό
886 968 1054 1034 Θεόςο
1118 970 1274 1023 «Καὶ
1328 969 1522 1040 ἔσομαι
1575 967 1724 1038 αὐτῷ
1753 969 1829 1031 ὡς

258 1060 466 1130 δρόσος,
507 1058 602 1113 καὶ
660 1059 884 1130 ἀνθήσει
928 1060 1004 1124 ὼς
1065 1061 1268 1132 κρίνον.
1295 1078 1315 1111 ι
1365 1060 1514 1130 Αὕτη
1567 1059 1765 1125 τοίνυν,
1793 1059 1830 1129 ἡ

259 1151 466 1221 δρόσος,
500 1147 806 1204 ἐπελθοῦσα
837 1150 930 1202 καὶ
957 1149 1052 1203 νῦν
1076 1151 1144 1220 τῇ
1178 1150 1244 1203 ἐκ
1290 1150 1602 1221 φιληδονίας
1636 1150 1830 1220 φλεγο-

263 1241 401 1314 μὲνῃ
431 1240 628 1311 καρδία
672 1257 790 1305 σου,
826 1239 920 1294 καὶ⁹
951 1239 1308 1311 διασυρίσασα
1342 1241 1613 1310 πνεύματι
1656 1240 1829 1310 γαλη-

259 1333 438 1402 νιαίῳ,
471 1332 569 1385 καὶ
608 1331 754 1403 αὔρᾳ
777 1332 884 1384 τινὶ
910 1333 1180 1404 είρηνικῇ,
1213 1332 1308 1387 καὶ
1333 1332 1526 1404 λεπτῇ,
1561 1331 1827 1396 ὲκτινάξει

255 1440 356 1476 σου
377 1424 478 1493 τὴν
505 1423 677 1491 φλόγα
708 1421 899 1492 ὥσπερ
920 1423 1020 1492 τῆς
1048 1423 1393 1486 Βαϐυλωνίας
1415 1423 1546 1477 ποτὲ
1575 1422 1828 1492 καμίνου,

261 1515 359 1566 καὶ
378 1511 661 1582 ἀναψύξει,
688 1513 782 1566 καὶ
811 1512 974 1566 σώσει
997 1530 1055 1566 σε
1071 1514 1246 1584 ἀληθῆ
1265 1513 1554 1582 φιλόσοφον
1581 1515 1689 1567 ἀπε
1698 1531 1828 1583 ργα-

261 1601 490 1672 ζομένη,
515 1603 610 1655 καὶ
640 1602 901 1656 πείθουσα
957 1604 1154 1672 μηκέτι
1192 1603 1362 1657 πολλά
1387 1602 1688 1668 καθεύδειν,
1714 1602 1829 1657 ἀλλ’

260 1694 562 1764 ἀγρυπνεῖν
590 1692 860 1763 ἐκθύμως.

800 1784 878 1840 A'.
902 1815 972 1825 —
991 1783 1076 1850 Τῷ
1103 1785 1284 1850 αὐτῷ.

1931 613 2078 671 tuos,
2106 617 2163 663 et
2193 625 2259 664 es
2283 612 2506 666 excelso
2541 627 2721 666 rorem
2768 614 3075 683 sapientiae,
3109 617 3200 684 qui
3234 631 3509 686 quemque

1932 699 2100 752 animi
2140 701 2413 765 morbum,
2444 711 2500 757 et
2531 711 2785 756 cunctam
2817 704 3104 761 mollitiem
3147 716 3326 772 sanat,
3366 723 3503 778 pra:-

1936 791 2180 846 bentem.
2220 812 2238 845 ι
2269 791 2380 847 Bos
2411 794 2582 858 enim,
2646 795 2724 848 ait
2755 794 3062 865 Scriptura,
3097 813 3165 851 cx
3191 808 3243 854 te
3270 800 3510 855 medica-

1930 892 2176 937 mentum
2208 884 2318 939 illis
2345 891 2450 939 est.
2509 901 2527 934 ι
2567 884 2922 954 Rursumque
2968 885 3104 941 dicit
3137 887 3321 943 Deus:
3362 908 3382 940 ι
3445 890 3510 945 Et

1929 987 2028 1026 ero
2057 973 2157 1042 ipsi
2190 981 2250 1027 ut
2284 988 2396 1041 ros,
2429 983 2484 1030 et
2509 973 2721 1030 ﬂorebit
2751 984 2809 1031 ut
2843 977 3013 1030 lilium
3049 978 3114 1031 ".
3148 997 3167 1029 ι
3193 979 3291 1034 llic
3325 981 3510 1052 itaque

1931 1077 2025 1119 ros
2054 1065 2354 1121 adveniens
2377 1066 2443 1120 ad
2484 1081 2582 1121 cor
2610 1075 2788 1132 tuum,
2825 1070 2972 1138 quod
3023 1071 3386 1141 intemperiis,
3442 1089 3508 1127 ac

1929 1157 2305 1226 voluptatibus
2333 1159 2580 1224 esardet,
2613 1169 2666 1215 et
2699 1161 2898 1230 spiritu
2941 1163 3262 1232 tranquillo,
3295 1175 3348 1219 et
3375 1180 3508 1219 aura

1932 1255 2142 1316 pacata,
2171 1256 2225 1302 et
2256 1247 2360 1302 leni
2389 1248 2644 1313 inﬂuens,
2695 1252 3007 1306 esturbabit
3043 1253 3292 1307 ﬂammas
3359 1265 3504 1320 tuas,

1931 1347 1992 1391 ut
2021 1337 2366 1409 Babylonica:
2382 1341 2660 1410 quondam
2693 1341 2956 1407 fornacis,
2988 1352 3043 1398 et
3073 1345 3418 1409 refocillabit,
3449 1357 3508 1402 et

1931 1427 2161 1482 salvabit
2193 1436 2280 1492 te,
2311 1445 2500 1484 verum
2528 1431 2769 1486 efliciens
2801 1433 3208 1504 philosophum.
3243 1434 3509 1490 suadens-

1929 1531 2037 1585 que
2078 1518 2134 1570 in
2179 1525 2458 1586 posterum
2501 1535 2609 1574 non
2644 1521 2810 1576 nimis
2835 1536 3030 1577 somno
3058 1521 3370 1594 indulgere,
3407 1525 3504 1579 sed

1930 1609 2075 1665 bono
2103 1611 2288 1664 animo
2320 1611 2536 1681 vigilem
2566 1621 2908 1680 pernoctare.

2457 1787 2624 1843 XXX.
2668 1819 2734 1830 -
2773 1791 2980 1845 Eidem.

326 1877 535 1949 Ὥσπερ
557 1877 663 1949 χρὴ
689 1878 778 1930 τὸν
813 1875 992 1941 ζῶντα
1018 1845 1109 1931 διὰ
1142 1845 1344 1942 παντὸς
1373 1879 1650 1943 ἀναπνεῖν,
1686 1876 1822 1932 οὕτω

2007 1874 2478 1942 Quemadmodum
2509 1893 2648 1946 opus
2680 1886 2766 1932 est
2803 1894 2951 1943 eum,
2984 1879 3077 1948 qui
3123 1879 3277 1946 vivit,
3325 1881 3508 1936 conti-

251 1963 366 2035 χρὴ
390 1964 656 2035 διηνεκῶς
693 1965 1038 2034 ἐπιτηδεύειν
1082 1966 1175 2018 καὶ⁷
1222 1967 1696 2039 μεταχειρίζεσθαι
1727 1967 1830 2036 τὴν

257 2055 428 2126 καλὴν
457 2053 789 2125 ἀγρυπνίαν,
824 2055 921 2107 καὶ
977 2057 1261 2124 μιμεῖσθαι
1323 2061 1432 2120 τοῖς
1459 2059 1693 2128 ψαλμοῖς
1736 2058 1830 2112 καὶ

255 2147 368 2208 τοῖς
409 2143 602 2215 ὕμνοις
638 2143 699 2197 τὸ
723 2142 825 2211 τῆς
869 2143 1237 2213 μελιφθόγγου
1265 2147 1484 2216 ἀηδόνος
1527 2148 1825 2218 ἄγρυπνον,

246 2239 418 2308 -ἠνίκα
439 2237 507 2292 ἂν
544 2236 770 2300 ἐπυάζει
807 2236 875 2289 δι’
903 2236 1034 2306 ὅλης
1056 2237 1250 2299 νυκτὸς
1282 2238 1384 2290 οὐκ
1410 2239 1832 2309 ἀποπαυομένης

250 2327 350 2380 τοῦ
377 2327 653 2398 μελῳδεῖν.
678 2326 849 2379 Τοῦτο
877 2325 989 2394 γάρ
1013 2342 1108 2378 σου
1143 2327 1436 2392 ποιοῦντος,
1454 2329 1552 2382 οὐκ
1587 2327 1830 2394 ἀνέξεται

251 2420 284 2472 ὸ
313 2417 509 2487 ἐχθρὸς
539 2415 907 2486 πολυχρονίως
934 2415 1291 2486 παρεδρεύειν
1321 2434 1424 2480 σοι,
1462 2417 1603 2486 ὀρῶν
1639 2417 1830 2470 ἑαυτὸν

252 2505 685 2577 ὑποθλιδόμενόν
717 2523 776 2559 τε
815 2506 908 2558 καὶ
943 2507 1389 2575 ὲξουθενούμενον
1427 2507 1531 2559 ὑπὸ
1574 2505 1691 2570 σοῦ,
1732 2506 1826 2560 καὶ

248 2597 369 2658 τοῖς
408 2595 510 2664 τῆς
541 2597 819 2666 ἀγρύπνου
859 2598 1024 2668 εὐχῆς
1063 2597 1438 2668 κεντητηρίοις
1478 2597 1825 2668 ηθεκάστην

249 2687 688 2760 τιτρωσκόμενον
717 2689 906 2743 νύκτα.

775 2781 900 2836 AA'.
916 2811 987 2820 -—
1005 2779 1089 2846 Τῷ
1116 2778 1294 2845 αὐτῷ.

323 2868 505 2924 Καλὸν
537 2869 639 2938 μὲν
687 2872 746 2924 τὸ
770 2873 1158 2944 ἀρεμϐἀστως,
1202 2873 1294 2923 καὶ
1317 2871 1732 2940 ἀμετεωρίστως
1752 2871 1819 2939 τῇ

247 2964 513 3034 νυκτερίῳ
571 2947 704 3033 εὐχῇ
757 2963 1264 3034 προσπαραμένειν.
1315 2962 1378 3014 El
1423 2961 1480 3014 δὲ
1522 2960 1666 3012 κατά
1699 2975 1822 3012 τινα

250 3057 556 3126 πειρασμὸν
605 3055 870 3126 συμϐαίη,
933 3055 1028 3107 καὶ
1081 3054 1327 3121 αἰσχροῖς
1383 3067 1492 3103 τισι
1541 3049 1821 3118 λογισμοῖς

249 3148 754 3220 παρακρουσθῆναι,
798 3145 1065 3216 μηδαμῶς
1110 3141 1294 3216 παύσῃ
1317 3140 1413 3195 τοῦ
1442 3139 1609 3194 καλοῦ
1637 3139 1819 3232 ἔγχει·
1847 3169 1894 3232 c

251 3241 495 3311 ρήματος
523 3237 622 3308 τῆς
637 3236 962 3308 ἀγρυπνίας,
988 3235 1103 3289 ἀλλ’
1127 3233 1424 3303 ἐπίμεινον,
1456 3232 1550 3285 καὶ
1581 3228 1822 3284 παλαιῶ-

249 3333 370 3404 θητι
398 3334 456 3384 ὲν
478 3330 556 3401 τῷ
577 3328 805 3399 τοιούτῳ
829 3328 997 3399 ἔργῳ,
1035 3326 1128 3380 καὶ
1152 3325 1366 3388 πάντως
1400 3329 1459 3378 ὲν
1490 3322 1569 3393 τῷ
1613 3323 1823 3394 προσή-

250 3440 397 3478 κοντι
431 3421 608 3494 καιρῷ
634 3421 928 3492 τρυγήσεις
945 3419 1070 3482 τοὺς
1107 3416 1353 3487 καρποὺς
1381 3415 1479 3485 τῆς
1518 3414 1729 3483 σοφίας.
1758 3413 1822 3467 Εί

259 3518 316 3572 δέ
341 3530 424 3576 τις
454 3512 695 3583 βούλοιτο
716 3511 900 3581 ἀργῶν
920 3509 1156 3580 τρυφᾷν,
1180 3508 1270 3561 καὶ
1303 3505 1697 3576 μεθύσκεσθαι,
1727 3504 1823 3557 καὶ

249 3603 564 3657 κολακεύειν
600 3603 700 3674 τὴν
721 3603 911 3671 κοίτην
935 3598 1128 3653 ἑαυτοῦ
1159 3597 1512 3668 χαριζόμενος
1542 3595 1696 3666 ὕπνῳ
1727 3595 1822 3648 καὶ

246 3695 308 3747 οὐ
332 3693 472 3765 Θεῷ,
509 3694 750 3765 βλεπέτω
777 3692 906 3754 τοὺς
943 3692 1008 3743 ὲκ
1052 3689 1152 3759 τῆς
1187 3687 1494 3758 παχύτητος
1525 3686 1822 3741 ἐπανατέλ-

247 3786 440 3850 λοντας
486 3789 554 3856 τῇ
607 3784 805 3856 καρδίᾳ
847 3780 1070 3852 λοιμούς
1113 3797 1176 3834 τε
1222 3781 1315 3834 καὶ
1362 3781 1638 3850 μυσαροὺς
1673 3779 1824 3847 λογι-

249 3875 439 3940 σμοὺς,
473 3875 567 3927 καὶ
587 3873 996 3945 δνειροπολείτω
1013 3871 1217 3935 λοιπὸν,
1237 3870 1330 3924 καὶ
1354 3869 1706 3941 προσδοκάτω
1722 3871 1821 3939 τὴν

244 3964 458 4017 οίκείαν
485 3965 694 4017 πτῶσίν
724 3982 783 4016 τε
825 3965 918 4018 καὶ
945 3961 1244 4016 ἀπώλειαν.
1302 3960 1443 4029 Ἐγὼ
1475 3960 1585 4030 γὰρ
1613 3960 1742 4013 ἄλλο
1769 3979 1820 4013 τι

244 4051 344 4105 νῦν
389 4053 566 4105 εἰπεῖν
614 4054 711 4105 οὐκ
743 4053 931 4117 ἀνέξω,
974 4053 1057 4106 ὅτι
1092 4053 1293 4113 πάντες
1333 4051 1381 4102 οἱ
1430 4051 1688 4120 σαρκικοί
1728 4050 1820 4103 τὸν

238 4144 450 4210 τρόπον
471 4141 580 4208 ἐξω
604 4142 699 4212 τῆς
730 4140 1002 4212 βασιλείας
1042 4143 1390 4213 ριφήσονται.

582 4233 705 4286 ΛΗ.
722 4262 792 4273 --
809 4233 1059 4303 202mg
1092 4231 1476 4301 ΟΙΚΟΝΟΜῼ.

327 4323 386 4378 '0
415 4324 727 4394 μὲνφαωος
759 4329 986 4395 τάχιστα
1014 4323 1078 4376 ἂν
1107 4321 1406 4390 καταγνοίη
1436 4320 1532 4374 καὶ
1555 4320 1648 4374 τοῦ
1677 4323 1816 4389 ἀγα-

243 4414 375 4468 θοῦο
424 4417 454 4469 ό
482 4414 539 4469 δὲ
564 4415 768 4483 ἀγαθὸς
838 4414 960 4467 οὐδὲ
1000 4412 1094 4467 τοῦ
1141 4411 1312 4466 κακοῦ
1350 4412 1569 4483 ῥᾳδίως.
1601 4413 1676 4465 Τὸ
1707 4413 1814 4482 γὰρ

239 4507 323 4570 si;
343 4506 542 4560 κακίαν
564 4507 663 4576 οὐχ
697 4507 934 4576 ἕτοιμον,
962 4504 1083 4558 οὐδὲ
1112 4506 1192 4567 είς
1213 4503 1466 4558 ὑπόνοιαν
1498 4503 1742 4574 εὐχερὲς.

756 4689 879 4742 AI".
899 4719 968 4730 —-
993 4687 1076 4753 Τῷ
1123 4688 1300 4755 αὐτῷ.

323 4781 382 4835 '0
454 4779 636 4851 μοιχὸς
683 4780 888 4842 πάντας
945 4779 1266 4848 ἀνθρώπους
1316 4780 1526 4850 νομίζει
1597 4782 1817 4850 μοιχοὺς

235 4869 402 4937 εἶναι,
435 4871 528 4922 καὶ
562 4871 590 4922 ὁ
614 4869 851 4938 κλέπτης
883 4869 1088 4932 πάντας
1128 4871 1326 4938 ὁμοίως
1369 4871 1603 4933 κλέπτας
1638 4872 1815 4939 ὑπάρ-

231 4980 352 5032 χειν
400 4961 569 5015 οἴεται
594 4977 607 4990 ·
649 4963 677 5014 ὁ
708 4961 765 5013 δὲ
801 4959 1054 5029 σώφρων,
1090 4961 1183 5012 καὶ
1227 4961 1402 5027 ἅγιος,
1434 4963 1530 5015 καὶ
1563 4962 1815 5031 θεοφιλὴς

231 5053 375 5125 ἀνὴρ
415 5054 625 5114 πάντας
651 5052 972 5122 ἀνθρώπους
998 5050 1273 5119 λογίζεται
1309 5053 1488 5114 ὁσίους
1530 5054 1814 5122 τυγχάνειν

231 5145 332 5197 καὶ
356 5143 614 5204 δικαίους.
667 5142 737 5195 Σὺ
787 5143 831 5194 δ’
884 5143 976 5194 ἐπὶ
1017 5141 1280 5210 πονηρίαν
1330 5144 1393 5193 ὲκ
1448 5145 1672 5212 μακρῶν
1707 5144 1814 5195 τῶν

229 5230 442 5299 χρόνων
478 5230 802 5293 ἐξάκουστος
831 5229 1113 5299 ὑπάρχων,
1143 5232 1353 5292 πάντας
1383 5231 1621 5300 νομίζεις
1644 5249 1811 5302 πονη-

231 5323 364 5392 ρούς
395 5340 455 5376 τε
492 5326 584 5375 καὶ
623 5321 996 5397 φαυλοτάτους
1038 5318 1197 5385 εἶναι,
1236 5324 1330 5376 καὶ
1367 5326 1477 5386 τοῖς
1510 5327 1638 5377 πᾶσι
1685 5326 1810 5389 τοὺς

226 5413 440 5476 πάντας
473 5414 783 5476 διαϐάλλεις
824 5415 1187 5485 καθεκάστην,
1227 5415 1300 5476 ὼς
1342 5416 1666 5486 μοχθηροὺς,
1714 5418 1809 5471 καὶ

229 5503 476 5564 σκαιοὺς,
512 5502 607 5554 καὶ
639 5503 778 5569 ἄγαν
811 5503 1140 5574 ἀλιτηρίους.

552 5593 672 5647 ΛΔ’.
701 5623 768 5633 —-
811 5594 1144 5662 ΣΩΦΡΟΝΙῼ
1185 5595 1490 5666 ΜΟΝΑΧῼ.

305 5684 398 5754 Μὴ
420 5683 542 5737 θέλε
566 5686 656 5738 τὸν
683 5686 987 5758 ἡγούμενόν
1039 5703 1131 5739 σου
1171 5682 1308 5742 εἶναι
1341 5689 1501 5767 σοφξν
1523 5688 1599 5759 τῷ
1627 5689 1789 5762 λόγῳ·

305 5797 352 5830 ⁸³
384 5795 526 5854 Osee
570 5815 680 5854 xw.
715 5799 769 5854 6.

1934 1981 2046 2022 nuo
2071 1965 2367 2034 respirare,
2399 1966 2482 2021 sic
2510 1981 2739 2021 necesse
2759 1974 2844 2021 est
2873 1968 3139 2021 continuo
3169 1967 3343 2024 bonas
3371 1970 3508 2039 νὶκί-

1931 2057 2036 2113 lias
2074 2055 2358 2126 suscipere
2381 2095 2397 2120 ,
2432 2063 2488 2110 et
2527 2057 2772 2126 agitare,
2803 2057 3160 2126 aiiitilarique
3189 2067 3245 2113 et
3278 2059 3508 2129 psalmis

1929 2156 1984 2204 et
2014 2148 2234 2218 hymnis
2284 2146 2545 2202 melliﬂuo
2577 2154 2745 2201 cantu
2806 2148 3127 2217 prmditam,
3167 2163 3232 2202 ac
3289 2149 3506 2219 vigilem

1929 2238 2243 2304 lusciniam,
2273 2253 2399 2292 cum
2421 2238 2514 2291 illa
2545 2237 2665 2291 ovis
2689 2239 2958 2293 incubans
2980 2254 3076 2308 per
3099 2246 3268 2292 totam
3292 2251 3506 2295 noctem

1928 2338 2150 2395 cantus,
2181 2343 2321 2399 quos
2351 2343 2634 2397 nunquam
2666 2328 3020 2383 remissiores
3071 2327 3226 2393 facit,
3281 2329 3414 2384 edit.
3446 2329 3504 2383 Id

1929 2424 2020 2478 ubi
2049 2423 2350 2493 peregeris,
2387 2421 2532 2475 haud
2574 2421 2873 2476 sustinebit
2915 2419 3268 2476 adversarius
3297 2421 3506 2476 diutius

1925 2515 1982 2568 in
2015 2522 2068 2568 te
2094 2512 2404 2576 immorari,
2447 2512 2644 2567 videns
2673 2527 2733 2566 se
2757 2511 2856 2566 abs
2902 2519 2956 2566 te
2987 2526 3260 2580 pressum,
3315 2511 3502 2578 negle-

1925 2611 2208 2672 ctumque,
2239 2610 2292 2656 et
2323 2602 2594 2657 orationis
2623 2600 2806 2671 vigilis
2842 2601 3236 2669 punctionibus
3253 2601 3504 2672 qualibet

1923 2702 2088 2750 nocte
2125 2695 2493 2748 vulneratum.

2386 2783 2490 2853 13
2518 2781 2711 2835 XXXI.
2733 2811 2803 2822 —
2826 2780 3036 2836 Eidem.

1993 2875 2206 2928 Bonum
2240 2875 2500 2943 equidem
2536 2881 2643 2936 est,
2672 2882 2998 2928 constanter
3025 2879 3189 2940 atque
3219 2872 3498 2929 submisse

1921 2964 1977 3018 in
2009 2973 2279 3019 nocturna
2335 2964 2589 3017 oratione
2634 2963 2976 3032 persistere:
3021 2962 3068 3016 si
3118 2976 3250 3016 vero
3279 2961 3350 3016 ob
3396 2961 3500 3014 ali-

1922 3071 2084 3125 quam
2132 3056 2490 3109 tentationem
2538 3054 2861 3121 contigerit,
2896 3061 2950 3108 et
2997 3053 3267 3108 obscenas
3296 3052 3503 3121 cogita-

1923 3150 2104 3203 tiones
2155 3145 2506 3214 interrumpi,
2563 3159 2592 3197 a
2642 3146 2816 3213 probo
2859 3145 2978 3211 ipse
3031 3152 3254 3208 conatu,
3313 3143 3500 3212 vigilia

1926 3254 2121 3308 nempe
2147 3278 2160 3300 ,
2200 3253 2271 3292 ne
2302 3237 2570 3297 desistas,
2621 3234 2716 3291 sed
2766 3249 3089 3304 persevera,
3142 3245 3196 3289 et
3235 3235 3291 3288 in
3331 3234 3498 3289 simili

1924 3331 2279 3404 aggressione
2334 3328 2719 3391 inveterasce,
2770 3327 2852 3380 sic
2907 3327 3136 3380 omnino
3193 3335 3500 3394 opportuno

1923 3431 2170 3492 tempore
2207 3420 2492 3490 sapientia:
2525 3419 2739 3474 fructus
2767 3417 3034 3472 demetes.
3066 3417 3223 3484 Quod
3271 3417 3317 3472 si
3343 3417 3499 3486 quis-

1924 3512 2072 3580 piam
2103 3511 2338 3564 voluerit
2381 3509 2436 3563 in
2479 3508 2594 3562 otio
2638 3507 2907 3573 deliciari,
2938 3514 2994 3560 et
3025 3506 3306 3574 inebriari,
3357 3515 3412 3562 et
3441 3507 3498 3562 in

1922 3601 2123 3654 lectulo
2150 3599 2382 3667 obsequi
2412 3612 2514 3652 suo
2543 3610 2760 3656 somno,
2789 3603 2844 3649 et
2873 3609 2982 3649 non
3016 3593 3126 3650 Deo
3161 3610 3368 3652 morem
3403 3610 3495 3666 ge-

1922 3706 2077 3754 rere,
2127 3689 2438 3745 cohsideret
2472 3688 2542 3741 ob
2581 3686 2965 3756 pinguedinem
3004 3688 3058 3741 in
3105 3686 3291 3741 animo
3332 3700 3494 3740 exor-

1922 3789 2041 3845 tas,
2087 3779 2378 3850 pestiferas
2414 3785 2468 3832 et
2495 3777 2866 3833 essecrandas
2918 3778 3310 3848 cogitationes,
3341 3787 3394 3830 et
3437 3777 3491 3832 in

1922 3885 2200 3944 posterum
2251 3869 2572 3942 praevideat,
2640 3877 3030 3939 exspectetque
3083 3870 3362 3938 proprium
3416 3868 3491 3921 Ia-

1919 3981 2076 4036 psum
2119 3972 2173 4019 et
2202 3963 2502 4018 interitum.
2539 3962 2660 4030 Ipse
2685 3962 2832 4015 enim
2865 3960 3014 4013 aliud
3061 3959 3343 4028 quidpiam
3377 3971 3486 4011 non

1919 4056 2122 4116 dicam,
2171 4053 2281 4108 nisi
2337 4053 2651 4115 veritatem,
2705 4063 2897 4103 omnes
2954 4062 3186 4101 cat-neos
3243 4046 3490 4102 moribus

1917 4151 2072 4199 extra
2106 4157 2334 4211 regnum
2359 4139 2508 4208 ejici.

2198 4229 2414 4283 XXXII.
2445 4257 2514 4268 —
2543 4222 2799 4279 ZOSIMO
2823 4223 3209 4281 (ECONOMO.

1989 4320 2273 4390 Improbus
2302 4315 2588 4372 celerrime
2641 4314 2909 4370 adversus
2957 4315 3188 4385 probum
3215 4318 3485 4387 judicium

1917 4413 2140 4467 dixerit.
2165 4409 2379 4464 Probus
2411 4422 2588 4477 neque
2641 4406 2909 4462 adversus
2952 4406 3154 4462 malum
3201 4424 3268 4464 es
3318 4408 3485 4465 facili.

1845 4521 1891 4576 ι)
1915 4503 2071 4570 Quod
2094 4503 2240 4558 enim
2270 4501 2324 4555 in
2361 4499 2624 4555 malitiam
2671 4511 2904 4568 pronum
2932 4513 3040 4553 non
3070 4506 3173 4565 est,
3203 4516 3381 4571 neque
3421 4515 3487 4555 ex

1921 4593 2071 4648 facili
2105 4593 2159 4646 in
2191 4591 2557 4661 suspicionem
2592 4588 2755 4641 cadit.

2410 4675 2647 4730 XXXIII.
2680 4708 2750 4717 --
2781 4675 2989 4732 Eidem.

1995 4772 2222 4827 Adulter
2257 4770 2524 4824 mortales
2558 4784 2749 4823 omnes
2770 4767 3054 4825 adulteros
3088 4785 3214 4825 esse
3239 4771 3487 4844 suspica—

1921 4871 2030 4929 tur,
2061 4871 2113 4917 ct
2153 4861 2240 4916 fur
2267 4861 2534 4918 .similiter
2563 4875 2757 4913 omnes
2809 4858 2958 4913 fures
2993 4875 3113 4915 esse
3164 4862 3482 4914 existimat:

1915 4962 1969 5008 et
1999 4953 2270 5023 prudens,
2304 4962 2529 5006 sanctus
2551 4990 2564 5012 ,
2625 4959 2675 5004 et
2726 4952 2847 5019 pius
2883 4952 2964 5003 vir
3017 4966 3205 5004 omncs
3239 4951 3484 5006 homines

1916 5053 2138 5099 sanctos
2174 5059 2296 5098 esse
2345 5058 2408 5095 ac
2446 5043 2628 5111 justos
2659 5043 2852 5095 credit.
2889 5043 2969 5095 'I‘u
3009 5056 3174 5110 porro
3205 5043 3257 5093 in
3293 5045 3484 5111 nequi-

1917 5139 1989 5192 tia
2022 5136 2223 5190 multos
2252 5136 2452 5188 abhinc
2474 5149 2647 5188 annos
2671 5133 2987 5187 dilfamatus
3020 5148 3141 5184 cum
3171 5134 3269 5196 sis,
3294 5149 3482 5190 omnes

1920 5229 2092 5282 malos
2143 5243 2207 5280 ac
2252 5227 2624 5294 nequissimos
2668 5239 2789 5278 esse
2839 5224 3124 5291 opinaris;
3182 5239 3484 5293 omnesque

1919 5318 2060 5387 apud
2096 5318 2382 5372 universos
2414 5317 2681 5385 quotidie,
2714 5323 2973 5381 tanquam
3017 5315 3118 5382 17
3149 5314 3400 5380 stolidos,
3429 5324 3484 5371 ct

1919 5410 2155 5478 ineptos,
2188 5416 2240 5462 et
2277 5423 2438 5476 quam
2467 5408 2700 5460 maxime
2729 5406 3024 5459 sceleratos
3055 5420 3306 5460 accusas.

2134 5601 2372 5658 XXXIV.
2399 5635 2465 5643 —
2495 5596 2882 5656 SOPIIRONIO
2924 5599 3274 5656 MONAC‘IIO.

1984 5691 2345 5763 Praapositum
2392 5701 2544 5748 tuum
2594 5693 2899 5763 sapientem
2952 5709 3074 5749 esse
3129 5694 3183 5747 in
3234 5700 3498 5744 sermone
