3984 6150
474 392 550 456 99
1840 351 1847 364 ’
1931 460 1936 466 ,
1977 388 2035 450 s.
2073 386 2238 448 NILI

3623 382 3731 448 100

476 513 547 552 ne
588 496 816 566 cupito:
865 509 1039 565 neque
1072 494 1215 550 enim
1257 496 1357 567 qui
1408 497 1556 552 docti
1608 507 1738 552 sunt
1791 511 2046 552 sermone

2181 497 2208 546 ὑ
2232 495 2338 564 γὰρ
2368 495 2585 557 πάντως
2641 495 2691 547 οῖ
2746 494 2900 564 σοφοὶ
2937 493 3017 560 τῷ
3054 493 3198 562 λόγῳ
3238 491 3592 562 εὑαζοεστοῦσι
3651 497 3734 565 τῷ

479 589 592 641 Deo
616 587 852 655 placent,
884 585 978 639 sed
1009 582 1142 636 illud
1172 599 1397 650 conare,
1449 593 1508 639 ut
1555 585 1622 640 ad
1668 585 1830 638 linem
1870 597 2048 652 usque

2181 587 2284 657 θεῷ,
2313 587 2426 640 ἀλλ’
2444 589 2622 641 ἐκεῖνο
2645 586 2898 659 ζήτησον,
2920 587 3068 649 ὅπως
3103 586 3168 640 ἂν
3191 587 3352 656 μέχρι
3379 586 3564 648 τέλους
3595 586 3734 638 ὑπο-

480 675 758 745 ignoranti
785 673 1095 742 subjaceas,
1131 673 1224 742 qui
1249 674 1510 744 opinione
1547 675 1832 728 hominum
1859 671 2048 726 mundi

2181 681 2318 748 αγῇς
2342 678 2419 748 τῷ
2452 676 2638 750 ἰδιώτῃ
2669 680 2733 732 σὺ
2765 681 2795 732 6
2818 678 2896 748 τῷ
2922 679 3097 732 δοκεῖν
3135 676 3522 746 σεσοφισμένος
3542 679 3610 748 τῇ
3637 677 3732 730 τοῦ

480 767 744 836 sapientia
769 764 1018 828 excellis;
1039 765 1121 818 sic
1137 766 1282 820 enim
1309 765 1656 828 humilitatis,
1675 772 1728 818 et
1753 779 1893 818 verae
1914 763 2046 818 sub-

482 857 759 912 missionis
799 854 1096 910 admodum
1123 855 1360 924 pretiosa
1425 871 1628 911 corona
1667 854 2048 910 exornaberis.

982 943 1204 998 XXXV.
1233 975 1305 986 —
1333 945 1545 1002 Eidem.

543 1034 687 1089 Nihil
718 1034 947 1089 omnino
1003 1043 1113 1089 tum
1149 1036 1508 1092 submissioni
1541 1046 1596 1092 et
1625 1046 1834 1108 pacata:
1859 1038 2050 1100 menti,

476 1127 646 1180 multa
687 1128 768 1181 tui
803 1127 1023 1182 abbatis
1055 1127 1112 1182 in
1153 1142 1430 1196 sermone,
1473 1129 1570 1200 qui
1615 1144 1716 1185 ore
1749 1128 2048 1202 profertur,

474 1217 812 1287 ignorantia,
856 1217 1194 1273 detrimento
1229 1219 1356 1274 erit.

977 1309 1218 1365 XXXVI.
1253 1340 1324 1352 —
1355 1309 1560 1366 Eidem.

554 1418 574 1452 ι
616 1398 760 1455 Deus
792 1407 982 1456 uoster
1027 1401 1466 1456 misericordiam
1521 1410 1575 1458 et
1622 1402 1894 1472 judicium
1919 1401 2050 1456 dili-

2149 772 2358 840 κόσμου
2390 772 2574 842 σοφίᾳ,
2594 772 2694 840 τῆς
2706 769 3225 841 ταπεινοφροσύνης,
3256 768 3352 822 καὶ
3380 768 3478 838 τῆς
3497 785 3737 836 γνησιω-

2149 866 2319 935 τάτης
2351 865 2630 934 ὑποταγῆς
2659 863 2751 916 τὸν
2775 862 3146 932 πολυτίμητον
3179 859 3442 930 στέφανον
3467 861 3734 933 ἀναδήσῃ.

2677 955 2802 1008 AE'.
2831 981 2899 994 -—
2929 951 3013 1017 Τῷ
3031 951 3212 1017 αὐτῷ.

2224 1051 2388 1104 Οὐδὲν
2426 1051 2486 1104 τὸ
2535 1048 2750 1102 σύνολον
2784 1045 3129 1117 παραόλάψει
3155 1043 3253 1116 τὴν
3301 1042 3400 1114 σὴν
3437 1043 3735 1113 ὑποταγὴν,

2155 1141 2246 1194 καὶ
2280 1139 2768 1211 μετριοφροσύνην,
2813 1140 2848 1208 ἡ
2901 1136 3072 1207 πολλὴ
3125 1135 3266 1188 κατά
3291 1133 3384 1188 τὸν
3407 1135 3741 1205 προφορικὸν

2153 1231 2312 1301 λόγον
2333 1232 2539 1288 ίδιωτία
2565 1231 2658 1284 τοῦ
2697 1230 2791 1283 σοῦ
2820 1228 2984 1284 ἀϐὄᾶ.

2673 1322 2814 1387 AG".
2843 1349 2908 1363 -.
2933 1316 3204 1374 ssNaNI.

2234 1435 2252 1467 ι
2301 1416 2359 1467 Ὀ
2387 1415 2520 1476 Θεὸς
2544 1413 2699 1483 ήμῶν
2732 1411 2925 1482 ἀγαπᾷ
2946 1408 3319 1479 ἐλεημοσύνην
3364 1406 3458 1460 καὶ
3486 1407 3689 1479 κρίσιν,
3717 1427 3734 1459 ι

478 1490 558 1561 git
579 1491 624 1522 ³³
657 1527 671 1554 ,
699 1509 717 1542 ι
755 1498 814 1544 ιιι
838 1492 979 1545 dixit
1008 1491 1176 1545 David
1211 1510 1223 1545 :
1257 1501 1314 1546 ut
1342 1509 1519 1563 neque
1550 1495 1924 1549 misericordia
1954 1509 2057 1549 nos

2181 1505 2340 1567 ιαθὼς
2373 1506 2560 1576 εἴρηκε
2584 1503 2748 1556 Δαυίδ
2767 1519 2782 1534 ⁸
2807 1503 2894 1558 ἵνα
2913 1503 3049 1572 μήτε
3066 1503 3093 1554 6
3119 1499 3268 1562 ἕλεος
3287 1498 3540 1570 χαυνώσῃ
3573 1501 3739 1569 ήμᾶς.

480 1581 766 1649 segniores
794 1581 1010 1644 reddat,
1044 1598 1222 1652 neque
1250 1583 1523 1653 judicium
1563 1585 1741 1640 solum
1771 1586 1828 1638 in
1856 1585 2054 1654 despe~

483 1671 751 1724 rationem
784 1671 1028 1724 inducat.
1063 1671 1312 1742 Namque
1346 1675 1458 1726 ait:
1492 1691 1511 1724 ι
1538 1674 1594 1727 Si
1629 1673 1772 1728 Deus
1796 1674 2058 1730 observa-

2145 1597 2298 1665 ’μήτε
2337 1596 2470 1666 μόνη
2507 1596 2540 1666 ἡ
2571 1595 2750 1664 κρίσις
2783 1593 3095 1661 ἀπόγνωσιν
3121 1592 3508 1662 ἐνεργάσηται.
3545 1611 3564 1642 ‹
3615 1592 3739 1644 Ἐὰν

2160 1688 2290 1758 γὰρ,
2313 1687 2468 1758 φησὶ,
2501 1685 2868 1756 παρατηρήσῃ
2908 1684 3136 1753 ἀνομίας
3160 1686 3188 1737 6
3207 1683 3361 1747 Θεὸς,
3403 1683 3484 1745 τίς
3507 1685 3745 1754 ὑποστή-

480 1761 622 1815 verit
653 1771 903 1830 peccata,
955 1763 1080 1830 quis
1123 1765 1417 1818 sustinebit
1445 1764 1526 1817 ³ιῖ
1563 1782 1582 1815 ι
1622 1763 1751 1818 Vult
1785 1766 1954 1835 judex
1980 1768 2060 1821 tui

2181 1796 2318 1831 τεται
2345 1797 2359 1846 ;
2399 1799 2416 1830 ι
2450 1777 2696 1848 βούλεταί
2728 1793 2786 1830 σε
2811 1779 2840 1830 6
2866 1776 3060 1845 κριτὴς
3087 1775 3328 1845 ἐλεῆσαι,
3361 1777 3455 1830 καὶ
3490 1776 3584 1830 τὸν
3619 1778 3748 1829 ἑαυ-

479 1854 775 1916 misereri,
836 1868 1104 1922 suamque
1149 1855 1588 1910 misericordiam
1642 1857 1948 1927 impertiri,
2013 1861 2060 1914 si

2181 1869 2256 1922 τοῦ
2291 1841 2602 1940 οἰκτειρμὸν
2652 1841 3127 1937 μεταδοῦναιίὲάν
3179 1841 3314 1936 εὕρῃ
3352 1882 3410 1917 σε
3461 1866 3602 1934 μετά
3648 1867 3750 1936 τὴν

479 1953 612 2016 :post
639 1953 915 2014 patratum
946 1943 1206 1999 delictum
1247 1954 1300 2002 te
1329 1948 1674 2002 humiliatum
1708 1953 2055 2019 compererit,

2161 1959 2437 2030 ἁμαρτίαν
2459 1958 2955 2028 τεταπεινωμένον,
2988 1957 3082 2009 καὶ
3119 1955 3229 2010 τῶν
3264 1955 3628 2009 δουλεύοντων
3671 1955 3752 2025 τῷ

478 2038 792 2108 videritque
831 2047 884 2092 te
923 2036 1191 2091 Dominus
1235 2037 1310 2089 ita
1353 2036 1629 2103 aﬂ'ectum,
1673 2045 1732 2090 ut
1769 2039 1912 2092 servi
1964 2039 2060 2094 Dei

2181 2050 2281 2120 ὒεῷ
2321 2051 2457 2122 πρὸς
2484 2049 2545 2102 τὸ
2578 2050 2881 2118 συγκαμεῖν
2909 2045 3004 2100 τοῦ
3039 2046 3256 2115 ἰαθῆναι
3285 2046 3385 2116 τὴν
3415 2045 3750 2117 ἁμαρτωλὸν

485 2129 868 2184 misericordia
912 2135 1006 2182 tua
1039 2127 1214 2190 ducti,
1248 2135 1429 2182 tecum
1476 2144 1584 2182 una
1617 2129 1779 2184 simul
1816 2131 2058 2186 laborem

2181 2145 2341 2215 Pux'ﬁv
2364 2159 2484 2210 σου,
2519 2141 2615 2194 ἐὰν
2644 2140 2906 2209 θεάσηται
2947 2156 3006 2192 σε
3030 2140 3059 2191 6
3104 2138 3310 2208 Κύριος
3331 2137 3566 2189 ἐλεεινὸν
3592 2137 3753 2204 γενό-

485 2221 741 2279 subeant,
775 2233 877 2288 pro
909 2217 1236 2289 peccatricis
1280 2217 1477 2273 anima:
1518 2227 1625 2272 tute
1660 2212 1860 2284 salute,
1893 2222 2062 2276 mise-

485 2311 781 2365 ricordiam
808 2324 965 2366 suam
1014 2309 1233 2363 abunde
1267 2309 1363 2363 tibi
1408 2309 1804 2379 suppeditabit.
1847 2310 1906 2366 Si
1932 2326 2064 2366 vero

472 2416 581 2456 cor
629 2411 848 2456 tumens
903 2400 1159 2470 superbia
1186 2441 1202 2466 ,
1245 2399 1516 2466 inﬁdum,
1561 2410 1614 2454 et
1658 2403 1928 2469 poenitere
1966 2419 2064 2458 ne»

473 2492 664 2547 :scium
692 2491 1064 2561 conspexerit,
1111 2497 1166 2542 et
1201 2489 1350 2542 nullo
1383 2489 1549 2542 modo
1581 2487 1825 2543 futurum
1867 2491 2066 2547 timens

486 2583 774 2652 judicium,
829 2590 960 2636 tunc
1025 2578 1134 2648 18
1185 2593 1348 2642 sane,
1393 2587 1525 2632 tunc
1564 2576 1708 2634 Deus
1733 2588 1879 2634 amat
1920 2582 2069 2652 judi-

491 2673 662 2738 cium,
715 2670 1184 2742 quemadmodum
1227 2668 1474 2724 medicus
1501 2669 1726 2737 liquidis
1786 2671 2066 2740 fomentis,

491 2778 556 2818 ac
592 2765 844 2818 uncturis
873 2761 1092 2816 lenibus
1140 2767 1412 2812 tumorem
1454 2760 1756 2827 compescit
1789 2780 1802 2815 :
1843 2762 1940 2818 sed
1978 2765 2069 2819 ubi

489 2853 850 2922 pertinacem,
883 2858 938 2906 et
973 2847 1391 2911 medicamentis
1417 2847 1776 2916 pervicaciter
1795 2851 2067 2906 resisten-

493 2953 596 3000 tem
633 2953 905 2997 tumorem
939 2940 1163 3002 viderit,
1201 2936 1712 3004 commiseratione,
1743 2946 1798 2994 et
1833 2942 2071 2997 molliter

490 3036 684 3106 agendi
731 3033 948 3087 ratione
995 3031 1229 3098 abjecta,
1275 3029 1331 3083 in
1382 3037 1666 3098 posterum
1725 3047 1885 3087 usum
1937 3034 2070 3089 ferri

496 3127 603 3182 sibi
637 3123 882 3180 asciscit.
919 3122 1079 3176 Amat
1113 3121 1280 3190 igitur
1321 3121 1781 3186 misericordiam,
1823 3132 1878 3180 et
1914 3125 2066 3194 judi-

489 3217 636 3270 cium
683 3214 970 3278 Dominus,
1017 3211 1446 3267 misericordiam
1491 3212 1548 3265 in
1583 3228 1700 3278 eos,
1753 3216 1849 3286 qui
1887 3221 2062 3287 pani-

492 3304 722 3358 tentiam
752 3310 940 3372 agunt,
966 3299 1236 3369 judicium
1282 3300 1338 3353 in
1368 3298 1693 3366 renitentes,
1725 3318 1791 3359 ac
1827 3310 2075 3376 pervica-

492 3409 606 3449 εεε.
1826 3427 1828 3430 .

603 3479 876 3535 XXXVII.
919 3509 990 3520 —
1038 3478 1435 3535 EUSTATHIO
1466 3481 1956 3546 CUBICULARIO.

567 3571 708 3625 Tota
740 3571 828 3624 die
855 3570 976 3624 vita:
1024 3571 1254 3640 hujusce
1291 3572 1480 3640 justus
1507 3577 1778 3643 angustiis
1830 3588 1885 3634 et
1921 3583 2076 3639 dolo-

495 3663 674 3725 ribus,
696 3676 910 3717 necnon
936 3663 1250 3732 opprobriis
1281 3664 1658 3733 conﬂictatur,
1694 3670 1883 3726 multis
1911 3674 2075 3729 etiam

497 3755 780 3810 laboribus
815 3764 1073 3825 tanquam
1118 3757 1322 3811 ictibus
1354 3750 1754 3827 praegravatur.
1788 3761 1866 3817 Ne
1892 3765 2077 3836 itaque

496 3853 758 3912 tanquam
809 3859 868 3898 re
918 3859 1059 3898 nova
1100 3845 1154 3898 in
1199 3845 1627 3901 admirationem
1656 3850 1917 3916 traharis,
1951 3869 2075 3910 cum

497 3936 701 3991 videris
739 3935 971 4003 probum
1001 3936 1182 3990 virum
1215 3938 1385 3993 variis
1440 3953 1503 3992 ac
1542 3939 1778 3996 diversis
1809 3947 2077 4002 molestiis

495 4023 914 4086 eolluctautem,
945 4031 1000 4077 et
1029 4022 1218 4079 labore
1247 4024 1360 4094 jam
1406 4024 1755 4083 fatiscentem
1790 4045 1806 4085 :
1850 4049 1868 4083 ‹
1899 4031 2076 4098 Quem

488 4115 638 4168 enim
697 4113 836 4169 Deus
890 4122 1055 4180 amat,
1107 4116 1364 4187 corrigit,
1395 4115 1639 4188 ﬂagellat
1673 4135 1805 4177 vero
1852 4136 2075 4179 omnem

488 4204 688 4267 lilium,
721 4221 883 4276 quem
918 4204 1158 4262 admittit
1193 4207 1262 4263 ⁸⁵.
1304 4225 1322 4258 ι
1361 4206 1448 4273 Ει,
1494 4227 1513 4259 ι
1548 4207 1888 4280 Flagellatus
1928 4229 2072 4279 sum,

497 4295 594 4362 ait,
623 4304 738 4350 tota
771 4297 877 4360 die,
907 4307 960 4349 et
989 4299 1346 4366 reprehensio
1376 4314 1494 4353 mea
1526 4301 1582 4353 in
1617 4304 1904 4359 matutinis
1935 4303 2002 4360 ".
2047 4322 2066 4355 ι

484 4387 676 4457 Neque
707 4388 856 4441 enim
893 4388 1253 4455 reprehensio
1285 4388 1461 4442 solem
1511 4390 1692 4457 ipsum
1727 4406 1832 4445 suo
1877 4393 2076 4450 robore

2167 2252 2350 2305 μενον,
2402 2231 2812 2303 ὲπιχωρηγήσει
2834 2246 2917 2282 σοι
2945 2228 3175 2298 ἄφθονον
3190 2227 3288 2298 τὴν
3313 2226 3509 2281 ἑαυτοῦ
3527 2227 3754 2297 ἐλεημο-

2166 2329 2351 2396 σύνην.
2383 2325 2510 2380 Ἐὰν
2535 2325 2594 2378 δὲ
2623 2323 2849 2395 καρδίαν
2869 2323 3240 2392 ὑπερήφανον,
3259 2322 3351 2374 καὶ
3378 2321 3628 2383 ἄπιστον,
3658 2320 3760 2375 καὶ

2165 2419 2551 2487 ἀμετανόητον
2612 2415 2887 2486 θεωρήσῃ,
2945 2413 3037 2466 καὶ
3117 2411 3380 2481 μηδαμῶς
3411 2411 3757 2482 φοϐουμένην

2165 2509 2225 2561 τὸ
2263 2508 2452 2577 μέλλον
2488 2507 2794 2577 κριτήριον,
2845 2504 2968 2558 τότε
3017 2503 3106 2572 δὴ,
3156 2501 3277 2555 τότε
3317 2502 3511 2572 ἀγαπᾷ
3562 2504 3591 2554 6
3621 2502 3756 2565 Θεὸς

2167 2598 2266 2670 τὴν
2293 2598 2496 2669 κρίσιν,
2532 2588 2720 2666 ὥσπερ
2765 2595 2952 2666 ίατρὸς
2996 2593 3430 2662 καταντλήμασι,
3459 2591 3557 2644 καὶ
3594 2608 3754 2661 περι-

2169 2689 2486 2758 πλάσμασιν
2515 2687 2741 2748 ἁπαλοῖς
2777 2685 3024 2755 βούλεται
3054 2683 3407 2736 καταστεῖλαι
3433 2683 3494 2735 τὸ
3531 2683 3754 2753 οἴδημα.

2184 2779 2355 2832 Ἐπὰν
2390 2779 2447 2831 δὲ
2479 2778 2564 2850 ἴδῃ
2595 2777 2908 2839 ἀνενδότως.
2949 2776 3041 2828 καὶ
3071 2775 3321 2846 σκληρῶς
3359 2775 3763 2829 ἀντιτυποῦντσ.

2170 2869 2261 2922 τὸν
2288 2870 2471 2937 δγκον,
2501 2868 2662 2938 ῥίψας
2683 2867 2742 2920 τὸ
2774 2867 2973 2932 ἔλαιον,
2998 2865 3094 2919 καὶ
3121 2864 3220 2936 τὴν
3245 2864 3492 2935 μαλακὴν
3507 2863 3757 2933 ἀγωγὴν,

2170 2964 2404 3032 αἱρεῖται
2449 2960 2638 3012 λοιπὸν
2679 2958 2777 3028 τὴν
2825 2957 2922 3010 τοῦ
2980 2958 3202 3027 σιδήρου
3253 2958 3471 3028 χρῆσιν.
3542 2957 3762 3027 ’Δγαπᾷ

2168 3053 2349 3104 τοίνυν
2388 3049 2758 3120 ἐλεημοσύνην
2803 3048 2896 3103 καὶ
2931 3048 3116 3118 κρίσιν
3143 3047 3172 3098 6
3203 3046 3425 3118 Κύριοςο
3457 3045 3762 3117 ἐλεημοσύ-

2172 3160 2269 3212 νην
2307 3141 2407 3212 μὲν
2453 3141 2547 3193 ἐπὶ
2582 3139 2690 3192 τῶν
2727 3139 3148 3210 μετανοούντων,
3174 3137 3354 3211 κρίσιν
3383 3137 3440 3190 δὲ
3491 3137 3594 3191 ἰπὶ
3651 3135 3762 3190 τῶν

2172 3232 2422 3304 σκληρῶν
2446 3233 2539 3285 καὶ
2566 3231 2880 3286 ἀνενδότων.

2256 3529 2263 3538 ε
2341 3495 2461 3549 ΔΖ’.
2501 3522 2572 3535 -
2618 3493 2957 3563 ΕΥΣΤΑΘΙῼ
2997 3490 3586 3562 ΚΟΥΒΙΚΟΥΛΑΡΙῼ.

2250 3586 2417 3654 Ὅλην
2440 3584 2536 3654 τὴν
2560 3585 2774 3654 ἡμέραν
2810 3583 2905 3635 τοῦ
2954 3583 3070 3652 βίον
3116 3583 3308 3637 τούτου
3341 3585 3370 3637 6
3407 3584 3616 3646 δίκαιος
3659 3601 3766 3654 μι-

2179 3677 2458 3746 στιγοῦται
2511 3678 2569 3727 ὲν
2614 3674 2834 3740 λύπαις,
2883 3675 2940 3727 ὲν
2968 3673 3203 3738 ὀδύναις,
3230 3676 3288 3727 ὲν
3317 3674 3670 3744 ὀνειδισμοῖς,
3708 3678 3768 3728 ὲν

2179 3769 2394 3831 πολλοῖς
2427 3766 2646 3837 μόχθοις
2673 3766 2914 3819 θλίϐεται
2948 3765 3400 3835 μαστιγούμενος.
3449 3765 3545 3835 Μὴ
3581 3766 3770 3820 τοίνυν

2179 3857 2410 3925 ξενίζον,
2472 3856 2602 3908 ὅταν
2636 3854 2838 3926 βλέπῃς
2887 3854 2976 3906 τὸν
3011 3856 3218 3923 ἀγαθὸν
3269 3855 3440 3925 ἄνδρα
3481 3855 3774 3909 ταλαιπω-

2180 3946 2375 4018 ροῦντα
2415 3945 2687 4015 διαφόρως
2742 3943 2836 3995 καὶ
2883 3942 3384 4013 καταπονούμενον.
3417 3960 3436 3995 ι
3480 3945 3577 3998 Ὃν
3656 3945 3772 4013 γὰρ

2177 4039 2371 4108 ἀγαπᾷ
2403 4036 2606 4106 Κύριος
2631 4033 2896 4097 παιδεύει,
2941 4037 3196 4102 μαστιγοῖ
3224 4033 3281 4086 δὲ
3330 4034 3508 4088 πάντα
3540 4034 3659 4087 υἱὸν
3711 4036 3774 4087 ὃν

2180 4128 2564 4200 παραδέχεται.
2604 4145 2622 4178 ι
2659 4125 2803 4178 Καί·
2843 4145 2862 4178 ι
2908 4125 3228 4195 Ἐγενόμην,
3284 4126 3438 4195 φησι,
3494 4142 3777 4194 μεμαστι-

2179 4221 2423 4289 γωμένος
2443 4220 2570 4288 ὅλην
2589 4217 2687 4287 τὴν
2716 4217 2952 4287 ἡμέραν,
2981 4220 3076 4270 καὶ
3100 4219 3128 4269 6
3149 4216 3370 4285 ἔλεγχός
3396 4232 3496 4286 μου
3542 4219 3624 4278 είς
3665 4217 3779 4278 τὰς

2182 4310 2414 4381 πρωῒας.
2473 4327 2492 4360 ι
2548 4309 2622 4362 Οὐ
2668 4308 2776 4378 γὰρ
2821 4309 3170 4377 περιέμεινεν
3229 4308 3258 4359 6
3313 4307 3532 4375 ἐλεγχος
3575 4307 3783 4379 μέχρις

2181 4400 2410 4470 ἀκμάσῃ
2467 4399 2558 4452 τὸν
2600 4400 2774 4469 ἣλιον.
2814 4398 3080 4468 Ἦλεγχον
3131 4398 3367 4468 ἐμαυτὸν
3410 4396 3787 4467 ἐξομολογού-

486 4481 738 4534 vividum
775 4478 1141 4545 exspectavit.
1180 4477 1672 4546 Reprehendebam
1691 4484 2067 4553 memetipsum

2185 4508 2363 4562 μενος,
2402 4491 2456 4543 εί
2509 4509 2564 4544 τι
2625 4490 2882 4556 ἐπταισα,
2917 4492 3012 4543 καὶ
3059 4491 3229 4561 χωρὶς
3267 4489 3563 4562 μαρτύρων
3601 4492 3789 4563 6mm-

493 4571 788 4631 conlltens,
816 4569 862 4622 si
895 4567 1028 4636 quid
1058 4567 1288 4636 deliqui,
1338 4575 1391 4621 et
1434 4568 1646 4638 absque
1676 4573 1915 4631 testibus
1945 4591 2076 4646 pec-

491 4671 617 4714 cata
651 4673 769 4712 mea
799 4657 1118 4727 propalans.

690 4747 982 4802 XXXVIII.
1029 4776 1101 4786 —
1134 4744 1537 4801 XENAGORE
1569 4748 1886 4809 DIACONO.

567 4841 846 4903 Praesens,
879 4853 1000 4908 qua:
1033 4853 1135 4892 nos
1166 4848 1351 4905 vexat,
1396 4844 1836 4898 necessariorum
1867 4847 2073 4917 inopia,

488 4947 804 5000 eorumque
841 4945 950 4984 non
987 4930 1061 4983 ita
1103 4929 1308 4992 facilis,
1345 4947 1522 5002 neque
1572 4943 1682 4987 tam
1731 4937 1840 4990 cita
1885 4941 2076 5008 acqui-

492 5021 651 5085 sitio,
715 5019 1140 5090 ignorantiaque
1179 5020 1423 5088 quando,
1463 5031 1820 5093 autquanam
1864 5031 2080 5086 ratione

495 5120 625 5164 vota
661 5119 848 5164 nostra
885 5110 1044 5164 linem
1083 5111 1400 5176 habebunt;
1439 5114 1552 5170 haec
1578 5119 1759 5171 omnia
1790 5122 1902 5189 spei
1928 5137 2084 5176 exer-

496 5201 797 5254 citationes
856 5210 1030 5256 sunt:
1073 5217 1200 5272 spes
1251 5206 1400 5259 enim
1457 5206 1562 5276 19
1607 5208 1664 5262 in
1725 5209 1917 5279 Deum,
1985 5215 2080 5284 qui

499 5299 685 5361 potest
725 5293 887 5356 bona,
927 5309 1050 5348 cum
1085 5295 1153 5349 iis
1187 5295 1562 5364 destituimur,
1601 5309 1654 5354 et
1687 5315 1879 5357 eorum
1913 5307 2073 5376 c0pia

499 5395 614 5434 non
646 5389 751 5442 est,
783 5380 1061 5442 exhibere,
1091 5382 1300 5451 ﬁgenda
1331 5395 1439 5439 est.

996 5473 1234 5529 XXXIX.
1270 5507 1336 5519 -—
1366 5475 1575 5534 Eidem.

571 5559 870 5634 Speremus
914 5567 970 5620 in
1019 5565 1212 5634 Deum,
1251 5568 1441 5636 frater,
1480 5586 1788 5640 speremus,
1823 5573 1947 5631 licet
1977 5591 2076 5633 ne-

589 5737 634 5770 ³³
666 5740 801 5798 Psal.
840 5759 1013 5811 xxxu,
1055 5746 1106 5800 5.
1193 5748 1236 5779 ⁸⁵
1276 5741 1421 5804 Psal.
1456 5764 1642 5816 cxxtx,
1682 5753 1735 5805 5.

2182 4581 2374 4634 σιεύων
2409 4599 2510 4651 μου
2537 4581 2635 4644 τὰς
2663 4580 2958 4651 ἁμαρτίας.

2471 4754 2602 4809 AH'.
2637 4786 2707 4794 —
2739 4755 3102 4826 ΞΕΝΑΓΟΡᾼ
3129 4756 3458 4825 ΔΙΔΚΟΝῼ.

2261 4847 2326 4901 Ἡ
2353 4847 2605 4917 παροῦσα
2635 4847 2728 4900 νῦν
2762 4848 2942 4900 ἔνδεια
2985 4848 3092 4901 τῶν
3124 4830 3432 4919 χρησίμων,
3465 4845 3560 4900 καὶ
3598 4848 3674 4902 τὸ
3711 4851 3798 4921 μὴ

2184 4938 2403 5010 ῥᾳδίως,
2434 4939 2569 5008 μηδὲ
2608 4939 2817 5008 ταχέως
2845 4940 3024 4992 αὐτῶν
3054 4941 3436 5010 ἐπιτυγχάνειν
3469 4940 3653 5008 ἡμᾶς,
3690 4943 3800 4994 καὶ

2183 5028 2244 5080 τὸ
2273 5028 2348 5099 μὴ
2393 5028 2548 5097 δῆλον
2578 5023 2714 5081 εἷναί
2748 5046 2899 5095 ποτε,
2932 5031 3024 5081 καὶ
3058 5029 3175 5092 πῶς
3217 5027 3650 5099 ὲπιτευξὼμεθα
3677 5031 3801 5086 τῶν

2183 5120 2501 5188 αἰτημάτων
2550 5119 2728 5189 ἡμῶν,
2760 5120 2938 5174 πάντα
2987 5119 3160 5174 ταῦτα
3184 5122 3464 5190 γυμνάσια
3485 5121 3583 5188 τῆς
3626 5123 3805 5179 ἑλπί-

2181 5212 2269 5273 δος
2299 5211 2555 5280 ὑπάρχει·
2611 5211 2717 5281 χρὴ
2769 5210 2876 5281 γὰρ
2932 5211 3150 5264 ἐλπίσαι
3207 5214 3298 5264 ἐπὶ
3345 5212 3437 5264 τὸν
3476 5210 3621 5265 Θεὸν
3698 5217 3805 5272 τὸν

2182 5301 2408 5354 δυνατὸν
2457 5300 2639 5354 δοῦναι
2690 5300 2760 5354 τά
2817 5301 3018 5370 ἀγαθὰ,
3062 5304 3190 5356 ὅταν
3248 5301 3646 5373 ὑστερώμεθα,
3699 5311 3813 5365 καὶ

2185 5393 2576 5465 σπανιζώμεθα
2610 5394 2835 5448 τούτων.

2678 5486 2802 5543 ΛΘ’.
2837 5515 2907 5526 --
2949 5486 3033 5552 Τῷ
3087 5487 3267 5553 αὐτῷ.

2271 5577 2610 5649 Ἐλπίσωμεν
2635 5577 2729 5630 ἐπὶ
2745 5577 2837 5632 τὸν
2861 5577 3015 5645 Θεὸν,
3043 5579 3260 5650 ἀδελφὲ,
3299 5580 3666 5655 ἐλπίσωμεν,
3698 5595 3819 5652 κᾶν

1811 5753 1857 5786 ³⁸
1906 5751 2064 5808 Ichl.
2101 5768 2195 5822 xu,
2226 5758 2314 5831 6..
2377 5760 2422 5793 ⁸⁸
2455 5758 2601 5816 Psal.
2645 5775 2813 5829 ωιτη,
2859 5761 2940 5816 LI.
