3984 6150
288 392 382 462 101

1538 387 2073 451 EPISTOLARUM
2107 388 2252 475 ιω.
2294 388 2344 447 1.

3443 380 3544 443 102

289 506 363 580 μὴ
388 502 684 577 πρόχειρον
728 499 964 573 δρῶμεν,
1004 500 1140 572 μηδὲ
1202 502 1386 575 ῥᾴδιον
1421 502 1486 555 τὸ
1515 502 1705 558 λαϐεῖν
1761 500 1863 572 τὴν

1986 514 2075 570 lue
2103 499 2160 553 in
2184 504 2659 570 promptu,neque
2688 510 2755 551 ex
2788 495 2936 551 facili
2961 501 3087 550 vota
3117 501 3309 551 nostra
3334 497 3543 568 suscipi

285 597 524 668 αἴτησιν.
550 593 683 666 μηδὲ
712 591 1071 662 γινώσκωμεν
1097 593 1286 646 ὁποῖον
1319 592 1474 647 ἔσται
1492 594 1557 647 τὸ
1581 592 1861 665 συμϐησό-

291 704 451 758 μενον
478 688 627 757 ἡμῖν.
650 684 911 739 Βούλεται
934 684 1044 756 γὰρ
1102 685 1251 755 ἡμᾶς
1275 686 1306 738 6
1332 684 1465 750 Θεὸς
1502 684 1591 739 ἀεὶ
1622 684 1864 750 ἐλπίζειν

292 778 377 832 ἐπ’
406 777 587 842 αὑτὸν,
611 774 670 840 ὃς
698 775 793 828 καὶ
833 774 906 828 τὰ
931 775 1239 845 πράγματα
1265 776 1441 841 οὓτως
1469 779 1861 847 κατεστήσατο,

290 866 427 922 ὥστε
469 865 861 937 προελπίσασιν
936 863 1117 918 ἐλθεῖν
1193 866 1325 937 ἡμῖν
1396 868 1497 937 τὴν
1564 867 1865 921 ἀπόλαυσιν

288 958 395 1013 τῶν
464 958 800 1030 αἰτηθέντων
861 956 1216 1029 προσκαίρων
1290 974 1372 1022 τε,
1454 958 1551 1012 καὶ
1630 957 1865 1011 αίωνίων

288 1050 525 1121 ἀγαθῶν.

800 1142 894 1197 M'.
925 1172 1000 1184 -
1034 1144 1119 1211 Τῷ
1164 1141 1344 1211 αὐτῷ.

368 1232 430 1288 '0
457 1235 516 1288 ὲν
544 1236 659 1297 τοῖς
686 1233 925 1305 παροῦσι
978 1235 1089 1290 τῶν
1137 1238 1289 1308 παρὰ
1340 1235 1435 1291 τοῦ
1459 1235 1597 1292 Θεοῦ
1631 1235 1861 1309 δεηθεὶς,

289 1322 384 1377 καὶ
410 1323 658 1390 ἐλπίσας,
693 1326 789 1378 καὶ
816 1323 1014 1396 τυχὼν,
1052 1325 1358 1381 διδάσκεται
1402 1328 1534 1399 περὶ
1571 1326 1678 1380 τῶν
1734 1326 1865 1398 μελ-

289 1413 508 1475 λόντων,
544 1407 619 1468 ὧν
645 1412 817 1467 δεῖται
847 1415 882 1485 ὴ
935 1415 1247 1488 ἀνθρωπίνη
1277 1416 1464 1488 φύσις,
1500 1418 1740 1482 ἐλπίζειν
1772 1416 1867 1471 ἐπὶ

289 1504 386 1558 τὸν
405 1503 561 1568 Θεὸν,
587 1503 680 1557 τὸν
707 1506 933 1560 κάκεῖνα
981 1506 1176 1561 δώσειν
1206 1507 1597 1579 ὑποσχόμενον.
1630 1507 1725 1562 Διδ
1771 1509 1866 1563 καὶ

294 1592 395 1649 νῦν
428 1595 818 1665 ἐπαγγέλλεται
841 1596 946 1670 πρὸ
972 1597 1081 1649 τῶν
1123 1598 1485 1669 πραγμάτων,
1527 1598 1623 1653 καὶ
1652 1598 1867 1663 πολλοῖς

291 1687 606 1759 ἔμπροσθεν
634 1687 865 1759 χρόνοις,
890 1690 982 1742 καὶ
1030 1688 1230 1760 πληροῖ
1273 1688 1373 1754 τὰς
1404 1690 1746 1758 ὑποσχέσεις,
1772 1689 1868 1744 καὶ

288 1777 451 1832 τοῦτο
477 1777 783 1844 πλεονάκις.
807 1777 966 1835 Οὕτω
1000 1778 1108 1852 γὰρ
1126 1780 1221 1833 καὶ
1250 1780 1285 1851 ἡ
1314 1780 1572 1844 πολλάκις
1599 1779 1865 1852 γινομένη

1966 606 2280 656 cernamus,
2334 604 2514 659 neque
2555 588 3058 658 deprehendamus,
3111 589 3272 658 cujus
3326 592 3544 660 generis

1963 684 2093 749 erit,
2129 681 2277 753 quod
2307 680 2471 737 nobis
2500 681 2804 749 continget.
2853 678 3102 749 Namque
3123 680 3242 733 vult
3273 678 3415 736 Deus
3443 696 3546 738 nos

1966 775 2022 829 in
2058 789 2183 829 eum
2215 775 2484 828 continuo
2514 786 2667 843 spem
2700 770 2927 833 habere,
2952 771 3045 841 qui
3078 784 3168 825 res
3198 769 3301 825 hac
3330 772 3546 829 ratione

1964 864 2267 936 disposuit,
2292 870 2354 917 ut
2382 862 2582 935 praevia
2606 876 2704 931 spe
2735 861 2880 915 bona
2911 876 2942 914 a
2965 861 3125 916 nobis
3145 862 3405 932 expetita,
3429 864 3548 919 sive

1962 972 2030 1013 ea
2083 955 2458 1027 temporaria,
2508 955 2626 1011 sive
2668 953 3002 1024 sempiterna
3044 954 3177 1019 sint,
3227 953 3546 1025 possidean-

1961 1055 2076 1105 tur.

2527 1137 2644 1197 XL.
2667 1167 2739 1182 --
2776 1136 2984 1195 Eidem.

2034 1229 2139 1299 Qui
2167 1231 2218 1286 vi
2255 1244 2321 1287 ac
2350 1233 2683 1289 necessitate
2713 1239 2961 1295 coactus,
3008 1245 3129 1302 quae
3166 1245 3197 1287 a
3234 1228 3342 1288 Deo
3372 1246 3544 1305 popo-

1965 1332 2188 1389 scerat,
2242 1338 2474 1394 sperans
2520 1324 2792 1388 obtinuit,
2852 1323 3163 1380 instituitur
3222 1338 3439 1395 quoque
3478 1326 3548 1381 de

1963 1415 2186 1479 luturis,
2232 1429 2468 1485 quorum
2504 1422 2699 1469 natura
2747 1415 2984 1469 humana
3018 1415 3245 1486 indiget,
3294 1416 3350 1470 in
3381 1417 3546 1471 Deum

1964 1522 2115 1577 spem
2146 1521 2372 1577 ponere,
2398 1506 2492 1577 qui
2522 1521 2585 1562 ea
2617 1521 2677 1563 se
2702 1506 2958 1562 daturum
2983 1508 3259 1577 promisit.
3287 1505 3548 1578 Propter-

1964 1613 2028 1653 ea
2069 1606 2123 1655 et
2162 1612 2311 1653 nunc
2344 1605 2635 1669 antequam
2676 1613 2764 1655 res
2804 1601 3080 1664 eveniant,
3128 1599 3334 1655 multos
3382 1598 3547 1654 etiam

1970 1696 2098 1745 ante
2142 1704 2319 1744 annos
2359 1689 2665 1759 promittit,
2712 1690 3090 1762 promissaque
3139 1690 3303 1762 idque
3351 1692 3551 1762 saepius

1973 1775 2210 1846 perﬁcit.
2239 1775 2330 1831 Sic
2355 1777 2504 1839 enim
2537 1792 2660 1846 quae
2688 1778 2759 1833 de
2792 1778 2978 1833 divina
3007 1780 3239 1836 veritate
3267 1782 3553 1852 experien-

289 1870 458 1939 πεῖρα
495 1869 594 1941 τῆς
645 1868 795 1935 θείας
833 1869 1115 1942 ἀληθείας,
1144 1872 1244 1943 τὴν
1299 1872 1380 1936 είς
1426 1872 1486 1926 τὸ
1514 1872 1709 1943 μέλλον
1736 1875 1869 1946 ἡμῖν

1986 1865 2050 1919 .ia
2099 1864 2301 1936 saepius
2344 1865 2530 1919 habita
2561 1872 2669 1931 est,
2725 1881 2877 1936 spem
2931 1877 3179 1924 nostram
3219 1870 3288 1925 de
3330 1871 3550 1937 futuris,

286 1959 485 2015 ἐλπίδα
519 1959 630 2015 τῶν
666 1959 881 2032 ἀληθῶς
917 1963 1347 2035 ἐπηγγελμένων
1378 1964 1604 2036 βεϐαιοῖ.
1658 1966 1871 2039 Ὠσπερ

287 2046 387 2106 οὗν
425 2053 714 2116 πλεονάκις
778 2055 1013 2123 αἰτήσας
1066 2053 1278 2124 ἔτυχες,
1326 2056 1419 2108 καὶ
1470 2059 1664 2128 πεῖραν
1708 2056 1873 2123 ἐδέξω

288 2144 393 2213 τῆς
428 2143 581 2206 θείας
630 2143 1058 2213 εὐσπλαγχνίας,
1112 2146 1207 2197 καὶ
1249 2146 1732 2213 συγκαταϐἀσεως,
1781 2148 1876 2201 καὶ

292 2233 747 2305 μεγαλοδωρεᾶς,
788 2233 932 2287 οὕτω
987 2233 1092 2288 κᾶν
1151 2234 1226 2305 μὴ
1266 2236 1478 2306 ταχέως
1510 2237 1876 2309 ὲπακουσθῇς,

287 2324 392 2377 νῦν
432 2322 675 2394 ρὠθητι
702 2327 772 2396 τῇ
810 2325 955 2396 καλῇ
1010 2326 1331 2397 προσδοκίᾳ,
1366 2329 1462 2379 καὶ
1512 2328 1875 2398 καρτερικῶς,

287 2414 396 2467 καὶ
451 2413 821 2484 μακροθύμως
870 2414 1113 2479 ελπισον,
1157 2418 1250 2471 καὶ
1290 2416 1619 2487 .ύπόμεινον,
1667 2418 1879 2489 κρούων

288 2503 391 2557 διὰ
431 2504 531 2572 τῆς
556 2503 819 2573 δεήσεως,
855 2505 1047 2576 μέχρις
1079 2505 1147 2560 ἂν
1184 2509 1212 2560 6
1256 2506 1387 2571 Θεὸς
1421 2507 1622 2580 θελήσῃ
1644 2510 1889 2581 ἀναστῇ-θ

284 2610 415 2659 ναι,
438 2593 531 2648 καὶ
554 2592 741 2651 δοῦναί
766 2611 871 2661 σοι,
930 2596 1054 2651 ὅσον
1112 2596 1357 2669 χρῄζεις,
1396 2598 1430 2671 ἢ
1469 2600 1562 2653 καὶ
1605 2601 1745 2672 ὑπὲρ
1776 2602 1877 2673 τὴν

283 2681 533 2753 χρείαν.⁸
556 2681 651 2734 Ἐκ
682 2681 936 2753 περιττοῦ
964 2682 1075 2752 γὰρ
1092 2677 1167 2739 ὢν
1195 2685 1519 2757 αίτούμεθα,
1568 2687 1601 2759 ἢ
1624 2690 1876 2763 νοοῦμεν,

282 2771 519 2827 δύναται
544 2772 746 2839 όΘεδς,
780 2774 873 2828 καὶ
907 2774 1154 2846 βούλεται
1185 2777 1409 2847 ποιῆσαι
1442 2781 1598 2849 ἡμῖν.

770 2946 907 3000 ΜΑο.
937 2976 1007 2988 -
1034 2949 1391 3023 nmmum.

375 3035 641 3108 Ἰωάννης
679 3040 710 3092 6
761 3038 1095 3112 Βαπτιστὴς,
1132 3043 1462 3115 φοϐούμενος
1491 3046 1564 3116 μή
1591 3063 1642 3099 τι
1683 3045 1758 3110 ὡς
1783 3047 1879 3101 ἄν·

278 3130 527 3202 θρωπος
556 3129 803 3201 βλαϐείη,
828 3131 928 3195 τὰς
950 3132 1135 3197 πόλεις
1175 3134 1395 3204 ἔφευγε,
1421 3137 1516 3191 καὶ
1536 3136 1636 3208 τὴν
1674 3137 1880 3210 ἔρημον

274 3219 457 3290 ᾤκει.
498 3219 700 3291 Ἰησοῦς
736 3221 795 3274 δὲ
849 3225 876 3277 ό
901 3222 1033 3287 Θεὸς
1090 3225 1184 3278 καὶ
1220 3226 1422 3297 Κύριος
1460 3228 1572 3282 τῶν
1600 3229 1738 3283 ὅλων
1759 3234 1882 3294 ταῖς

274 3311 493 3365 πόλεσι
518 3311 885 3383 παραϐάλλων
917 3315 1261 3387 ἁμαρτωλοῖς
1300 3318 1652 3383 συνεδείπνει,
1694 3321 1883 3391 ἐπειδὴ

272 3402 448 3472 ἥλιός
502 3403 620 3455 ἐστι
678 3403 1046 3475 δικαιοσύνης.
1112 3406 1292 3460 Ἠλίου
1337 3409 1504 3478 αὐγαὶ
1552 3412 1645 3464 καὶ
1688 3411 1884 3476 παντὸς

272 3492 571 3565 βορϐόρου
596 3493 930 3563 ἐφάπτονται
954 3512 969 3526 ’
992 3497 1166 3551 καὶτὸ
1198 3498 1297 3569 μὲν
1320 3500 1415 3554 τοῦ
1433 3501 1692 3574 βορϐόρου
1721 3505 1887 3559 δυσῶ-

148 3608 157 3619 ·
265 3587 371 3648 δες
431 3584 819 3655 ξηραίνουσιν,
873 3587 1036 3641 αὐταὶ
1075 3588 1133 3642 δὲ
1167 3589 1408 3662 καθαραὶ
1443 3593 1756 3665 διαμένουσι
1789 3596 1886 3649 καὶΙ

264 3676 621 3752 ἁμόλυντοι.
678 3676 842 3731 Ἀλλὰ
909 3679 1230 3747 φθονοῦντες
1283 3684 1564 3755 Φαρισαῖοι
1629 3686 1881 3756 λέγουσι’

270 3784 294 3816 ε
329 3764 515 3817 Διατί
539 3763 575 3815 ὁ
607 3763 813 3833 Ἰησοῦς
834 3768 972 3836 μετὰ
998 3768 1108 3822 τῶν
1139 3771 1479 3843 ἁμαρτωλῶν
1505 3774 1600 3829 καὶ
1635 3777 1885 3831 τελωνῶν

256 3854 457 3911 ἐσθίει
484 3871 503 3920 ;
555 3872 580 3904 ι
608 3849 681 3907 Ὠ
712 3854 995 3925 βάσκανοι,
1030 3860 1127 3914 καὶ
1156 3862 1394 3931 ἀνόητοι,
1438 3864 1530 3917 καὶ
1572 3865 1759 3934 τυφλοὶ
1788 3865 1885 3938 τὴν

254 3945 533 4017 καρδίαν
562 3944 579 3997 ί
617 3944 859 4013 ἀγνοεῖτε
892 3947 1000 4020 γὰρ
1028 3949 1112 4002 ὃτι
1140 3950 1241 4002 οὐκ
1274 3951 1535 4024 ἀλλαχόσε
1587 3971 1711 4021 που,
1747 3954 1887 4007 ἀλλὰ

1974 1971 2094 2027 quae
2115 1971 2244 2012 vere
2263 1956 2533 2027 promissa
2562 1964 2714 2023 sunt,
2736 1957 3046 2014 conﬁrmat.
3080 1959 3551 2025 Quemadmodum

1974 2043 2163 2113 itaque
2208 2044 2409 2112 saepius
2448 2058 2683 2114 poscens
2715 2045 3031 2116 obtinuisti,
3076 2057 3130 2104 et
3157 2050 3357 2105 divinae
3385 2051 3552 2106 mise-

1979 2135 2257 2201 ricordiae,
2288 2136 2664 2203 demissionis,
2700 2137 3112 2210 muniﬁcentiae,
3147 2144 3211 2199 ac
3250 2144 3552 2200 liberalita-

1975 2226 2047 2281 tis
2075 2227 2469 2297 experientiam
2502 2229 2831 2297 suscepisti;
2855 2231 2953 2296 ita,
2987 2232 3114 2287 licet
3153 2249 3264 2288 non
3309 2235 3385 2289 ita
3419 2237 3555 2291 cele-

1977 2319 2111 2373 riter
2151 2318 2488 2383 exaudiaris,
2538 2320 2682 2375 bona
2734 2324 3143 2392 exspectatione
3180 2325 3444 2382 conﬁrma
3477 2333 3551 2393 te,

1977 2415 2032 2464 et
2059 2408 2278 2465 fortiter
2336 2409 2747 2482 toleranterque
2774 2429 2957 2483 spera,
2989 2423 3043 2470 et
3068 2417 3301 2482 sustine,
3328 2417 3556 2485 pulsans

1977 2513 2077 2570 per
2121 2500 2448 2567 orationem,
2485 2515 2772 2573 quousque
2827 2502 2970 2561 Deus
3022 2506 3258 2561 voluerit
3305 2507 3556 2573 excitari,

1978 2589 2326 2660 praebereqnc
2360 2592 2456 2648 tibi
2493 2605 2760 2663 quantum
2808 2594 3044 2665 indiges,
3085 2596 3171 2652 vel
3204 2597 3370 2652 etiam
3431 2599 3557 2671 plus

1979 2694 2144 2749 quam
2211 2681 2444 2753 indiges.
2522 2681 2602 2737 Ex
2670 2683 2972 2739 abundanti
3022 2685 3208 2751 enim,
3274 2702 3396 2756 qua:
3453 2689 3557 2757 ipsi

1980 2773 2279 2843 poscimus,
2320 2776 2404 2830 vel
2453 2776 2641 2831 animo
2688 2776 3061 2846 concipimus,
3099 2785 3282 2849 potest
3309 2776 3474 2845 Deus,
3504 2788 3560 2835 et

1980 2862 2100 2917 vult
2129 2863 2292 2920 nobis
2319 2878 2484 2934 opere
2508 2866 2627 2934 ipso
2653 2865 2896 2936 elargiri.

2355 2953 2468 3025 2ο
2502 2952 2638 3007 xu.
2673 2982 2743 2993 —
2763 2951 3183 3009 BELIODORO.

2051 3040 2292 3097 Joannes
2316 3042 2583 3113 Baptista,
2644 3044 2843 3100 timens
2878 3060 2947 3099 ne
2977 3044 3109 3115 quid
3153 3045 3259 3099 sibi
3298 3046 3470 3114 noxii,
3503 3055 3563 3101 ut

1986 3131 2193 3188 homini
2244 3132 2552 3198 accideret,
2604 3133 2771 3188 urbes
2826 3135 3133 3204 negligens,
3186 3135 3302 3190 loca
3346 3136 3563 3191 deserta

1986 3223 2259 3277 incolebat
2279 3223 2345 3278 ³⁷.
2376 3222 2536 3278 Jesus
2565 3239 2696 3279 vero
2741 3221 2906 3288 Deus,
2965 3233 3020 3280 et
3081 3228 3329 3280 omnium
3368 3227 3559 3284 Domi-

1985 3332 2093 3371 nus
2130 3315 2184 3370 in
2220 3315 2387 3371 urbes
2414 3308 2538 3371 sese
2582 3315 2849 3380 inferens,
2881 3331 3006 3370 cum
3039 3318 3423 3387 peccatoribus
3454 3336 3564 3375 una

1985 3409 2270 3475 cmuabat;
2310 3407 2756 3478 quandoquidem
2796 3408 2887 3463 ille
2913 3408 2994 3462 sol
3020 3408 3248 3478 justitize
3281 3420 3385 3467 est.
3419 3409 3564 3469 Solis

1985 3497 2127 3551 radii
2157 3498 2212 3551 in
2238 3498 2413 3552 lutum
2448 3508 2648 3563 totum,
2685 3507 2740 3554 et
2770 3507 2959 3570 partes
3005 3499 3251 3557 immersi
3298 3501 3563 3573 quidquid

1984 3589 2040 3644 in
2069 3603 2135 3643 eo
2182 3596 2267 3643 est
2298 3589 2439 3645 male
2467 3590 2645 3654 olens,
2679 3589 2983 3654 exsiccant,
3023 3604 3145 3644 cum
3183 3592 3260 3645 illi
3300 3592 3424 3662 puri
3477 3593 3565 3646 in-

1986 3678 2457 3750 contaminatique
2509 3690 2930 3737 conserventur.
2985 3679 3374 3739 Verumtamen
3429 3683 3567 3737 invi-

1986 3768 2170 3825 dentia
2209 3771 2404 3839 perciti
2429 3769 2713 3837 Pharisaei,
2745 3773 2960 3842 dicunt,
2998 3797 3017 3828 ι
3041 3777 3224 3843 Quare
3252 3773 3412 3830 Jesus
3438 3789 3562 3828 cum

1988 3861 2371 3930 peccatoribus
2421 3869 2475 3916 et
2534 3863 2848 3933 publicanis
2892 3868 3129 3922 comedit
3156 3866 3285 3918 “ii
3316 3866 3362 3919 Ο
3394 3864 3567 3917 invidi

1985 3961 2042 4006 et
2093 3962 2273 4007 mente
2322 3955 2493 4024 capti,
2534 3963 2589 4010 ct
2650 3957 2817 4012 corde
2860 3960 3035 4013 caeci!
3082 3956 3419 4027 ignoratisne
3455 3970 3567 4009 non

250 4039 532 4110 πλησίον
592 4036 706 4091 τῶν
756 4041 1051 4097 νοσούντων
1099 4043 1306 4111 ὀφείλει
1351 4044 1562 4113 διάγειν
1606 4049 1635 4101 6
1665 4046 1885 4117 ίατρός;

246 4135 466 4190 Ὅπου
550 4129 615 4182 οὶ
679 4130 1010 4205 ἁμαρτωλοὶ,
1052 4136 1172 4189 ἐκεῖ
1194 4135 1414 4200 πάντως
1449 4137 1655 4192 τίθεται
1702 4140 1887 4194 καὶτὸ

244 4224 657 4298 ἱλαστήριον.
686 4223 1064 4295 ’Δμαρτωλοὺς
1095 4228 1204 4301 γὰρ
1241 4224 1405 4300 ἦλθεν
1429 4232 1458 4284 6
1483 4231 1737 4301 Χριστὸς,
1765 4231 1876 4302 οὐχὶ

1987 4238 2079 4277 ara
2107 4223 2344 4292 prOpitia
2372 4223 2599 4292 ponitur
2633 4240 2646 4276 :
2684 4236 2810 4277 nam
2852 4233 3190 4293 peccatores,
3238 4238 3346 4276 non
3384 4222 3566 4290 justos

236 4317 525 4379 δικαίους
588 4313 826 4368 καλέσαι
895 4318 974 4379 είς
1042 4319 1348 4386 μετάνοιαν.
1410 4319 1618 4390 Ἰησοῦς
1653 4321 1876 4392 Χριστὸς

1987 4314 2135 4368 venit
2180 4313 2434 4368 Christus
2500 4313 2567 4369 ad
2617 4314 2993 4383 paenitentiam
3046 4307 3569 4373 vocare""°;.lesus

236 4407 654 4481 ἁμαρτωλοῖς
684 4407 1047 4479 συνδιατρίϐει
1068 4407 1448 4478 οἰκονομικῶς.
1475 4411 1563 4463 ἵνα
1588 4411 1683 4464 καὶ
1709 4411 1876 4481 ἀμάρ-

1987 4405 2247 4461 Cbristus
2304 4420 2430 4459 cum
2482 4407 2870 4477 peccatoribus
2925 4407 3001 4460 ita
3060 4405 3399 4476 disponens,
3452 4415 3561 4456 una

230 4501 420 4555 τωλοὶ
478 4497 980 4570 μετανοήσαντες,
1032 4498 1263 4564 δικαίοις
1310 4501 1747 4567 συναυλισθῶσι,
1790 4503 1876 4556 καὶ

1990 4497 2160 4567 degit,
2216 4506 2278 4551 ut
2342 4507 2665 4567 peccatores
2711 4499 2890 4552 media
2930 4497 3259 4569 paenitentia
3293 4510 3403 4548 una
3442 4507 3569 4548 cum

1987 4043 2142 4102 alibi.
2181 4042 2277 4098 sed
2325 4059 2498 4113 prope
2543 4054 2780 4116 aegrotos
2823 4049 2975 4115 ipsos
3017 4047 3232 4100 medico
3260 4043 3566 4114 degendum

1986 4133 2155 4189 esse?
2186 4131 2511 4203 Ubicunque
2563 4142 2889 4203 peccatores
2939 4144 3089 4197 sunt,
3136 4134 3210 4188 ibi
3239 4134 3466 4188 omnino
3512 4146 3566 4189 et

233 4587 794 4665 συνευφρανθῶσιν
827 4592 886 4644 ἐν
918 4593 986 4662 τῇ
1027 4589 1279 4664 βασιλείᾳ
1306 4593 1413 4648 τῶν
1434 4593 1702 4666 οὐρανῶν.

512 4769 639 4827 ΜΒ
661 4809 680 4824 .
718 4796 794 4809 -
837 4770 1133 4825 ΜΔΡῙΩΝΙ
1161 4773 1642 4848 ΔΡΓΥΡΟΚΟΠῼ.

300 4864 622 4928 Πλειονας
674 4858 801 4914 τῶν
831 4860 1009 4930 λόγων
1058 4864 1183 4927 τοὺς
1223 4866 1420 4937 ὅρκους
1460 4867 1751 4940 τολμηρῶς
1800 4871 1893 4922 ἐπὶ

218 4961 539 5032 στόματος
576 4955 779 5028 ἔχων,
805 4954 1108 5025 ἐντρέποιο.

766 5045 900 5098 Ml“.
929 5076 996 5086 —
1024 5047 1436 5121 ΦΑΥΣἸἸΑΝῼ.

1987 4589 2151 4658 justis
2182 4589 2366 4645 sedem
2402 4589 2661 4656 habeant,
2694 4590 2967 4661 simulque
3009 4590 3067 4645 in
3102 4603 3272 4659 regno
3303 4586 3572 4640 caelorum

1987 4680 2281 4749 gaudeant.

2220 4791 2383 4847 XLII.
2413 4823 2484 4834 —-
2512 4793 2805 4848 MARIONI
2856 4793 3330 4850 ABGENTARIO.

2061 4881 2197 4936 Cum
2218 4884 2403 4939 verbis
2428 4885 2564 4954 ipsis
2590 4885 2988 4955 jusjurandum
3027 4887 3121 4941 tibi
3147 4885 3201 4939 in
3220 4901 3316 4941 ore
3346 4882 3573 4943 aﬂluen-

1994 4975 2108 5030 tius
2140 4976 2402 5031 audacter
2437 4976 2700 5041 abundet,
2731 4977 3130 5031 verecnndare.

2420 5068 2556 5122 XLll
2574 5070 2612 5122 ι.
2641 5098 2711 5109 -
2737 5050 3150 5123 FAUSTIANO.

300 5140 779 5216 Ἠλλοτρίωτᾳι
832 5136 924 5191 τοῦ
982 5138 1174 5210 Θεοῦή
1211 5140 1357 5213 ψυχή
1392 5159 1507 5208 σου,
1543 5144 1637 5197 καὶ
1670 5144 1789 5210 πῶς
1824 5162 1893 5216 με

206 5238 615 5312 προέτρεψας
653 5229 904 5299 πέμψαι
967 5248 1049 5287 σοι
1106 5232 1265 5301 λόγον
1294 5235 1417 5288 τινὰ
1462 5236 1758 5308 ὠφέλιμον,
1800 5240 1894 5292 ἁν-

203 5332 434 5405 θρώπῳ
460 5326 733 5384 εἰωθότι
772 5321 999 5385 παίζειν
1024 5323 1093 5377 τὰ
1120 5324 1259 5392 θεῖα,
1290 5325 1541 5400 καθάπερ
1571 5329 1638 5381 τὰ
1655 5329 1857 5400 etanta
1873 5348 1888 5397 ;

202 5426 341 5490 Πῶς
365 5426 494 5493 γὰρ
544 5422 631 5475 ἂν
691 5414 815 5470 καὶ
844 5412 1062 5485 λαλήσω
1083 5418 1164 5481 είς
1188 5420 1613 5490 νενεκρωμένον,
1637 5424 1731 5477 καὶ
1760 5424 1896 5493 ἀνή-

200 5533 334 5571 κοον
389 5514 503 5580 οὖς
532 5530 552 5580 ;
597 5531 623 5565 ι
678 5505 843 5568 Πῶς
890 5506 1091 5578 ᾄσομαι
1129 5508 1229 5579 τὴν
1266 5510 1408 5583 ᾠδὴν
1440 5513 1645 5584 Κυρίου
1677 5516 1767 5568 ἐπὶ
1790 5514 1894 5585 γῆς

196 5611 551 5685 ἀλλοτρίας,
593 5625 620 5660 ι
654 5601 825 5657 ἔνθα
868 5597 1054 5668 ἐχῖνοι,
1080 5602 1177 5654 καὶ
1208 5601 1364 5669 ἴϐεις,
1388 5606 1481 5658 καὶ
1504 5608 1895 5679 νυκτικόρακες

2066 5156 2336 5229 Perquam
2392 5158 2710 5229 longissime
2767 5172 2977 5215 rcmOta
3042 5166 3126 5213 est
3183 5157 3367 5212 anima
3423 5167 3576 5215 tuaa

1995 5251 2104 5306 Deo
2129 5271 2140 5305 :
2162 5267 2397 5321 quanam
2432 5252 2596 5323 igitur
2614 5270 2698 5309 me
2720 5254 2951 5317 ratione,
2981 5259 3041 5305 ut
3062 5252 3180 5313 tibi,
3198 5253 3289 5323 qui
3311 5253 3575 5322 quemad-

1994 5342 2215 5398 modum
2249 5342 2501 5411 profana,
2555 5344 2632 5398 ita
2677 5353 2730 5398 et
2757 5343 2941 5397 divina
2968 5341 3127 5409 jocos
3170 5343 3330 5407 lacis,
3363 5343 3572 5411 oratio-

2002 5447 2126 5486 nem
2160 5433 2347 5485 utilem
2384 5447 2448 5487 ac
2497 5433 2846 5488 commodam
2877 5432 3171 5496 mitterem,
3224 5431 3585 5487 adlimtaris?

2003 5523 2293 5589 Quomodo
2312 5528 2456 5581 enim
2483 5528 2600 5594 ipse
2625 5527 2680 5580 in
2713 5541 2901 5579 aurem
2935 5523 3361 5591 deniortuam,et
3381 5538 3580 5577 excon-

2003 5615 2125 5672 dem
2160 5632 2469 5674 sermonem
2501 5618 2734 5690 dirigam
2763 5617 2786 5671 'i
2818 5635 2836 5668 ι
2885 5615 3171 5681 Quomodo
3198 5618 3304 5688 21
3343 5613 3587 5670 cantabo

982 5770 1062 5850 ⁸⁸⁸
1094 5774 1284 5832 Matth.
1322 5794 1397 5847 ix,
1429 5781 1517 5835 ll.
1609 5780 1724 5813 ³⁸·ἰο
1759 5779 1891 5834 Luc.
1920 5795 1971 5844 γ,
2011 5779 2095 5837 5:2.

277 5788 329 5825 ’τ
374 5785 611 5846 llatth.
654 5794 757 5846 ut,
806 5772 875 5828 ί·
