3984 6150
436 374 539 434 i03

1926 355 1986 415 S.
2015 353 2178 415 NILl

3565 324 3666 390 104

433 486 710 536 canticum
734 477 947 532 Domini
981 476 1036 530 in
1067 483 1210 529 terra
1250 472 1428 527 aliena
1461 470 1561 538 “,I
1593 467 1690 523 ubi
1721 465 1988 528 erinacei,
2020 511 2025 523 .

2138 462 2200 516 Iw
2221 458 2476 534 πονηρῶν
2529 454 2855 526 πνευμάτων
2898 443 3295 504 ἐννοσσεύουσι,
3323 439 3465 494 κατὰ
3483 439 3547 492 τὸ
3576 454 3667 507 γε-

437 585 492 628 et
515 574 710 636 ihices,
749 578 802 624 et
826 567 1192 639 nycticoraces
1213 562 1674 632 nequissimorum
1704 559 1996 629 spirituum

2138 525 2444 622 papusvov;
2496 546 2622 600 ἐνθα
2681 541 3058 608 όνοκὲνταυροι
3121 533 3215 586 καὶ
3261 529 3513 598 δαίμονες
3575 525 3670 595 ὀρο

441 664 625 720 sedem
670 675 824 717 suam
878 664 1201 729 posuerunt,
1255 663 1315 708 ut
1349 653 1613 722 scriptum
1653 621 1813 704 εει-ε’
1842 647 1865 700 ?
1895 645 1998 702 Ubi

2138 621 2317 695 οῦνται
2349 639 2438 695 διὰ
2465 635 2684 701 παντὸς,
2708 631 2803 686 καὶ
2829 629 3061 700 κόρακες
3092 621 3377 694 κράζουσι.

441 749 820 814 onocentauri,
843 757 896 803 et
923 748 1199 801 daemones
1231 743 1490 798 continuo
1521 739 1742 802 saltant,
1765 744 1819 792 et
1849 735 2000 790 corvi

443 846 738 899 crocitant.

629 929 810 986 XLIV.
843 957 912 967 —
945 924 1263 981 PHILIPPO
1319 919 1816 979 SCllOLASTlCO.

512 1025 588 1078 Ex
619 1036 848 1094 papyro,
880 1027 934 1074 et
969 1020 1107 1073 colla
1137 1018 1327 1072 charta
1350 1015 1620 1079 confecta,
1646 1013 1838 1066 charta
1871 1010 2005 1064 sim-

441 1115 562 1183 plex
593 1117 966 1180 nuncupatur,
997 1109 1052 1162 in
1075 1122 1206 1178 qua,
1230 1121 1353 1160 cum
1385 1102 1733 1176 postmodum
1765 1099 2008 1154 subscri-

442 1197 614 1276 pserit
669 1203 988 1271 imperator,
1042 1197 1248 1252 nemini
1306 1211 1412 1250 non
1466 1201 1655 1249 notum
1706 1200 1829 1255 est,
1887 1201 2006 1243 eam

445 1295 674 1350 Sacram
729 1291 939 1345 vocari.
1003 1288 1205 1343 Eodem
1263 1286 1426 1340 modo
1471 1294 1527 1339 et
1585 1281 1769 1337 divina
1821 1285 2009 1333 nostra

446 1385 708 1457 mysteria
745 1379 1146 1443 comprehende
1180 1397 1194 1434 :
1223 1387 1347 1432 ante
1385 1373 1686 1430 sacerdotis
1739 1370 1925 1430 verba,
1958 1373 2012 1420 et

451 1476 694 1545 Spiritus
725 1473 902 1528 sancti
930 1471 1272 1531 descensum,
1310 1465 1491 1520 nudus
1530 1463 1710 1534 panis,
1739 1467 1794 1516 et
1823 1459 2010 1513 vinum

451 1580 764 1628 commune,
815 1577 935 1632 qua:
977 1565 1380 1632 pr0ponuntur,
1425 1556 1696 1612 exsistunt
1747 1572 1760 1606 :
1803 1560 1857 1604 at
1892 1557 2016 1620 post

452 1655 769 1710 tremendas
811 1652 934 1707 illas
961 1649 1358 1709 invocationes,
1390 1654 1444 1700 et
1468 1641 1754 1706 adorandi,
1789 1648 1841 1694 et
1879 1639 2016 1694 vivi—

457 1744 564 1806 fici,
595 1752 649 1797 et
687 1741 815 1795 boni
852 1738 1093 1810 Spiritus
1125 1736 1437 1797 adventum,
1478 1746 1588 1785 non
1626 1735 1754 1785 sunt
1782 1727 2018 1797 amplius

454 1835 635 1889 nudus
687 1831 866 1901 panis,
903 1837 958 1884 et
1013 1839 1304 1881 commune
1361 1823 1571 1884 vinum,
1615 1833 1738 1889 qua:
1769 1815 2017 1887 apposita

455 1935 582 1980 sunt
611 1925 664 1978 in
705 1935 868 1976 sacro
913 1919 1097 1983 altari,
1150 1915 1242 1970 sed
1288 1926 1510 1982 corpus,
1556 1919 1611 1964 et
1643 1907 1869 1976 sanguis
1895 1919 2019 1974 pre-

456 2016 652 2079 tiosus,
704 2021 758 2066 et
797 2009 1181 2064 immaculatus
1217 2003 1423 2058 Christi
1472 2002 1857 2056 universorum
1898 1997 2018 2060 Dei,

456 2105 525 2157 ab
584 2100 840 2156 omnibus
897 2095 1156 2151 sordibus
1205 2107 1302 2146 eos
1357 2089 1703 2152 mundantia,
1744 2088 1837 2156 qui
1891 2098 2016 2139 cum

455 2193 668 2258 timore,
725 2197 780 2246 et
841 2184 1113 2243 desiderio
1170 2181 1411 2237 maximo
1473 2179 1691 2234 illorum
1725 2175 2019 2246 participes

459 2284 611 2338 nam.
774 2367 930 2423 XLV.
965 2397 1034 2410 -
1073 2360 1376 2420 LICINNIO
1403 2355 1699 2415 IUNIORI.

524 2461 796 2517 Juvenum
873 2455 1249 2525 voluptatibus
1322 2450 1634 2505 deditorum
1705 2442 2020 2514 pestiferam

458 2549 908 2608 consuetudinem
966 2545 1112 2612 fuge,
1161 2551 1216 2596 et
1281 2547 1481 2593 conatu
1542 2534 1831 2602 studioque
1875 2531 2022 2587 omni

461 2643 683 2698 devita:
724 2638 926 2694 etenim
973 2643 1028 2690 et
1074 2647 1261 2702 opere,
1316 2637 1370 2684 et
1418 2625 1722 2697 inquinatis
1773 2621 2026 2694 alloquiis

462 2733 763 2789 amantium
795 2728 1019 2783 animos
1050 2722 1374 2791 corrumpit.

812 2817 917 2887 22
957 2813 1145 2870 XLVI.
1186 2842 1255 2854 —
1299 2804 1710 2866 sorunomo.

535 2911 801 2967 Subditus
824 2905 1197 2968 comitatui,et
1226 2903 1541 2974 praeposito,
1561 2896 1832 2952 neminem
1861 2894 2026 2949 alium

465 3006 519 3060 in
546 3004 779 3057 fratrum
806 2999 930 3051 albo
961 2994 1253 3065 scripsisse
1287 3004 1561 3054 asserens,
1585 2986 1827 3041 ludibrio
1854 2985 2028 3054 magis

462 3095 714 3158 habetur,
745 3088 1084 3156 multumque
1113 3082 1373 3138 irridetur
1401 3095 1432 3132 a
1454 3077 1691 3133 diabolo.
1709 3073 1849 3140 Quid
1878 3071 2024 3128 enim

465 3184 565 3239 tibi
595 3180 782 3236 damni
838 3177 1036 3232 inferet
1087 3175 1380 3229 comitatus
1415 3173 1653 3233 auctior,
1684 3175 1738 3220 et
1763 3163 2027 3235 quemad-

465 3273 684 3329 modum
730 3269 1028 3339 Apostolus
1076 3264 1216 3320 dixit
1260 3259 1334 3329 “,
1380 3258 1762 3328 multiplicata,
1797 3264 1851 3308 et
1879 3254 2030 3308 locu-

466 3365 665 3437 pletata
715 3361 771 3416 in
818 3360 1116 3414 multorum
1148 3354 1384 3409 fratrum
1424 3361 1663 3420 persona
1700 3346 1874 3416 gratia
1911 3344 2032 3413 Spi—

380 3444 392 3454 ’
468 3455 608 3508 ritus
642 3450 823 3507 sancti
848 3449 873 3502 ?

886 3533 1098 3590 XLVII.
1134 3563 1201 3574 -
1242 3524 1621 3604 DOSITHEO.

541 3631 614 3687 Ut
668 3629 812 3684 Deus
863 3629 935 3683 sit
977 3627 1159 3680 omnia
1206 3609 1263 3678 in
1289 3619 1570 3685 omnibus,
1611 3618 1794 3671 lumen
1830 3613 2037 3668 lumine

471 3721 680 3790 dignis,
741 3717 883 3788 ignis
935 3727 1065 3769 vero
1142 3711 1418 3780 castigans
1483 3705 1811 3776 sempiterna
1871 3715 2032 3772 pana

472 3811 686 3882 dignos.

941 3892 1129 3949 XLVII
1145 3891 1186 3946 1.
1224 3921 1294 3934 -—
1327 3887 1535 3942 Eidem.

541 3991 694 4058 Quod
724 3991 908 4044 labore
941 3987 1261 4058 acquiritur,
1292 3981 1536 4038 tenacius
1575 3977 1870 4044 detinetur;
1891 3976 2035 4048 quod

477 4097 604 4135 vero
641 4080 820 4144 facile,
871 4077 1160 4139 citissime,
1215 4081 1478 4142 tanquam
1529 4065 1674 4138 quod
1707 4065 1903 4120 iterum
1945 4078 2038 4118 ac-

474 4171 616 4240 quiri
667 4169 864 4233 valeat,
946 4165 1292 4238 projicitur:
1348 4174 1520 4230 quare
1580 4158 1638 4212 in
1700 4154 1895 4224 majori
1973 4167 2038 4206 ac

475 4261 698 4316 ﬁrmiori
730 4258 995 4314 beneficio
1031 4253 1414 4310 collocandum
1455 4257 1538 4305 est
1583 4263 1692 4303 non
1752 4247 1824 4300 ita
1852 4257 2036 4314 prom-

472 4360 622 4421 ptum
651 4346 997 4402 beneficium.

984 4431 1172 4486 XLIX.
1198 4460 1268 4470 —-—
1303 4430 1511 4483 Eidem.

540 4527 815 4598 Quidquid
853 4525 1026 4580 multo
1061 4524 1271 4587 labore,
1325 4532 1380 4576 et
1423 4534 1532 4572 non
1565 4517 1687 4571 sine
1719 4513 2037 4569 discrimine

472 4621 873 4691 conquirimus,
926 4615 1284 4686 pertinaciter
1333 4623 1540 4672 amare,
1574 4617 1627 4662 et
1663 4607 2039 4661 indesinenter

472 4714 719 4784 diligere,
747 4717 800 4764 et
838 4710 972 4763 totis
1004 4705 1214 4759 viribus
1243 4699 1526 4755 custodire
1556 4697 1854 4752 suevimus.

895 4798 958 4852 L.
1009 4824 1081 4839 —
1112 4790 1621 4850 THEODORIANO.

544 4894 729 4949 lludcs
780 4889 1054 4953 nonnulli,
1104 4897 1158 4942 et
1209 4885 1396 4940 mundi
1451 4891 1697 4937 amantes
1749 4881 1873 4945 viri,
1931 4889 2036 4933 tua:

476 4988 710 5044 miseriae
760 4998 868 5036 non
925 4980 1241 5042 dissimiles,
1294 4976 1526 5047 pmpriis
1551 4973 1833 5028 affectibus
1864 4970 2038 5036 ducti,

477 5080 794 5133 sanitatem,
841 5076 895 5122 et
937 5067 1177 5131 divitias,
1225 5074 1278 5118 et
1311 5065 1519 5128 luxum,
1550 5070 1604 5115 et
1637 5061 1875 5114 hostium
1903 5057 2044 5110 exci-

476 5169 626 5220 dium
661 5160 914 5231 prccibus
951 5175 980 5212 a
1028 5157 1256 5210 Domino
1292 5163 1546 5225 poscunt,
1587 5150 1782 5205 deinde
1824 5146 1927 5215 23
1955 5163 2044 5217 ge—

479 5258 626 5311 neris
658 5253 926 5321 ejusmodi
959 5250 1216 5320 petitione
1249 5248 1516 5312 frustrati,
1551 5245 1708 5301 fidem
1744 5239 2031 5308 abjiciunt,

482 5347 563 5401 vei
593 5352 1006 5414 conqueruntur
1035 5342 1100 5395 dc
1128 5340 1254 5394 Deo.
1290 5339 1392 5393 Alii
1421 5352 1639 5392 rursum
1686 5331 1831 5387 aliud
1872 5329 2035 5399 quid-

483 5438 623 5508 piam
653 5435 1008 5505 postulantes,
1059 5447 1157 5484 nec
1209 5430 1339 5482 illud
1405 5428 1611 5482 utiliter
1668 5429 2033 5490 repet-tantes,

483 5541 658 5595 neque
701 5525 846 5579 enim
886 5522 1131 5586 omnino,
1173 5537 1291 5588 qua!
1334 5519 1638 5588 diligimus,
1685 5512 1840 5566 utilia
1894 5518 2043 5577 sunt,

559 5699 598 5729 "
639 5697 780 5752 Psal.
818 5711 1042 5758 αιτιοι,
1083 5696 1133 5747 4.
1234 5696 1278 5726 ’δ’
1341 5695 1450 5748 lsa.
1504 5705 1674 5745 xxxiv
1709 5729 1722 5753 ,
1762 5687 1852 5742 Η.

2381 899 2592 955 ΜΔ’.-
2618 890 2902 960 ΦΙΛΙΠΠῼ
2932 879 3388 950 ΣΧΟΛΑΣΤΙΚῼ.

2187 995 2282 1046 Ἐκ
2303 990 2578 1060 παπύρου,
2605 987 2699 1041 καλ⁵
2731 983 2927 1052 κόλλης
2964 979 3169 1049 χάρτης
3187 967 3673 1060 κατασκευασθεὶς,

2107 1085 2312 1156 χάρτης
2333 1057 2486 1153 ψιλὸς
2527 1079 2794 1138 καλεῖται,
2827 1072 2964 1125 ἐπὰν
3007 1069 3063 1122 δὲ
3103 1060 3429 1156 ὑπογραφὴν
3455 1057 3678 1127 δέξηται

2111 1149 2391 1244 βασιλέως,
2437 1170 2593 1238 δῆλον
2619 1168 2694 1229 ὡς
2745 1166 2931 1235 Σάκρα
2979 1155 3324 1228 ὀνομάζεται.
3361 1149 3571 1244 Οὕτως-
3588 1161 3679 1214 μοι

2109 1229 2427 1318 νόεικαὶντά
2453 1229 2573 1311 θεῖα
2623 1229 2916 1326 μυστήρια,
2965 1247 3071 1319 πρὸ
3102 1245 3200 1318 μὲν
3243 1241 3340 1310 τῆς
3387 1229 3681 1296 ἐντεύξεως

2110 1354 2206 1408 τοῦ
2243 1352 2453 1423 ἱερέως,
2498 1348 2708 1418 καὶτῆς
2764 1344 2987 1399 καθόδου
3009 1339 3101 1392 τοῦ
3142 1335 3298 1402 ἁγίου
3335 1328 3680 1423 Πνεῦματος,

2111 1443 2264 1513 ψιλὸν
2297 1411 2458 1512 ipso}
2507 1411 2790 1508 ὑπάργειν,
2847 1431 2942 1486 καὶ
2983 1425 3124 1482 οἶνον
3150 1422 3326 1479 κοινδν
3348 1419 3418 1472 τά
3458 1411 3682 1486 προκεί-

2119 1503 2278 1606 μενα·
2307 1503 2444 1602 μετά
2469 1529 2525 1583 δὲ
2551 1503 2914 1596 τάςνιροϐεράς
2961 1519 3174 1580 ἐκείνας
3214 1511 3550 1581 ἐπικλήσεις,
3589 1503 3686 1558 καὶ

2115 1625 2212 1695 τὴν
2241 1621 2582 1691 ἐπιφοίτησιν
2607 1616 2700 1671 τοῦ
2722 1608 3120 1686 προσκυνητοῦ,
3152 1607 3247 1660 καλ⁵
3270 1597 3558 1667 ζωοποιοῦ,
3591 1595 3686 1648 καὶ

2117 1685 2321 1781 ἀγαθοῦ
2349 1685 2689 1779 ΪΙνεῦματος,
2743 1685 2842 1758 οὐκ
2878 1702 2958 1755 ἔτι
2986 1699 3138 1769 ψιλὸν
3164 1697 3326 1764 ἄρτον
3380 1689 3475 1743 καλ
3506 1685 3685 1781 κοινὸν

2117 1775 2256 1857 οἶνον
2294 1802 2361 1855 τὰ
2381 1775 2763 1867 ἐπιτεθειμένα
2786 1795 2851 1864 τῇ
2879 1793 3010 1862 ἁγία
3039 1787 3307 1860 τραπέζῃ,
3341 1777 3475 1835 ἀλλά
3501 1775 3684 1867 σῶμα,

2119 1895 2214 1949 καὶ
2242 1888 2383 1964 αἷμα
2411 1891 2592 1962 τίμιον
2629 1862 2748 1942 -καὶ
2789 1862 3056 1955 ἀγραντον
3107 1872 3345 1946 Χριστοῦ
3388 1868 3483 1922 τοῦ
3510 1862 3686 1964 -Θεοῦ

2119 1982 2226 2036 τῶν
2256 1953 2528 2041 ἁπάντων,
2556 1953 2873 2045 καθαρίζον
2893 1969 2999 2024 ἀπὸ
3034 1964 3230 2026 παντὸς
3263 1956 3539 2032 μολυσμοῦ
3562 1953 3689 2015 τοὺς

2124 2071 2638 2145 μεταλαμϐάνοντας
2659 2066 2828 2136 φόσῳ,
2851 2064 2944 2117 καλ.
2979 2060 3127 2129 πόθῳ
3160 2053 3361 2123 πολλῷ.

2437 2332 2571 2387 ME’.
2601 2359 2666 2369 —-
2691 2321 3007 2391 ΛῙΚΙΝΝῙῼ
3036 2310 3369 2380 ΝΕΩἸῈΡῼ.

2195 2424 2306 2496 Τήν
2354 2419 2607 2491 λοιμικὴν
2654 2410 3028 2480 συνδιαγωγήν
3078 2403 3214 2496 τῶν-
3246 2394 3546 2496 φιληδόνων
3598 2406 3690 2496 σου

2124 2478 2402 2584 νεωτέρων
2421 2478 2788 2578 ἀποστρέφου,
2828 2478 2922 2555 καὶ
2949 2478 3117 2567 φεῦγε
3149 2491 3296 2584 πάσῃ
3323 2484 3581 2584 δυνάμεις
3600 2478 3692 2533 καὶ

2125 2605 2236 2675 γάρ
2259 2571 2353 2657 καὶ
2367 2599 2442 2670 τῷ
2467 2571 2631 2670 ἔργω,
2659 2571 2753 2648 καὶ
2776 2593 2896 2654 ταῖς
2930 2580 3371 2675 μεμολυσμέναις
3421 2571 3691 2675 duritiam,

2126 2662 2224 2758 τὰς
2249 2662 2427 2763 ψυχάέ
2444 2662 2749 2758 διαίρθείρει
2778 2681 2888 2734 τῶν
2921 2673 3257 2744 ἀγαπώντων
3279 2662 3498 2723 αὐτοὺς.

2583 2775 2735 2842 qu'.
2779 2802 2850 2815 --
2877 2763 3231 2832 merome.

2211 2869 2600 2931 ’Υποτακτικδς
2617 2840 2792 2932 λέγων
2814 2863 2881 2932 τῇ
2899 2857 3133 2926 συνοδίᾳ,
3159 2854 3253 2907 καὶ
3275 2849 3352 2920 τῷ
3380 2840 3696 2932 κρατοῦντι,

2135 2965 2339 3038 μηδένα
2356 2963 2511 3016 ἄλλον
2537 2931 2896 3020 ὐποδέξασθαι
2935 2946 3179 3014 ἀδελφὸν,
3213 2939 3542 3038 χλευάζεται
3567 2931 3702 3038 μᾶλ-

2130 3025 2220 3115 λον
2243 3101 2256 3125 ,
2291 3057 2384 3112 καλ⁵
2425 3055 2562 3123 άγαν
2597 3045 2920 3120 ἐμπαίζεται
2953 3040 3057 3094 ὑπὸ
3091 3036 3182 3091 τοῦ
3203 3031 3470 3088 διαὸόλου.
3496 3025 3702 3125 Τί

2133 3171 2190 3206 σε
2205 3115 2484 3219 ἐξημίωσε
2499 3145 2559 3197 τδ
2579 3115 2944 3210 πληθυνθῆναι
2966 3133 3064 3201 τὴν
3089 3124 3382 3187 συνοδείαν,
3399 3120 3494 3174 καὶ
3516 3115 3702 3178 καθὼς

2128 3244 2156 3295 ὁ
2223 3207 2540 3298 ’Ᾰπόστολος
2588 3207 2798 3301 εἴρηκε,
2844 3217 3252 3278 πλεονάσαικαὶ
3305 3209 3607 3280 αὐξηθῆναι
3645 3207 3704 3259 ἐν

2131 3331 2406 3402 προσώπῳ
2427 3298 2652 3379 πολλῶν
2671 3298 2912 3389 ἀδελφῶν
2929 3315 3027 3385 τήν
3053 3312 3214 3383 χάριν
3235 3305 3328 3361 τοῦ
3346 3304 3502 3372 ἀγίου
3529 3298 3708 3355 Πνεῦ-

2137 3438 2300 3494 ματος
2316 3436 2331 3485 ;

2619 3505 2748 3560 MZ'.
2798 3529 2870 3542 —
2907 3495 3206 3564 ΔΟΣΙΘΕῼ.

2207 3603 2325 3654 Ἵνα
2413 3599 2440 3650 ό
2459 3594 2594 3657 Θεδς
2634 3591 2812 3645 πάντα
2834 3591 2893 3642 ἐν
2935 3587 3089 3649 πᾶσι,
3115 3583 3230 3650 φῶς
3262 3577 3360 3650 μὲν
3398 3577 3511 3638 τοῖς
3531 3574 3709 3640 ἀξίοις

2133 3695 2226 3750 τοῦ
2258 3667 2454 3760 φωτδς,
2491 3685 2602 3755 πῦρ
2627 3685 2683 3738 δέ
2710 3679 3067 3748 κολαστήριον
3113 3674 3226 3735 τοῖς
3249 3670 3420 3736 ἀξίοις
3446 3668 3550 3736 τῆς
3575 3667 3709 3719 alw-

2135 3785 2246 3838 νίου
2275 3779 2571 3838 κολάσεως.

2637 3864 2780 3918 MH'.
2807 3890 2872 3901 —
2897 3856 2980 3922 τῷ
3013 3854 3192 3920 αὐτῷ.

2205 3963 2279 4018 Τὸ
2309 3962 2406 4033 μὲν
2422 3959 2568 4027 πόνῳ
2601 3953 2819 4023 κτηθέν,
2852 3949 3050 4015 μᾶλλον
3091 3941 3409 4017 κρατεῖσθαι
3438 3940 3708 4007 πέφυκεν,

2134 4055 2198 4108 τὸ
2225 4055 2281 4108 δὲ
2310 4027 2511 4124 mm;
2541 4045 2759 4118 κτηθέν,
2818 4042 2913 4094 καὶ
2937 4033 3307 4091 ἁποπτύεσθαι
3333 4031 3584 4100 τάχιστα,
3629 4027 3711 4090 ὡς

2138 4117 2324 4198 πάλιν,
2351 4117 2622 4210 ληφθῆναι
2661 4133 2976 4203 δυνάμενον,
3012 4129 3156 4182 ὥστε
3192 4123 3390 4195 μᾶλλον
3417 4117 3713 4190 εὐεργεσίᾳ

2139 4229 2428 4299 κρατίστῃ,
2456 4209 2549 4278 καὶ
2571 4222 2762 4294 βεϐαία
2809 4218 3128 4273 καθίσταται
3175 4213 3236 4266 τὸ
3289 4211 3362 4282 μὴ
3416 4209 3712 4280 πρόχειρον

2137 4317 2239 4388 τῆς
2265 4314 2600 4386 εὐεργεσίας.

2641 4403 2774 4459 MO'.
2804 4433 2873 4442 —
2900 4401 2987 4467 Τῷ
3004 4398 3182 4464 αὐτῷ.

2203 4501 2318 4555 Πᾶν
2350 4498 2411 4552 τὸ
2435 4496 2614 4566 πολλῷ
2643 4494 2846 4564 μόχθῳ,
2872 4493 2963 4546 καὶ
2989 4490 3160 4559 ἀγῶνι
3194 4484 3472 4557 πορισθέν,
3521 4483 3718 4534 ποθεῖν

2136 4590 2423 4651 συντόνως,
2455 4587 2549 4639 καὶ
2577 4585 2826 4654 στέργειν
2857 4582 3170 4645 ἀνενδότως,
3204 4579 3299 4631 καὶ
3330 4574 3495 4630 παντὶ
3531 4570 3719 4626 σθένει

2135 4682 2423 4752 φυλάττειν
2450 4676 2744 4745 εἰώθαμεν.

2591 4767 2676 4818 N'.
2699 4793 2767 4805 --
2811 4759 3254 4830 esoanPIANn.

2202 4863 2254 4915 Ἀ
2264 4860 2454 4931 μαθεῖς
2467 4874 2632 4921 τινες,
2659 4856 2753 4908 καὶ
2778 4853 3094 4923 φιλόκοσμοι
3115 4851 3306 4919 ἄνδρες
3329 4844 3727 4917 προσεοικότες

2135 4956 2202 5022 τῇ
2247 4955 2310 5022 σῇ
2349 4949 2628 5016 ἀθλιότητι
2677 4943 2942 5016 ἐμπαθῶς
2979 4941 3295 5010 φερόμενοι,
3347 4936 3581 5003 ὑγίειαν,
3618 4935 3729 4986 καὶ

2140 5045 2388 5109 πλοῦτον,
2424 5042 2514 5096 καὶ
2539 5038 2837 5106 σπατάλην,
2861 5034 2956 5088 καὶ
2991 5033 3197 5104 ἐχθρῶν
3227 5027 3529 5099 ἀνθρώπων
3555 5023 3731 5077 ἀπώ-

2140 5139 2290 5191 λειαν
2324 5137 2390 5188 δι’
2428 5135 2593 5203 εὐχῆς
2624 5131 2715 5184 τὸν
2753 5131 2960 5200 Κύριον
2986 5124 3248 5179 αίτοῦσιψ
3278 5118 3394 5174 εἶτα
3411 5118 3512 5187 τῆς
3533 5115 3732 5169 τοιαύ-

2143 5246 2242 5298 της
2280 5225 2546 5297 βλαϐερᾶς
2593 5222 2954 5290 ἀποτυχόντες
3008 5216 3272 5286 αἰτήσεως
3320 5213 3399 5272 είς
3459 5208 3738 5262 ἀπιστίαν

2143 5318 2487 5393 χωροῦσιν,ἦ
2527 5317 2832 5386 μέμψονται
2857 5313 2945 5364 τὸν
2972 5309 3125 5362 Θεόν.
3161 5305 3339 5358 Ἀλλοι
3393 5301 3556 5353 πάλιν
3591 5300 3739 5353 ἄλλο

2142 5432 2194 5466 τι
2217 5410 2572 5476 ἐξαιτοῦντες,
2597 5408 2690 5459 καὶ
2727 5404 2800 5473 μὴ
2835 5401 3184 5471 κομιζόμενοι
3215 5393 3613 5463 συμφερόντως
3643 5393 3739 5461 (οὗ

2151 5505 2259 5574 γάρ
2292 5503 2506 5563 πάντως
2530 5501 2670 5568 ἅπερ
2702 5494 2962 5567 φιλοῦμεν
3017 5491 3108 5543 καὶ
3129 5486 3388 5558 ὠφελεῖ>ο
3423 5483 3483 5536 τὸ
3528 5480 3656 5554 γὰρ
3685 5483 3744 5534 τί

1939 5686 1985 5718 ⁸³
2013 5683 2028 5736 l
2055 5682 2223 5738 Thes.
2260 5692 2340 5745 ιιι,
2374 5677 2460 5731 ιε.
