3984 6150
324 394 426 460 105

1544 390 2075 453 EPISTOLARUM
2113 388 2258 449 LIB.
2301 388 2353 448 Ι.

3481 388 3579 454 106

325 502 754 579 προσευξόμεθα,
785 503 939 575 φησὶ,
965 500 1086 555 καθ’
1111 500 1140 554 δ
1169 500 1268 567 δεῖ,
1290 501 1389 554 οὐκ
1417 499 1666 572 οῑδαμεν,
1689 500 1895 572 γογγῡ-

2008 503 2452 570 ignoramusque,
2488 503 2547 550 ut
2584 495 2675 551 ille
2706 496 2898 563 ait,uti
2928 496 3136 563 decuit,
3168 510 3360 567 preces
3398 497 3575 555 eo‘uu-

326 598 507 663 ζουσιν
542 594 701 659 εὐθὺς
740 592 1184 665 χαλεπαίνοντες,
1224 592 1319 645 καὶ
1366 591 1898 662 δυσανασχετοῦντες

325 690 419 743 επὶ
462 690 528 758 τῇ
557 685 883 752 ἀποτεύξει,
933 684 1114 738 καίτοι
1148 681 1408 745 πολλάκις
1458 683 1896 753 κατεγνωσμένοι

328 780 416 834 τὸν
440 778 553 850 βίον
568 776 926 847 ὑπάρχοντες,
952 773 1188 845 ἑτοίμως
1210 772 1489 843 βούλονται
1506 773 1894 826 ἑπακούεσθαι·

324 868 428 939 ἄρα
453 868 560 939 γὰρ
591 866 693 922 οὐκ
729 865 967 935 ὀφείλεις
1010 866 1373 936 εὐχαριστεῖν,
1402 866 1482 918 ὂτι
1514 864 1862 935 κατηξιώθης
1882 901 1898 926 ,

322 955 410 1012 καὶ
435 958 599 1028 μόνον
625 957 880 1027 όρθρίσαι
927 954 1066 1027 πρὸς
1110 955 1204 1008 τὸν
1252 953 1530 1008 Κτίσαντα
1571 956 1772 1017 πάντα,
1804 955 1901 1007 καὶ⁵

322 1048 682 1118 συνομιλῆσαι
717 1047 867 1119 αὺτῷ
912 1046 1002 1100 διὰ
1048 1046 1149 1115 τῆς
1200 1046 1403 1116 εὑχῆς;
1469 1045 1609 1099 ἀλλὰ
1649 1048 1743 1099 καὶ
1778 1047 1902 1118 μηδ’

322 1138 712 1210 εὐχαριστῆσαι
735 1136 926 1203 θέλων,
948 1134 1229 1199 ὀνειδίζεις
1262 1137 1349 1202 σὺ,
1369 1137 1399 1189 ό
1423 1136 1612 1207 πηλὸς,
1632 1137 1724 1190 τὸν
1756 1137 1903 1191 Πλά-

323 1244 453 1297 στην
477 1244 573 1280 σου
594 1226 789 1292 cam
808 1226 903 1280 νῦν
923 1226 1056 1295 γοῦν
1077 1226 1602 1298 οαυτδνδοκιμάσας,
1624 1226 1900 1298 ἄνθρωπε,

322 1315 556 1386 γνώριζέ
584 1335 678 1372 σου
708 1318 777 1372 τὰ
801 1318 998 1389 μέτρα.

627 1409 758 1462 NA’.
782 1437 854 1448 --
878 1409 1231 1481 ΠΛΟΥΤΙΝῼ
1266 1409 1596 1481 ΥΠΑΤΙΚῼ.

396 1499 462 1551 Οἱ
496 1499 672 1570 πέραν
697 1498 791 1552 τοῦ
837 1499 1098 1570 Ἰορδάνου
1134 1500 1764 1572 κατακληροδοτηθέντες
1798 1502 1903 1555 ύπὺ

325 1592 606 1654 Μωῦσέως
627 1590 721 1645 τοῦ
755 1592 990 1662 μεγάλου
1011 1591 1322 1663 νομοθέτου,
1369 1593 1635 1663 Ῥουόὴμ,
1668 1593 1760 1647 καὶ
1794 1592 1904 1647 Γὰδ

326 1684 590 1753 ὑπῆρχον,
624 1683 717 1735 καὶ
753 1683 851 1753 τῆς
884 1683 1054 1753 φυλῆς
1081 1684 1348 1754 Μανασσῆ
1378 1683 1439 1736 τὸ
1481 1684 1673 1755 ἥμισυ.
1723 1685 1903 1755 Πρόσ-

323 1791 471 1828 ωπον
498 1774 543 1826 δ’
561 1768 701 1828 οὗτοι
718 1773 913 1845 ἔφερον
932 1773 1040 1828 τῶν
1056 1774 1145 1828 διὰ
1169 1773 1262 1827 τοῦ
1286 1774 1451 1843 νόμου
1482 1775 1903 1830 δικαιωθέντων⁶

321 1868 381 1920 αἱ
413 1866 468 1919 δὲ
500 1864 655 1920 ἄλλαι
679 1866 834 1919 ἐννέα
866 1867 962 1920 καὶ
992 1867 1166 1937 ἥμισυ
1196 1865 1382 1936 φυλαὶ,
1416 1866 1617 1930 αἵτινες
1646 1866 1785 1938 μετὰ
1813 1867 1905 1922 τὸν

333 1956 600 2028 Ἰορδάνην
634 1956 1074 2028 κληρονομοῦσι,
1114 1957 1383 2028 σύμϐολον
1418 1959 1749 2028 τυγχάνουσι
1793 1958 1904 2012 τῶν

321 2049 384 2114 ἐξ
411 2048 579 2102 ἐθνῶν
612 2049 1054 2102 πεπιστευκότων
1084 2048 1325 2119 Χριστῷ,
1365 2049 1460 2102 καὶ
1484 2049 1570 2102 διὰ
1606 2049 1707 2118 τῆς
1738 2048 1902 2120 χάρι-

318 2157 410 2204 τος
436 2139 532 2192 τοῦ
572 2139 729 2207 ἁγίου
764 2138 1082 2208 Πνεύματος
1110 2138 1521 2193 τελειωθέντων.
1562 2140 1904 2210 Σημειωτέον

318 2231 400 2294 δὲ,
430 2233 511 2284 ὅτι
553 2229 660 2299 πρὸ
692 2229 786 2284 τοῦ
825 2228 1099 2299 ποταμοῦ,
1133 2229 1379 2283 τουτέστι
1400 2230 1493 2283 τοῦ
1523 2230 1904 2300 Χριστιανικοῦ

322 2322 724 2392 βαπτίσματος,
775 2320 975 2391 ἀτελής
1027 2337 1144 2382 πως
1175 2320 1269 2373 καὶ
1321 2319 1597 2389 νηπιὼδης
1634 2320 1905 2373 δείκνυται

322 2414 529 2481 γνῶσις
587 2413 682 2465 καὶ
727 2411 1008 2465 πολιτεία·
1039 2410 1228 2464 παιδία
1272 2410 1383 2483 γὰρ
1426 2413 1559 2475 ἐκεῖ,
1591 2412 1685 2465 καὶ
1732 2412 1902 2483 κτήνη

322 2502 523 2566 πολλὰ,
553 2503 646 2555 καὶ
675 2503 939 2572 γυναῖκας
970 2501 1232 2571 ὑπάρχειν
1253 2499 1678 2573 μεμαρτύρηκεν
1708 2502 1738 2572 η
1768 2517 1902 2570 γραο

319 2594 404 2665 φὴ
429 2593 729 2657 Μωῡσέως.

821 2681 952 2735 NB’.
992 2709 1064 2722 —
1094 2679 1177 2748 Τῷ
1223 2681 1404 2748 αὐτῷ.

391 2771 854 2842 Συναγωνίζονται
887 2775 1008 2836 ταῖς
1038 2773 1195 2826 ἐννέα
1222 2773 1395 2844 ἣμισυ
1420 2772 1609 2840 φυλαῖς
1636 2773 1771 2845 πρὸς
1801 2776 1909 2848 τὴν

311 2867 684 2938 κληρονομίαν
712 2865 768 2918 αί
797 2864 888 2917 δύο
915 2864 1084 2936 ἣμισυ
1150 2865 1237 2929 Ὠς
1262 2865 1369 2936 γὰρ
1411 2867 1570 2936 ἡμεῖς
1606 2867 1903 2935 στρατευό-

314 2957 463 3028 μεθα
484 2959 542 3011 ὲν
564 2938 768 3023 πίστει,
794 2956 887 3009 καὶ
914 2955 1121 3027 εὐχαῖς,
1156 2957 1250 3009 καὶ
1271 2956 1559 3027 θειοτέροις
1603 2956 1790 3027 ἔργοις
1813 2956 1904 3030 (τὰ

309 3050 433 3121 γὰρ
456 3048 595 3102 ὅπλα
621 3048 721 3119 τῆς
750 3047 1039 3118 στρατείας
1073 3048 1253 3118 ἡμῶν,
1292 3048 1503 3118 φησὶνό
1556 3048 1899 3112 Ἀπόστολος.

305 3139 377 3191 οὑ
420 3139 677 3207 σαρκικὰ,
709 3137 846 3191 ἀλλὰ
879 3137 1224 3207 πνευματικᾶ
1247 3154 1305 3190 τε
1347 3139 1443 3191 καὶ
1489 3139 1729 3207 δυνατὰ),
1760 3139 1903 3195 οὕτω
1929 3166 1973 3225 c

306 3230 727 3302 στρατεύονται,
757 3232 854 3285 καὶ
887 3231 1345 3299 συναγωνίζονται
1380 3232 1513 3302 ἡμῖν
1543 3233 1665 3295 ταῖς
1694 3231 1901 3303 προθυ-

304 3324 493 3392 μίαις,
532 3323 627 3377 καὶ
661 3324 782 3387 ταῖς
817 3322 1133 3386 καλλίσταις
1160 3321 1372 3376 ἐλπίσιν
1394 3325 1443 3377 ot
1478 3323 1672 3395 πρώην
1702 3325 1901 3395 εὑηρε-

304 3413 586 3482 στηκότες
631 3411 711 3483 τῷ
752 3411 872 3482 Θεῷ
905 3412 993 3466 διὰ
1018 3412 1114 3465 τοῦ
1156 3412 1344 3483 νόμου.
1388 3414 1470 3467 Τὰ
1515 3413 1623 3486 γὰρ
1660 3414 1901 3485 μυστικὰ

297 3502 643 3573 πράγματα,
670 3501 765 3555 καὶ
786 3503 837 3554 οί
862 3501 1010 3571 λόγοι
1036 3502 1299 3568 Μωσέως,
1328 3502 1425 3557 καὶ⁵
1450 3504 1746 3576 προφητῶν
1773 3521 1902 3557 συν-

293 3594 574 3666 τρέχουσι
625 3594 706 3664 τῷ
759 3595 904 3649 κατὰ
955 3595 1016 3649 τὸ
1049 3596 1390 3667 εὐαγγελικῷ
1428 3598 1769 3669 κηρύγματι,
1804 3600 1902 3653 καλ⁸

289 3687 531 3753 γίνεται
560 3685 738 3739 κοινὸν
760 3684 823 3738 τδ
852 3686 1203 3757 κατόρθωμα.
1252 3686 1343 3740 Διό
1371 3704 1537 3756 φασιν
1572 3689 1902 3761 Ἰσραηλῖται

303 3775 513 3849 Ἰησοῦ
539 3776 616 3847 τῷ
646 3775 748 3848 υἱῷ
803 3776 897 3830 τοῦ
956 3776 1115 3848 Ναυὴ
1169 3777 1414 3847 μέλλοντι
1466 3778 1763 3835 διαϐαίνειν
1809 3781 1902 3834 τὸν

306 3868 611 3940 Ἰορδάνην
632 3869 994 3940 πανστρατιᾷ,
1026 3869 1108 3921 ὅτι
1131 3887 1149 3920 ι
1178 3867 1377 3933 Καθὼς
1403 3870 1715 3943 ἠκούσαμεν
1735 3872 1903 3926 Matii-

285 3959 454 4021 σέως
485 3997 505 4021 ,
540 3956 710 4021 οὕτως
740 3957 1083 4026 ἀκουσόμεθα
1110 3959 1208 4012 καὶ
1234 3959 1351 4013 σοῦ.
1384 3979 1405 4012 s
1426 3961 1635 4032 Ἰησοῦς
1666 3962 1723 4014 δὲ
1748 3964 1778 4015 ό
1804 3961 1899 4015 τοῦ

2000 591 2159 656 dere,
2184 588 2372 645 statim
2407 588 2834 643 obmurmurant
2859 601 3004 658 aegre
3034 586 3296 655 ferentes,
3329 589 3571 644 indolen-

2002 690 2194 750 tesque
2238 680 2306 734 de
2354 678 2576 748 repulsa
2608 696 2623 734 :
2655 687 2709 732 et
2739 678 2859 733 licet
2930 692 3310 747 saepenumero
3357 680 3576 736 exitiosi

2002 786 2064 825 ac
2090 770 2288 824 nefarii
2325 770 2459 835 sint,
2487 767 2850 822 nihilominus
2879 767 3028 823 illico
3048 769 3298 824 exaudiri
3323 771 3577 840 cupiunt.

2004 864 2206 914 Annon
2258 858 2549 913 reddenda:
2608 858 2706 912 tibi
2749 859 2940 928 gratia:
2983 867 3137 925 sunt,
3183 862 3331 931 quod
3376 862 3579 932 dignus

2004 950 2186 1008 factus
2214 951 2315 1016 sis,
2359 966 2518 1005 mane
2554 965 2787 1021 surgens
2847 950 2916 1005 ad
2965 950 3286 1007 Creatorem
3333 956 3580 1011 omnium

2003 1044 2290 1111 accedere,
2324 1058 2545 1114 unaque
2574 1059 2700 1098 cum
2723 1058 2792 1099 eo
2810 1042 3024 1097 orando
3051 1045 3336 1115 colloqui?
3364 1045 3431 1100 Ει
3455 1048 3585 1101 licet

2004 1135 2212 1202 gratias
2265 1132 2475 1188 referre
2508 1134 2675 1201 nolis,
2724 1134 3107 1205 exprobrastu
3136 1133 3311 1190 lutum
3332 1135 3584 1192 Creatori

2005 1225 2146 1279 tuo?
2191 1223 2587 1280 Verumtamen
2637 1240 2807 1290 nunc,
2869 1240 2995 1279 cum
3056 1227 3311 1295 teipsum,
3368 1231 3439 1283 mi
3476 1228 3583 1294 Vir,

2003 1317 2432 1381 examina-veris,
2464 1332 2780 1373 mensuram
2812 1331 3050 1387 agnosce
3080 1326 3251 1373 tuam.

2314 1408 2402 1466 LI.
2442 1441 2514 1452 —-
2541 1408 2847 1465 PLUTINO
2886 1407 3309 1465 CONSULARI.

2077 1500 2184 1567 Qui
2216 1509 2372 1559 trans
2396 1501 2693 1558 Jordanem
2716 1517 2749 1555 a
2768 1501 2950 1573 Moyse
2978 1516 3179 1573 magno
3207 1502 3385 1571 legum
3415 1502 3590 1557 latore

2006 1576 2210 1649 sortem
2241 1603 2603 1663 acceperunt,
2626 1592 2819 1648 Ruben
2837 1602 2994 1648 erant
3014 1632 3030 1657 ,
3061 1600 3116 1649 et
3141 1591 3256 1647 Gad
3278 1633 3294 1657 ,
3322 1605 3377 1648 et
3410 1594 3589 1650 tribus

2008 1686 2267 1741 Manasse
2302 1685 2592 1741 dimidium
2609 1684 2677 1739 “.
2719 1684 2785 1739 Hi
2816 1699 3014 1755 porro,
3050 1700 3147 1755 per
3179 1685 3352 1754 legem
3383 1685 3588 1755 justiti-

2009 1790 2163 1837 catos
2194 1780 2695 1851 repraesentabant;
2735 1790 2789 1835 at
2822 1778 3048 1850 reliquae
3079 1794 3276 1834 novem
3296 1818 3310 1841 ,
3342 1794 3466 1833 cum
3502 1779 3590 1833 di-

2009 1872 2175 1925 midia
2205 1880 2363 1942 parte
2393 1872 2478 1926 eis
2508 1870 2805 1926 Iordanem
2848 1871 3196 1933 subsortitae.
3226 1885 3289 1926 es
3329 1871 3590 1940 gentibus

2006 1960 2231 2016 Christo
2268 1961 2554 2017 credentes
2577 2003 2593 2029 ,
2648 1970 2703 2017 et
2737 1977 2835 2032 per
2860 1963 3096 2031 gratiam
3128 1960 3365 2031 Spiritus
3404 1962 3589 2018 sancti

2008 2046 2402 2117 perfectionem
2427 2050 2657 2120 adeptos
2675 2050 3011 2107 referebant.
3037 2050 3427 2106 Adnotandum
3457 2065 3591 2106 vero

2006 2146 2121 2205 est,
2160 2150 2285 2195 ante
2302 2140 2560 2206 ﬂuvium,
2595 2142 2699 2197 hoc
2719 2150 2804 2196 est
2823 2141 3198 2197 Christianam
3225 2141 3589 2207 ablutionem,

2007 2230 2389 2300 imperfectam
2426 2233 2871 2303 quodammodo,
2907 2245 2963 2289 et
3013 2236 3280 2305 puerilem
3315 2235 3589 2307 cognitio-

2006 2338 2130 2377 nem
2150 2363 2167 2387 ,
2196 2338 2263 2378 ac
2291 2325 2417 2379 vita:
2447 2324 2850 2380 institutionem
2880 2326 3112 2381 indicari
3137 2343 3151 2380 :
3178 2326 3416 2382 infantes
3440 2325 3589 2380 enim

2009 2413 2084 2467 ibi
2105 2451 2121 2477 ,
2151 2423 2207 2469 et
2236 2414 2395 2469 bruta
2428 2415 2720 2485 pleraque,
2750 2424 2807 2470 et
2836 2415 3103 2473 mulieres
3119 2416 3358 2471 adfuisse
3377 2416 3592 2487 Moyses

2010 2503 2233 2573 scriptis
2268 2505 2476 2591 tradito
2509 2506 2828 2561 testimonio
2857 2522 2961 2564 suo
2991 2508 3396 2578 comprobavit.

2509 2686 2620 2759 24
2653 2686 2760 2741 LII.
2797 2718 2866 2729 -
2894 2688 3101 2745 Eidem.

2079 2779 2215 2833 Cum
2248 2794 2443 2833 novem
2472 2789 2527 2833 et
2552 2781 2781 2835 dimidia
2821 2782 3080 2838 tribubus
3113 2782 3187 2837 ad
3213 2781 3593 2845 hereditatum

2008 2883 2117 2923 una
2146 2883 2313 2939 opera
2347 2870 2471 2925 dua:
2497 2876 2553 2924 et
2583 2869 2809 2926 dimidia
2839 2878 3089 2927 certant:
3125 2872 3589 2941 quemadmodum

2007 2963 2155 3016 enim
2202 2978 2305 3017 nos
2353 2963 2409 3017 in
2459 2962 2567 3017 ﬁde
2590 2998 2609 3029 .
2655 2970 2711 3019 et
2739 2964 3010 3029 oratione.
3046 2979 3112 3020 ac
3141 2964 3303 3021 bonis
3330 2965 3590 3033 operibus

2007 3049 2313 3104 militamus
2383 3054 2644 3119 (namque
2685 3060 2876 3106 nostra
2936 3066 3132 3116 arma,
3184 3060 3245 3107 ut
3289 3052 3588 3123 Apostolus

2007 3138 2170 3205 ait",
2213 3154 2322 3193 non
2350 3148 2482 3195 sunt
2514 3140 2784 3206 carnalia,
2827 3141 2924 3196 sed
2958 3142 3252 3211 spiritalia,
3292 3155 3347 3199 et
3379 3144 3588 3213 fortia).

2004 3229 2125 3296 pari
2162 3226 2326 3280 modo
2368 3226 2609 3280 militant
2634 3265 2648 3291 ,
2684 3242 2739 3281 et
2767 3228 3058 3282 nobiscum
3088 3241 3370 3285 certamen
3398 3231 3587 3285 ineunt

2001 3316 2325 3379 desideriis,
2378 3325 2434 3373 et
2466 3317 2666 3372 fiducia
2699 3321 2904 3390 optima
2924 3360 2939 3385 ,
2971 3321 3065 3390 qui
3100 3328 3228 3376 ante
3251 3320 3357 3377 Deo
3386 3338 3484 3393 per
3512 3324 3586 3379 le-

2002 3419 2120 3472 gem
2158 3407 2631 3476 complacuerunt.
2670 3406 2888 3462 Etenim
2919 3423 3010 3464 res
3042 3410 3323 3482 mysticae,
3348 3420 3404 3465 et
3423 3415 3587 3467 verba

2004 3494 2208 3566 Moysis
2229 3537 2243 3561 ,
2271 3507 2325 3551 et
2366 3498 2761 3568 prophetarum
2792 3516 2899 3555 una
2923 3517 3050 3556 cum
3088 3503 3405 3574 evangelica.
3447 3519 3584 3575 pra:-

2002 3585 2280 3641 dicatione
2324 3586 2642 3653 conﬂuunt,
2698 3599 2754 3645 et
2789 3600 2941 3646 recte
2994 3590 3200 3647 factum
3230 3593 3587 3648 subsecutum

2003 3692 2295 3734 commune
2342 3682 2593 3751 utrisque
2638 3690 2743 3737 est.
2801 3681 3042 3754 Ideoque
3089 3684 3283 3739 dicunt
3328 3684 3586 3742 Israelita:

1999 3767 2128 3826 Jcsu
2161 3771 2274 3826 lilio
2308 3771 2478 3837 Nave.
2519 3790 2646 3830 cum
2679 3776 2830 3830 omni
2861 3779 3109 3833 exercitu
3130 3776 3430 3835 Jordanem
3469 3789 3584 3834 tra-

1996 3859 2250 3929 jectum:
2290 3882 2309 3916 ‹
2347 3861 2825 3929 Quemadmodum
2860 3868 3176 3922 audivimus
3204 3868 3460 3938 Moysen,
3508 3872 3586 3923 ita

2001 3952 2296 4008 audiemus
2339 3961 2396 4007 et
2428 3961 2481 4009 te
2498 3953 2567 4007 “.
2607 3973 2625 4006 ι
2655 3954 2819 4012 Jesus
2850 3971 3018 4025 porro
3069 3958 3214 4013 illius
3257 3957 3407 4013 Nave
3448 3974 3583 4028 pra:-

2003 4042 2281 4112 flgurabat
2309 4045 2592 4100 Christum
2614 4043 2807 4100 «Iesum
2839 4049 3086 4102 omnium
3115 4046 3583 4104 Dominum.ﬂine

2000 4148 2126 4188 eum
2168 4136 2327 4203 prius
2356 4136 2536 4191 Ausin
2579 4146 2835 4190 vocatum
2885 4135 3336 4204 sapientissimus
3370 4138 3583 4210 Moyses

2002 4228 2203 4282 mentis
2259 4228 2440 4283 oculis
2498 4227 2685 4282 futura
2722 4228 3031 4298 pmvidens
3059 4228 3248 4286 Jesum
3301 4248 3587 4305 ntmcupv

277 4043 474 4115 Ναυῆ
510 4043 684 4097 τύπον
724 4046 948 4115 ἐφέρετο
990 4046 1169 4117 Ἰησοῦ
1223 4047 1461 4119 Χριστοῦ
1489 4048 1586 4102 τοῦ
1629 4051 1900 4105 Δεσπότου

274 4138 410 4191 τῶν
441 4135 618 4189 ὅλων.
652 4136 812 4189 Ὅθεν
835 4136 994 4191 αὐτὸν
1019 4138 1189 4192 Λύσιν
1214 4140 1274 4192 τὸ
1301 4141 1518 4211 πρῶτον
1546 4141 1897 4213 καλούμενον,

271 4231 308 4283 ό
358 4229 670 4297 πάνσοφος
697 4228 936 4299 Μωῡσῆς
979 4229 1305 4302 προϐλέπων
1355 4231 1423 4286 τὰ
1478 4232 1738 4302 μέλλοντα
1789 4237 1900 4297 τοῖς

269 4318 619 4388 ὀφθαλμοῖς
647 4318 745 4389 τῆς
764 4318 945 4390 ψυχῆς
986 4319 1195 4389 Ἰησοῦν
1218 4322 1595 4392 ἐπωνόμασεν,
1627 4324 1773 4386 ὅπως
1800 4340 1900 4395 ση-

2008 4320 2077 4374 vit
2108 4320 2175 4385 ⁸⁷,
2213 4326 2274 4373 ut
2303 4334 2494 4373 verum
2529 4317 2718 4375 Jesum
2744 4360 2760 4384 ,
2797 4319 2896 4374 Dei
2949 4319 3148 4376 Filium
3193 4336 3225 4377 a
3255 4323 3582 4395 baptismate

272 4413 469 4485 μαίνῃ
497 4408 604 4462 τὸν
627 4409 879 4481 ἀληθινὸν
913 4410 1120 4483 Ἰησοῦν
1158 4412 1251 4465 τὸν
1281 4411 1408 4466 Υἱὲν
1435 4412 1530 4466 τοῦ
1554 4414 1709 4479 Θεοῦ,
1736 4415 1899 4485 ἀρχό-

2008 4426 2230 4481 regnum
2262 4410 2528 4465 caelorum
2567 4411 2868 4481 praedicare
2893 4411 3272 4471 exordientetn
3293 4454 3308 4480 ,
3348 4422 3405 4470 et
3434 4416 3579 4470 elar-

268 4518 457 4573 μενον
490 4502 727 4556 ἀπὸτοῦ
759 4502 1136 4574 βαπτίσματος
1163 4504 1465 4576 κηρύσσειν
1492 4504 1590 4576 τὴν
1621 4505 1899 4574 βασιλείαν

2008 4503 2239 4573 gientem
2277 4502 2439 4558 nobis
2478 4518 2779 4574 supernam
2830 4504 3211 4563 haereditatem
3260 4508 3400 4564 nulli
3441 4522 3579 4562 mce-

262 4594 389 4650 τῶν
417 4593 717 4665 οὐρανῶν,
755 4597 849 4649 καὶ
876 4595 1222 4667 δωρούμενον
1254 4598 1386 4668 ἡμῖν
1415 4596 1523 4667 τὴν
1551 4596 1663 4651 ἄνω
1695 4596 1895 4666 κληρο-

2008 4596 2106 4648 rori
2130 4634 2144 4660 ,
2177 4596 2313 4650 nulli
2349 4594 2444 4650 lini
2474 4596 2774 4650 obnoxiam
2797 4636 2813 4662 ,
2846 4596 3127 4653 iunueret.

260 4688 489 4758 νομίαν
519 4684 865 4755 ἀπάνθητον,
892 4688 986 4740 καὶ
1023 4686 1260 4741 αἰώνιον.

822 4779 948 4832 NP’.
984 4808 1056 4819 —
1092 4778 1174 4844 Τῷ
1199 4779 1380 4845 αὐτῷ.

2545 4777 2681 4833 Llll.
2717 4807 2783 4820 -
2811 4777 3025 4834 Eidem.

346 4869 551 4926 Ῥαδιό
600 4870 967 4938 πλατυσμὸς
986 4869 1371 4940 ἑρμηνεύεται,
1403 4868 1560 4940 ἡγὰρ
1590 4868 1650 4922 τὸ
1680 4870 1897 4939 πρῶτον

2064 4866 2234 4931 Raab,
2288 4868 2626 4922 latitudinem
2673 4877 2862 4932 notat,
2906 4884 3032 4939 qua:
3074 4869 3222 4925 enim
3265 4869 3424 4938 prius
3459 4878 3578 4926 er‘at

252 4952 631 5036 πόρνη,’νῦν
683 4959 739 5012 δὲ
783 4959 1016 5031 σώφρων
1073 4961 1369 5031 Ἐκκλησία
1409 4960 1499 5014 διὰ
1530 4961 1627 5029 τῆς
1658 4961 1898 5024 πίστεως

2008 4960 2258 5014 ueretris
2283 4954 2415 5018 “"9,
2442 4974 2586 5011 ltllltc
2613 4966 2760 5014 casta
2788 4974 2853 5015 ac
2886 4961 3085 5030 pudiea
3161 4958 3403 5013 Ecclesia
3482 4975 3576 5029 per

250 5055 638 5109 πλατύνεται
676 5053 795 5115 ταῖς
820 5051 1099 5123 θεωρίαις,
1132 5054 1223 5106 καὶ
1256 5056 1368 5115 τοῖς
1399 5052 1564 5117 Θείοις
1602 5055 1892 5123 νοήμασιν.

2008 5050 2155 5105 idem
2205 5048 2715 5119 speculationibus,
2763 5056 2819 5102 et
2856 5048 3064 5102 divinis
3102 5045 3575 5102 intellectionibus

247 5149 357 5203 Διὰ
412 5146 603 5203 τοῦτο
658 5144 969 5214 Κορινθίοις
1005 5146 1207 5217 γράφει
1255 5146 1285 5198 ὁ
1323 5145 1494 5215 μέγας
1532 5145 1852 5208 Ἀπόστολος
1878 5162 1890 5177 ·

2008 5144 2280 5196 lilatatur.
2314 5140 2612 5209 Propterea
2668 5154 2904 5207 magnus
2946 5136 3242 5206 Apostolus
3269 5135 3574 5194 Corinthiis

256 5261 274 5293 ι
318 5240 423 5313 Μὴ
450 5234 913 5305 στενοχωρεῖσθε
932 5252 946 5266 ·
1018 5236 1219 5307 μᾶλλον
1244 5236 1301 5289 δὲ
1331 5234 1688 5304 πλατύνθητε,
1719 5236 1894 5289 καθά-

2008 5234 2191 5287 ςιει-ἱιιίι
2219 5252 2232 5287 :
2273 5251 2292 5283 ι
2332 5230 2411 5284 Ne
2439 5230 2658 5297 angusti
2692 5228 2815 5283 sitis
2837 5268 2853 5290 ,
2891 5229 3001 5281 imo
3023 5226 3206 5295 potius
3228 5226 3569 5288 dilatamini.

245 5351 363 5407 περ
410 5328 523 5387 οὖν
554 5331 594 5400 ή
630 5327 753 5395 ἐμὴ
785 5328 981 5396 καρδία
1006 5328 1363 5381 πεπλάτυται.
1403 5346 1421 5379 ι

2008 5322 2457 5396 quemadmodum
2488 5330 2544 5376 et
2568 5335 2662 5373 cor
2691 5332 2872 5371 meum
2903 5316 3192 5368 diiatatum
3219 5324 3302 5368 est
3327 5316 3393 5370 ”.
3437 5338 3455 5370 ι

358 5422 500 5479 NA'.
560 5448 646 5462 -—
700 5415 1108 5488 ΔΥΡΗΛΙΑΝῼ
1165 5418 1578 5489 ΙΛΛΟΥΣΓΡΙῼ
1644 5419 1783 5470 ΑΠΟ

2174 5414 2281 5484 25
2328 5411 2462 5466 ων.
2509 5442 2578 5456 -
2616 5405 3011 5464 AVllELIANO
3070 5403 3392 5460 ILLUSTm

929 5508 1280 5563 ΕΛΔΗΝΩΝ.
2540 5501 2627 5557 EX
2669 5496 3036 5555 GENTIBUS.

314 5616 442 5671 οὐκ
472 5608 669 5677 ἀξίαν
690 5600 799 5671 τῆς
827 5598 921 5654 τοῦ
945 5599 1273 5670 Εὐαγγελίου
1295 5599 1628 5670 εὐπρεπείας
1656 5602 1889 5671 βαδίζεις

2070 5599 2296 5669 Indigna
2360 5594 2677 5664 evangelica
2723 5589 2990 5659 elegantia
3039 5596 3200 5647 modo
3255 5593 3393 5644 tiam
3450 5587 3569 5658 vitae
3640 5648 3649 5680 ζ

311 5728 365 5765 ιι
402 5726 601 5784 ,ιηειιθ
653 5728 799 5784 xm,
845 5715 898 5768 8.
1000 5713 1044 5745 δ’
1081 5712 1121 5784 ιι
1153 5711 1281 5768 Cor.
1324 5731 1379 5780 π,
1416 5715 1468 5768 4.
1566 5712 1827 5770 “Insue:
1859 5715 1901 5768 l'

2048 5711 2273 5766 "Num.
2328 5720 2446 5770 xm,
2483 5707 2567 5760 l7.
2677 5696 2794 5736 ‘3'”
2821 5695 2981 5749 Iosue
3010 5711 3069 5759 ιι,
3101 5696 3122 5749 l
3158 5708 3307 5762 seqq.
3399 5699 3564 5751 llebt'.
3648 5689 3651 5693 ’

244 5783 451 5873 ιι,5ι,
541 5792 598 5826 ⁵ο
678 5787 729 5838 ll
765 5783 890 5836 Cor.
951 5783 1184 5847 ιιι,11.Δ

556 5890 873 5953 Parnm.
911 5878 1028 5939 Gn.
1096 5878 1385 5943 LXXIX.

3214 5863 3253 5923 ιι-

2048 5712 2092 5744 "
2111 5711 2273 5766 Num.
2328 5720 2446 5770 stu,
2483 5707 2567 5760 l7.
