3984 6150
428 345 529 408 ΙθἿ

1935 347 1993 408 S.
2032 339 2196 408 NILI

3587 349 3694 416 103

431 454 785 530 sempiterna:
827 453 1146 508 obambulas
1175 491 1188 514 ,
1241 452 1390 508 haud
1432 461 1616 510 mente
1655 455 2008 526 comprehcn-

2118 455 2212 527 τὴν
2240 455 2357 510 ὁδὸν
2387 456 2480 526 τῆς
2513 454 2731 509 αἰωνίου
2753 454 2918 525 ζωῆς,
2945 455 3020 526 μὴ
3047 455 3340 526 λαμϐάνων
3372 459 3510 511 κατὰ
3542 460 3689 528 νοῦν,

429 550 596 610 dens,
635 561 743 600 non
777 547 946 606 multo
977 553 1096 615 post
1127 543 1399 614 judicium
1427 547 1668 602 omnium
1697 587 1711 610 ,
1745 562 1865 618 quze
1888 548 2009 617 qui-

430 641 596 702 libet,
637 638 764 702 dum
803 637 1038 698 viveret,
1079 637 1350 704 patravit,
1407 635 1724 695 adfuturum
1751 676 1765 701 ,
1814 638 2007 693 condi-

428 744 565 807 gnas
616 743 799 783 secum
841 725 1098 780 deferens
1149 726 1405 780 submoto
1452 729 1602 782 omni
1647 728 2007 798 deprecatore

426 835 639 889 paruas.
675 815 964 870 Contraria
999 816 1183 888 itaque
1203 859 1216 881 ,
1268 833 1443 890 neque
1473 820 1616 874 dit-ta
1646 836 1787 891 aegre
1821 820 1968 877 feras
1988 861 2004 885 ,

427 912 524 965 tibi
579 910 662 964 via
702 909 943 965 ineunda
987 917 1109 972 est,
1167 924 1324 963 sacra
1364 901 1550 979 potius
1607 927 1706 982 pro
1760 911 2007 981 profanis

426 1003 641 1072 eligenti
667 1041 680 1062 ,
725 1001 1085 1073 abigentique
1120 1016 1242 1070 qua:
1291 1017 1353 1055 cx
1393 1018 1494 1056 usu
1525 1018 1697 1069 prava
1735 1004 2005 1061 desideria

423 1093 766 1148 contraxisti.

766 1202 876 1257 LV.
901 1221 972 1244 -—‘
1001 1202 1298 1258 ZOSARIO
1335 1203 1655 1260 TRIBUNO.

497 1336 514 1367 ι
553 1313 729 1370 Omne
757 1322 920 1386 caput
948 1315 1004 1369 in
1042 1313 1323 1382 dolorem,
1381 1316 1458 1370 ait
1491 1316 1696 1383 Isaias,
1748 1329 1802 1374 et
1841 1334 2006 1373 omne

421 1422 520 1462 cor
553 1409 608 1460 in
643 1421 937 1462 maerorem
975 1421 1004 1460 a
1041 1407 1274 1478 pedibus
1327 1423 1503 1478 usque
1559 1409 1627 1463 ad
1662 1421 1828 1481 caput
1859 1412 1925 1464 δι.
1979 1430 1998 1462 ι

425 1499 492 1551 Et
540 1498 734 1568 paucis
787 1498 1094 1568 interiectis
1148 1517 1220 1554 ε(
1281 1498 1454 1554 Terra
1506 1511 1686 1556 vestra
1745 1503 1999 1570 deserta,

422 1592 704 1658 regionem
738 1599 973 1644 vestram
1013 1591 1068 1646 in
1099 1601 1402 1662 conspectu
1432 1601 1618 1650 vestro
1641 1595 1816 1650 exteri
1853 1611 2002 1650 com-

423 1682 595 1736 edunt
620 1681 687 1737 υ.
729 1701 748 1732 ι
777 1679 880 1736 Per
908 1682 1076 1751 pedes
1113 1683 1336 1752 quidem
1372 1683 1626 1738 subditos
1663 1706 1672 1738 :
1714 1699 1811 1753 per
1840 1694 2004 1754 caput

2115 548 2189 610 ὠς
2221 548 2396 616 ὀλίγον
2438 547 2659 619 ὕστερον
2690 547 2870 619 κρίσις
2899 547 3050 600 ἔσται
3085 547 3193 602 τῶν
3245 548 3459 620 ἑκάστῳ
3493 551 3690 620 βεὸιωο

2119 642 2313 711 μένων,
2345 639 2748 710 ἀπαραιτήτους
2778 638 2976 708 ἔχουσα
3007 639 3105 703 τὰς
3153 641 3287 712 πρὸς
3317 641 3472 706 ἀξίαν
3514 644 3694 696 ἐπιτι-

2119 733 2336 803 μήσεις.
2366 733 2458 791 Δεῖ
2485 732 2683 797 τοίνυν,
2719 731 2812 785 καὶ
2850 732 3117 802 μηδαμῶς
3163 732 3468 804 ἀπεχθάνου
3515 733 3694 788 ταῦτα

2115 822 2348 887 ἀκούων,
2397 822 2492 892 τὴν
2537 821 2782 875 ἐναντίαν
2837 821 3035 885 ἐλθεῖν,
3072 822 3437 892 ἐκλεξάμενον
3489 823 3694 892 μᾶλλον

2113 913 2233 967 ἀντὶ
2261 913 2367 964 τῶν
2414 911 2511 980 ούχ
2556 912 2718 965 ὁσίων
2746 911 2814 964 τὰ
2841 914 2981 977 ὅσια,
3011 912 3104 966 καὶ
3152 912 3391 985 ἐξορίσαι
3417 913 3516 976 τὰς
3549 916 3696 968 κατά

2115 1003 2401 1074 συνήθειαν
2436 1001 2678 1072 πονηρὰς
2707 1001 3039 1072 προθυμίας.

2428 1220 2555 1274 NE'.
2583 1250 2652 1261 ——
2679 1220 2962 1293 ΖΩΣΑΡῙῼ
3002 1221 3363 1294 ΤΙἾΒΟΥΝῼ.

2189 1356 2206 1386 ι
2236 1338 2394 1389 Πᾶσα
2424 1335 2632 1406 κεφαλὴ
2676 1336 2756 1399 είς
2798 1336 2978 1400 πόνον,
3021 1335 3187 1405 φησὶν
3229 1338 3258 1389 ὁ
3297 1335 3559 1401 Ἡσαΐας,
3597 1337 3693 1390 καὶ

2112 1431 2260 1481 πᾶσα
2309 1427 2508 1497 καρδία
2555 1427 2635 1490 είς
2681 1426 2857 1497 λύπην
2891 1427 2999 1479 ἀπὸ
3030 1427 3202 1479 ποδῶν
3232 1428 3337 1490 ἕως
3369 1427 3634 1496 κεφαλῆς.
3668 1447 3686 1478 ι

2110 1519 2218 1584 Καὶ
2254 1520 2370 1587 μετ’
2397 1517 2583 1585 ὀλίγα·
2619 1535 2638 1568 ε
2685 1518 2749 1570 Ἦ
2778 1518 2848 1587 γῆ
2883 1519 2976 1570 καὶ
3009 1517 3163 1587 ὑμῶν
3200 1517 3424 1585 ἔρημος,
3460 1519 3561 1588 τὴν
3583 1517 3696 1588 χὼ-

2113 1629 2212 1682 ραν
2254 1611 2407 1682 ὑμῶν
2441 1610 2671 1664 ἐνώπιον
2713 1609 2869 1680 ὑμῶν
2919 1607 3189 1678 ἀλλότριοι
3224 1606 3624 1660 κατεσθίουσιν.
3669 1626 3690 1659 ι

2110 1708 2206 1760 Διὰ
2238 1706 2336 1776 μὲν
2371 1705 2479 1758 τῶν
2509 1704 2686 1758 ποδῶν
2711 1704 2838 1765 τοὺς
2868 1701 3364 1770 ὑποτεταγμένους,
3391 1698 3481 1752 διὰ
3512 1698 3569 1750 δὲ
3592 1699 3697 1766 τῆς

421 1772 711 1843 praefectos
738 1772 973 1826 innuens
999 1812 1014 1836 ,
1058 1773 1306 1842 nequitia
1331 1775 1482 1827 omni
1518 1775 1811 1844 oppletos;
1844 1791 2004 1829 omne

2115 1772 2348 1867 κεφαλῆς
2376 1797 2501 1859 τοὺς
2525 1793 2967 1864 καθηγουμένους
2997 1791 3388 1861 αἰνιττόμενος,
3418 1789 3691 1860 πονηρίας

423 1865 630 1933 quippe
675 1870 840 1932 caput
868 1863 924 1915 in
962 1863 1211 1917 dolorem
1244 1882 1257 1918 :
1289 1863 1561 1933 siquidem
1595 1875 1649 1918 et
1698 1864 1864 1932 pedes
1907 1880 2005 1918 eo-

424 1971 550 2011 rum
583 1957 636 2010 in
659 1955 1070 2026 improbitatem
1099 1971 1266 2012 cursu
1295 1957 1486 2028 rapide
1514 1957 1788 2022 feruntur,
1823 1973 2010 2027 quem-

425 2048 722 2104 admodum
776 2049 828 2101 in
891 2048 1003 2104 alio
1045 2064 1264 2120 quoque
1302 2051 1426 2105 loco
1449 2050 1589 2104 dixit
1637 2049 1902 2120 prOpheta
1933 2050 2002 2104 ⁵³.

423 2139 694 2195 Laborem
751 2138 938 2207 itaque
987 2139 1399 2208 improbitatem
1449 2155 1578 2196 esse
1629 2140 1909 2212 intelligo,
1949 2149 2009 2195 ut

421 2234 490 2288 de
527 2230 761 2303 profana
792 2231 977 2285 anima
1014 2229 1184 2286 David
1229 2231 1398 2286 dicit:
1441 2250 1461 2283 α
1499 2231 1822 2303 Concepisti
1846 2232 2006 2288 dolo-

423 2337 580 2387 rem,
639 2327 698 2376 et
750 2319 1013 2391 peperisti
1066 2319 1413 2392 iniquitatem
1456 2319 1535 2387 llI‘;
1601 2339 1621 2373 ι
1680 2320 2007 2391 improbitas

420 2413 567 2469 enim
615 2419 809 2483 suapte
845 2420 1041 2467 natura
1073 2411 1420 2482 iniquitatem
1446 2411 1608 2483 parit.
1641 2411 1779 2466 Cum
1822 2412 2009 2482 itaque

425 2508 479 2561 in
527 2505 833 2574 despectu,
908 2513 965 2558 et
1034 2518 1221 2558 amore
1263 2503 1575 2568 malorum,
1630 2516 2010 2571 saepenumero

420 2595 631 2666 judicio
689 2593 782 2648 Dei
831 2602 1024 2648 mmsta
1092 2606 1156 2646 ac
1215 2591 1398 2646 tristia
1455 2599 1890 2660 consequantur,
1942 2591 2009 2645 ad

424 2683 867 2740 emendationem
929 2687 1253 2750 peceatores
1312 2680 1684 2750 impellentia,
1762 2687 2011 2750 prapter-

425 2791 491 2831 ea
529 2775 674 2831 dixit
705 2792 720 2830 :
765 2793 784 2827 ‹
825 2772 892 2828 Ει
917 2787 1078 2828 omne
1107 2788 1206 2827 cor
1235 2772 1291 2828 in
1325 2787 1618 2828 mmrorem
1670 2773 1736 2827 ".
1776 2791 1796 2824 ι
1834 2770 1892 2825 In
1923 2772 2008 2826 Iu-

427 2878 576 2922 ctum
593 2867 798 2922 etenim
835 2863 1012 2920 Judaei
1060 2878 1091 2918 a
1139 2862 1251 2918 Deo
1292 2863 1689 2935 conjiciuntur.
1725 2864 1836 2936 ac
1878 2863 2009 2918 dum

429 2961 664 3012 humana
693 2971 859 3011 niam)
887 2955 1231 3026 castigantur
1256 2960 1311 3009 et
1339 2953 1761 3024 deprimuntur.

984 3075 1121 3132 LVI.
1147 3105 1214 3117 —
1247 3074 1455 3131 Eidem.

503 3192 560 3246 Si
613 3207 722 3246 non
768 3198 994 3262 propter
1034 3189 1242 3246 Christi
1270 3203 1461 3244 necem
1492 3185 1738 3256 desolata
1764 3193 1853 3242 est
1883 3185 2006 3242 uni-
2033 3166 2076 3226 ο

427 3298 585 3340 versa
610 3281 799 3337 Judaea
821 3295 852 3336 a
878 3280 1167 3350 Romanis,
1193 3288 1249 3336 et
1272 3277 1634 3344 Hebraeorum
1658 3279 1834 3334 exteri
1855 3293 2008 3333 com-

426 3374 631 3439 edunt,
664 3373 928 3443 illiusque
962 3370 1182 3428 fructus
1198 3368 1854 3438 devorant‘°,abjiciatur
1883 3375 2005 3422 tau-

427 3479 590 3535 quam
642 3461 875 3518 mendax
909 3461 1182 3531 propheta
1261 3498 1279 3524 ,
1326 3459 1423 3529 qui
1469 3465 1601 3520 ante
1647 3458 1800 3528 mille
1829 3472 2007 3514 annos

427 3555 562 3616 illud
594 3552 947 3625 praedixerat.

973 3661 1132 3719 LVII.
1163 3691 1235 3704 —-
1259 3661 1473 3720 Eidem.

502 3765 578 3822 Ne
624 3774 676 3821 te
707 3764 936 3819 seducet
986 3763 1206 3818 Judaaus
1263 3776 1560 3824 asserens,
1621 3769 1847 3832 propter
1898 3762 2007 3815 alia

431 3859 639 3916 scelera
714 3854 1011 3924 spoliatum
1075 3869 1136 3910 se
1191 3867 1315 3910 esse
1389 3853 1682 3909 Palaestina
1744 3875 1756 3908 :
1830 3868 2009 3924 neque

426 3948 573 4002 cnim
609 3946 680 4001 ob
720 3946 862 4000 alias
906 3944 1090 4009 labes,
1118 3951 1175 4000 et
1208 3943 1565 3998 conscientiae
1609 3942 1868 4010 vulnera,
1910 3943 2005 3999 sed

429 4048 653 4108 propter
681 4034 898 4090 Domini
929 4049 1119 4090 necem
1160 4033 1334 4088 multa
1379 4035 1563 4104 gravia
1589 4072 1605 4099 ,
1650 4035 1852 4104 quibus
1885 4035 2010 4089 nul-

428 4133 538 4184 Inm
592 4127 893 4184 remedium
929 4126 1110 4183 atIerri
1156 4135 1368 4196 potest,
1426 4125 1677 4197 perpessi
1710 4135 1858 4182 sunt.
1913 4125 2009 4180 Et‘

424 4224 571 4277 enim
601 4227 728 4275 ante
774 4219 868 4273 illa
904 4229 1150 4288 tempora
1187 4218 1335 4272 idola
1381 4219 1629 4274 colentes
1660 4258 1674 4282 ,
1706 4217 2006 4288 prophetas

427 4315 765 4370 trucidantes
790 4349 805 4375 ,
853 4311 1195 4366 dammnibus
1220 4312 1360 4365 tilias
1382 4350 1398 4374 ,
1432 4311 1686 4380 illiusque
1713 4309 2008 4363 immolan-

426 4420 528 4472 tes,
564 4402 895 4470 alienigenis
921 4402 976 4455 in
1001 4401 1379 4469 captivitatem
1411 4414 1444 4452 a
1473 4400 1582 4454 Deo
1615 4397 2003 4461 tradebantur,

2111 1889 2326 1958 ἁπάσης
2350 1886 2840 1957 έμπεπλησμένους
2862 1902 2874 1914 ·
2913 1885 3063 1938 πᾶσα
3102 1884 3211 1954 γὰρ
3246 1882 3456 1951 κεφαλὴ
3491 1883 3569 1945 είς
3592 1881 3696 1934 1:6-

2109 1999 2215 2045 νον,
2249 1980 2382 2034 ἀλλὰ
2405 1979 2501 2032 καὶ
2531 1979 2580 2030 οἱ
2610 1977 2767 2039 πόδες
2792 1975 2972 2029 αὐτῶν
3025 1975 3106 2038 εἰς
3156 1973 3420 2044 πονηρίαν
3465 1971 3697 2042 τρέχου-

2111 2091 2216 2140 σιν,
2260 2071 2335 2132 de;
2366 2072 2424 2124 ὲν
2459 2069 2631 2140 ἑτέρῳ
2663 2067 2814 2137 τόπῳ
2845 2065 3071 2136 εἴρηκεν
3099 2066 3128 2117 ὁ
3159 2064 3475 2135 Προφήτης.
3520 2061 3696 2116 Πόνον

2108 2165 2385 2236 τοιγάρτοι
2441 2162 2539 2233 τὴν
2572 2158 2866 2230 πονηρείαν
2894 2157 3026 2219 νόει,
3073 2152 3258 2218 καθὼς
3300 2153 3449 2222 λέγει
3475 2154 3504 2206 ὁ
3528 2150 3696 2205 Δαυῒδ

2110 2258 2238 2329 περὶ
2263 2255 2442 2328 ψυχῆς
2474 2253 2722 2325 βεϐήλου,
2751 2251 2832 2304 ὅτι
2871 2269 2888 2301 ι
2923 2246 3221 2309 Συνέλαὸες
3250 2247 3432 2307 πόνον,
3459 2245 3555 2298 καὶ
3579 2243 3692 2295 ἕτε-

2109 2367 2205 2413 κες
2234 2347 2489 2418 ἀνομίαν.
2529 2363 2549 2397 ι
2596 2344 2663 2398 Ἠ
2691 2342 2802 2412 γὰρ
2833 2340 3097 2412 πονηρεία
3125 2340 3224 2409 τὴν
3254 2337 3489 2408 ἀνομίαν
3522 2337 3696 2406 πέφυ-

2110 2458 2206 2494 κεν
2241 2437 2577 2492 ἀποτίκτειν.
2621 2433 2840 2502 Ἐπειδὴ
2880 2433 3064 2485 τοίνυν
3108 2434 3165 2485 ὲν
3195 2429 3273 2500 τῷ
3305 2429 3693 2500 καταφρονεῖν,

2112 2532 2207 2585 καὶ
2228 2529 2446 2598 ἀγαπᾷν
2467 2526 2538 2579 τὰ
2565 2524 2765 2594 φαῦλα,
2801 2523 3060 2585 πολλάκις
3094 2520 3275 2593 κρίσει
3298 2520 3436 2574 Θεοῦ
3463 2520 3533 2573 τὸ
3558 2537 3690 2573 σκυ·

2113 2623 2306 2698 θρωπᾶι
2361 2621 2453 2674 καὶ
2508 2618 2730 2689 λυπηρὰ
2761 2617 2974 2680 ἕπεται,
3034 2616 3172 2686 πρὸς
3197 2613 3486 2683 διόρθωσιν
3527 2614 3694 2666 ἐκκα-

2111 2717 2350 2787 λούμενα
2398 2716 2524 2776 τοὺς
2581 2709 3075 2780 ἐξαμαρτάνοντας,
3119 2707 3207 2761 διὰ
3253 2708 3414 2760 τοῦτο
3462 2707 3689 2777 εἴρηκεο

2117 2821 2135 2854 ι
2167 2800 2280 2856 Καὶ
2308 2801 2454 2852 πᾶσα
2477 2797 2671 2870 καρδία
2700 2799 2778 2858 εἰς
2801 2796 2997 2866 λύπην.
3031 2814 3050 2847 ι
3088 2794 3398 2850 Λυποῦνται
3423 2797 3531 2865 γὰρ
3555 2793 3696 2847 Ἰου-

2110 2893 2248 2947 δαῖοι
2272 2891 2377 2944 ὑπὸ
2405 2889 2562 2955 Θεοῦ,
2581 2891 2647 2943 δι’
2676 2888 3026 2958 ἀνθρωπίνης
3054 2887 3237 2959 χειρὸς
3282 2886 3696 2958 τιμωρούμενοι

2111 2984 2208 3040 καὶ
2237 2981 2712 3052 καταθλιϐόμενοι.

2605 3091 2750 3158 NG’.
2787 3121 2856 3130 —
2891 3089 2974 3156 Τῷ
3013 3088 3193 3154 αὐτῷ.

2179 3209 2244 3262 El
2272 3207 2347 3280 μὴ
2375 3205 2464 3263 διὰ
2495 3206 2596 3275 τὴν
2625 3203 3048 3274 Χριστοκτονίαν
3066 3204 3355 3273 ἠρήμωται
3381 3203 3532 3258 πᾶσα
3558 3203 3700 3255 ἰου-

2108 3294 2234 3351 δαία
2293 3293 2398 3348 ὑπὸ
2453 3292 2763 3362 Ῥωμαίων,
2809 3291 2906 3344 καὶ
2951 3289 3219 3361 ἀλλότριοι
3249 3288 3518 3361 Ἐϐραίων
3556 3306 3698 3343 κατ-

2109 3388 2377 3444 εσθίουσιν
2419 3385 2514 3440 καὶ
2564 3381 2924 3454 καρπίζονται
2951 3381 3173 3452 ταύτην,
3213 3381 3510 3450 ὲψεύσθωό
3553 3383 3700 3452 Προ-

2110 3482 2286 3550 φήτης
2319 3477 2424 3548 πρὸ
2455 3475 2639 3546 χιλίων
2669 3471 2827 3527 τοῦτο
2861 3471 3207 3543 ἀνακηρύξας
3246 3471 3404 3524 ἐτῶν.

2620 3667 2745 3722 NZ'.
2785 3699 2856 3709 —
2886 3665 2969 3731 Τῷ
2999 3665 3178 3731 αὐτῷ.

2137 3765 2140 3770 ’
2180 3766 2272 3834 Μή
2303 3781 2362 3816 σι
2388 3762 2694 3815 ἀπατάτωό
2727 3759 2977 3819 Ἰουδαῖος
3004 3759 3178 3826 λέγων
3205 3757 3272 3810 δι’
3296 3758 3493 3827 ἑτέρας
3510 3757 3700 3826 eum-

2110 3857 2229 3918 τίας
2267 3850 2745 3923 ἀπηλλοτριῶσθαι
2790 3851 2886 3918 τῆς
2926 3849 3311 3914 Παλαιστίνης.
3363 3850 3440 3902 υύ
3481 3848 3594 3918 γὰρ
3624 3847 3702 3900 δι’

2109 3946 2272 4007 ἄλλας
2305 3942 2601 4014 ἁμαρτίας,
2628 3940 2716 3992 διὰ
2743 3939 2796 3992 δὲ
2827 3940 2924 4008 τὴν
2954 3939 3348 4009 Κυριοκτονίαν
3384 3938 3698 3992 πεπόνθασι

2108 4037 2176 4091 τὰ
2209 4037 2505 4106 ἀνήκεστα.
2538 4033 2736 4102 Πρώην
2771 4032 2866 4099 μὲν
2895 4030 3006 4100 γὰρ
3029 4029 3568 4096 εἰδωλολατροῦντες,
3597 4031 3702 4082 καὶ

2107 4130 2236 4190 τοὺς
2269 4126 2552 4199 προφήτας
2580 4123 2915 4191 φονεύοντες,
2953 4124 3046 4174 καὶ
3077 4124 3189 4184 τοῖς
3218 4121 3438 4189 δαίμοσι
3469 4121 3568 4184 τὰς
3599 4121 3702 4173 θυ-

2109 4219 2344 4288 γατέρας
2376 4215 2470 4268 καὶ
2501 4215 2625 4275 τοὺς
2655 4213 2806 4274 υἱοὺς
2841 4210 3079 4273 θύοντες,
3111 4213 3223 4273 τοῖς
3262 4209 3583 4278 ἀλλοφύλοις
3610 4210 3703 4272 εἰς

2109 4305 2488 4378 αἰχμαλωσίαν
2535 4301 2640 4355 ὑπὸ
2679 4300 2815 4354 Θεοῦ
2863 4300 3229 4370 παρεδίδοντο,
3261 4301 3353 4353 καὶ
3385 4300 3504 4369 μετ’
3533 4298 3708 4367 ὀλίγα

2110 4397 2206 4461 ἔτη
2229 4395 2307 4465 τῷ
2330 4394 2457 4465 θείῳ
2483 4391 2780 4462 βουλήματι
2813 4391 2974 4444 πάλιν
3005 4393 3344 4460 ἐπανήγοντο
3364 4392 3444 4453 εἰς
3466 4389 3566 4460 τὴν
3586 4390 3708 4459 γῆν

423 4508 480 4554 et
519 4512 728 4569 paucos
758 4500 886 4564 post
932 4507 1146 4556 annos,
1185 4492 1261 4544 ita
1292 4489 1404 4543 Deo
1441 4495 1749 4549 annuente,
1792 4487 1845 4540 in
1892 4495 2006 4542 ter-

2115 4487 2207 4556 τῆς
2246 4483 2599 4566 ἐπαγγελίας.
2649 4479 2766 4548 Ἀφ’
2806 4471 2867 4532 οὗ
2900 4479 2956 4537 δὲ
2980 4481 3040 4537 τὸ
3078 4480 3296 4536 ἀνίατον
3317 4478 3706 4548 τετολμήκασι

425 4606 542 4646 ram
591 4585 979 4658 promissionis
1020 4581 1449 4637 reducebantur.
1484 4579 1564 4634 Ex
1596 4593 1708 4648 quo
1738 4593 1867 4632 vero
1897 4579 1999 4631 im-

2100 4580 2356 4648 πρᾶγμα,
2382 4578 2461 4639 εἰς
2481 4576 2572 4630 τὸν
2605 4575 2730 4629 Υξδν
2759 4574 2854 4628 τοῦ
2875 4574 3012 4628 Θεοῦ
3042 4572 3139 4635 τὰς
3159 4575 3347 4644 χεῖρας
3380 4571 3699 4634 ἐπιϐαλεῖν,

425 4679 748 4736 medicabile
803 4676 905 4729 hoc
963 4673 1263 4744 ﬂagitium,
1311 4673 1365 4726 in
1420 4669 1619 4726 Filium
1659 4669 1754 4726 Dei
1807 4685 2002 4724 manus

2115 4671 2358 4724 παντελεῖ
2388 4668 2649 4740 πορθήσει
2679 4667 2995 4720 ὲνδέδονται.
3040 4663 3173 4722 Ἰδοὺ
3208 4662 3394 4716 λοιπὸν
3421 4678 3710 4716 πεντακο-

425 4778 800 4843 apponentes,
869 4767 1135 4820 audacter
1181 4771 1603 4834 perpetrarunt,
1653 4771 1917 4832 perpetuo
1949 4769 2006 4816 et

2115 4759 2314 4814 τιοστδν
2353 4759 2491 4824 ἔτος,
2545 4759 2640 4812 καὶ
2685 4756 2919 4826 οὐδαμοῦ
2956 4755 3075 4808 θεία
3107 4771 3193 4818 τις
3243 4752 3543 4820 ὲπισκοπὴ,
3589 4753 3710 4806 οῦκ

423 4839 674 4918 extremo
713 4856 935 4916 excidio
983 4853 1174 4912 traditi
1223 4861 1355 4909 sunt
1405 4853 1484 4908 En
1519 4853 1704 4925 itaque
1735 4854 2005 4924 quingen-

2115 4849 2410 4918 ιντίληψις,
2443 4848 2504 4900 οὺ
2529 4844 2864 4917 παρηγορία,
2893 4844 2953 4897 ού
2980 4844 3267 4914 προφήτης
3298 4839 3568 4894 νουθετῶν
3597 4839 3714 4893 καὶ

423 4956 658 5012 tesimus
699 4964 917 5013 annus;
960 4957 1017 5003 et
1048 4960 1319 5016 nusquam
1348 4946 1596 5002 divinum
1651 4936 1956 5001 subsidium
1983 4984 1999 5008 ,

2115 4935 2402 5008 στηρίζων,
2432 4935 2621 5004 ὥσπερ
2651 4938 2706 4988 ὲν
2739 4933 3020 4991 Βαϐυλῶνι
3059 4932 3321 5001 Ἰεζεκιή).
3355 4946 3416 4982 τε
3458 4928 3556 4982 καὶ
3589 4932 3716 4984 Δα-

425 5059 534 5102 non
564 5039 829 5095 auxilium
855 5075 871 5100 ,
931 5051 1041 5091 non
1075 5034 1381 5090 consolatio
1405 5075 1420 5100 ,
1462 5049 1570 5090 non
1603 5033 1866 5105 propheta
1909 5033 2000 5088 in-

2115 5027 2251 5097 νιὴλ,
2274 5028 2368 5080 καὶ
2395 5027 2445 5078 nl
2469 5026 2638 5080 ἄλλοι.
2669 5026 2782 5082 Οὐκ
2813 5023 2893 5078 ἔτι
2919 5024 3026 5094 γὰρ
3049 5023 3230 5084 αὐτοῖς
3253 5020 3395 5074 θέλει
3417 5034 3722 5091 προσομι-

425 5147 652 5193 struens
680 5171 695 5196 ,
742 5140 797 5187 et
827 5127 1200 5193 conﬁrmans,
1255 5127 1718 5198 quemadmodum
1755 5127 1813 5181 in
1863 5126 2002 5181 urbe

2115 5120 2218 5172 λεῖν
2243 5120 2271 5171 ὁ
2296 5117 2428 5181 Θεὸς
2457 5116 2873 5187 βδελυττόμενος
2901 5115 3147 5180 τούτους.

426 5222 700 5298 Babylone
756 5220 1048 5287 Ezechiel,
1081 5281 1084 5284 ,
1115 5226 1170 5274 ct
1222 5217 1453 5287 Daniel,
1505 5219 1820 5289 caeterique.
1883 5219 2007 5273 Non
2044 5213 2192 5270 enim
2235 5224 2360 5265 cum
2389 5208 2495 5263 illis
2526 5207 2672 5264 Deus
2709 5210 2777 5264 ab
2808 5209 2918 5263 illis
2977 5208 3283 5268 abhorrens
3343 5199 3725 5261 confabulari

425 5317 558 5373 vult.

2612 5401 2745 5456 NH'.
2769 5430 2839 5442 -—
2877 5398 2962 5466 Τῷ
2981 5399 3162 5464 αὐτῷ.

495 5498 554 5555 Si
607 5505 726 5568 post
782 5497 976 5566 ingens
1035 5495 1291 5567 gaudium
1332 5496 1510 5552 tristia
1567 5495 1724 5551 vobis
1756 5495 2003 5566 contige-

2173 5493 2236 5546 Et
2267 5493 2332 5544 ὲκ
2389 5490 2592 5560 πολλῆς
2642 5489 2925 5561 χαρμονῆς
2966 5486 3189 5558 λυπηρά
3235 5487 3363 5557 ὗμῖνν
3425 5487 3723 5563 ἐπῆλθεν.

423 5598 576 5655 runt,
615 5589 829 5646 contide
861 5589 1091 5643 omnino
1118 5629 1136 5656 ,
1161 5596 1216 5642 ct
1247 5588 1527 5658 ingentem
1553 5589 1696 5643 hanc
1716 5585 2002 5641 tristitiam

2115 5581 2476 5655 προσδόκησον
2512 5581 2752 5646 πάντως,
2782 5581 2865 5634 ὅτι
2895 5580 2994 5650 τὴν
3027 5577 3228 5650 πολλὴν
3254 5575 3432 5650 λύπην
3454 5579 3553 5645 είς
3585 5591 3727 5653 “si-

908 5389 912 5393 ’
954 5403 1134 5459 Lvm.
1165 5435 1236 5444 —
1265 5403 1477 5461 Eidem.
1559 5439 1564 5442 -

509 5775 552 5807 ⁸³
582 5772 685 5829 Isa.
719 5786 758 5837 ι,
784 5771 835 5828 5.
913 5771 958 5802 δ’
996 5769 1130 5823 ibid.
1173 5769 1228 5822 7.
1270 5769 1315 5801 ⁸³
1343 5767 1446 5825 Isa.
1499 5783 1609 5834 Lix,
1645 5767 1696 5825 τ,
1771 5767 1818 5798 ⁸⁸
1845 5763 1993 5822 Psal.

2115 5780 2138 5821 ἰ.
2184 5763 2270 5819 I5.
2347 5763 2392 5795 ⁵⁸
2420 5762 2520 5817 Isa.
2557 5777 2589 5828 ι,
2639 5760 2692 5814 5.
2768 5762 2813 5791 ’δ
2842 5758 2972 5816 ibid.
3002 5761 3052 5811 7.
