  <div class='ocr_page' id='page_1' title='image "/cluster/home/n/w/nwhite01/storage/ocr_20150623/79/mdp.39015051890492/063.png"; bbox 0 0 3984 6150; ppageno 0'>
   <div class='ocr_carea' id='block_1_1' title="bbox 369 330 461 396">
    <p class='ocr_par' dir='ltr' id='par_1_1' title="bbox 369 330 461 396">
     <span class='ocr_line' id='line_1_1' title="bbox 369 330 461 396; baseline 0 0"><span class='ocrx_word' id='word_1_1' title='bbox 369 330 461 396; x_wconf 88' lang='lat'><strong>111</strong></span> 
     </span>
    </p>
   </div>
   <div class='ocr_carea' id='block_1_2' title="bbox 1852 344 2120 407">
    <p class='ocr_par' dir='ltr' id='par_1_2' title="bbox 1852 344 2120 407">
     <span class='ocr_line' id='line_1_2' title="bbox 1852 344 2120 407; baseline 0.015 -4"><span class='ocrx_word' id='word_1_2' title='bbox 1852 345 1913 405; x_wconf 88' lang='lat' dir='ltr'><strong>S.</strong></span> <span class='ocrx_word' id='word_1_3' title='bbox 1958 344 2120 407; x_wconf 76' lang='grc' dir='ltr'><strong>ΝΙιί</strong></span> 
     </span>
    </p>
   </div>
   <div class='ocr_carea' id='block_1_3' title="bbox 3516 352 3617 422">
    <p class='ocr_par' dir='ltr' id='par_1_3' title="bbox 3516 352 3617 422">
     <span class='ocr_line' id='line_1_3' title="bbox 3516 352 3617 422; baseline 0.03 -3"><span class='ocrx_word' id='word_1_4' title='bbox 3516 352 3617 422; x_wconf 67' lang='lat' dir='ltr'><strong>il!</strong></span> 
     </span>
    </p>
   </div>
   <div class='ocr_carea' id='block_1_4' title="bbox 368 441 1924 544">
    <p class='ocr_par' dir='ltr' id='par_1_4' title="bbox 368 441 1924 516">
     <span class='ocr_line' id='line_1_4' title="bbox 368 441 1924 516; baseline 0.007 -21"><span class='ocrx_word' id='word_1_5' title='bbox 368 441 570 500; x_wconf 85' lang='lat' dir='ltr'><strong>tabulis</strong></span> <span class='ocrx_word' id='word_1_6' title='bbox 595 443 847 515; x_wconf 75' lang='lat' dir='ltr'><strong>lapideis,</strong></span> <span class='ocrx_word' id='word_1_7' title='bbox 874 445 969 500; x_wconf 90' lang='lat' dir='ltr'><strong>sed</strong></span> <span class='ocrx_word' id='word_1_8' title='bbox 1004 446 1059 500; x_wconf 92' lang='lat' dir='ltr'><strong>in</strong></span> <span class='ocrx_word' id='word_1_9' title='bbox 1094 445 1304 501; x_wconf 84' lang='lat' dir='ltr'><strong>tabulis</strong></span> <span class='ocrx_word' id='word_1_10' title='bbox 1328 447 1515 505; x_wconf 82' lang='lat' dir='ltr'><strong>cordis</strong></span> <span class='ocrx_word' id='word_1_11' title='bbox 1539 450 1785 516; x_wconf 85' lang='lat' dir='ltr'><strong>carneis,</strong></span> <span class='ocrx_word' id='word_1_12' title='bbox 1825 467 1924 506; x_wconf 82' lang='lat' dir='ltr'><strong>non</strong></span> 
     </span>
    </p>
   </div>
   <div class='ocr_carea' id='block_1_5' title="bbox 2034 441 3660 544">
    <p class='ocr_par' dir='ltr' id='par_1_5' title="bbox 2038 461 3660 544">
     <span class='ocr_line' id='line_1_5' title="bbox 2038 461 3660 544; baseline 0.006 -31"><span class='ocrx_word' id='word_1_13' title='bbox 2038 461 2333 532; x_wconf 82' lang='grc' dir='ltr'>γραμμένη</span> <span class='ocrx_word' id='word_1_14' title='bbox 2362 462 2461 515; x_wconf 81' lang='grc' dir='ltr'>οὐκ</span> <span class='ocrx_word' id='word_1_15' title='bbox 2490 463 2550 515; x_wconf 83' lang='grc' dir='ltr'>ἐν</span> <span class='ocrx_word' id='word_1_16' title='bbox 2582 462 2744 531; x_wconf 76' lang='grc' dir='ltr'>πλαξὶ</span> <span class='ocrx_word' id='word_1_17' title='bbox 2782 462 3033 526; x_wconf 83' lang='grc' dir='ltr'>λιθίναις,</span> <span class='ocrx_word' id='word_1_18' title='bbox 3062 462 3177 517; x_wconf 76' lang='grc' dir='ltr'>ἀλλ’</span> <span class='ocrx_word' id='word_1_19' title='bbox 3202 464 3257 517; x_wconf 86' lang='grc' dir='ltr'>ἐν</span> <span class='ocrx_word' id='word_1_20' title='bbox 3291 464 3456 531; x_wconf 74' lang='grc' dir='ltr'>πλαξὶ</span> <span class='ocrx_word' id='word_1_21' title='bbox 3481 484 3622 539; x_wconf 81' lang='grc' dir='ltr'>καρ-</span> <span class='ocrx_word' id='word_1_22' title='bbox 3649 531 3660 544; x_wconf 41' lang='lat'><em>.</em></span> 
     </span>
    </p>
   </div>
   <div class='ocr_carea' id='block_1_6' title="bbox 367 534 1935 604">
    <p class='ocr_par' dir='ltr' id='par_1_6' title="bbox 367 534 1935 604">
     <span class='ocr_line' id='line_1_6' title="bbox 367 534 1935 604; baseline 0.007 -20"><span class='ocrx_word' id='word_1_23' title='bbox 367 541 694 603; x_wconf 84' lang='lat' dir='ltr'><strong>atramento,</strong></span> <span class='ocrx_word' id='word_1_24' title='bbox 727 535 820 590; x_wconf 88' lang='lat' dir='ltr'><strong>sed</strong></span> <span class='ocrx_word' id='word_1_25' title='bbox 851 534 1056 604; x_wconf 91' lang='lat' dir='ltr'><strong>Spiritu</strong></span> <span class='ocrx_word' id='word_1_26' title='bbox 1091 534 1183 592; x_wconf 97' lang='lat' dir='ltr'><strong>Dei</strong></span> <span class='ocrx_word' id='word_1_27' title='bbox 1214 536 1345 592; x_wconf 81' lang='lat' dir='ltr'><strong>vivi.</strong></span> <span class='ocrx_word' id='word_1_28' title='bbox 1373 536 1485 594; x_wconf 81' lang='lat' dir='ltr'><strong>Vos</strong></span> <span class='ocrx_word' id='word_1_29' title='bbox 1508 540 1653 595; x_wconf 88' lang='lat' dir='ltr'><strong>enim</strong></span> <span class='ocrx_word' id='word_1_30' title='bbox 1686 542 1935 597; x_wconf 81' lang='lat' dir='ltr'><strong>Ostendi-</strong></span> 
     </span>
    </p>
   </div>
   <div class='ocr_carea' id='block_1_7' title="bbox 366 626 1540 698">
    <p class='ocr_par' dir='ltr' id='par_1_7' title="bbox 366 626 1540 698">
     <span class='ocr_line' id='line_1_7' title="bbox 366 626 1540 698; baseline 0.004 -20"><span class='ocrx_word' id='word_1_31' title='bbox 366 626 436 682; x_wconf 87' lang='lat' dir='ltr'><strong>tis</strong></span> <span class='ocrx_word' id='word_1_32' title='bbox 463 641 602 698; x_wconf 90' lang='lat' dir='ltr'><strong>opus</strong></span> <span class='ocrx_word' id='word_1_33' title='bbox 631 627 763 697; x_wconf 77' lang='lat' dir='ltr'><strong>legis</strong></span> <span class='ocrx_word' id='word_1_34' title='bbox 791 627 847 681; x_wconf 94' lang='lat' dir='ltr'><strong>in</strong></span> <span class='ocrx_word' id='word_1_35' title='bbox 880 627 1144 684; x_wconf 83' lang='lat' dir='ltr'><strong>cordibus</strong></span> <span class='ocrx_word' id='word_1_36' title='bbox 1181 629 1382 686; x_wconf 75' lang='lat' dir='ltr'><strong>vestris</strong></span> <span class='ocrx_word' id='word_1_37' title='bbox 1411 630 1477 683; x_wconf 76' lang='lat'><strong>&quot;.</strong></span> <span class='ocrx_word' id='word_1_38' title='bbox 1521 650 1540 683; x_wconf 76' lang='grc' dir='ltr'><strong>ι</strong></span> 
     </span>
    </p>
   </div>
   <div class='ocr_carea' id='block_1_8' title="bbox 886 822 1408 881">
    <p class='ocr_par' dir='ltr' id='par_1_8' title="bbox 886 822 1408 881">
     <span class='ocr_line' id='line_1_8' title="bbox 886 822 1408 881; baseline 0.004 -3"><span class='ocrx_word' id='word_1_39' title='bbox 886 822 1071 880; x_wconf 74' lang='lat' dir='ltr'><strong>LXVI.</strong></span> <span class='ocrx_word' id='word_1_40' title='bbox 1099 854 1169 866; x_wconf 70' lang='grc' dir='ltr'><strong>-ο</strong></span> <span class='ocrx_word' id='word_1_41' title='bbox 1199 824 1408 881; x_wconf 82' lang='lat' dir='ltr'><strong>Eidem.</strong></span> 
     </span>
    </p>
   </div>
   <div class='ocr_carea' id='block_1_9' title="bbox 426 913 1932 987">
    <p class='ocr_par' dir='ltr' id='par_1_9' title="bbox 426 913 1932 987">
     <span class='ocr_line' id='line_1_9' title="bbox 426 913 1932 987; baseline 0.005 -20"><span class='ocrx_word' id='word_1_42' title='bbox 426 913 545 968; x_wconf 83' lang='lat' dir='ltr'><strong>Non</strong></span> <span class='ocrx_word' id='word_1_43' title='bbox 581 915 751 969; x_wconf 86' lang='lat' dir='ltr'><strong>mullo</strong></span> <span class='ocrx_word' id='word_1_44' title='bbox 780 915 985 986; x_wconf 80' lang='lat' dir='ltr'><strong>indiget</strong></span> <span class='ocrx_word' id='word_1_45' title='bbox 1020 924 1266 987; x_wconf 84' lang='lat' dir='ltr'><strong>tempore</strong></span> <span class='ocrx_word' id='word_1_46' title='bbox 1293 931 1460 973; x_wconf 82' lang='lat' dir='ltr'><strong>verus</strong></span> <span class='ocrx_word' id='word_1_47' title='bbox 1500 916 1663 974; x_wconf 78' lang='lat' dir='ltr'><strong>Iesus</strong></span> <span class='ocrx_word' id='word_1_48' title='bbox 1696 918 1763 973; x_wconf 85' lang='lat' dir='ltr'><strong>ad</strong></span> <span class='ocrx_word' id='word_1_49' title='bbox 1796 920 1932 975; x_wconf 91' lang='lat' dir='ltr'><strong>scri-</strong></span> 
     </span>
    </p>
   </div>
   <div class='ocr_carea' id='block_1_10' title="bbox 359 1003 1931 1079">
    <p class='ocr_par' dir='ltr' id='par_1_10' title="bbox 359 1003 1931 1079">
     <span class='ocr_line' id='line_1_10' title="bbox 359 1003 1931 1079; baseline 0.006 -23"><span class='ocrx_word' id='word_1_50' title='bbox 359 1004 591 1057; x_wconf 83' lang='lat' dir='ltr'><strong>bendum</strong></span> <span class='ocrx_word' id='word_1_51' title='bbox 619 1003 1101 1060; x_wconf 86' lang='lat' dir='ltr'><strong>Deuteronomium</strong></span> <span class='ocrx_word' id='word_1_52' title='bbox 1136 1008 1191 1061; x_wconf 92' lang='lat' dir='ltr'><strong>in</strong></span> <span class='ocrx_word' id='word_1_53' title='bbox 1229 1023 1325 1063; x_wconf 91' lang='lat' dir='ltr'><strong>cor</strong></span> <span class='ocrx_word' id='word_1_54' title='bbox 1353 1007 1557 1079; x_wconf 90' lang='lat' dir='ltr'><strong>pietate</strong></span> <span class='ocrx_word' id='word_1_55' title='bbox 1596 1008 1931 1079; x_wconf 84' lang='lat' dir='ltr'><strong>integrorum</strong></span> 
     </span>
    </p>
   </div>
   <div class='ocr_carea' id='block_1_11' title="bbox 361 1092 1933 1170">
    <p class='ocr_par' dir='ltr' id='par_1_11' title="bbox 361 1092 1933 1170">
     <span class='ocr_line' id='line_1_11' title="bbox 361 1092 1933 1170; baseline 0.005 -23"><span class='ocrx_word' id='word_1_56' title='bbox 361 1092 622 1162; x_wconf 81' lang='lat' dir='ltr'><strong>lapidum.</strong></span> <span class='ocrx_word' id='word_1_57' title='bbox 685 1092 884 1148; x_wconf 91' lang='lat' dir='ltr'><strong>Statim</strong></span> <span class='ocrx_word' id='word_1_58' title='bbox 925 1097 1072 1150; x_wconf 89' lang='lat' dir='ltr'><strong>enim</strong></span> <span class='ocrx_word' id='word_1_59' title='bbox 1124 1108 1291 1167; x_wconf 89' lang='lat' dir='ltr'><strong>atque</strong></span> <span class='ocrx_word' id='word_1_60' title='bbox 1327 1098 1643 1169; x_wconf 65' lang='lat' dir='ltr'><strong>prmdicatio</strong></span> <span class='ocrx_word' id='word_1_61' title='bbox 1681 1110 1933 1170; x_wconf 85' lang='lat' dir='ltr'><strong>suscepta</strong></span> 
     </span>
    </p>
   </div>
   <div class='ocr_carea' id='block_1_12' title="bbox 356 1183 1934 1258">
    <p class='ocr_par' dir='ltr' id='par_1_12' title="bbox 356 1183 1934 1258">
     <span class='ocr_line' id='line_1_12' title="bbox 356 1183 1934 1258; baseline 0.006 -20"><span class='ocrx_word' id='word_1_62' title='bbox 356 1191 438 1238; x_wconf 81' lang='lat' dir='ltr'><strong>est</strong></span> <span class='ocrx_word' id='word_1_63' title='bbox 461 1225 475 1246; x_wconf 88' lang='lat'><strong>,</strong></span> <span class='ocrx_word' id='word_1_64' title='bbox 507 1184 648 1237; x_wconf 83' lang='lat' dir='ltr'><strong>nihil</strong></span> <span class='ocrx_word' id='word_1_65' title='bbox 681 1184 830 1238; x_wconf 81' lang='lat' dir='ltr'><strong>aliud</strong></span> <span class='ocrx_word' id='word_1_66' title='bbox 858 1183 1150 1240; x_wconf 88' lang='lat' dir='ltr'><strong>dicendum</strong></span> <span class='ocrx_word' id='word_1_67' title='bbox 1182 1198 1267 1242; x_wconf 84' lang='lat' dir='ltr'><strong>est</strong></span> <span class='ocrx_word' id='word_1_68' title='bbox 1290 1228 1304 1252; x_wconf 93' lang='lat'><strong>,</strong></span> <span class='ocrx_word' id='word_1_69' title='bbox 1334 1203 1501 1257; x_wconf 81' lang='lat' dir='ltr'><strong>quant</strong></span> <span class='ocrx_word' id='word_1_70' title='bbox 1533 1197 1587 1243; x_wconf 91' lang='lat' dir='ltr'><strong>te</strong></span> <span class='ocrx_word' id='word_1_71' title='bbox 1619 1198 1934 1258; x_wconf 83' lang='lat' dir='ltr'><strong>asportasse</strong></span> 
     </span>
    </p>
   </div>
   <div class='ocr_carea' id='block_1_13' title="bbox 355 1275 1932 1351">
    <p class='ocr_par' dir='ltr' id='par_1_13' title="bbox 355 1275 1932 1351">
     <span class='ocr_line' id='line_1_13' title="bbox 355 1275 1932 1351; baseline 0.004 -22"><span class='ocrx_word' id='word_1_72' title='bbox 355 1277 413 1330; x_wconf 90' lang='lat' dir='ltr'><strong>in</strong></span> <span class='ocrx_word' id='word_1_73' title='bbox 462 1275 732 1330; x_wconf 82' lang='lat' dir='ltr'><strong>interiora</strong></span> <span class='ocrx_word' id='word_1_74' title='bbox 775 1277 1065 1346; x_wconf 77' lang='lat' dir='ltr'><strong>pugillaria</strong></span> <span class='ocrx_word' id='word_1_75' title='bbox 1098 1278 1270 1349; x_wconf 79' lang='lat' dir='ltr'><strong>legem</strong></span> <span class='ocrx_word' id='word_1_76' title='bbox 1307 1279 1501 1350; x_wconf 73' lang='lat' dir='ltr'><strong>gratia:</strong></span> <span class='ocrx_word' id='word_1_77' title='bbox 1546 1281 1770 1334; x_wconf 86' lang='lat' dir='ltr'><strong>minime</strong></span> <span class='ocrx_word' id='word_1_78' title='bbox 1807 1297 1932 1351; x_wconf 80' lang='lat' dir='ltr'><strong>gra-</strong></span> 
     </span>
    </p>
   </div>
   <div class='ocr_carea' id='block_1_14' title="bbox 355 1368 1929 1439">
    <p class='ocr_par' dir='ltr' id='par_1_14' title="bbox 355 1368 1929 1439">
     <span class='ocr_line' id='line_1_14' title="bbox 355 1368 1929 1439; baseline 0.006 -20"><span class='ocrx_word' id='word_1_79' title='bbox 355 1383 511 1431; x_wconf 80' lang='lat' dir='ltr'><strong>vem,</strong></span> <span class='ocrx_word' id='word_1_80' title='bbox 550 1377 605 1422; x_wconf 92' lang='lat' dir='ltr'><strong>et</strong></span> <span class='ocrx_word' id='word_1_81' title='bbox 631 1368 987 1439; x_wconf 84' lang='lat' dir='ltr'><strong>concupitum</strong></span> <span class='ocrx_word' id='word_1_82' title='bbox 1037 1370 1091 1422; x_wconf 90' lang='lat' dir='ltr'><strong>in</strong></span> <span class='ocrx_word' id='word_1_83' title='bbox 1122 1379 1424 1439; x_wconf 82' lang='lat' dir='ltr'><strong>conspectu</strong></span> <span class='ocrx_word' id='word_1_84' title='bbox 1456 1371 1694 1425; x_wconf 83' lang='lat' dir='ltr'><strong>ﬁliorum</strong></span> <span class='ocrx_word' id='word_1_85' title='bbox 1729 1372 1929 1439; x_wconf 87' lang='lat' dir='ltr'><strong>Israel,</strong></span> 
     </span>
    </p>
   </div>
   <div class='ocr_carea' id='block_1_15' title="bbox 354 1459 1931 1532">
    <p class='ocr_par' dir='ltr' id='par_1_15' title="bbox 354 1459 1931 1532">
     <span class='ocr_line' id='line_1_15' title="bbox 354 1459 1931 1532; baseline 0.004 -20"><span class='ocrx_word' id='word_1_86' title='bbox 354 1459 666 1513; x_wconf 81' lang='lat' dir='ltr'><strong>divinarum</strong></span> <span class='ocrx_word' id='word_1_87' title='bbox 696 1474 889 1529; x_wconf 86' lang='lat' dir='ltr'><strong>nempe</strong></span> <span class='ocrx_word' id='word_1_88' title='bbox 912 1468 975 1515; x_wconf 82' lang='lat' dir='ltr'><strong>et</strong></span> <span class='ocrx_word' id='word_1_89' title='bbox 1025 1460 1472 1532; x_wconf 77' lang='lat' dir='ltr'><strong>incorporearum</strong></span> <span class='ocrx_word' id='word_1_90' title='bbox 1498 1471 1850 1531; x_wconf 74' lang='lat' dir='ltr'><strong>potestatum,</strong></span> <span class='ocrx_word' id='word_1_91' title='bbox 1876 1467 1931 1519; x_wconf 90' lang='lat' dir='ltr'><strong>in</strong></span> 
     </span>
    </p>
   </div>
   <div class='ocr_carea' id='block_1_16' title="bbox 355 1553 1931 1623">
    <p class='ocr_par' dir='ltr' id='par_1_16' title="bbox 355 1553 1931 1623">
     <span class='ocr_line' id='line_1_16' title="bbox 355 1553 1931 1623; baseline 0.003 -18"><span class='ocrx_word' id='word_1_92' title='bbox 355 1553 567 1623; x_wconf 89' lang='lat' dir='ltr'><strong>lapides</strong></span> <span class='ocrx_word' id='word_1_93' title='bbox 600 1568 706 1607; x_wconf 91' lang='lat' dir='ltr'><strong>non</strong></span> <span class='ocrx_word' id='word_1_94' title='bbox 740 1554 884 1606; x_wconf 87' lang='lat' dir='ltr'><strong>ultra</strong></span> <span class='ocrx_word' id='word_1_95' title='bbox 926 1553 1246 1609; x_wconf 83' lang='lat' dir='ltr'><strong>inﬁdelitate</strong></span> <span class='ocrx_word' id='word_1_96' title='bbox 1281 1554 1636 1622; x_wconf 85' lang='lat' dir='ltr'><strong>mutilandos,</strong></span> <span class='ocrx_word' id='word_1_97' title='bbox 1671 1564 1766 1609; x_wconf 91' lang='lat' dir='ltr'><strong>aut</strong></span> <span class='ocrx_word' id='word_1_98' title='bbox 1797 1571 1931 1610; x_wconf 89' lang='lat' dir='ltr'><strong>con-</strong></span> 
     </span>
    </p>
   </div>
   <div class='ocr_carea' id='block_1_17' title="bbox 353 1643 1929 1715">
    <p class='ocr_par' dir='ltr' id='par_1_17' title="bbox 353 1643 1929 1715">
     <span class='ocr_line' id='line_1_17' title="bbox 353 1643 1929 1715; baseline 0.002 -19"><span class='ocrx_word' id='word_1_99' title='bbox 353 1643 671 1713; x_wconf 74' lang='lat' dir='ltr'><strong>fringendos</strong></span> <span class='ocrx_word' id='word_1_100' title='bbox 696 1684 709 1708; x_wconf 89' lang='lat'><strong>,</strong></span> <span class='ocrx_word' id='word_1_101' title='bbox 743 1644 836 1699; x_wconf 89' lang='lat' dir='ltr'><strong>sed</strong></span> <span class='ocrx_word' id='word_1_102' title='bbox 863 1643 1095 1699; x_wconf 86' lang='lat' dir='ltr'><strong>auribus</strong></span> <span class='ocrx_word' id='word_1_103' title='bbox 1120 1685 1134 1709; x_wconf 92' lang='lat'><strong>,</strong></span> <span class='ocrx_word' id='word_1_104' title='bbox 1167 1653 1222 1699; x_wconf 88' lang='lat' dir='ltr'><strong>et</strong></span> <span class='ocrx_word' id='word_1_105' title='bbox 1253 1645 1435 1698; x_wconf 85' lang='lat' dir='ltr'><strong>animo</strong></span> <span class='ocrx_word' id='word_1_106' title='bbox 1466 1645 1728 1715; x_wconf 77' lang='lat' dir='ltr'><strong>integros.</strong></span> <span class='ocrx_word' id='word_1_107' title='bbox 1768 1665 1786 1697; x_wconf 80' lang='grc' dir='ltr'><strong>ι</strong></span> <span class='ocrx_word' id='word_1_108' title='bbox 1824 1645 1929 1712; x_wconf 86' lang='lat' dir='ltr'><strong>Qui</strong></span> 
     </span>
    </p>
   </div>
   <div class='ocr_carea' id='block_1_18' title="bbox 355 1735 1925 1804">
    <p class='ocr_par' dir='ltr' id='par_1_18' title="bbox 355 1735 1925 1804">
     <span class='ocr_line' id='line_1_18' title="bbox 355 1735 1925 1804; baseline 0.002 -16"><span class='ocrx_word' id='word_1_109' title='bbox 355 1735 500 1788; x_wconf 89' lang='lat' dir='ltr'><strong>enim</strong></span> <span class='ocrx_word' id='word_1_110' title='bbox 526 1774 542 1800; x_wconf 91' lang='lat'><strong>,</strong></span> <span class='ocrx_word' id='word_1_111' title='bbox 583 1737 704 1798; x_wconf 89' lang='lat' dir='ltr'><strong>ait,</strong></span> <span class='ocrx_word' id='word_1_112' title='bbox 738 1735 1086 1790; x_wconf 76' lang='lat' dir='ltr'><strong>babetaurcs</strong></span> <span class='ocrx_word' id='word_1_113' title='bbox 1118 1735 1440 1790; x_wconf 82' lang='lat' dir='ltr'><strong>audiendi“</strong></span> <span class='ocrx_word' id='word_1_114' title='bbox 1492 1736 1620 1804; x_wconf 84' lang='lat' dir='ltr'><strong>(ﬁde</strong></span> <span class='ocrx_word' id='word_1_115' title='bbox 1668 1744 1722 1791; x_wconf 85' lang='lat' dir='ltr'><strong>et</strong></span> <span class='ocrx_word' id='word_1_116' title='bbox 1765 1738 1925 1792; x_wconf 84' lang='lat' dir='ltr'><strong>indu-</strong></span> 
     </span>
    </p>
   </div>
   <div class='ocr_carea' id='block_1_19' title="bbox 352 1826 1080 1892">
    <p class='ocr_par' dir='ltr' id='par_1_19' title="bbox 352 1826 1080 1892">
     <span class='ocr_line' id='line_1_19' title="bbox 352 1826 1080 1892; baseline -0.003 -12"><span class='ocrx_word' id='word_1_117' title='bbox 352 1829 451 1881; x_wconf 86' lang='lat' dir='ltr'><strong>stri</strong></span> <span class='ocrx_word' id='word_1_118' title='bbox 490 1826 739 1892; x_wconf 77' lang='lat' dir='ltr'><strong>solertia)</strong></span> <span class='ocrx_word' id='word_1_119' title='bbox 763 1826 1013 1890; x_wconf 80' lang='lat' dir='ltr'><strong>,audiat.</strong></span> <span class='ocrx_word' id='word_1_120' title='bbox 1061 1846 1080 1878; x_wconf 73' lang='grc' dir='ltr'><strong>ι</strong></span> 
     </span>
    </p>
   </div>
   <div class='ocr_carea' id='block_1_20' title="bbox 372 1916 1897 1975">
    <p class='ocr_par' dir='ltr' id='par_1_20' title="bbox 372 1916 1897 1975">
     <span class='ocr_line' id='line_1_20' title="bbox 372 1916 1897 1975; baseline 0.003 -4"><span class='ocrx_word' id='word_1_121' title='bbox 372 1916 581 1972; x_wconf 75' lang='lat' dir='ltr'><strong>LXVII.</strong></span> <span class='ocrx_word' id='word_1_122' title='bbox 624 1945 681 1957; x_wconf 89' lang='lat'>—</span> <span class='ocrx_word' id='word_1_123' title='bbox 711 1916 1056 1973; x_wconf 66' lang='lat' dir='ltr'><strong>IlliRACLlO</strong></span> <span class='ocrx_word' id='word_1_124' title='bbox 1097 1916 1529 1974; x_wconf 76' lang='lat' dir='ltr'><strong>SUBDIACONO</strong></span> <span class='ocrx_word' id='word_1_125' title='bbox 1567 1917 1897 1975; x_wconf 79' lang='lat' dir='ltr'><strong>AURIFICI.</strong></span> 
     </span>
    </p>
   </div>
   <div class='ocr_carea' id='block_1_21' title="bbox 421 2009 1932 2085">
    <p class='ocr_par' dir='ltr' id='par_1_21' title="bbox 421 2009 1932 2085">
     <span class='ocr_line' id='line_1_21' title="bbox 421 2009 1932 2085; baseline 0.004 -21"><span class='ocrx_word' id='word_1_126' title='bbox 421 2009 899 2076; x_wconf 87' lang='lat' dir='ltr'><strong>Quemadmodum</strong></span> <span class='ocrx_word' id='word_1_127' title='bbox 952 2026 1257 2081; x_wconf 82' lang='lat' dir='ltr'><strong>generosus</strong></span> <span class='ocrx_word' id='word_1_128' title='bbox 1303 2013 1462 2068; x_wconf 90' lang='lat' dir='ltr'><strong>miles</strong></span> <span class='ocrx_word' id='word_1_129' title='bbox 1510 2028 1611 2081; x_wconf 90' lang='lat' dir='ltr'><strong>pro</strong></span> <span class='ocrx_word' id='word_1_130' title='bbox 1662 2029 1790 2083; x_wconf 76' lang='lat' dir='ltr'><strong>rege</strong></span> <span class='ocrx_word' id='word_1_131' title='bbox 1831 2030 1932 2085; x_wconf 86' lang='lat' dir='ltr'><strong>pu-</strong></span> 
     </span>
    </p>
   </div>
   <div class='ocr_carea' id='block_1_22' title="bbox 351 2101 1928 2170">
    <p class='ocr_par' dir='ltr' id='par_1_22' title="bbox 351 2101 1928 2170">
     <span class='ocr_line' id='line_1_22' title="bbox 351 2101 1928 2170; baseline 0.004 -16"><span class='ocrx_word' id='word_1_132' title='bbox 351 2116 513 2170; x_wconf 77' lang='lat' dir='ltr'><strong>gnam</strong></span> <span class='ocrx_word' id='word_1_133' title='bbox 568 2102 770 2166; x_wconf 86' lang='lat' dir='ltr'><strong>iniens,</strong></span> <span class='ocrx_word' id='word_1_134' title='bbox 807 2101 855 2155; x_wconf 92' lang='lat' dir='ltr'><strong>si</strong></span> <span class='ocrx_word' id='word_1_135' title='bbox 901 2102 1025 2156; x_wconf 89' lang='lat' dir='ltr'><strong>telis</strong></span> <span class='ocrx_word' id='word_1_136' title='bbox 1054 2103 1198 2156; x_wconf 82' lang='lat' dir='ltr'><strong>ictus</strong></span> <span class='ocrx_word' id='word_1_137' title='bbox 1228 2104 1296 2156; x_wconf 91' lang='lat' dir='ltr'><strong>ab</strong></span> <span class='ocrx_word' id='word_1_138' title='bbox 1334 2104 1668 2158; x_wconf 76' lang='lat' dir='ltr'><strong>adversariis</strong></span> <span class='ocrx_word' id='word_1_139' title='bbox 1706 2105 1928 2161; x_wconf 86' lang='lat' dir='ltr'><strong>dolores</strong></span> 
     </span>
    </p>
   </div>
   <div class='ocr_carea' id='block_1_23' title="bbox 348 2192 1926 2263">
    <p class='ocr_par' dir='ltr' id='par_1_23' title="bbox 348 2192 1926 2263">
     <span class='ocr_line' id='line_1_23' title="bbox 348 2192 1926 2263; baseline 0.002 -16"><span class='ocrx_word' id='word_1_140' title='bbox 348 2193 713 2256; x_wconf 86' lang='lat' dir='ltr'><strong>sustinuerit,</strong></span> <span class='ocrx_word' id='word_1_141' title='bbox 769 2208 871 2247; x_wconf 88' lang='lat' dir='ltr'><strong>nec</strong></span> <span class='ocrx_word' id='word_1_142' title='bbox 921 2192 1280 2263; x_wconf 89' lang='lat' dir='ltr'><strong>desponderit</strong></span> <span class='ocrx_word' id='word_1_143' title='bbox 1333 2194 1613 2258; x_wconf 84' lang='lat' dir='ltr'><strong>animum,</strong></span> <span class='ocrx_word' id='word_1_144' title='bbox 1665 2205 1926 2261; x_wconf 89' lang='lat' dir='ltr'><strong>curatus,</strong></span> 
     </span>
    </p>
   </div>
   <div class='ocr_carea' id='block_1_24' title="bbox 346 2282 1929 2353">
    <p class='ocr_par' dir='ltr' id='par_1_24' title="bbox 346 2282 1929 2353">
     <span class='ocr_line' id='line_1_24' title="bbox 346 2282 1929 2353; baseline 0.003 -16"><span class='ocrx_word' id='word_1_145' title='bbox 346 2291 687 2353; x_wconf 74' lang='lat' dir='ltr'><strong>satiatusque</strong></span> <span class='ocrx_word' id='word_1_146' title='bbox 748 2282 1039 2338; x_wconf 86' lang='lat' dir='ltr'><strong>cicatrices</strong></span> <span class='ocrx_word' id='word_1_147' title='bbox 1093 2283 1380 2337; x_wconf 77' lang='lat' dir='ltr'><strong>vulnerum</strong></span> <span class='ocrx_word' id='word_1_148' title='bbox 1453 2283 1510 2337; x_wconf 91' lang='lat' dir='ltr'><strong>in</strong></span> <span class='ocrx_word' id='word_1_149' title='bbox 1584 2283 1929 2341; x_wconf 66' lang='lat' dir='ltr'><strong>reatitudinis</strong></span> 
     </span>
    </p>
   </div>
   <div class='ocr_carea' id='block_1_25' title="bbox 341 2373 1927 2444">
    <p class='ocr_par' dir='ltr' id='par_1_25' title="bbox 341 2373 1927 2444">
     <span class='ocr_line' id='line_1_25' title="bbox 341 2373 1927 2444; baseline 0.003 -17"><span class='ocrx_word' id='word_1_150' title='bbox 341 2374 667 2444; x_wconf 85' lang='lat' dir='ltr'><strong>jactantiam</strong></span> <span class='ocrx_word' id='word_1_151' title='bbox 701 2373 923 2429; x_wconf 79' lang='lat' dir='ltr'><strong>habebit</strong></span> <span class='ocrx_word' id='word_1_152' title='bbox 952 2390 965 2425; x_wconf 90' lang='lat'><strong>:</strong></span> <span class='ocrx_word' id='word_1_153' title='bbox 1008 2388 1079 2428; x_wconf 92' lang='lat' dir='ltr'><strong>eo</strong></span> <span class='ocrx_word' id='word_1_154' title='bbox 1109 2384 1267 2444; x_wconf 86' lang='lat' dir='ltr'><strong>pacto</strong></span> <span class='ocrx_word' id='word_1_155' title='bbox 1297 2383 1353 2429; x_wconf 89' lang='lat' dir='ltr'><strong>et</strong></span> <span class='ocrx_word' id='word_1_156' title='bbox 1382 2375 1475 2444; x_wconf 90' lang='lat' dir='ltr'><strong>qui</strong></span> <span class='ocrx_word' id='word_1_157' title='bbox 1507 2374 1578 2429; x_wconf 90' lang='lat' dir='ltr'><strong>ab</strong></span> <span class='ocrx_word' id='word_1_158' title='bbox 1608 2375 1767 2432; x_wconf 85' lang='lat' dir='ltr'><strong>hoste</strong></span> <span class='ocrx_word' id='word_1_159' title='bbox 1807 2377 1927 2431; x_wconf 85' lang='lat' dir='ltr'><strong>vul-</strong></span> 
     </span>
    </p>
   </div>
   <div class='ocr_carea' id='block_1_26' title="bbox 346 2465 1926 2538">
    <p class='ocr_par' dir='ltr' id='par_1_26' title="bbox 346 2465 1926 2538">
     <span class='ocr_line' id='line_1_26' title="bbox 346 2465 1926 2538; baseline 0.001 -17"><span class='ocrx_word' id='word_1_160' title='bbox 346 2482 452 2522; x_wconf 88' lang='lat' dir='ltr'><strong>nus</strong></span> <span class='ocrx_word' id='word_1_161' title='bbox 482 2475 854 2536; x_wconf 86' lang='lat' dir='ltr'><strong>acceperunt,</strong></span> <span class='ocrx_word' id='word_1_162' title='bbox 884 2465 931 2521; x_wconf 89' lang='lat' dir='ltr'><strong>si</strong></span> <span class='ocrx_word' id='word_1_163' title='bbox 955 2466 1172 2520; x_wconf 84' lang='lat' dir='ltr'><strong>labores</strong></span> <span class='ocrx_word' id='word_1_164' title='bbox 1207 2466 1544 2535; x_wconf 69' lang='lat' dir='ltr'><strong>pmnitenlia:</strong></span> <span class='ocrx_word' id='word_1_165' title='bbox 1569 2482 1677 2521; x_wconf 89' lang='lat' dir='ltr'><strong>non</strong></span> <span class='ocrx_word' id='word_1_166' title='bbox 1740 2469 1926 2538; x_wconf 67' lang='lat' dir='ltr'><strong>negleo</strong></span> 
     </span>
    </p>
   </div>
   <div class='ocr_carea' id='block_1_27' title="bbox 350 2553 1927 2628">
    <p class='ocr_par' dir='ltr' id='par_1_27' title="bbox 350 2553 1927 2628">
     <span class='ocr_line' id='line_1_27' title="bbox 350 2553 1927 2628; baseline 0.001 -17"><span class='ocrx_word' id='word_1_167' title='bbox 350 2557 554 2620; x_wconf 77' lang='lat' dir='ltr'><strong>xerint,</strong></span> <span class='ocrx_word' id='word_1_168' title='bbox 583 2556 795 2626; x_wconf 84' lang='lat' dir='ltr'><strong>absque</strong></span> <span class='ocrx_word' id='word_1_169' title='bbox 819 2553 988 2610; x_wconf 90' lang='lat' dir='ltr'><strong>dubio</strong></span> <span class='ocrx_word' id='word_1_170' title='bbox 1011 2554 1243 2609; x_wconf 77' lang='lat' dir='ltr'><strong>salutent</strong></span> <span class='ocrx_word' id='word_1_171' title='bbox 1271 2556 1552 2611; x_wconf 83' lang='lat' dir='ltr'><strong>consecuti</strong></span> <span class='ocrx_word' id='word_1_172' title='bbox 1585 2556 1638 2611; x_wconf 89' lang='lat' dir='ltr'><strong>in</strong></span> <span class='ocrx_word' id='word_1_173' title='bbox 1659 2556 1747 2612; x_wconf 89' lang='lat' dir='ltr'><strong>die</strong></span> <span class='ocrx_word' id='word_1_174' title='bbox 1775 2558 1927 2628; x_wconf 84' lang='lat' dir='ltr'><strong>judi-</strong></span> 
     </span>
    </p>
   </div>
   <div class='ocr_carea' id='block_1_28' title="bbox 345 2646 1921 2720">
    <p class='ocr_par' dir='ltr' id='par_1_28' title="bbox 345 2646 1921 2720">
     <span class='ocr_line' id='line_1_28' title="bbox 345 2646 1921 2720; baseline 0.004 -18"><span class='ocrx_word' id='word_1_175' title='bbox 345 2650 415 2703; x_wconf 79' lang='lat' dir='ltr'><strong>cii</strong></span> <span class='ocrx_word' id='word_1_176' title='bbox 439 2648 843 2720; x_wconf 80' lang='lat' dir='ltr'><strong>gloriabuntur;</strong></span> <span class='ocrx_word' id='word_1_177' title='bbox 872 2661 1107 2717; x_wconf 85' lang='lat' dir='ltr'><strong>namque</strong></span> <span class='ocrx_word' id='word_1_178' title='bbox 1159 2646 1316 2703; x_wconf 75' lang='lat' dir='ltr'><strong>l‘orlis</strong></span> <span class='ocrx_word' id='word_1_179' title='bbox 1345 2659 1397 2706; x_wconf 85' lang='lat' dir='ltr'><strong>et</strong></span> <span class='ocrx_word' id='word_1_180' title='bbox 1423 2663 1652 2719; x_wconf 77' lang='lat' dir='ltr'><strong>magnus</strong></span> <span class='ocrx_word' id='word_1_181' title='bbox 1680 2651 1921 2716; x_wconf 83' lang='lat' dir='ltr'><strong>animus.</strong></span> 
     </span>
    </p>
   </div>
   <div class='ocr_carea' id='block_1_29' title="bbox 345 2740 1924 2811">
    <p class='ocr_par' dir='ltr' id='par_1_29' title="bbox 345 2740 1924 2811">
     <span class='ocr_line' id='line_1_29' title="bbox 345 2740 1924 2811; baseline 0.001 -15"><span class='ocrx_word' id='word_1_182' title='bbox 345 2744 473 2798; x_wconf 88' lang='lat' dir='ltr'><strong>licet</strong></span> <span class='ocrx_word' id='word_1_183' title='bbox 501 2740 820 2795; x_wconf 81' lang='lat' dir='ltr'><strong>vulneribus</strong></span> <span class='ocrx_word' id='word_1_184' title='bbox 852 2740 1107 2809; x_wconf 86' lang='lat' dir='ltr'><strong>oppletus</strong></span> <span class='ocrx_word' id='word_1_185' title='bbox 1132 2779 1146 2801; x_wconf 90' lang='lat'><strong>,</strong></span> <span class='ocrx_word' id='word_1_186' title='bbox 1176 2755 1431 2811; x_wconf 80' lang='lat' dir='ltr'><strong>pugnans</strong></span> <span class='ocrx_word' id='word_1_187' title='bbox 1462 2755 1695 2811; x_wconf 82' lang='lat' dir='ltr'><strong>corpore</strong></span> <span class='ocrx_word' id='word_1_188' title='bbox 1717 2742 1924 2797; x_wconf 82' lang='lat' dir='ltr'><strong>violato</strong></span> 
     </span>
    </p>
   </div>
   <div class='ocr_carea' id='block_1_30' title="bbox 344 2830 1450 2900">
    <p class='ocr_par' dir='ltr' id='par_1_30' title="bbox 344 2830 1450 2900">
     <span class='ocr_line' id='line_1_30' title="bbox 344 2830 1450 2900; baseline -0.001 -14"><span class='ocrx_word' id='word_1_189' title='bbox 344 2834 667 2887; x_wconf 77' lang='lat' dir='ltr'><strong>vulneribus</strong></span> <span class='ocrx_word' id='word_1_190' title='bbox 706 2847 934 2900; x_wconf 83' lang='lat' dir='ltr'><strong>prorsus</strong></span> <span class='ocrx_word' id='word_1_191' title='bbox 963 2831 1109 2885; x_wconf 82' lang='lat' dir='ltr'><strong>alios.</strong></span> <span class='ocrx_word' id='word_1_192' title='bbox 1130 2830 1450 2885; x_wconf 83' lang='lat' dir='ltr'><strong>debellabit.</strong></span> 
     </span>
    </p>
   </div>
   <div class='ocr_carea' id='block_1_31' title="bbox 501 2920 1779 2994">
    <p class='ocr_par' dir='ltr' id='par_1_31' title="bbox 501 2920 1779 2994">
     <span class='ocr_line' id='line_1_31' title="bbox 501 2920 1779 2994; baseline 0.004 -20"><span class='ocrx_word' id='word_1_193' title='bbox 501 2922 611 2994; x_wconf 78' lang='lat' dir='ltr'><strong>3o</strong></span> <span class='ocrx_word' id='word_1_194' title='bbox 648 2921 881 2978; x_wconf 79' lang='lat' dir='ltr'><strong>LXVIII.</strong></span> <span class='ocrx_word' id='word_1_195' title='bbox 912 2951 982 2964; x_wconf 83' lang='lat'><strong>-—</strong></span> <span class='ocrx_word' id='word_1_196' title='bbox 1012 2920 1412 2978; x_wconf 81' lang='lat' dir='ltr'><strong>APIITIIONIO</strong></span> <span class='ocrx_word' id='word_1_197' title='bbox 1459 2922 1779 2981; x_wconf 82' lang='lat' dir='ltr'><strong>DIACONO.</strong></span> 
     </span>
    </p>
   </div>
   <div class='ocr_carea' id='block_1_32' title="bbox 411 3013 1922 3090">
    <p class='ocr_par' dir='ltr' id='par_1_32' title="bbox 411 3013 1922 3090">
     <span class='ocr_line' id='line_1_32' title="bbox 411 3013 1922 3090; baseline 0.003 -21"><span class='ocrx_word' id='word_1_198' title='bbox 411 3015 740 3085; x_wconf 84' lang='lat' dir='ltr'><strong>Quicunque</strong></span> <span class='ocrx_word' id='word_1_199' title='bbox 771 3013 866 3070; x_wconf 88' lang='lat' dir='ltr'><strong>Dei</strong></span> <span class='ocrx_word' id='word_1_200' title='bbox 913 3029 1101 3071; x_wconf 89' lang='lat' dir='ltr'><strong>amore</strong></span> <span class='ocrx_word' id='word_1_201' title='bbox 1126 3056 1143 3083; x_wconf 90' lang='lat'><strong>,</strong></span> <span class='ocrx_word' id='word_1_202' title='bbox 1195 3024 1251 3071; x_wconf 89' lang='lat' dir='ltr'><strong>et</strong></span> <span class='ocrx_word' id='word_1_203' title='bbox 1291 3013 1750 3074; x_wconf 83' lang='lat' dir='ltr'><strong>benédictionum</strong></span> <span class='ocrx_word' id='word_1_204' title='bbox 1791 3033 1922 3090; x_wconf 77' lang='lat' dir='ltr'><strong>pro~</strong></span> 
     </span>
    </p>
   </div>
   <div class='ocr_carea' id='block_1_33' title="bbox 2035 551 3617 625">
    <p class='ocr_par' dir='ltr' id='par_1_33' title="bbox 2035 551 3617 625">
     <span class='ocr_line' id='line_1_33' title="bbox 2035 551 3617 625; baseline 0.004 -20"><span class='ocrx_word' id='word_1_205' title='bbox 2035 551 2153 615; x_wconf 89' lang='grc' dir='ltr'>δίας</span> <span class='ocrx_word' id='word_1_206' title='bbox 2178 553 2459 624; x_wconf 76' lang='grc' dir='ltr'><strong>σαρκίναις</strong></span> <span class='ocrx_word' id='word_1_207' title='bbox 2478 595 2493 620; x_wconf 87' lang='grc'><strong>,</strong></span> <span class='ocrx_word' id='word_1_208' title='bbox 2532 555 2592 606; x_wconf 79' lang='grc' dir='ltr'>οὐ</span> <span class='ocrx_word' id='word_1_209' title='bbox 2629 555 2838 625; x_wconf 82' lang='grc' dir='ltr'><strong>μέλανι,</strong></span> <span class='ocrx_word' id='word_1_210' title='bbox 2872 554 3008 608; x_wconf 86' lang='grc' dir='ltr'>ἀλλὰ</span> <span class='ocrx_word' id='word_1_211' title='bbox 3038 555 3316 624; x_wconf 85' lang='grc' dir='ltr'>Πνεύματι</span> <span class='ocrx_word' id='word_1_212' title='bbox 3357 556 3452 609; x_wconf 84' lang='grc' dir='ltr'><strong>τοῦ</strong></span> <span class='ocrx_word' id='word_1_213' title='bbox 3479 557 3617 612; x_wconf 86' lang='grc' dir='ltr'>Θεοῦ</span> 
     </span>
    </p>
   </div>
   <div class='ocr_carea' id='block_1_34' title="bbox 2037 643 3617 722">
    <p class='ocr_par' dir='ltr' id='par_1_34' title="bbox 2037 643 3617 722">
     <span class='ocr_line' id='line_1_34' title="bbox 2037 643 3617 722; baseline 0.005 -26"><span class='ocrx_word' id='word_1_214' title='bbox 2037 643 2240 708; x_wconf 76' lang='grc' dir='ltr'>ζῶντος</span> <span class='ocrx_word' id='word_1_215' title='bbox 2259 661 2273 675; x_wconf 87' lang='grc'><strong>·</strong></span> <span class='ocrx_word' id='word_1_216' title='bbox 2306 644 2462 714; x_wconf 84' lang='grc' dir='ltr'><strong>ὑμεῖς</strong></span> <span class='ocrx_word' id='word_1_217' title='bbox 2508 645 2617 716; x_wconf 88' lang='grc' dir='ltr'><strong>γάρ</strong></span> <span class='ocrx_word' id='word_1_218' title='bbox 2655 644 2996 699; x_wconf 83' lang='grc' dir='ltr'>ὲνδείκνυσθε</span> <span class='ocrx_word' id='word_1_219' title='bbox 3026 645 3088 699; x_wconf 82' lang='grc' dir='ltr'>τὸ</span> <span class='ocrx_word' id='word_1_220' title='bbox 3117 645 3279 717; x_wconf 78' lang='grc' dir='ltr'>ἔργον</span> <span class='ocrx_word' id='word_1_221' title='bbox 3326 646 3421 702; x_wconf 87' lang='grc' dir='ltr'><strong>τοῦ</strong></span> <span class='ocrx_word' id='word_1_222' title='bbox 3449 651 3617 722; x_wconf 82' lang='grc' dir='ltr'>νόμου</span> 
     </span>
    </p>
   </div>
   <div class='ocr_carea' id='block_1_35' title="bbox 2035 736 2767 808">
    <p class='ocr_par' dir='ltr' id='par_1_35' title="bbox 2035 736 2767 808">
     <span class='ocr_line' id='line_1_35' title="bbox 2035 736 2767 808; baseline 0.004 -21"><span class='ocrx_word' id='word_1_223' title='bbox 2035 736 2096 790; x_wconf 84' lang='grc' dir='ltr'><strong>ἐν</strong></span> <span class='ocrx_word' id='word_1_224' title='bbox 2115 739 2237 800; x_wconf 82' lang='grc' dir='ltr'>ταῖς</span> <span class='ocrx_word' id='word_1_225' title='bbox 2260 736 2510 808; x_wconf 75' lang='grc' dir='ltr'><strong>καρδίαις</strong></span> <span class='ocrx_word' id='word_1_226' title='bbox 2539 738 2712 808; x_wconf 82' lang='grc' dir='ltr'>ὑμῶν.</span> <span class='ocrx_word' id='word_1_227' title='bbox 2747 756 2767 790; x_wconf 74' lang='grc' dir='ltr'><strong>ι</strong></span> 
     </span>
    </p>
   </div>
   <div class='ocr_carea' id='block_1_36' title="bbox 2542 825 3122 893">
    <p class='ocr_par' dir='ltr' id='par_1_36' title="bbox 2542 825 3122 893">
     <span class='ocr_line' id='line_1_36' title="bbox 2542 825 3122 893; baseline 0.007 -15"><span class='ocrx_word' id='word_1_228' title='bbox 2542 825 2677 893; x_wconf 73' lang='grc' dir='ltr'>Ξςο.</span> <span class='ocrx_word' id='word_1_229' title='bbox 2712 856 2781 867; x_wconf 92' lang='lat'><strong><em>—</em></strong></span> <span class='ocrx_word' id='word_1_230' title='bbox 2819 825 2903 892; x_wconf 81' lang='grc' dir='ltr'><strong>Τῷ</strong></span> <span class='ocrx_word' id='word_1_231' title='bbox 2943 828 3122 893; x_wconf 79' lang='grc' dir='ltr'>αὐτῷ.</span> 
     </span>
    </p>
   </div>
   <div class='ocr_carea' id='block_1_37' title="bbox 2106 917 3619 992">
    <p class='ocr_par' dir='ltr' id='par_1_37' title="bbox 2106 917 3619 992">
     <span class='ocr_line' id='line_1_37' title="bbox 2106 917 3619 992; baseline 0.002 -22"><span class='ocrx_word' id='word_1_232' title='bbox 2106 919 2182 971; x_wconf 64' lang='lat' dir='ltr'><strong>Ub</strong></span> <span class='ocrx_word' id='word_1_233' title='bbox 2215 919 2384 973; x_wconf 82' lang='grc' dir='ltr'>δεῖται</span> <span class='ocrx_word' id='word_1_234' title='bbox 2419 920 2612 990; x_wconf 86' lang='grc' dir='ltr'>χρόνου</span> <span class='ocrx_word' id='word_1_235' title='bbox 2640 917 2883 981; x_wconf 89' lang='grc' dir='ltr'>πλείονος</span> <span class='ocrx_word' id='word_1_236' title='bbox 2911 920 2939 971; x_wconf 86' lang='grc' dir='ltr'>ὁ</span> <span class='ocrx_word' id='word_1_237' title='bbox 2978 917 3181 989; x_wconf 80' lang='grc' dir='ltr'>ἀληθὴς</span> <span class='ocrx_word' id='word_1_238' title='bbox 3224 919 3431 990; x_wconf 77' lang='grc' dir='ltr'>Ἰησοῦς</span> <span class='ocrx_word' id='word_1_239' title='bbox 3479 921 3619 992; x_wconf 67' lang='grc' dir='ltr'>πρὸς</span> 
     </span>
    </p>
   </div>
   <div class='ocr_carea' id='block_1_38' title="bbox 2032 1003 3616 1078">
    <p class='ocr_par' dir='ltr' id='par_1_38' title="bbox 2032 1003 3616 1078">
     <span class='ocr_line' id='line_1_38' title="bbox 2032 1003 3616 1078; baseline 0.006 -23"><span class='ocrx_word' id='word_1_240' title='bbox 2032 1003 2095 1057; x_wconf 80' lang='grc' dir='ltr'>τὸ</span> <span class='ocrx_word' id='word_1_241' title='bbox 2119 1005 2324 1075; x_wconf 77' lang='grc' dir='ltr'>γράψαι</span> <span class='ocrx_word' id='word_1_242' title='bbox 2378 1008 2439 1059; x_wconf 74' lang='grc' dir='ltr'>τὸ</span> <span class='ocrx_word' id='word_1_243' title='bbox 2486 1007 2905 1077; x_wconf 83' lang='grc' dir='ltr'>Δευτερονόμιον</span> <span class='ocrx_word' id='word_1_244' title='bbox 2960 1007 3042 1070; x_wconf 84' lang='grc' dir='ltr'><strong>είς</strong></span> <span class='ocrx_word' id='word_1_245' title='bbox 3078 1007 3177 1078; x_wconf 76' lang='grc' dir='ltr'><strong>τὴν</strong></span> <span class='ocrx_word' id='word_1_246' title='bbox 3234 1009 3463 1078; x_wconf 82' lang='grc' dir='ltr'><strong>καρδίαν</strong></span> <span class='ocrx_word' id='word_1_247' title='bbox 3504 1010 3616 1065; x_wconf 82' lang='grc' dir='ltr'>τῶν</span> 
     </span>
    </p>
   </div>
   <div class='ocr_carea' id='block_1_39' title="bbox 2033 1096 3599 1174">
    <p class='ocr_par' dir='ltr' id='par_1_39' title="bbox 2033 1096 3599 1174">
     <span class='ocr_line' id='line_1_39' title="bbox 2033 1096 3599 1174; baseline 0.005 -26"><span class='ocrx_word' id='word_1_248' title='bbox 2033 1096 2341 1167; x_wconf 70' lang='grc' dir='ltr'><strong>ὁλοκλήρων</strong></span> <span class='ocrx_word' id='word_1_249' title='bbox 2389 1100 2455 1168; x_wconf 78' lang='grc' dir='ltr'><strong>τῇ</strong></span> <span class='ocrx_word' id='word_1_250' title='bbox 2499 1096 2751 1167; x_wconf 76' lang='grc' dir='ltr'><strong>εὐσεϐείᾳ</strong></span> <span class='ocrx_word' id='word_1_251' title='bbox 2773 1097 2956 1151; x_wconf 83' lang='grc' dir='ltr'>λίθων.</span> <span class='ocrx_word' id='word_1_252' title='bbox 2992 1099 3144 1169; x_wconf 82' lang='grc' dir='ltr'>Ἀμα</span> <span class='ocrx_word' id='word_1_253' title='bbox 3179 1098 3289 1169; x_wconf 86' lang='grc' dir='ltr'><strong>γὰρ</strong></span> <span class='ocrx_word' id='word_1_254' title='bbox 3327 1100 3406 1170; x_wconf 79' lang='grc' dir='ltr'><strong>τῷ</strong></span> <span class='ocrx_word' id='word_1_255' title='bbox 3439 1096 3599 1174; x_wconf 52' lang='grc' dir='ltr'>παραγ</span> 
     </span>
    </p>
   </div>
   <div class='ocr_carea' id='block_1_40' title="bbox 2033 1188 3615 1267">
    <p class='ocr_par' dir='ltr' id='par_1_40' title="bbox 2033 1188 3615 1267">
     <span class='ocr_line' id='line_1_40' title="bbox 2033 1188 3615 1267; baseline 0.006 -27"><span class='ocrx_word' id='word_1_256' title='bbox 2033 1188 2286 1252; x_wconf 79' lang='grc' dir='ltr'>δέξασθαί</span> <span class='ocrx_word' id='word_1_257' title='bbox 2320 1206 2380 1242; x_wconf 89' lang='grc' dir='ltr'><strong>σε</strong></span> <span class='ocrx_word' id='word_1_258' title='bbox 2409 1191 2471 1243; x_wconf 85' lang='grc' dir='ltr'>τὸ</span> <span class='ocrx_word' id='word_1_259' title='bbox 2500 1190 2785 1261; x_wconf 82' lang='grc' dir='ltr'>κήρυγμα,</span> <span class='ocrx_word' id='word_1_260' title='bbox 2815 1191 2969 1243; x_wconf 80' lang='grc' dir='ltr'>οὐδὲν</span> <span class='ocrx_word' id='word_1_261' title='bbox 3014 1191 3204 1261; x_wconf 76' lang='grc' dir='ltr'>ἕτερον</span> <span class='ocrx_word' id='word_1_262' title='bbox 3231 1192 3337 1263; x_wconf 82' lang='grc' dir='ltr'>χρὴ</span> <span class='ocrx_word' id='word_1_263' title='bbox 3356 1193 3556 1262; x_wconf 84' lang='grc' dir='ltr'>λέγειν,</span> <span class='ocrx_word' id='word_1_264' title='bbox 3579 1195 3615 1267; x_wconf 76' lang='grc' dir='ltr'>ἢ</span> 
     </span>
    </p>
   </div>
   <div class='ocr_carea' id='block_1_41' title="bbox 2032 1281 3615 1358">
    <p class='ocr_par' dir='ltr' id='par_1_41' title="bbox 2032 1281 3615 1358">
     <span class='ocr_line' id='line_1_41' title="bbox 2032 1281 3615 1358; baseline 0.003 -24"><span class='ocrx_word' id='word_1_265' title='bbox 2032 1281 2115 1334; x_wconf 80' lang='grc' dir='ltr'>ὅτι</span> <span class='ocrx_word' id='word_1_266' title='bbox 2158 1281 2402 1350; x_wconf 84' lang='grc' dir='ltr'>ἐκομίσω</span> <span class='ocrx_word' id='word_1_267' title='bbox 2446 1283 2504 1336; x_wconf 82' lang='grc' dir='ltr'><strong>ἐν</strong></span> <span class='ocrx_word' id='word_1_268' title='bbox 2536 1285 2650 1346; x_wconf 90' lang='grc' dir='ltr'>τοῖς</span> <span class='ocrx_word' id='word_1_269' title='bbox 2700 1282 2847 1335; x_wconf 78' lang='grc' dir='ltr'>ἔνδον</span> <span class='ocrx_word' id='word_1_270' title='bbox 2902 1282 3147 1353; x_wconf 88' lang='grc' dir='ltr'>πτυχίοις</span> <span class='ocrx_word' id='word_1_271' title='bbox 3203 1283 3295 1337; x_wconf 86' lang='grc' dir='ltr'>τὸν</span> <span class='ocrx_word' id='word_1_272' title='bbox 3328 1285 3491 1355; x_wconf 86' lang='grc' dir='ltr'>νόμον</span> <span class='ocrx_word' id='word_1_273' title='bbox 3515 1287 3615 1358; x_wconf 85' lang='grc' dir='ltr'><strong>τῆς</strong></span> 
     </span>
    </p>
   </div>
   <div class='ocr_carea' id='block_1_42' title="bbox 2034 1374 3615 1446">
    <p class='ocr_par' dir='ltr' id='par_1_42' title="bbox 2034 1374 3615 1446">
     <span class='ocr_line' id='line_1_42' title="bbox 2034 1374 3615 1446; baseline 0.003 -19"><span class='ocrx_word' id='word_1_274' title='bbox 2034 1374 2253 1444; x_wconf 81' lang='grc' dir='ltr'>χάριτος</span> <span class='ocrx_word' id='word_1_275' title='bbox 2298 1376 2388 1428; x_wconf 74' lang='grc' dir='ltr'>τὸν</span> <span class='ocrx_word' id='word_1_276' title='bbox 2419 1375 2598 1446; x_wconf 76' lang='grc' dir='ltr'>ἀδαρῆ</span> <span class='ocrx_word' id='word_1_277' title='bbox 2629 1375 2724 1427; x_wconf 81' lang='grc' dir='ltr'>καὶ</span> <span class='ocrx_word' id='word_1_278' title='bbox 2768 1375 3031 1446; x_wconf 85' lang='grc' dir='ltr'>ἐράσμιον</span> <span class='ocrx_word' id='word_1_279' title='bbox 3074 1374 3305 1429; x_wconf 84' lang='grc' dir='ltr'>ἐνώπιον</span> <span class='ocrx_word' id='word_1_280' title='bbox 3336 1377 3446 1430; x_wconf 85' lang='grc' dir='ltr'>τῶν</span> <span class='ocrx_word' id='word_1_281' title='bbox 3483 1378 3615 1432; x_wconf 84' lang='grc' dir='ltr'>υίῶν</span> 
     </span>
    </p>
   </div>
   <div class='ocr_carea' id='block_1_43' title="bbox 2049 1462 3612 1538">
    <p class='ocr_par' dir='ltr' id='par_1_43' title="bbox 2049 1462 3612 1538">
     <span class='ocr_line' id='line_1_43' title="bbox 2049 1462 3612 1538; baseline 0.003 -23"><span class='ocrx_word' id='word_1_282' title='bbox 2049 1462 2284 1534; x_wconf 83' lang='grc' dir='ltr'>Ἰσραὴλ,</span> <span class='ocrx_word' id='word_1_283' title='bbox 2309 1465 2508 1534; x_wconf 83' lang='grc' dir='ltr'>δηλαδὴ</span> <span class='ocrx_word' id='word_1_284' title='bbox 2531 1465 2639 1517; x_wconf 85' lang='grc' dir='ltr'><strong>τῶν</strong></span> <span class='ocrx_word' id='word_1_285' title='bbox 2655 1462 2815 1517; x_wconf 82' lang='grc' dir='ltr'>θείων</span> <span class='ocrx_word' id='word_1_286' title='bbox 2856 1466 2949 1518; x_wconf 74' lang='grc' dir='ltr'>καὶ</span> <span class='ocrx_word' id='word_1_287' title='bbox 2974 1466 3282 1535; x_wconf 80' lang='grc' dir='ltr'><strong>ἀσωμάτων</strong></span> <span class='ocrx_word' id='word_1_288' title='bbox 3307 1467 3612 1538; x_wconf 79' lang='grc' dir='ltr'><strong>δυνάμεων,</strong></span> 
     </span>
    </p>
   </div>
   <div class='ocr_carea' id='block_1_44' title="bbox 2035 1555 3614 1627">
    <p class='ocr_par' dir='ltr' id='par_1_44' title="bbox 2035 1555 3614 1627">
     <span class='ocr_line' id='line_1_44' title="bbox 2035 1555 3614 1627; baseline 0.004 -22"><span class='ocrx_word' id='word_1_289' title='bbox 2035 1557 2114 1617; x_wconf 89' lang='grc' dir='ltr'>είς</span> <span class='ocrx_word' id='word_1_290' title='bbox 2158 1556 2338 1619; x_wconf 80' lang='grc' dir='ltr'><strong>λίθους</strong></span> <span class='ocrx_word' id='word_1_291' title='bbox 2368 1556 2567 1626; x_wconf 81' lang='grc' dir='ltr'><strong>μηκέτι</strong></span> <span class='ocrx_word' id='word_1_292' title='bbox 2621 1555 3050 1626; x_wconf 79' lang='grc' dir='ltr'>κολοὸουμένους</span> <span class='ocrx_word' id='word_1_293' title='bbox 3100 1556 3188 1610; x_wconf 83' lang='grc' dir='ltr'><strong>διὰ</strong></span> <span class='ocrx_word' id='word_1_294' title='bbox 3225 1558 3327 1627; x_wconf 78' lang='grc' dir='ltr'><strong>τῆς</strong></span> <span class='ocrx_word' id='word_1_295' title='bbox 3356 1558 3614 1621; x_wconf 82' lang='grc' dir='ltr'><strong>ἀπιστίας</strong></span> 
     </span>
    </p>
   </div>
   <div class='ocr_carea' id='block_1_45' title="bbox 2035 1645 3615 1718">
    <p class='ocr_par' dir='ltr' id='par_1_45' title="bbox 2035 1645 3615 1718">
     <span class='ocr_line' id='line_1_45' title="bbox 2035 1645 3615 1718; baseline 0.001 -19"><span class='ocrx_word' id='word_1_296' title='bbox 2035 1646 2129 1699; x_wconf 75' lang='grc' dir='ltr'>καὶ</span> <span class='ocrx_word' id='word_1_297' title='bbox 2188 1645 2536 1716; x_wconf 84' lang='grc' dir='ltr'>κλωμένους,</span> <span class='ocrx_word' id='word_1_298' title='bbox 2597 1645 2712 1698; x_wconf 85' lang='grc' dir='ltr'>ἀλλ’</span> <span class='ocrx_word' id='word_1_299' title='bbox 2771 1646 3098 1716; x_wconf 76' lang='grc' dir='ltr'><strong>ὁλοκλήρους</strong></span> <span class='ocrx_word' id='word_1_300' title='bbox 3150 1647 3294 1718; x_wconf 72' lang='grc' dir='ltr'>ψυχῇ</span> <span class='ocrx_word' id='word_1_301' title='bbox 3350 1649 3444 1701; x_wconf 74' lang='grc' dir='ltr'>καὶ</span> <span class='ocrx_word' id='word_1_302' title='bbox 3496 1651 3615 1712; x_wconf 88' lang='grc' dir='ltr'>ταῖς</span> 
     </span>
    </p>
   </div>
   <div class='ocr_carea' id='block_1_46' title="bbox 2033 1730 3612 1810">
    <p class='ocr_par' dir='ltr' id='par_1_46' title="bbox 2033 1730 3612 1810">
     <span class='ocr_line' id='line_1_46' title="bbox 2033 1730 3612 1810; baseline 0.002 -22"><span class='ocrx_word' id='word_1_303' title='bbox 2033 1738 2259 1800; x_wconf 77' lang='grc' dir='ltr'>ἀκοαῖςο</span> <span class='ocrx_word' id='word_1_304' title='bbox 2293 1756 2312 1788; x_wconf 80' lang='grc' dir='ltr'><strong>ι</strong></span> <span class='ocrx_word' id='word_1_305' title='bbox 2382 1736 2440 1789; x_wconf 87' lang='grc' dir='ltr'><strong>ὐ</strong></span> <span class='ocrx_word' id='word_1_306' title='bbox 2486 1735 2625 1805; x_wconf 77' lang='grc' dir='ltr'>ἔχων</span> <span class='ocrx_word' id='word_1_307' title='bbox 2676 1735 2787 1806; x_wconf 85' lang='grc' dir='ltr'>γὰρ</span> <span class='ocrx_word' id='word_1_308' title='bbox 2828 1730 2970 1800; x_wconf 78' lang='grc' dir='ltr'>ὦτα,</span> <span class='ocrx_word' id='word_1_309' title='bbox 3014 1737 3213 1807; x_wconf 81' lang='grc' dir='ltr'>φησὶν,</span> <span class='ocrx_word' id='word_1_310' title='bbox 3266 1738 3484 1792; x_wconf 76' lang='grc' dir='ltr'>ἀκούειν</span> <span class='ocrx_word' id='word_1_311' title='bbox 3525 1738 3612 1810; x_wconf 81' lang='grc' dir='ltr'><strong>(τῇ</strong></span> 
     </span>
    </p>
   </div>
   <div class='ocr_carea' id='block_1_47' title="bbox 2033 1828 3073 1899">
    <p class='ocr_par' dir='ltr' id='par_1_47' title="bbox 2033 1828 3073 1899">
     <span class='ocr_line' id='line_1_47' title="bbox 2033 1828 3073 1899; baseline 0.001 -18"><span class='ocrx_word' id='word_1_312' title='bbox 2033 1829 2238 1892; x_wconf 83' lang='grc' dir='ltr'><strong>πίστει,</strong></span> <span class='ocrx_word' id='word_1_313' title='bbox 2274 1828 2368 1881; x_wconf 74' lang='grc' dir='ltr'>καὶ</span> <span class='ocrx_word' id='word_1_314' title='bbox 2392 1830 2455 1899; x_wconf 81' lang='grc' dir='ltr'>τῇ</span> <span class='ocrx_word' id='word_1_315' title='bbox 2490 1829 2783 1899; x_wconf 81' lang='grc' dir='ltr'><strong>ἀγχινοίᾳ),</strong></span> <span class='ocrx_word' id='word_1_316' title='bbox 2810 1828 3073 1882; x_wconf 78' lang='grc' dir='ltr'><strong>ἀκουέτω.</strong></span> 
     </span>
    </p>
   </div>
   <div class='ocr_carea' id='block_1_48' title="bbox 2032 1918 3607 1991">
    <p class='ocr_par' dir='ltr' id='par_1_48' title="bbox 2032 1918 3607 1991">
     <span class='ocr_line' id='line_1_48' title="bbox 2032 1918 3607 1991; baseline 0.001 -19"><span class='ocrx_word' id='word_1_317' title='bbox 2032 1918 2150 1972; x_wconf 76' lang='grc' dir='ltr'><strong>ΞΖν.</strong></span> <span class='ocrx_word' id='word_1_318' title='bbox 2194 1949 2265 1959; x_wconf 90' lang='grc'><strong><em>-</em></strong></span> <span class='ocrx_word' id='word_1_319' title='bbox 2311 1920 2663 1990; x_wconf 71' lang='grc' dir='ltr'>ιιΡΑιίΛΕιῼ</span> <span class='ocrx_word' id='word_1_320' title='bbox 2721 1920 3165 1991; x_wconf 83' lang='grc' dir='ltr'><strong>ΥΠΟΔΙΛΚΟΝῼ</strong></span> <span class='ocrx_word' id='word_1_321' title='bbox 3224 1921 3607 1991; x_wconf 75' lang='grc' dir='ltr'><strong>ΧΡΥΣΟΧΟῼ.</strong></span> 
     </span>
    </p>
   </div>
   <div class='ocr_carea' id='block_1_49' title="bbox 2105 2010 3612 2084">
    <p class='ocr_par' dir='ltr' id='par_1_49' title="bbox 2105 2010 3612 2084">
     <span class='ocr_line' id='line_1_49' title="bbox 2105 2010 3612 2084; baseline 0.005 -22"><span class='ocrx_word' id='word_1_322' title='bbox 2105 2010 2316 2081; x_wconf 82' lang='grc' dir='ltr'>Ὥσπερ</span> <span class='ocrx_word' id='word_1_323' title='bbox 2360 2010 2698 2081; x_wconf 82' lang='grc' dir='ltr'><strong>στρατιώτης</strong></span> <span class='ocrx_word' id='word_1_324' title='bbox 2727 2013 2973 2079; x_wconf 83' lang='grc' dir='ltr'><strong>γενναῖος</strong></span> <span class='ocrx_word' id='word_1_325' title='bbox 3025 2014 3162 2082; x_wconf 84' lang='grc' dir='ltr'>ὑπὲρ</span> <span class='ocrx_word' id='word_1_326' title='bbox 3209 2015 3301 2067; x_wconf 86' lang='grc' dir='ltr'><strong>τοῦ</strong></span> <span class='ocrx_word' id='word_1_327' title='bbox 3348 2015 3612 2084; x_wconf 75' lang='grc' dir='ltr'>βασιλέως</span> 
     </span>
    </p>
   </div>
   <div class='ocr_carea' id='block_1_50' title="bbox 2028 2102 3610 2173">
    <p class='ocr_par' dir='ltr' id='par_1_50' title="bbox 2028 2102 3610 2173">
     <span class='ocr_line' id='line_1_50' title="bbox 2028 2102 3610 2173; baseline 0.005 -20"><span class='ocrx_word' id='word_1_328' title='bbox 2028 2102 2360 2171; x_wconf 86' lang='grc' dir='ltr'>μαχόμενος,</span> <span class='ocrx_word' id='word_1_329' title='bbox 2393 2102 2487 2155; x_wconf 82' lang='grc' dir='ltr'>ἐὰν</span> <span class='ocrx_word' id='word_1_330' title='bbox 2525 2102 2702 2173; x_wconf 79' lang='grc' dir='ltr'>βέλεσι</span> <span class='ocrx_word' id='word_1_331' title='bbox 2745 2105 3158 2172; x_wconf 64' lang='grc' dir='ltr'>κατατοξευθεὶς</span> <span class='ocrx_word' id='word_1_332' title='bbox 3188 2105 3291 2160; x_wconf 78' lang='grc' dir='ltr'><strong>ὑπὸ</strong></span> <span class='ocrx_word' id='word_1_333' title='bbox 3324 2108 3434 2161; x_wconf 83' lang='grc' dir='ltr'>τῶν</span> <span class='ocrx_word' id='word_1_334' title='bbox 3461 2111 3610 2161; x_wconf 84' lang='grc' dir='ltr'>ἐναν-</span> 
     </span>
    </p>
   </div>
   <div class='ocr_carea' id='block_1_51' title="bbox 2028 2190 3609 2270">
    <p class='ocr_par' dir='ltr' id='par_1_51' title="bbox 2028 2190 3609 2270">
     <span class='ocr_line' id='line_1_51' title="bbox 2028 2190 3609 2270; baseline 0.004 -27"><span class='ocrx_word' id='word_1_335' title='bbox 2028 2190 2159 2244; x_wconf 83' lang='grc' dir='ltr'>τίων</span> <span class='ocrx_word' id='word_1_336' title='bbox 2191 2191 2460 2266; x_wconf 81' lang='grc' dir='ltr'>ὑπομείνῃ</span> <span class='ocrx_word' id='word_1_337' title='bbox 2504 2194 2602 2257; x_wconf 86' lang='grc' dir='ltr'><strong>τάς</strong></span> <span class='ocrx_word' id='word_1_338' title='bbox 2627 2195 2948 2265; x_wconf 75' lang='grc' dir='ltr'><strong>ἀλγηδόνας,</strong></span> <span class='ocrx_word' id='word_1_339' title='bbox 2987 2197 3080 2249; x_wconf 78' lang='grc' dir='ltr'>καὶ</span> <span class='ocrx_word' id='word_1_340' title='bbox 3114 2198 3188 2267; x_wconf 79' lang='grc' dir='ltr'>μὴ</span> <span class='ocrx_word' id='word_1_341' title='bbox 3232 2201 3609 2270; x_wconf 73' lang='grc' dir='ltr'>παραχωρήοῃ</span> 
     </span>
    </p>
   </div>
   <div class='ocr_carea' id='block_1_52' title="bbox 2028 2282 3607 2360">
    <p class='ocr_par' dir='ltr' id='par_1_52' title="bbox 2028 2282 3607 2360">
     <span class='ocr_line' id='line_1_52' title="bbox 2028 2282 3607 2360; baseline 0.004 -26"><span class='ocrx_word' id='word_1_342' title='bbox 2028 2285 2094 2352; x_wconf 78' lang='grc' dir='ltr'>τῇ</span> <span class='ocrx_word' id='word_1_343' title='bbox 2141 2282 2495 2356; x_wconf 77' lang='grc' dir='ltr'>ὀλιγοψυχίᾳ,</span> <span class='ocrx_word' id='word_1_344' title='bbox 2525 2285 2843 2355; x_wconf 77' lang='grc' dir='ltr'><strong>ἐπιμελείας</strong></span> <span class='ocrx_word' id='word_1_345' title='bbox 2890 2287 3087 2358; x_wconf 89' lang='grc' dir='ltr'>τυχὼν,</span> <span class='ocrx_word' id='word_1_346' title='bbox 3137 2289 3228 2342; x_wconf 82' lang='grc' dir='ltr'>καὶ</span> <span class='ocrx_word' id='word_1_347' title='bbox 3285 2289 3607 2360; x_wconf 71' lang='grc' dir='ltr'>ίατρευθεὶς,</span> 
     </span>
    </p>
   </div>
   <div class='ocr_carea' id='block_1_53' title="bbox 2028 2373 3606 2453">
    <p class='ocr_par' dir='ltr' id='par_1_53' title="bbox 2028 2373 3606 2453">
     <span class='ocr_line' id='line_1_53' title="bbox 2028 2373 3606 2453; baseline 0.008 -26"><span class='ocrx_word' id='word_1_348' title='bbox 2028 2373 2140 2439; x_wconf 78' lang='grc' dir='ltr'><strong>ἕξει</strong></span> <span class='ocrx_word' id='word_1_349' title='bbox 2162 2375 2262 2440; x_wconf 63' lang='grc' dir='ltr'><strong>τὰς</strong></span> <span class='ocrx_word' id='word_1_350' title='bbox 2285 2376 2447 2440; x_wconf 81' lang='grc' dir='ltr'>οὐλὰς</span> <span class='ocrx_word' id='word_1_351' title='bbox 2463 2376 2570 2430; x_wconf 86' lang='grc' dir='ltr'>τῶν</span> <span class='ocrx_word' id='word_1_352' title='bbox 2591 2380 2921 2450; x_wconf 83' lang='grc' dir='ltr'>τραυμάτων</span> <span class='ocrx_word' id='word_1_353' title='bbox 2946 2383 3027 2444; x_wconf 84' lang='grc' dir='ltr'><strong>είς</strong></span> <span class='ocrx_word' id='word_1_354' title='bbox 3053 2380 3320 2450; x_wconf 82' lang='grc' dir='ltr'><strong>καύχησιν</strong></span> <span class='ocrx_word' id='word_1_355' title='bbox 3338 2380 3606 2453; x_wconf 67' lang='grc' dir='ltr'>ἀνδρείας·</span> 
     </span>
    </p>
   </div>
   <div class='ocr_carea' id='block_1_54' title="bbox 2028 2467 3608 2545">
    <p class='ocr_par' dir='ltr' id='par_1_54' title="bbox 2028 2467 3608 2545">
     <span class='ocr_line' id='line_1_54' title="bbox 2028 2467 3608 2545; baseline 0.006 -25"><span class='ocrx_word' id='word_1_356' title='bbox 2028 2467 2202 2530; x_wconf 77' lang='grc' dir='ltr'>οὕτως</span> <span class='ocrx_word' id='word_1_357' title='bbox 2249 2469 2342 2521; x_wconf 80' lang='grc' dir='ltr'>καὶ</span> <span class='ocrx_word' id='word_1_358' title='bbox 2384 2469 2431 2521; x_wconf 80' lang='grc' dir='ltr'>οἱ</span> <span class='ocrx_word' id='word_1_359' title='bbox 2463 2469 2764 2540; x_wconf 82' lang='grc' dir='ltr'>τρωθέντες</span> <span class='ocrx_word' id='word_1_360' title='bbox 2817 2472 2968 2542; x_wconf 87' lang='grc' dir='ltr'><strong>παρά</strong></span> <span class='ocrx_word' id='word_1_361' title='bbox 3024 2473 3120 2527; x_wconf 85' lang='grc' dir='ltr'><strong>τοῦ</strong></span> <span class='ocrx_word' id='word_1_362' title='bbox 3152 2473 3349 2545; x_wconf 83' lang='grc' dir='ltr'>ἐχθροῦ</span> <span class='ocrx_word' id='word_1_363' title='bbox 3391 2476 3485 2529; x_wconf 74' lang='grc' dir='ltr'>ἐὰν</span> <span class='ocrx_word' id='word_1_364' title='bbox 3535 2476 3608 2544; x_wconf 84' lang='grc' dir='ltr'>μὴ</span> 
     </span>
    </p>
   </div>
   <div class='ocr_carea' id='block_1_55' title="bbox 2028 2561 3606 2636">
    <p class='ocr_par' dir='ltr' id='par_1_55' title="bbox 2028 2561 3606 2636">
     <span class='ocr_line' id='line_1_55' title="bbox 2028 2561 3606 2636; baseline 0.002 -21"><span class='ocrx_word' id='word_1_365' title='bbox 2028 2561 2364 2630; x_wconf 83' lang='grc' dir='ltr'>ἀκηδιάσωσι</span> <span class='ocrx_word' id='word_1_366' title='bbox 2384 2562 2508 2625; x_wconf 80' lang='grc' dir='ltr'>τοὺς</span> <span class='ocrx_word' id='word_1_367' title='bbox 2537 2561 2733 2626; x_wconf 83' lang='grc' dir='ltr'>πόνους</span> <span class='ocrx_word' id='word_1_368' title='bbox 2753 2564 2853 2632; x_wconf 80' lang='grc' dir='ltr'><strong>τῆς</strong></span> <span class='ocrx_word' id='word_1_369' title='bbox 2884 2566 3188 2632; x_wconf 79' lang='grc' dir='ltr'><strong>μετανοίας,</strong></span> <span class='ocrx_word' id='word_1_370' title='bbox 3221 2566 3606 2636; x_wconf 73' lang='grc' dir='ltr'>ἀναμφιϐόλως</span> 
     </span>
    </p>
   </div>
   <div class='ocr_carea' id='block_1_56' title="bbox 2029 2652 3605 2727">
    <p class='ocr_par' dir='ltr' id='par_1_56' title="bbox 2029 2652 3605 2727">
     <span class='ocr_line' id='line_1_56' title="bbox 2029 2652 3605 2727; baseline 0.003 -21"><span class='ocrx_word' id='word_1_371' title='bbox 2029 2652 2293 2715; x_wconf 77' lang='grc' dir='ltr'>σωθέντες</span> <span class='ocrx_word' id='word_1_372' title='bbox 2322 2653 2690 2722; x_wconf 84' lang='grc' dir='ltr'>καυχήσονται</span> <span class='ocrx_word' id='word_1_373' title='bbox 2709 2656 2766 2706; x_wconf 89' lang='grc' dir='ltr'>ἐν</span> <span class='ocrx_word' id='word_1_374' title='bbox 2794 2653 2976 2726; x_wconf 80' lang='grc' dir='ltr'>ἡμέρᾳ</span> <span class='ocrx_word' id='word_1_375' title='bbox 3007 2656 3246 2726; x_wconf 86' lang='grc' dir='ltr'>κρίσεως</span> <span class='ocrx_word' id='word_1_376' title='bbox 3265 2676 3277 2687; x_wconf 93' lang='grc'><strong>·</strong></span> <span class='ocrx_word' id='word_1_377' title='bbox 3308 2659 3336 2710; x_wconf 87' lang='grc' dir='ltr'>ὁ</span> <span class='ocrx_word' id='word_1_378' title='bbox 3366 2658 3475 2727; x_wconf 84' lang='grc' dir='ltr'><strong>γὰρ</strong></span> <span class='ocrx_word' id='word_1_379' title='bbox 3513 2660 3605 2711; x_wconf 85' lang='grc' dir='ltr'><strong>ἀν-</strong></span> 
     </span>
    </p>
   </div>
   <div class='ocr_carea' id='block_1_57' title="bbox 2026 2743 3603 2820">
    <p class='ocr_par' dir='ltr' id='par_1_57' title="bbox 2026 2743 3603 2820">
     <span class='ocr_line' id='line_1_57' title="bbox 2026 2743 3603 2820; baseline 0.003 -23"><span class='ocrx_word' id='word_1_380' title='bbox 2026 2746 2221 2816; x_wconf 83' lang='grc' dir='ltr'>δρεῖος,</span> <span class='ocrx_word' id='word_1_381' title='bbox 2261 2743 2366 2798; x_wconf 76' lang='grc' dir='ltr'>κᾶν</span> <span class='ocrx_word' id='word_1_382' title='bbox 2397 2747 2455 2797; x_wconf 87' lang='grc' dir='ltr'><strong>ἐν</strong></span> <span class='ocrx_word' id='word_1_383' title='bbox 2499 2743 2777 2816; x_wconf 80' lang='grc' dir='ltr'>τραύμασι</span> <span class='ocrx_word' id='word_1_384' title='bbox 2830 2748 3055 2819; x_wconf 87' lang='grc' dir='ltr'>γένηται</span> <span class='ocrx_word' id='word_1_385' title='bbox 3084 2789 3098 2810; x_wconf 86' lang='grc'><strong>,</strong></span> <span class='ocrx_word' id='word_1_386' title='bbox 3131 2747 3349 2813; x_wconf 82' lang='grc' dir='ltr'>πάντως</span> <span class='ocrx_word' id='word_1_387' title='bbox 3397 2754 3603 2820; x_wconf 79' lang='grc' dir='ltr'>νικήσει</span> 
     </span>
    </p>
   </div>
   <div class='ocr_carea' id='block_1_58' title="bbox 2028 2833 2846 2905">
    <p class='ocr_par' dir='ltr' id='par_1_58' title="bbox 2028 2833 2846 2905">
     <span class='ocr_line' id='line_1_58' title="bbox 2028 2833 2846 2905; baseline 0.005 -19"><span class='ocrx_word' id='word_1_388' title='bbox 2028 2835 2124 2887; x_wconf 73' lang='grc' dir='ltr'>καὶ</span> <span class='ocrx_word' id='word_1_389' title='bbox 2148 2833 2490 2905; x_wconf 79' lang='grc' dir='ltr'>τραυματίας</span> <span class='ocrx_word' id='word_1_390' title='bbox 2523 2836 2846 2904; x_wconf 82' lang='grc' dir='ltr'>μαχόμενος.</span> 
     </span>
    </p>
   </div>
   <div class='ocr_carea' id='block_1_59' title="bbox 2348 2924 3287 2998">
    <p class='ocr_par' dir='ltr' id='par_1_59' title="bbox 2348 2924 3287 2998">
     <span class='ocr_line' id='line_1_59' title="bbox 2348 2924 3287 2998; baseline 0.005 -21"><span class='ocrx_word' id='word_1_391' title='bbox 2348 2924 2474 2978; x_wconf 63' lang='grc' dir='ltr'>Ξιιθ.</span> <span class='ocrx_word' id='word_1_392' title='bbox 2515 2952 2582 2964; x_wconf 90' lang='grc'><strong><em>-</em></strong></span> <span class='ocrx_word' id='word_1_393' title='bbox 2617 2926 2915 2998; x_wconf 71' lang='grc' dir='ltr'>Ασιιθοινιῼ</span> <span class='ocrx_word' id='word_1_394' title='bbox 2967 2929 3287 2998; x_wconf 67' lang='lat' dir='ltr'><strong>manem.</strong></span> 
     </span>
    </p>
   </div>
   <div class='ocr_carea' id='block_1_60' title="bbox 2099 3016 3602 3091">
    <p class='ocr_par' dir='ltr' id='par_1_60' title="bbox 2099 3016 3602 3091">
     <span class='ocr_line' id='line_1_60' title="bbox 2099 3016 3602 3091; baseline 0.005 -22"><span class='ocrx_word' id='word_1_395' title='bbox 2099 3017 2253 3070; x_wconf 82' lang='grc' dir='ltr'>Ὅσοι</span> <span class='ocrx_word' id='word_1_396' title='bbox 2295 3017 2485 3090; x_wconf 79' lang='grc' dir='ltr'>ἀγάπῃ</span> <span class='ocrx_word' id='word_1_397' title='bbox 2537 3016 2674 3072; x_wconf 80' lang='grc' dir='ltr'>Θεοῦ</span> <span class='ocrx_word' id='word_1_398' title='bbox 2721 3019 2817 3072; x_wconf 73' lang='grc' dir='ltr'>καὶ</span> <span class='ocrx_word' id='word_1_399' title='bbox 2858 3018 3111 3091; x_wconf 79' lang='grc' dir='ltr'>προθέσει</span> <span class='ocrx_word' id='word_1_400' title='bbox 3163 3021 3423 3089; x_wconf 77' lang='grc' dir='ltr'>εὐλογιῶν</span> <span class='ocrx_word' id='word_1_401' title='bbox 3457 3023 3602 3077; x_wconf 84' lang='grc' dir='ltr'>πολι-</span> 
     </span>
    </p>
   </div>
   <div class='ocr_carea' id='block_1_61' title="bbox 340 3106 1924 3188">
    <p class='ocr_par' dir='ltr' id='par_1_61' title="bbox 340 3106 1922 3182">
     <span class='ocr_line' id='line_1_61' title="bbox 340 3106 1922 3182; baseline -0.001 -18"><span class='ocrx_word' id='word_1_402' title='bbox 340 3111 524 3179; x_wconf 90' lang='lat' dir='ltr'><strong>posito</strong></span> <span class='ocrx_word' id='word_1_403' title='bbox 570 3109 741 3164; x_wconf 79' lang='lat' dir='ltr'><strong>vitam</strong></span> <span class='ocrx_word' id='word_1_404' title='bbox 793 3106 1108 3174; x_wconf 80' lang='lat' dir='ltr'><strong>traducunt,</strong></span> <span class='ocrx_word' id='word_1_405' title='bbox 1151 3107 1206 3162; x_wconf 89' lang='lat' dir='ltr'><strong>bi</strong></span> <span class='ocrx_word' id='word_1_406' title='bbox 1246 3108 1508 3164; x_wconf 83' lang='lat' dir='ltr'><strong>dicuntur</strong></span> <span class='ocrx_word' id='word_1_407' title='bbox 1540 3125 1711 3182; x_wconf 90' lang='lat' dir='ltr'><strong>prope</strong></span> <span class='ocrx_word' id='word_1_408' title='bbox 1759 3125 1922 3165; x_wconf 82' lang='lat' dir='ltr'><strong>mon-</strong></span> 
     </span>
    </p>
   </div>
   <div class='ocr_carea' id='block_1_62' title="bbox 2034 3106 3601 3188">
    <p class='ocr_par' dir='ltr' id='par_1_62' title="bbox 2034 3106 3601 3188">
     <span class='ocr_line' id='line_1_62' title="bbox 2034 3106 3601 3188; baseline 0.006 -26"><span class='ocrx_word' id='word_1_409' title='bbox 2034 3108 2292 3173; x_wconf 76' lang='grc' dir='ltr'>τεύονται,</span> <span class='ocrx_word' id='word_1_410' title='bbox 2324 3106 2467 3165; x_wconf 74' lang='grc' dir='ltr'>οὗτοι</span> <span class='ocrx_word' id='word_1_411' title='bbox 2513 3112 2756 3181; x_wconf 80' lang='grc' dir='ltr'>λέγονται</span> <span class='ocrx_word' id='word_1_412' title='bbox 2791 3113 3042 3168; x_wconf 76' lang='grc' dir='ltr'>ἵστασθαι</span> <span class='ocrx_word' id='word_1_413' title='bbox 3075 3114 3300 3186; x_wconf 82' lang='grc' dir='ltr'>πλησίον</span> <span class='ocrx_word' id='word_1_414' title='bbox 3326 3117 3420 3170; x_wconf 86' lang='grc' dir='ltr'><strong>τοῦ</strong></span> <span class='ocrx_word' id='word_1_415' title='bbox 3448 3117 3601 3188; x_wconf 80' lang='grc' dir='ltr'>ὄρους</span> 
     </span>
    </p>
   </div>
   <div class='ocr_carea' id='block_1_63' title="bbox 343 3197 1924 3269">
    <p class='ocr_par' dir='ltr' id='par_1_63' title="bbox 343 3197 1924 3269">
     <span class='ocr_line' id='line_1_63' title="bbox 343 3197 1924 3269; baseline -0.001 -14"><span class='ocrx_word' id='word_1_416' title='bbox 343 3213 451 3255; x_wconf 90' lang='lat' dir='ltr'><strong>tem</strong></span> <span class='ocrx_word' id='word_1_417' title='bbox 479 3198 719 3254; x_wconf 83' lang='lat' dir='ltr'><strong>Garizim</strong></span> <span class='ocrx_word' id='word_1_418' title='bbox 752 3198 1084 3268; x_wconf 85' lang='lat' dir='ltr'><strong>appellatum</strong></span> <span class='ocrx_word' id='word_1_419' title='bbox 1110 3206 1260 3253; x_wconf 84' lang='lat' dir='ltr'><strong>stare</strong></span> <span class='ocrx_word' id='word_1_420' title='bbox 1283 3197 1326 3230; x_wconf 79' lang='grc'><strong>⁸⁷</strong></span> <span class='ocrx_word' id='word_1_421' title='bbox 1358 3218 1371 3253; x_wconf 88' lang='lat'><strong>:</strong></span> <span class='ocrx_word' id='word_1_422' title='bbox 1406 3207 1461 3253; x_wconf 88' lang='lat' dir='ltr'><strong>at</strong></span> <span class='ocrx_word' id='word_1_423' title='bbox 1506 3200 1600 3269; x_wconf 89' lang='lat' dir='ltr'><strong>qui</strong></span> <span class='ocrx_word' id='word_1_424' title='bbox 1652 3214 1761 3254; x_wconf 91' lang='lat' dir='ltr'><strong>non</strong></span> <span class='ocrx_word' id='word_1_425' title='bbox 1794 3214 1924 3269; x_wconf 81' lang='lat' dir='ltr'><strong>pro-</strong></span> 
     </span>
    </p>
   </div>
   <div class='ocr_carea' id='block_1_64' title="bbox 341 3288 1922 3362">
    <p class='ocr_par' dir='ltr' id='par_1_64' title="bbox 341 3288 1922 3362">
     <span class='ocr_line' id='line_1_64' title="bbox 341 3288 1922 3362; baseline -0.001 -18"><span class='ocrx_word' id='word_1_426' title='bbox 341 3300 459 3362; x_wconf 91' lang='lat' dir='ltr'><strong>pter</strong></span> <span class='ocrx_word' id='word_1_427' title='bbox 475 3288 928 3355; x_wconf 74' lang='lat' dir='ltr'><strong>benedictionem,</strong></span> <span class='ocrx_word' id='word_1_428' title='bbox 951 3300 1003 3344; x_wconf 89' lang='lat' dir='ltr'><strong>et</strong></span> <span class='ocrx_word' id='word_1_429' title='bbox 1021 3288 1343 3355; x_wconf 88' lang='lat' dir='ltr'><strong>amicitiam,</strong></span> <span class='ocrx_word' id='word_1_430' title='bbox 1361 3297 1414 3343; x_wconf 88' lang='lat' dir='ltr'><strong>et</strong></span> <span class='ocrx_word' id='word_1_431' title='bbox 1438 3289 1655 3344; x_wconf 87' lang='lat' dir='ltr'><strong>laudem</strong></span> <span class='ocrx_word' id='word_1_432' title='bbox 1685 3288 1796 3355; x_wconf 88' lang='lat' dir='ltr'><strong>Dei,</strong></span> <span class='ocrx_word' id='word_1_433' title='bbox 1827 3290 1922 3345; x_wconf 88' lang='lat' dir='ltr'><strong>sed</strong></span> 
     </span>
    </p>
   </div>
   <div class='ocr_carea' id='block_1_65' title="bbox 338 3378 1921 3452">
    <p class='ocr_par' dir='ltr' id='par_1_65' title="bbox 338 3378 1921 3452">
     <span class='ocr_line' id='line_1_65' title="bbox 338 3378 1921 3452; baseline -0.003 -17"><span class='ocrx_word' id='word_1_434' title='bbox 338 3390 558 3452; x_wconf 89' lang='lat' dir='ltr'><strong>propter</strong></span> <span class='ocrx_word' id='word_1_435' title='bbox 570 3394 855 3450; x_wconf 68' lang='lat' dir='ltr'><strong>poenarum</strong></span> <span class='ocrx_word' id='word_1_436' title='bbox 868 3379 1212 3445; x_wconf 81' lang='lat' dir='ltr'><strong>decretarutn</strong></span> <span class='ocrx_word' id='word_1_437' title='bbox 1229 3386 1433 3435; x_wconf 90' lang='lat' dir='ltr'><strong>metum</strong></span> <span class='ocrx_word' id='word_1_438' title='bbox 1449 3378 1590 3434; x_wconf 87' lang='lat' dir='ltr'><strong>bona</strong></span> <span class='ocrx_word' id='word_1_439' title='bbox 1607 3392 1771 3447; x_wconf 89' lang='lat' dir='ltr'><strong>opera</strong></span> <span class='ocrx_word' id='word_1_440' title='bbox 1789 3393 1921 3432; x_wconf 89' lang='lat' dir='ltr'><strong>con-</strong></span> 
     </span>
    </p>
   </div>
   <div class='ocr_carea' id='block_1_66' title="bbox 339 3468 1917 3543">
    <p class='ocr_par' dir='ltr' id='par_1_66' title="bbox 339 3468 1917 3543">
     <span class='ocr_line' id='line_1_66' title="bbox 339 3468 1917 3543; baseline -0.005 -14"><span class='ocrx_word' id='word_1_441' title='bbox 339 3478 560 3537; x_wconf 88' lang='lat' dir='ltr'><strong>ticiunt,</strong></span> <span class='ocrx_word' id='word_1_442' title='bbox 603 3473 656 3526; x_wconf 89' lang='lat' dir='ltr'><strong>bi</strong></span> <span class='ocrx_word' id='word_1_443' title='bbox 710 3472 983 3529; x_wconf 70' lang='lat' dir='ltr'><strong>dicuntur.</strong></span> <span class='ocrx_word' id='word_1_444' title='bbox 1004 3486 1230 3527; x_wconf 88' lang='lat' dir='ltr'><strong>manere</strong></span> <span class='ocrx_word' id='word_1_445' title='bbox 1261 3487 1432 3543; x_wconf 82' lang='lat' dir='ltr'><strong>prope</strong></span> <span class='ocrx_word' id='word_1_446' title='bbox 1461 3480 1699 3525; x_wconf 86' lang='lat' dir='ltr'><strong>montem</strong></span> <span class='ocrx_word' id='word_1_447' title='bbox 1724 3468 1917 3534; x_wconf 86' lang='lat' dir='ltr'><strong>Hebal,</strong></span> 
     </span>
    </p>
   </div>
   <div class='ocr_carea' id='block_1_67' title="bbox 338 3561 1920 3636">
    <p class='ocr_par' dir='ltr' id='par_1_67' title="bbox 338 3561 1920 3636">
     <span class='ocr_line' id='line_1_67' title="bbox 338 3561 1920 3636; baseline -0.004 -17"><span class='ocrx_word' id='word_1_448' title='bbox 338 3565 394 3619; x_wconf 93' lang='lat' dir='ltr'><strong>in</strong></span> <span class='ocrx_word' id='word_1_449' title='bbox 426 3581 538 3636; x_wconf 92' lang='lat' dir='ltr'><strong>quo</strong></span> <span class='ocrx_word' id='word_1_450' title='bbox 571 3565 707 3618; x_wconf 70' lang='lat' dir='ltr'><strong>dirae</strong></span> <span class='ocrx_word' id='word_1_451' title='bbox 755 3562 941 3618; x_wconf 74' lang='lat' dir='ltr'><strong>ellusa:</strong></span> <span class='ocrx_word' id='word_1_452' title='bbox 990 3572 1161 3631; x_wconf 90' lang='lat' dir='ltr'><strong>sunt,</strong></span> <span class='ocrx_word' id='word_1_453' title='bbox 1198 3579 1307 3618; x_wconf 91' lang='lat' dir='ltr'><strong>non</strong></span> <span class='ocrx_word' id='word_1_454' title='bbox 1353 3571 1412 3617; x_wconf 90' lang='lat' dir='ltr'><strong>ut</strong></span> <span class='ocrx_word' id='word_1_455' title='bbox 1464 3562 1605 3617; x_wconf 81' lang='lat' dir='ltr'><strong>diris</strong></span> <span class='ocrx_word' id='word_1_456' title='bbox 1634 3561 1920 3632; x_wconf 86' lang='lat' dir='ltr'><strong>subjaceat</strong></span> 
     </span>
    </p>
   </div>
   <div class='ocr_carea' id='block_1_68' title="bbox 336 3651 1919 3727">
    <p class='ocr_par' dir='ltr' id='par_1_68' title="bbox 336 3651 1919 3727">
     <span class='ocr_line' id='line_1_68' title="bbox 336 3651 1919 3727; baseline -0.002 -17"><span class='ocrx_word' id='word_1_457' title='bbox 336 3657 431 3727; x_wconf 88' lang='lat' dir='ltr'><strong>qui</strong></span> <span class='ocrx_word' id='word_1_458' title='bbox 484 3657 540 3711; x_wconf 92' lang='lat' dir='ltr'><strong>in</strong></span> <span class='ocrx_word' id='word_1_459' title='bbox 588 3655 756 3709; x_wconf 88' lang='lat' dir='ltr'><strong>llebal</strong></span> <span class='ocrx_word' id='word_1_460' title='bbox 784 3657 966 3720; x_wconf 80' lang='lat' dir='ltr'><strong>stetit,</strong></span> <span class='ocrx_word' id='word_1_461' title='bbox 1008 3655 1106 3710; x_wconf 82' lang='lat' dir='ltr'><strong>sed</strong></span> <span class='ocrx_word' id='word_1_462' title='bbox 1150 3665 1210 3708; x_wconf 93' lang='lat' dir='ltr'><strong>ut</strong></span> <span class='ocrx_word' id='word_1_463' title='bbox 1259 3652 1566 3709; x_wconf 82' lang='lat' dir='ltr'><strong>horrendas</strong></span> <span class='ocrx_word' id='word_1_464' title='bbox 1612 3653 1733 3707; x_wconf 84' lang='lat' dir='ltr'><strong>illas</strong></span> <span class='ocrx_word' id='word_1_465' title='bbox 1768 3651 1919 3707; x_wconf 78' lang='lat' dir='ltr'><strong>diras</strong></span> 
     </span>
    </p>
   </div>
   <div class='ocr_carea' id='block_1_69' title="bbox 337 3743 1918 3817">
    <p class='ocr_par' dir='ltr' id='par_1_69' title="bbox 337 3743 1918 3817">
     <span class='ocr_line' id='line_1_69' title="bbox 337 3743 1918 3817; baseline -0.003 -16"><span class='ocrx_word' id='word_1_466' title='bbox 337 3746 695 3817; x_wconf 84' lang='lat' dir='ltr'><strong>conspiciens</strong></span> <span class='ocrx_word' id='word_1_467' title='bbox 743 3744 891 3800; x_wconf 86' lang='lat' dir='ltr'><strong>omni</strong></span> <span class='ocrx_word' id='word_1_468' title='bbox 938 3751 1140 3800; x_wconf 89' lang='lat' dir='ltr'><strong>conatu</strong></span> <span class='ocrx_word' id='word_1_469' title='bbox 1177 3744 1283 3801; x_wconf 86' lang='lat' dir='ltr'><strong>sibi</strong></span> <span class='ocrx_word' id='word_1_470' title='bbox 1325 3751 1520 3800; x_wconf 72' lang='lat' dir='ltr'><strong>careat</strong></span> <span class='ocrx_word' id='word_1_471' title='bbox 1549 3784 1562 3811; x_wconf 90' lang='lat'><strong>,</strong></span> <span class='ocrx_word' id='word_1_472' title='bbox 1616 3757 1684 3797; x_wconf 87' lang='lat' dir='ltr'><strong>ne</strong></span> <span class='ocrx_word' id='word_1_473' title='bbox 1728 3743 1782 3797; x_wconf 93' lang='lat' dir='ltr'><strong>in</strong></span> <span class='ocrx_word' id='word_1_474' title='bbox 1822 3757 1918 3797; x_wconf 87' lang='lat' dir='ltr'><strong>cas</strong></span> 
     </span>
    </p>
   </div>
   <div class='ocr_carea' id='block_1_70' title="bbox 333 3837 613 3893">
    <p class='ocr_par' dir='ltr' id='par_1_70' title="bbox 333 3837 613 3893">
     <span class='ocr_line' id='line_1_70' title="bbox 333 3837 613 3893; baseline -0.007 -1"><span class='ocrx_word' id='word_1_475' title='bbox 333 3837 613 3893; x_wconf 83' lang='lat' dir='ltr'><strong>concidat.</strong></span> 
     </span>
    </p>
   </div>
   <div class='ocr_carea' id='block_1_71' title="bbox 740 3926 1498 3984">
    <p class='ocr_par' dir='ltr' id='par_1_71' title="bbox 740 3926 1498 3984">
     <span class='ocr_line' id='line_1_71' title="bbox 740 3926 1498 3984; baseline -0.001 -2"><span class='ocrx_word' id='word_1_476' title='bbox 740 3926 927 3984; x_wconf 73' lang='lat' dir='ltr'><strong>LXIX.</strong></span> <span class='ocrx_word' id='word_1_477' title='bbox 966 3959 1035 3969; x_wconf 89' lang='lat'>—</span> <span class='ocrx_word' id='word_1_478' title='bbox 1072 3926 1498 3982; x_wconf 73' lang='lat' dir='ltr'><strong>APIITIIONIO.</strong></span> 
     </span>
    </p>
   </div>
   <div class='ocr_carea' id='block_1_72' title="bbox 404 4019 1917 4092">
    <p class='ocr_par' dir='ltr' id='par_1_72' title="bbox 404 4019 1917 4092">
     <span class='ocr_line' id='line_1_72' title="bbox 404 4019 1917 4092; baseline 0 -17"><span class='ocrx_word' id='word_1_479' title='bbox 404 4020 481 4076; x_wconf 80' lang='lat' dir='ltr'><strong>Nc</strong></span> <span class='ocrx_word' id='word_1_480' title='bbox 510 4031 667 4091; x_wconf 88' lang='lat' dir='ltr'><strong>putes</strong></span> <span class='ocrx_word' id='word_1_481' title='bbox 689 4024 967 4092; x_wconf 70' lang='lat' dir='ltr'><strong>propheta:</strong></span> <span class='ocrx_word' id='word_1_482' title='bbox 999 4022 1154 4077; x_wconf 83' lang='lat' dir='ltr'><strong>Isaiae</strong></span> <span class='ocrx_word' id='word_1_483' title='bbox 1177 4035 1490 4077; x_wconf 89' lang='lat' dir='ltr'><strong>sermonem</strong></span> <span class='ocrx_word' id='word_1_484' title='bbox 1523 4019 1576 4074; x_wconf 93' lang='lat' dir='ltr'><strong>in</strong></span> <span class='ocrx_word' id='word_1_485' title='bbox 1602 4019 1917 4075; x_wconf 88' lang='lat' dir='ltr'><strong>Sodomitas</strong></span> 
     </span>
    </p>
   </div>
   <div class='ocr_carea' id='block_1_73' title="bbox 332 4112 1916 4185">
    <p class='ocr_par' dir='ltr' id='par_1_73' title="bbox 332 4112 1916 4185">
     <span class='ocr_line' id='line_1_73' title="bbox 332 4112 1916 4185; baseline -0.001 -17"><span class='ocrx_word' id='word_1_486' title='bbox 332 4114 494 4185; x_wconf 73' lang='lat' dir='ltr'><strong>dirigi</strong></span> <span class='ocrx_word' id='word_1_487' title='bbox 526 4130 581 4167; x_wconf 73' lang='grc' dir='ltr'><strong>ιι</strong></span> <span class='ocrx_word' id='word_1_488' title='bbox 608 4113 805 4169; x_wconf 87' lang='lat' dir='ltr'><strong>Audite</strong></span> <span class='ocrx_word' id='word_1_489' title='bbox 824 4115 1052 4170; x_wconf 86' lang='lat' dir='ltr'><strong>verbum</strong></span> <span class='ocrx_word' id='word_1_490' title='bbox 1087 4112 1325 4178; x_wconf 89' lang='lat' dir='ltr'><strong>Domini,</strong></span> <span class='ocrx_word' id='word_1_491' title='bbox 1351 4112 1628 4183; x_wconf 88' lang='lat' dir='ltr'><strong>principes</strong></span> <span class='ocrx_word' id='word_1_492' title='bbox 1652 4113 1916 4168; x_wconf 81' lang='lat' dir='ltr'><strong>Sodomo-</strong></span> 
     </span>
    </p>
   </div>
   <div class='ocr_carea' id='block_1_74' title="bbox 335 4203 1916 4277">
    <p class='ocr_par' dir='ltr' id='par_1_74' title="bbox 335 4203 1916 4277">
     <span class='ocr_line' id='line_1_74' title="bbox 335 4203 1916 4277; baseline -0.002 -16"><span class='ocrx_word' id='word_1_493' title='bbox 335 4220 455 4261; x_wconf 91' lang='lat' dir='ltr'><strong>rum</strong></span> <span class='ocrx_word' id='word_1_494' title='bbox 477 4203 578 4258; x_wconf 71' lang='grc'><strong>⁸³.»</strong></span> <span class='ocrx_word' id='word_1_495' title='bbox 608 4206 887 4275; x_wconf 84' lang='lat' dir='ltr'><strong>Principes</strong></span> <span class='ocrx_word' id='word_1_496' title='bbox 911 4207 1056 4260; x_wconf 87' lang='lat' dir='ltr'><strong>enim</strong></span> <span class='ocrx_word' id='word_1_497' title='bbox 1078 4203 1419 4270; x_wconf 70' lang='lat' dir='ltr'><strong>Iudaeorum,</strong></span> <span class='ocrx_word' id='word_1_498' title='bbox 1444 4205 1537 4275; x_wconf 88' lang='lat' dir='ltr'><strong>qui</strong></span> <span class='ocrx_word' id='word_1_499' title='bbox 1557 4221 1721 4277; x_wconf 89' lang='lat' dir='ltr'><strong>opere</strong></span> <span class='ocrx_word' id='word_1_500' title='bbox 1744 4205 1916 4259; x_wconf 84' lang='lat' dir='ltr'><strong>Sodo-</strong></span> 
     </span>
    </p>
   </div>
   <div class='ocr_carea' id='block_1_75' title="bbox 333 4293 1912 4360">
    <p class='ocr_par' dir='ltr' id='par_1_75' title="bbox 333 4293 1912 4360">
     <span class='ocr_line' id='line_1_75' title="bbox 333 4293 1912 4360; baseline -0.001 -12"><span class='ocrx_word' id='word_1_501' title='bbox 333 4311 545 4351; x_wconf 88' lang='lat' dir='ltr'><strong>morum</strong></span> <span class='ocrx_word' id='word_1_502' title='bbox 575 4295 828 4348; x_wconf 88' lang='lat' dir='ltr'><strong>libidiues</strong></span> <span class='ocrx_word' id='word_1_503' title='bbox 849 4333 863 4357; x_wconf 93' lang='lat'><strong>,</strong></span> <span class='ocrx_word' id='word_1_504' title='bbox 888 4302 943 4348; x_wconf 89' lang='lat' dir='ltr'><strong>et</strong></span> <span class='ocrx_word' id='word_1_505' title='bbox 970 4295 1080 4349; x_wconf 89' lang='lat' dir='ltr'><strong>illis</strong></span> <span class='ocrx_word' id='word_1_506' title='bbox 1123 4293 1424 4360; x_wconf 86' lang='lat' dir='ltr'><strong>subjectos,</strong></span> <span class='ocrx_word' id='word_1_507' title='bbox 1449 4295 1912 4356; x_wconf 84' lang='lat' dir='ltr'><strong>obsecundantcs,</strong></span> 
     </span>
    </p>
   </div>
   <div class='ocr_carea' id='block_1_76' title="bbox 330 4381 1915 4451">
    <p class='ocr_par' dir='ltr' id='par_1_76' title="bbox 330 4381 1915 4451">
     <span class='ocr_line' id='line_1_76' title="bbox 330 4381 1915 4451; baseline -0.003 -10"><span class='ocrx_word' id='word_1_508' title='bbox 330 4388 749 4447; x_wconf 71' lang='lat' dir='ltr'><strong>:enmlabantur,</strong></span> <span class='ocrx_word' id='word_1_509' title='bbox 768 4396 951 4437; x_wconf 81' lang='lat' dir='ltr'><strong>sermo</strong></span> <span class='ocrx_word' id='word_1_510' title='bbox 976 4381 1203 4451; x_wconf 78' lang='lat' dir='ltr'><strong>respicit</strong></span> <span class='ocrx_word' id='word_1_511' title='bbox 1224 4400 1236 4436; x_wconf 92' lang='lat'>:</span> <span class='ocrx_word' id='word_1_512' title='bbox 1257 4384 1442 4437; x_wconf 77' lang='lat' dir='ltr'><strong>statim</strong></span> <span class='ocrx_word' id='word_1_513' title='bbox 1458 4398 1691 4450; x_wconf 86' lang='lat' dir='ltr'><strong>namque</strong></span> <span class='ocrx_word' id='word_1_514' title='bbox 1714 4384 1915 4437; x_wconf 86' lang='lat' dir='ltr'><strong>subuc-</strong></span> 
     </span>
    </p>
   </div>
   <div class='ocr_carea' id='block_1_77' title="bbox 2027 3196 3606 3278">
    <p class='ocr_par' dir='ltr' id='par_1_77' title="bbox 2027 3196 3606 3278">
     <span class='ocr_line' id='line_1_77' title="bbox 2027 3196 3606 3278; baseline 0.006 -26"><span class='ocrx_word' id='word_1_515' title='bbox 2027 3196 2120 3252; x_wconf 85' lang='grc' dir='ltr'><strong>τοῦ</strong></span> <span class='ocrx_word' id='word_1_516' title='bbox 2175 3199 2215 3250; x_wconf 92' lang='grc' dir='ltr'><strong>Γ</strong></span> <span class='ocrx_word' id='word_1_517' title='bbox 2218 3198 2428 3269; x_wconf 76' lang='grc' dir='ltr'>αρίξειν</span> <span class='ocrx_word' id='word_1_518' title='bbox 2475 3204 3018 3274; x_wconf 80' lang='grc' dir='ltr'>προσαγορευομένου</span> <span class='ocrx_word' id='word_1_519' title='bbox 3052 3222 3066 3236; x_wconf 73' lang='grc'><strong><em>³</em></strong></span> <span class='ocrx_word' id='word_1_520' title='bbox 3107 3205 3221 3259; x_wconf 85' lang='grc' dir='ltr'>ὅσοι</span> <span class='ocrx_word' id='word_1_521' title='bbox 3270 3207 3327 3260; x_wconf 80' lang='grc' dir='ltr'><strong>δέ</strong></span> <span class='ocrx_word' id='word_1_522' title='bbox 3371 3208 3491 3278; x_wconf 79' lang='grc' dir='ltr'>οὐχὶ</span> <span class='ocrx_word' id='word_1_523' title='bbox 3539 3210 3606 3262; x_wconf 78' lang='grc' dir='ltr'>δι’</span> 
     </span>
    </p>
   </div>
   <div class='ocr_carea' id='block_1_78' title="bbox 2026 3289 3609 3363">
    <p class='ocr_par' dir='ltr' id='par_1_78' title="bbox 2026 3289 3609 3363">
     <span class='ocr_line' id='line_1_78' title="bbox 2026 3289 3609 3363; baseline 0.008 -22"><span class='ocrx_word' id='word_1_524' title='bbox 2026 3289 2298 3358; x_wconf 79' lang='grc' dir='ltr'>εὐλογίαν,</span> <span class='ocrx_word' id='word_1_525' title='bbox 2333 3293 2427 3344; x_wconf 76' lang='grc' dir='ltr'>καὶ</span> <span class='ocrx_word' id='word_1_526' title='bbox 2476 3292 2693 3361; x_wconf 80' lang='grc' dir='ltr'>φιλίαν,</span> <span class='ocrx_word' id='word_1_527' title='bbox 2726 3295 2820 3348; x_wconf 77' lang='grc' dir='ltr'>καὶ</span> <span class='ocrx_word' id='word_1_528' title='bbox 2868 3295 3088 3351; x_wconf 76' lang='grc' dir='ltr'>ἔπαινον</span> <span class='ocrx_word' id='word_1_529' title='bbox 3141 3298 3235 3351; x_wconf 88' lang='grc' dir='ltr'><strong>τοῦ</strong></span> <span class='ocrx_word' id='word_1_530' title='bbox 3285 3299 3442 3363; x_wconf 82' lang='grc' dir='ltr'>Θεοῦ,</span> <span class='ocrx_word' id='word_1_531' title='bbox 3473 3300 3609 3355; x_wconf 78' lang='grc' dir='ltr'>ἀλλὰ</span> 
     </span>
    </p>
   </div>
   <div class='ocr_carea' id='block_1_79' title="bbox 2023 3377 3610 3450">
    <p class='ocr_par' dir='ltr' id='par_1_79' title="bbox 2023 3377 3610 3450">
     <span class='ocr_line' id='line_1_79' title="bbox 2023 3377 3610 3450; baseline 0.007 -20"><span class='ocrx_word' id='word_1_532' title='bbox 2023 3377 2113 3430; x_wconf 75' lang='grc' dir='ltr'><strong>διὰ</strong></span> <span class='ocrx_word' id='word_1_533' title='bbox 2148 3378 2239 3432; x_wconf 86' lang='grc' dir='ltr'><strong>τὸν</strong></span> <span class='ocrx_word' id='word_1_534' title='bbox 2284 3379 2448 3447; x_wconf 76' lang='grc' dir='ltr'>φόϐον</span> <span class='ocrx_word' id='word_1_535' title='bbox 2474 3379 2584 3432; x_wconf 85' lang='grc' dir='ltr'>τῶν</span> <span class='ocrx_word' id='word_1_536' title='bbox 2632 3381 3032 3450; x_wconf 83' lang='grc' dir='ltr'>ἀπειληθεισῶν</span> <span class='ocrx_word' id='word_1_537' title='bbox 3061 3385 3336 3440; x_wconf 84' lang='grc' dir='ltr'>κολάσεων</span> <span class='ocrx_word' id='word_1_538' title='bbox 3367 3388 3436 3441; x_wconf 89' lang='grc' dir='ltr'><strong>τά</strong></span> <span class='ocrx_word' id='word_1_539' title='bbox 3469 3389 3610 3443; x_wconf 79' lang='grc' dir='ltr'><strong>καλά</strong></span> 
     </span>
    </p>
   </div>
   <div class='ocr_carea' id='block_1_80' title="bbox 2023 3465 3611 3546">
    <p class='ocr_par' dir='ltr' id='par_1_80' title="bbox 2023 3465 3611 3546">
     <span class='ocr_line' id='line_1_80' title="bbox 2023 3465 3611 3546; baseline 0.006 -25"><span class='ocrx_word' id='word_1_540' title='bbox 2023 3466 2360 3522; x_wconf 78' lang='grc' dir='ltr'>ἐπιτελοῦσιν</span> <span class='ocrx_word' id='word_1_541' title='bbox 2399 3468 2558 3539; x_wconf 74' lang='grc' dir='ltr'>ἔργα,</span> <span class='ocrx_word' id='word_1_542' title='bbox 2611 3465 2760 3524; x_wconf 71' lang='grc' dir='ltr'>οὗτοι</span> <span class='ocrx_word' id='word_1_543' title='bbox 2813 3472 3063 3541; x_wconf 83' lang='grc' dir='ltr'>λέγονται.</span> <span class='ocrx_word' id='word_1_544' title='bbox 3104 3471 3244 3530; x_wconf 78' lang='grc' dir='ltr'>εἶναι</span> <span class='ocrx_word' id='word_1_545' title='bbox 3292 3478 3458 3546; x_wconf 83' lang='grc' dir='ltr'>ἐγγὺς</span> <span class='ocrx_word' id='word_1_546' title='bbox 3512 3478 3611 3531; x_wconf 82' lang='grc' dir='ltr'><strong>τοῦ</strong></span> 
     </span>
    </p>
   </div>
   <div class='ocr_carea' id='block_1_81' title="bbox 2021 3558 3604 3638">
    <p class='ocr_par' dir='ltr' id='par_1_81' title="bbox 2021 3558 3604 3638">
     <span class='ocr_line' id='line_1_81' title="bbox 2021 3558 3604 3638; baseline 0.008 -27"><span class='ocrx_word' id='word_1_547' title='bbox 2021 3558 2180 3628; x_wconf 78' lang='grc' dir='ltr'>ὅρους</span> <span class='ocrx_word' id='word_1_548' title='bbox 2208 3559 2429 3624; x_wconf 76' lang='grc' dir='ltr'>Γαιϐὰλ,</span> <span class='ocrx_word' id='word_1_549' title='bbox 2463 3562 2596 3613; x_wconf 83' lang='grc' dir='ltr'>ὅπου</span> <span class='ocrx_word' id='word_1_550' title='bbox 2626 3563 2680 3615; x_wconf 81' lang='lat' dir='ltr'><strong>ai</strong></span> <span class='ocrx_word' id='word_1_551' title='bbox 2713 3563 2948 3633; x_wconf 84' lang='grc' dir='ltr'>κατάραι</span> <span class='ocrx_word' id='word_1_552' title='bbox 2983 3565 3264 3635; x_wconf 84' lang='grc' dir='ltr'>ἐδόθησαν,</span> <span class='ocrx_word' id='word_1_553' title='bbox 3290 3569 3387 3638; x_wconf 76' lang='grc' dir='ltr'>οὐχ</span> <span class='ocrx_word' id='word_1_554' title='bbox 3427 3570 3512 3622; x_wconf 79' lang='grc' dir='ltr'><strong>ἴνα</strong></span> <span class='ocrx_word' id='word_1_555' title='bbox 3549 3572 3604 3623; x_wconf 83' lang='grc' dir='ltr'><strong>ἐν</strong></span> 
     </span>
    </p>
   </div>
   <div class='ocr_carea' id='block_1_82' title="bbox 2021 3648 3602 3722">
    <p class='ocr_par' dir='ltr' id='par_1_82' title="bbox 2021 3648 3602 3722">
     <span class='ocr_line' id='line_1_82' title="bbox 2021 3648 3602 3722; baseline 0.008 -20"><span class='ocrx_word' id='word_1_556' title='bbox 2021 3648 2240 3721; x_wconf 81' lang='grc' dir='ltr'>κατάρᾳ</span> <span class='ocrx_word' id='word_1_557' title='bbox 2275 3650 2501 3719; x_wconf 83' lang='grc' dir='ltr'>γένηται</span> <span class='ocrx_word' id='word_1_558' title='bbox 2533 3652 2561 3703; x_wconf 85' lang='grc' dir='ltr'>ὁ</span> <span class='ocrx_word' id='word_1_559' title='bbox 2600 3652 2752 3722; x_wconf 83' lang='grc' dir='ltr'><strong>παρά</strong></span> <span class='ocrx_word' id='word_1_560' title='bbox 2771 3652 2847 3722; x_wconf 84' lang='grc' dir='ltr'>τῷ</span> <span class='ocrx_word' id='word_1_561' title='bbox 2883 3653 3086 3707; x_wconf 83' lang='grc' dir='ltr'>Γαισάλ</span> <span class='ocrx_word' id='word_1_562' title='bbox 3112 3658 3348 3721; x_wconf 66' lang='grc' dir='ltr'>σταθεὶς,</span> <span class='ocrx_word' id='word_1_563' title='bbox 3380 3660 3496 3712; x_wconf 87' lang='grc' dir='ltr'>ἀλλ’</span> <span class='ocrx_word' id='word_1_564' title='bbox 3519 3661 3602 3714; x_wconf 72' lang='grc' dir='ltr'><strong>ῖια</strong></span> 
     </span>
    </p>
   </div>
   <div class='ocr_carea' id='block_1_83' title="bbox 2021 3743 3605 3821">
    <p class='ocr_par' dir='ltr' id='par_1_83' title="bbox 2021 3743 3605 3821">
     <span class='ocr_line' id='line_1_83' title="bbox 2021 3743 3605 3821; baseline 0.005 -24"><span class='ocrx_word' id='word_1_565' title='bbox 2021 3744 2352 3814; x_wconf 84' lang='grc' dir='ltr'>θεασάμενος</span> <span class='ocrx_word' id='word_1_566' title='bbox 2382 3744 2480 3808; x_wconf 74' lang='grc' dir='ltr'>τὰς</span> <span class='ocrx_word' id='word_1_567' title='bbox 2511 3743 2751 3814; x_wconf 71' lang='grc' dir='ltr'>φοϐεράς</span> <span class='ocrx_word' id='word_1_568' title='bbox 2789 3745 3035 3817; x_wconf 79' lang='grc' dir='ltr'>κατάρας</span> <span class='ocrx_word' id='word_1_569' title='bbox 3073 3748 3237 3802; x_wconf 76' lang='grc' dir='ltr'>παντὶ</span> <span class='ocrx_word' id='word_1_570' title='bbox 3276 3751 3452 3804; x_wconf 78' lang='grc' dir='ltr'>σθένει</span> <span class='ocrx_word' id='word_1_571' title='bbox 3504 3770 3605 3821; x_wconf 80' lang='grc' dir='ltr'>φυ-</span> 
     </span>
    </p>
   </div>
   <div class='ocr_carea' id='block_1_84' title="bbox 2019 3834 3071 3906">
    <p class='ocr_par' dir='ltr' id='par_1_84' title="bbox 2019 3834 3071 3906">
     <span class='ocr_line' id='line_1_84' title="bbox 2019 3834 3071 3906; baseline 0.003 -17"><span class='ocrx_word' id='word_1_572' title='bbox 2019 3834 2246 3906; x_wconf 77' lang='grc' dir='ltr'>λάξηται</span> <span class='ocrx_word' id='word_1_573' title='bbox 2280 3834 2372 3887; x_wconf 88' lang='grc' dir='ltr'><strong>τοῦ</strong></span> <span class='ocrx_word' id='word_1_574' title='bbox 2406 3836 2480 3905; x_wconf 85' lang='grc' dir='ltr'>μὴ</span> <span class='ocrx_word' id='word_1_575' title='bbox 2518 3837 2834 3905; x_wconf 79' lang='grc' dir='ltr'>περιπεσεῖν</span> <span class='ocrx_word' id='word_1_576' title='bbox 2859 3838 3071 3900; x_wconf 81' lang='grc' dir='ltr'>αὑταῖς.</span> 
     </span>
    </p>
   </div>
   <div class='ocr_carea' id='block_1_85' title="bbox 2526 3924 3095 3999">
    <p class='ocr_par' dir='ltr' id='par_1_85' title="bbox 2526 3924 3095 3999">
     <span class='ocr_line' id='line_1_85' title="bbox 2526 3924 3095 3999; baseline 0.007 -20"><span class='ocrx_word' id='word_1_577' title='bbox 2526 3924 2646 3980; x_wconf 76' lang='lat' dir='ltr'><strong>ae&#39;.</strong></span> <span class='ocrx_word' id='word_1_578' title='bbox 2677 3956 2748 3967; x_wconf 83' lang='lat'><strong>—</strong></span> <span class='ocrx_word' id='word_1_579' title='bbox 2779 3927 3095 3999; x_wconf 65' lang='lat' dir='ltr'><strong>meon.</strong></span> 
     </span>
    </p>
   </div>
   <div class='ocr_carea' id='block_1_86' title="bbox 2090 4017 3604 4092">
    <p class='ocr_par' dir='ltr' id='par_1_86' title="bbox 2090 4017 3604 4092">
     <span class='ocr_line' id='line_1_86' title="bbox 2090 4017 3604 4092; baseline -0.003 -6"><span class='ocrx_word' id='word_1_580' title='bbox 2090 4019 2183 4092; x_wconf 76' lang='grc' dir='ltr'><strong>Μὴ</strong></span> <span class='ocrx_word' id='word_1_581' title='bbox 2203 4017 2411 4091; x_wconf 73' lang='grc' dir='ltr'>νόμιζε.</span> <span class='ocrx_word' id='word_1_582' title='bbox 2436 4018 2518 4072; x_wconf 76' lang='grc' dir='ltr'><strong>δτι</strong></span> <span class='ocrx_word' id='word_1_583' title='bbox 2562 4017 2699 4090; x_wconf 77' lang='grc' dir='ltr'>πρὸς</span> <span class='ocrx_word' id='word_1_584' title='bbox 2731 4019 2857 4082; x_wconf 72' lang='grc' dir='ltr'>τοὺς</span> <span class='ocrx_word' id='word_1_585' title='bbox 2886 4018 3178 4091; x_wconf 82' lang='grc' dir='ltr'>Σοδομίτας</span> <span class='ocrx_word' id='word_1_586' title='bbox 3203 4022 3545 4080; x_wconf 85' lang='grc' dir='ltr'>ἀποτείνεται</span> <span class='ocrx_word' id='word_1_587' title='bbox 3576 4031 3604 4081; x_wconf 87' lang='grc' dir='ltr'><strong>ό</strong></span> 
     </span>
    </p>
   </div>
   <div class='ocr_carea' id='block_1_87' title="bbox 2021 4107 3602 4182">
    <p class='ocr_par' dir='ltr' id='par_1_87' title="bbox 2021 4107 3602 4182">
     <span class='ocr_line' id='line_1_87' title="bbox 2021 4107 3602 4182; baseline 0.003 -19"><span class='ocrx_word' id='word_1_588' title='bbox 2021 4111 2306 4182; x_wconf 80' lang='grc' dir='ltr'>προφήτης</span> <span class='ocrx_word' id='word_1_589' title='bbox 2347 4108 2578 4171; x_wconf 79' lang='grc' dir='ltr'>Ἡσαΐας</span> <span class='ocrx_word' id='word_1_590' title='bbox 2626 4107 2836 4178; x_wconf 82' lang='grc' dir='ltr'>λέγων’</span> <span class='ocrx_word' id='word_1_591' title='bbox 2874 4128 2894 4161; x_wconf 84' lang='grc' dir='ltr'><strong>ι</strong></span> <span class='ocrx_word' id='word_1_592' title='bbox 2948 4110 3241 4165; x_wconf 72' lang='grc' dir='ltr'>Ἀκούσατε</span> <span class='ocrx_word' id='word_1_593' title='bbox 3282 4112 3439 4182; x_wconf 81' lang='grc' dir='ltr'>λόγον</span> <span class='ocrx_word' id='word_1_594' title='bbox 3488 4117 3602 4168; x_wconf 82' lang='grc' dir='ltr'><strong>Κυ-</strong></span> 
     </span>
    </p>
   </div>
   <div class='ocr_carea' id='block_1_88' title="bbox 2022 4200 3602 4275">
    <p class='ocr_par' dir='ltr' id='par_1_88' title="bbox 2022 4200 3602 4275">
     <span class='ocr_line' id='line_1_88' title="bbox 2022 4200 3602 4275; baseline 0.005 -23"><span class='ocrx_word' id='word_1_595' title='bbox 2022 4201 2158 4269; x_wconf 80' lang='grc' dir='ltr'>ρίου,</span> <span class='ocrx_word' id='word_1_596' title='bbox 2188 4202 2451 4271; x_wconf 79' lang='grc' dir='ltr'>ἄρχοντες</span> <span class='ocrx_word' id='word_1_597' title='bbox 2476 4200 2743 4270; x_wconf 85' lang='grc' dir='ltr'>Σοδόμων.</span> <span class='ocrx_word' id='word_1_598' title='bbox 2786 4220 2805 4252; x_wconf 77' lang='grc' dir='ltr'><strong>ι</strong></span> <span class='ocrx_word' id='word_1_599' title='bbox 2839 4200 2983 4271; x_wconf 78' lang='grc' dir='ltr'>Πρὸς</span> <span class='ocrx_word' id='word_1_600' title='bbox 3033 4203 3139 4273; x_wconf 82' lang='grc' dir='ltr'><strong>γὰρ</strong></span> <span class='ocrx_word' id='word_1_601' title='bbox 3171 4204 3297 4266; x_wconf 76' lang='grc' dir='ltr'>τοὺς</span> <span class='ocrx_word' id='word_1_602' title='bbox 3335 4206 3602 4275; x_wconf 81' lang='grc' dir='ltr'>ἄρχοντας</span> 
     </span>
    </p>
   </div>
   <div class='ocr_carea' id='block_1_89' title="bbox 2015 4293 3601 4368">
    <p class='ocr_par' dir='ltr' id='par_1_89' title="bbox 2015 4293 3601 4368">
     <span class='ocr_line' id='line_1_89' title="bbox 2015 4293 3601 4368; baseline 0.004 -23"><span class='ocrx_word' id='word_1_603' title='bbox 2015 4293 2124 4346; x_wconf 84' lang='grc' dir='ltr'>τῶν</span> <span class='ocrx_word' id='word_1_604' title='bbox 2169 4293 2437 4347; x_wconf 86' lang='grc' dir='ltr'>Ἰουδαίων</span> <span class='ocrx_word' id='word_1_605' title='bbox 2482 4296 2510 4347; x_wconf 86' lang='grc' dir='ltr'><strong>ό</strong></span> <span class='ocrx_word' id='word_1_606' title='bbox 2538 4293 2697 4362; x_wconf 82' lang='grc' dir='ltr'>λόγος</span> <span class='ocrx_word' id='word_1_607' title='bbox 2733 4295 2914 4357; x_wconf 66' lang='grc' dir='ltr'>αὐτὸς,</span> <span class='ocrx_word' id='word_1_608' title='bbox 2957 4294 3325 4364; x_wconf 75' lang='grc' dir='ltr'>μιμουμένους</span> <span class='ocrx_word' id='word_1_609' title='bbox 3365 4299 3431 4367; x_wconf 77' lang='grc' dir='ltr'><strong>τῇ</strong></span> <span class='ocrx_word' id='word_1_610' title='bbox 3463 4300 3601 4368; x_wconf 80' lang='grc' dir='ltr'>πρά-</span> 
     </span>
    </p>
   </div>
   <div class='ocr_carea' id='block_1_90' title="bbox 2019 4384 3600 4457">
    <p class='ocr_par' dir='ltr' id='par_1_90' title="bbox 2019 4384 3600 4457">
     <span class='ocr_line' id='line_1_90' title="bbox 2019 4384 3600 4457; baseline 0.003 -20"><span class='ocrx_word' id='word_1_611' title='bbox 2019 4385 2100 4449; x_wconf 81' lang='grc' dir='ltr'><strong>ξει</strong></span> <span class='ocrx_word' id='word_1_612' title='bbox 2129 4385 2228 4449; x_wconf 82' lang='grc' dir='ltr'><strong>τὰς</strong></span> <span class='ocrx_word' id='word_1_613' title='bbox 2257 4384 2364 4438; x_wconf 84' lang='grc' dir='ltr'>τῶν</span> <span class='ocrx_word' id='word_1_614' title='bbox 2395 4385 2698 4457; x_wconf 83' lang='grc' dir='ltr'>Σοδομιτῶν</span> <span class='ocrx_word' id='word_1_615' title='bbox 2729 4386 3170 4456; x_wconf 78' lang='grc' dir='ltr'>αίσχροπραγίας</span> <span class='ocrx_word' id='word_1_616' title='bbox 3206 4387 3303 4439; x_wconf 71' lang='grc' dir='ltr'>σὺν</span> <span class='ocrx_word' id='word_1_617' title='bbox 3329 4391 3442 4450; x_wconf 89' lang='grc' dir='ltr'>τοῖς</span> <span class='ocrx_word' id='word_1_618' title='bbox 3468 4390 3600 4443; x_wconf 66' lang='grc' dir='ltr'>ὑπο-</span> 
     </span>
    </p>
   </div>
   <div class='ocr_carea' id='block_1_91' title="bbox 329 4458 1924 4551">
    <p class='ocr_par' dir='ltr' id='par_1_91' title="bbox 329 4471 1913 4542">
     <span class='ocr_line' id='line_1_91' title="bbox 329 4471 1913 4542; baseline -0.004 -9"><span class='ocrx_word' id='word_1_619' title='bbox 329 4483 445 4533; x_wconf 75' lang='lat' dir='ltr'><strong>ctit:</strong></span> <span class='ocrx_word' id='word_1_620' title='bbox 474 4497 492 4528; x_wconf 78' lang='grc' dir='ltr'><strong>ι</strong></span> <span class='ocrx_word' id='word_1_621' title='bbox 507 4476 782 4529; x_wconf 74' lang='lat' dir='ltr'><strong>Attendite</strong></span> <span class='ocrx_word' id='word_1_622' title='bbox 795 4473 895 4542; x_wconf 64' lang='lat' dir='ltr'><strong>legi</strong></span> <span class='ocrx_word' id='word_1_623' title='bbox 917 4472 1007 4527; x_wconf 89' lang='lat' dir='ltr'><strong>Dei</strong></span> <span class='ocrx_word' id='word_1_624' title='bbox 1024 4471 1257 4542; x_wconf 89' lang='lat' dir='ltr'><strong>populus</strong></span> <span class='ocrx_word' id='word_1_625' title='bbox 1274 4472 1608 4528; x_wconf 73' lang='lat' dir='ltr'><strong>Gomorrbze.</strong></span> <span class='ocrx_word' id='word_1_626' title='bbox 1628 4473 1766 4538; x_wconf 83' lang='lat' dir='ltr'><strong>Quid</strong></span> <span class='ocrx_word' id='word_1_627' title='bbox 1784 4475 1913 4528; x_wconf 86' lang='lat' dir='ltr'><strong>mibi</strong></span> 
     </span>
    </p>
   </div>
   <div class='ocr_carea' id='block_1_92' title="bbox 2034 4458 3599 4551">
    <p class='ocr_par' dir='ltr' id='par_1_92' title="bbox 2034 4475 3599 4551">
     <span class='ocr_line' id='line_1_92' title="bbox 2034 4475 3599 4551; baseline 0.003 -22"><span class='ocrx_word' id='word_1_628' title='bbox 2034 4479 2373 4547; x_wconf 70' lang='grc' dir='ltr'>τεταγμένοις</span> <span class='ocrx_word' id='word_1_629' title='bbox 2395 4494 2406 4509; x_wconf 70' lang='grc' dir='ltr'><strong>ι</strong></span> <span class='ocrx_word' id='word_1_630' title='bbox 2433 4478 2592 4541; x_wconf 68' lang='grc' dir='ltr'>εὐθὺς</span> <span class='ocrx_word' id='word_1_631' title='bbox 2617 4478 2725 4547; x_wconf 72' lang='grc' dir='ltr'>γὰρ</span> <span class='ocrx_word' id='word_1_632' title='bbox 2746 4475 2993 4545; x_wconf 79' lang='grc' dir='ltr'>ἐπιφέρει</span> <span class='ocrx_word' id='word_1_633' title='bbox 3026 4493 3038 4505; x_wconf 92' lang='grc'><strong>·</strong></span> <span class='ocrx_word' id='word_1_634' title='bbox 3069 4495 3085 4526; x_wconf 84' lang='grc' dir='ltr'><strong>ι</strong></span> <span class='ocrx_word' id='word_1_635' title='bbox 3126 4477 3425 4547; x_wconf 77' lang='grc' dir='ltr'>Προσέχετε</span> <span class='ocrx_word' id='word_1_636' title='bbox 3448 4480 3599 4551; x_wconf 81' lang='grc' dir='ltr'>νόμῳ</span> 
     </span>
    </p>
   </div>
   <div class='ocr_carea' id='block_1_93' title="bbox 330 4564 1911 4640">
    <p class='ocr_par' dir='ltr' id='par_1_93' title="bbox 330 4564 1911 4640">
     <span class='ocr_line' id='line_1_93' title="bbox 330 4564 1911 4640; baseline -0.004 -16"><span class='ocrx_word' id='word_1_637' title='bbox 330 4573 489 4640; x_wconf 80' lang='lat' dir='ltr'><strong>copia</strong></span> <span class='ocrx_word' id='word_1_638' title='bbox 524 4565 928 4624; x_wconf 79' lang='lat' dir='ltr'><strong>sacriﬁciorum</strong></span> <span class='ocrx_word' id='word_1_639' title='bbox 949 4573 1260 4620; x_wconf 82' lang='lat' dir='ltr'><strong>vestrorum</strong></span> <span class='ocrx_word' id='word_1_640' title='bbox 1281 4566 1305 4618; x_wconf 69' lang='grc' dir='ltr'><strong>’ἔ</strong></span> <span class='ocrx_word' id='word_1_641' title='bbox 1329 4564 1467 4619; x_wconf 91' lang='lat' dir='ltr'><strong>dicit</strong></span> <span class='ocrx_word' id='word_1_642' title='bbox 1495 4565 1761 4621; x_wconf 88' lang='lat' dir='ltr'><strong>Dominus</strong></span> <span class='ocrx_word' id='word_1_643' title='bbox 1793 4567 1859 4620; x_wconf 81' lang='lat'><strong>&quot;.</strong></span> <span class='ocrx_word' id='word_1_644' title='bbox 1893 4585 1911 4618; x_wconf 79' lang='grc' dir='ltr'><strong>ι</strong></span> 
     </span>
    </p>
   </div>
   <div class='ocr_carea' id='block_1_94' title="bbox 332 4655 1917 4720">
    <p class='ocr_par' dir='ltr' id='par_1_94' title="bbox 332 4655 1917 4720">
     <span class='ocr_line' id='line_1_94' title="bbox 332 4655 1917 4720; baseline -0.001 -5"><span class='ocrx_word' id='word_1_645' title='bbox 332 4663 398 4716; x_wconf 69' lang='lat' dir='ltr'><strong>lit</strong></span> <span class='ocrx_word' id='word_1_646' title='bbox 426 4675 606 4717; x_wconf 87' lang='lat' dir='ltr'><strong>tamen</strong></span> <span class='ocrx_word' id='word_1_647' title='bbox 636 4658 987 4714; x_wconf 76' lang='lat' dir='ltr'><strong>manifestum</strong></span> <span class='ocrx_word' id='word_1_648' title='bbox 1018 4664 1103 4713; x_wconf 88' lang='lat' dir='ltr'><strong>est</strong></span> <span class='ocrx_word' id='word_1_649' title='bbox 1154 4671 1260 4711; x_wconf 92' lang='lat' dir='ltr'><strong>non</strong></span> <span class='ocrx_word' id='word_1_650' title='bbox 1305 4655 1654 4720; x_wconf 84' lang='lat' dir='ltr'><strong>Sodomitas,</strong></span> <span class='ocrx_word' id='word_1_651' title='bbox 1714 4661 1917 4715; x_wconf 83' lang='lat' dir='ltr'><strong>multo-</strong></span> 
     </span>
    </p>
   </div>
   <div class='ocr_carea' id='block_1_95' title="bbox 2016 4565 3599 4638">
    <p class='ocr_par' dir='ltr' id='par_1_95' title="bbox 2016 4565 3599 4638">
     <span class='ocr_line' id='line_1_95' title="bbox 2016 4565 3599 4638; baseline 0.004 -19"><span class='ocrx_word' id='word_1_652' title='bbox 2016 4566 2152 4621; x_wconf 82' lang='grc' dir='ltr'><strong>Θεοῦ</strong></span> <span class='ocrx_word' id='word_1_653' title='bbox 2202 4566 2330 4630; x_wconf 68' lang='grc' dir='ltr'>λαὸς</span> <span class='ocrx_word' id='word_1_654' title='bbox 2384 4566 2689 4638; x_wconf 66' lang='grc' dir='ltr'>Γομόρρας.</span> <span class='ocrx_word' id='word_1_655' title='bbox 2720 4566 2782 4618; x_wconf 89' lang='grc' dir='ltr'>Τί</span> <span class='ocrx_word' id='word_1_656' title='bbox 2837 4583 2926 4636; x_wconf 86' lang='grc' dir='ltr'><strong>μοι</strong></span> <span class='ocrx_word' id='word_1_657' title='bbox 2986 4565 3189 4634; x_wconf 75' lang='grc' dir='ltr'>πλῆθος</span> <span class='ocrx_word' id='word_1_658' title='bbox 3241 4567 3349 4620; x_wconf 82' lang='grc' dir='ltr'><strong>τῶν</strong></span> <span class='ocrx_word' id='word_1_659' title='bbox 3397 4569 3599 4626; x_wconf 81' lang='grc' dir='ltr'>θυσιῶν</span> 
     </span>
    </p>
   </div>
   <div class='ocr_carea' id='block_1_96' title="bbox 2017 4655 3596 4732">
    <p class='ocr_par' dir='ltr' id='par_1_96' title="bbox 2017 4655 3596 4732">
     <span class='ocr_line' id='line_1_96' title="bbox 2017 4655 3596 4732; baseline 0.004 -22"><span class='ocrx_word' id='word_1_660' title='bbox 2017 4658 2206 4728; x_wconf 81' lang='grc' dir='ltr'>ὑμῶνς</span> <span class='ocrx_word' id='word_1_661' title='bbox 2241 4658 2389 4726; x_wconf 80' lang='grc' dir='ltr'>λέγει</span> <span class='ocrx_word' id='word_1_662' title='bbox 2423 4658 2644 4728; x_wconf 80' lang='grc' dir='ltr'>Κύριος.</span> <span class='ocrx_word' id='word_1_663' title='bbox 2678 4675 2697 4709; x_wconf 76' lang='grc' dir='ltr'><strong>ι</strong></span> <span class='ocrx_word' id='word_1_664' title='bbox 2737 4656 2903 4725; x_wconf 77' lang='grc' dir='ltr'>Δῆλον</span> <span class='ocrx_word' id='word_1_665' title='bbox 2930 4655 3008 4719; x_wconf 76' lang='grc' dir='ltr'>δὲ,</span> <span class='ocrx_word' id='word_1_666' title='bbox 3037 4657 3119 4710; x_wconf 80' lang='grc' dir='ltr'>ὅτι</span> <span class='ocrx_word' id='word_1_667' title='bbox 3149 4658 3271 4728; x_wconf 69' lang='grc' dir='ltr'>οὐχὶ</span> <span class='ocrx_word' id='word_1_668' title='bbox 3291 4660 3596 4732; x_wconf 54' lang='grc' dir='ltr'>Σοδομῖται,</span> 
     </span>
    </p>
   </div>
   <div class='ocr_carea' id='block_1_97' title="bbox 331 4748 1924 4825">
    <p class='ocr_par' dir='ltr' id='par_1_97' title="bbox 331 4748 1917 4821">
     <span class='ocr_line' id='line_1_97' title="bbox 331 4748 1917 4821; baseline -0.001 -14"><span class='ocrx_word' id='word_1_669' title='bbox 331 4769 440 4821; x_wconf 81' lang='lat' dir='ltr'><strong>que</strong></span> <span class='ocrx_word' id='word_1_670' title='bbox 478 4752 661 4807; x_wconf 88' lang='lat' dir='ltr'><strong>minus</strong></span> <span class='ocrx_word' id='word_1_671' title='bbox 709 4748 1125 4806; x_wconf 85' lang='lat' dir='ltr'><strong>Gomorrbenos</strong></span> <span class='ocrx_word' id='word_1_672' title='bbox 1160 4763 1401 4820; x_wconf 90' lang='lat' dir='ltr'><strong>unquam</strong></span> <span class='ocrx_word' id='word_1_673' title='bbox 1432 4789 1445 4813; x_wconf 92' lang='lat'><strong>,</strong></span> <span class='ocrx_word' id='word_1_674' title='bbox 1491 4749 1585 4805; x_wconf 88' lang='lat' dir='ltr'><strong>sed</strong></span> <span class='ocrx_word' id='word_1_675' title='bbox 1636 4749 1917 4806; x_wconf 87' lang='lat' dir='ltr'><strong>Israelitas</strong></span> 
     </span>
    </p>
   </div>
   <div class='ocr_carea' id='block_1_98' title="bbox 2034 4748 3599 4825">
    <p class='ocr_par' dir='ltr' id='par_1_98' title="bbox 2034 4748 3599 4825">
     <span class='ocr_line' id='line_1_98' title="bbox 2034 4748 3599 4825; baseline 0.003 -22"><span class='ocrx_word' id='word_1_676' title='bbox 2034 4753 2074 4803; x_wconf 67' lang='lat'><strong>&gt;0</strong></span> <span class='ocrx_word' id='word_1_677' title='bbox 2099 4750 2156 4804; x_wconf 81' lang='grc' dir='ltr'>δὲ</span> <span class='ocrx_word' id='word_1_678' title='bbox 2189 4750 2295 4821; x_wconf 77' lang='grc' dir='ltr'><strong>μὴν</strong></span> <span class='ocrx_word' id='word_1_679' title='bbox 2339 4750 2678 4822; x_wconf 69' lang='grc' dir='ltr'>Γομορῤηνοὶ</span> <span class='ocrx_word' id='word_1_680' title='bbox 2712 4748 2953 4813; x_wconf 80' lang='grc' dir='ltr'>πώποτε,</span> <span class='ocrx_word' id='word_1_681' title='bbox 2994 4748 3320 4821; x_wconf 79' lang='grc' dir='ltr'>Ἰσραηλῖται</span> <span class='ocrx_word' id='word_1_682' title='bbox 3371 4752 3428 4807; x_wconf 77' lang='grc' dir='ltr'>δὲ</span> <span class='ocrx_word' id='word_1_683' title='bbox 3459 4757 3599 4825; x_wconf 78' lang='grc' dir='ltr'>μᾶλ-</span> 
     </span>
    </p>
   </div>
   <div class='ocr_carea' id='block_1_99' title="bbox 333 4839 1299 4915">
    <p class='ocr_par' dir='ltr' id='par_1_99' title="bbox 333 4839 1299 4915">
     <span class='ocr_line' id='line_1_99' title="bbox 333 4839 1299 4915; baseline -0.007 -15"><span class='ocrx_word' id='word_1_684' title='bbox 333 4846 517 4915; x_wconf 89' lang='lat' dir='ltr'><strong>potius</strong></span> <span class='ocrx_word' id='word_1_685' title='bbox 548 4844 657 4899; x_wconf 88' lang='lat' dir='ltr'><strong>Deo</strong></span> <span class='ocrx_word' id='word_1_686' title='bbox 686 4839 961 4898; x_wconf 81' lang='lat' dir='ltr'><strong>sacriﬁcia</strong></span> <span class='ocrx_word' id='word_1_687' title='bbox 1004 4840 1299 4896; x_wconf 85' lang='lat' dir='ltr'><strong>obtulisse.</strong></span> 
     </span>
    </p>
   </div>
   <div class='ocr_carea' id='block_1_100' title="bbox 476 4929 1767 4989">
    <p class='ocr_par' dir='ltr' id='par_1_100' title="bbox 476 4929 1767 4989">
     <span class='ocr_line' id='line_1_100' title="bbox 476 4929 1767 4989; baseline -0.003 -1"><span class='ocrx_word' id='word_1_688' title='bbox 476 4933 641 4989; x_wconf 75' lang='lat' dir='ltr'><strong>LXX.</strong></span> <span class='ocrx_word' id='word_1_689' title='bbox 673 4929 1002 4989; x_wconf 74' lang='grc' dir='ltr'><strong>-ΟΑΙΝΑΞ</strong></span> <span class='ocrx_word' id='word_1_690' title='bbox 1042 4929 1398 4986; x_wconf 70' lang='lat' dir='ltr'><strong>COPIABUM</strong></span> <span class='ocrx_word' id='word_1_691' title='bbox 1442 4930 1767 4987; x_wconf 71' lang='lat' dir='ltr'><strong>DUCTORI.</strong></span> 
     </span>
    </p>
   </div>
   <div class='ocr_carea' id='block_1_101' title="bbox 405 5021 1913 5093">
    <p class='ocr_par' dir='ltr' id='par_1_101' title="bbox 405 5021 1913 5093">
     <span class='ocr_line' id='line_1_101' title="bbox 405 5021 1913 5093; baseline -0.001 -15"><span class='ocrx_word' id='word_1_692' title='bbox 405 5024 587 5082; x_wconf 83' lang='lat' dir='ltr'><strong>Multis</strong></span> <span class='ocrx_word' id='word_1_693' title='bbox 650 5025 967 5080; x_wconf 69' lang='lat' dir='ltr'><strong>inanimatis</strong></span> <span class='ocrx_word' id='word_1_694' title='bbox 1007 5037 1303 5093; x_wconf 82' lang='lat' dir='ltr'><strong>personam</strong></span> <span class='ocrx_word' id='word_1_695' title='bbox 1332 5021 1601 5076; x_wconf 74' lang='lat' dir='ltr'><strong>divinitus</strong></span> <span class='ocrx_word' id='word_1_696' title='bbox 1643 5024 1913 5092; x_wconf 79' lang='lat' dir='ltr'><strong>inspirata</strong></span> 
     </span>
    </p>
   </div>
   <div class='ocr_carea' id='block_1_102' title="bbox 2015 4840 3097 4912">
    <p class='ocr_par' dir='ltr' id='par_1_102' title="bbox 2015 4840 3097 4912">
     <span class='ocr_line' id='line_1_102' title="bbox 2015 4840 3097 4912; baseline -0.003 -17"><span class='ocrx_word' id='word_1_697' title='bbox 2015 4843 2105 4895; x_wconf 87' lang='grc' dir='ltr'><strong>λον</strong></span> <span class='ocrx_word' id='word_1_698' title='bbox 2132 4842 2209 4912; x_wconf 78' lang='grc' dir='ltr'>τῷ</span> <span class='ocrx_word' id='word_1_699' title='bbox 2230 4841 2348 4912; x_wconf 82' lang='grc' dir='ltr'><strong>Θεῷ</strong></span> <span class='ocrx_word' id='word_1_700' title='bbox 2377 4843 2473 4905; x_wconf 67' lang='grc' dir='ltr'><strong>τᾶς</strong></span> <span class='ocrx_word' id='word_1_701' title='bbox 2512 4841 2702 4904; x_wconf 82' lang='grc' dir='ltr'>θυσίας</span> <span class='ocrx_word' id='word_1_702' title='bbox 2738 4840 3097 4912; x_wconf 81' lang='grc' dir='ltr'>προσέφερον.</span> 
     </span>
    </p>
   </div>
   <div class='ocr_carea' id='block_1_103' title="bbox 2331 4932 3277 5006">
    <p class='ocr_par' dir='ltr' id='par_1_103' title="bbox 2331 4932 3277 5006">
     <span class='ocr_line' id='line_1_103' title="bbox 2331 4932 3277 5006; baseline 0.006 -21"><span class='ocrx_word' id='word_1_703' title='bbox 2331 4936 2405 4987; x_wconf 85' lang='lat'><strong>0&#39;.</strong></span> <span class='ocrx_word' id='word_1_704' title='bbox 2441 4964 2510 4972; x_wconf 97' lang='lat'><strong>—</strong></span> <span class='ocrx_word' id='word_1_705' title='bbox 2532 4932 2742 5003; x_wconf 79' lang='grc' dir='ltr'><strong>ΓΑΙΝᾼ</strong></span> <span class='ocrx_word' id='word_1_706' title='bbox 2791 4933 3277 5006; x_wconf 78' lang='grc' dir='ltr'><strong>ΣΤΡΑΤΗΛΔΤῌ.</strong></span> 
     </span>
    </p>
   </div>
   <div class='ocr_carea' id='block_1_104' title="bbox 2084 5023 3591 5101">
    <p class='ocr_par' dir='ltr' id='par_1_104' title="bbox 2084 5023 3591 5101">
     <span class='ocr_line' id='line_1_104' title="bbox 2084 5023 3591 5101; baseline 0.004 -24"><span class='ocrx_word' id='word_1_707' title='bbox 2084 5023 2261 5078; x_wconf 87' lang='grc' dir='ltr'>Πολλά</span> <span class='ocrx_word' id='word_1_708' title='bbox 2309 5025 2401 5077; x_wconf 79' lang='grc' dir='ltr'>καὶ</span> <span class='ocrx_word' id='word_1_709' title='bbox 2450 5023 2559 5077; x_wconf 83' lang='grc' dir='ltr'>τῶν</span> <span class='ocrx_word' id='word_1_710' title='bbox 2610 5023 2833 5093; x_wconf 67' lang='grc' dir='ltr'>ἀψύχων</span> <span class='ocrx_word' id='word_1_711' title='bbox 2887 5031 3328 5094; x_wconf 82' lang='grc' dir='ltr'>προσωποποιεῖν</span> <span class='ocrx_word' id='word_1_712' title='bbox 3377 5026 3517 5083; x_wconf 79' lang='grc' dir='ltr'>οἶδεν</span> <span class='ocrx_word' id='word_1_713' title='bbox 3557 5035 3591 5101; x_wconf 81' lang='grc' dir='ltr'>ἡ</span> 
     </span>
    </p>
   </div>
   <div class='ocr_carea' id='block_1_105' title="bbox 331 5110 1924 5185">
    <p class='ocr_par' dir='ltr' id='par_1_105' title="bbox 331 5110 1916 5185">
     <span class='ocr_line' id='line_1_105' title="bbox 331 5110 1916 5185; baseline -0.002 -16"><span class='ocrx_word' id='word_1_714' title='bbox 331 5116 617 5185; x_wconf 82' lang='lat' dir='ltr'><strong>Scriptura</strong></span> <span class='ocrx_word' id='word_1_715' title='bbox 652 5114 820 5169; x_wconf 88' lang='lat' dir='ltr'><strong>tradit</strong></span> <span class='ocrx_word' id='word_1_716' title='bbox 847 5155 860 5176; x_wconf 90' lang='lat'><strong>,</strong></span> <span class='ocrx_word' id='word_1_717' title='bbox 907 5124 967 5169; x_wconf 91' lang='lat' dir='ltr'><strong>ut</strong></span> <span class='ocrx_word' id='word_1_718' title='bbox 998 5112 1132 5168; x_wconf 87' lang='lat' dir='ltr'><strong>illud</strong></span> <span class='ocrx_word' id='word_1_719' title='bbox 1166 5132 1179 5165; x_wconf 85' lang='lat'><strong>:</strong></span> <span class='ocrx_word' id='word_1_720' title='bbox 1214 5130 1232 5162; x_wconf 80' lang='grc' dir='ltr'><strong>ι</strong></span> <span class='ocrx_word' id='word_1_721' title='bbox 1284 5110 1435 5165; x_wconf 85' lang='lat' dir='ltr'><strong>Mare</strong></span> <span class='ocrx_word' id='word_1_722' title='bbox 1479 5111 1620 5165; x_wconf 73' lang='lat' dir='ltr'><strong>dixit</strong></span> <span class='ocrx_word' id='word_1_723' title='bbox 1664 5113 1812 5174; x_wconf 66' lang='lat' dir='ltr'><strong>haec,</strong></span> <span class='ocrx_word' id='word_1_724' title='bbox 1862 5122 1916 5168; x_wconf 91' lang='lat' dir='ltr'><strong>et</strong></span> 
     </span>
    </p>
   </div>
   <div class='ocr_carea' id='block_1_106' title="bbox 2034 5110 3592 5185">
    <p class='ocr_par' dir='ltr' id='par_1_106' title="bbox 2034 5113 3592 5185">
     <span class='ocr_line' id='line_1_106' title="bbox 2034 5113 3592 5185; baseline 0.007 -22"><span class='ocrx_word' id='word_1_725' title='bbox 2034 5114 2361 5177; x_wconf 68' lang='lat' dir='ltr'><strong>tadmausro;</strong></span> <span class='ocrx_word' id='word_1_726' title='bbox 2409 5114 2598 5185; x_wconf 85' lang='grc' dir='ltr'>Γραφὴ</span> <span class='ocrx_word' id='word_1_727' title='bbox 2624 5154 2639 5176; x_wconf 88' lang='grc'><strong>,</strong></span> <span class='ocrx_word' id='word_1_728' title='bbox 2666 5113 2743 5176; x_wconf 81' lang='grc' dir='ltr'>ὡς</span> <span class='ocrx_word' id='word_1_729' title='bbox 2777 5115 2868 5168; x_wconf 81' lang='grc' dir='ltr'><strong>τό’</strong></span> <span class='ocrx_word' id='word_1_730' title='bbox 2897 5132 2914 5165; x_wconf 89' lang='grc' dir='ltr'><strong>ι</strong></span> <span class='ocrx_word' id='word_1_731' title='bbox 2958 5116 3021 5167; x_wconf 86' lang='grc' dir='ltr'><strong><em>Ἡ</em></strong></span> <span class='ocrx_word' id='word_1_732' title='bbox 3054 5117 3295 5173; x_wconf 84' lang='grc' dir='ltr'>θάλασσα</span> <span class='ocrx_word' id='word_1_733' title='bbox 3321 5115 3443 5173; x_wconf 56' lang='lat' dir='ltr'><strong>sine</strong></span> <span class='ocrx_word' id='word_1_734' title='bbox 3472 5122 3592 5175; x_wconf 74' lang='grc' dir='ltr'>τάδε</span> 
     </span>
    </p>
   </div>
   <div class='ocr_carea' id='block_1_107' title="bbox 331 5201 1913 5276">
    <p class='ocr_par' dir='ltr' id='par_1_107' title="bbox 331 5201 1913 5276">
     <span class='ocr_line' id='line_1_107' title="bbox 331 5201 1913 5276; baseline -0.001 -16"><span class='ocrx_word' id='word_1_735' title='bbox 331 5209 480 5272; x_wconf 63' lang='lat' dir='ltr'><strong>lucc;</strong></span> <span class='ocrx_word' id='word_1_736' title='bbox 512 5213 569 5260; x_wconf 89' lang='lat' dir='ltr'><strong>et</strong></span> <span class='ocrx_word' id='word_1_737' title='bbox 595 5208 831 5276; x_wconf 79' lang='lat' dir='ltr'><strong>abyssus</strong></span> <span class='ocrx_word' id='word_1_738' title='bbox 863 5207 1042 5260; x_wconf 80' lang='lat' dir='ltr'><strong>dixit:</strong></span> <span class='ocrx_word' id='word_1_739' title='bbox 1076 5201 1206 5257; x_wconf 80' lang='lat' dir='ltr'><strong>Non</strong></span> <span class='ocrx_word' id='word_1_740' title='bbox 1233 5211 1318 5257; x_wconf 87' lang='lat' dir='ltr'><strong>est</strong></span> <span class='ocrx_word' id='word_1_741' title='bbox 1342 5202 1400 5256; x_wconf 89' lang='lat' dir='ltr'><strong>in</strong></span> <span class='ocrx_word' id='word_1_742' title='bbox 1432 5217 1517 5258; x_wconf 89' lang='lat' dir='ltr'><strong>me</strong></span> <span class='ocrx_word' id='word_1_743' title='bbox 1540 5204 1605 5256; x_wconf 82' lang='grc' dir='ltr'><strong>⁷ο.</strong></span> <span class='ocrx_word' id='word_1_744' title='bbox 1652 5222 1671 5255; x_wconf 75' lang='grc' dir='ltr'><strong>ι</strong></span> <span class='ocrx_word' id='word_1_745' title='bbox 1706 5204 1769 5257; x_wconf 84' lang='lat' dir='ltr'><strong>Et</strong></span> <span class='ocrx_word' id='word_1_746' title='bbox 1794 5220 1913 5258; x_wconf 86' lang='lat' dir='ltr'><strong>rur-</strong></span> 
     </span>
    </p>
   </div>
   <div class='ocr_carea' id='block_1_108' title="bbox 330 5294 1910 5368">
    <p class='ocr_par' dir='ltr' id='par_1_108' title="bbox 330 5294 1910 5368">
     <span class='ocr_line' id='line_1_108' title="bbox 330 5294 1910 5368; baseline 0 -16"><span class='ocrx_word' id='word_1_747' title='bbox 330 5315 425 5353; x_wconf 79' lang='lat' dir='ltr'><strong>sus</strong></span> <span class='ocrx_word' id='word_1_748' title='bbox 457 5315 511 5351; x_wconf 73' lang='grc' dir='ltr'><strong>ιι</strong></span> <span class='ocrx_word' id='word_1_749' title='bbox 536 5296 673 5351; x_wconf 65' lang='lat' dir='ltr'><strong>lei</strong></span> <span class='ocrx_word' id='word_1_750' title='bbox 704 5297 1085 5368; x_wconf 80' lang='lat' dir='ltr'><strong>enarrant31</strong></span> <span class='ocrx_word' id='word_1_751' title='bbox 1105 5298 1336 5367; x_wconf 84' lang='lat' dir='ltr'><strong>gloriam</strong></span> <span class='ocrx_word' id='word_1_752' title='bbox 1371 5294 1461 5349; x_wconf 85' lang='lat' dir='ltr'><strong>Dei</strong></span> <span class='ocrx_word' id='word_1_753' title='bbox 1493 5296 1572 5361; x_wconf 71' lang='lat'><strong>7‘;</strong></span> <span class='ocrx_word' id='word_1_754' title='bbox 1612 5314 1629 5346; x_wconf 73' lang='grc' dir='ltr'><strong>ι</strong></span> <span class='ocrx_word' id='word_1_755' title='bbox 1651 5302 1704 5350; x_wconf 88' lang='lat' dir='ltr'><strong>et</strong></span> <span class='ocrx_word' id='word_1_756' title='bbox 1728 5298 1910 5365; x_wconf 77' lang='lat' dir='ltr'><strong>gladio</strong></span> 
     </span>
    </p>
   </div>
   <div class='ocr_carea' id='block_1_109' title="bbox 332 5383 1909 5456">
    <p class='ocr_par' dir='ltr' id='par_1_109' title="bbox 332 5383 1909 5456">
     <span class='ocr_line' id='line_1_109' title="bbox 332 5383 1909 5456; baseline 0.002 -18"><span class='ocrx_word' id='word_1_757' title='bbox 332 5387 576 5456; x_wconf 67' lang='lat' dir='ltr'><strong>praecipit</strong></span> <span class='ocrx_word' id='word_1_758' title='bbox 615 5383 881 5441; x_wconf 89' lang='lat' dir='ltr'><strong>Dominus</strong></span> <span class='ocrx_word' id='word_1_759' title='bbox 912 5428 926 5450; x_wconf 92' lang='lat'><strong>,</strong></span> <span class='ocrx_word' id='word_1_760' title='bbox 962 5396 1020 5439; x_wconf 88' lang='lat' dir='ltr'><strong>ut</strong></span> <span class='ocrx_word' id='word_1_761' title='bbox 1055 5400 1178 5440; x_wconf 86' lang='lat' dir='ltr'><strong>sese</strong></span> <span class='ocrx_word' id='word_1_762' title='bbox 1204 5394 1260 5439; x_wconf 89' lang='lat' dir='ltr'><strong>et</strong></span> <span class='ocrx_word' id='word_1_763' title='bbox 1291 5399 1493 5446; x_wconf 87' lang='lat' dir='ltr'><strong>carne,</strong></span> <span class='ocrx_word' id='word_1_764' title='bbox 1530 5395 1585 5439; x_wconf 88' lang='lat' dir='ltr'><strong>et</strong></span> <span class='ocrx_word' id='word_1_765' title='bbox 1635 5389 1909 5455; x_wconf 74' lang='lat' dir='ltr'><strong>sanguine</strong></span> 
     </span>
    </p>
   </div>
   <div class='ocr_carea' id='block_1_110' title="bbox 331 5472 1911 5542">
    <p class='ocr_par' dir='ltr' id='par_1_110' title="bbox 331 5472 1911 5542">
     <span class='ocr_line' id='line_1_110' title="bbox 331 5472 1911 5542; baseline 0.004 -16"><span class='ocrx_word' id='word_1_766' title='bbox 331 5473 615 5542; x_wconf 82' lang='lat' dir='ltr'><strong>impleret,</strong></span> <span class='ocrx_word' id='word_1_767' title='bbox 663 5480 718 5526; x_wconf 89' lang='lat' dir='ltr'><strong>et</strong></span> <span class='ocrx_word' id='word_1_768' title='bbox 773 5488 802 5527; x_wconf 72' lang='grc' dir='ltr'><strong>ο</strong></span> <span class='ocrx_word' id='word_1_769' title='bbox 845 5474 1127 5529; x_wconf 87' lang='lat' dir='ltr'><strong>montibus</strong></span> <span class='ocrx_word' id='word_1_770' title='bbox 1176 5480 1232 5526; x_wconf 90' lang='lat' dir='ltr'><strong>et</strong></span> <span class='ocrx_word' id='word_1_771' title='bbox 1288 5472 1526 5528; x_wconf 87' lang='lat' dir='ltr'><strong>collibus</strong></span> <span class='ocrx_word' id='word_1_772' title='bbox 1585 5476 1911 5532; x_wconf 83' lang='lat' dir='ltr'><strong>saltationes</strong></span> 
     </span>
    </p>
   </div>
   <div class='ocr_carea' id='block_1_111' title="bbox 399 5647 2047 5715">
    <p class='ocr_par' dir='ltr' id='par_1_111' title="bbox 399 5647 2047 5715">
     <span class='ocr_line' id='line_1_111' title="bbox 399 5647 2047 5715; baseline 0.004 -13"><span class='ocrx_word' id='word_1_773' title='bbox 399 5648 445 5681; x_wconf 81' lang='grc'><strong>⁸⁸</strong></span> <span class='ocrx_word' id='word_1_774' title='bbox 480 5647 520 5702; x_wconf 86' lang='grc' dir='ltr'><strong>ΙΙ</strong></span> <span class='ocrx_word' id='word_1_775' title='bbox 550 5648 679 5704; x_wconf 89' lang='lat' dir='ltr'><strong>Cor.</strong></span> <span class='ocrx_word' id='word_1_776' title='bbox 708 5664 788 5713; x_wconf 88' lang='lat' dir='ltr'><strong>Ill,</strong></span> <span class='ocrx_word' id='word_1_777' title='bbox 812 5650 868 5703; x_wconf 75' lang='lat'><strong>2.</strong></span> <span class='ocrx_word' id='word_1_778' title='bbox 947 5652 991 5683; x_wconf 81' lang='lat'><strong>“</strong></span> <span class='ocrx_word' id='word_1_779' title='bbox 1020 5650 1207 5706; x_wconf 62' lang='lat' dir='ltr'><strong>Matth.</strong></span> <span class='ocrx_word' id='word_1_780' title='bbox 1249 5666 1321 5707; x_wconf 76' lang='grc' dir='ltr'>ιι.</span> <span class='ocrx_word' id='word_1_781' title='bbox 1358 5650 1446 5715; x_wconf 76' lang='lat'><strong>1.5.</strong></span> <span class='ocrx_word' id='word_1_782' title='bbox 1523 5652 1564 5684; x_wconf 81' lang='grc'>⁸⁷</span> <span class='ocrx_word' id='word_1_783' title='bbox 1599 5651 1772 5709; x_wconf 86' lang='lat' dir='ltr'><strong>Josuc</strong></span> <span class='ocrx_word' id='word_1_784' title='bbox 1801 5668 1919 5711; x_wconf 80' lang='grc' dir='ltr'>νιιι.</span> <span class='ocrx_word' id='word_1_785' title='bbox 1959 5656 2047 5709; x_wconf 76' lang='lat'><strong>55.</strong></span> 
     </span>
    </p>
   </div>
   <div class='ocr_carea' id='block_1_112' title="bbox 325 5717 825 5780">
    <p class='ocr_par' dir='ltr' id='par_1_112' title="bbox 325 5717 825 5780">
     <span class='ocr_line' id='line_1_112' title="bbox 325 5717 825 5780; baseline 0.004 -7"><span class='ocrx_word' id='word_1_786' title='bbox 325 5718 370 5753; x_wconf 82' lang='lat'><strong>&quot;</strong></span> <span class='ocrx_word' id='word_1_787' title='bbox 401 5717 545 5775; x_wconf 76' lang='lat' dir='ltr'><strong>Psal.</strong></span> <span class='ocrx_word' id='word_1_788' title='bbox 585 5733 742 5780; x_wconf 71' lang='grc' dir='ltr'>ινιιι,</span> <span class='ocrx_word' id='word_1_789' title='bbox 778 5723 825 5775; x_wconf 81' lang='grc'><strong>1.</strong></span> 
     </span>
    </p>
   </div>
   <div class='ocr_carea' id='block_1_113' title="bbox 2012 5199 3590 5279">
    <p class='ocr_par' dir='ltr' id='par_1_113' title="bbox 2012 5199 3590 5279">
     <span class='ocr_line' id='line_1_113' title="bbox 2012 5199 3590 5279; baseline 0.004 -21"><span class='ocrx_word' id='word_1_790' title='bbox 2012 5204 2107 5258; x_wconf 69' lang='grc' dir='ltr'>καὶ</span> <span class='ocrx_word' id='word_1_791' title='bbox 2133 5204 2278 5275; x_wconf 76' lang='grc' dir='ltr'>τάδε,</span> <span class='ocrx_word' id='word_1_792' title='bbox 2303 5206 2398 5259; x_wconf 75' lang='grc' dir='ltr'>καὶ</span> <span class='ocrx_word' id='word_1_793' title='bbox 2430 5208 2462 5276; x_wconf 86' lang='grc' dir='ltr'><strong>ή</strong></span> <span class='ocrx_word' id='word_1_794' title='bbox 2504 5204 2737 5266; x_wconf 74' lang='grc' dir='ltr'>ἄϐυσσος</span> <span class='ocrx_word' id='word_1_795' title='bbox 2770 5199 2923 5258; x_wconf 79' lang='grc' dir='ltr'>εἶπεν</span> <span class='ocrx_word' id='word_1_796' title='bbox 2952 5222 2965 5236; x_wconf 88' lang='grc'><strong>·</strong></span> <span class='ocrx_word' id='word_1_797' title='bbox 2990 5205 3103 5259; x_wconf 79' lang='grc' dir='ltr'><strong>υύκ</strong></span> <span class='ocrx_word' id='word_1_798' title='bbox 3142 5207 3287 5262; x_wconf 78' lang='grc' dir='ltr'>ἔστιν</span> <span class='ocrx_word' id='word_1_799' title='bbox 3320 5211 3379 5261; x_wconf 77' lang='grc' dir='ltr'><strong>ἐν</strong></span> <span class='ocrx_word' id='word_1_800' title='bbox 3414 5212 3590 5279; x_wconf 71' lang='grc' dir='ltr'>ἐμοί.»</span> 
     </span>
    </p>
   </div>
   <div class='ocr_carea' id='block_1_114' title="bbox 2016 5272 3597 5375">
    <p class='ocr_par' dir='ltr' id='par_1_114' title="bbox 2016 5272 3597 5375">
     <span class='ocr_line' id='line_1_114' title="bbox 2016 5272 3597 5375; baseline 0.006 -27"><span class='ocrx_word' id='word_1_801' title='bbox 2016 5296 2127 5348; x_wconf 72' lang='grc' dir='ltr'><strong>Καὶ</strong></span> <span class='ocrx_word' id='word_1_802' title='bbox 2159 5272 2321 5375; x_wconf 58' lang='grc' dir='ltr'>πάλιν</span> <span class='ocrx_word' id='word_1_803' title='bbox 2344 5313 2357 5326; x_wconf 90' lang='grc'><strong>·</strong></span> <span class='ocrx_word' id='word_1_804' title='bbox 2397 5314 2415 5347; x_wconf 82' lang='grc' dir='ltr'><strong>ι</strong></span> <span class='ocrx_word' id='word_1_805' title='bbox 2445 5272 2675 5366; x_wconf 72' lang='grc' dir='ltr'>ὸὺρανοὶ</span> <span class='ocrx_word' id='word_1_806' title='bbox 2721 5294 3034 5364; x_wconf 80' lang='grc' dir='ltr'>διηγοῦνται</span> <span class='ocrx_word' id='word_1_807' title='bbox 3063 5298 3221 5366; x_wconf 79' lang='grc' dir='ltr'>δόξαν</span> <span class='ocrx_word' id='word_1_808' title='bbox 3242 5298 3399 5352; x_wconf 82' lang='grc' dir='ltr'>Θεοῦ.</span> <span class='ocrx_word' id='word_1_809' title='bbox 3484 5301 3597 5357; x_wconf 76' lang='grc' dir='ltr'><strong>Καὶ</strong></span> 
     </span>
    </p>
   </div>
   <div class='ocr_carea' id='block_1_115' title="bbox 2014 5385 3597 5461">
    <p class='ocr_par' dir='ltr' id='par_1_115' title="bbox 2014 5385 3597 5461">
     <span class='ocr_line' id='line_1_115' title="bbox 2014 5385 3597 5461; baseline 0.005 -23"><span class='ocrx_word' id='word_1_810' title='bbox 2014 5389 2083 5457; x_wconf 77' lang='grc' dir='ltr'>τῇ</span> <span class='ocrx_word' id='word_1_811' title='bbox 2115 5388 2356 5458; x_wconf 74' lang='grc' dir='ltr'>ῥομφαία</span> <span class='ocrx_word' id='word_1_812' title='bbox 2383 5385 2967 5458; x_wconf 74' lang='grc' dir='ltr'>διακελεύεταιΚύριος</span> <span class='ocrx_word' id='word_1_813' title='bbox 2987 5389 3340 5461; x_wconf 76' lang='grc' dir='ltr'>ἐμφορεῖσθαι</span> <span class='ocrx_word' id='word_1_814' title='bbox 3365 5391 3597 5461; x_wconf 86' lang='grc' dir='ltr'>κρέατός</span> 
     </span>
    </p>
   </div>
   <div class='ocr_carea' id='block_1_116' title="bbox 2019 5475 3601 5554">
    <p class='ocr_par' dir='ltr' id='par_1_116' title="bbox 2019 5475 3601 5554">
     <span class='ocr_line' id='line_1_116' title="bbox 2019 5475 3601 5554; baseline -0.001 -22"><span class='ocrx_word' id='word_1_815' title='bbox 2019 5495 2079 5533; x_wconf 80' lang='grc' dir='ltr'><strong>τε</strong></span> <span class='ocrx_word' id='word_1_816' title='bbox 2111 5479 2205 5531; x_wconf 72' lang='grc' dir='ltr'>καὶ</span> <span class='ocrx_word' id='word_1_817' title='bbox 2247 5478 2509 5548; x_wconf 77' lang='grc' dir='ltr'>αἵματος·</span> <span class='ocrx_word' id='word_1_818' title='bbox 2534 5477 2628 5531; x_wconf 80' lang='grc' dir='ltr'>καὶ</span> <span class='ocrx_word' id='word_1_819' title='bbox 2655 5475 2757 5547; x_wconf 74' lang='grc' dir='ltr'>ὅρη</span> <span class='ocrx_word' id='word_1_820' title='bbox 2787 5479 2880 5532; x_wconf 82' lang='grc' dir='ltr'>καὶ</span> <span class='ocrx_word' id='word_1_821' title='bbox 2915 5477 3090 5548; x_wconf 64' lang='grc' dir='ltr'><strong>βουνοί⁵</strong></span> <span class='ocrx_word' id='word_1_822' title='bbox 3138 5478 3264 5542; x_wconf 77' lang='grc' dir='ltr'>τοὺς</span> <span class='ocrx_word' id='word_1_823' title='bbox 3307 5480 3408 5549; x_wconf 83' lang='grc' dir='ltr'>τῆς</span> <span class='ocrx_word' id='word_1_824' title='bbox 3445 5496 3601 5554; x_wconf 84' lang='grc' dir='ltr'>σκιρ-</span> 
     </span>
    </p>
   </div>
   <div class='ocr_carea' id='block_1_117' title="bbox 2602 5654 2942 5711">
    <p class='ocr_par' dir='ltr' id='par_1_117' title="bbox 2602 5654 2942 5711">
     <span class='ocr_line' id='line_1_117' title="bbox 2602 5654 2942 5711; baseline 0.003 -2"><span class='ocrx_word' id='word_1_825' title='bbox 2602 5654 2647 5686; x_wconf 78' lang='grc'><strong>⁸⁸</strong></span> <span class='ocrx_word' id='word_1_826' title='bbox 2682 5654 2820 5710; x_wconf 83' lang='lat' dir='ltr'><strong>ibid.</strong></span> <span class='ocrx_word' id='word_1_827' title='bbox 2856 5655 2942 5711; x_wconf 80' lang='grc' dir='ltr'><strong>Η.</strong></span> 
     </span>
    </p>
   </div>
   <div class='ocr_carea' id='block_1_118' title="bbox 2126 5652 3577 5725">
    <p class='ocr_par' dir='ltr' id='par_1_118' title="bbox 2126 5652 3577 5725">
     <span class='ocr_line' id='line_1_118' title="bbox 2126 5652 3577 5725; baseline 0.009 -20"><span class='ocrx_word' id='word_1_828' title='bbox 2126 5652 2167 5684; x_wconf 79' lang='grc'><strong>⁸⁸</strong></span> <span class='ocrx_word' id='word_1_829' title='bbox 2200 5653 2303 5709; x_wconf 79' lang='lat' dir='ltr'><strong>lsn.</strong></span> <span class='ocrx_word' id='word_1_830' title='bbox 2333 5670 2372 5720; x_wconf 88' lang='grc' dir='ltr'><strong>ι,</strong></span> <span class='ocrx_word' id='word_1_831' title='bbox 2412 5655 2499 5709; x_wconf 82' lang='lat' dir='ltr'><strong>I0.</strong></span> <span class='ocrx_word' id='word_1_832' title='bbox 2602 5654 2647 5686; x_wconf 83' lang='lat'><strong>&quot;</strong></span> <span class='ocrx_word' id='word_1_833' title='bbox 2682 5654 2820 5710; x_wconf 89' lang='lat' dir='ltr'><strong>ibid.</strong></span> <span class='ocrx_word' id='word_1_834' title='bbox 2856 5655 2942 5711; x_wconf 80' lang='lat' dir='ltr'><strong>ll.</strong></span> <span class='ocrx_word' id='word_1_835' title='bbox 3045 5658 3090 5690; x_wconf 80' lang='grc'><strong>⁷⁸</strong></span> <span class='ocrx_word' id='word_1_836' title='bbox 3117 5655 3221 5713; x_wconf 81' lang='lat' dir='ltr'><strong>Job</strong></span> <span class='ocrx_word' id='word_1_837' title='bbox 3244 5673 3430 5725; x_wconf 76' lang='lat' dir='ltr'><strong>xxrm,</strong></span> <span class='ocrx_word' id='word_1_838' title='bbox 3488 5660 3577 5719; x_wconf 67' lang='lat' dir='ltr'><strong>I4.</strong></span> 
     </span>
    </p>
   </div>
  </div>
