3984 6150
323 354 417 421 HS

1516 359 2059 429 EPISTOLARU‘M‘
2094 365 2240 425 LIB.
2282 366 2333 425 Ι.

3457 363 3558 425 114

320 468 501 535 metu;
543 464 929 538 ἐπερωτῶνται
970 470 1163 540 λόγους
1188 491 1199 504 ·
1231 475 1327 529 καί
1350 494 1364 508 ο
1409 497 1426 531 ι
1470 479 1535 532 τί
1575 476 1869 540 πέπονθας,

1991 470 2352 543 leposcuntur
2402 473 2469 526 τ’.
2530 470 2633 536 Ει,
2674 492 2693 523 ι
2747 472 2877 543 quid
2919 469 3222 541 pertulisti,
3258 485 3441 534 mare,
3500 480 3561 524 ut

318 554 553 614 θάλασσα.
576 557 659 611 ὅτι
690 559 908 628 ἔφυγες,
939 566 1033 617 καὶ
1063 566 1150 629 σὺ,
1187 567 1450 639 Ἰορδάνη,
1475 570 1557 622 ὅτι
1590 569 1869 639 ὲστράφης

318 649 381 711 τίς
400 650 463 702 τὰ
494 650 699 717 euicto;
735 671 752 702 ι
793 654 854 706 Et
892 656 1074 709 τοίνυν
1126 658 1280 712 ταῦθ’
1322 660 1495 724 οὓτως
1524 661 1657 732 ἔχοι,
1682 662 1735 714 τί
1778 679 1869 731 μοι

318 739 596 809 προτείνειε
645 743 706 795 τὸ
753 745 810 797 ὲν
867 749 984 811 ταῖς
1040 749 1370 822 Παροιμίαις
1430 753 1756 824 εἰρημένον,
1786 754 1869 807 ὃτι

321 848 339 881 ι
368 830 562 895 Κύριος
594 832 776 887 ἔκτισέ
810 853 878 907 με
907 837 1080 910 ἀρχὴν
1107 840 1240 893 ὁδῶν
1278 842 1443 896 αύτοῦ
1473 844 1555 907 είς
1604 843 1741 915 ἔργα
1774 845 1870 899 αύ-

318 920 427 987 τοῦ;
461 939 482 973 ο
521 923 771 994 Σολομὼν
802 928 1116 998 παραϐολὰς
1168 932 1263 983 καὶ
1293 932 1565 986 σκοτεινὸν
1585 933 1744 1002 λόγον
1771 932 1871 1003 τήν

319 1009 551 1078 σύνταξιν
582 1013 817 1084 κέκληκε
859 1016 952 1069 τοῦ
988 1018 1118 1071 ἰδίου
1152 1018 1377 1088 βιϐλίου.
1407 1022 1571 1075 Ἀλλο
1593 1022 1869 1092 τοιγάρτοι

317 1103 414 1155 ἐστὶ
434 1103 497 1157 τὸ
520 1106 903 1175 παραϐολικῶς
933 1110 1097 1181 ῥηθὲν
1132 1113 1225 1166 καὶ
1266 1114 1743 1183 συνεσκιασμένον,
1781 1116 1872 1167 καὶ

318 1194 498 1271 πολλάς
535 1198 788 1263 ὑπονοίας
815 1201 1122 1273 δεχόμενον,
1149 1205 1239 1257 καὶ
1270 1205 1400 1257 ἄλλο
1426 1205 1487 1258 τὸ
1518 1205 1747 1269 λευκῶς,
1772 1204 1873 1258 καὶ

315 1286 748 1355 ἀσυγκαλύπτως,
768 1292 955 1361 σαφῶς
977 1311 1034 1346 τε
1053 1296 1146 1348 καὶ
1172 1275 1471 1367 διαρρήδην
1491 1296 1873 1366 δογματισθέν.

316 1376 379 1430 Σὺ
404 1377 455 1430 δὲ
474 1378 572 1451 τὴν
604 1383 872 1454 φωτεινὴν
897 1384 989 1438 τοῦ
1019 1387 1341 1441 Ἀποστόλου
1368 1388 1720 1445 διδασκαλίαν
1742 1389 1877 1443 ἀπο-

317 1468 560 1536 στραφεὶς
591 1469 670 1540 τῷ
713 1470 1011 1543 βεϐλάφθαι
1056 1475 1156 1547 τὴν
1189 1478 1288 1547 τῆς
1320 1478 1496 1549 ψυχῆς
1519 1480 1731 1550 ὅρασιν,
1765 1481 1880 1544 τοῖς

319 1562 597 1624 σκοτεινοῖς
663 1564 951 1635 προσέχεις
1004 1568 1343 1638 αἰνίγμασιν.
1395 1571 1506 1624 Καὶ
1564 1570 1722 1625 ποίαν
1772 1573 1881 1642 ἄρα

317 1649 482 1720 σχοίης
513 1652 842 1723 ἀπολογίαν;
889 1658 1224 1732 Ἐϐουλόμην
1258 1662 1358 1731 μὲν
1393 1658 1485 1716 οὖν
1520 1662 1774 1716 ὲπιλύσαί
1798 1680 1882 1716 σοι

314 1740 401 1811 τὴν
428 1742 687 1812 πρότασιν
718 1748 817 1817 τῆς
855 1751 1157 1820 παροιμίας
1182 1791 1198 1817 ,
1232 1752 1348 1805 ἀλλ’
1383 1753 1574 1825 ἐπειδὴ
1600 1756 1665 1826 τῇ
1693 1754 1879 1824 ἀλόγῳ

315 1828 567 1901 προλήψει
586 1837 898 1907 κεκάρωσαι
926 1842 1024 1911 τῆς
1034 1842 1145 1895 τῶν
1177 1843 1601 1914 ’Λρειομανιτῶν
1621 1844 1875 1908 ίοϐολίας,

314 1920 531 1991 ἐπέσχον
587 1925 683 1978 τοῦ
741 1928 990 1999 καλάμου
1052 1935 1151 2002 τὴν
1213 1936 1450 2006 κίνησιν,
1503 1937 1663 2008 μόνον
1721 1936 1880 1990 τοῦτο

316 2011 601 2078 παραινῶν,
635 2016 749 2083 είγε
789 2019 884 2072 καὶ
922 2021 1175 2092 ἀνάσχοιο
1194 2040 1208 2054 °
1228 2025 1256 2076 ὃ
1293 2026 1388 2079 νὺν
1414 2026 1565 2095 γοῦν,
1588 2029 1702 2091 τοῖς
1725 2028 1882 2096 εὐαγ-

315 2100 577 2166 γελισταῖς
607 2106 699 2158 καὶ
739 2106 1059 2173 ἀποστόλοις
1091 2111 1292 2179 μᾶλλον
1345 2114 1676 2183 κηρύττουσι
1709 2114 1881 2167 πείθε-

316 2188 450 2253 σθαι,
482 2192 517 2261 ἢ
556 2195 674 2256 τοῖς
710 2195 821 2248 τῶν
844 2196 1066 2251 ἰοϐόλων
1094 2199 1412 2270 δρακόντων
1446 2202 1881 2275 χαλαιπωτὲροις

326 2279 643 2349 Ἀρειανοῖς.
673 2285 823 2356 Πλὴν
849 2288 1368 2363 πεπληροφὸρημαι,
1395 2293 1470 2358 ὡς
1499 2294 1650 2348 οὐδὲν
1676 2295 1884 2367 ὠφελή-

315 2387 391 2423 σει
420 2375 447 2425 ὁ
477 2373 862 2445 διαλεγόμενος
893 2381 973 2443 είς
1004 2373 1119 2436 ὦτα
1142 2385 1540 2455 νενεκρωμένα.

439 2639 566 2691 oa'.
598 2668 666 2678 --
693 2642 1139 2718 ΦΡυΥΜΕΝΤΙῼ
1174 2647 1766 2727 ΕκκΑΗΣιΕκΔικο.

378 2730 589 2786 Ναῦται
621 2733 720 2803 μὲν
747 2736 839 2789 καὶ
877 2739 1202 2813 κυϐερνῆται
1237 2745 1412 2799 πάντα
1444 2745 1882 2814 ποιοῦσιν,ὅπιι›ς

314 2823 376 2876 ἂν
398 2823 458 2876 τὸ
505 2824 737 2895 πέλαγος
786 2829 1164 2903 διαδράμοιεν,
1196 2836 1292 2891 καὶ
1325 2838 1464 2909 πρὸς
1489 2839 1684 2911 λιμένα
1710 2860 1882 2896 κατα-

312 2913 617 2983 πλεύσαιεν,
650 2919 715 2973 σὺ
759 2919 815 2974 δὲ
862 2922 948 2977 διά
995 2926 1196 2992 παντὸς
1239 2929 1521 2999 πελαγίοις
1554 2932 1883 3001 φιλονεικείς

314 3004 541 3064 ἁλιεύειν
570 3009 626 3065 ὲν
670 3013 791 3079 ταῖς
819 3018 1135 3089 τρικυμίαις
1173 3004 1282 3074 τῶν
1317 3022 1590 3093 βιωτικῶν
1620 3026 1884 3096 πραγμά-

1972 563 2210 634 fugeres,
2243 572 2293 620 et
2328 571 2407 628 tu,
2438 562 2720 628 Iordanis,
2741 571 2798 617 ut
2829 571 2976 617 retro
3001 563 3227 617 cederes
3247 557 3427 615 "itSi
3447 562 3563 617 hac

1971 654 2158 724 itaque
2198 655 2271 709 ita
2320 670 2379 709 se
2420 654 2661 720 habent,
2701 653 2836 724 quid
2890 653 3026 707 mihi
3065 652 3363 723 proponis,
3417 652 3560 722 quod

1973 746 2029 801 in
2083 745 2404 802 Proverbiis
2451 746 2664 802 dictum
2714 754 2848 799 est:
2890 764 2907 796 ι
2947 743 3218 800 Dominus
3271 742 3565 798 fabricavit

1972 851 2060 892 me
2093 837 2423 907 principium
2458 837 2672 891 viarum
2704 850 2931 891 suarum
2958 874 2975 898 ,
3007 835 3061 890 in
3097 850 3262 906 opera
3297 850 3397 890 sua
3426 834 3516 888 ⁷⁸2
3543 854 3560 887 ι

1973 924 2233 981 Salomon
2263 926 2565 982 Parabolas
2588 966 2603 988 ,
2653 926 3063 993 obscurumque
3094 941 3405 980 sermonem
3439 942 3567 978 t-on-
3637 938 3647 944 “

1974 1018 2334 1073 structionem
2363 1017 2572 1088 prpprii
2603 1016 2726 1071 libri
2761 1016 3196 1086 nuncuparit".
3227 1017 3387 1070 Aliud
3420 1017 3564 1071 enim

1974 1118 2059 1166 est
2111 1109 2259 1180 quod
2306 1109 2588 1179 parabolis
2625 1107 2976 1179 exprimitur,
3018 1107 3369 1178 tenebrisque
3397 1107 3569 1162 invol-

1979 1205 2126 1260 vitur
2158 1240 2172 1265 ,
2228 1202 2547 1271 multosque
2574 1200 2922 1269 significatus
2954 1199 3197 1254 admittit
3223 1239 3237 1262 ,
3285 1208 3338 1254 et
3381 1199 3563 1262 aliud,

1979 1291 2129 1363 quod
2159 1292 2311 1348 clare
2335 1332 2350 1357 ,
2403 1301 2459 1346 et
2493 1300 2713 1362 aperte,
2748 1292 3022 1362 planeque
3049 1332 3063 1355 ,
3097 1304 3149 1347 et
3183 1291 3304 1347 sine
3341 1291 3453 1345 ullo
3485 1292 3568 1345 in-

1980 1385 2207 1440 voluero
2236 1384 2580 1439 enuntiatur.
2612 1381 2692 1437 Tu
2730 1398 2860 1437 vero
2895 1383 3134 1438 lucidam
3190 1381 3437 1452 Apostoli
3470 1380 3570 1434 do-
3650 1380 3663 1387 “

1981 1476 2216 1531 ctrinam
2270 1475 2581 1545 abjiciens,
2614 1474 2761 1544 quod
2803 1474 2927 1529 visu
2984 1475 3183 1529 anima:
3236 1473 3399 1529 laxus
3449 1473 3526 1527 sis
3553 1511 3568 1536 ,

1981 1567 2238 1623 obscuris
2268 1566 2657 1636 aenigmatibus
2688 1575 2925 1620 mentem
2968 1566 3214 1636 applicas
3245 1583 3259 1621 :
3288 1573 3343 1620 et
3377 1579 3572 1634 qnam-

1984 1671 2109 1710 nam
2154 1654 2223 1710 de
2251 1654 2359 1709 hoc
2406 1654 2820 1710 excusationem
2864 1654 3156 1725 proferes?
3203 1653 3330 1707 Erat
3385 1654 3570 1721 itaque

1986 1749 2117 1803 mihi
2154 1749 2208 1803 in
2236 1750 2426 1803 animo
2448 1789 2464 1815 ,
2499 1750 2784 1820 proposito
2817 1765 2883 1805 ex
2912 1747 3233 1803 Proverbiis
3257 1747 3428 1803 dubio
3490 1760 3570 1798 re-

1984 1839 2300 1908 spondere,
2345 1846 2724 1894 verumtamen
2750 1853 2874 1895 cum
2926 1846 2983 1893 tu
3035 1838 3222 1907 inepta
3249 1878 3265 1903 ,
3336 1850 3423 1893 ac,
3450 1835 3571 1888 sine

1984 1931 2201 1985 ratione
2257 1930 2635 2001 praeceptione
2689 1931 3030 1986 Arianorum
3096 1930 3333 1991 ictibus,
3401 1926 3568 1981 veluti

1983 2030 2208 2077 veterno
2238 2021 2489 2078 conﬁxus
2514 2023 2592 2078 sis
2622 2064 2638 2089 ,
2685 2030 2891 2077 motum
2934 2022 3134 2077 calami
3182 2020 3415 2092 repressi
3440 2058 3456 2085 ,
3503 2018 3569 2071 ad

1984 2113 2119 2168 illud
2181 2114 2360 2168 solum
2398 2114 2700 2170 cohortans
2726 2155 2741 2178 .
2781 2114 2829 2171 si
2863 2114 2919 2169 id
2973 2115 3242 2185 patienter
3282 2111 3572 2168 sustinue-

1984 2205 2063 2259 ris
2092 2247 2106 2273 ,
2155 2212 2216 2258 ut
2264 2205 2455 2261 saltem
2509 2221 2657 2261 nunc
2690 2206 3156 2272 evangelistarum
3210 2215 3264 2259 et
3302 2202 3577 2274 apostolo-

1985 2312 2105 2350 rum
2147 2298 2595 2368 prtedicationem
2624 2298 2883 2354 admittas
2909 2339 2923 2364 ,
2974 2311 3140 2368 quam
3173 2304 3568 2351 venenatorum

1985 2389 2328 2459 serpentium
2382 2389 2830 2459 pestilentiorum
2904 2387 3260 2442 Arianorum.
3318 2385 3568 2438 Attamen

1984 2491 2139 2536 certo
2190 2482 2308 2538 scio
2353 2482 2489 2536 nulli
2542 2480 2790 2535 futurum
2844 2478 3113 2539 utilitati.
3164 2476 3256 2548 qui
3314 2476 3369 2530 in
3415 2490 3573 2529 aures

1984 2577 2308 2631 demortuas
2341 2577 2505 2630 verba
2535 2572 2843 2644 profundit.
3623 2620 3626 2623 Α

1984 2668 2174 2723 LXXI.
2206 2697 2273 2709 -—
2313 2665 2721 2722 FRUMENTIO
2756 2662 3113 2721 ECCLESME
3154 2658 3567 2715 DEFENSORL

2054 2759 2245 2815 Νοιιιω
2272 2758 2491 2830 quidem
2517 2796 2533 2822 ,
2565 2764 2731 2829 atque
2759 2759 3161 2829 gubernatores
3185 2762 3419 2808 conatus
3457 2765 3582 2805 om-

1984 2868 2085 2909 nes
2116 2866 2249 2909 suos
2300 2849 2587 2916 referunt,
2647 2857 2707 2902 ut
2759 2848 2990 2918 trajecto
3022 2862 3211 2914 mare,
3246 2844 3302 2898 in
3355 2853 3573 2913 portum

1987 2960 2109 3001 sese
2137 2944 2437 3000 deducant.
2460 2942 2542 2997 Tu
2571 2957 2703 2998 vero
2733 2956 2948 3012 semper
2973 2941 3026 2994 in
3054 2940 3164 2993 alto
3191 2937 3327 2992 mari
3359 2949 3574 2990 summa

1987 3035 2343 3092 contentione
2372 3035 2481 3105 32
2516 3033 2807 3104 piscationi
2840 3031 3118 3086 incumbis
3156 3032 3208 3083 in
3241 3043 3422 3083 rerum
3468 3026 3573 3079 hn-

311 3118 413 3157 των
448 3106 705 3178 συνεχῶς,
741 3111 836 3163 καὶ
867 3112 923 3165 ὲν
946 3115 1068 3176 ταῖς
1095 3113 1340 3185 ἀγοραῖς,
1372 3115 1599 3180 καὶτοῖς
1625 3117 1876 3189 δικαστη-

1991 3142 2278 3183 manarum
2311 3125 2513 3180 ﬂuctus
2556 3139 2700 3192 saepe
2730 3132 2783 3176 et
2816 3123 2871 3177 in
2918 3121 3071 3183 foro,
3106 3130 3159 3175 et
3194 3121 3248 3174 in
3279 3117 3576 3173 tribunali-

314 3193 444 3264 ρίοις
488 3200 877 3271 στρεφόμενος,
914 3204 1187 3274 προφάσει
1223 3205 1322 3276 μὲν
1375 3206 1477 3277 τῆς
1530 3208 1641 3262 τῶν
1687 3209 1886 3279 ἐκκληο

316 3287 602 3341 σιαστικῶν
657 3291 1000 3362 πραγμάτων
1053 3295 1429 3367 προμηθείας,
1463 3301 1527 3370 τῇ
1578 3299 1625 3353 δ’
1657 3299 1886 3372 ἀληθεία

314 3377 465 3449 χάριν
523 3379 840 3448 πλεονεξίας
903 3383 1201 3457 ἀκορέστου
1269 3389 1360 3441 καὶ
1431 3390 1693 3463 συλλογῆς
1774 3394 1888 3448 ἀδί-

315 3487 406 3523 κου
413 3511 426 3526 ο

626 3566 745 3619 oe.
778 3599 847 3608 —
877 3569 1192 3644 noMnnIa
1242 3575 1562 3646 ΔΙΑΚΟΝῼ.

380 3655 605 3726 Χεϐρὼν
633 3657 866 3729 συζυγὴ
920 3665 1301 3734 ἑρμηνεύεται.
1350 3668 1447 3722 Διά
1489 3671 1542 3722 τί
1583 3670 1641 3724 δὲ
1681 3672 1884 3743 συζυγὴ

314 3750 729 3821 προσηγορεύθη
760 3754 788 3806 ό
811 3754 973 3819 τόπος
993 3773 1009 3821 ;
1037 3756 1156 3810 Ὅτι
1173 3758 1288 3812 ἐκεῖ
1304 3760 1441 3813 κατὰ
1464 3761 1723 3830 συζυγίαν
1742 3765 1885 3817 κεῖν-

314 3854 400 3891 ται
466 3840 718 3912 ’Δϐραάμ
775 3845 872 3897 καὶ
928 3847 1154 3919 Σάρρα,
1219 3850 1402 3904 Ἰσαάκ
1463 3854 1558 3906 καὶ
1599 3853 1881 3919 Ῥεϐέκκα,

326 3931 521 3985 Ἰακὼϐ
571 3936 663 3988 καὶ
702 3936 827 3992 Δία.
872 3938 1068 4003 Καλῶς
1112 3941 1291 3995 τείνυν
1335 3943 1364 3996 ὁ
1407 3942 1658 4016 θεοφιλὴς
1705 3945 1886 3999 Χαλὲϐ

312 4024 487 4094 πολλῇ
526 4028 747 4098 σπουδῇ,
777 4030 868 4083 καὶ
895 4031 1060 4102 πόνῳ,
1095 4036 1187 4086 καὶ
1221 4034 1403 4105 ἱδρῶτι
1438 4037 1595 4089 ἔλαϐε
1627 4037 1727 4109 τὴν
1752 4037 1886 4109 μνή-

312 4133 427 4185 μην
479 4117 587 4171 τῶν
637 4120 892 4191 ἀοιδίμων
954 4128 1308 4199 πατριαρχῶν
1337 4170 1351 4196 ,
1381 4130 1500 4200 ἥτις
1557 4131 1889 4201 μητρόπολις

312 4208 528 4280 ὑπῆρχε
560 4209 670 4262 τῶν
705 4212 951 4284 Ἐνακὶμ,
984 4218 1396 4287 καταφονεύσας
1431 4224 1561 4284 τοὺς
1584 4221 1692 4274 τῶν
1720 4221 1886 4295 ὑπερ-

310 4301 534 4369 ηφάνων
566 4303 843 4371 γιγάντων
872 4307 1110 4373 ἀσεϐεῖς,
1150 4311 1243 4363 καὶ
1286 4310 1521 4379 φαύλους
1550 4313 1846 4381 ἀπογόνους
1871 4333 1884 4347 ν

309 4393 403 4444 καὶ
430 4393 640 4462 γίνεται
696 4396 901 4466 κλῆρος
948 4398 1044 4451 τοῦ
1085 4401 1268 4455 Χαλὲϐ
1304 4405 1506 4473 πᾶσαή
1536 4404 1630 4474 γῆ,
1656 4407 1713 4458 ἐν
1744 4400 1888 4479 ᾗπερ

310 4482 605 4553 ἐτύγχανον
637 4487 687 4539 οί
730 4486 892 4556 τάφοι
921 4488 1030 4542 τῶν
1059 4493 1347 4560 μακαρῖων
1367 4495 1610 4549 ἐκείνων.

835 4578 953 4632 01".
987 4610 1057 4622 -—
1088 4580 1171 4648 Τῷ
1197 4582 1378 4647 αὐτῷ.

384 4665 473 4737 Μὴ
514 4666 823 4741 ἀθυμήσῃς·
867 4671 961 4725 καὶ
1002 4672 1111 4742 γὰρ
1138 4675 1233 4728 καὶ
1286 4676 1368 4726 σοὶ
1419 4675 1626 4730 δέδοται
1674 4678 1894 4732 πιστεύο

316 4757 565 4855 σαντιτς)
604 4761 668 4814 ὲκ
709 4761 1027 4831 σπέρματος
1074 4763 1325 4835 ’Δϐραάμ
1355 4770 1733 4841 γεγεννημένῳ
1761 4773 1893 4855 Χρι-

1991 3222 2094 3276 bus
2126 3233 2421 3289 pererrans
2446 3259 2460 3283 ,
2496 3232 2560 3271 eo
2592 3214 2816 3272 nomine
2836 3256 2849 3275 .
2899 3223 2957 3268 ut
2987 3214 3152 3290 rebus
3180 3210 3574 3267 ecclesiasticis

1990 3311 2279 3382 provideas
2301 3350 2316 3375 ,
2350 3325 2408 3365 re
2441 3318 2623 3362 tamen
2653 3307 2808 3378 plura
2855 3304 3084 3360 habendi
3120 3302 3426 3366 aviditatis,
3455 3314 3576 3370 qua)

1989 3417 2278 3474 nunquam
2342 3400 2677 3466 exsatiatur,
2762 3406 2925 3467 atque
2989 3394 3207 3464 injnszte
3271 3391 3576 3445 exat-tionis

1992 3497 2191 3568 gratia.
3426 3478 3433 3483 ’

2272 3587 2484 3643 LXXII.
2516 3617 2585 3627 —-
2615 3580 2917 3641 POMPEIO
2957 3576 3287 3636 DlACONO.

2061 3681 2320 3735 Chebron
2395 3686 2546 3734 not‘at
2630 3676 3080 3749 coniunctionem
3133 3673 3199 3726 ⁷⁸.
3270 3672 3578 3737 Quamnam

1990 3787 2118 3826 vero
2172 3772 2243 3826 ob
2309 3785 2533 3825 causam
2596 3770 2753 3823 locus
2812 3766 2903 3820 ille
2967 3777 3172 3818 nomen
3226 3760 3277 3814 id
3344 3758 3576 3812 habuit?

1988 3863 2133 3932 quod
2171 3862 2243 3916 ibi
2281 3860 2557 3931 conjngati
2581 3859 2767 3928 jacent
2792 3854 3065 3910 Abraham
3101 3859 3156 3907 et
3179 3852 3342 3903 Sarra
3369 3889 3382 3910 ,
3425 3850 3579 3902 Isaae

1988 3961 2041 4005 et
2073 3949 2317 4005 Rebecca
2343 3989 2358 4012 ,
2393 3946 2563 4003 Jacob
2601 3956 2655 4000 et
2685 3944 2800 3999 Lia.
2830 3942 3007 3997 Probe
3040 3940 3203 4009 igitur
3234 3936 3343 3989 Deo
3377 3945 3568 4006 gratus

1990 4041 2195 4094 Chaleb
2238 4040 2411 4093 multo
2447 4038 2667 4099 studio,
2731 4045 2785 4088 ct
2840 4036 3066 4095 labore,
3116 4042 3334 4082 necnon
3376 4027 3579 4081 sudore

1990 4129 2307 4185 memoriam
2338 4128 2825 4183 celeber-rimorum
2867 4120 3310 4192 patriarcharum
3336 4118 3575 4187 excepit,

1990 4235 2112 4290 quae
2150 4227 2270 4274 erat
2308 4217 2629 4287 metropolis
2657 4212 2883 4268 Enacim
2911 4252 2925 4277 ,
2984 4208 3359 4279 arrogantium
3390 4209 3580 4277 gigan-

1991 4321 2104 4366 tum
2139 4310 2345 4380 impiis,
2378 4325 2439 4362 ae
2476 4321 2708 4377 nequam
2742 4300 3163 4360 successoribus
3191 4297 3532 4353 obtruncatis
3562 4315 3574 4349 :

1992 4415 2045 4461 et
2079 4405 2134 4459 fit
2159 4419 2284 4460 sors
2314 4402 2521 4457 Chaleb
2548 4441 2562 4464 ,
2593 4401 2851 4455 universa
2881 4398 2972 4451 illa
3002 4404 3181 4462 terra,
3217 4393 3269 4447 in
3304 4407 3411 4462 qua
3447 4391 3579 4444 bra-

1995 4508 2178 4552 torum
2210 4496 2428 4551 illorum
2465 4494 2716 4563 sepulcra
2742 4491 3058 4547 exstabant.

2500 4583 2735 4638 LXXHI.
2763 4612 2832 4622 —
2864 4580 3073 4635 Eidem.

2062 4681 2141 4737 Ne
2170 4678 2519 4750 despondeas
2551 4678 2795 4729 animum
2818 4716 2832 4739 ,
2867 4674 2963 4727 tibi
2996 4670 3220 4732 etenim,
3244 4668 3335 4738 qui
3358 4666 3578 4721 Christo

1994 4790 2059 4827 ex
2099 4774 2310 4828 semine
2353 4770 2588 4825 Abrahae
2628 4776 2752 4823 orto
2798 4763 3116 4825 credidisti,
3170 4762 3295 4814 data
3331 4768 3415 4812 est
3449 4774 3577 4814 sors

317 4847 447 4916 στῷ,
485 4850 684 4921 κλῆρος
741 4853 950 4921 νοητός.
982 4854 1116 4918 Θεὸς
1154 4857 1264 4928 γάρ
1302 4875 1395 4910 σου
1445 4861 1663 4927 γέγονεν
1695 4864 1723 4915 ὁ
1764 4847 1882 4927 Θεέἷς

1997 4864 2408 4921 intellectualis.
2438 4863 2583 4917 Deus
2607 4862 2754 4917 enim
2786 4859 2885 4913 tibi
2919 4857 3099 4911 factus
3122 4861 3206 4909 cst
3243 4850 3386 4905 Deus
3419 4865 3569 4906 sem-

311 4938 424 4991 τῶν
452 4941 797 5014 ἀειμνήστων
832 4946 1208 5018 πατριαρχῶν.
1256 4948 1264 4956 ’

836 5039 953 5094 01'.
978 5070 1048 5080 —
1082 5039 1167 5106 Τῷ
1196 5040 1372 5106 αὐτῷ.

388 5123 457 5177 Τί
506 5126 692 5199 ξενίζῃ
739 5126 960 5197 βλέπων
990 5133 1356 5203 πονηρότατόν
1385 5151 1441 5186 τε
1483 5134 1575 5188 καὶ
1603 5136 1899 5193 ἀνοσιώτα-

314 5228 410 5266 τον
460 5215 1059 5289 ύπερευφημούμενον,
1110 5221 1204 5276 καὶ
1261 5221 1675 5294 ὲνδοξαζόμενον
1726 5244 1902 5299 παρα-

318 5303 520 5373 νόμως,
548 5309 644 5360 καὶ
701 5309 913 5378 μεγάλα
946 5313 1197 5383 ἰσχύοντα
1227 5314 1376 5384 παρὰ
1405 5318 1514 5380 τοῖς
1543 5316 1899 5371 δυναστεύου-

1997 4970 2093 5024 per
2119 4952 2735 5009 commemorandumm
2773 4946 3235 5019 patriarcharum.

2460 5094 2464 5098 Α
2504 5039 2739 5094 LXXIV.
2766 5069 2836 5078 -—
2865 5036 3074 5091 Eidem.

2068 5132 2211 5199 Quid
2241 5141 2466 5203 stupes,
2499 5142 2553 5187 et
2579 5138 2840 5201 tanquam
2861 5128 2926 5183 de
2959 5142 3019 5181 re
3041 5137 3189 5180 nova
3204 5130 3258 5178 et
3285 5122 3573 5193 peregrina

2000 5227 2302 5281 admiraris
2335 5224 2744 5295 iniquissimum
2790 5220 2982 5275 videns
3021 5225 3186 5288 atque
3228 5216 3575 5286 improbissi-

2001 5335 2148 5373 mum
2187 5317 2446 5373 Iaudibus
2473 5314 2687 5371 nefarie
2717 5312 3015 5368 exaltatum
3040 5348 3057 5373 ,
3119 5316 3175 5362 et
3208 5307 3383 5379 gloria
3439 5322 3573 5377 pra:-

321 5409 447 5459 σιν;
477 5398 760 5469 Μνήσθητι
795 5400 895 5470 τῆς
932 5403 1155 5475 Γραφῆς
1206 5406 1509 5480 ὲμϐοὼσης,
1540 5411 1618 5463 ὅτι
1647 5430 1665 5462 ι
1713 5413 1882 5467 Ἐδόθτ

2014 5412 2265 5474 divitem,
2288 5417 2342 5464 ct
2368 5408 2514 5481 apud
2551 5410 2887 5478 imperantes
2929 5401 3142 5456 infinito
3185 5401 3398 5456 caeteris
3442 5416 3574 5471 prm-

322 5485 354 5535 ὁ
379 5486 580 5558 ἀσεϐὴς
612 5491 672 5543 ὲν
696 5490 854 5560 ὕψεσι
882 5496 1135 5564 μεγάλοις
1154 5515 1165 5526 ·
1203 5518 1222 5550 ι
1261 5501 1523 5568 τουτέστι,
1548 5506 1882 5575 συνεχωρήθτ

2003 5503 2265 5557 stantem?
2290 5500 2605 5556 Recordare
2629 5499 2930 5567 Scriptura:
2957 5497 3309 5550 inclamantis
3336 5514 3348 5551 :
3379 5514 3396 5544 ι
3413 5496 3578 5549 Datus

331 5577 616 5649 ὑψωθῆναι
646 5585 786 5637 κατὰ
819 5586 907 5639 τον
931 5588 1133 5659 κόσμον
1166 5590 1366 5645 τοῦτον.
1398 5593 1818 5666 Συγκεχώρηται
1845 5595 1882 5649 δὲ

2004 5594 2110 5665 33
2137 5602 2221 5648 est
2262 5593 2467 5663 impius
2502 5591 2557 5646 in
2596 5588 2982 5645 altitudinibus
3021 5589 3235 5660 magnis
3274 5588 3340 5651 ⁷⁷,
3390 5606 3408 5638 ι
3456 5603 3572 5658 per.

422 5752 463 5783 τ’
492 5755 632 5809 Psal.
663 5770 819 5823 cxm,
844 5762 892 5815 ι.
998 5765 1040 5795 ⁷³
1070 5767 1200 5824 ibid.
1381 5770 1423 5802 7"
1453 5769 1756 5839 Prov-"1”,
1790 5771 1876 5824 ‘39-

1955 5773 1997 5803 ⁷³
2041 5771 2201 5828 Prov.
2246 5788 2281 5835 ι,
2319 5771 2366 5825 l.
2446 5770 2490 5804 "
2546 5767 2711 5827 Iosue
2770 5786 2880 5838 xn',
2916 5771 2997 5825 Η.
3079 5770 3119 5800 ⁷⁷
3155 5767 3334 5821 Ecrlc.
3375 5766 3508 5829 1,6.
