3984 6150
393 272 497 339 II!)

1856 296 1917 354 S.
1959 297 2117 357 NILI

3530 307 3634 372 120

390 398 723 456 personatur
756 407 827 449 ττι
869 393 1105 450 Pedibus
1147 395 1389 476 calcabit
1425 400 1774 462 adversarios
1809 422 1947 464 meo:

2061 413 2160 482 τῆς
2184 414 2536 491 ,προφήτιδος
2568 417 2840 489 Δεόόῤῥας
2875 418 3205 491 βεδοημένον
3245 416 3308 471 ἦν
3353 414 3629 489 ᾅτμασιν·

390 477 573 533 anima
612 496 730 536 mea
763 486 1119 538 corroborata
1150 472 1229 540 ⁸⁸.
1265 508 1284 540 ι
1317 489 1485 545 David
1517 509 1738 565 quoque
1771 497 1958 550 excla-

389 579 501 657 mat
537 574 986 645 palmarium37
1021 577 1281 634 accincns
1318 598 1332 630 τ
1375 600 1395 633 ‹
1432 582 1643 639 Cadent
1669 586 1773 641 sub
1806 587 1959 657 pedi-

386 656 495 712 ‘hus
531 662 685 724 meis,
720 661 811 731 qui
844 664 1135 735 insurgunt
1165 667 1433 726 adversus
1466 688 1572 735 me,
1604 684 1658 728 et
1699 656 1956 745 tanquam

389 746 565 803 lutum
621 752 919 820 platearum
970 763 1251 810 conteram
1304 760 1559 817 inimicos
1613 779 1764 820 meos
1807 764 1872 817 θ’.
1931 784 1952 818 ι

386 867 457 878 --
493 858 512 889 ι
555 839 695 895 Ecce
715 842 859 896 enim
915 844 1040 899 dedi
1090 848 1248 903 vobis
1294 858 1640 920 potestatem,
1692 853 1956 909 Dominus

387 930 545 993 dixit,
583 938 640 984 ut
662 933 911 996 ealcetis,
951 945 1005 990 et
1042 951 1152 992 non
1184 947 1246 993 ut
1273 940 1589 1010 calcemini,
1622 959 1801 1014 neque
1830 945 1956 1000 illu-

385 1022 586 1078 damini
623 1039 653 1078 a
677 1026 953 1095 perditore
976 1029 1039 1083 ".
1080 1049 1099 1080 ι

628 1114 888 1173 LXXXII.
925 1150 996 1162 —
1035 1118 1250 1178 FIRMO
1293 1121 1706 1186 SCRINIARIO.

454 1200 534 1259 Ne
590 1208 812 1264 coneris
870 1210 1018 1266 illius
1064 1211 1306 1268 hominis
1350 1215 1614 1273 subsidiis
1661 1219 1954 1288 provincias

382 1298 650 1369 consequi
693 1301 1085 1372 principatum,
1123 1320 1192 1358 ne
1231 1306 1349 1376 ipse
1386 1307 1443 1362 in
1484 1308 1718 1363 aliorum
1772 1310 1953 1366 domi-

382 1387 537 1441 nium
580 1390 893 1459 pervenias,
937 1400 991 1447 et
1031 1395 1218 1459 cadas,
1267 1398 1572 1454 etnimium
1607 1400 1859 1469 \‘ilcscas,
1899 1410 1954 1457 et

383 1489 582 1547 praeter
606 1494 757 1549 spem
798 1496 1015 1537 omnem
1046 1485 1101 1538 in
1143 1486 1501 1554 perditionem
1534 1489 1716 1545 alwas.

620 1570 905 1628 LXXXIII.
941 1605 1012 1614 —
1047 1574 1353 1632 EUGENIO
1392 1577 1706 1637 DIACONO.

452 1657 690 1714 Nimium
717 1663 775 1718 in
814 1663 1227 1735 Scripturarum
1262 1668 1499 1725 lectione
1529 1670 1847 1740 insolescis,
1888 1685 1949 1726 ac

380 1750 527 1807 elato
561 1760 747 1809 animo
777 1756 1067 1825 magniﬁce
1100 1767 1151 1814 te
1179 1758 1379 1829 jactas,
1413 1768 1579 1831 atque
1616 1770 1861 1819 ostentas
1896 1763 1950 1818 in

380 1844 874 1915 speculationibus,
914 1860 1014 1919 pro
1054 1849 1348 1918 fructibus,
1396 1852 1560 1909 nudis
1612 1853 1760 1908 foliis
1813 1870 1952 1925 gau-

381 1935 558 1999 dens,
620 1934 929 2009 jocansque
982 1943 1292 1998 contemnis
1351 1959 1482 2010 eos,
1539 1946 1632 2014 qui
1684 1946 1948 2000 similium

380 2026 701 2096 cognitione
752 2029 1151 2085 destituuntur.
1199 2030 1254 2086 Id
1299 2035 1397 2104 qui
1439 2036 1496 2089 in
1548 2049 1713 2091 scena
1761 2045 1950 2106 gestus

380 2127 581 2187 agunt,
645 2137 1025 2191 saepenumero
1079 2123 1292 2180 eIIicere
1343 2134 1624 2197 poterunt.
1679 2125 1761 2181 Tu
1821 2142 1950 2182 vero

377 2210 639 2278 operibus
690 2215 873 2282 potius
921 2213 1059 2271 bene
1109 2215 1221 2271 Deo
1276 2217 1446 2286 gratis
1501 2219 1744 2272 animum
1795 2227 1947 2273 tuum

376 2299 738 2358 cohonestare
785 2317 1171 2376 exornareqne
1226 2307 1515 2363 contende.
1570 2326 1589 2360 ι
1635 2306 1728 2363 Vae
1773 2309 1942 2374 enim,

375 2392 472 2456 ait,
515 2390 747 2460 Scribis,
787 2403 841 2449 et
882 2395 1201 2465 Pharisaeis,
1241 2400 1332 2468 qui
1376 2399 1684 2463 doctrinam
1729 2400 1947 2456 divino-

375 2498 497 2537 rem
533 2485 827 2540 verborum
873 2489 1214 2544 mentiuntur
1250 2508 1264 2543 :
1298 2490 1487 2546 dicunt
1524 2491 1669 2546 enim
1697 2491 1862 2558 bona,
1893 2502 1947 2548 et

375 2592 483 2629 non
540 2576 748 2632 faciunt
795 2578 863 2632 ".
917 2598 950 2637 ι.
987 2579 1148 2636 Prius
1204 2579 1387 2652 itaque
1437 2581 1547 2646 Iac,
1597 2583 1943 2653 postmodum

373 2668 531 2723 doce.

501 2759 788 2818 LXXXIV.
825 2794 893 2804 —
927 2762 1298 2820 PIIILAGRIO
1333 2761 1815 2823 PRESBYTERO.

439 2851 635 2908 Justus
666 2851 779 2908 Noe
804 2853 1082 2909 Christum
1113 2870 1225 2925 pra:
1263 2870 1322 2911 se
1358 2854 1485 2922 fert,
1536 2858 1629 2927 qui
1664 2860 1720 2913 in
1758 2858 1941 2913 Evan-

2067 522 2085 553 ι
2117 485 2505 587 Καταπατήσει
2532 510 2656 572 τοὺς
2681 485 2773 579 six-0
2783 485 2906 580 ρούς
2932 485 3089 581 μου-ἠ
3120 512 3226 580 ἐμὴ
3253 485 3630 577 δυναμωθεῖσα

2059 593 2226 665 ψυχή.
2266 615 2285 647 ι
2331 598 2443 652 Καὶ
2487 601 2515 652 ὁ
2561 599 2723 653 Δαυῖδ
2773 603 3013 671 κέκραγε
3064 601 3283 670 ψάλλων
3327 604 3625 657 ἐπινίκιον·

2066 704 2083 737 ι
2113 687 2413 742 Πεσοῢνται
2448 689 2553 743 ὑπὸ
2594 690 2721 754 τοὺς
2751 692 2919 754 πόδας
2968 709 3070 761 μου
3112 693 3162 745 οἱ
3207 694 3630 763 ἑπανιστάμενοί
3681 716 3685 721 ·

2065 795 2176 848 μοι,
2198 780 2292 834 καὶ
2324 781 2514 852 ὥσπερ
2545 782 2714 854 πηλὸν
2744 783 3016 836 πλατειῶν
3039 784 3216 839 λεανῶ
3245 788 3372 851 τοὺς
3402 788 3629 859 ἐχθρούς

2062 887 2185 940 μου.
2220 891 2239 924 ι
2276 903 2348 913 --
2373 891 2391 925 ι
2436 873 2565 926 Ἰδοὺ
2595 873 2703 944 γὰρ
2739 872 2942 926 δέδωκα
2981 874 3108 944 ὑμῖν
3146 873 3415 940 ἐξουσίαν,
3454 879 3483 930 ὀ
3514 876 3628 931 Κύ-

2060 978 2174 1031 ριος
2205 963 2414 1034 εἴρηκε,
2448 967 2660 1030 πατεῖν,
2683 965 2777 1017 καὶ
2796 966 2870 1036 μὴ
2897 967 3348 1033 καταπατεῖσθαι,
3380 969 3517 1038 μηδὲ
3545 969 3631 1035 ὲξ-

2057 1052 2366 1105 απατᾶσθαι
2394 1052 2499 1104 ὑπὸ
2531 1051 2622 1104 τοῦ
2648 1052 2943 1122 λυμεῶνυς.
2970 1072 2988 1105 ι

2373 1142 2498 1196 IIB'.
2529 1173 2598 1182 —
2633 1144 2847 1214 ΦΙΡΜῼ
2887 1143 3304 1216 ΣΚΡΙΝΙΑΡΙῼ.

2126 1233 2218 1303 Μὴ
2249 1233 2444 1287 σπεῦδε
2469 1233 2723 1302 γενέσθαι
2756 1234 2939 1304 ἄρχων
2975 1235 3074 1305 τῆς
3109 1235 3375 1305 ἐπαρχίας
3411 1234 3499 1289 διὰ
3527 1235 3626 1306 τῆς

2055 1324 2391 1396 προστασίας
2419 1324 2512 1379 τοῦ
2554 1324 2848 1396 προσώπου
2889 1326 3120 1392 ἐκείνου,
3150 1327 3235 1380 ἵνα
3290 1325 3367 1398 μὴ
3395 1327 3625 1398 ἀρχθῇς.

2054 1416 2149 1470 καὶ
2193 1414 2388 1487 πέσῃς.
2438 1415 2533 1469 καὶ
2577 1415 2716 1483 ἄγαν
2766 1415 3131 1486 ταπεινωθῇς,
3176 1417 3274 1470 καὶ
3321 1416 3624 1488 άφανισοῇς

2054 1504 2206 1578 παρὰ
2236 1507 2414 1558 πᾶσαν
2443 1504 2652 1558 ἐλπίδα.

2369 1595 2493 1649 ιπο.
2537 1628 2618 1659 -,
2652 1595 2947 1667 ΕΥΓΕΝΙῼ
2982 1596 3303 1669 annona.

2122 1689 2372 1761 Φρυάττῃ
2399 1688 2491 1741 ἐπὶ
2522 1689 2588 1758 τῇ
2615 1687 2917 1755 ἀναγνώσει
2948 1686 3059 1740 τῶν
3098 1686 3353 1758 Γραφῶν,
3390 1687 3486 1741 καὶ
3525 1704 3623 1757 με-

2053 1780 2343 1850 γαλαυχεῖς
2372 1777 2692 1848 φυσώμενος
2736 1779 2829 1832 ἐπὶ
2868 1781 2987 1843 ταῖς
3026 1777 3302 1851 θεωρίαις,
3336 1781 3458 1834 ἀντὶ
3486 1796 3622 1851 καρ-

2052 1871 2171 1924 πῶν
2210 1870 2343 1940 ψιλὰ
2385 1871 2455 1924 τὰ
2493 1870 2666 1940 φύλλα
2705 1871 2953 1941 κατέχειν
2986 1871 3337 1941 τερπόμενος,
3383 1871 3478 1924 καὶ
3518 1888 3624 1941 μυ·

2051 1959 2328 2032 κτηρίζεις
2357 1960 2485 2023 τοὺς
2520 1959 2720 2027 γνῶσιν
2752 1959 2827 2031 μὴ
2861 1958 3102 2030 ἔχοντας.
3139 1944 3309 2012 Τοὖτο
3341 1958 3385 2011 δ’
3419 1955 3485 2011 ἂν
3527 1956 3623 2011 καὶ

2052 2053 2301 2122 σκηνικοὶ
2329 2049 2592 2113 πολλάκις
2619 2051 2839 2121 ποιῆσαι
2869 2051 3210 2120 δυνήσονται.
3264 2049 3404 2103 Ἀλλ’
3439 2048 3622 2120 ἔργοις

2052 2143 2252 2213 μᾶλλον
2273 2143 2586 2213 εὐαρέστοις
2614 2141 2693 2211 τῷ
2731 2140 2852 2211 Θεῷ
2892 2140 2992 2212 τὴν
3022 2138 3218 2195 σαυτοῦ
3252 2141 3429 2210 ψυχὴν
3452 2139 3622 2211 ὡραῖ-

2050 2254 2138 2291 σαι
2168 2238 2263 2290 καὶ
2309 2235 2584 2305 κοσμῆσαι
2610 2233 2863 2304 θέλησον⁹
2897 2251 2917 2284 ι
2942 2235 3077 2287 Οὐαὶ
3103 2232 3232 2303 γὰρ,
3257 2232 3412 2303 φησὶ,
3432 2249 3622 2303 γραμ-

2048 2327 2276 2398 ματεῦσι
2332 2327 2427 2381 καὶ
2465 2326 2785 2396 Φαρισαίοις
2822 2324 3268 2396 ὑποκρινομένοις
3300 2325 3397 2394 τὴν
3440 2323 3621 2394 μάθηο

2048 2434 2132 2471 σιν
2181 2415 2292 2470 τῶν
2340 2414 2626 2486 μακαρίων
2671 2413 2865 2482 λόγων,
2896 2415 2980 2467 ὅτι
3025 2413 3242 2481 λέγουσι
3286 2412 3356 2466 τά
3382 2411 3616 2484 χρηστὰ,

2044 2505 2142 2559 καὶ
2174 2505 2234 2559 οὐ
2288 2503 2534 2557 ποιοῦσιν
2574 2500 2735 2556 αὐτά.
2778 2519 2798 2554 ι
2838 2502 3112 2573 Πρότερον
3159 2500 3340 2555 τοίνυν
3391 2501 3618 2571 πρᾶξον,

2044 2596 2139 2650 καὶ
2172 2594 2311 2667 μετὰ
2332 2592 2488 2648 τοῦτο
2511 2592 2750 2647 δίδασκε.

2290 2773 2377 2826 Π..
2398 2814 2411 2827 .
2436 2801 2508 2811 --
2536 2767 2852 2839 ΦΙΛΑΓΡΙῼ
2890 2763 3362 2838 ΠΡΕΣΒΥΤΕΡῼ.

2127 2863 2182 2918 Ὁ
2227 2864 2432 2926 δίκαιος
2465 2861 2590 2915 Νῶε
2629 2859 2719 2913 τὸν
2771 2857 3003 2930 Χριστὸν
3051 2857 3477 2928 χαρακτηρίζει,
3527 2859 3619 2913 τὸν

362 2925 530 3013 ⁸ιδνιξιῐὶε
573 2944 707 2999 dicit
750 2962 765 2999 :
814 2963 832 2996 ι
880 2945 1073 3001 Venite
1104 2945 1171 3001 ad
1206 2961 1315 3013 me,
1364 2925 1567 3004 omnes
1605 2950 1698 3018 qni
1752 2950 1941 3005 multis

2057 2958 2267 3025 ιέγοντα
2305 2957 2362 3007 ὲν
2391 2925 2504 3017 τοῖς
2535 2925 2887 3020 Εὐαγγελίοις
2906 2966 2920 2980 ο
2958 2968 2977 3003 ι
3015 2925 3180 3003 Δεῦτε
3213 2925 3351 3021 πρδς
3377 2967 3446 3020 με
3482 2951 3618 3004 πάν-

374 3037 618 3107 lapsibus
645 3039 974 3108 graramini,
1003 3049 1058 3094 et
1096 3055 1197 3111 ego
1229 3043 1580 3111 requiescere
1606 3043 1718 3114 38
1746 3043 1938 3099 faciam

2057 3065 2134 3112 τες
2166 3048 2215 3101 oi
2269 3045 2690 3115 πεφορτισμένοι
2742 3045 2856 3106 τοῖς
2893 3042 3108 3106 πολλοῖς
3151 3041 3614 3112 παραπτώμασιν,

371 3147 470 3188 vos
498 3133 542 3164 θ’
586 3150 606 3184 ι
643 3132 695 3186 in
729 3147 855 3186 arca
880 3132 1158 3199 Ecclesia‘,
1186 3149 1215 3187 a
1238 3136 1475 3201 pessimo
1497 3138 1943 3207 exsecrandoqne

2057 3135 2203 3204 κάγὼ
2233 3134 2534 3190 ἀναπαύσω
2559 3135 2704 3204 ὑμᾶς
2742 3152 2760 3185 ι
2800 3134 2857 3186 ὲν
2878 3135 2943 3203 τῇ
2989 3131 3207 3202 κιϐωτῷ
3236 3135 3333 3203 τῆς
3389 3133 3615 3202 Ἐκκληο

371 3224 635 3278 exercitio
666 3223 949 3281 liberatos.
992 3224 1242 3295 Namque
1282 3242 1407 3282 cum
1457 3236 1619 3284 natus
1647 3227 1939 3293 essetNoo,

373 3314 428 3368 in
457 3313 629 3387 figura
682 3324 735 3369 et
764 3314 1025 3370 vaticinia
1063 3315 1275 3369 dictum
1305 3324 1432 3371 est:
1470 3336 1489 3368 ‹
1532 3317 1652 3387 Ipse
1688 3316 1944 3372 consola-

373 3404 518 3459 bitur
549 3420 652 3461 nos
675 3405 742 3460 ab
782 3406 1044 3476 operibus
1079 3407 1310 3469 nostris,
1341 3416 1396 3460 et
1421 3421 1449 3460 a
1487 3416 1644 3462 terra
1697 3408 1786 3462 cui
1825 3423 1943 3462 ma-

374 3495 567 3551 ledixit
608 3494 874 3551 Dominus
910 3497 1054 3552 Deus
1085 3507 1276 3551 noster
1314 3496 1381 3551 ⁸³.
1425 3516 1444 3548 ι

855 3668 1116 3725 LXXXV.
1157 3700 1225 3710 -—
1267 3667 1471 3723 Eidem.

444 3759 638 3830 Populi
708 3759 1010 3834 inﬁdelium
1069 3760 1385 3815 Iudaeorum
1453 3775 1740 3829 personam
1807 3761 1946 3831 gerit

314 3916 320 3921 _
373 3851 648 3905 Chanaam
671 3851 742 3913 ’⁵,
761 3853 852 3922 qui
876 3851 1213 3907 denudatum
1238 3837 1515 3909 Christum
1545 3851 1738 3914 irrisit,
1764 3851 1945 3921 ﬂagel-

376 3944 615 4015 lavitque
638 3957 735 4014 per
766 3943 1026 4007 Pilatum,
1058 3951 1114 3999 et
1143 3944 1497 3999 contumeliis
1527 3945 1707 4000 allecit
1729 3946 1796 4009 “,
1829 3953 1945 4002 etc.

372 4033 498 4089 Sem
542 4050 672 4090 vero
716 4043 770 4090 et
815 4034 1008 4106 Japhct
1046 4044 1257 4090 tantum
1292 4050 1399 4089 non
1431 4036 1603 4103 digito
1637 4044 1945 4091 monstrant

372 4121 594 4193 Josephi
624 4124 874 4190 comites.
911 4125 1005 4195 qni
1029 4138 1234 4194 corpus
1265 4120 1579 4179 Servatoris
1606 4124 1857 4189 involvit,
1889 4132 1946 4178 et

373 4215 619 4284 reposuit
643 4215 697 4269 in
722 4230 865 4271 novo
890 4224 1271 4270 monumento.
1297 4213 1489 4269 Adhuc
1519 4215 1681 4269 etiam
1710 4215 1947 4268 innuunt

370 4304 729 4361 Nicodemum
773 4306 991 4361 lsraelis
1041 4307 1393 4387 magistrum,
1442 4313 1805 4376 caeterosque,
1848 4307 1941 4374 qui

2045 3227 2186 3290 σίας,
2216 3224 2657 3293 λελυτρωμένους
2699 3221 2964 3293 ἐργασίας
2990 3221 3332 3291 φαυλοτάτης
3383 3223 3477 3274 καὶ
3506 3223 3620 3275 ἑπι-

2044 3316 2379 3386 καταράτου.
2405 3315 2701 3386 Τεχθέντος
2731 3314 2839 3384 γάρ
2876 3331 3006 3367 ποτε
3036 3311 3130 3366 τοῦ
3173 3314 3441 3382 μακαρίου
3469 3313 3616 3379 Νῶε,

2042 3406 2284 3470 τυπικῶς
2338 3407 2429 3459 καὶ
2457 3405 2808 3476 προφητικῶς
2840 3404 3074 3476 εἴρηται,
3099 3405 3178 3458 ὅτι
3209 3423 3228 3456 ι
3252 3399 3416 3467 Οὗτος
3431 3403 3618 3457 διανασ-

2044 3495 2243 3549 παύσει
2273 3496 2421 3567 ἡμᾶς
2468 3495 2577 3548 ἀπὸ
2619 3494 2726 3548 τῶν
2775 3493 2952 3565 ἔργων
3006 3494 3183 3564 ἡμῶν,
3218 3494 3314 3547 καὶ
3362 3493 3471 3547 ἀπὸ
3515 3492 3615 3562 τῆς

2056 3586 2169 3656 (ἧς,
2199 3580 2268 3656 ἧς
2296 3585 2647 3656 κατηράσατο
2661 3577 2880 3655 ’Κύριος
2906 3585 2934 3636 ὁ
2965 3582 3096 3646 Θεὸς
3126 3584 3307 3654 ἡμῶν.
3332 3601 3351 3634 ι

2539 3675 2667 3729 IIE'.
2706 3704 2779 3713 —
2819 3674 2902 3738 Τῷ
2940 3672 3120 3738 αὐτῷ.

2114 3766 2221 3820 Τοῦ
2249 3764 2380 3818 λαοῦ
2412 3764 2520 3817 τῶν
2556 3763 2802 3815 ἀπίστων
2838 3760 3106 3814 Ἰουδαίων
3139 3762 3428 3832 πρόσωπον
3459 3761 3617 3829 φέρει

2043 3858 2071 3910 ὁ
2099 3855 2355 3925 Χαναὰμ,
2383 3855 2532 3917 ὅστις
2571 3852 2666 3906 καὶ
2689 3850 3066 3921 γυμνωθέντος
3083 3851 3177 3904 τοῦ
3208 3848 3441 3923 Χριστοῦ
3478 3867 3627 3915 κατ-ι,

2043 3948 2322 4017 εγὲλασεν,
2360 3943 2742 4016 ὲφραγέλλωσέ
2773 3959 2832 3995 τε
2865 3941 2952 3995 διὰ
2980 3939 3074 3994 τοῦ
3117 3941 3347 3995 Πιλάτου
3382 3941 3475 3995 καὶ
3495 3940 3615 4011 ἠτί-

2047 4056 2218 4111 μωσε,
2247 4039 2341 4091 καὶ
2368 4039 2437 4091 τὰ
2480 4034 2625 4106 ἑξῆς.
2659 4034 2778 4105 Σὴμ
2808 4034 2864 4087 δὲ
2923 4033 3017 4087 καὶ
3059 4032 3232 4102 ’ῐαφὲτ
3272 4031 3612 4106 δακτυλοδει-

2044 4131 2233 4184 κτοῦσι
2264 4132 2389 4192 τοὺς
2420 4128 2552 4200 περὶ
2598 4127 2691 4180 τὸν
2732 4127 2928 4195 Ἰωσὴφ
2962 4124 3313 4188 ὲντυλίξαντα
3353 4123 3413 4175 τὸ
3457 4123 3615 4191 σῶμα

2042 4221 2138 4274 τοῦ
2173 4220 2445 4289 Σωτῆρος,
2477 4218 2573 4271 καὶ
2606 4215 3007 4284 ὲναποῦἑμενον
3035 4215 3112 4284 τῷ
3144 4212 3322 4283 νεαρῷ
3350 4214 3613 4283 μνήματι.

2050 4313 2172 4365 Ἔτι
2206 4327 2267 4363 τε
2310 4309 2636 4365 αἰνίττονται
2667 4310 2761 4361 καὶ
2810 4307 3119 4378 Νικόδημον
3147 4304 3240 4359 τὸν
3270 4304 3362 4357 τοῦ
3401 4304 3614 4375 Ἰσραὴλ

371 4397 782 4453 sanctissimum
806 4410 1009 4466 corpus
1032 4393 1337 4461 custodire,
1358 4402 1413 4448 et
1434 4396 1485 4449 in
1510 4397 1717 4451 honore
1742 4396 1943 4451 habere

2057 4399 2380 4463 Ξιδάσκαλον,
2411 4397 2504 4453 καὶ
2535 4398 2661 4460 τοὺς
2688 4395 2897 4461 ἄλλους,
2927 4397 3040 4448 ὅσοι
3062 4394 3344 4464 περιέπειν
3380 4392 3440 4446 τὸ
3472 4411 3614 4446 παν-

369 4488 721 4543 conabantur
750 4486 818 4540 ".

568 4575 858 4632 LXXXVI.
897 4606 968 4619 —
1005 4577 1256 4634 ACACIO
1293 4576 1746 4634 MEMORIALIO.

443 4672 744 4727 Sacrorum
781 4679 959 4741 mysta
991 4669 1206 4739 Moyses
1245 4670 1527 4743 obliquum
1574 4670 1790 4725 duobus
1832 4682 1934 4722 ma-

371 4762 538 4818 nibus
570 4763 855 4818 sustinens
896 4760 1151 4816 baculum
1196 4761 1501 4817 imitatione
1536 4762 1818 4817 Christum
1849 4775 1946 4815 ex-

370 4858 641 4923 primens,
692 4853 787 4922 qui
845 4864 1013 4923 supra
1072 4868 1295 4909 crucem
1353 4870 1549 4909 manus
1600 4851 1942 4914 extenderat,

2045 4486 2198 4558 ἅγιον
2230 4486 2389 4558 σῶμα
2434 4484 2528 4539 καὶ
2565 4486 2623 4537 ὲν
2652 4486 2785 4553 τιμῇ
2822 4482 3093 4536 ποιεῖσθαι
3116 4480 3471 4545 ἐσπούδαζον.

2325 4579 2466 4645 [ις’.
2485 4606 2557 4617 --
2578 4574 2840 4644 suum
2877 4574 3332 4645 ΜΕΜΟΡΙΑΛῙῼ.

2114 4669 2316 4739 Μωσῆς
2336 4669 2364 4720 ὁ
2406 4665 2728 4734 ἱεροφάντης
2756 4663 2993 4732 πλαγίαν
3026 4665 3120 4718 ἐπὶ
3150 4665 3260 4720 τῶν
3296 4664 3391 4719 δύο
3416 4666 3614 4737 χειρῶν

2044 4761 2260 4832 κρατῶν
2293 4759 2389 4831 τὴν
2409 4757 2623 4829 ῥάϐδον,
2668 4756 2812 4811 κατὰ
2849 4756 3081 4828 μίμησιν
3113 4756 3209 4811 τοῦ
3256 4757 3351 4811 ἐπὶ
3382 4762 3613 4830 σταυροῦ

2044 4853 2142 4915 τὰς
2192 4852 2380 4921 χεῖρας
2437 4847 2861 4911 διαπετάσαντος
2910 4847 3176 4918 Χριστοῦ,
3219 4847 3313 4900 τὸν
3369 4849 3613 4920 Ἀμαλὴγ

368 4943 687 4998 Amalecum
713 4945 766 4997 in
794 4941 979 5013 fugam
1010 4944 1173 5000 vertit
1195 4946 1262 4999 ".
1286 4943 1576 5015 Pmptcrea
1604 4957 1947 5018 nosqnoque

2057 4938 2414 5010 ὲτροπώσατο.
2448 4936 2538 4989 Διὸ
2561 4937 2652 4988 καὶ
2679 4936 2841 5006 ἡμεῖς
2872 4935 2971 4999 τὰς
3007 4938 3197 5006 χεῖρας
3219 4937 3300 4999 είς
3324 4936 3491 5009 εὐχὴν
3522 4939 3613 4994 ἐχ.

368 5035 423 5089 in
454 5037 703 5089 oratione
750 5051 944 5093 manus
975 5037 1338 5094 extendentes
1386 5039 1651 5094 Satanam
1700 5036 1944 5093 debella-

368 5143 516 5182 mus.
567 5126 623 5181 Si
671 5135 903 5189 rectum,
952 5146 1061 5185 non
1096 5131 1381 5201 obliquum
1424 5130 1680 5184 baculum
1718 5136 1943 5182 sanctus

366 5217 585 5288 Moyses
614 5218 947 5286 sustinebat,
979 5235 1085 5289 qua
1132 5222 1346 5275 ratione
1383 5235 1581 5275 manus
1612 5231 1755 5271 onus
1779 5229 1940 5284 urge-

367 5308 482 5372 bat,
505 5305 892 5378 indigebatque
921 5310 1243 5383 adiumento
1271 5310 1531 5376 Aaronis,
1562 5317 1615 5363 et
1642 5300 1802 5372 Huri,
1843 5304 1938 5375 qui

368 5405 501 5460 hinc
524 5409 689 5475 atque
715 5404 866 5459 illinc
896 5420 1092 5464 manus
1123 5407 1273 5462 illius
1305 5406 1563 5460 l'uleirent
1590 5401 1678 5454 "t

2040 5034 2304 5095 τείνοντες
2345 5029 2586 5101 νικῶμεν
2639 5027 2731 5082 τὸν
2781 5027 3046 5082 Σατανᾶν.
3095 5028 3159 5080 El
3201 5028 3367 5099 ὀρθὴν
3406 5030 3499 5082 καὶ⁵
3538 5030 3613 5099 μὴ

2040 5122 2275 5192 πλαγίαν
2315 5120 2413 5189 τὴν
2448 5119 2641 5191 ῥάϐδον
2688 5118 2936 5186 κατεῖχεν
2975 5117 3005 5169 ὁ
3035 5116 3191 5185 ἆγιος
3217 5118 3478 5189 Μωῢσῆς,
3498 5118 3613 5181 πῶς

2038 5212 2286 5282 ὲόαρεῖτο
2338 5207 2438 5271 τὰς
2469 5209 2688 5278 χεῖρας,
2730 5204 2822 5256 καὶ
2865 5205 3053 5274 χρείαν
3099 5204 3210 5275 εἶχε
3256 5203 3349 5257 τοῦ
3401 5205 3614 5275 ’Δαρὼν

2046 5304 2139 5358 καὶ
2196 5299 2291 5355 τοῦ
2352 5298 2458 5369 Ὠρ
2516 5292 2990 5364 ὑποστηριζόντων
3066 5295 3216 5348 ἐνθεν
3266 5295 3366 5357 τὰς
3423 5299 3613 5367 χεῖρας

2046 5392 2210 5451 αὐτοῦ
2238 5408 2254 5459 ;

437 5589 688 5664 "ludio.
721 5594 888 5664 v_.‘2I.
965 5594 1011 5628 ”
1056 5594 1196 5652 Psal.
1235 5611 1372 5664 xm,
1402 5589 1612 5664 36._§3.
1665 5587 1898 5664 Δξο-Ιλιιιε.
1933 5602 1989 5647 x.
2053 5583 2139 5664 I9.
2285 5579 2524 5664 Luc-gl“.
2555 5574 2933 5664 “ﬁnding-II.
2974 5592 3130 5664 xit-It,
3399 5572 3592 5664 battis.

372 5677 448 5728 λι,
486 5645 573 5716 Ξὸξ
604 5645 629 5647 Ὗ
653 5645 698 5697 '3
722 5645 1073 5734 etiam:
1099 5645 1456 5729 "ﬁdem;
1480 5645 1573 5714 ἔτι.
1663 5659 1709 5691 ’³
1739 5656 1899 5713 Joan.
1937 5672 1947 5711 ι

2082 5654 2131 5707 I.
2207 5650 2256 5684 “
2284 5649 2416 5706 ibid.
2450 5650 2536 5703 38.
2613 5648 2657 5679 ’τ
2694 5647 2864 5702 Exod.
2904 5650 3138 5714 xvn,tl.
3188 5648 3231 5680 "
3259 5645 3388 5700 ibid.
3423 5645 3511 5699 Ii.
