3984 6150
284 250 386 316 121

813 364 934 419 IIZ'.
958 394 1029 404 —
1059 364 1144 427 Τῷ
1166 364 1350 430 αὐτῷ.

371 455 685 526 Ἐπωφελὲς
729 455 797 509 ἂν
829 455 913 526 εἴη
956 455 1034 520 ὡς
1071 456 1165 509 ἐπὶ
1198 456 1259 510 τὸ
1308 456 1560 509 πλεῖστον
1592 455 1656 508 τδ
1703 472 1869 508 σταυ-

292 547 513 622 ροειδῶς
538 546 834 617 εὔχεσθαιο
867 546 1009 601 οὕτω
1043 546 1153 619 γὰρ
1182 546 1554 618 εὐλογούμεθα
1588 545 1738 616 παρὰ
1772 543 1866 597 τοῦ

292 636 447 703 Θεοῦ,
482 639 580 692 καὶ
608 637 805 702 ἄλλους
837 636 1001 691 πάλιν
1038 640 1199 709 ἡμεῖς
1232 636 1582 708 εὐλογοῦμεν.
1613 636 1722 689 Καὶ
1756 635 1868 707 γὰρ

292 733 317 785 ό
340 729 625 793 θεσπέσιος
650 730 856 799 Μωσῆς
896 728 994 800 τὴν
1024 728 1229 801 σκηνὴν
1265 727 1615 796 ἔγκαινίζων,
1654 728 1750 781 καὶ
1782 729 1868 780 ὲν-

292 819 551 887 θρονίζων
598 818 751 889 ἱερέα
801 817 893 871 τὸν
943 819 1141 872 οἰκεῖον
1190 818 1457 888 ἀδελφὸν,
1505 815 1869 888 σταυροειδῶς

293 912 389 973 τὰς
444 912 636 980 χεῖρας
687 912 769 973 εἰς
815 909 1046 981 οὐρανὸν
1096 911 1375 974 ἐκτείνας,
1426 910 1731 981 ηὑλόγησεν
1776 908 1868 961 τὸν

295 1001 440 1055 λαόν.
468 1001 617 1071 Πλὴν
650 1000 833 1070 μέντοι
861 1000 1152 1055 καὶταῦτα
1180 1002 1484 1072 εἰρηκότες,
1518 1002 1619 1071 τὴν
1669 997 1867 1071 εὐσεϐῆ

291 1093 387 1146 καὶ
433 1092 682 1161 εὐπρεπῆ
751 1092 1101 1160 γονυκλισὶαν
1159 1090 1413 1162 οὐδαμῶς
1476 1090 1867 1161 ἀναιρήσομεν.

291 1183 403 1236 Καὶ
425 1181 535 1251 γὰρ
560 1181 758 1251 Δανιὴλ
781 1183 809 1235 ό
834 1183 1120 1253 προφήτης
1140 1183 1330 1254 τρίτην
1353 1182 1530 1253 ὥραν,
1558 1180 1650 1234 καὶ
1679 1179 1868 1250 ἕκτην,

290 1273 383 1325 καὶ
409 1274 636 1344 ὲννάτην
665 1273 933 1343 κάμπτων
960 1275 1055 1326 ἐπὶ
1081 1273 1181 1337 τῖες
1213 1274 1318 1344 γῆς
1363 1273 1432 1327 τὰ
1464 1273 1690 1342 γόνατα.
1724 1288 1868 1342 παρ·-

291 1363 482 1418 εκὰλει
514 1365 607 1418 τὸν
634 1365 791 1419 Θεόν.

803 1455 937 1511 IIII’.
960 1485 1030 1496 —
1066 1455 1151 1521 Τῷ
1177 1455 1358 1522 αὐτῷ.

363 1546 565 1617 Δανιὴλ
603 1546 706 1617 μιν
732 1547 810 1611 ὡς
835 1549 1055 1619 οἰκέτης
1087 1550 1310 1620 γνήσιος
1348 1548 1435 1602 διὰ
1466 1548 1773 1621 προσευχῆς
1799 1546 1871 1600 τὰ

290 1637 402 1689 τῶν
426 1635 658 1691 λεόντων
689 1638 749 1691 ιν
777 1637 856 1709 τῷ
883 1638 1073 1709 λάκκῳ
1121 1639 1387 1709 ἐνέφραξε
1436 1640 1700 1710 στόματα.
1732 1638 1868 1707 Χρι-

292 1729 416 1793 στὸς
435 1729 493 1782 δὲ
517 1729 748 1783 ότούτου
769 1730 1047 1801 Δεσπότης
1078 1731 1184 1802 ἰδίᾳ
1209 1731 1448 1802 ἐξουσίᾳ,
1469 1732 1580 1785 τῶν
1598 1727 1870 1801 πυλωρῶν

289 1817 383 1871 τοῦ
415 1817 544 1890 ᾅδου
576 1819 672 1872 καὶ
710 1819 821 1873 τῶν
876 1819 1115 1890 ἀμειδῶν
1154 1820 1409 1890 φρουρῶν
1432 1821 1529 1888 τῆς
1565 1819 1745 1872 ὲκετσε
1776 1817 1869 1882 ζο-

292 1911 615 1981 φερωτάτης
635 1911 861 1982 εἱρκτῆς
886 1912 1013 1975 τοὺς
1042 1912 1329 1982 φάρυγγας
1346 1911 1608 1964 ἔκλεισεν.
1625 1910 1734 1962 Καὶ
1758 1908 1870 1980 γὰρ

291 2000 481 2071 εἴρητο
516 2002 873 2074 προφητικῶς
908 2002 967 2056 ὲν
1009 2005 1079 2072 τῇ
1124 2002 1292 2074 βίϐλῳ
1331 2004 1427 2056 τοῦ
1466 2002 1616 2056 Ἰιιῖιϐ⁵
1646 2020 1666 2052 ι
1703 1999 1873 2053 Ἀνοί-

292 2094 483 2161 γονται
539 2112 623 2148 σοι
654 2095 807 2165 φόϐῳ
837 2094 1005 2148 πύλαι
1037 2095 1292 2160 Θανάτου,
1350 2096 1593 2168 πυλωροὶ
1647 2097 1704 2151 δὲ
1744 2096 1872 2168 ᾲδου

289 2185 494 2250 ἰδόντες
528 2201 590 2239 σε
641 2185 906 2254 ἔπτηξαν.
952 2204 973 2238 ι
1017 2185 1228 2250 Ζῶντες
1272 2185 1521 2255 λέγονται
1568 2188 1616 2240 οἱ
1654 2187 1874 2241 πιστεύ-

284 2291 481 2338 σιντες
516 2274 596 2344 τῷ
633 2273 880 2343 Χριστῷ,
908 2274 1096 2344 νεκροὶ
1129 2274 1187 2327 δὲ
1231 2275 1345 2328 ὅσοι
1395 2275 1468 2344 μὴ
1515 2276 1867 2330 ἐπίστευσανο

279 2362 487 2430 διόπερ
532 2362 882 2430 γέγραπται’
918 2363 1071 2415 «Καὶ
1113 2362 1313 2432 ἐστάθη
1366 2362 1574 2435 ’Δαρὼν
1609 2367 1640 2419 ὁ
1695 2366 1871 2435 ιερεὺς

279 2454 569 2524 ἀνάμεσον
600 2452 713 2506 τῶν
728 2453 940 2517 ζώντων
961 2455 1054 2508 καὶ
1075 2453 1183 2508 τῶν
1202 2456 1595 2510 ἀποθανόντων.
1628 2476 1647 2509 ι
1681 2459 1869 2513 Μετα-

281 2548 345 2612 ξὺ
389 2546 501 2614 γάρ
570 2545 723 2597 ἐστιν
762 2546 791 2598 ό
833 2544 1110 2615 Δεσπότης
1141 2546 1398 2616 Χριστὸς,
1430 2547 1540 2600 τῶν
1581 2564 1643 2601 τε
1685 2565 1870 2621 παρα-

282 2635 600 2705 δεξαμένων
625 2636 811 2702 αὗτδν,
850 2637 945 2692 καὶ
994 2636 1102 2692 τῶν
1152 2638 1229 2707 μὴ
1274 2638 1642 2711 βουληθέντων
1686 2660 1870 2714 παραο

284 2728 565 2796 δέξασθαι.
595 2727 708 2782 Καὶ
746 2732 1013 2800 μαρτυρεῖ
1055 2729 1320 2803 Ἰωάννης
1355 2733 1384 2786 ό
1429 2733 1740 2804 Βαπτιστὴς
1784 2734 1872 2788 λέ-

287 2839 403 2887 γων
428 2820 506 2892 τῷ
532 2819 647 2892 λαῷ
694 2820 786 2873 ἰπὶ
832 2821 926 2875 τοῦ
966 2822 1229 2894 Ἰορδάνου
1251 2862 1266 2889 ,
1294 2824 1378 2879 ὅτι
1430 2841 1454 2877 ε
1487 2825 1669 2891 Μέσος
1713 2824 1873 2898 ὑμῶν

287 2914 543 2979 ἔστηκεν,
568 2912 741 2985 ὅνπερ
769 2912 928 2983 ὑμεῖς
956 2913 1221 2984 ἀγνοεῖτε.
1271 2936 1291 2971 ι

794 3005 921 3061 ΠΘ¹.
955 3037 1027 3048 -
1073 3006 1156 3074 Τῷ
1197 3008 1377 3074 αὐτῷ.

366 3096 639 3169 Βλαϐερὸν
678 3098 821 3168 ἄγαν
864 3098 927 3151 τὸ
972 3100 1132 3168 λόγον
1192 3100 1361 3171 ἀργόν
1403 3114 1462 3154 τε
1505 3101 1601 3155 καὶ
1644 3102 1872 3172 ἀκερδῆ.

293 3187 389 3240 καὶ
420 3188 494 3259 μὴ
525 3187 967 3260 συμϐαλλόμενον
991 3192 1056 3260 τῇ
1086 3195 1434 3262 πνευματικῇ
1466 3192 1716 3263 οἰκοδομῇ
1742 3208 1876 3264 προσ

296 3277 481 3345 φέρειν
509 3279 575 3331 ἐκ
629 3280 914 3350 στόματος.
960 3280 1167 3351 ὁμοίως
1199 3281 1295 3334 καὶ
1343 3281 1405 3334 τὸ
1455 3282 1676 3352 τρέφειν
1706 3284 1765 3336 ὲν
1806 3285 1871 3354 τῇ

293 3364 492 3436 καρδίᾳ
525 3366 653 3429 τοὺς
688 3367 840 3436 όφεις
888 3368 984 3422 καὶ
1034 3370 1168 3431 τοὺς
1227 3369 1521 3441 σκορπίους
1552 3371 1663 3424 τῶν
1706 3390 1868 3443 πονηο

300 3454 410 3523 ρῶν
435 3453 731 3525 λογισμῶν.

824 3552 896 3614 ιιι.
923 3579 995 3589 -
1038 3547 1123 3614 Τῷ
1161 3548 1343 3616 αὐτῷ.

366 3637 559 3701 Debet;
602 3638 805 3706 γνῶναι
853 3639 953 3704 τὰς
985 3640 1094 3693 τῶν
1137 3641 1551 3712 πατριαρχικῶν
1592 3642 1872 3711 ὀνομάτων

294 3730 608 3799 ἑρμηνείας.
645 3732 755 3784 Καὶ
798 3731 862 3802 δὴ
895 3732 1033 3796 λέξω
1066 3750 1147 3786 σοι
1169 3733 1390 3796 ταύτας.
1428 3735 1653 3805 Ῥουϐὴν
1697 3737 1871 3805 ἑρμη-

293 3819 535 3883 νεύεται,
583 3820 738 3889 ὁρῶν
783 3824 946 3888 υἱός·
1005 3823 1230 3894 Συμεὼν
1277 3824 1354 3888 δὲ,
1394 3826 1630 3892 ὑπακοὴ
1681 3826 1828 3879 Θεοῦ
1855 3842 1866 3852 ·

295 3911 463 3978 Λευῖ,
506 3913 834 3980 secunde.
887 3915 1136 3968 τουτέστι
1190 3915 1310 3984 Θεῷ
1359 3915 1867 3986 προσκολλώμενος,

294 4002 396 4056 καὶ
426 4002 840 4074 προσχρωτίζων
860 4021 874 4034 ”
911 4004 1137 4068 Ἰούδας,
1182 4004 1623 4075 ἐξομολόγησις
1648 4024 1662 4036 ο
1701 4005 1871 4058 Ἰσσα-

295 4111 425 4165 χαρ,
455 4093 676 4162 μισθὸς
695 4093 878 4164 ἁγίων
898 4113 911 4126 ·
940 4096 1249 4163 Ζαϐουλὼν,
1289 4098 1468 4165 ρὐις
1517 4098 1867 4164 νυκτερείας.

306 4186 523 4258 Ἰωσὴφ,
549 4187 766 4256 Κιφίου
788 4188 1104 4257 προσθήκη
1128 4205 1140 4219 ⁸
1173 4190 1454 4260 Βενιαμὶν,
1484 4191 1614 4255 υἱὸς
1637 4188 1865 4254 δεξιᾶς·

291 4279 420 4344 Adv,
447 4279 665 4348 κρΙσις·
697 4278 1008 4350 Νεφθαλὶμ,
1041 4280 1358 4350 ἀνειμένον
1393 4282 1705 4351 στέλεχος,
1749 4283 1868 4351 ἢτοι

1504 252 2040 356 ΕΡΙξΤΟιΑΒυΜ
2082 255 2229 317 LIB.
2269 256 2319 315 Ι.

3440 252 3549 315 1‘22

2413 364 2721 421 LXXXVII.
2761 397 2827 406 —
2870 364 3075 420 Eidem.

2038 456 2499 513 Percommoilum
2530 458 2699 512 fuerit
2721 467 2779 512 ιιι
2816 458 3112 528 plurimum
3145 456 3328 510 crucis
3361 456 3544 527 figurat

1966 564 2070 604 nos
2097 547 2208 619 39
2248 550 2507 604 manibus
2545 547 2980 614 conformantes,
3020 561 3207 618 preces
3241 548 3539 603 eﬂ'undere.
3586 596 3593 613 ,

1968 638 2062 695 Sic
2092 640 2240 694 enim
2267 638 2409 695 Deus
2436 641 2598 695 nobis
2627 639 2925 705 benedicit,
2954 656 3258 709 rursusque
3289 656 3391 694 nos
3421 639 3544 695 aliis

1967 732 2349 787 benedicimus
2377 733 2444 784 ”.
2477 730 2709 787 Divinus
2734 732 2938 787 etenim
2966 731 3183 803 Moyses
3216 734 3545 786 tabernacu-

1966 822 2078 874 lum
2114 835 2475 884 consecrans,
2502 827 2555 875 et
2599 820 2824 874 fratrem
2866 836 3026 874 suum
3058 821 3111 873 iu
3149 820 3328 874 sedem
3362 836 3540 876 sacer-

1966 911 2154 965 dotum
2210 912 2511 975 collocans,
2562 909 2630 964 ad
2685 910 2908 964 modum
2962 912 3146 965 crucis
3186 912 3455 965 manibus
3488 912 3543 965 in

1967 1004 2166 1058 malum
2212 1005 2477 1074 expansis
2525 1003 2808 1058 benedixit
2847 1003 3049 1073 populo
3084 1005 3120 1055 '.
3171 1002 3235 1056 Et
3273 1006 3397 1058 licet
3430 1004 3547 1058 hac

1966 1095 2239 1162 dicamus,
2288 1111 2563 1165 nusquam
2619 1102 2802 1149 tamen
2851 1096 2996 1165 piam
3061 1103 3116 1149 et
3156 1096 3410 1150 decoram
3452 1109 3547 1165 ge-

1969 1204 2140 1243 nuum
2177 1186 2470 1242 flexionem
2507 1185 2575 1241 de
2607 1186 2794 1241 medio
2840 1186 3104 1242 tollimus.
3148 1184 3415 1255 Ρνοιιιιιςισ
3465 1184 3548 1240 si-

1967 1278 2190 1349 quidem
2226 1277 2412 1331 Daniel
2466 1277 2600 1333 hora
2647 1279 2828 1342 tertia,
2883 1285 3036 1332 sexta
3096 1284 3152 1331 et
3201 1292 3345 1330 nona
3383 1291 3550 1347 super

1968 1377 2176 1424 terram
2212 1383 2388 1438 genua
2417 1366 2664 1431 flectens,
2694 1366 2865 1421 Deum
2901 1369 3164 1421 exorabat
3195 1368 3239 1420 ¹.

2407 1455 2740 1513 LXXXVIII.
2776 1486 2847 1497 -—
2888 1456 3092 1512 Eidem.

2039 1549 2234 1606 Daniel
2285 1549 2510 1621 quidem
2566 1547 2645 1603 uti
2693 1564 2888 1605 servus
2936 1562 3235 1620 germanus
3282 1546 3338 1601 iu
3392 1546 3547 1600 fovea

1968 1642 2221 1696 oratione
2272 1640 2494 1693 leonum
2542 1652 2642 1693 ora
2697 1639 2981 1694 obturavit
3027 1638 3067 1691 ³.
3116 1635 3375 1692 Christus
3419 1649 3550 1689 vero

1973 1732 2122 1787 illius
2144 1730 2410 1786 Dominus
2435 1729 2656 1801 propria
2682 1731 3013 1784 auctoritate
3031 1727 3331 1797 ianitorum
3361 1722 3549 1787 inferi,

1972 1833 2027 1879 et
2057 1821 2550 1880 tenebricosissimi
2585 1821 2786 1878 ibidem
2818 1819 3062 1875 carceris
3092 1816 3385 1872 custodum
3420 1830 3550 1869 cru-

1973 1916 2174 1970 delium
2202 1914 2393 1971 fauces
2419 1913 2655 1971 occlusit
2687 1930 2702 1969 :
2735 1912 2883 1984 quod
2915 1908 3387 1981 praevaticiuatum
3430 1906 3550 1961 fue-

1974 2016 2058 2060 rat
2090 2007 2143 2060 in
2178 2006 2320 2061 libro
2347 2004 2451 2061 Job
2487 2025 2502 2061 :
2550 2024 2568 2058 ι
2612 2005 2943 2077 Aperientur
2993 2001 3093 2056 tibi
3141 2001 3340 2055 timore
3379 2007 3551 2068 porte

1974 2096 2170 2152 mortis
2206 2113 2221 2151 :
2250 2096 2526 2167 ianitores
2560 2110 2691 2151 vero
2723 2096 3027 2151 inferorum
3053 2096 3303 2151 videntes
3336 2103 3389 2149 te
3417 2109 3550 2148 con-

1974 2196 2319 2243 tremuerunt
2372 2188 2415 2242 δ.
2478 2208 2498 2242 ι
2550 2189 2655 2255 Qui
2710 2189 2935 2244 Christo
2993 2189 3388 2252 crediderunt,
3437 2185 3547 2241 vivi

1972 2285 2405 2347 nuncupantur;
2438 2277 2663 2340 mortui,
2696 2279 2789 2348 qui
2824 2294 2933 2333 non
2956 2279 3312 2334 crediderunt
3338 2297 3352 2332 :
3377 2292 3551 2348 quare

1973 2367 2241 2433 scriptum
2278 2374 2400 2421 est:
2437 2382 2457 2416 ι
2498 2364 2563 2419 Ει
2590 2366 2742 2421 stetit
2770 2369 2953 2421 Aaron
2984 2360 3247 2422 sacerdos
3281 2367 3336 2420 in
3368 2365 3551 2420 medio

1971 2456 2218 2510 vivorum
2295 2463 2350 2509 et
2405 2454 2793 2510 defunctorum
2851 2457 2893 2509 '.
2965 2476 2984 2509 ι
3045 2455 3259 2511 Medius
3345 2459 3547 2511 etenim

1971 2548 2225 2604 Christus
2269 2545 2531 2602 Dominus
2572 2556 2659 2602 est
2705 2547 2847 2601 inter
2874 2562 2993 2612 eos,
3032 2547 3128 2618 qui
3157 2562 3280 2601 eum
3312 2561 3549 2616 excepe-

1975 2644 2121 2701 runt,
2149 2644 2208 2691 et
2230 2651 2347 2701 eos,
2374 2638 2467 2707 qui
2494 2637 2784 2692 noluerunt
2814 2653 2937 2693 eum
2963 2639 3241 2708 excipere.
3278 2635 3552 2691 Testimo-

1973 2728 2183 2797 nioqne
2219 2743 2322 2783 suo
2363 2729 2416 2783 id
2448 2729 2644 2800 probat
2676 2727 2921 2784 Joannes
2972 2727 3216 2799 Baptista
3264 2729 3551 2799 alloquens

1972 2822 2234 2893 pnpttillm
2296 2821 2353 2875 in
2412 2820 2657 2877 Jordane
2712 2838 2726 2874 :
2784 2838 2805 2873 ι
2859 2819 3073 2878 Medius
3123 2831 3367 2879 vestrum
3416 2830 3551 2886 stat.

1971 2927 2135 2981 quem
2159 2925 2257 2967 vos
2283 2910 2552 2982 ignoratis
2579 2911 2621 2966 ⁸.
2667 2929 2685 2963 ι

2467 3001 2759 3058 LXXXIX.
2798 3032 2868 3046 —
2904 3001 3110 3058 Eidem.

2045 3094 2222 3161 Quam
2253 3094 2794 3165 perniciosissimum
2840 3104 2946 3157 est,
2978 3108 3287 3149 sermonem
3327 3108 3549 3157 vanum,

1978 3197 2033 3244 et
2070 3188 2345 3250 inutilem,
2374 3196 2429 3241 et
2462 3185 2699 3256 spiritali
2746 3184 2979 3240 mdiﬁcio
3009 3186 3119 3258 ω
3166 3187 3389 3241 minime
3423 3201 3547 3240 con-

1978 3282 2272 3335 ducentem
2329 3296 2393 3335 ex
2450 3294 2545 3333 ore
2595 3277 2843 3347 proferre
2897 3295 2911 3332 :
2968 3277 3227 3332 similiter
3273 3278 3326 3332 in
3384 3278 3552 3331 corde

1975 3371 2189 3425 nutrire
2237 3377 2545 3442 serpentes,
2583 3374 2637 3423 et
2668 3366 2995 3439 scorpiones
3030 3366 3299 3421 malarum
3343 3368 3547 3438 cogita-

1975 3463 2207 3515 tionum.

2530 3550 2640 3607 XC.
2681 3579 2755 3594 -
2791 3549 2999 3606 Eidem.

2042 3643 2214 3713 Cupis
2250 3643 2689 3713 patriarcharum
2732 3646 3014 3699 nominum
3054 3643 3546 3713 interpretationes

1971 3736 2258 3799 addiscere
2291 3736 2334 3788 ".
2382 3733 2586 3790 Morem
2634 3735 2732 3789 tibi
2772 3751 2978 3805 geram.
3029 3733 3220 3789 Ruben
3266 3734 3538 3795 redditur.

1980 3825 2170 3880 l’idens
2198 3825 2385 3893 ﬁlius;
2418 3825 2660 3887 Simeon,
2714 3823 3020 3878 Obediemia
3064 3825 3188 3887 Dei;
3224 3822 3372 3885 Levi,
3411 3840 3543 3875 con~

1970 3917 2285 3984 glutinatus,
2330 3914 2438 3970 Ileo
2464 3930 2659 3984 nempe
2690 3915 2960 3976 adnexus.
3007 3923 3060 3968 et
3099 3913 3315 3980 corpori
3360 3913 3541 3966 conti-

1971 4022 2143 4073 guus;
2189 4005 2383 4067 ludas,
2419 4004 2742 4072 Confessio;
2774 4006 3050 4062 Issachar.
3090 4002 3291 4054 Merces
3334 4015 3542 4055 sancto-

1971 4114 2127 4162 rum;
2162 4096 2432 4156 Zabulon,
2466 4094 2742 4147 Nocturna
2776 4094 3054 4156 liberutio;
3080 4092 3307 4160 Joscph,
3336 4092 3544 4148 Domini

1970 4188 2420 4249 additamentum;
2471 4184 2791 4252 Beniamin,
2848 4183 3029 4237 Filius
3078 4184 3339 4246 dexteras;
3390 4184 3542 4249 Dan,

1968 4279 2280 4335 Judicium:
2330 4274 2712 4345 Nephthalim,
2784 4274 3056 4329 Demissus
3111 4284 3358 4340 truncus,
3418 4274 3535 4329 sive

289 4368 602 4437 προσευχὴ
624 4384 637 4397 ’
670 4368 798 4435 Γὰδ,
850 4370 1289 4436 εὐεπίτευκτος,
1331 4370 1500 4441 ἧγουν
1531 4370 1865 4441 τυγχάνων·

1980 4368 2202 4433 Oratio;
2241 4365 2379 4431 Gad,
2422 4366 2505 4419 Ad
2553 4365 2868 4436 loquendum
2911 4366 3112 4436 facilis,
3158 4381 3254 4421 seu
3306 4365 3375 4419 ad
3417 4381 3539 4418 con-

303 4459 491 4532 Ἀσὴρ,
531 4458 820 4526 πλοῦτος,
848 4460 880 4530 ἢ
908 4464 1305 4530 μακαρισμός.

387 4561 400 4568 ”
784 4549 902 4616 L_A'.
938 4580 1008 4590 —
1058 4550 1146 4617 Τῷ
1183 4551 1363 4617 αὐτῷ.

372 4639 698 4708 Ἑναλλάξας
724 4639 825 4704 τὰς
863 4643 1049 4712 χεῖρας
1086 4642 1114 4694 δ
1155 4640 1308 4710 ἅγιος
1344 4642 1559 4711 Ἰακὼϐ,
1589 4645 1714 4708 τοὺς
1740 4646 1870 4716 περὶ

289 4731 397 4784 τῶν
441 4732 685 4805 Ἐφραὶμ
747 4733 844 4787 καὶ
887 4732 979 4785 τὸν
1028 4733 1333 4803 Μανςισσὴν
1391 4734 1716 4806 ηὐλόγησεν.
1758 4738 1868 4790 Καὶ

293 4821 457 4893 βλέπε
488 4825 548 4877 τὸ
577 4823 920 4895 Θαυμαστόν’
946 4826 1014 4895 τῇ
1050 4824 1162 4895 γὰρ
1207 4825 1477 4898 ὲναλλαγῇ
1515 4828 1625 4882 τῶν
1667 4827 1868 4899 χειρῶν

289 4914 612 4979 ὲκτυπὼσας
639 4915 733 4968 τὸν
781 4916 1018 4987 σταυρὸν
1062 4914 1157 4970 τοῦ
1201 4917 1430 4987 Κυρίου.
1476 4919 1717 4988 παρέσχε
1755 4922 1869 4984 τοῖς

288 5007 531 5074 ἐγγόνοις
562 5007 658 5069 τὰς
683 5007 836 5070 θείας
860 5007 1132 5076 εὐλογίας,
1164 5007 1260 5061 καὶ
1291 5009 1473 5079 τίθησι
1515 5009 1608 5062 τὸν
1653 5010 1868 5080 πρῶτον

289 5096 544 5169 δεύτερον
598 5097 691 5151 καὶ
722 5098 813 5151 τὸν
850 5097 1104 5169 δεύτερον
1133 5098 1373 5169 πρῶτον.

784 5187 899 5255 ξιτ.
939 5220 1012 5230 -
1064 5188 1149 5255 Τῷ
1186 5187 1365 5254 αὐτῷ.

371 5278 433 5331 '0
460 5278 694 5351 σταυρὸς
743 5279 983 5350 Χριστοῦ
1029 5279 1125 5334 τοῦ
1172 5278 1684 5350 φιλανθρωποτάτου
1737 5282 1864 5346 τοὺς

289 5365 542 5437 πρώτους
591 5367 875 5437 δευτέρους
916 5368 1168 5437 ἀπέδειξε
1196 5368 1284 5423 διὰ
1335 5369 1432 5439 τὴν
1485 5369 1635 5439 σφῶν
1678 5369 1867 5434 ἀλαζο-

358 5570 403 5603 ⁹⁹
439 5572 613 5625 Exod.
649 5588 835 5636 xxxix,
868 5575 954 5628 45.
1035 5576 1048 5605 ¹
1088 5573 1258 5627 chil.
1317 5589 1389 5629 Ix.
1425 5572 1516 5626 ‘22.

292 5634 497 5697 'Num.
539 5657 653 5707 XVI,
682 5642 766 5696 48.
823 5634 861 5673 ⁷⁸
889 5642 1044 5698 Ioun.
1077 5660 1116 5711 ι,
1147 5645 1232 5697 '25.
1311 5646 1327 5674 ⁷
1353 5644 1486 5698 Gen.
1522 5658 1666 5707 \th,
1695 5644 1727 5696 5

1621 5575 1640 5604 ’
1673 5570 1806 5627 Dan.
1844 5585 1920 5637 vt,
1972 5572 2056 5628 13.

1802 5658 1958 5713 seqq.

1968 4461 2343 4524 suescendum;
2370 4459 2555 4523 Asser,
2584 4458 2822 4523 Divitiw,
2848 4461 2965 4515 sive
2988 4458 3294 4514 Beatitudo.

2510 4550 2649 4605 XCI.
2689 4581 2761 4590 —-
2800 4550 3010 4605 Eidem.

2038 4644 2398 4700 Commutatis
2448 4644 2708 4698 manibus
2762 4653 2988 4698 sanctus
3038 4642 3209 4696 Jacob
3268 4642 3395 4704 illis,
3448 4639 3541 4709 qui

1969 4738 2114 4793 circa
2147 4735 2402 4805 Ephraim
2443 4744 2623 4799 erant,
2658 4742 2713 4788 et
2740 4733 3046 4787 Manassem
3086 4729 3365 4786 benedixit
3396 4728 3440 4784 ⁸.
3478 4729 3539 4782 Et

1967 4835 2096 4882 nota
2138 4827 2376 4893 mirum;
2428 4828 2556 4882 dum
2606 4825 2755 4880 enim
2808 4839 2872 4879 ea
2922 4837 3183 4876 manuum
3245 4829 3553 4873 commuta-

1968 4921 2139 4985 tione,
2166 4934 2332 4974 cruce
2363 4917 2579 4972 Domini
2615 4918 2869 4989 figurata,
2902 4916 3019 4970 suis
3043 4914 3281 4984 posteris
3323 4913 3536 4967 divinas

1968 5009 2385 5065 hencdictiones
2442 5008 2747 5078 elargitur,
2808 5004 2860 5059 id
2919 5009 3144 5073 praestat
3207 5011 3263 5059 ιιι
3328 5001 3536 5074 primus

1968 5101 2263 5167 secundus,
2317 5107 2373 5156 et
2406 5099 2688 5154 secundus
2712 5096 2926 5169 primus
2953 5093 3065 5147 flat.

2484 5185 2648 5247 XCII.
2697 5210 2772 5225 —
2808 5182 3018 5237 Eidem.

2039 5278 2185 5333 Crux
2214 5277 2421 5333 Christi
2447 5274 2840 5331 humanissimi
2861 5272 3068 5344 primos
3095 5281 3316 5342 propter
3346 5284 3534 5328 eorum

1973 5370 2289 5441 superbiam
2334 5376 2390 5424 et
2437 5367 2809 5441 arrogantiam
2861 5364 3132 5422 secundos
3158 5364 3359 5419 cﬂ‘ccit.
3400 5364 3541 5421 Hinc

2164 5570 2355 5623 ’Dan.
2417 5586 2530 5634 xw,
2595 5572 2614 5623 1
2678 5585 2830 5640 seqq.
2950 5567 3116 5626 "Job.
3173 5581 3397 5633 ιλιι-ιιι,
3446 5562 3531 5621 17.

2037 5641 2209 5700 IIGen.
2245 5657 2429 5708 xcvm,
2465 5642 2525 5697 II
2570 5656 2725 5712 seqq.
