3984 6150
257 345 351 411 ιιε

1458 340 1995 413 EPISTOLABUM
2027 345 2167 415 LIB‘
2209 355 2258 416 Ι.

3378 368 3385 373 ’
3406 362 3507 427 126

252 460 353 533 γὰρ
393 460 490 514 καὶ
524 456 709 530 κρεῶν
757 458 1132 526 ἑπιτεύξονται
1163 475 1177 489 ·
1208 456 1415 513 τέλειον
1453 461 1565 532 γάρ
1612 461 1761 516 ἐστιν
1786 462 1821 533 ή

1944 467 2089 523 etiam
2114 469 2415 524 habebunt.
2438 466 2657 523 Solidus
2686 484 2924 542 namque
2948 471 3127 537 cibus,
3160 482 3221 529 ut
3253 476 3330 529 ait
3358 476 3508 548 Apo-

254 549 450 624 στερεὰ
490 548 693 620 τροφὴ,
722 548 801 613 ὥς
846 565 1012 619 φησιν
1053 550 1084 602 ὁ
1146 549 1470 613 ’Δπόστολος
1495 567 1511 583 ο
1555 551 1651 603 καὶ
1693 567 1829 622 προ-

251 643 520 712 αναφωνεϊ
532 640 776 711 Μωδσῆς
794 639 873 710 τῷ
887 639 1001 710 λαῷ
1035 639 1228 708 λέγων*
1259 659 1280 694 ι
1300 639 1616 710 ’Δγνίσασθε
1628 642 1708 706 εἰς
1728 641 1829 711 τὴν

1931 561 2110 615 stolus
2140 558 2208 625 ",
2247 556 2550 627 perfectum
2591 558 2722 628 quid
2768 568 2875 626 est,
2916 569 2971 617 et
3005 562 3247 632 praedicit
3288 564 3506 636 Moyses

1931 644 2132 715 populo
2162 660 2178 699 :
2217 662 2239 696 ι
2276 642 2630 700 Sanctificate
2659 660 2757 700 vos
2783 647 2837 701 in
2879 651 3207 714 crastinum,
3229 662 3281 706 et
3343 669 3505 709 com-

252 735 459 809 αὔριον,
489 734 588 789 καὶ
602 732 842 803 φάγεσθι
862 732 999 803 κρέα
1017 748 1068 786 ἰ
1102 732 1241 805 κρια
1271 732 1469 802 νοήσας
1496 732 1558 786 τό
1581 748 1640 786 τε
1685 731 1831 785 θεῖον

1944 733 2107 790 edatis
2127 748 2323 791 carnes
2344 735 2424 802 ‘7;
2464 753 2483 787 ι
2511 750 2709 790 carnes
2749 737 3058 808 intelligens
3101 740 3348 797 divinum
3379 759 3504 801 cor-

253 827 433 897 σιῖιμα,
470 824 661 895 ὥσπερ
686 819 779 878 οὖν
830 822 1102 878 ἐσθίουσιν
1144 824 1197 877 ei
1236 822 1419 877 πιστοὶ
1448 823 1541 876 ἰπὶ
1579 822 1678 893 τῆς
1729 822 1828 874 ὲκ-

253 917 497 990 κλησίας,
540 915 635 970 καὶ
660 917 760 986 τὴν
791 913 993 987 γνῶσιν
1024 914 1372 988 Χριστιανῶν
1413 915 1513 986 τὴν
1553 930 1831 986 μακαριω-

254 1011 436 1080 τάτην,
485 1010 582 1062 καὶ
609 1007 800 1062 πασῶν
829 1006 1141 1078 ὑπερτέραν
1169 1006 1282 1061 τῶν
1332 1006 1610 1075 γνώσεων.

757 1098 835 1155 P'.
867 1132 935 1142 —
973 1099 1057 1165 Τῷ
1115 1100 1298 1165 αὐτῷ.

314 1189 391 1247 Εὖ
451 1193 547 1247 καὶ
574 1192 734 1246 τοῦτο
767 1194 934 1263 φάναι
978 1192 1071 1245 τὸν
1096 1192 1274 1262 μέγαν
1306 1191 1548 1246 Μωῦσέα
1572 1206 1584 1221 ·
1629 1209 1649 1243 ι
1696 1190 1832 1260 Οὐχὶ

252 1288 516 1358 σήμερον,
542 1283 856 1357 ἁλλάὖριον
876 1284 1152 1355 βρώσεσθε
1192 1284 1332 1349 κρέα
1359 1300 1373 1313 ο
1409 1301 1427 1334 ι
1448 1283 1539 1337 ἵνα
1564 1281 1715 1351 δείξῃ
1740 1282 1830 1334 τον

251 1378 440 1448 χρόνον
470 1378 563 1431 τὸν
612 1377 749 1447 μετὰ
767 1376 866 1446 τὴν
911 1374 1206 1445 ἐπιδημίαν
1250 1372 1488 1445 Χριστοῦ
1534 1371 1627 1425 τοῦ
1670 1371 1829 1435 Θεοῦ,

252 1471 346 1522 καὶ
391 1469 667 1522 Δεσπότου
712 1467 820 1521 τῶν
863 1468 1020 1521 ὅλων.
1059 1468 1274 1520 Ἐκεῖνα
1309 1467 1409 1535 μὲν
1454 1465 1563 1536 γάρ
1591 1465 1658 1517 τὰ
1693 1463 1830 1536 κρέα

252 1560 347 1628 τῆς
397 1561 839 1632 ὀρτυγομήτρας,
887 1561 965 1622 είς
1008 1558 1196 1629 ὀργὴν,
1247 1559 1341 1611 καὶ
1399 1559 1684 1627 στρόφους,
1738 1557 1832 1608 καὶ

255 1653 477 1724 φθορὰν,
544 1653 640 1706 καὶ
708 1650 937 1723 χολέραν
998 1653 1111 1714 τοῖς
1189 1649 1460 1719 Ἑϐραίοις
1523 1648 1682 1720 ἐξέϐη
1710 1665 1724 1678 ’
1763 1648 1831 1701 τὰ

254 1744 298 1797 δ’
327 1744 570 1814 ἡμέτερα
605 1744 1038 1814 παμμακάριστα
1066 1742 1204 1811 κρέα
1236 1742 1421 1811 ῥῶσιν.
1461 1742 1554 1794 καὶ
1579 1740 1830 1809 δύναμιν,

1932 838 2059 895 pus.
2105 825 2253 896 quod
2309 825 2497 882 fideles
2544 826 2600 881 in
2649 824 2757 898 5,3
2812 828 3056 884 Ecclesia
3099 833 3418 899 comedunt,
3453 845 3509 892 et

1932 917 2306 974 beatissimam
2330 917 2770 975 Christianorum
2803 921 3200 992 cognitionem,
3234 926 3508 995 cognitio-

1933 1007 2096 1064 nibus
2123 1008 2383 1063 omnibus
2409 1009 2796 1063 excelsiorem.

2514 1099 2579 1153 C.
2608 1129 2678 1140 —-
2710 1097 2919 1154 Eidem.

2005 1192 2173 1248 Recte
2205 1193 2384 1248 ethoc
2409 1191 2656 1248 divinum
2698 1192 2920 1265 Moysen
2965 1196 3178 1255 dixisse
3218 1197 3505 1254 novimus:

1938 1302 1958 1336 ι
1988 1282 2106 1338 Non
2131 1284 2313 1346 hodie,
2336 1283 2430 1338 sed
2468 1300 2593 1338 cras
2616 1300 2814 1340 carnes
2841 1287 3196 1354 comedetisp
3219 1297 3272 1344 ut
3294 1300 3510 1360 tempus

1933 1386 2057 1446 post
2083 1374 2289 1429 Christi
2333 1375 2450 1440 Dei,
2473 1385 2526 1429 et
2556 1391 2739 1431 rerum
2770 1378 3017 1432 omnium
3056 1378 3266 1434 Domini
3301 1381 3509 1433 adven-

1934 1474 2048 1520 tum
2084 1474 2562 1521 commonstraret.
2604 1465 2815 1523 Carnes
2857 1470 3056 1524 etenim
3099 1478 3508 1541 ortygometm.

1936 1558 1991 1611 in
2023 1556 2479 1627 indignationem,
2522 1564 2577 1611 et
2608 1558 2879 1621 volvuios,
2906 1568 2959 1614 et
2990 1562 3425 1631 corruptionem,
3455 1568 3512 1616 et

1934 1647 2216 1702 choleram
2255 1646 2498 1702 Hebraeis
2535 1649 2808 1705 cecidere.
2853 1651 2921 1703 At
2951 1660 3151 1707 nostra:
3178 1667 3344 1721 quam
3381 1652 3512 1706 bea-

1936 1739 2163 1794 tissima
2203 1754 2401 1794 carnes
2444 1738 2781 1806 ﬁrmitatem,
2827 1742 3017 1804 robur.
3065 1743 3265 1797 bonam
3293 1742 3505 1798 valetu-

256 1797 586 1897 καὶμαύξίαν,
618 1797 895 1903 εὐθυμίαν.
914 1850 973 1886 τε
1002 1797 1271 1902 καὶιζωὴιν
1299 1797 1518 1886 αἰώνιον
1545 1797 1833 1902 χαρίζεται

1944 1828 2144 1891 dinem,
2178 1829 2631 1895 consolationem,
2694 1838 2750 1887 et
2807 1832 2973 1886 vitam
3007 1842 3270 1888 aeternam
3321 1833 3511 1887 conci-

259 1924 389 1976 πᾶσι
404 1926 516 1985 τοῖς
541 1923 926 1987 καταξιωθεῖσι
960 1922 1396 1993 μεταλαμϐάνειν
1416 1922 1616 1977 αὐτῶν.

752 2014 874 2066 PA'.
892 2043 964 2052 —
982 2011 1066 2077 Τῷ
1080 2012 1260 2077 αὐτῷ.

325 2102 392 2155 Τί
421 2102 745 2175 θαυμάζεις,
787 2106 836 2157 εί
879 2103 1054 2174 κρεῶν
1091 2105 1452 2173 τυγλάνουσιν
1492 2105 1700 2172 άῖδίων,
1744 2106 1840 2159 καὶ

256 2194 524 2264 μηδαμῶς
556 2197 935 2267 φθειρομένων
963 2195 1014 2248 οἱ
1045 2193 1139 2248 τοῦ
1175 2196 1413 2266 Χριστοῦ
1431 2196 1636 2250 οἰκέται
1665 2197 1839 2250 εὐνοϊ-

252 2287 362 2349 κοὶ,
395 2286 712 2355 άγνίζοντες
740 2288 969 2351 ἑαυτοὺς
1020 2286 1098 2357 τῷ
1124 2286 1274 2361 (pdth
1309 2286 1467 2351 Θεοῦ,
1503 2288 1596 2341 καὶ
1636 2291 1701 2360 τῇ
1755 2287 1842 2342 πί-

257 2395 403 2442 στει,
430 2380 530 2431 καὶ
566 2381 678 2441 τοῖς
729 2377 1117 2448 κατορθώμασι
1145 2394 1160 2442 ;
1203 2378 1316 2431 Καὶ
1340 2377 1486 2431 οἴνου
1517 2373 1643 2450 ’γὰρ
1675 2382 1840 2433 εὐπο·

247 2472 492 2542 ρήσουσι
545 2469 714 2533 θείου,
775 2468 1026 2539 καθάπερ
1074 2469 1105 2521 ὁ
1183 2468 1393 2533 δίκαιος
1432 2464 1555 2524 Νῶε
1594 2470 1839 2541 γεωργὸς

247 2563 474 2629 γέγονε,
528 2561 623 2613 καὶ
684 2558 1064 2628 ὲφιλοκάλησε,
1102 2560 1378 2629 φυτεύσας
1428 2560 1527 2631 τὴν
1572 2561 1834 2630 ἄμπελον.
1864 2552 1875 2569 κ

262 2649 644 2721 ’Υπερβάντες
683 2650 790 2721 γὰρ
840 2649 933 2703 τὸν
990 2650 1374 2723 κατακλυσμὸν
1414 2651 1513 2721 τῆς
1552 2651 1837 2716 ἀπιστίας,

251 2741 549 2796 στεπώιιασι
608 2740 702 2794 τὸν
749 2740 1011 2811 νηφάλιον
1057 2738 1240 2805 οἶνον,
1290 2744 1387 2795 καὶ
1432 2741 1838 2812 ἐμεθύσθησαν,

256 2832 441 2897 καθὼς
466 2833 496 2885 ὁ
529 2831 696 2886 Δαυῗδ
727 2832 876 2901 λέγει
903 2850 920 2865 ο
955 2852 976 2887 ι
1010 2832 1084 2891 Τὸ
1126 2834 1386 2904 ποτήριον
1422 2833 1518 2889 τοῦ
1568 2832 1704 2888 Θεοῦ
1737 2852 1839 2905 με-

256 2921 449 2979 θύσκει
480 2937 550 2992 με
580 2922 879 2988 κράτισταο
915 2941 935 2974 ι
955 2922 1049 2978 καὶ
1072 2922 1434 2994 μεθυσθέντες
1448 2921 1840 2992 γεγύμνωνται

254 3012 681 3085 ἀνεπαίσχυντον
718 3012 998 3085 γύμνωσιν
1021 3030 1034 3044 ο
1056 3013 1218 3069 καλὸν
1242 3016 1353 3087 γὰρ
1368 3011 1707 3086 γυμνοῦσθαι
1727 3011 1832 3086 τῆς

257 3103 522 3176 πονηρίας
555 3104 652 3158 καὶ
676 3104 777 3174 τῆς
813 3104 1091 3176 άνοησίας.

782 3195 905 3253 PB'.
927 3225 998 3237 —
1020 3195 1102 3262 Τῷ
1122 3194 1306 3262 αὐτῷ.

336 3304 355 3338 ι
375 3285 435 3341 ’0
454 3285 608 3350 Θεὸς,
640 3285 671 3341 ὁ
702 3285 838 3349 Oed;
874 3303 997 3355 μου,
1025 3286 1260 3359 πρόσχες
1289 3303 1379 3357 μοι
1406 3303 1422 3319 ⁸
1451 3287 1539 3342 ῑνα
1560 3288 1615 3342 τί
1637 3288 1837 3358 δγκατ-

259 3376 442 3441 έλιπες
481 3393 550 3448 με
584 3393 601 3443 ;
641 3395 661 3429 ι
711 3377 776 3430 ἐκ
798 3373 1093 3448 προσώπου
1131 3377 1226 3430 τοῦ
1263 3379 1319 3431 ὲν
1353 3376 1433 3449 τῷ
1458 3377 1688 3451 εἰκοστῷ
1742 3381 1840 3435 καὶ

259 3465 462 3537 πρώτῳ
509 3468 724 3539 εἴρηται
774 3465 977 3537 ψαλμῷ
999 3484 1013 3498 ·
1045 3466 1159 3521 ἀλλ’
1206 3468 1307 3522 οὐκ
1357 3468 1516 3533 αὐτὸς
1544 3468 1841 3539 ἑγκαταλέο

261 3557 504 3620 λειπται,
537 3560 703 3631 ἢύπδ
734 3557 830 3613 τοῦ
875 3559 1107 3630 Πατρδς,
1139 3559 1172 3631 ἦ
1205 3559 1312 3613 ύιτδ
1342 3559 1444 3629 τῆς
1488 3560 1683 3616 ἑαυτοῦ
1723 3561 1840 3615 θεό-

259 3651 536 3720 τητος,ὼς
567 3650 717 3704 δοκεῖ
741 3652 1057 3722 Ἀρειανοῖς,
1088 3649 1312 3714 καὶτοῖς
1337 3650 1710 3723 Εὐνομιανοϊς,
1740 3651 1842 3705 ὥσ-

263 3756 367 3810 περ
420 3740 783 3813 φοβουμένοις
815 3742 875 3795 τδ
903 3741 1097 3808 πάθος,
1154 3742 1249 3795 καὶ
1279 3742 1369 3796 διὰ
1409 3743 1570 3797 τοῦτο
1618 3743 1839 3798 συστελ-

262 3829 508 3902 λομένοις
553 3832 661 3886 ἀπὸ
713 3831 809 3886 τοῦ
854 3833 1177 3905 πάσχοντος.
1219 3834 1318 3898 Τίς
1349 3834 1459 3907 γὰρ
1486 3835 1579 3888 τὸν
1612 3834 1840 3907 Σωτῆρα

262 3921 297 3993 ἢ
331 3922 656 3995 γεννηθῆναι
701 3925 850 3980 κάτω
894 3926 994 3998 τὴν
1043 3925 1238 3997 ἀρχὴν,
1286 3927 1319 3996 ἢ
1362 3926 1456 3979 ἰπὶ
1476 3926 1569 3979 τον
1603 3924 1839 3995 σταυρὸν

263 4012 516 4067 ἀνελθεῖν
544 4015 990 4085 κατηνάγκασεν;
1026 4015 1103 4068 Ού
1141 4016 1252 4086 γὰρ
1281 4016 1490 4079 ἀκοντὶ,
1527 4015 1644 4068 ἀλλ’
1689 4016 1841 4068 ἐκου-

268 4103 400 4169 σίως
439 4105 534 4158 ἐπὶ
584 4105 673 4158 τὸν
705 4100 934 4178 σταυρὸν
963 4103 1093 4176 ἦλθε
1133 4109 1230 4160 σὺν
1260 4106 1428 4178 πολλῇ
1463 4106 1782 4175 ἀγαλλιάσει
1817 4125 1830 4138 ⁸

266 4194 373 4265 πρὸ
418 4196 530 4267 γάρ
582 4196 793 4249 πολλῶν
840 4195 1066 4266 ἡμερῶν
1110 4199 1224 4259 τοῖς
1285 4196 1556 4267 μαθηταῖς
1606 4196 1790 4266 ἔλεγεν
1822 4211 1836 4225 ο

272 4300 292 4331 ε
316 4282 445 4336 ’ἰδοὺ
476 4283 838 4354 ἀναδαίνομεν
867 4286 947 4347 εἰς
991 4285 1360 4357 Ἰερεσόλυμα,
1391 4286 1533 4340 καὶὸ
1581 4287 1709 4352 Υἱὸς
1738 4285 1831 4340 τοῦ

265 4372 555 4443 ἀνθρώπου
606 4374 1044 4446 παραδοθήσεται
1095 4378 1175 4440 είς
1213 4377 1275 4430 τὸ
1315 4377 1704 4449 ὲμπαιχθῆναι,
1745 4379 1840 4431 καὶ

1939 1918 2098 1985 liant,
2123 1919 2213 1983 iis,
2247 1918 2339 1992 qui
2372 1920 2533 1992 digne
2559 1936 2748 1975 earum
2784 1922 3083 1992 participes
3105 1921 3440 1977 eilieiuntur.

2520 2011 2610 2067 Cl.
2638 2043 2710 2053 —
2741 2011 2948 2068 Eidem.

2008 2102 2149 2171 Quid
2178 2105 2549 2175 obstupescis,
2582 2106 2626 2160 si
2668 2107 2919 2162 carnium
2951 2117 3305 2170 internarum,
3349 2104 3515 2160 nulli-

1938 2211 2045 2265 que
2068 2197 2409 2266 corruptioni
2437 2196 2800 2252 obnoxiarum
2834 2196 3129 2267 participes
3147 2195 3286 2253 ﬁunt
3309 2192 3514 2248 Christi

1938 2287 2125 2341 dilecti
2174 2288 2348 2353 servi,
2382 2288 2476 2358 qui
2520 2288 2733 2358 seipsos
2767 2288 2966 2341 timore
3000 2284 3135 2352 Dei,
3170 2291 3226 2340 et
3278 2282 3404 2350 ilde,
3459 2291 3516 2337 et

1942 2380 2219 2449 praeclaris
2269 2378 2611 2435 facinoribus
2657 2378 2925 2449 purgant?
2968 2376 3081 2432 imo
3119 2374 3308 2429 divino
3349 2372 3515 2427 etiam

1940 2471 2066 2527 vino
2096 2469 2484 2539 abundabunt;
2525 2469 2991 2542 quemadmodum
3015 2466 3204 2538 justus
3234 2462 3348 2519 Nec
3374 2461 3523 2533 agri-

1940 2562 2060 2617 cola
2097 2561 2278 2618 factus
2320 2569 2428 2627 est,
2464 2569 2519 2617 et
2560 2561 2863 2632 plantatam
2887 2573 2917 2611 a
2940 2572 3000 2611 se
3023 2554 3233 2608 vineam
3270 2554 3520 2611 studiose

1937 2654 2324 2725 eleganterque
2348 2653 2520 2708 coluit
2539 2653 2603 2708 ⁸⁸.
2630 2650 2849 2707 Emensi
2876 2647 3146 2720 siquidem
3175 2643 3521 2702 inﬁdelitatis

1941 2742 2180 2797 illuviem
2205 2742 2386 2797 viuum
2414 2742 2662 2799 sobrium
2684 2741 2964 2805 biberunt,
2983 2747 3036 2793 et
3068 2737 3326 2792 inebriati
3355 2742 3519 2798 sum;

1942 2841 2002 2886 ut
2022 2827 2192 2886 David
2225 2831 2404 2903 inquit
2422 2851 2436 2886 :
2460 2850 2483 2882 ι
2501 2830 2656 2886 Calix
2677 2829 2775 2886 Dei
2795 2828 3081 2885 inebrians
3106 2842 3192 2882 me
3209 2821 3522 2881 valentissi-

1940 2938 2028 2977 me
2048 2923 2123 2990 ¹⁹;
2148 2943 2169 2976 ι
2202 2931 2257 2979 et
2286 2923 2488 2979 madidi
2515 2921 2889 2978 denudatione
2918 2918 3154 2992 quadam
3184 2913 3523 2973 verecundia

1940 3016 2128 3071 nescia
2160 3014 2602 3071 denudantur".
2639 3013 2850 3069 Bonum
2894 3013 3099 3084 quippe
3127 3018 3214 3067 est
3249 3005 3519 3078 improbi-

1861 3139 1910 3202 ς
1939 3115 2070 3174 tate,
2106 3120 2270 3179 atque
2303 3107 2669 3177 imprudentia
2698 3105 2988 3202 denudari.

2497 3196 2611 3252 Cll.
2646 3227 2717 3237 —
2751 3195 2963 3251 Eidem.

2016 3308 2036 3342 ι
2073 3286 2238 3352 Deus,
2266 3286 2410 3346 Deus
2439 3303 2619 3354 meus,
2652 3286 2873 3344 intende
2905 3287 3063 3352 mihi,
3094 3287 3305 3358 utquid
3327 3286 3523 3343 dereli-

1940 3380 2110 3449 quisti
2130 3380 2268 3436 me“
2284 3379 2339 3433 2»
2360 3379 2547 3454 “ex
2571 3394 2802 3450 persona
2818 3377 3019 3434 Christi
3041 3378 3252 3450 psalmo
3264 3378 3524 3434 vicesimo

1940 3468 2118 3537 primo
2133 3468 2357 3521 dicitur.
2373 3467 2479 3523 Sed
2496 3484 2604 3524 non
2625 3470 2743 3539 ipse
2760 3467 3058 3524 derelictus
3074 3476 3158 3523 est
3180 3469 3262 3522 vel
3286 3483 3316 3523 a
3337 3466 3525 3534 Patre,

1940 3560 2070 3615 vela
2086 3575 2185 3616 sua
2198 3559 2419 3623 deitate,
2438 3559 2716 3626 utAriani,
2733 3558 3523 3631 Eunoiniauiqueexistimant,

1940 3657 2197 3720 tanquam
2214 3649 2249 3703 ii
2269 3649 2360 3719 qui
2381 3649 2692 3720 passionem
2709 3659 2982 3718 metuunt,
2999 3650 3226 3723 ideoque
3239 3666 3359 3705 eam
3382 3666 3411 3704 a
3428 3664 3524 3721 pa-

1941 3742 2111 3796 tiente
2134 3743 2443 3797 retrahunt.
2466 3742 2604 3809 Quis
2620 3742 2764 3798 enim
2786 3743 3157 3809 Servatorem,
3174 3755 3261 3797 aut
3285 3744 3525 3814 primum

1941 3834 1994 3887 in
2015 3834 2221 3886 mundo
2239 3836 2417 3898 nasci,
2437 3842 2532 3886 aut
2554 3833 2607 3887 in
2634 3848 2853 3889 crucem
2875 3835 3176 3891 ascendere
3197 3834 3400 3902 coegit?
3418 3831 3527 3888 Ne-

1940 3941 2049 3996 que
2081 3926 2224 3981 enim
2261 3925 2492 3993 invitus,
2528 3924 2625 3981 sed
2653 3925 2849 3981 volens
2868 3940 2932 3981 ac
2960 3926 3138 3981 libens
3190 3924 3361 3978 multa
3394 3938 3521 3978 cum

1942 4017 2225 4071 alacritate
2259 4016 2312 4068 in
2347 4031 2566 4069 crucem
2623 4031 2952 4086 progressus
3007 4023 3140 4070 est:
3194 4022 3321 4068 ante
3372 4013 3519 4070 enim

1946 4107 2149 4161 multos
2174 4106 2293 4161 dies
2324 4106 2613 4173 discipulis
2641 4105 2860 4159 dicebat
2890 4122 2902 4157 :
2937 4122 2956 4154 ι
3005 4102 3147 4156 Ecce
3179 4104 3522 4159 ascendimus

1947 4197 2356 4267 Hierosolyma,
2401 4203 2455 4249 et
2507 4193 2680 4248 Filius
2718 4193 2960 4248 hominis
3008 4192 3255 4245 tradetur
3288 4194 3352 4245 ad
3391 4192 3520 4247 illu-

1943 4290 2203 4352 dendum,
2250 4296 2304 4341 et
2343 4282 2805 4355 cruciﬁgendum,
2835 4303 2854 4336 ι
2890 4293 2945 4338 ct
2980 4293 3176 4339 caetera
3203 4284 3272 4338 ²¹.
3317 4282 3421 4337 Sed
3466 4282 3521 4337 in

1945 4380 2128 4448 seipso
2161 4393 2271 4431 rem
2310 4383 2555 4431 nostram
2591 4373 2857 4445 conﬁngit
2904 4388 2917 4426 :
2962 4388 3198 4443 namque
3246 4374 3409 4427 homo
3451 4372 3523 4425 fa-

265 4464 670 4535 σταυρωθῆναι,
711 4484 729 4516 ι
773 4465 964 4518 καὶτὰ
1013 4465 1159 4536 ἑξῆς.
1202 4467 1341 4519 Ἀλλ’
1372 4468 1429 4519 ὲν
1477 4467 1654 4537 ἑαυτῷ
1681 4470 1838 4521 τυποῖ

1946 4482 2102 4534 ctus,
2156 4467 2333 4523 modis
2387 4467 2644 4522 erunibus
2692 4482 3002 4521 sermonem
3056 4481 3154 4537 pro
3209 4465 3523 4520 hominibus

264 4554 327 4608 τὺ
349 4557 636 4626 ’ίῇιιιι-ξτερον⁸
668 4557 954 4628 ἄνθρωπος
978 4558 1085 4627 γάρ
1126 4560 1437 4629 γενόμενος,
1473 4561 1689 4619 πάντως
1720 4562 1846 4624 τοὺς

265 4644 455 4714 λόγους
497 4647 639 4719 ὑπὲρ
674 4647 978 4719 ἀνθρώπων
1008 4653 1265 4703 ποιεῖταιο
1297 4650 1412 4703 ἀλλ’
1441 4651 1726 4721 ἄνθρωπος
1756 4668 1845 4719 γε-

265 4737 459 4804 γονὼς,
492 4739 596 4791 οὒκ
641 4738 978 4811 ἠλλοτριώοη
1021 4742 1115 4795 τοῦ
1145 4742 1411 4813 ὑπάρχειν
1444 4741 1576 4807 Θεὸς
1606 4744 1701 4797 καὶ
1729 4741 1846 4796 Κύ-

264 4845 383 4902 ριος
408 4828 519 4881 τῶν
542 4829 701 4885 ὅλων.
728 4832 1065 4901 Σημειωτέον
1097 4833 1205 4904 γὰρ
1238 4835 1429 4888 ταῦτα.
1472 4835 1689 4905 Ἐπειδὴ
1715 4830 1836 4897 οὖν,

265 4919 450 4982 καθὼς
491 4923 520 4973 ὁ
549 4921 871 4986 ’Δπόστολος
916 4923 1084 4990 λέγει,
1120 4924 1332 4995 μορφὴν
1365 4924 1550 4978 δούλου
1585 4927 1844 4996 ὲφόρεσεν

261 5009 297 5061 ὀ
330 5011 534 5082 Κύριος
557 5013 665 5065 τῶν
694 5013 851 5076 ὅλων,
885 5017 943 5068 ὲν
970 5015 1146 5085 ἑαυτῷ
1175 5019 1337 5068 τυποῖ
1369 5016 1429 5069 τὸ
1454 5017 1742 5087 ἡμέτερον,
1770 5017 1845 5079 ὡς

262 5100 545 5170 δικολόγος
581 5104 746 5173 μηδὲν
763 5105 1192 5175 ἆηρπαγμένος,
1218 5105 1416 5176 μᾶλλον
1435 5106 1492 5158 δὲ
1519 5107 1842 5177 συνήγορος,

272 5192 455 5261 λέγων
488 5194 631 5266 ὑπὲρ
660 5196 757 5248 τοῦ
789 5196 1214 5269 τυραννηθέντος
1234 5197 1371 5268 πρὸς
1391 5198 1482 5250 τὸν
1509 5198 1748 5269 καθηγού
1759 5216 1847 5269 με·

260 5299 359 5337 νον
403 5285 503 5355 τῆς
544 5287 843 5357 ἐπαρχίας·
907 5288 1279 5360 Τεθλίιμμεθα,
1312 5292 1842 5362 καταπεπονήμεθα,

1945 4562 2126 4627 habet,
2153 4571 2207 4615 et
2242 4562 2405 4614 homo
2437 4558 2616 4613 factus
2651 4572 2760 4611 non
2791 4558 2977 4612 amisit
3017 4569 3078 4611 ut
3135 4558 3277 4612 Deus
3323 4557 3414 4621 sit,
3469 4564 3523 4609 ct

1944 4653 2186 4705 omnium
2234 4650 2521 4704 Dominus.
2554 4647 2690 4714 Quae
2740 4648 3051 4703 adnotanda
3098 4656 3247 4702 sunt.
3294 4645 3523 4712 Quando

1944 4744 2128 4814 igitur,
2186 4748 2243 4796 ut
2291 4740 2587 4810 Apostolus
2620 4740 2696 4792 ait
2728 4740 2794 4804 ",
2853 4738 3083 4793 formam
3146 4737 3289 4792 servi
3346 4734 3524 4790 induit

1943 4836 2186 4890 omnium
2221 4832 2515 4898 Dominus,
2570 4832 2625 4886 in
2672 4832 2856 4901 seipso
2903 4846 3015 4884 rem
3067 4838 3312 4881 nostrain
3362 4826 3527 4881 eﬂ'or-

1946 4936 2072 4991 mat_
2130 4934 2390 4995 tanquam
2448 4934 2633 4979 orator
2691 4924 2843 4977 nullo
2892 4921 3056 4976 modo
3096 4920 3388 4979 seductus,
3428 4916 3521 4972 sed

1944 5028 2231 5087 patronus,
2270 5027 2324 5073 et
2358 5018 2679 5078 advocatus,
2708 5029 2935 5068 causam
2966 5012 3157 5065 dicens
3194 5022 3296 5079 pro
3334 5016 3521 5078 tyran-

1945 5112 2073 5165 nide
2117 5107 2514 5181 oppresso,ad
2567 5107 2864 5178 provinciae
2910 5101 3225 5173 praefectum
3268 5118 3282 5153 :
3326 5097 3521 5153 Adlicti

1945 5215 2160 5261 sumus,
2188 5198 2437 5267 depressi
2472 5213 2687 5260 sumus,
2713 5194 2910 5263 direpti
2953 5206 3168 5255 sumus,
3213 5190 3523 5258 iustissime

1942 5293 2213 5360 iudicum.
2250 5290 2351 5345 Pro
2399 5289 2558 5343 nobis
2601 5289 2784 5355 itaque
2825 5283 3082 5337 Christus
3109 5282 3184 5336 ait
3224 5299 3237 5335 :
3291 5299 3309 5331 ι
3354 5280 3517 5335 Deus.

258 5374 357 5445 διη
366 5375 711 5447 ρπόχθημεν,
738 5379 1040 5433 δικαιότατα
1060 5380 1168 5435 τῶν
1184 5381 1473 5435 δικαστῶν.
1491 5381 1661 5453 ’Υπὲρ
1689 5385 1722 5453 ή
1734 5382 1838 5452 μῶν

1950 5380 2090 5435 Deus
2123 5394 2299 5443 meus,
2333 5378 2555 5433 intende
2588 5376 2780 5429 mihi.»
2821 5372 2967 5428 Dens
2989 5371 3240 5442 equidem
3276 5369 3520 5424 omnium

260 5463 450 5518 τοίνυν
488 5468 519 5519 ὁ
562 5468 797 5537 Χριστός
840 5485 1005 5539 φησιν
1034 5486 1048 5500 ·
1094 5489 1117 5522 ι
1167 5471 1228 5524 Ὀ
1272 5470 1426 5536 Θεὸς,
1464 5475 1493 5526 ὁ
1524 5473 1656 5537 Θεὸς
1722 5492 1847 5544 μου,

259 5553 512 5624 πρόσχες
540 5573 652 5625 μοι.
694 5579 711 5608 ι
759 5558 893 5622 Θεὸς
925 5561 1023 5629 μὲν
1053 5559 1161 5614 τῶν
1190 5560 1328 5615 ὅλων
1363 5563 1391 5615 ὁ
1426 5563 1616 5631 Πατὴρ
1647 5566 1743 5620 σὺν
1769 5564 1847 5635 τῷ

348 5688 393 5718 ’⁸
421 5688 592 5743 "chr.
643 5710 699 5749 v.
744 5693 827 5747 Μ.
927 5697 969 5724 ¹⁷
1006 5697 1162 5752 Num.
1217 5714 1290 5759 ιιι,
1330 5698 1411 5758 i8,

263 5773 392 5823 ιιι,
427 5761 473 5815 Ι.
553 5762 599 5790 ¹²
624 5760 811 5816 Matth.
840 5780 927 5833 xx,
964 5768 1045 5823 18.
1127 5770 1171 5799 ’³
1199 5766 1430 5837 Philipp.
1463 5784 1517 5833 ιι,
1558 5772 1602 5821 7.

1493 5695 1533 5727 ’⁸
1569 5700 1701 5755 Gen.
1764 5719 1838 5764 ιν,
1886 5700 1955 5755 ‘20
2006 5716 2157 5771 seqq.

1951 5470 2113 5527 Pater
2147 5486 2271 5525 curn
2323 5469 2464 5523 Filio
2497 5470 2551 5522 in
2582 5466 2867 5522 creatione
2900 5465 3184 5530 omnium;
3220 5463 3361 5516 Deus
3394 5472 3523 5513 vero

1954 5564 2075 5620 Filii
2107 5564 2267 5619 Pater
2305 5561 2511 5617 dicitur
2540 5557 2844 5614 secundum
2895 5554 3291 5612 incarnationis
3320 5559 3521 5625 mystc-

2240 5701 2279 5730 ’³
2307 5697 2450 5754 Psal.
2482 5710 2609 5763 χιιι,
2786 5697 2829 5727 ²⁰
2861 5695 2993 5752 Cen.
3034 5694 3231 5750 13.9.1.
3309 5692 3348 5721 "
3375 5686 3520 5742 Psal.
