3984 6150
290 381 378 444 129
1410 332 1429 345 “
1471 366 2014 433 EPISTOLARUM
2051 368 2283 428 1.18.1.

1870 486 1917 541 Α

561 490 684 543 PZ'.
716 516 788 529 -
818 485 1191 556 ΖΩΣΙΜΙΑΝῼ
1224 484 1539 555 ΜΟΝΑΧῼ.

349 602 367 635 ι
400 580 583 648 Ἡμεῖς
606 579 684 641 δὲ,
717 577 882 648 φησιν
909 576 938 628 6
964 575 1119 645 ἀγιος
1133 574 1394 645 Μωῦσῆς,
1412 573 1512 626 οὐκ
1541 571 1767 639 οἴδαμεν
1784 570 1836 624 τί

287 674 510 742 θύσωμεν
541 669 752 741 Κυρίῳ,
782 667 887 732 ἕως
915 668 1009 720 τοῦ
1037 667 1369 738 πορευθῆναι
1392 666 1537 737 ἡμᾶς
1558 663 1679 718 ὁδὸν
1699 665 1838 734 ἠμε-

289 763 380 835 ρῶν
402 761 558 833 τριῶν
574 763 656 825 εἰς
684 762 784 833 τὴν
809 759 1034 833 ἔρημον.
1061 777 1079 811 ι
1100 760 1238 830 Παρ’
1256 760 1386 829 ἡμῖν
1420 757 1579 811 θυσία
1607 759 1640 827 ἡ
1672 771 1840 825 προσ-

287 855 400 927 ευχὴ
421 856 634 917 νοεῖται,
665 851 763 923 ἔρη
773 868 871 921 μσς
894 850 951 904 δὲ
973 850 1309 913 κατάστασίς
1332 849 1416 912 τίς
1442 850 1590 902 ἐστιν
1614 849 1838 917 ἑστερη-

290 948 402 1018 μένη
451 944 644 999 παθῶν
697 943 928 1011 ἀλόγων,
980 943 1119 1013 ὅπερ
1170 941 1486 1009 τελειότητα
1544 938 1839 1012 δριζόμεθα

287 1034 421 1092 εἶναι.
441 1036 693 1090 Τοιοῦτον
722 1034 787 1088 ἂν
803 1036 909 1104 εἴη,
928 1035 1115 1105 φησὶν,
1149 1034 1289 1104 ὑπὲρ
1312 1031 1489 1102 ὑμῶν,
1518 1032 1546 1084 6
1580 1029 1837 1082 Ἀπόστο-

284 1129 360 1192 λος
378 1145 391 1161 ν
416 1127 473 1181 τὸ
497 1127 629 1197 γὰρ,
659 1127 725 1178 Τί
750 1123 1184 1196 προσευξώμεθα
1226 1124 1350 1177 καθ’
1372 1122 1401 1175 ὃ
1430 1122 1532 1186 δεῖ,
1555 1122 1656 1175 οὐκ
1695 1121 1841 1174 οῖδα-

287 1236 373 1290 μεν
401 1219 554 1290 μέχρι
584 1218 979 1279 καταστάσεως
1028 1215 1130 1285 τῆς
1167 1214 1412 1277 ἀπαθοῦς
1442 1230 1501 1265 τε
1548 1212 1639 1266 καὶ
1667 1210 1841 1264 καθαο

284 1312 387 1380 ρᾶς,
420 1310 488 1363 οὺ
520 1310 633 1379 γὰρ
688 1308 909 1370 πάντως
966 1305 1059 1359 καὶ
1117 1306 1237 1359 τότε
1270 1304 1528 1366 τοιαύτας
1575 1300 1760 1372 εὖχάςο
1805 1301 1840 1371 ἦ

282 1400 466 1464 ἐννοίας
488 1400 706 1469 ἕξομεν,
736 1399 851 1462 οἵας
882 1396 976 1451 νῦν
1017 1395 1226 1467 διοχλού
1237 1412 1385 1468 μενοι
1411 1394 1516 1448 ὑπὸ
1544 1393 1654 1447 τῶν
1690 1395 1844 1446 ὲναν-

281 1509 413 1548 τιων.

736 1665 864 1720 PH’.
897 1693 963 1702 —
989 1662 1355 1733 ΦΛΑΒΙΑΝῼ.

345 1757 523 1809 Ἐοικε
575 1755 637 1808 τὸ
692 1753 1016 1826 ἡγεμονικὸν
1039 1752 1149 1805 τῶν
1195 1751 1367 1820 ἁγίων
1419 1749 1595 1819 πυξίῳ
1638 1748 1768 1811 τινὶ,
1807 1747 1840 1815 ἢ

2205 471 2364 531 CVII.
2395 503 2463 514 -—
2495 469 2873 529 δοδιιιιΑΝο
2915 467 3271 528 IIONACIIO.

2016 587 2036 629 ι
2073 566 2186 624 Nos
2216 580 2369 629 vero.
2401 565 2477 619 ait
2507 573 2735 620 sanctus
2766 564 3004 635 Moyses,
3056 563 3335 620 nescimus
3383 563 3519 636 quid

1940 658 2175 715 Domino
2223 654 2702 721 sacriﬁcabimus,
2770 671 3063 727 quousque
3113 656 3525 713 ambulabimus

1941 751 2086 806 viam
2125 750 2292 805 trium
2317 748 2528 806 dierum
2569 748 2624 803 in
2661 763 2911 803 eremum
2937 748 3003 803 ⁸⁸.
3046 767 3065 801 ι
3104 748 3261 820 Apud
3299 764 3404 805 nos
3433 764 3527 804 sa-

1940 842 2213 898 crificium
2276 842 2455 898 oratio
2495 851 2607 907 est;
2659 841 2913 896 desertus
2973 841 3223 896 conditio
3278 843 3524 911 quaedam

1941 934 2124 989 brutis
2153 934 2446 989 affectibus
2491 932 2743 1003 spoliata,
2775 947 2940 1002 quam
2977 931 3372 1002 perfectionem
3402 949 3528 990 esse

1941 1025 2254 1079 definimus.
2293 1023 2424 1078 Tale
2451 1023 2733 1094 quidpiam
2763 1024 2871 1076 erit
2890 1025 2957 1077 de
2981 1024 3165 1090 nobis,
3189 1026 3266 1078 ait
3296 1026 3529 1095 Aposto-

1942 1115 2026 1170 lus
2053 1115 2126 1179 ";
2156 1113 2285 1166 illud
2323 1113 2469 1166 enim
2498 1130 2512 1166 :
2549 1110 2710 1178 Quid,
2735 1110 2844 1183 47
2872 1112 2948 1166 uti
2979 1113 3230 1177 addecet,
3256 1114 3526 1168 orandum

1943 1205 2033 1266 sit,
2069 1203 2212 1257 haud
2253 1205 2503 1258 novimus
2534 1218 2711 1272 usque
2740 1204 2810 1257 ad
2853 1204 3309 1259 constitutionem
3353 1206 3529 1261 nullis

1943 1295 2254 1357 affectibus,
2284 1297 2449 1351 nullis
2478 1296 2740 1352 sordibus
2779 1297 3115 1367 obnoxiam;
3151 1312 3331 1366 neque
3378 1298 3526 1352 enim

1945 1400 2075 1444 tunc
2122 1389 2343 1444 easdem
2393 1389 2619 1443 omnino
2667 1390 2970 1453 orationes,
3013 1396 3108 1447 aut
3161 1389 3529 1459 cogitationes

1947 1480 2293 1542 habebimus,
2336 1481 2529 1551 quales
2568 1496 2718 1536 nunc
2751 1480 3017 1536 habemus
3071 1482 3139 1536 ab
3183 1480 3525 1537 adversariis

1948 1572 2324 1627 interturbati.

2393 1660 2575 1717 CVIII.
2598 1694 2667 1704 —
2704 1661 3072 1718 FLAVIANO.

2019 1749 2300 1821 Praecipua
2337 1763 2657 1805 sanctorum
2694 1753 2892 1807 anima:
2927 1768 3056 1821 pars
3099 1750 3384 1822 pugillari,
3416 1751 3535 1807 sive

277 1847 448 1917 δέλτῳ,
482 1850 539 1901 ὲν
572 1840 619 1915 ᾧ
647 1846 991 1918 καταγράφει
1029 1844 1058 1896 6
1085 1843 1217 1906 Θεὸς
1267 1842 1413 1912 ἀπερ
1438 1840 1697 1911 λεχθῆναι
1727 1837 1847 1891 δέον

1963 1839 2116 1905 libro,
2151 1840 2205 1893 in
2238 1856 2348 1911 quo
2388 1841 2532 1895 Deus
2573 1842 2776 1912 populo
2807 1857 2910 1896 suo
2941 1841 3210 1897 edicenda
3247 1840 3530 1901 inscribit.

274 1936 344 2006 τῷ
373 1937 482 2007 λαῴ
532 1935 716 1990 αὐτοῦ.
754 1936 984 2008 Εἴρηται
1027 1933 1157 2001 γοῦν
1204 1932 1286 2003 τῷ
1330 1936 1585 2003 προφήτῃ
1645 1929 1845 1982 ’Δεϐα-

277 2026 437 2096 κούμ·
476 2046 495 2079 ι
525 2027 740 2098 Γράψον
773 2027 963 2096 ὅρασιν
994 2024 1086 2077 ἐπὶ
1111 2023 1320 2087 πυξίου.
1361 2042 1379 2074 ι
1412 2024 1490 2093 Τῇ
1520 2022 1627 2092 γὰρ
1652 2017 1846 2073 ἑαυτοῦ

272 2116 475 2189 διανοίᾳ
514 2117 805 2186 ὲγκύπτων
834 2116 863 2168 6
901 2115 1080 2183 ἅγιος,
1121 2112 1218 2166 καὶ
1247 2115 1326 2176 εἰς
1366 2112 1529 2165 αὑτὸν
1560 2111 1725 2183 δρῶν,
1756 2112 1850 2164 καὶ

272 2208 401 2272 ὅλως
432 2208 566 2261 εἵσω
620 2204 1125 2277 συνεστραμμένος,
1179 2203 1348 2255 οἱονεὶ
1398 2201 1710 2271 ἐντυγχάνει
1741 2201 1851 2262 τοῖς

273 2300 705 2367 καταγραφεῖσιν
753 2296 859 2349 ὑπὸ
907 2294 1046 2347 Θεοῦ
1075 2294 1169 2348 ἐπὶ
1215 2295 1314 2365 τήν
1347 2292 1541 2347 ἑαυτοῦ
1591 2292 1850 2356 διάνοιαν,

270 2391 358 2441 καὶ
399 2389 577 2450 οὕτως
606 2385 936 2454 ἐπαγγέλλει
968 2385 1047 2457 τῷ
1078 2385 1214 2457 λαῷ.

585 2479 708 2532 re.
744 2509 814 2519 -
845 2478 1135 2548 assumo
1164 2476 1539 2547 ΣΑΜΑΡΙΤῌ.

349 2572 419 2624 Ἥ
452 2569 710 2640 ἐπιστολή
742 2585 833 2622 σου
865 2568 1104 2622 τοιοῦτον
1131 2567 1242 2638 ἔχει
1271 2568 1470 2620 τύπον⁹
1503 2566 1566 2619 Et
1590 2565 1690 2637 μὲν
1720 2568 1748 2619 6
1773 2567 1852 2629 εἰς

271 2663 361 2735 τὴν
389 2663 500 2733 γῆν
552 2662 782 2732 σπαρείς
811 2662 955 2724 σῖτος
987 2659 1062 2730 μή
1114 2658 1428 2729 διεσήπετο,
1482 2653 1627 2726 εἶχεν
1660 2655 1853 2710 ἐλπίδα

272 2753 622 2815 ἀναστάσεως
667 2751 728 2805 τὸ
768 2750 1111 2823 ἀνθρώπινον
1162 2751 1344 2822 σῶμα.
1392 2752 1455 2805 Et
1500 2751 1556 2805 δὲ
1600 2753 1628 2805 6
1683 2754 1850 2818 σῖτος,

273 2847 387 2917 ήτοι
424 2846 679 2898 παντοίαν
710 2842 927 2914 γένημα
950 2841 1293 2913 καταϐληθὲν
1312 2844 1394 2905 εις
1417 2843 1515 2913 τὴν
1547 2842 1653 2911 γῆν
1682 2844 1853 2913 σήπε-

272 2955 379 3003 ται,
398 2936 498 2991 καὶ
520 2936 579 2989 τὸ
604 2934 763 3006 σῶμα
784 2933 878 2988 τοῦ
905 2932 1194 3005 ἀνθρώπου
1220 2935 1301 2996 είς
1329 2934 1538 3004 τέφραν
1582 2935 1677 2987 καὶ
1706 2934 1855 2987 κόνιν

275 3029 611 3101 κεχώρηκεν,
651 3028 705 3081 τί
745 3044 834 3096 μοι
858 3026 1279 3096 κατεπαγγέλλῃ
1304 3025 1605 3080 ἀνάστασιν
1634 3024 1853 3080 ἔσεσθαι

275 3124 377 3176 τῶν
427 3119 790 3193 ἀνθρωπίνων
851 3118 1154 3189 σωμάτων;
1221 3116 1364 3185 Ἐγὼ
1414 3117 1472 3171 δέ
1531 3135 1673 3188 φημι
1718 3117 1855 3187 πρὸς

278 3212 479 3267 ταῦτα·
552 3209 855 3281 ’Δνάγνωθί
905 3227 995 3280 μοι
1048 3209 1146 3280 τὴν
1190 3210 1366 3282 ἀρχήν
1410 3209 1510 3281 τῆς
1548 3209 1852 3273 Γενέσεωςο

283 3325 299 3356 ι
337 3306 443 3360 Καὶ
472 3303 668 3358 ελαδεν
693 3304 722 3355 ὁ
745 3302 875 3365 Θεὸς
922 3299 1051 3371 χοῦν
1079 3302 1188 3354 ἀπὸ
1216 3302 1315 3372 τῆς
1346 3301 1470 3373 γῆς,
1524 3303 1617 3356 καὶ
1656 3302 1857 3356 ἔπλασε

280 3398 365 3452 τὴν
389 3396 696 3467 ἄνθρωπον.
745 3411 763 3444 ι
804 3392 871 3444 Τί
923 3391 1103 3445 τοίνυν
1136 3392 1441 3446 διαλλάττει
1479 3395 1507 3446 6
1537 3395 1601 3447 ὲκ
1624 3393 1722 3464 τῆς
1752 3394 1856 3463 γῆς

279 3485 400 3557 χοῦς
431 3486 534 3556 τῆς
582 3483 788 3554 τέφρας
821 3481 915 3536 καὶ
942 3482 1175 3548 κόνεως;
1203 3482 1413 3554 Ὠσπερ
1436 3483 1613 3537 τοίνυν
1638 3485 1857 3555 ἑνδάρχῇ

282 3580 341 3631 ἐκ
368 3581 471 3649 γῆς
500 3576 624 3647 χοὸς
654 3571 1072 3643 κατεσκευάσθη
1103 3573 1164 3626 τὸ
1192 3572 1371 3642 σῶμα,
1404 3574 1496 3627 καὶ
1528 3574 1858 3646 ὲνεπνεύσθη

282 3665 382 3717 ὑπὸ
409 3666 570 3730 Θεοῦ,
600 3664 695 3716 καὶ
734 3662 934 3733 ἐστάθη
966 3662 1247 3732 ἄνθρωπος
1282 3663 1385 3715 ὑπὸ
1408 3663 1533 3726 τοὺς
1566 3665 1732 3728 πόδας
1763 3666 1860 3719 αύ-

282 3755 373 3807 τοῦ
401 3771 414 3782 ·
450 3754 623 3818 οὕτως
657 3753 820 3807 πάλιν
874 3754 939 3805 ὲκ
971 3753 1093 3822 χοὸς
1127 3754 1221 3805 καὶ
1248 3754 1313 3806 ὲκ
1364 3754 1571 3825 τέφρας
1623 3756 1715 3807 ἐπὶ
1762 3756 1862 3826 τῆς

284 3846 593 3907 συντελείας
640 3844 736 3898 τοῦ
765 3844 1031 3916 παρόντος
1083 3843 1299 3911 αἰῶνος,
1347 3848 1413 3917 τῇ
1446 3847 1739 3914 προστάξει
1767 3847 1863 3902 καὶ

281 3937 515 4008 δυνάμει
541 3935 635 3989 τοῦ
663 3936 820 4001 Θεοῦ,
852 3936 1273 4007 ὲξαναστήσεται
1302 3938 1372 3990 τὰ
1412 3937 1730 4008 ἀνθρώπινα
1761 3939 1866 3991 σώ-

285 4047 437 4101 ματα
468 4029 565 4092 τὰς
592 4028 725 4094 ἰδίας
757 4029 1099 4083 ἀπολαὸόντα
1134 4028 1332 4100 ψυχὰς,
1365 4029 1461 4082 καὶ
1487 4030 1582 4083 ἐπὶ
1629 4031 1755 4094 τοὺς
1783 4032 1864 4083 oi-

283 4123 471 4186 κείους
500 4122 781 4193 στήσονται
812 4123 1001 4188 πόδας,
1066 4122 1145 4186 είς
1182 4122 1340 4187 δόξαν
1397 4123 1487 4176 καὶ
1522 4122 1742 4177 ἔπαινον
1770 4122 1865 4177 τοῦ

290 4216 466 4270 πάντα
494 4215 784 4286 θαυμαστά
809 4215 1178 4286 ἐργαζομένου
1204 4217 1408 4286 Δημιου
1419 4215 1548 4284 ργοῦ
1578 4216 1683 4269 τῶν
1706 4216 1862 4272 ὅλων.

803 4397 903 4449 Pl'.
941 4426 1009 4438 -
1054 4394 1137 4462 Τῷ
1165 4396 1346 4463 αὐτῷ.

1950 1933 2310 1987 assimilatur.
2371 1932 2554 1999 Quare
2616 1936 2898 2004 preplietae
2963 1932 3220 1987 Ilabacuc
3278 1933 3530 1987 dicitur:

1956 2045 1975 2078 ι
2008 2025 2202 2081 Scribe
2223 2026 2489 2081 visionem
2526 2027 2579 2080 in
2608 2026 2805 2082 tabella
2831 2025 3015 2091 '°-";i
3052 2040 3289 2096 namque
3321 2025 3375 2079 in
3407 2040 3534 2095 pro-

1949 2116 2123 2185 priam
2156 2123 2393 2170 mentem
2440 2130 2669 2172 sanctus
2695 2116 3109 2186 introspiciens,
3140 2123 3195 2171 et
3232 2117 3289 2170 in
3336 2125 3535 2171 semet-

1950 2208 2131 2278 ipsum
2177 2208 2372 2261 oculos
2407 2206 2615 2276 figens,
2668 2214 2931 2276 totusque
2964 2207 3019 2259 in
3055 2206 3304 2263 internas
3346 2215 3536 2276 partes

1951 2313 2280 2360 Conversus,
2324 2298 2532 2368 scripta
2574 2312 2604 2350 a
2653 2296 2763 2352 Deo
2796 2297 2849 2351 in
2890 2312 2990 2352 sua
3021 2305 3204 2353 mente
3236 2284 3532 2367 comperit,

1953 2392 2143 2463 sicque
2171 2392 2425 2446 enuntiat
2459 2391 2684 2462 populo.

2165 2482 2304 2539 CIX.
2347 2511 2416 2523 —
2457 2478 2863 2537 APHTIIONIO
2907 2478 3314 2535 SAMARITIE.

2023 2576 2246 2631 Littera:
2273 2584 2380 2630 tuae
2411 2574 2559 2629 hunc
2608 2573 2662 2627 in
2694 2574 2918 2628 modum
2956 2572 3318 2629 eﬂ‘ormantur
3350 2589 3366 2626 :
3399 2570 3446 2627 si
3482 2569 3538 2624 in

1954 2682 2099 2724 terra
2139 2683 2371 2738 granum
2417 2660 2753 2737 projectum,
2810 2681 2918 2720 non
2967 2670 3335 2734 putresceret,
3384 2679 3536 2734 spent

1955 2774 2092 2816 sane
2122 2758 2551 2814 resurrectionis
2581 2758 2823 2828 aliquam
2850 2770 3056 2827 c0t'pus
3087 2755 3319 2811 haberet
3347 2755 3540 2810 Imma-

1954 2868 2110 2908 num.
2143 2849 2301 2917 Quod
2346 2850 2392 2905 si
2443 2849 2807 2914 frumentum,
2855 2857 2912 2904 et
2954 2850 3327 2921 quodcunque
3388 2849 3535 2905 aliud

1955 2958 2178 3015 germen
2214 2943 2268 2997 in
2312 2954 2515 2997 terram
2551 2942 2860 2997 immissum
2901 2941 3194 3010 putrescit,
3237 2949 3292 2995 et
3330 2956 3539 3011 corpus

1956 3032 2242 3088 hominum
2277 3032 2332 3085 in
2382 3032 2651 3093 cinerem,
2702 3044 2767 3085 ac
2804 3031 3088 3101 pulverem
3129 3029 3370 3086 fatiscit:
3407 3031 3538 3101 quid

1958 3122 2094 3176 mihi
2145 3120 2295 3174 omni
2349 3120 2759 3175 asseveratione
2813 3118 3183 3173 humanorum
3242 3134 3539 3190 corporum

1963 3212 2427 3269 resurrectionem
2479 3209 2720 3263 futuram
2754 3207 3028 3265 affirmas?
3051 3209 3132 3262 Ad
3167 3210 3281 3264 lucc
3308 3211 3425 3280 ipse
3455 3225 3542 3265 re-

1962 3304 2226 3375 spondeo.
2268 3300 2538 3357 Percurre
2591 3299 2823 3356 Genesis
2867 3299 3132 3355 initium:
3174 3320 3192 3352 ι
3232 3300 3298 3354 Et
3329 3303 3544 3371 accepit

1962 3396 2107 3452 Deus
2147 3396 2427 3468 pulverem
2459 3409 2491 3448 e
2529 3402 2697 3459 terra,
2735 3402 2790 3447 et
2830 3391 3091 3447 formavit
3129 3391 3404 3447 hominem
3437 3393 3538 3445 ὀ.»

1961 3486 2094 3554 Quae
2122 3502 2253 3557 ergo
2287 3486 2596 3541 differentia
2635 3491 2720 3541 est
2757 3484 2901 3539 inter
2933 3484 3218 3554 pulverem
3270 3498 3338 3538 ex
3371 3492 3541 3549 terra,

1961 3589 2010 3633 et
2043 3577 2308 3643 cinerem,
2337 3586 2392 3631 et
2419 3574 2731 3646 pulverem?
2768 3574 3240 3642 Quemadmodum
3267 3575 3455 3647 itaque
3476 3590 3545 3630 ex

1963 3667 2132 3721 humo
2171 3674 2330 3722 terra:
2374 3666 2648 3736 principio
2681 3680 2888 3737 corpus
2920 3676 3303 3721 constructum
3348 3674 3455 3731 est,
3490 3676 3545 3721 et

1964 3759 2218 3829 Spiritum
2249 3775 2315 3814 ex
2351 3757 2461 3817 Deo
2500 3759 2736 3828 accepit,
2780 3760 3051 3829 stetitque
3103 3758 3267 3813 homo
3313 3760 3546 3829 pedibus

1965 3850 2105 3916 suis,
2136 3849 2219 3904 sic
2252 3864 2448 3903 rursus
2480 3863 2544 3902 ex
2577 3855 2723 3902 terra
2756 3854 2808 3901 et
2839 3849 3024 3903 cinere
3052 3845 3165 3918 48
3210 3847 3265 3900 in
3308 3860 3547 3915 pratsen-

1966 3942 2039 3995 tis
2072 3941 2257 3996 saeculi
2292 3940 2420 4006 fine,
2450 3939 2685 4010 imperio
2718 3954 2782 3993 ac
2810 3939 3069 3993 facultate
3102 3938 3287 3991 divina
3310 3951 3545 4007 corpora

1968 4032 2208 4086 humana
2242 4038 2552 4100 resurgant,
2585 4029 2839 4100 proprias
2870 4025 3277 4082 reassumentia
3303 4026 3541 4093 animas,

1967 4132 2022 4179 et
2058 4122 2301 4193 prepriis
2335 4123 2561 4177 stabunt
2593 4119 2827 4188 pedibus
2858 4119 2915 4171 in
2948 4116 3208 4187 gloriam,
3243 4127 3299 4172 et
3328 4119 3545 4174 laudem

1970 4216 2139 4280 illius,
2183 4211 2507 4284 quiromnia
2551 4212 2693 4264 mira
2740 4214 3023 4279 operatur,
3079 4209 3330 4264 omnium
3385 4208 3548 4265 Crea-

1971 4310 2129 4365 toris.

2517 4394 2633 4451 CX.
2670 4424 2739 4436 —
2776 4391 2983 4448 Eidem.

356 4486 567 4556 Ὠσπερ
594 4485 675 4555 τῷ
700 4487 918 4558 μεγάλῳ
967 4487 1219 4560 ’Δϐραάμ
1266 4490 1300 4558 ή
1340 4489 1522 4553 πίστις
1558 4489 1855 4558 λελόγισται

2036 4489 2512 4559 Quemadmodum
2568 4502 2769 4559 magno
2821 4485 3054 4539 Abraha:
3107 4482 3242 4542 fides
3298 4494 3551 4555 reputata

294 4577 369 4638 εἰς
400 4576 763 4646 δικαιοσύνην,
787 4576 930 4631 οὕτω
955 4579 1050 4632 καὶ
1074 4580 1157 4633 σοὶ
1188 4579 1495 4633 πιστεύοντι
1538 4581 1618 4645 είς
1655 4579 1865 4651 νεκρῶν

294 4667 603 4733 ἀνάστασιν,
636 4667 796 4738 εἴπερ
826 4669 919 4721 καὶ
949 4669 1317 4736 πιστεύσειας,
1370 4669 1686 4741 δικαιοσύνη
1712 4668 1865 4739 παρά

294 4758 367 4826 τῷ
401 4757 515 4811 Θεῶ
558 4758 770 4829 μεγάλη
805 4758 1204 4831 λογισθήσεται.

784 4852 933 4904 PIA'.
964 4880 1033 4892 —
1062 4851 1144 4922 Τῷ
1189 4851 1369 4918 αὐτῷ.

363 4942 403 4994 Γ
404 4945 747 5014 εγράςρηκας,
778 4945 860 4997 ὅτι
896 4945 937 4997 Τ
942 4945 999 4998 ὸν
1029 4946 1225 4999 κόκκον
1258 4944 1352 4998 τοῦ
1380 4945 1527 4999 σίτου
1557 4946 1755 5007 ἀλέσω,
1775 4946 1869 4999 κοιλ⁷

298 5034 500 5102 ποιήσω
525 5033 775 5104 ἄλευρον.
802 5033 922 5088 Κᾶν
948 5036 1206 5106 μυριάκις
1238 5036 1445 5107 σπείρω
1475 5036 1637 5089 αὐτὸν
1667 5039 1746 5100 εὶς
1774 5038 1870 5107 τὴν

300 5121 415 5190 γῆν,
445 5123 545 5175 οὐκ
578 5122 657 5176 ἔτι
689 5123 1057 5192 ζωογονεῖται,
1098 5127 1214 5179 ἀλλ’
1259 5126 1368 5178 οὐδ’
1417 5126 1782 5192 ἐξανίσταται,
1810 5129 1870 5180 οὐ

301 5211 376 5279 μὴ
405 5211 697 5284 βλαστήσει.
744 5215 894 5279 ποτὲ,
943 5216 1003 5268 οὐ
1042 5216 1115 5289 μὴ
1160 5218 1609 5289 καρποφορήσει·
1638 5217 1780 5269 οὓτω
1809 5217 1873 5288 δὴ

300 5304 391 5355 καὶ
405 5304 465 5356 τὸ
498 5305 659 5375 σῶμα
682 5307 875 5361 σποδιά
908 5310 1001 5362 καὶ
1027 5310 1174 5374 κόνις
1201 5309 1514 5380 γενόμενον,
1561 5310 1660 5363 οὐκ
1692 5310 1757 5364 ἂν
1783 5310 1874 5362 δύ-

302 5412 445 5451 ναιτο
470 5396 552 5451 ἔτι
582 5398 964 5469 ἐξαναστῆναι,
1018 5401 1050 5471 ἢ
1098 5401 1263 5471 ζῆσαι
1315 5401 1681 5456 παντάπασιν.
1733 5401 1871 5454 Ἀλλ’

303 5487 407 5555 ἐγώ
448 5505 532 5541 σοι
564 5489 732 5542 πάλιν
776 5490 871 5543 καὶ
920 5490 1014 5544 νῦν
1060 5491 1130 5544 τὰ
1159 5492 1297 5547 αὐτά
1333 5494 1742 5565 προσαγάγοιμι
1778 5495 1874 5548 σὺν

306 5581 567 5650 πραότητι
614 5581 854 5652 ῥήματα,
911 5580 1052 5653 άπερ
1083 5583 1175 5636 καὶ
1210 5584 1377 5638 πάλαι
1430 5585 1874 5668 ἐπέσταλκαηὸτι

377 5759 617 5817 "£301.
684 5776 744 5825 v,
829 5766 883 5819 '5.

1970 4586 2070 4641 fuit
2111 4586 2165 4639 in
2192 4584 2463 4655 justitiam
2500 4582 2543 4614 “
2572 4621 2586 4643 ,
2624 4581 2700 4635 ita
2731 4587 2784 4635 et
2823 4580 2919 4633 tibi
2951 4577 3337 4634 defunctorum
3369 4595 3551 4635 resur-

1971 4677 2202 4735 rectioni
2251 4676 2406 4731 fidem
2458 4674 2780 4728 adhibenti:
2811 4672 3052 4729 simodo
3099 4689 3342 4743 unquam
3393 4673 3552 4726 fidem

1971 4767 2311 4829 adhibueris,
2338 4766 2549 4836 justitia
2575 4764 2718 4835 apud
2755 4764 2920 4820 Deum
2957 4765 3153 4837 ingens
3185 4764 3552 4835 reputabitur.

2502 4856 2636 4913 CXI.
2671 4888 2742 4896 —-
2773 4856 2979 4914 Eidem.

2050 4951 2331 5020 Scripsisti
2358 4971 2370 5005 :
2423 4948 2670 5004 Granum
2711 4949 2969 5004 frumenti
2999 4948 3221 5013 molam,
3252 4954 3306 5001 et
3335 4945 3389 4999 in
3422 4944 3524 5000 fari

1980 5060 2104 5099 nam
2137 5045 2397 5113 redigam.
2433 5042 2488 5097 Id
2518 5043 2646 5098 licet
2678 5043 2877 5097 millies
2911 5042 2965 5095 in
2996 5050 3199 5095 terram
3247 5038 3551 5095 seminare-

1981 5135 2107 5200 rim,
2135 5149 2243 5199 non
2279 5132 2514 5202 amplius
2548 5133 2851 5193 reviviscit,
2877 5132 2989 5184 imo
3014 5144 3117 5184 nec
3155 5137 3426 5198 resurget,
3454 5145 3553 5184 nec

1984 5243 2223 5295 unquam
2273 5226 2526 5281 surculos
2572 5225 2806 5289 emittet,
2858 5238 3037 5291 neque
3084 5220 3293 5277 fructus
3333 5221 3553 5288 afferet;

1982 5320 2100 5388 pari
2135 5319 2349 5370 ratione
2383 5324 2435 5369 et
2459 5316 2846 5386 corpmiuis,
2876 5328 2938 5366 ac
2974 5314 3155 5382 pulvis
3195 5315 3423 5377 factum.
3448 5330 3554 5368 non

1983 5411 2186 5481 poterit
2240 5425 2553 5479 resurgere,
2594 5423 2772 5478 neque
2812 5406 3089 5462 ullatenus
3142 5408 3308 5462 vitam
3352 5408 3554 5460 vivere.

1983 5503 2051 5554 At
2081 5503 2218 5570 ipse,
2249 5517 2409 5569 quem
2440 5501 2577 5555 alias
2609 5500 2708 5554 tibi
2749 5499 3010 5553 miseram
3046 5513 3379 5563 sermonem,
3408 5514 3562 5552 eum-

1983 5592 2104 5645 dem
2128 5606 2276 5645 nunc
2305 5606 2429 5645 cum
2458 5589 2773 5661 placiditate
2806 5598 3067 5657 repetam.
3089 5587 3554 5654 Quemadmodum

1077 5766 1119 5795 "
1144 5764 1302 5821 Rom.
1347 5783 1464 5834 vm,
1497 5767 1586 5824 26.
1673 5770 1855 5845 δίκη-Η

1963 5784 2026 5824 lC.
2066 5787 2123 5839 il,
2157 5770 2208 5824 5.
2277 5772 2321 5801 ὀ
2356 5769 2490 5825 Gen.
2530 5785 2586 5839 tt,
2623 5770 2675 5822 7.
2754 5766 2957 5834 “Gen,
2992 5783 3080 5834 xv,
3123 5766 3199 5830 6;
3234 5764 3369 5817 Rom
3410 5760 3562 5829 tv,5.
