3984 6150
443 323 539 393 131

1904 329 1967 391 S.
2005 329 2170 391 NILI

3589 323 3695 392 ηε

443 450 684 508 primum
714 451 787 492 es
821 441 963 493 terra
1004 433 1167 490 homo
1198 431 1463 503 potentia,
1489 440 1543 487 et
1566 442 1684 490 arte
1718 434 2016 504 sapientis-

2124 436 2312 505 ὥσπερ
2341 434 2438 504 τὴν
2466 433 2639 504 ἀρχὴν
2666 434 2727 486 ἐκ
2752 434 2871 503 χοὸς
2896 432 3178 504 ἄνθρωπος
3210 432 3490 505 ἀνεδείχθη
3518 438 3583 508 τῇ
3605 437 3700 490 δυ.

441 528 594 588 simi,
629 543 695 583 ac
742 525 1131 596 omnipotentis
1172 524 1388 581 Domini
1432 526 1680 581 substitit
1710 545 1724 579 :
1761 521 1841 580 ita'
1868 536 1924 580 et
1955 526 2011 582 in

441 619 552 683 line
585 620 867 691 pt'aisentis
899 616 1084 675 δίπουιὶ
1117 633 1183 673 ex
1232 618 1415 672 cinere
1462 618 1712 687 corrupti
1762 619 2014 689 corporis

440 709 772 767 resurrectio
803 709 912 770 (iet,
952 719 1008 783 et
1037 716 1288 779 resurget
1332 707 1521 771 homo,
1567 709 1675 763 vita
1719 709 2016 777 artiumque

442 799 704 870 praeditus
730 797 962 867 pristina
990 799 1347 869 corruptione
1372 799 1606 871 abjecta.
1636 810 1691 856 et
1717 800 1903 855 divina
1933 801 2015 855 in-

436 889 895 961 corruptibilitate
923 900 1263 963 comparata.
1868 894 1871 897 ί

963 1153 1121 1211 CXII.
1157 1185 1228 1195 ο-
1270 1153 1476 1211 Eidem.

507 1242 702 1300 Dixisti
731 1243 1097 1301 humanorum
1129 1260 1424 1316 corporum
1454 1246 1671 1301 cineres
1705 1244 1816 1297 buc
1848 1253 2013 1313 atque

438 1330 568 1384 illuc
596 1331 894 1402 dissipatos
930 1347 960 1385 a
1000 1331 1212 1397 ventis,
1259 1342 1315 1388 et
1354 1334 1520 1388 veluti
1556 1332 1668 1405 49
1705 1333 2013 1387 ventilabro

432 1420 709 1492 jartatos:
780 1430 835 1476 ct
875 1421 1009 1493 quid
1045 1423 1149 1478 erit
1193 1423 1370 1477 ultra?
1420 1423 1524 1478 Sed
1574 1423 1880 1493 perpendas
1930 1437 2016 1477 ve-

439 1509 557 1572 lim,
604 1510 874 1566 undenam
923 1522 1069 1567 terra
1115 1512 1382 1581 producta
1413 1521 1519 1578 est,
1549 1512 1694 1567 unde
1740 1511 1904 1582 ignis,
1959 1521 2014 1566 et

438 1614 555 1664 aer,
588 1609 644 1655 et
683 1616 822 1671 aqua
866 1603 1150 1658 substitit?
1184 1603 1331 1660 Sane
1369 1605 1599 1659 omnino
1628 1619 1695 1658 ex
1736 1612 1787 1658 te
1815 1602 2011 1658 scisci-

436 1691 600 1756 tanti,
621 1700 952 1762 nugamenta
975 1693 1218 1762 gentium
1250 1694 1409 1764 longe
1433 1694 1677 1764 abigens.
1702 1700 1755 1746 et
1776 1692 2012 1763 pseudo-

2117 527 2277 596 νάμει
2302 527 2394 578 καὶ
2422 529 2487 596 τῇ
2513 525 2680 596 τέχνῃ
2722 523 2815 576 τοῦ
2846 525 3119 592 ιπανσόφου
3158 526 3253 577 καὶ
3290 526 3469 578 πάντα
3488 525 3698 597 ἰσχύον-

2115 635 2206 671 τος
2269 617 2496 688 Κυρίου,
2558 616 2702 668 οὕτω
2748 617 2843 668 καὶ
2894 614 3076 685 ὲνετῷ
3098 613 3239 667 τέλει
3282 615 3377 668 τοῦ
3432 614 3700 686 παρόντος

2116 708 2306 770 αίῶνος
2349 710 2413 761 ὲκ
2440 707 2539 776 τῆς
2587 705 2809 767 σποδιάς
2860 708 3151 775 γενήσεται
3195 705 3228 774 ἡ
3265 702 3559 764 ἀνάστασις
3602 702 3698 756 τοῦ

2116 798 2456 869 ἐφθαρμένον
2485 796 2754 866 σώματος,
2777 796 2871 849 καὶ
2900 796 3327 864 ὲξαναστήσεται
3360 797 3388 848 ό
3408 794 3699 863 ἄνθρωπος

2120 888 2473 957 Cuiam-ridet;
2520 905 2581 942 τε
2613 890 2707 941 καὶ
2733 887 3024 959 ψυχωθεὶς.
3058 887 3158 960 τὴν
3183 888 3284 957 μὲν
3320 884 3699 959 προλαϐοῦσαν

2119 983 2327 1054 φθορὰν
2353 979 2836 1051 ἁποτιναξάμενος,
2866 980 3298 1048 ἐπενδυσάμενος
3325 979 3382 1032 δὲ
3415 979 3512 1049 τὴν
3544 977 3701 1033 θείαν

2118 1072 2448 1142 ἀφθαρσίαν.

2611 1162 2759 1216 PIB’.
2798 1189 2866 1201 -—
2900 1157 2984 1225 Τῷ
3020 1158 3199 1224 αὐτῷ.

2191 1253 2446 1322 Εἴρηκας,
2485 1251 2582 1321 τὴν
2619 1248 2843 1302 σποδιὰν
2880 1249 2988 1303 τῶν
3038 1247 3394 1318 ἀνθρωπίνων
3430 1249 3699 1318 σωμάτων

2116 1345 2221 1397 ὑπὸ
2247 1342 2355 1397 τῶν
2383 1342 2602 1412 ἀνέμων
2646 1342 2896 1412 πανταχῆ
2942 1339 3433 1411 διασκορπισθῆναξ
3472 1357 3533 1392 τε
3602 1340 3697 1393 καὶ

2114 1433 2466 1504 λικμηθῆναι,
2492 1433 2586 1486 καὶ
2608 1432 2660 1486 τί
2686 1431 2901 1497 λοιπόν;
2944 1431 3083 1484 Ἀλλ’
3111 1431 3361 1503 ἐννόησον
3389 1449 3501 1500 μοι,
3531 1431 3697 1484 πόθεν

2113 1527 2147 1595 ἠ
2180 1525 2252 1594 γῆ
2286 1521 2722 1593 κατεσκευάσθη,
2758 1521 2922 1576 πόθεν
2956 1521 3088 1594 πῦρ,
3125 1524 3221 1575 καὶ
3264 1523 3394 1594 ἀὴρ,
3429 1523 3523 1576 καὶ
3552 1522 3697 1594 ’ὕδωρ

2116 1616 2454 1686 ὑφέστηκενς
2507 1616 2734 1679 Πάντως
2783 1617 2931 1685 ἐρεῖς
2974 1615 3051 1685 τῷ
3104 1615 3450 1688 ἐπερωτῶντι
3489 1634 3549 1670 σε
3589 1617 3699 1671 τῶν

2128 1705 2458 1775 Ἑλληνικῶν
2485 1706 2677 1777 πόρρω
2710 1704 2928 1776 φεύγων
2967 1705 3529 1776 παραφλυαρημάτων
3549 1746 3564 1769 ,
3602 1705 3701 1758 καὶ

440 1780 887 1854 philos0pliorum
937 1784 1175 1857 ineptias
1230 1793 1560 1840 exsecratus
1611 1785 2007 1855 respondebis:

2124 1767 2410 1852 ἀποπτύων
2436 1767 2570 1860 τοὺς.
2589 1767 2791 1868 λήρο-υς
2955 1767 3453 1865 ψευδοιριλοσόξων,
3480 1767 3699 1861 πάντως

437 1884 505 1923 cx
535 1885 601 1925 eo
628 1872 774 1943 quod
815 1887 925 1928 non
967 1881 1107 1938 erat,
1153 1890 1210 1930 in
1255 1873 1306 1929 id
1343 1874 1487 1944 quod
1518 1882 1624 1942 est,
1674 1875 1946 1930 elementa
1981 1891 2014 1932 a

437 1957 549 2015 Deo
578 1962 845 2032 producta
879 1962 1072 2022 fuisse.
1105 1962 1225 2034 Ipse
1256 1964 1421 2021 etiam
1456 1963 1612 2019 edico
1655 1964 1754 2019 tibi
1781 1982 1797 2019 :
1820 1980 2014 2036 quem-

436 2051 728 2111 admodum
763 2070 830 2110 ex
888 2057 958 2112 iis
1010 2071 1133 2126 qua:
1159 2071 1267 2112 non
1294 2063 1477 2124 erant,
1506 2055 1574 2110 ad
1608 2055 1663 2110 id
1690 2057 1836 2126 quod
1860 2066 2014 2126 sunt,

434 2139 621 2195 omnia
652 2148 787 2195 nutu
822 2143 944 2198 solo
981 2144 1182 2198 divinae
1223 2143 1529 2198 voluntatis
1565 2143 1897 2209 substitere;
1939 2143 2017 2199 ita

435 2243 505 2284 ex
534 2242 601 2285 eo
627 2230 835 2298 cinere,
863 2233 958 2304 qui
989 2248 1019 2288 a
1049 2241 1104 2289 te
1130 2234 1451 2305 deperditus
1484 2249 1610 2289 esse
1638 2234 2012 2300 existimatur,

434 2318 806 2377 humanorum
837 2339 1135 2396 corporum
1169 2328 1505 2382 resurrectio
1532 2326 1660 2382 erit.

957 2414 1141 2473 CXIII.
1180 2445 1252 2456 —
1290 2413 1504 2471 Eidem.

506 2509 875 2581 Omnipotens
907 2505 1073 2571 Deus,
1107 2507 1200 2578 qui
1228 2505 1595 2575 exsiccatum,
1628 2514 1685 2562 et
1727 2505 1849 2563 sine
1890 2519 2018 2567 cor-

440 2601 550 2655 tice
577 2598 832 2655 baculum
859 2594 1063 2667 Moysis
1090 2596 1229 2649 miro
1259 2594 1500 2664 quodam
1534 2593 1699 2648 modo
1728 2594 1784 2648 in
1815 2594 2019 2649 animal

439 2688 765 2753 animatum,
790 2699 1094 2757 repensque
1120 2684 1435 2739 immntavit
1457 2685 1502 2716 ”
1517 2700 1534 2750 ;
1552 2684 1721 2738 draco
1744 2682 2016 2754 siquidem

414 2787 560 2836 'erat
593 2776 878 2841 terribilis,
909 2783 964 2831 et
993 2773 1208 2845 Moyses
1241 2774 1297 2827 in
1327 2772 1515 2843 fugam
1558 2787 1620 2827 se
1653 2771 1805 2827 dedit
1853 2772 2019 2826 mira-

435 2871 564 2927 culo
593 2868 922 2940 perterritus
953 2882 972 2921 :
1003 2871 1058 2920 et
1084 2865 1177 2934 qui
1216 2864 1455 2920 Aaronis
1484 2863 1745 2918 baculum
1780 2863 2014 2929 siccum,

434 2976 491 3018 et
522 2961 702 3031 ipsum
726 2958 966 3013 multum
989 2965 1118 3011 ante
1150 2963 1390 3026 tempus,
1421 2954 1629 3025 absque
1658 2965 1825 3018 terra,
1848 2962 1904 3011 et
1932 2970 2017 3010 ra-

435 3046 679 3111 dicibus,
709 3053 764 3101 ct
788 3045 1011 3116 pluviis,
1041 3055 1095 3099 et
1126 3044 1274 3100 aeris
1311 3043 1598 3114 temperie,
1627 3044 1712 3099 vel
1754 3044 1873 3100 sola
1914 3061 2011 3099 vo-

436 3137 651 3192 luntate
682 3148 791 3190 una
826 3144 992 3190 nocte
1025 3148 1248 3206 germen
1276 3131 1554 3200 emittere,
1579 3144 1635 3188 et
1658 3132 1785 3188 folia
1816 3136 2015 3204 gratio-

436 3228 695 3295 sissima,
755 3236 811 3283 et
865 3225 1103 3281 fructum
1160 3224 1591 3297 pulcherrimum
1624 3263 1640 3288 ,
1700 3223 1881 3280 effecit
1930 3226 2012 3292 ²³;

433 3318 622 3374 omnia
671 3332 907 3388 namque
951 3314 1063 3371 Deo
1114 3315 1501 3384 omnipotenti,
1550 3317 1638 3370 cui
1668 3317 1850 3371 omnia
1880 3317 2014 3372 obe-

433 3410 623 3474 diunt,
675 3407 963 3478 possibilia
1005 3414 1136 3461 sunt
1181 3422 1196 3459 :
1246 3408 1368 3475 ipse
1421 3407 1536 3460 ictu
1578 3406 1727 3461 oculi
1767 3415 2016 3478 tempore

432 3499 624 3555 debito
653 3512 884 3567 corpora
919 3500 1152 3550 humana
1184 3510 1471 3566 resurgere
1498 3498 1682 3561 faciet,
1716 3514 1815 3554 sua
1839 3500 2015 3570 gratia

436 3588 795 3659 pullulantia,
827 3587 965 3640 etin
999 3584 1212 3639 tantum
1244 3586 1471 3655 decora,
1509 3596 1567 3640 ut
1605 3587 1794 3643 divino
1833 3591 2016 3659 splen-

438 3682 575 3734 dore
594 3677 882 3732 inanimati
911 3677 1045 3732 solis
1071 3676 1257 3732 radios
1278 3693 1441 3748 quam
1467 3680 1703 3733 maxime
1728 3690 2011 3749 superent.

440 3769 674 3839 'l'ibique
704 3767 1035 3839 persuadeat
1062 3784 1227 3824 verus
1253 3769 1346 3823 Dei
1380 3783 1576 3823 servus
1596 3808 1610 3833 ,
1642 3770 1736 3838 qui
1778 3785 1843 3823 ex
1875 3769 2013 3825 Sina

437 3871 628 3918 monte
674 3860 899 3915 luciferi-
939 3858 1464 3921 instar‘descendit,
1513 3866 1568 3913 et
1623 3858 2014 3928 splendoribus

437 3952 689 4023 corporis
715 3950 1012 4023 gloriosus,
1050 3960 1108 4004 ut
1143 3966 1236 4020 per
1271 3948 1347 4015 id,
1377 3949 1526 4020 quod
1556 3952 1880 4020 apparebat,
1928 3950 2015 4005 l'u-

438 4050 617 4098 turam
645 4059 712 4098 ex
748 4043 860 4098 alto
892 4043 1123 4113 gratiam
1177 4040 1495 4096 hominibus
1535 4049 2011 4111 praemonstraret.

468 4238 576 4310 50
601 4236 786 4294 CXIV.
817 4268 889 4279 —
919 4234 1173 4292 GAINAE
1206 4232 1571 4291 COPIARIJM
1614 4232 1941 4290 DUCTORI.

508 4329 724 4385 Rursus
754 4342 985 4397 magnus
1018 4327 1304 4395 copiarum
1338 4324 1540 4379 ductor
1566 4340 1664 4393 per
1699 4326 1915 4380 litteras
1946 4326 2013 4379 ad

2116 1887 2284 1957 ἐρεῖς,
2314 1886 2398 1939 ὅτι
2429 1886 2495 1939 ὲκ
2518 1884 2614 1939 τοῦ
2651 1884 2731 1956 μὴ
2755 1884 2907 1948 ὄντος
2928 1887 3009 1948 είς
3040 1884 3100 1938 τὸ
3129 1881 3270 1939 εἶναι
3310 1885 3415 1939 ὑπὸ
3447 1884 3540 1939 τοῦ
3562 1886 3699 1940 Θεοῦ

2114 1975 2187 2030 τὰ
2241 1978 2482 2047 στοιχεῖα
2536 1976 2818 2048 παρήχθη.
2851 1976 3023 2044 Κάγὼ
3073 1976 3252 2032 τοίνυν
3286 1978 3565 2049 φημίσαι,
3615 1978 3702 2032 ὅτι

2117 2067 2375 2138 καθάπερ
2401 2068 2466 2121 ὲκ
2498 2067 2573 2140 μὴ
2595 2069 2763 2123 ὄντων
2792 2069 2874 2132 είς
2902 2068 2964 2122 τὸ
2992 2063 3225 2124 εἶναιτὰ
3253 2069 3432 2124 πάντα
3459 2069 3699 2142 ὑφέστη-

2116 2174 2181 2211 κε
2207 2160 2274 2230 τῇ
2298 2160 2436 2229 ῥοπῇ
2463 2160 2600 2233 μόνῃ
2631 2159 2727 2214 τοῦ
2753 2158 2898 2214 θείου
2926 2158 3285 2231 βουλήματος,
3308 2159 3485 2224 οὕτως
3511 2164 3575 2217 ὲκ
3597 2161 3699 2232 τῆς

2113 2250 2321 2322 τέφρας
2359 2249 2573 2320 ἐκείνης
2610 2251 2710 2321 τῆς
2750 2251 2901 2325 παρὰ
2951 2252 3033 2307 σοὶ
3061 2248 3423 2323 νομιζομένης
3455 2250 3701 2304 ἀπόλλυ-

2118 2338 2265 2403 σθαι,
2295 2340 2329 2410 ἡ
2358 2340 2657 2405 ἀνάστασις
2697 2341 2853 2398 ἔσται
2878 2342 2989 2397 τῶν
3018 2341 3373 2413 ἀνθρωπίνων
3400 2342 3695 2413 σωμάτων.

2606 2432 2753 2485 PII".
2788 2462 2860 2475 —-
2892 2431 2981 2498 Τῷ
3018 2431 3199 2501 αὐτῷ.

2197 2518 2257 2572 '0
2304 2519 2712 2591 παντοδύναμος
2759 2520 2911 2587 Θεὸς,
2959 2523 2988 2575 ὁ
3037 2523 3137 2591 τὴν
3172 2522 3370 2594 ῥάϐδον
3416 2522 3698 2588 Μωῦσέως

2116 2606 2463 2679 ὲξηραμένην
2517 2607 2612 2661 καὶ
2641 2607 2862 2676 άφλοιον
2898 2607 3218 2678 παραδόξως
3258 2607 3578 2678 μεταϐαλὼν
3617 2609 3700 2672 είς

2118 2695 2256 2761 ζῶον
2284 2695 2529 2770 ἔμψυχόν
2561 2714 2621 2750 τε
2654 2699 2749 2751 καὶ
2810 2696 2980 2770 ἕρπον
3028 2697 3264 2769 (δράκων
3307 2699 3418 2769 γὰρ
3443 2693 3511 2769 ἧν
3540 2697 3700 2768 (ροσε-

2120 2786 2233 2859 ρὺς,
2260 2788 2358 2842 καὶ
2382 2788 2573 2858 φεύγει
2596 2790 2838 2860 Μωῦσῆς
2862 2791 2922 2844 τὸ
2948 2789 3132 2860 θαῦμα
3162 2791 3580 2860 καταπλαγεὶςὶ,
3604 2792 3701 2845 καὶ

2117 2878 2264 2948 ὁτὴν
2314 2877 2408 2931 τοῦ
2451 2879 2659 2950 ’Λαρὼν
2712 2881 2908 2951 ῥάϐδον
2958 2881 3128 2954 ξηρὰν
3155 2883 3504 2954 πολυχρόνιον
3530 2883 3703 2955 ὑπάρ-

2117 2984 2319 3037 χουσαν
2350 2968 2476 3039 δίχα
2506 2973 2630 3040 γῆς,
2661 2972 2756 3025 καὶ
2778 2971 2954 3043 ῥίζης,
2977 2973 3072 3026 καὶ
3102 2973 3346 3043 δμόρων,
3378 2976 3472 3027 καὶ
3502 2975 3702 3045 εὐκρα-

2040 3092 2084 3151 C
2124 3058 2245 3122 σίας
2297 3059 2498 3131 ἀέρων,
2551 3064 2619 3133 τῇ
2664 3060 2882 3133 θελήσει
2918 3063 3012 3116 καὶ
3045 3065 3182 3135 μόνῃ
3211 3063 3297 3116 διὰ
3329 3066 3461 3133 μιᾶς
3508 3064 3697 3128 νυκτὸς

2119 3152 2486 3223 ἐκϐλαστῆσαι
2511 3155 2765 3226 ποιήσας,
2790 3154 2966 3224 φύλλα
2985 3172 3042 3208 τε
3068 3156 3425 3227 χαριέστατα,
3448 3156 3540 3209 κα)⁸
3566 3173 3701 3226 καρ-

2119 3244 2219 3297 πὸν
2249 3245 2583 3315 ὡραιότατον
2615 3245 2813 3318 (πάντα
2850 3246 2961 3318 γὰρ
2999 3247 3201 3302 δυνατά
3237 3247 3359 3319 Θεῷ
3389 3248 3699 3318 παντοκρά-

2116 3352 2233 3405 top:
2263 3335 2359 3389 καὶ
2389 3336 2566 3390 πάντα
2605 3335 2861 3406 ίσχύοντι)
2891 3352 2904 3366 ·
2942 3338 3103 3402 αὐτὸς
3143 3340 3199 3391 ἐν
3239 3341 3373 3409 ριπῇ
3420 3338 3696 3410 ὀφθαλμοῦ

2118 3425 2474 3492 ὲξαναστήσει
2516 3427 2696 3497 καιρῷ
2750 3425 2829 3495 τῷ
2879 3429 3210 3498 προσήκοντι
3264 3427 3334 3481 τά
3382 3427 3698 3498 ἀνθρώπεια

2118 3515 2369 3587 σώματα,
2393 3516 2655 3570 θάλλοντα
2681 3521 2747 3588 τῇ
2770 3519 2963 3571 ἑαυτοῦ
2984 3518 3190 3588 χάριτι,
3213 3521 3306 3572 καὶ
3327 3519 3697 3590 ἀγλαῖζόμενα

2118 3607 2210 3661 ἐπὶ
2230 3607 2503 3670 τοσοῦτον,
2537 3606 2677 3660 ὥστε
2716 3609 3080 3679 ὑπερνικῆσαι
3101 3612 3167 3680 τῇ
3197 3608 3317 3680 θείᾳ
3352 3611 3698 3682 λαμπρότητι

2116 3699 2213 3760 τὰς
2247 3699 2421 3766 αὐγὰς
2443 3699 2537 3751 τοῦ
2571 3698 2780 3770 ἀψύχου
2813 3700 2979 3771 ἡλίου.
3016 3699 3125 3753 Καὶ
3173 3701 3405 3753 πειθέτω
3432 3719 3490 3754 σε
3522 3704 3695 3761 Μωῦ-

2118 3786 2218 3857 σῆς
2256 3787 2283 3841 ὁ
2311 3787 2530 3856 γνήσιος
2579 3787 2833 3857 θεράπων
2882 3787 2975 3840 τοῦ
3024 3786 3349 3859 κρείττονος,
3404 3790 3696 3860 φωσφόρος

2117 3873 2393 3928 κατελθὼν
2424 3876 2486 3927 ὲκ
2518 3874 2613 3927 τοῦ
2650 3876 2861 3929 Σιναίου
2885 3875 3065 3947 ὅρους,
3099 3876 3192 3929 καὶ
3220 3876 3310 3929 τὸν
3337 3876 3522 3948 χρῶτα
3545 3878 3694 3934 δεδο-

2118 3964 2379 4032 ξασμένος
2408 3967 2914 4038 ταῖςλαμπηδόσιν,
2943 3969 3089 4033 ὅπως
3108 3966 3196 4021 διὰ
3219 3967 3314 4022 τοῦ
3363 3971 3695 4039 φαινομένου

2117 4053 2373 4125 προδείξῃ
2424 4055 2522 4125 τὴν
2552 4054 2874 4125 μέλλουσαν
2930 4059 3089 4129 χάριν
3142 4056 3335 4126 ὑψόθεν
3382 4058 3692 4128 ἀνθρώποις

2118 4147 2473 4218 παρέχεσθαι.

2398 4238 2541 4292 ΡΙΔ’.
2573 4268 2641 4279 -—
2668 4239 2879 4309 ΓΑΙΝᾼ
2923 4240 3407 4312 ΣΤΡΑΤΗΛΔΤῌ.

2189 4328 2356 4382 Πάλιν
2387 4330 2520 4400 ἡμῖν
2548 4325 2683 4401 ἧκεν
2711 4331 2739 4383 ὁ
2768 4332 2940 4399 μέγας
2977 4332 3353 4402 στρατηλάτης
3393 4333 3483 4386 διά
3509 4351 3692 4407 γραμ-

439 4436 541 4476 nos
574 4418 721 4474 venit
747 4430 899 4470 arma
928 4429 1089 4468 cerea
1122 4412 1411 4482 objiciens,
1444 4428 1556 4467 non
1591 4429 1712 4483 qua:
1736 4431 1804 4470 ex
1831 4416 2014 4484 seipso

2124 4422 2304 4494 μάτων
2331 4420 2400 4474 τὰ
2427 4420 2625 4491 κήρινα
2654 4420 3091 4490 προϐαλλόμενος
3122 4422 3282 4486 ὅπλα,
3320 4425 3419 4475 οὐκ
3442 4425 3534 4491 ἀφ’
3563 4427 3695 4481 ἑαυ-

439 4510 737 4583 possideat,
764 4506 858 4561 sed
891 4505 1112 4559 aliunde
1131 4502 1494 4574 cpprobriose
1516 4505 1846 4575 suscipiens.
1875 4508 2016 4563 Ecce

2124 4513 2203 4569 τοῦ
2237 4512 2587 4581 κτησάμενος
2613 4510 2809 4576 ταῦτα,
2843 4510 2959 4564 ἀλλ’
3003 4513 3272 4585 ἑτέρωθεν
3292 4513 3510 4585 ψεκτῶς
3538 4536 3696 4590 πορι-

437 4602 609 4666 enim,
654 4599 751 4662 ait,
800 4596 1021 4652 divinus
1069 4593 1372 4664 Apostolus
1417 4593 1551 4650 Jesu
1614 4596 2012 4652 demissionem

2124 4604 2366 4673 σάμενοςρ
2417 4601 2548 4655 Ἰδοὺ
2585 4600 2691 4674 γὰρ
2711 4642 2727 4668 ,
2760 4601 2947 4673 φησιν,
2979 4604 3008 4656 ό
3057 4604 3199 4669 θεῖος
3246 4605 3568 4672 Ἀπόστολος
3595 4610 3695 4682 τὴν

437 4695 611 4752 dixit
635 4710 649 4747 :
680 4691 753 4747 ad
780 4705 877 4745 eos
906 4687 1131 4750 etenim,
1155 4688 1248 4761 qui
1271 4702 1337 4742 ex
1369 4684 1614 4742 Hebraeis
1639 4689 2012 4755 crediderant,

2124 4695 2378 4749 51rd6amv
2416 4691 2509 4747 τοῦ
2560 4691 2737 4764 Ἰησοῦ
2775 4693 3147 4767 ἐξεφώνησεν·
3194 4699 3398 4769 γράφει
3446 4700 3554 4771 γὰρ
3580 4704 3694 4764 τοῖς

439 4786 670 4844 scribit:
710 4801 729 4835 ι
768 4781 997 4850 Semper
1026 4778 1163 4832 vivit
1186 4778 1350 4835 Iesus
1381 4778 1558 4833 Filius
1590 4777 1683 4835 Dei
1727 4780 1796 4833 ad
1840 4779 2013 4834 inter-

2124 4787 2171 4853 ἐξ
2213 4788 2479 4859 Ἐσραίων
2506 4788 2968 4855 πεπιστευκόσιν,
3013 4792 3094 4845 ὅτι
3131 4810 3150 4843 ι
3187 4793 3427 4847 Πάντοτε
3461 4794 3527 4866 ζῇ
3587 4795 3695 4865 Ἰη-

440 4878 753 4949 pellandum
798 4866 909 4944 pro‘
955 4871 1118 4926 nobis
1148 4872 1216 4925 “.
1258 4888 1277 4922 ι
1338 4869 1727 4927 Verumtamen
1778 4878 2013 4927 noscant

438 4970 534 5042 qui
566 4967 668 5023 tibi
701 4969 819 5022 haec
846 4963 915 5019 ad
946 4961 1301 5018 scribendum
1335 4970 1665 5033 suggerunt,
1699 4958 2014 5015 Servatoris

439 5059 836 5125 beatissimam,
891 5064 950 5112 et
999 5053 1507 5111 decantatissimam
1571 5051 2015 5123 dispositionem,

2116 4880 2243 4944 σοῦς
2272 4882 2301 4932 ὁ
2322 4880 2449 4944 Υἱὸς
2475 4878 2569 4935 τοῦ
2590 4879 2725 4935 Θεοῦ
2746 4882 2826 4944 είς
2843 4883 2904 4935 τὸ
2934 4885 3282 4955 ἐντυγχάνειν
3311 4886 3449 4956 ὑπὲρ
3475 4885 3685 4958 ἡμῶν.»

2127 4971 2291 5025 Ἀλλά
2330 4971 2754 5041 γινωσκέτωσαν
2793 4974 2843 5027 oi
2892 4974 3283 5041 ὑποϐάλλοντες
3333 4994 3415 5033 σοι
3466 4979 3689 5033 τοιαῦτα

2115 5062 2472 5126 ἐπιστέλλειν,
2523 5062 2715 5135 ὅτιπερ
2769 5065 2804 5136 ἡ
2856 5064 2949 5118 τοῦ
2993 5065 3247 5139 Σωτῆρος
3294 5070 3689 5141 μακαριωτάτη

440 5167 543 5225 pro
574 5149 730 5206 nobis
781 5146 1278 5220 interpellationem
1322 5159 1467 5209 esse,
1513 5142 1937 5214 nuncuparique
1982 5157 2014 5196 a

2124 5156 2213 5211 καὶ
2268 5153 2645 5226 πολυύμνητος
2700 5157 2982 5228 οἰκονομία
3013 5197 3029 5221 ,
3084 5158 3303 5230 ἐντυχία
3342 5161 3479 5232 ὑπὲρ
3534 5161 3687 5231 ήμῶν

437 5241 699 5309 deiferis,
732 5249 788 5297 et
820 5237 1180 5309 diviniloquis
1210 5235 1552 5292 hominibus.

2124 5243 2375 5314 ὑπάρχει,
2411 5244 2851 5316 προσηγόρευταί
2871 5262 2931 5298 τε
2970 5246 3066 5299 καὶ
3106 5247 3349 5302 καλεῖται
3399 5250 3549 5321 παρὰ
3579 5236 3689 5314 τυῖξ

2123 5333 2399 5406 θεορόροις
2439 5334 2534 5388 καὶ
2569 5334 2852 5405 θεηγόροις
2881 5334 3160 5408 ἀνδράσιν.

2615 5423 2762 5477 PII-3'.
2791 5418 2869 5463 -’
2895 5422 2979 5489 Τῷ
3017 5425 3196 5491 αὐτῷ.

2194 5512 2269 5566 Th
2306 5512 2677 5585 ἐντυγχάνειν,
2736 5514 2834 5585 οὐχ
2867 5514 3055 5590 ὥσπερ
3087 5518 3119 5586 ή
3177 5506 3275 5570 ιῶν
3325 5514 3534 5571 πολλῶν
3565 5532 3691 5572 συν·

981 5417 1139 5475 CXV.
1170 5445 1241 5458 —
1272 5413 1480 5469 Eidem.

505 5509 878 5582 Interpellare,
916 5526 1030 5569 non
1069 5518 1127 5567 ut
1175 5509 1476 5564 multorum
1527 5502 1912 5569 consuetudo,
1958 5514 2016 5558 et

512 5685 558 5717 “
590 5682 759 5740 Exod.
785 5700 853 5753 Iv,
906 5686 964 5742 3.
1018 5686 1064 5718 "
1096 5684 1260 5741 Num.
1304 5701 1437 5753 xvn,
1488 5684 1540 5740 8.
1620 5681 2084 5753 “Hebr.vu,25.
