3984 6150
403 325 505 393 I35

1866 329 1930 389 S.
1971 329 2135 391 NILI

3551 343 3652 408 136

399 442 531 508 pria
568 439 887 512 praiuceuti
933 437 1125 503 l‘aciei;
1176 445 1231 492 et
1281 437 1385 494 hac
1419 439 1634 496 ratione
1679 440 1979 513 prudentes

2083 445 2537 517 ἀπαστράπτοντι
2566 451 2860 524 προσώπῳ,
2895 459 2988 509 καὶ
3020 459 3195 525 οὕτως
3230 461 3502 532 διελέγετο
3539 468 3650 533 τοῖς

390 537 449 587 et
495 533 589 602 qui
629 531 896 602 sapientia
943 527 1236 600 Egyptios
1273 532 1695 600 aemulabantur,
1731 534 1975 605 alloque-

389 627 578 680 batur.

930 708 1120 766 CXIX.
1149 740 1219 752 --
1250 709 1457 765 Eidem.

466 801 683 855 Faciem
713 799 913 870 Moysis
945 802 1127 855 lumen
1155 816 1278 857 esse
1306 801 1662 856 Pentateuchi
1691 787 2018 871 eristima”,

399 893 636 947 velamen
667 892 948 946 beatorum
974 907 1288 948 sermonum
1317 894 1726 960 obscuritatem,
1753 904 1806 949 et
1825 895 1970 964 quod

396 983 693 1053 parabolis,
734 989 828 1034 aut
879 983 1167 1052 symbolis,
1219 983 1334 1038 sive
1376 983 1538 1037 etiam
1588 983 1971 1052 aeuigmatibus

395 1074 731 1142 exprimitur.
776 1072 840 1126 Et
882 1081 1110 1128 sanctus
1145 1073 1360 1144 Moyses
1399 1089 1565 1143 super
1606 1083 1771 1144 puteo
1798 1075 1863 1139 “,
1903 1091 1968 1129 ex

394 1179 499 1235 quo
531 1179 722 1218 (mines
751 1165 958 1228 bibere,
991 1165 1254 1218 nonnuila
1297 1179 1392 1234 per
1431 1165 1650 1218 modum
1700 1165 1972 1234 parabolae

394 1255 598 1320 refert;
635 1254 982 1324 postmodum
1019 1253 1171 1308 addit
1201 1273 1215 1308 ι
1253 1273 1272 1305 ι
1305 1253 1598 1324 Propterea
1635 1255 1842 1322 dicent,
1876 1257 1967 1326 qui

393 1344 634 1413 captiose
660 1349 714 1394 et
742 1341 998 1410 perplexe
1030 1349 1356 1409 argutantur
1393 1342 1506 1395 lucc
1534 1349 1588 1396 et
1617 1345 1729 1396 haec
1761 1344 1827 1394 ³⁵.

941 1441 1107 1496 CXX.
1132 1472 1201 1482 —
1225 1442 1437 1496 Eidem.

463 1535 519 1592 Si
559 1553 684 1593 cum
722 1538 979 1608 lacrymis
1023 1538 1091 1590 ad
1135 1537 1418 1592 Christum
1464 1548 1817 1594 convertatur
1862 1538 1964 1595 He-

393 1631 594 1692 braeus,
631 1630 893 1684 infantem
925 1644 1092 1700 agens
1127 1629 1432 1684 secundum
1477 1646 1730 1700 puerum,
1777 1631 1969 1686 Ismael

391 1722 617 1784 dictum,
651 1721 937 1775 oculorum
985 1720 1209 1782 mentis,
1253 1720 1403 1790 Agar
1453 1729 1780 1791 nuncupata:
1821 1724 1969 1777 vela-

392 1829 514 1867 men
547 1812 834 1875 abstrahit,
870 1826 1146 1881 propeque
1193 1811 1405 1867 invenit
1439 1827 1635 1882 aquam
1678 1814 1855 1867 vivam
1887 1815 1971 1869 di-

380 1905 531 1957 ‘vinae
564 1903 881 1971 Scripturze,
927 1903 1004 1956 uti
1052 1901 1277 1957 addecet
1320 1905 1646 1973 expositam,
1694 1908 1845 1974 potui
1881 1920 1970 1958 ac-

321 2021 333 2031 -
391 1990 815 2054 commodatam,
851 1999 1016 2059 atque
1049 1990 1400 2059 pellucidum,
1445 2000 1497 2045 et
1535 1992 1604 2046 ab
1652 1992 1971 2046 inﬁdelitate

391 2080 589 2134 mortis
613 2080 930 2134 liberantem
957 2079 1024 2131 ³⁸.

842 2169 946 2240 53
988 2170 1177 2227 CXXI.
1206 2203 1277 2213 —-
1310 2172 1518 2228 Eidem.

459 2262 758 2332 Quousque
800 2259 1014 2314 Hebrazi
1053 2263 1210 2317 iidem
1259 2265 1428 2320 beatae
1463 2267 1615 2319 Sarae
1649 2280 1756 2319 non
1793 2279 1971 2334 possn-

386 2355 637 2420 debuut,
670 2369 843 2408 servae
871 2354 1018 2424 Agar
1066 2369 1269 2412 nomen
1321 2373 1514 2412 eorum
1560 2358 1728 2413 menti
1779 2358 1971 2428 appin-

387 2447 622 2516 gcudum
651 2454 733 2501 est
766 2448 832 2501 ³⁷.

908 2536 1119 2592 CXXII.
1156 2568 1228 2579 --
1253 2537 1461 2591 Eidem.

457 2624 627 2681 Multa
696 2627 1107 2696 speculatione,
1180 2637 1234 2682 et
1288 2627 1653 2697 intelligentia
1729 2625 1971 2681 Mosaica

388 2717 640 2785 scripta,
691 2730 909 2770 necnon
963 2715 1235 2786 profunda
1290 2715 1696 2786 perquisitione
1727 2715 1972 2785 indigere

388 2806 722 2876 persuadeat
787 2815 839 2861 te
903 2807 1138 2877 mystica
1201 2806 1554 2877 compellatio
1603 2805 1752 2876 putei
1800 2805 1972 2862 visio-

387 2897 477 2954 nis
505 2899 570 2953 ³⁸.

881 2986 1114 3043 CXXIII.
1156 3018 1224 3028 —-
1260 2986 1471 3042 Eidem.

2082 537 2292 606 νοητοῖς
2331 537 2422 590 καὶ
2457 539 2882 607 Αίγυπτιάζουσι
2919 550 2984 617 τῇ
3015 552 3296 622 φρονήσει.

2574 723 2717 778 ΡῙΘ¹.
2751 755 2824 767 -
2855 727 2940 793 Τῷ
2976 730 3155 796 αὐτῷ.

2144 807 2439 879 Πρόσωπον
2467 813 2747 880 Μωῦσέως
2781 817 2975 889 νόησον
3003 817 3144 876 εἶναι
3173 824 3233 876 τὸ
3257 841 3373 894 φως
3393 827 3492 897 τῆς
3517 829 3652 882 Πεν-

2074 897 2368 968 τατεύχου,
2405 902 2666 973 κάλυμμα
2685 904 2741 958 δὲ
2763 907 2823 959 τὸ
2849 909 3057 978 ἀσαφὲς
3101 911 3209 963 τῶν
3242 913 3529 984 μακαρίων
3560 915 3649 968 λό-

2072 1005 2205 1056 γων,
2259 991 2354 1044 καὶ
2397 992 2456 1046 τὸ
2502 995 2888 1066 παραϐολικδν,
2935 998 2968 1070 ἢ
3026 1001 3375 1070 συμϐολικὸν,
3442 1005 3538 1057 καὶ
3589 1005 3649 1058 τὸ

2071 1081 2486 1151 αἰνιγματῶδες.
2547 1087 2656 1140 Καὶ
2709 1088 2854 1158 λέγει
2883 1093 2911 1144 6
2937 1093 3090 1160 ἅγιος
3162 1095 3404 1164 Μωῦσῆς
3433 1096 3524 1149 ἐπὶ
3555 1097 3649 1150 του

2074 1170 2328 1239 φρέατος,
2350 1174 2478 1249 ὅθεν
2502 1177 2702 1242 πάντες
2723 1181 3034 1246 πεπώκασι,
3076 1185 3462 1252 παραϐολικῶς
3487 1203 3608 1240 τινα
3630 1202 3646 1219 ο

2073 1263 2166 1316 καὶ
2207 1264 2333 1333 ἑξῆς
2378 1269 2661 1340 ὲπιφέρει’
2704 1273 2802 1326 Διά
2849 1273 3007 1327 τοῦτο
3041 1275 3257 1345 ὲροίσιν
3307 1279 3356 1330 oi.
3395 1279 3648 1349 αἰνιγμα-

2074 1358 2252 1409 τισταὶ
2293 1359 2417 1412 τάδε
2449 1364 2541 1415 καὶ
2574 1362 2719 1415 τάδε.

2560 1456 2690 1509 ΡΚ’.
2726 1486 2796 1495 -
2827 1457 2909 1522 Τῷ
2926 1458 3110 1524 αὐτῷ.

2157 1541 2282 1595 Ἐὰν
2314 1543 2450 1613 μετὰ
2475 1546 2755 1618 κλαυθμοῦ
2779 1550 2912 1622 πρὸς
2942 1551 3034 1604 τὸν
3066 1553 3300 1622 Χριστὸν
3327 1555 3646 1627 ἐπιστρέψει

2070 1634 2098 1686 6
2133 1633 2386 1703 Ἐϐραῖος
2429 1638 2708 1707 νηπιάζων
2741 1640 2882 1694 κατὰ
2921 1642 2980 1694 τὸ
3016 1641 3214 1714 βρέφος
3267 1647 3327 1699 τὸ
3357 1647 3647 1718 λεγόμενον

2087 1723 2330 1795 Ἰσμαὴλ,
2369 1731 2735 1798 περιαιρεῖται
2773 1731 2835 1783 τὸ
2875 1731 3142 1802 κάλυμμα
3193 1735 3305 1789 τῶν
3351 1737 3645 1808 ὀφθαλμῶν

2071 1814 2169 1883 τῆς
2192 1814 2430 1879 διανοίας
2470 1819 2568 1888 τῆς
2619 1820 2957 1893 καλουμένης
3003 1826 3202 1893 Ἀγαρ,
3257 1829 3352 1880 καὶ
3412 1829 3642 1897 ἐγγύθεν

2072 1906 2316 1975 εὑρίσκει
2357 1907 2417 1958 τδ
2461 1906 2569 1972 ζῶν
2629 1909 2774 1981 ὕδωρ
2815 1914 2913 1982 τῆς
2952 1912 3102 1977 θείας
3151 1915 3374 1986 Γραφῆς
3419 1917 3648 1981 δεόντως

2071 1997 2422 2066 ἑρμηνευθὲν,
2479 2000 2705 2070 πότιμόν
2730 2019 2790 2055 τε
2843 2004 2936 2057 καὶ
2958 2004 3197 2074 διαυγὲς,
3238 2010 3331 2060 καὶ
3356 2009 3449 2062 τοῦ
3493 2009 3650 2064 Θανά-

2070 2105 2164 2141 του
2195 2092 2293 2160 τῆς
2319 2091 2576 2155 ἀπιστίας
2597 2094 2987 2166 λυτρούμενον.

2565 2183 2742 2242 PKA'.
2760 2216 2830 2226 -—-
2849 2188 2932 2252 Τῷ
2965 2188 3142 2252 αὐτῷ.

2142 2272 2344 2343 Μέχρις
2372 2274 2437 2328 ἂν
2476 2276 2548 2345 μὴ
2577 2279 2864 2348 κτήσονται
2900 2281 2956 2334 δὲ
3000 2284 3047 2334 oi
3080 2282 3315 2353 Ἑϐραῖοι
3344 2283 3440 2354 τὴν
3464 2285 3648 2338 πίστιν

2072 2362 2169 2429 τῆς
2194 2363 2467 2432 μακαρίας
2491 2365 2725 2437 Σάρρας,
2760 2369 2856 2437 τῆς
2889 2371 3145 2434 οἰκέτιδος
3180 2372 3358 2441 Ἀγαρ
3390 2372 3448 2424 τὸ
3479 2372 3650 2442 δνομα

2074 2453 2138 2521 τῇ
2176 2450 2370 2523 γνώμῃ
2396 2455 2572 2507 αὐτῶν
2599 2457 2950 2528 ἐπιφημίζειν
2976 2461 3112 2513 δέον.

2555 2545 2730 2599 PKB'.
2761 2577 2828 2586 —
2858 2549 2942 2613 Τῷ
2968 2551 3148 2616 αὐτῷ.

2144 2633 2266 2686 Ὅτι
2335 2634 2535 2705 πολλῆς
2594 2635 2826 2707 θεωρίας
2890 2639 2985 2692 καὶ
3057 2643 3296 2713 νοήσεως
3366 2647 3538 2700 δεῖται
3588 2646 3649 2700 τὸ

2073 2723 2367 2779 Μωσαῖκδν
2409 2726 2662 2798 γράμμα,
2716 2729 2809 2782 καὶ
2854 2729 3078 2800 βαθείας
3112 2735 3360 2808 ἐρεύνης,
3413 2738 3647 2792 πειθέτω

2074 2827 2135 2865 σε
2191 2813 2223 2884 ἡ
2265 2817 2501 2887 μυστικὴ
2557 2821 2894 2891 προσηγορία
2938 2822 3032 2876 τυῦ
3085 2823 3314 2894 φρέατος
3370 2827 3469 2899 τῆς
3513 2829 3647 2901 ὁρά-

2074 2918 2231 2966 σεως.

2569 3000 2743 3056 ΡΚΓθ.
2774 3031 2843 3040 —-
2873 3002 2956 3068 Τῷ
2975 3004 3156 3070 αὐτῷ.

456 3077 535 3134 Ne
569 3078 800 3149 patiaris
832 3077 887 3136 in
925 3079 1012 3134 bis
1041 3121 1056 3145 ,
1112 3094 1233 3150 quae
1265 3089 1317 3134 te
1351 3079 1702 3150 opprimunt,
1735 3079 1969 3135 infortu-

2141 3086 2231 3156 Μὴ
2260 3086 2526 3161 καταδέξῃ
2551 3089 2608 3143 ἐν
2625 3093 2746 3153 ταῖς
2767 3094 3121 3161 ὲπελθοὺσαις
3149 3104 3451 3173 συμφοραῖς
3474 3121 3647 3174 παρα-

385 3170 497 3224 niis
531 3183 684 3239 spem
734 3168 938 3224 bonam
974 3167 1250 3238 abjicere,
1285 3184 1467 3238 neque
1533 3169 1734 3223 divinae
1769 3185 1966 3239 exspe—

385 3261 648 3316 ctationis
680 3275 851 3316 cornu
883 3261 1115 3316 relaxes.
1139 3258 1324 3314 Facile
1356 3260 1500 3314 enim
1529 3259 1638 3314 Deo
1668 3272 1774 3323 est,
1809 3263 1972 3315 modo

382 3354 622 3408 voluerit
651 3394 666 3420 ,
699 3352 882 3408 tristia
908 3353 963 3407 in
995 3352 1122 3406 lata
1157 3364 1493 3420 ammnaque
1520 3359 1869 3406 convertere.

627 3523 866 3580 CXXIV.
897 3553 968 3563 —
997 3521 1389 3578 BENJAMINO
1428 3522 1753 3580 ΗΕΒΒᾹΞΟ.

455 3619 552 3675 Ais
605 3627 659 3674 te
711 3618 767 3672 in
825 3616 1016 3671 multis
1063 3614 1253 3671 Jcsum
1308 3617 1620 3682 celebrare,
1669 3617 1765 3673 sed
1822 3619 1968 3686 quod

389 3711 696 3765 Sabhatum
727 3709 822 3762 ille
854 3707 1166 3778 neglexerit
1191 3747 1206 3772 ,
1240 3707 1699 3777 dissolveritque,
1732 3708 1966 3777 iniquis-

387 3802 529 3856 simo
555 3801 742 3854 animo
772 3799 940 3854 ferre.
981 3795 1372 3852 Verumtamen
1407 3797 1684 3852 hominem
1713 3798 1766 3852 in
1806 3813 1968 3854 omne

384 3903 606 3964 tempus
635 3893 925 3962 parvulum
984 3905 1109 3945 esse
1163 3905 1274 3943 non
1316 3889 1494 3944 decet.
1547 3888 1794 3960 Namque
1840 3905 1966 3946 cum

386 3984 514 4054 quis
567 3984 633 4038 ad
687 3983 901 4037 virilem
963 3989 1180 4036 aetatem
1223 3981 1593 4050 perveniens,
1651 3996 1760 4035 non
1808 3996 1966 4052 aequo

386 4075 574 4130 animo
607 4074 806 4141 ferret,
842 4073 889 4130 si
931 4073 1074 4129 lacte
1106 4081 1364 4143 potatur;
1396 4081 1450 4127 et
1485 4071 1588 4146 qui.
1620 4071 1686 4126 ad
1720 4071 1964 4141 philoso-

385 4168 577 4239 phicas
603 4166 929 4237 disciplinas
958 4167 1187 4238 gradum
1228 4164 1396 4232 fecit,
1444 4181 1554 4221 non
1609 4166 1767 4221 facile
1797 4165 1966 4221 susti-

385 4258 535 4312 nebit
577 4257 756 4311 adhuc
791 4257 844 4311 in
885 4256 1161 4325 alphabeti
1207 4257 1400 4312 ordine
1437 4256 1762 4327 perdurare.
1795 4256 1964 4327 Igitur

383 4359 510 4405 ante
564 4348 812 4402 caelestis
870 4348 1160 4416 sapientiae
1210 4348 1266 4400 in
1329 4350 1579 4403 homines
1627 4347 1958 4411 adventum,

2072 3177 2229 3232 λῦσαι
2253 3179 2312 3232 τὸ
2337 3178 2547 3244 εὔελπι,
2600 3183 2735 3254 μηδὲ
2774 3185 3018 3258 χαλάσῃς
3049 3189 3108 3241 τὸ
3135 3191 3303 3260 κέρας
3348 3195 3446 3264 τῆς
3495 3193 3647 3258 θείας

2072 3269 2415 3337 προσδοκίας.
2459 3271 2616 3342 Ῥᾷον
2666 3274 2774 3344 γὰρ
2822 3276 2900 3348 τῷ
2928 3278 3046 3348 Θεῷ
3069 3281 3380 3353 βουληθέντι
3414 3285 3482 3338 τὰ
3514 3303 3646 3339 σκυ-

2073 3360 2394 3434 θρωπότερα
2454 3365 2547 3417 ἐπὶ
2617 3366 2678 3418 τὸ
2737 3368 2920 3440 ἱλαρόν
2975 3389 3035 3424 τε
3087 3375 3180 3427 καὶ
3234 3375 3460 3448 φαιδρὸν
3514 3396 3642 3448 μετ-

2072 3453 2311 3521 ενέγκαι.

2409 3543 2578 3599 ΡΚΔ’.
2604 3547 3030 3604 -ΒΕΝΙΑΜΙΝ
3054 3555 3320 3628 ΕΒΡΑΙῼ.

2138 3632 2372 3694 Φάσκεις
2411 3635 2469 3686 ὲν
2491 3634 2704 3700 πολλοῖς
2733 3638 2826 3691 τὸν
2869 3639 3074 3709 Ἰησοῦν
3104 3645 3367 3711 ἐπαινεῖν,
3394 3648 3453 3703 ὲν
3485 3648 3541 3702 δὲ
3569 3650 3645 3718 τῷ

2072 3724 2314 3794 παριδεῖν
2361 3724 2522 3778 αὐτὸν
2559 3728 2652 3781 καὶ
2679 3727 2838 3784 λῦσαι
2864 3731 2925 3784 τὸ
2959 3733 3260 3803 Σάϐὄατον,
3291 3738 3388 3791 καὶ
3429 3742 3642 3814 σφόδρα

2071 3815 2421 3882 ἀγανακτεῖν.
2445 3817 2589 3871 Ἀλλ’
2611 3821 2671 3874 οὐ
2695 3822 2924 3876 πάντοτε
2942 3826 3132 3895 νήπιον
3153 3827 3257 3899 χρὴ
3274 3830 3537 3901 ὑπάρχειν
3553 3835 3645 3886 τὸν

2071 3903 2377 3975 ἄνθρωπον·
2415 3908 2492 3971 είς
2510 3907 2680 3980 ἄνδρα
2713 3913 2821 3984 γάρ
2843 3930 2926 3976 τις
2958 3915 3202 3982 τελέσας,
3229 3920 3328 3973 οὐκ
3359 3920 3642 3988 ἔτιάνέξε-

2067 4011 2156 4048 ται
2174 3997 2486 4062 ποτίζεσθαι
2512 4001 2766 4069 γάλακτι,
2805 4005 2900 4058 καὶ
2918 4007 2945 4060 6
2969 4007 3102 4079 πρὸς
3131 4009 3200 4064 τὰ
3215 4010 3322 4065 τῶν
3341 4014 3642 4084 φιλοσόφων

2067 4087 2314 4158 ὁρμήσας
2351 4089 2666 4161 μαθήματα,
2710 4094 2808 4146 οὑκ
2845 4094 2912 4148 ἂν
2942 4099 3296 4164 καταδέξαιτο
3340 4103 3639 4175 ἀλφαόήτῳ

2069 4184 2518 4249 προσκαρτερεῖν.
2551 4181 2664 4252 Πρὸ
2692 4185 2870 4237 τοίνυν
2899 4187 2996 4240 τοῦ
3025 4189 3122 4258 τὴν
3163 4191 3413 4262 οὐράνιον
3455 4195 3639 4264 ἐπιδη-

2070 4270 2237 4356 μῆσαι
2261 4271 2451 4338 σοφίαν
2476 4275 2587 4334 τοῖς
2617 4273 2944 4343 ἀνθρώποις,
2980 4279 3122 4348 καλὴ
3157 4281 3506 4356 ὲτύγχανενή
3548 4287 3640 4340 τοῦ

2068 4355 2345 4411 Σαϐὁὰτου
2371 4360 2772 4430 παρατήρησις,
2811 4363 2906 4415 καὶ
2935 4363 3232 4435 ὠφέλιμος,
3268 4371 3363 4424 νῦν
3391 4372 3467 4437 δὲ,
3503 4376 3640 4428 κατὰ

381 4440 592 4511 optima
655 4445 776 4492 erat
831 4435 1059 4491 Sabbati
1125 4435 1479 4501 observatio,
1537 4446 1592 4491 et
1656 4439 1848 4504 utilis;
1909 4445 1963 4490 at

2081 4447 2164 4517 τὴν
2198 4447 2439 4517 Χριστοῦ
2467 4449 3048 4519 ἐπιδημίαν,οὺκέστιι
3091 4455 3393 4527 ἐπιτήδειος
3414 4479 3427 4492 ο
3455 4435 3640 4519 indum

384 4544 529 4585 nunc
553 4537 676 4599 post
710 4528 916 4582 Christi
963 4526 1260 4581 adventum
1308 4528 1662 4582 accommoda
1699 4544 1808 4583 non
1857 4537 1962 4584 est.

385 4620 564 4690 Supra
595 4620 738 4672 enim
776 4625 831 4672 ct
860 4617 979 4671 dics
1008 4625 1060 4670 et
1108 4625 1357 4686 tempora
1380 4657 1396 4683 ,
1459 4627 1510 4670 et
1542 4617 1817 4674 mundum
1843 4620 1964 4674 uni-

381 4725 598 4766 \ersum
627 4707 980 4764 Christianus
1010 4707 1204 4775 sapiet.

823 4798 930 4870 54.
968 4792 1180 4853 CXXV.
1208 4828 1277 4838 —
1309 4797 1517 4853 Eidem.

454 4889 530 4943 Ne
607 4890 904 4958 permirum
962 4889 1062 4942 tibi
1116 4888 1368 4953 accidat,
1431 4890 1598 4944 Deum
1653 4892 1962 4962 antiquitus

383 4979 609 5032 Sahbati
666 4978 1113 5032 observationem
1185 4979 1522 5047 praecepisse
1578 4979 1642 5039 ³⁸.
1705 4988 1756 5034 et
1820 4995 1968 5034 nunc

383 5071 617 5124 similem
665 5069 1109 5124 observationem
1157 5070 1412 5137 rcjiccrc.
1447 5068 1615 5125 Vides
1643 5071 1788 5124 enim
1823 5081 1968 5125 vete-

381 5175 471 5215 res
520 5169 880 5230 recentesque
945 5161 1347 5230 imperatorum
1379 5171 1726 5216 terrenorunt
1755 5161 1963 5216 consti-

383 5250 627 5304 tutiones
677 5262 832 5306 antea
864 5267 980 5308 rem
1032 5252 1174 5306 hanc
1210 5253 1528 5308 decrevisse
1551 5293 1565 5316 ,
1601 5253 1954 5322 postmodum

382 5343 490 5395 alio
520 5348 687 5410 atque
719 5342 826 5398 alio
855 5352 1099 5414 tempore
1129 5343 1306 5414 legem
1345 5353 1502 5398 antea
1556 5343 1718 5396 latam
1753 5343 1954 5398 dissol-

379 5445 528 5484 vere.

452 5631 696 5707 ”__Exod.
741 5652 768 5688 x
781 5653 925 5707 xxiv,
958 5638 1148 5695 52-55.

385 5696 433 5733 ³³
489 5701 641 5756 Exod
709 5721 801 5778 xx,
850 5709 900 5762 8.

1253 5639 1296 5673 “
1325 5638 1481 5695 Num.
1527 5657 1638 5706 xxi,
1677 5642 1759 5697 18.
1837 5642 1884 5678 ³⁸
1912 5639 2042 5696 ibid.
2071 5641 2160 5695 27.
2193 5642 2235 5672 ³⁸
2259 5640 2392 5700 Gen.
2425 5661 2536 5712 xv:,
2581 5647 2605 5701 1
2680 5664 2832 5721 seqq.

2067 4537 2177 4606 γὰρ
2200 4537 2287 4588 καὶ
2326 4536 2544 4605 ἡμερῶν
2562 4538 2655 4589 καὶ
2677 4538 2902 4610 χρόνων,
2944 4541 3040 4594 καὶ
3075 4545 3273 4609 παντὸς
3295 4549 3389 4601 τοῦ
3433 4551 3639 4621 κόσμου

2069 4631 2324 4699 φρονήσει
2351 4629 2693 4698 Χριστιανός.

2552 4810 2725 4864 PKE'.
2756 4842 2818 4851 —
2859 4812 2944 4884 Τῷ
2975 4815 3156 4879 αὐτῷ.

2140 4901 2231 4971 Μὴ
2263 4900 2528 4970 ξενισθῇς,
2577 4903 2693 4966 πῶς
2729 4903 2898 4957 πάλαι
2931 4906 3029 4975 μὲν
3057 4909 3084 4960 6
3107 4906 3237 4970 Θεὸς
3277 4909 3336 4962 τὸ
3363 4911 3635 4966 Σάϐϐατόν

2065 4993 2250 5061 τηρεῖν
2282 4991 2581 5057 διετάξατο,
2617 4992 2712 5047 νῦν
2737 4995 2792 5046 δὲ
2817 4995 2917 5063 τὴν
2961 4997 3217 5068 τοιαύτην
3245 4999 3427 5054 ἀθετεῖ
3457 5019 3637 5073 παρα-

2066 5085 2315 5154 τήρησιν.
2355 5083 2514 5155 Ὁρᾷς
2536 5085 2645 5155 γὰρ
2679 5086 2912 5147 παλαιάς
2933 5104 2993 5140 τε
3033 5091 3125 5143 κα)⁸
3149 5093 3344 5162 νεαρὰς
3373 5093 3637 5161 διατάξεις

2069 5176 2332 5244 βασιλέων
2371 5180 2596 5248 γηΐνων,
2631 5176 2822 5246 πρώην
2856 5179 2954 5247 μὲν
2991 5181 3108 5234 τόδε
3175 5183 3234 5237 τὸ
3276 5189 3508 5257 πρᾶγμα
3549 5188 3635 5240 οε-

2068 5267 2395 5332 σπισάντων,
2438 5267 2532 5321 νῦν
2559 5268 2613 5320 δὲ
2641 5266 3014 5325 καταλυόντων
3041 5271 3099 5324 τὸ
3123 5275 3388 5344 προλαδδν
3417 5277 3635 5348 νομοθέ-

2061 5374 2230 5426 τημα.

2939 5652 2987 5682 ³⁷
3030 5654 3162 5709 ibid.
3277 5657 3322 5689 ³⁸
3348 5657 3479 5713 ibid.
3546 5661 3631 5716 Η.
