  <div class='ocr_page' id='page_1' title='image "/cluster/home/n/w/nwhite01/storage/ocr_20150623/79/mdp.39015051890492/079.png"; bbox 0 0 3984 6150; ppageno 0'>
   <div class='ocr_carea' id='block_1_1' title="bbox 274 333 373 398">
    <p class='ocr_par' dir='ltr' id='par_1_1' title="bbox 274 333 373 398">
     <span class='ocr_line' id='line_1_1' title="bbox 274 333 373 398; baseline 0 -1"><span class='ocrx_word' id='word_1_1' title='bbox 274 333 373 398; x_wconf 67' lang='grc'><strong>143</strong></span> 
     </span>
    </p>
   </div>
   <div class='ocr_carea' id='block_1_2' title="bbox 1737 326 2003 388">
    <p class='ocr_par' dir='ltr' id='par_1_2' title="bbox 1737 326 2003 388">
     <span class='ocr_line' id='line_1_2' title="bbox 1737 326 2003 388; baseline -0.008 -1"><span class='ocrx_word' id='word_1_2' title='bbox 1737 328 1798 387; x_wconf 91' lang='lat' dir='ltr'><strong>S.</strong></span> <span class='ocrx_word' id='word_1_3' title='bbox 1839 326 1922 388; x_wconf 88' lang='grc' dir='ltr'>ΝΙ</span> <span class='ocrx_word' id='word_1_4' title='bbox 1929 326 2003 387; x_wconf 84' lang='lat' dir='ltr'><strong>LI</strong></span> 
     </span>
    </p>
   </div>
   <div class='ocr_carea' id='block_1_3' title="bbox 3403 329 3530 401">
    <p class='ocr_par' dir='ltr' id='par_1_3' title="bbox 3403 329 3530 401">
     <span class='ocr_line' id='line_1_3' title="bbox 3403 329 3530 401; baseline -0.016 0"><span class='ocrx_word' id='word_1_5' title='bbox 3403 329 3530 401; x_wconf 72' lang='grc'>,144</span> 
     </span>
    </p>
   </div>
   <div class='ocr_carea' id='block_1_4' title="bbox 270 437 1848 516">
    <p class='ocr_par' dir='ltr' id='par_1_4' title="bbox 270 439 1844 516">
     <span class='ocr_line' id='line_1_4' title="bbox 270 439 1844 516; baseline -0.008 -10"><span class='ocrx_word' id='word_1_6' title='bbox 270 466 381 506; x_wconf 91' lang='lat' dir='ltr'><strong>non</strong></span> <span class='ocrx_word' id='word_1_7' title='bbox 413 444 814 516; x_wconf 71' lang='lat' dir='ltr'><strong>intempestive,</strong></span> <span class='ocrx_word' id='word_1_8' title='bbox 845 441 937 498; x_wconf 89' lang='lat' dir='ltr'><strong>sed</strong></span> <span class='ocrx_word' id='word_1_9' title='bbox 975 439 1211 496; x_wconf 74' lang='lat' dir='ltr'><strong>maxime</strong></span> <span class='ocrx_word' id='word_1_10' title='bbox 1241 448 1574 512; x_wconf 78' lang='lat' dir='ltr'><strong>opportune,</strong></span> <span class='ocrx_word' id='word_1_11' title='bbox 1609 447 1665 494; x_wconf 89' lang='lat' dir='ltr'><strong>et</strong></span> <span class='ocrx_word' id='word_1_12' title='bbox 1716 453 1844 510; x_wconf 89' lang='lat' dir='ltr'><strong>pro-</strong></span> 
     </span>
    </p>
   </div>
   <div class='ocr_carea' id='block_1_5' title="bbox 1955 437 3529 516">
    <p class='ocr_par' dir='ltr' id='par_1_5' title="bbox 1955 437 3529 516">
     <span class='ocr_line' id='line_1_5' title="bbox 1955 437 3529 516; baseline 0.001 -26"><span class='ocrx_word' id='word_1_13' title='bbox 1955 455 2094 509; x_wconf 88' lang='grc' dir='ltr'>ρως,</span> <span class='ocrx_word' id='word_1_14' title='bbox 2137 437 2275 491; x_wconf 83' lang='grc' dir='ltr'><strong>ἀλλά</strong></span> <span class='ocrx_word' id='word_1_15' title='bbox 2319 438 2412 492; x_wconf 79' lang='grc' dir='ltr'><strong>καὶ</strong></span> <span class='ocrx_word' id='word_1_16' title='bbox 2455 437 2575 492; x_wconf 86' lang='grc' dir='ltr'>λίαν</span> <span class='ocrx_word' id='word_1_17' title='bbox 2622 437 2891 510; x_wconf 79' lang='grc' dir='ltr'><strong>εὐκαίρως</strong></span> <span class='ocrx_word' id='word_1_18' title='bbox 2949 456 3008 492; x_wconf 88' lang='grc' dir='ltr'><strong>τε</strong></span> <span class='ocrx_word' id='word_1_19' title='bbox 3058 440 3150 494; x_wconf 75' lang='grc' dir='ltr'><strong>καὶ</strong></span> <span class='ocrx_word' id='word_1_20' title='bbox 3188 440 3460 515; x_wconf 75' lang='grc' dir='ltr'><strong>εὐστόχως</strong></span> <span class='ocrx_word' id='word_1_21' title='bbox 3494 449 3529 516; x_wconf 73' lang='grc' dir='ltr'><strong>ἠ</strong></span> 
     </span>
    </p>
   </div>
   <div class='ocr_carea' id='block_1_6' title="bbox 269 532 1840 614">
    <p class='ocr_par' dir='ltr' id='par_1_6' title="bbox 269 532 1840 614">
     <span class='ocr_line' id='line_1_6' title="bbox 269 532 1840 614; baseline -0.008 -16"><span class='ocrx_word' id='word_1_22' title='bbox 269 543 564 614; x_wconf 85' lang='lat' dir='ltr'><strong>spicienter</strong></span> <span class='ocrx_word' id='word_1_23' title='bbox 576 539 758 594; x_wconf 86' lang='lat' dir='ltr'><strong>divina</strong></span> <span class='ocrx_word' id='word_1_24' title='bbox 775 534 1056 604; x_wconf 72' lang='lat' dir='ltr'><strong>Scriptura</strong></span> <span class='ocrx_word' id='word_1_25' title='bbox 1075 541 1267 588; x_wconf 88' lang='lat' dir='ltr'><strong>contra</strong></span> <span class='ocrx_word' id='word_1_26' title='bbox 1288 534 1546 588; x_wconf 86' lang='lat' dir='ltr'><strong>invidiam</strong></span> <span class='ocrx_word' id='word_1_27' title='bbox 1565 532 1840 603; x_wconf 90' lang='lat' dir='ltr'><strong>loquitur:</strong></span> 
     </span>
    </p>
   </div>
   <div class='ocr_carea' id='block_1_7' title="bbox 266 627 1844 704">
    <p class='ocr_par' dir='ltr' id='par_1_7' title="bbox 266 627 1844 704">
     <span class='ocr_line' id='line_1_7' title="bbox 266 627 1844 704; baseline -0.009 -13"><span class='ocrx_word' id='word_1_28' title='bbox 266 636 467 691; x_wconf 90' lang='lat' dir='ltr'><strong>etenim</strong></span> <span class='ocrx_word' id='word_1_29' title='bbox 513 642 840 704; x_wconf 86' lang='lat' dir='ltr'><strong>quocunque</strong></span> <span class='ocrx_word' id='word_1_30' title='bbox 888 634 1079 681; x_wconf 88' lang='lat' dir='ltr'><strong>sancto</strong></span> <span class='ocrx_word' id='word_1_31' title='bbox 1121 627 1411 681; x_wconf 87' lang='lat' dir='ltr'><strong>enuntiato</strong></span> <span class='ocrx_word' id='word_1_32' title='bbox 1434 633 1628 681; x_wconf 92' lang='lat' dir='ltr'><strong>contra</strong></span> <span class='ocrx_word' id='word_1_33' title='bbox 1653 637 1844 678; x_wconf 85' lang='lat' dir='ltr'><strong>omnes</strong></span> 
     </span>
    </p>
   </div>
   <div class='ocr_carea' id='block_1_8' title="bbox 270 717 1842 790">
    <p class='ocr_par' dir='ltr' id='par_1_8' title="bbox 270 717 1842 790">
     <span class='ocr_line' id='line_1_8' title="bbox 270 717 1842 790; baseline -0.009 -9"><span class='ocrx_word' id='word_1_34' title='bbox 270 727 523 790; x_wconf 75' lang='lat' dir='ltr'><strong>allectus,</strong></span> <span class='ocrx_word' id='word_1_35' title='bbox 559 719 654 778; x_wconf 91' lang='lat' dir='ltr'><strong>sed</strong></span> <span class='ocrx_word' id='word_1_36' title='bbox 682 717 971 773; x_wconf 85' lang='lat' dir='ltr'><strong>exitiosam</strong></span> <span class='ocrx_word' id='word_1_37' title='bbox 1005 717 1265 772; x_wconf 88' lang='lat' dir='ltr'><strong>invidiam</strong></span> <span class='ocrx_word' id='word_1_38' title='bbox 1301 717 1645 786; x_wconf 87' lang='lat' dir='ltr'><strong>potissimum</strong></span> <span class='ocrx_word' id='word_1_39' title='bbox 1667 755 1681 781; x_wconf 93' lang='lat'><strong>,</strong></span> <span class='ocrx_word' id='word_1_40' title='bbox 1717 723 1842 770; x_wconf 90' lang='lat' dir='ltr'><strong>tan-</strong></span> 
     </span>
    </p>
   </div>
   <div class='ocr_carea' id='block_1_9' title="bbox 273 809 1545 886">
    <p class='ocr_par' dir='ltr' id='par_1_9' title="bbox 273 809 1545 886">
     <span class='ocr_line' id='line_1_9' title="bbox 273 809 1545 886; baseline -0.006 -15"><span class='ocrx_word' id='word_1_41' title='bbox 273 831 435 886; x_wconf 86' lang='lat' dir='ltr'><strong>quam</strong></span> <span class='ocrx_word' id='word_1_42' title='bbox 475 809 809 868; x_wconf 85' lang='lat' dir='ltr'><strong>validissima</strong></span> <span class='ocrx_word' id='word_1_43' title='bbox 838 815 1118 862; x_wconf 87' lang='lat' dir='ltr'><strong>armatura</strong></span> <span class='ocrx_word' id='word_1_44' title='bbox 1143 809 1545 878; x_wconf 84' lang='lat' dir='ltr'><strong>constipamur.</strong></span> 
     </span>
    </p>
   </div>
   <div class='ocr_carea' id='block_1_10' title="bbox 760 897 1344 956">
    <p class='ocr_par' dir='ltr' id='par_1_10' title="bbox 760 897 1344 956">
     <span class='ocr_line' id='line_1_10' title="bbox 760 897 1344 956; baseline 0.002 -2"><span class='ocrx_word' id='word_1_45' title='bbox 760 897 992 954; x_wconf 80' lang='lat' dir='ltr'><strong>CXLVI.</strong></span> <span class='ocrx_word' id='word_1_46' title='bbox 1033 929 1102 938; x_wconf 95' lang='lat'><strong>—</strong></span> <span class='ocrx_word' id='word_1_47' title='bbox 1137 897 1344 956; x_wconf 83' lang='lat' dir='ltr'><strong>Eidem.</strong></span> 
     </span>
    </p>
   </div>
   <div class='ocr_carea' id='block_1_11' title="bbox 345 988 1844 1062">
    <p class='ocr_par' dir='ltr' id='par_1_11' title="bbox 345 988 1844 1062">
     <span class='ocr_line' id='line_1_11' title="bbox 345 988 1844 1062; baseline -0.004 -13"><span class='ocrx_word' id='word_1_48' title='bbox 345 1016 364 1049; x_wconf 79' lang='grc' dir='ltr'><strong>ι</strong></span> <span class='ocrx_word' id='word_1_49' title='bbox 386 990 763 1062; x_wconf 87' lang='lat' dir='ltr'><strong>Coucupiscit,</strong></span> <span class='ocrx_word' id='word_1_50' title='bbox 795 989 994 1061; x_wconf 91' lang='lat' dir='ltr'><strong>inquit,</strong></span> <span class='ocrx_word' id='word_1_51' title='bbox 1028 990 1278 1059; x_wconf 88' lang='lat' dir='ltr'><strong>spiritus,</strong></span> <span class='ocrx_word' id='word_1_52' title='bbox 1297 1005 1462 1060; x_wconf 87' lang='lat' dir='ltr'><strong>quem</strong></span> <span class='ocrx_word' id='word_1_53' title='bbox 1483 989 1734 1044; x_wconf 76' lang='lat' dir='ltr'><strong>habitare</strong></span> <span class='ocrx_word' id='word_1_54' title='bbox 1765 988 1844 1044; x_wconf 82' lang='lat' dir='ltr'><strong>fe-</strong></span> 
     </span>
    </p>
   </div>
   <div class='ocr_carea' id='block_1_12' title="bbox 269 1080 1843 1152">
    <p class='ocr_par' dir='ltr' id='par_1_12' title="bbox 269 1080 1843 1152">
     <span class='ocr_line' id='line_1_12' title="bbox 269 1080 1843 1152; baseline -0.006 -8"><span class='ocrx_word' id='word_1_55' title='bbox 269 1091 344 1144; x_wconf 90' lang='lat' dir='ltr'><strong>cit</strong></span> <span class='ocrx_word' id='word_1_56' title='bbox 375 1089 514 1142; x_wconf 86' lang='lat' dir='ltr'><strong>Deus</strong></span> <span class='ocrx_word' id='word_1_57' title='bbox 542 1086 599 1139; x_wconf 91' lang='lat' dir='ltr'><strong>in</strong></span> <span class='ocrx_word' id='word_1_58' title='bbox 641 1081 802 1138; x_wconf 88' lang='lat' dir='ltr'><strong>nobis</strong></span> <span class='ocrx_word' id='word_1_59' title='bbox 828 1082 895 1138; x_wconf 77' lang='lat'><strong>&quot;.</strong></span> <span class='ocrx_word' id='word_1_60' title='bbox 935 1100 965 1146; x_wconf 70' lang='grc' dir='ltr'><strong>ι</strong></span> <span class='ocrx_word' id='word_1_61' title='bbox 990 1081 1131 1148; x_wconf 82' lang='lat' dir='ltr'><strong>Quid</strong></span> <span class='ocrx_word' id='word_1_62' title='bbox 1156 1097 1320 1152; x_wconf 89' lang='lat' dir='ltr'><strong>porro</strong></span> <span class='ocrx_word' id='word_1_63' title='bbox 1343 1080 1642 1148; x_wconf 85' lang='lat' dir='ltr'><strong>desiderat,</strong></span> <span class='ocrx_word' id='word_1_64' title='bbox 1673 1095 1843 1152; x_wconf 86' lang='lat' dir='ltr'><strong>appe-</strong></span> 
     </span>
    </p>
   </div>
   <div class='ocr_carea' id='block_1_13' title="bbox 270 1170 1844 1245">
    <p class='ocr_par' dir='ltr' id='par_1_13' title="bbox 270 1170 1844 1245">
     <span class='ocr_line' id='line_1_13' title="bbox 270 1170 1844 1245; baseline -0.005 -13"><span class='ocrx_word' id='word_1_65' title='bbox 270 1181 334 1232; x_wconf 85' lang='lat' dir='ltr'><strong>tit</strong></span> <span class='ocrx_word' id='word_1_66' title='bbox 381 1185 434 1232; x_wconf 91' lang='lat' dir='ltr'><strong>et</strong></span> <span class='ocrx_word' id='word_1_67' title='bbox 464 1175 642 1245; x_wconf 75' lang='lat' dir='ltr'><strong>diligit</strong></span> <span class='ocrx_word' id='word_1_68' title='bbox 673 1173 900 1228; x_wconf 86' lang='lat' dir='ltr'><strong>divinus</strong></span> <span class='ocrx_word' id='word_1_69' title='bbox 936 1170 1203 1243; x_wconf 84' lang='lat' dir='ltr'><strong>Spiritus?</strong></span> <span class='ocrx_word' id='word_1_70' title='bbox 1257 1173 1514 1228; x_wconf 85' lang='lat' dir='ltr'><strong>unionem</strong></span> <span class='ocrx_word' id='word_1_71' title='bbox 1537 1211 1554 1238; x_wconf 93' lang='lat'><strong>,</strong></span> <span class='ocrx_word' id='word_1_72' title='bbox 1609 1185 1844 1228; x_wconf 84' lang='lat' dir='ltr'><strong>concor-</strong></span> 
     </span>
    </p>
   </div>
   <div class='ocr_carea' id='block_1_14' title="bbox 265 1260 1842 1333">
    <p class='ocr_par' dir='ltr' id='par_1_14' title="bbox 265 1260 1842 1333">
     <span class='ocr_line' id='line_1_14' title="bbox 265 1260 1842 1333; baseline -0.006 -10"><span class='ocrx_word' id='word_1_73' title='bbox 265 1269 446 1333; x_wconf 90' lang='lat' dir='ltr'><strong>diam,</strong></span> <span class='ocrx_word' id='word_1_74' title='bbox 479 1273 737 1320; x_wconf 88' lang='lat' dir='ltr'><strong>mutuum</strong></span> <span class='ocrx_word' id='word_1_75' title='bbox 770 1260 1002 1318; x_wconf 79' lang='lat' dir='ltr'><strong>fratrum</strong></span> <span class='ocrx_word' id='word_1_76' title='bbox 1040 1272 1319 1318; x_wconf 68' lang='lat' dir='ltr'><strong>amorem.</strong></span> <span class='ocrx_word' id='word_1_77' title='bbox 1349 1260 1604 1316; x_wconf 85' lang='lat' dir='ltr'><strong>Charitas</strong></span> <span class='ocrx_word' id='word_1_78' title='bbox 1660 1268 1842 1314; x_wconf 90' lang='lat' dir='ltr'><strong>autem</strong></span> 
     </span>
    </p>
   </div>
   <div class='ocr_carea' id='block_1_15' title="bbox 265 1353 1846 1427">
    <p class='ocr_par' dir='ltr' id='par_1_15' title="bbox 265 1353 1846 1427">
     <span class='ocr_line' id='line_1_15' title="bbox 265 1353 1846 1427; baseline -0.007 -11"><span class='ocrx_word' id='word_1_79' title='bbox 265 1377 328 1416; x_wconf 77' lang='lat' dir='ltr'><strong>ex</strong></span> <span class='ocrx_word' id='word_1_80' title='bbox 363 1359 668 1414; x_wconf 85' lang='lat' dir='ltr'><strong>humilitate</strong></span> <span class='ocrx_word' id='word_1_81' title='bbox 705 1368 758 1411; x_wconf 90' lang='lat' dir='ltr'><strong>et</strong></span> <span class='ocrx_word' id='word_1_82' title='bbox 797 1356 1000 1427; x_wconf 83' lang='lat' dir='ltr'><strong>pietate</strong></span> <span class='ocrx_word' id='word_1_83' title='bbox 1047 1354 1324 1422; x_wconf 85' lang='lat' dir='ltr'><strong>nascitur;</strong></span> <span class='ocrx_word' id='word_1_84' title='bbox 1353 1353 1582 1418; x_wconf 82' lang='lat' dir='ltr'><strong>odium,</strong></span> <span class='ocrx_word' id='word_1_85' title='bbox 1610 1354 1662 1408; x_wconf 87' lang='lat' dir='ltr'><strong>et</strong></span> <span class='ocrx_word' id='word_1_86' title='bbox 1695 1365 1846 1406; x_wconf 86' lang='lat' dir='ltr'><strong>ama-</strong></span> 
     </span>
    </p>
   </div>
   <div class='ocr_carea' id='block_1_16' title="bbox 269 1445 1840 1518">
    <p class='ocr_par' dir='ltr' id='par_1_16' title="bbox 269 1445 1840 1518">
     <span class='ocr_line' id='line_1_16' title="bbox 269 1445 1840 1518; baseline -0.006 -11"><span class='ocrx_word' id='word_1_87' title='bbox 269 1454 520 1508; x_wconf 88' lang='lat' dir='ltr'><strong>rulentus</strong></span> <span class='ocrx_word' id='word_1_88' title='bbox 579 1451 718 1506; x_wconf 85' lang='lat' dir='ltr'><strong>livor</strong></span> <span class='ocrx_word' id='word_1_89' title='bbox 770 1464 838 1505; x_wconf 81' lang='lat' dir='ltr'><strong>ex</strong></span> <span class='ocrx_word' id='word_1_90' title='bbox 901 1448 1156 1518; x_wconf 84' lang='lat' dir='ltr'><strong>superbia</strong></span> <span class='ocrx_word' id='word_1_91' title='bbox 1205 1455 1261 1502; x_wconf 90' lang='lat' dir='ltr'><strong>ct</strong></span> <span class='ocrx_word' id='word_1_92' title='bbox 1308 1445 1588 1516; x_wconf 72' lang='lat' dir='ltr'><strong>iactantia.</strong></span> <span class='ocrx_word' id='word_1_93' title='bbox 1619 1445 1840 1500; x_wconf 89' lang='lat' dir='ltr'><strong>oritur:</strong></span> 
     </span>
    </p>
   </div>
   <div class='ocr_carea' id='block_1_17' title="bbox 267 1533 1845 1614">
    <p class='ocr_par' dir='ltr' id='par_1_17' title="bbox 267 1533 1845 1614">
     <span class='ocr_line' id='line_1_17' title="bbox 267 1533 1845 1614; baseline -0.004 -19"><span class='ocrx_word' id='word_1_94' title='bbox 267 1548 602 1614; x_wconf 85' lang='lat' dir='ltr'><strong>quapropter</strong></span> <span class='ocrx_word' id='word_1_95' title='bbox 633 1541 838 1595; x_wconf 88' lang='lat' dir='ltr'><strong>dictum</strong></span> <span class='ocrx_word' id='word_1_96' title='bbox 864 1545 949 1594; x_wconf 90' lang='lat' dir='ltr'><strong>est</strong></span> <span class='ocrx_word' id='word_1_97' title='bbox 981 1553 994 1588; x_wconf 89' lang='lat'><strong>:</strong></span> <span class='ocrx_word' id='word_1_98' title='bbox 1025 1537 1130 1608; x_wconf 79' lang='lat'><strong>61</strong></span> <span class='ocrx_word' id='word_1_99' title='bbox 1188 1555 1206 1588; x_wconf 77' lang='grc' dir='ltr'><strong>ι</strong></span> <span class='ocrx_word' id='word_1_100' title='bbox 1240 1533 1382 1592; x_wconf 88' lang='lat' dir='ltr'><strong>Deus</strong></span> <span class='ocrx_word' id='word_1_101' title='bbox 1421 1535 1676 1606; x_wconf 78' lang='lat' dir='ltr'><strong>superbis</strong></span> <span class='ocrx_word' id='word_1_102' title='bbox 1707 1535 1845 1590; x_wconf 89' lang='lat' dir='ltr'><strong>resi-</strong></span> 
     </span>
    </p>
   </div>
   <div class='ocr_carea' id='block_1_18' title="bbox 266 1627 1845 1701">
    <p class='ocr_par' dir='ltr' id='par_1_18' title="bbox 266 1627 1845 1701">
     <span class='ocr_line' id='line_1_18' title="bbox 266 1627 1845 1701; baseline -0.006 -12"><span class='ocrx_word' id='word_1_103' title='bbox 266 1636 357 1690; x_wconf 90' lang='lat' dir='ltr'><strong>stit</strong></span> <span class='ocrx_word' id='word_1_104' title='bbox 397 1634 463 1699; x_wconf 83' lang='grc'>⁸²,</span> <span class='ocrx_word' id='word_1_105' title='bbox 499 1651 516 1683; x_wconf 78' lang='grc' dir='ltr'><strong>ι</strong></span> <span class='ocrx_word' id='word_1_106' title='bbox 562 1639 785 1701; x_wconf 81' lang='lat' dir='ltr'><strong>prepter</strong></span> <span class='ocrx_word' id='word_1_107' title='bbox 816 1643 1008 1686; x_wconf 89' lang='lat' dir='ltr'><strong>corum</strong></span> <span class='ocrx_word' id='word_1_108' title='bbox 1040 1628 1329 1686; x_wconf 90' lang='lat' dir='ltr'><strong>stultitiam</strong></span> <span class='ocrx_word' id='word_1_109' title='bbox 1392 1627 1446 1682; x_wconf 93' lang='lat' dir='ltr'><strong>in</strong></span> <span class='ocrx_word' id='word_1_110' title='bbox 1508 1641 1604 1682; x_wconf 85' lang='lat' dir='ltr'><strong>eos</strong></span> <span class='ocrx_word' id='word_1_111' title='bbox 1662 1633 1845 1681; x_wconf 85' lang='lat' dir='ltr'><strong>castra</strong></span> 
     </span>
    </p>
   </div>
   <div class='ocr_carea' id='block_1_19' title="bbox 268 1715 1844 1792">
    <p class='ocr_par' dir='ltr' id='par_1_19' title="bbox 268 1715 1844 1792">
     <span class='ocr_line' id='line_1_19' title="bbox 268 1715 1844 1792; baseline -0.006 -12"><span class='ocrx_word' id='word_1_112' title='bbox 268 1740 517 1787; x_wconf 85' lang='lat' dir='ltr'><strong>movens,</strong></span> <span class='ocrx_word' id='word_1_113' title='bbox 551 1726 628 1779; x_wconf 88' lang='lat' dir='ltr'><strong>uti</strong></span> <span class='ocrx_word' id='word_1_114' title='bbox 658 1721 790 1777; x_wconf 93' lang='lat' dir='ltr'><strong>olim</strong></span> <span class='ocrx_word' id='word_1_115' title='bbox 822 1721 877 1774; x_wconf 92' lang='lat' dir='ltr'><strong>in</strong></span> <span class='ocrx_word' id='word_1_116' title='bbox 911 1721 1147 1792; x_wconf 87' lang='lat' dir='ltr'><strong>primum</strong></span> <span class='ocrx_word' id='word_1_117' title='bbox 1178 1719 1425 1774; x_wconf 91' lang='lat' dir='ltr'><strong>omnium</strong></span> <span class='ocrx_word' id='word_1_118' title='bbox 1460 1717 1734 1788; x_wconf 71' lang='lat' dir='ltr'><strong>superbiae</strong></span> <span class='ocrx_word' id='word_1_119' title='bbox 1763 1715 1844 1770; x_wconf 84' lang='lat' dir='ltr'><strong>vi-</strong></span> 
     </span>
    </p>
   </div>
   <div class='ocr_carea' id='block_1_20' title="bbox 267 1784 1918 1878">
    <p class='ocr_par' dir='ltr' id='par_1_20' title="bbox 267 1784 1918 1878">
     <span class='ocr_line' id='line_1_20' title="bbox 267 1784 1918 1878; baseline -0.005 -8"><span class='ocrx_word' id='word_1_120' title='bbox 267 1817 342 1870; x_wconf 91' lang='lat' dir='ltr'><strong>tio</strong></span> <span class='ocrx_word' id='word_1_121' title='bbox 375 1784 637 1868; x_wconf 77' lang='lat' dir='ltr'><strong>infectum</strong></span> <span class='ocrx_word' id='word_1_122' title='bbox 671 1784 957 1865; x_wconf 75' lang='lat' dir='ltr'><strong>Satanam.</strong></span> <span class='ocrx_word' id='word_1_123' title='bbox 991 1827 1010 1862; x_wconf 77' lang='grc' dir='ltr'><strong>ι</strong></span> <span class='ocrx_word' id='word_1_124' title='bbox 1046 1808 1356 1864; x_wconf 84' lang='lat' dir='ltr'><strong>Humilibus</strong></span> <span class='ocrx_word' id='word_1_125' title='bbox 1381 1784 1563 1863; x_wconf 75' lang='lat' dir='ltr'><strong>autem</strong></span> <span class='ocrx_word' id='word_1_126' title='bbox 1599 1806 1691 1862; x_wconf 88' lang='lat' dir='ltr'><strong>dat</strong></span> <span class='ocrx_word' id='word_1_127' title='bbox 1719 1821 1844 1878; x_wconf 76' lang='lat' dir='ltr'><strong>gra-</strong></span> <span class='ocrx_word' id='word_1_128' title='bbox 1877 1784 1918 1839; x_wconf 72' lang='grc' dir='ltr'><strong>Β</strong></span> 
     </span>
    </p>
   </div>
   <div class='ocr_carea' id='block_1_21' title="bbox 267 1900 1847 1974">
    <p class='ocr_par' dir='ltr' id='par_1_21' title="bbox 267 1900 1847 1974">
     <span class='ocr_line' id='line_1_21' title="bbox 267 1900 1847 1974; baseline -0.004 -12"><span class='ocrx_word' id='word_1_129' title='bbox 267 1909 398 1962; x_wconf 87' lang='lat' dir='ltr'><strong>tiam</strong></span> <span class='ocrx_word' id='word_1_130' title='bbox 427 1906 496 1972; x_wconf 61' lang='lat'><strong>3’;</strong></span> <span class='ocrx_word' id='word_1_131' title='bbox 527 1925 542 1956; x_wconf 78' lang='grc' dir='ltr'><strong>ι</strong></span> <span class='ocrx_word' id='word_1_132' title='bbox 565 1904 671 1959; x_wconf 91' lang='lat' dir='ltr'><strong>hoc</strong></span> <span class='ocrx_word' id='word_1_133' title='bbox 690 1911 794 1968; x_wconf 89' lang='lat' dir='ltr'><strong>est,</strong></span> <span class='ocrx_word' id='word_1_134' title='bbox 817 1902 1086 1974; x_wconf 88' lang='lat' dir='ltr'><strong>spiritalia</strong></span> <span class='ocrx_word' id='word_1_135' title='bbox 1113 1901 1361 1972; x_wconf 69' lang='lat' dir='ltr'><strong>quaedam</strong></span> <span class='ocrx_word' id='word_1_136' title='bbox 1395 1915 1623 1956; x_wconf 88' lang='lat' dir='ltr'><strong>munera</strong></span> <span class='ocrx_word' id='word_1_137' title='bbox 1647 1900 1847 1971; x_wconf 78' lang='lat' dir='ltr'><strong>elargi-</strong></span> 
     </span>
    </p>
   </div>
   <div class='ocr_carea' id='block_1_22' title="bbox 267 1988 1840 2064">
    <p class='ocr_par' dir='ltr' id='par_1_22' title="bbox 267 1988 1840 2064">
     <span class='ocr_line' id='line_1_22' title="bbox 267 1988 1840 2064; baseline -0.004 -16"><span class='ocrx_word' id='word_1_138' title='bbox 267 2006 358 2050; x_wconf 85' lang='lat' dir='ltr'><strong>tur</strong></span> <span class='ocrx_word' id='word_1_139' title='bbox 397 1995 482 2061; x_wconf 91' lang='lat' dir='ltr'><strong>iis,</strong></span> <span class='ocrx_word' id='word_1_140' title='bbox 522 1994 612 2064; x_wconf 88' lang='lat' dir='ltr'><strong>qui</strong></span> <span class='ocrx_word' id='word_1_141' title='bbox 651 2001 870 2063; x_wconf 83' lang='lat' dir='ltr'><strong>propter</strong></span> <span class='ocrx_word' id='word_1_142' title='bbox 901 1988 1072 2047; x_wconf 88' lang='lat' dir='ltr'><strong>Deum</strong></span> <span class='ocrx_word' id='word_1_143' title='bbox 1111 1989 1474 2046; x_wconf 88' lang='lat' dir='ltr'><strong>humilitatem</strong></span> <span class='ocrx_word' id='word_1_144' title='bbox 1506 1989 1840 2058; x_wconf 87' lang='lat' dir='ltr'><strong>amplectun-</strong></span> 
     </span>
    </p>
   </div>
   <div class='ocr_carea' id='block_1_23' title="bbox 268 2097 1335 2144">
    <p class='ocr_par' dir='ltr' id='par_1_23' title="bbox 268 2097 1335 2144">
     <span class='ocr_line' id='line_1_23' title="bbox 268 2097 1335 2144; baseline -0.004 -2"><span class='ocrx_word' id='word_1_145' title='bbox 268 2097 376 2144; x_wconf 70' lang='grc' dir='ltr'>ιιιι.</span> <span class='ocrx_word' id='word_1_146' title='bbox 1331 2134 1335 2138; x_wconf 94' lang='grc'><strong>.</strong></span> 
     </span>
    </p>
   </div>
   <div class='ocr_carea' id='block_1_24' title="bbox 750 2174 1349 2234">
    <p class='ocr_par' dir='ltr' id='par_1_24' title="bbox 750 2174 1349 2234">
     <span class='ocr_line' id='line_1_24' title="bbox 750 2174 1349 2234; baseline -0.005 -1"><span class='ocrx_word' id='word_1_147' title='bbox 750 2175 1005 2234; x_wconf 74' lang='lat' dir='ltr'><strong>CXLVII.</strong></span> <span class='ocrx_word' id='word_1_148' title='bbox 1041 2205 1104 2216; x_wconf 90' lang='lat'><strong>——</strong></span> <span class='ocrx_word' id='word_1_149' title='bbox 1140 2174 1349 2231; x_wconf 80' lang='lat' dir='ltr'><strong>Eidem.</strong></span> 
     </span>
    </p>
   </div>
   <div class='ocr_carea' id='block_1_25' title="bbox 344 2265 1844 2341">
    <p class='ocr_par' dir='ltr' id='par_1_25' title="bbox 344 2265 1844 2341">
     <span class='ocr_line' id='line_1_25' title="bbox 344 2265 1844 2341; baseline 0.001 -19"><span class='ocrx_word' id='word_1_150' title='bbox 344 2292 360 2322; x_wconf 72' lang='grc' dir='ltr'><strong>ι</strong></span> <span class='ocrx_word' id='word_1_151' title='bbox 401 2268 476 2326; x_wconf 83' lang='lat' dir='ltr'><strong>Ne</strong></span> <span class='ocrx_word' id='word_1_152' title='bbox 506 2269 863 2341; x_wconf 77' lang='lat' dir='ltr'><strong>reSpondeas,</strong></span> <span class='ocrx_word' id='word_1_153' title='bbox 903 2269 980 2322; x_wconf 89' lang='lat' dir='ltr'><strong>ait</strong></span> <span class='ocrx_word' id='word_1_154' title='bbox 1015 2265 1308 2334; x_wconf 88' lang='lat' dir='ltr'><strong>Salomon,</strong></span> <span class='ocrx_word' id='word_1_155' title='bbox 1345 2267 1512 2324; x_wconf 86' lang='lat' dir='ltr'><strong>stulto</strong></span> <span class='ocrx_word' id='word_1_156' title='bbox 1541 2267 1844 2324; x_wconf 88' lang='lat' dir='ltr'><strong>secundum</strong></span> 
     </span>
    </p>
   </div>
   <div class='ocr_carea' id='block_1_26' title="bbox 267 2357 1847 2432">
    <p class='ocr_par' dir='ltr' id='par_1_26' title="bbox 267 2357 1847 2432">
     <span class='ocr_line' id='line_1_26' title="bbox 267 2357 1847 2432; baseline -0.003 -14"><span class='ocrx_word' id='word_1_157' title='bbox 267 2363 557 2420; x_wconf 84' lang='lat' dir='ltr'><strong>stultitiam</strong></span> <span class='ocrx_word' id='word_1_158' title='bbox 611 2362 772 2432; x_wconf 87' lang='lat' dir='ltr'><strong>ejus,</strong></span> <span class='ocrx_word' id='word_1_159' title='bbox 829 2375 896 2415; x_wconf 91' lang='lat' dir='ltr'><strong>ne</strong></span> <span class='ocrx_word' id='word_1_160' title='bbox 949 2359 1148 2415; x_wconf 89' lang='lat' dir='ltr'><strong>similis</strong></span> <span class='ocrx_word' id='word_1_161' title='bbox 1217 2360 1294 2414; x_wconf 92' lang='lat' dir='ltr'><strong>illi</strong></span> <span class='ocrx_word' id='word_1_162' title='bbox 1382 2358 1502 2414; x_wconf 82' lang='lat' dir='ltr'><strong>tias.</strong></span> <span class='ocrx_word' id='word_1_163' title='bbox 1555 2357 1847 2430; x_wconf 79' lang='lat' dir='ltr'><strong>Responde</strong></span> 
     </span>
    </p>
   </div>
   <div class='ocr_carea' id='block_1_27' title="bbox 267 2450 1848 2524">
    <p class='ocr_par' dir='ltr' id='par_1_27' title="bbox 267 2450 1848 2524">
     <span class='ocr_line' id='line_1_27' title="bbox 267 2450 1848 2524; baseline -0.004 -12"><span class='ocrx_word' id='word_1_164' title='bbox 267 2471 398 2512; x_wconf 90' lang='lat' dir='ltr'><strong>vero</strong></span> <span class='ocrx_word' id='word_1_165' title='bbox 432 2454 680 2514; x_wconf 78' lang='lat' dir='ltr'><strong>stultitia:</strong></span> <span class='ocrx_word' id='word_1_166' title='bbox 708 2453 854 2524; x_wconf 84' lang='lat' dir='ltr'><strong>ejus,</strong></span> <span class='ocrx_word' id='word_1_167' title='bbox 877 2468 945 2508; x_wconf 89' lang='lat' dir='ltr'><strong>ne</strong></span> <span class='ocrx_word' id='word_1_168' title='bbox 977 2450 1219 2522; x_wconf 89' lang='lat' dir='ltr'><strong>prudens</strong></span> <span class='ocrx_word' id='word_1_169' title='bbox 1244 2450 1389 2521; x_wconf 90' lang='lat' dir='ltr'><strong>apud</strong></span> <span class='ocrx_word' id='word_1_170' title='bbox 1422 2466 1481 2506; x_wconf 92' lang='lat' dir='ltr'><strong>se</strong></span> <span class='ocrx_word' id='word_1_171' title='bbox 1507 2465 1632 2506; x_wconf 88' lang='lat' dir='ltr'><strong>esse</strong></span> <span class='ocrx_word' id='word_1_172' title='bbox 1661 2450 1848 2506; x_wconf 85' lang='lat' dir='ltr'><strong>videa-</strong></span> 
     </span>
    </p>
   </div>
   <div class='ocr_carea' id='block_1_28' title="bbox 267 2541 1847 2613">
    <p class='ocr_par' dir='ltr' id='par_1_28' title="bbox 267 2541 1847 2613">
     <span class='ocr_line' id='line_1_28' title="bbox 267 2541 1847 2613; baseline -0.003 -13"><span class='ocrx_word' id='word_1_173' title='bbox 267 2557 355 2601; x_wconf 91' lang='lat' dir='ltr'><strong>tur</strong></span> <span class='ocrx_word' id='word_1_174' title='bbox 379 2548 444 2600; x_wconf 62' lang='grc' dir='ltr'><strong>υτ.</strong></span> <span class='ocrx_word' id='word_1_175' title='bbox 486 2565 504 2596; x_wconf 78' lang='grc' dir='ltr'><strong>ι</strong></span> <span class='ocrx_word' id='word_1_176' title='bbox 549 2543 656 2610; x_wconf 82' lang='lat' dir='ltr'><strong>Qui</strong></span> <span class='ocrx_word' id='word_1_177' title='bbox 693 2544 839 2599; x_wconf 89' lang='lat' dir='ltr'><strong>enim</strong></span> <span class='ocrx_word' id='word_1_178' title='bbox 888 2542 1181 2613; x_wconf 75' lang='lat' dir='ltr'><strong>prrcceptis</strong></span> <span class='ocrx_word' id='word_1_179' title='bbox 1213 2542 1306 2598; x_wconf 91' lang='lat' dir='ltr'><strong>Dei</strong></span> <span class='ocrx_word' id='word_1_180' title='bbox 1356 2541 1706 2598; x_wconf 80' lang='lat' dir='ltr'><strong>adversantia</strong></span> <span class='ocrx_word' id='word_1_181' title='bbox 1766 2542 1847 2596; x_wconf 86' lang='lat' dir='ltr'><strong>lo-</strong></span> 
     </span>
    </p>
   </div>
   <div class='ocr_carea' id='block_1_29' title="bbox 267 2634 1844 2709">
    <p class='ocr_par' dir='ltr' id='par_1_29' title="bbox 267 2634 1844 2709">
     <span class='ocr_line' id='line_1_29' title="bbox 267 2634 1844 2709; baseline -0.005 -15"><span class='ocrx_word' id='word_1_182' title='bbox 267 2639 453 2709; x_wconf 89' lang='lat' dir='ltr'><strong>quenti</strong></span> <span class='ocrx_word' id='word_1_183' title='bbox 495 2638 688 2701; x_wconf 90' lang='lat' dir='ltr'><strong>stulto,</strong></span> <span class='ocrx_word' id='word_1_184' title='bbox 716 2643 772 2691; x_wconf 91' lang='lat' dir='ltr'><strong>et</strong></span> <span class='ocrx_word' id='word_1_185' title='bbox 818 2634 872 2688; x_wconf 92' lang='lat' dir='ltr'><strong>in</strong></span> <span class='ocrx_word' id='word_1_186' title='bbox 898 2641 1185 2704; x_wconf 89' lang='lat' dir='ltr'><strong>peccatum</strong></span> <span class='ocrx_word' id='word_1_187' title='bbox 1240 2634 1494 2689; x_wconf 83' lang='lat' dir='ltr'><strong>invitanti</strong></span> <span class='ocrx_word' id='word_1_188' title='bbox 1544 2635 1844 2698; x_wconf 88' lang='lat' dir='ltr'><strong>consentit,</strong></span> 
     </span>
    </p>
   </div>
   <div class='ocr_carea' id='block_1_30' title="bbox 265 2724 1846 2796">
    <p class='ocr_par' dir='ltr' id='par_1_30' title="bbox 265 2724 1846 2796">
     <span class='ocr_line' id='line_1_30' title="bbox 265 2724 1846 2796; baseline -0.003 -13"><span class='ocrx_word' id='word_1_189' title='bbox 265 2744 332 2784; x_wconf 82' lang='lat' dir='ltr'><strong>ea</strong></span> <span class='ocrx_word' id='word_1_190' title='bbox 362 2729 620 2793; x_wconf 90' lang='lat' dir='ltr'><strong>laudans,</strong></span> <span class='ocrx_word' id='word_1_191' title='bbox 651 2724 954 2782; x_wconf 90' lang='lat' dir='ltr'><strong>secundum</strong></span> <span class='ocrx_word' id='word_1_192' title='bbox 992 2725 1144 2782; x_wconf 86' lang='lat' dir='ltr'><strong>stulti</strong></span> <span class='ocrx_word' id='word_1_193' title='bbox 1188 2725 1484 2780; x_wconf 87' lang='lat' dir='ltr'><strong>stultitiam</strong></span> <span class='ocrx_word' id='word_1_194' title='bbox 1520 2725 1846 2796; x_wconf 89' lang='lat' dir='ltr'><strong>respondit,</strong></span> 
     </span>
    </p>
   </div>
   <div class='ocr_carea' id='block_1_31' title="bbox 267 2811 1849 2886">
    <p class='ocr_par' dir='ltr' id='par_1_31' title="bbox 267 2811 1849 2886">
     <span class='ocr_line' id='line_1_31' title="bbox 267 2811 1849 2886; baseline -0.006 -9"><span class='ocrx_word' id='word_1_195' title='bbox 267 2829 332 2882; x_wconf 90' lang='lat' dir='ltr'><strong>et_</strong></span> <span class='ocrx_word' id='word_1_196' title='bbox 356 2819 554 2875; x_wconf 88' lang='lat' dir='ltr'><strong>similis</strong></span> <span class='ocrx_word' id='word_1_197' title='bbox 603 2817 778 2872; x_wconf 81' lang='lat' dir='ltr'><strong>lactus</strong></span> <span class='ocrx_word' id='word_1_198' title='bbox 808 2825 892 2871; x_wconf 91' lang='lat' dir='ltr'><strong>est</strong></span> <span class='ocrx_word' id='word_1_199' title='bbox 921 2815 997 2870; x_wconf 92' lang='lat' dir='ltr'><strong>illi</strong></span> <span class='ocrx_word' id='word_1_200' title='bbox 1030 2832 1045 2872; x_wconf 90' lang='lat'><strong>:</strong></span> <span class='ocrx_word' id='word_1_201' title='bbox 1083 2815 1177 2886; x_wconf 91' lang='lat' dir='ltr'><strong>qui</strong></span> <span class='ocrx_word' id='word_1_202' title='bbox 1215 2829 1345 2869; x_wconf 88' lang='lat' dir='ltr'><strong>vero</strong></span> <span class='ocrx_word' id='word_1_203' title='bbox 1394 2811 1644 2884; x_wconf 90' lang='lat' dir='ltr'><strong>improba</strong></span> <span class='ocrx_word' id='word_1_204' title='bbox 1673 2829 1849 2870; x_wconf 87' lang='lat' dir='ltr'><strong>enun-</strong></span> 
     </span>
    </p>
   </div>
   <div class='ocr_carea' id='block_1_32' title="bbox 269 2901 1848 2976">
    <p class='ocr_par' dir='ltr' id='par_1_32' title="bbox 269 2901 1848 2976">
     <span class='ocr_line' id='line_1_32' title="bbox 269 2901 1848 2976; baseline -0.003 -11"><span class='ocrx_word' id='word_1_205' title='bbox 269 2907 423 2968; x_wconf 83' lang='lat' dir='ltr'><strong>tianti</strong></span> <span class='ocrx_word' id='word_1_206' title='bbox 458 2922 580 2963; x_wconf 88' lang='lat' dir='ltr'><strong>sese</strong></span> <span class='ocrx_word' id='word_1_207' title='bbox 605 2908 883 2976; x_wconf 88' lang='lat' dir='ltr'><strong>opposuit,</strong></span> <span class='ocrx_word' id='word_1_208' title='bbox 935 2919 1036 2962; x_wconf 89' lang='lat' dir='ltr'><strong>nec</strong></span> <span class='ocrx_word' id='word_1_209' title='bbox 1079 2901 1432 2961; x_wconf 83' lang='lat' dir='ltr'><strong>c&#39;xsecraudis</strong></span> <span class='ocrx_word' id='word_1_210' title='bbox 1478 2903 1623 2959; x_wconf 88' lang='lat' dir='ltr'><strong>illius</strong></span> <span class='ocrx_word' id='word_1_211' title='bbox 1667 2903 1848 2960; x_wconf 82' lang='lat' dir='ltr'><strong>verbis</strong></span> 
     </span>
    </p>
   </div>
   <div class='ocr_carea' id='block_1_33' title="bbox 271 2993 1847 3068">
    <p class='ocr_par' dir='ltr' id='par_1_33' title="bbox 271 2993 1847 3068">
     <span class='ocr_line' id='line_1_33' title="bbox 271 2993 1847 3068; baseline -0.005 -11"><span class='ocrx_word' id='word_1_212' title='bbox 271 3013 554 3057; x_wconf 82' lang='lat' dir='ltr'><strong>assensum</strong></span> <span class='ocrx_word' id='word_1_213' title='bbox 589 3005 848 3068; x_wconf 84' lang='lat' dir='ltr'><strong>praestare</strong></span> <span class='ocrx_word' id='word_1_214' title='bbox 870 2995 1158 3062; x_wconf 90' lang='lat' dir='ltr'><strong>sustinuit,</strong></span> <span class='ocrx_word' id='word_1_215' title='bbox 1191 2993 1527 3065; x_wconf 86' lang='lat' dir='ltr'><strong>respondere</strong></span> <span class='ocrx_word' id='word_1_216' title='bbox 1555 2994 1756 3050; x_wconf 87' lang='lat' dir='ltr'><strong>dicitur</strong></span> <span class='ocrx_word' id='word_1_217' title='bbox 1780 2996 1847 3050; x_wconf 89' lang='lat' dir='ltr'><strong>ad</strong></span> 
     </span>
    </p>
   </div>
   <div class='ocr_carea' id='block_1_34' title="bbox 268 3084 1920 3182">
    <p class='ocr_par' dir='ltr' id='par_1_34' title="bbox 268 3084 1920 3182">
     <span class='ocr_line' id='line_1_34' title="bbox 268 3084 1920 3182; baseline -0.005 -36"><span class='ocrx_word' id='word_1_218' title='bbox 268 3090 553 3146; x_wconf 76' lang='lat' dir='ltr'><strong>stultitiam</strong></span> <span class='ocrx_word' id='word_1_219' title='bbox 611 3088 794 3182; x_wconf 79' lang='lat' dir='ltr'><strong>illius;</strong></span> <span class='ocrx_word' id='word_1_220' title='bbox 831 3086 937 3182; x_wconf 80' lang='lat' dir='ltr'><strong>hoc</strong></span> <span class='ocrx_word' id='word_1_221' title='bbox 987 3094 1096 3182; x_wconf 77' lang='lat' dir='ltr'><strong>est,</strong></span> <span class='ocrx_word' id='word_1_222' title='bbox 1155 3093 1347 3142; x_wconf 88' lang='lat' dir='ltr'><strong>contra</strong></span> <span class='ocrx_word' id='word_1_223' title='bbox 1376 3084 1521 3140; x_wconf 91' lang='lat' dir='ltr'><strong>illius</strong></span> <span class='ocrx_word' id='word_1_224' title='bbox 1557 3085 1845 3182; x_wconf 55' lang='lat' dir='ltr'><strong>stultitiam</strong></span> <span class='ocrx_word' id='word_1_225' title='bbox 1872 3119 1920 3181; x_wconf 65' lang='grc' dir='ltr'><strong>Ο</strong></span> 
     </span>
    </p>
   </div>
   <div class='ocr_carea' id='block_1_35' title="bbox 269 3177 1845 3253">
    <p class='ocr_par' dir='ltr' id='par_1_35' title="bbox 269 3177 1845 3253">
     <span class='ocr_line' id='line_1_35' title="bbox 269 3177 1845 3253; baseline -0.003 -18"><span class='ocrx_word' id='word_1_226' title='bbox 269 3182 590 3253; x_wconf 86' lang='lat' dir='ltr'><strong>palmarium</strong></span> <span class='ocrx_word' id='word_1_227' title='bbox 626 3179 889 3248; x_wconf 86' lang='lat' dir='ltr'><strong>optimum</strong></span> <span class='ocrx_word' id='word_1_228' title='bbox 915 3177 1126 3245; x_wconf 87' lang='lat' dir='ltr'><strong>habuit,</strong></span> <span class='ocrx_word' id='word_1_229' title='bbox 1160 3186 1535 3248; x_wconf 66' lang='lat' dir='ltr'><strong>tropaeumque</strong></span> <span class='ocrx_word' id='word_1_230' title='bbox 1574 3177 1845 3232; x_wconf 71' lang='lat' dir='ltr'><strong>consciisu</strong></span> 
     </span>
    </p>
   </div>
   <div class='ocr_carea' id='block_1_36' title="bbox 267 3263 1848 3341">
    <p class='ocr_par' dir='ltr' id='par_1_36' title="bbox 267 3263 1848 3341">
     <span class='ocr_line' id='line_1_36' title="bbox 267 3263 1848 3341; baseline -0.006 -9"><span class='ocrx_word' id='word_1_231' title='bbox 267 3272 510 3332; x_wconf 89' lang='lat' dir='ltr'><strong>omnium</strong></span> <span class='ocrx_word' id='word_1_232' title='bbox 537 3271 739 3336; x_wconf 74' lang='lat' dir='ltr'><strong>erexit,</strong></span> <span class='ocrx_word' id='word_1_233' title='bbox 802 3269 1058 3341; x_wconf 87' lang='lat' dir='ltr'><strong>pharetra</strong></span> <span class='ocrx_word' id='word_1_234' title='bbox 1089 3263 1414 3338; x_wconf 76' lang='lat' dir='ltr'><strong>sagittarum</strong></span> <span class='ocrx_word' id='word_1_235' title='bbox 1461 3267 1708 3322; x_wconf 82' lang='lat' dir='ltr'><strong>veritatis</strong></span> <span class='ocrx_word' id='word_1_236' title='bbox 1731 3309 1747 3334; x_wconf 92' lang='lat'><strong>,</strong></span> <span class='ocrx_word' id='word_1_237' title='bbox 1784 3283 1848 3323; x_wconf 88' lang='lat' dir='ltr'><strong>ac</strong></span> 
     </span>
    </p>
   </div>
   <div class='ocr_carea' id='block_1_37' title="bbox 268 3357 1847 3433">
    <p class='ocr_par' dir='ltr' id='par_1_37' title="bbox 268 3357 1847 3433">
     <span class='ocr_line' id='line_1_37' title="bbox 268 3357 1847 3433; baseline -0.004 -14"><span class='ocrx_word' id='word_1_238' title='bbox 268 3365 512 3420; x_wconf 76' lang='lat' dir='ltr'><strong>cmlcstis</strong></span> <span class='ocrx_word' id='word_1_239' title='bbox 537 3363 820 3433; x_wconf 82' lang='lat' dir='ltr'><strong>sapientiae</strong></span> <span class='ocrx_word' id='word_1_240' title='bbox 862 3361 1130 3416; x_wconf 84' lang='lat' dir='ltr'><strong>adversus</strong></span> <span class='ocrx_word' id='word_1_241' title='bbox 1169 3357 1500 3424; x_wconf 88' lang='lat' dir='ltr'><strong>stultitiam,</strong></span> <span class='ocrx_word' id='word_1_242' title='bbox 1543 3371 1847 3430; x_wconf 83' lang='lat' dir='ltr'><strong>vanamque</strong></span> 
     </span>
    </p>
   </div>
   <div class='ocr_carea' id='block_1_38' title="bbox 216 3451 1311 3527">
    <p class='ocr_par' dir='ltr' id='par_1_38' title="bbox 216 3451 1311 3527">
     <span class='ocr_line' id='line_1_38' title="bbox 216 3451 1311 3527; baseline -0.005 -17"><span class='ocrx_word' id='word_1_243' title='bbox 216 3500 223 3504; x_wconf 95' lang='lat'><strong>.</strong></span> <span class='ocrx_word' id='word_1_244' title='bbox 270 3455 501 3527; x_wconf 84' lang='lat' dir='ltr'><strong>improbi</strong></span> <span class='ocrx_word' id='word_1_245' title='bbox 537 3453 792 3524; x_wconf 77' lang='lat' dir='ltr'><strong>sophista:</strong></span> <span class='ocrx_word' id='word_1_246' title='bbox 815 3451 1129 3521; x_wconf 85' lang='lat' dir='ltr'><strong>opinionem</strong></span> <span class='ocrx_word' id='word_1_247' title='bbox 1156 3462 1311 3504; x_wconf 86' lang='lat' dir='ltr'><strong>usus.</strong></span> 
     </span>
    </p>
   </div>
   <div class='ocr_carea' id='block_1_39' title="bbox 659 3628 1462 3689">
    <p class='ocr_par' dir='ltr' id='par_1_39' title="bbox 659 3628 1462 3689">
     <span class='ocr_line' id='line_1_39' title="bbox 659 3628 1462 3689; baseline -0.006 -1"><span class='ocrx_word' id='word_1_248' title='bbox 659 3629 836 3689; x_wconf 69' lang='lat' dir='ltr'><strong>CXLV</strong></span> <span class='ocrx_word' id='word_1_249' title='bbox 851 3629 934 3684; x_wconf 89' lang='grc' dir='ltr'>ιιι.</span> <span class='ocrx_word' id='word_1_250' title='bbox 975 3661 1040 3671; x_wconf 91' lang='grc'><strong><em>-</em></strong></span> <span class='ocrx_word' id='word_1_251' title='bbox 1073 3628 1462 3685; x_wconf 77' lang='lat' dir='ltr'><strong>SOZOMENO.</strong></span> 
     </span>
    </p>
   </div>
   <div class='ocr_carea' id='block_1_40' title="bbox 339 3719 1846 3787">
    <p class='ocr_par' dir='ltr' id='par_1_40' title="bbox 339 3719 1846 3787">
     <span class='ocr_line' id='line_1_40' title="bbox 339 3719 1846 3787; baseline -0.004 -6"><span class='ocrx_word' id='word_1_252' title='bbox 339 3727 628 3781; x_wconf 83' lang='lat' dir='ltr'><strong>Peccatum</strong></span> <span class='ocrx_word' id='word_1_253' title='bbox 662 3723 796 3779; x_wconf 78' lang='grc' dir='ltr'>[υιιιί</span> <span class='ocrx_word' id='word_1_254' title='bbox 845 3724 1023 3779; x_wconf 88' lang='lat' dir='ltr'><strong>instar</strong></span> <span class='ocrx_word' id='word_1_255' title='bbox 1060 3723 1327 3777; x_wconf 87' lang='lat' dir='ltr'><strong>citissime</strong></span> <span class='ocrx_word' id='word_1_256' title='bbox 1357 3719 1716 3787; x_wconf 86' lang='lat' dir='ltr'><strong>dissolvitur;</strong></span> <span class='ocrx_word' id='word_1_257' title='bbox 1748 3720 1846 3776; x_wconf 87' lang='lat' dir='ltr'><strong>de-</strong></span> 
     </span>
    </p>
   </div>
   <div class='ocr_carea' id='block_1_41' title="bbox 269 3811 1844 3888">
    <p class='ocr_par' dir='ltr' id='par_1_41' title="bbox 269 3811 1844 3888">
     <span class='ocr_line' id='line_1_41' title="bbox 269 3811 1844 3888; baseline -0.003 -16"><span class='ocrx_word' id='word_1_258' title='bbox 269 3819 379 3873; x_wconf 89' lang='lat' dir='ltr'><strong>hita</strong></span> <span class='ocrx_word' id='word_1_259' title='bbox 419 3831 548 3872; x_wconf 87' lang='lat' dir='ltr'><strong>vero</strong></span> <span class='ocrx_word' id='word_1_260' title='bbox 578 3817 790 3888; x_wconf 89' lang='lat' dir='ltr'><strong>punitio</strong></span> <span class='ocrx_word' id='word_1_261' title='bbox 815 3825 872 3872; x_wconf 88' lang='lat' dir='ltr'><strong>ct</strong></span> <span class='ocrx_word' id='word_1_262' title='bbox 921 3830 1081 3887; x_wconf 78' lang='lat' dir='ltr'><strong>pmna</strong></span> <span class='ocrx_word' id='word_1_263' title='bbox 1106 3815 1174 3870; x_wconf 90' lang='lat' dir='ltr'><strong>ad</strong></span> <span class='ocrx_word' id='word_1_264' title='bbox 1201 3829 1324 3884; x_wconf 69' lang='lat' dir='ltr'><strong>qum</strong></span> <span class='ocrx_word' id='word_1_265' title='bbox 1379 3811 1584 3870; x_wconf 62' lang='lat' dir='ltr'><strong>saecula</strong></span> <span class='ocrx_word' id='word_1_266' title='bbox 1625 3821 1844 3885; x_wconf 92' lang='lat' dir='ltr'><strong>protra-</strong></span> 
     </span>
    </p>
   </div>
   <div class='ocr_carea' id='block_1_42' title="bbox 269 3892 1846 3974">
    <p class='ocr_par' dir='ltr' id='par_1_42' title="bbox 269 3892 1846 3974">
     <span class='ocr_line' id='line_1_42' title="bbox 269 3892 1846 3974; baseline -0.001 -10"><span class='ocrx_word' id='word_1_267' title='bbox 269 3909 444 3964; x_wconf 86' lang='lat' dir='ltr'><strong>hitur?</strong></span> <span class='ocrx_word' id='word_1_268' title='bbox 469 3909 514 3964; x_wconf 89' lang='lat' dir='ltr'><strong>si</strong></span> <span class='ocrx_word' id='word_1_269' title='bbox 549 3909 662 3964; x_wconf 67' lang='lat' dir='ltr'><strong>haac</strong></span> <span class='ocrx_word' id='word_1_270' title='bbox 693 3916 874 3964; x_wconf 90' lang='lat' dir='ltr'><strong>tecum</strong></span> <span class='ocrx_word' id='word_1_271' title='bbox 901 3905 1358 3974; x_wconf 89' lang='lat' dir='ltr'><strong>consideraveris,</strong></span> <span class='ocrx_word' id='word_1_272' title='bbox 1383 3892 1625 3960; x_wconf 80' lang='lat' dir='ltr'><strong>maximo</strong></span> <span class='ocrx_word' id='word_1_273' title='bbox 1651 3907 1846 3963; x_wconf 90' lang='lat' dir='ltr'><strong>timore</strong></span> 
     </span>
    </p>
   </div>
   <div class='ocr_carea' id='block_1_43' title="bbox 269 3999 984 4056">
    <p class='ocr_par' dir='ltr' id='par_1_43' title="bbox 269 3999 984 4056">
     <span class='ocr_line' id='line_1_43' title="bbox 269 3999 984 4056; baseline -0.003 -2"><span class='ocrx_word' id='word_1_274' title='bbox 269 4011 322 4054; x_wconf 93' lang='lat' dir='ltr'><strong>ct</strong></span> <span class='ocrx_word' id='word_1_275' title='bbox 357 4010 595 4056; x_wconf 86' lang='lat' dir='ltr'><strong>tremore</strong></span> <span class='ocrx_word' id='word_1_276' title='bbox 622 3999 984 4054; x_wconf 90' lang='lat' dir='ltr'><strong>concutieris.</strong></span> 
     </span>
    </p>
   </div>
   <div class='ocr_carea' id='block_1_44' title="bbox 371 4087 1732 4164">
    <p class='ocr_par' dir='ltr' id='par_1_44' title="bbox 371 4087 1732 4164">
     <span class='ocr_line' id='line_1_44' title="bbox 371 4087 1732 4164; baseline 0 -18"><span class='ocrx_word' id='word_1_277' title='bbox 371 4092 479 4164; x_wconf 73' lang='lat'><strong>62</strong></span> <span class='ocrx_word' id='word_1_278' title='bbox 511 4089 743 4146; x_wconf 72' lang='lat' dir='ltr'><strong>CXLIX.</strong></span> <span class='ocrx_word' id='word_1_279' title='bbox 771 4121 840 4130; x_wconf 93' lang='lat'><strong><em>—</em></strong></span> <span class='ocrx_word' id='word_1_280' title='bbox 860 4087 1207 4146; x_wconf 76' lang='lat' dir='ltr'><strong>CORNELIO</strong></span> <span class='ocrx_word' id='word_1_281' title='bbox 1243 4089 1732 4148; x_wconf 76' lang='lat' dir='ltr'><strong>PRESBYTERO.</strong></span> 
     </span>
    </p>
   </div>
   <div class='ocr_carea' id='block_1_45' title="bbox 339 4179 1844 4254">
    <p class='ocr_par' dir='ltr' id='par_1_45' title="bbox 339 4179 1844 4254">
     <span class='ocr_line' id='line_1_45' title="bbox 339 4179 1844 4254; baseline 0.002 -19"><span class='ocrx_word' id='word_1_282' title='bbox 339 4184 479 4250; x_wconf 82' lang='lat' dir='ltr'><strong>Quid</strong></span> <span class='ocrx_word' id='word_1_283' title='bbox 513 4193 597 4238; x_wconf 87' lang='lat' dir='ltr'><strong>est</strong></span> <span class='ocrx_word' id='word_1_284' title='bbox 624 4181 768 4251; x_wconf 90' lang='lat' dir='ltr'><strong>quod</strong></span> <span class='ocrx_word' id='word_1_285' title='bbox 798 4181 874 4234; x_wconf 89' lang='lat' dir='ltr'><strong>ait</strong></span> <span class='ocrx_word' id='word_1_286' title='bbox 904 4181 1201 4251; x_wconf 81' lang='lat' dir='ltr'><strong>Apostolus</strong></span> <span class='ocrx_word' id='word_1_287' title='bbox 1236 4199 1249 4236; x_wconf 90' lang='lat'>:</span> <span class='ocrx_word' id='word_1_288' title='bbox 1284 4199 1302 4232; x_wconf 79' lang='grc' dir='ltr'><strong>ι</strong></span> <span class='ocrx_word' id='word_1_289' title='bbox 1346 4179 1462 4238; x_wconf 87' lang='lat' dir='ltr'><strong>Etsi</strong></span> <span class='ocrx_word' id='word_1_290' title='bbox 1487 4183 1844 4254; x_wconf 75' lang='lat' dir='ltr'><strong>cognovimus</strong></span> 
     </span>
    </p>
   </div>
   <div class='ocr_carea' id='block_1_46' title="bbox 270 4273 1848 4346">
    <p class='ocr_par' dir='ltr' id='par_1_46' title="bbox 270 4273 1841 4335">
     <span class='ocr_line' id='line_1_46' title="bbox 270 4273 1841 4335; baseline -0.004 -1"><span class='ocrx_word' id='word_1_291' title='bbox 270 4277 570 4335; x_wconf 87' lang='lat' dir='ltr'><strong>secundum</strong></span> <span class='ocrx_word' id='word_1_292' title='bbox 619 4289 840 4328; x_wconf 90' lang='lat' dir='ltr'><strong>carnem</strong></span> <span class='ocrx_word' id='word_1_293' title='bbox 892 4273 1176 4327; x_wconf 81' lang='lat' dir='ltr'><strong>Christum</strong></span> <span class='ocrx_word' id='word_1_294' title='bbox 1207 4310 1220 4335; x_wconf 86' lang='lat'><strong>,</strong></span> <span class='ocrx_word' id='word_1_295' title='bbox 1251 4273 1346 4327; x_wconf 90' lang='lat' dir='ltr'><strong>sed</strong></span> <span class='ocrx_word' id='word_1_296' title='bbox 1403 4289 1551 4328; x_wconf 89' lang='lat' dir='ltr'><strong>nunc</strong></span> <span class='ocrx_word' id='word_1_297' title='bbox 1595 4273 1841 4329; x_wconf 89' lang='lat' dir='ltr'><strong>nondum</strong></span> 
     </span>
    </p>
   </div>
   <div class='ocr_carea' id='block_1_47' title="bbox 1955 4273 3158 4346">
    <p class='ocr_par' dir='ltr' id='par_1_47' title="bbox 1955 4274 3158 4346">
     <span class='ocr_line' id='line_1_47' title="bbox 1955 4274 3158 4346; baseline -0.002 -17"><span class='ocrx_word' id='word_1_298' title='bbox 1955 4276 2040 4330; x_wconf 73' lang='grc' dir='ltr'><strong>καὶ</strong></span> <span class='ocrx_word' id='word_1_299' title='bbox 2099 4274 2419 4346; x_wconf 73' lang='grc' dir='ltr'><strong>ἐγνώκαμεν</strong></span> <span class='ocrx_word' id='word_1_300' title='bbox 2475 4277 2618 4329; x_wconf 76' lang='grc' dir='ltr'>κατὰ</span> <span class='ocrx_word' id='word_1_301' title='bbox 2664 4276 2842 4345; x_wconf 82' lang='grc' dir='ltr'>σάρκα</span> <span class='ocrx_word' id='word_1_302' title='bbox 2890 4275 3158 4346; x_wconf 74' lang='grc' dir='ltr'>Χριστὸν,</span> 
     </span>
    </p>
   </div>
   <div class='ocr_carea' id='block_1_48' title="bbox 1946 530 3528 608">
    <p class='ocr_par' dir='ltr' id='par_1_48' title="bbox 1946 530 3528 608">
     <span class='ocr_line' id='line_1_48' title="bbox 1946 530 3528 608; baseline 0.004 -24"><span class='ocrx_word' id='word_1_303' title='bbox 1946 531 2068 584; x_wconf 89' lang='grc' dir='ltr'>θεία</span> <span class='ocrx_word' id='word_1_304' title='bbox 2097 530 2286 602; x_wconf 82' lang='grc' dir='ltr'>Γραφὴ</span> <span class='ocrx_word' id='word_1_305' title='bbox 2320 530 2460 584; x_wconf 71' lang='grc' dir='ltr'>κατὰ</span> <span class='ocrx_word' id='word_1_306' title='bbox 2493 531 2587 584; x_wconf 88' lang='grc' dir='ltr'><strong>τοῦ</strong></span> <span class='ocrx_word' id='word_1_307' title='bbox 2621 531 2817 602; x_wconf 79' lang='grc' dir='ltr'>φθόνου</span> <span class='ocrx_word' id='word_1_308' title='bbox 2846 532 3038 590; x_wconf 71' lang='grc' dir='ltr'>λαλεῖτ</span> <span class='ocrx_word' id='word_1_309' title='bbox 3082 533 3230 586; x_wconf 83' lang='grc' dir='ltr'>πᾶσα</span> <span class='ocrx_word' id='word_1_310' title='bbox 3261 536 3369 608; x_wconf 78' lang='grc' dir='ltr'><strong>γὰρ</strong></span> <span class='ocrx_word' id='word_1_311' title='bbox 3398 537 3528 607; x_wconf 83' lang='grc' dir='ltr'>ἀγία</span> 
     </span>
    </p>
   </div>
   <div class='ocr_carea' id='block_1_49' title="bbox 1945 621 3532 696">
    <p class='ocr_par' dir='ltr' id='par_1_49' title="bbox 1945 621 3532 696">
     <span class='ocr_line' id='line_1_49' title="bbox 1945 621 3532 696; baseline 0.004 -21"><span class='ocrx_word' id='word_1_312' title='bbox 1945 626 2332 694; x_wconf 78' lang='grc' dir='ltr'><strong>προσφώνησις</strong></span> <span class='ocrx_word' id='word_1_313' title='bbox 2374 621 2519 677; x_wconf 80' lang='grc' dir='ltr'><strong>κατά</strong></span> <span class='ocrx_word' id='word_1_314' title='bbox 2559 624 2759 686; x_wconf 82' lang='grc' dir='ltr'>παντὸς</span> <span class='ocrx_word' id='word_1_315' title='bbox 2791 622 2891 694; x_wconf 80' lang='grc' dir='ltr'>μὲν</span> <span class='ocrx_word' id='word_1_316' title='bbox 2935 623 3160 689; x_wconf 79' lang='grc' dir='ltr'>πάθους,</span> <span class='ocrx_word' id='word_1_317' title='bbox 3211 627 3447 696; x_wconf 85' lang='grc' dir='ltr'>μάλιστα</span> <span class='ocrx_word' id='word_1_318' title='bbox 3473 629 3532 682; x_wconf 82' lang='grc' dir='ltr'><strong>δὲ</strong></span> 
     </span>
    </p>
   </div>
   <div class='ocr_carea' id='block_1_50' title="bbox 1947 713 3528 789">
    <p class='ocr_par' dir='ltr' id='par_1_50' title="bbox 1947 713 3528 789">
     <span class='ocr_line' id='line_1_50' title="bbox 1947 713 3528 789; baseline 0.003 -23"><span class='ocrx_word' id='word_1_319' title='bbox 1947 713 2090 766; x_wconf 80' lang='grc' dir='ltr'>κατὰ</span> <span class='ocrx_word' id='word_1_320' title='bbox 2119 713 2314 782; x_wconf 83' lang='grc' dir='ltr'>φθόνου</span> <span class='ocrx_word' id='word_1_321' title='bbox 2349 714 2443 768; x_wconf 88' lang='grc' dir='ltr'><strong>τοῦ</strong></span> <span class='ocrx_word' id='word_1_322' title='bbox 2491 713 2735 787; x_wconf 79' lang='grc' dir='ltr'>ὀλεθρίου</span> <span class='ocrx_word' id='word_1_323' title='bbox 2776 713 3022 770; x_wconf 87' lang='grc' dir='ltr'>τίθεσθαι</span> <span class='ocrx_word' id='word_1_324' title='bbox 3063 716 3254 771; x_wconf 71' lang='grc' dir='ltr'>εἴωθεν</span> <span class='ocrx_word' id='word_1_325' title='bbox 3292 717 3528 789; x_wconf 75' lang='grc' dir='ltr'>ἰσχυρῶ-</span> 
     </span>
    </p>
   </div>
   <div class='ocr_carea' id='block_1_51' title="bbox 1946 805 2273 861">
    <p class='ocr_par' dir='ltr' id='par_1_51' title="bbox 1946 805 2273 861">
     <span class='ocr_line' id='line_1_51' title="bbox 1946 805 2273 861; baseline 0.006 -2"><span class='ocrx_word' id='word_1_326' title='bbox 1946 823 2084 859; x_wconf 88' lang='grc' dir='ltr'>τατα</span> <span class='ocrx_word' id='word_1_327' title='bbox 2113 805 2273 861; x_wconf 83' lang='grc' dir='ltr'>ὅπλα.</span> 
     </span>
    </p>
   </div>
   <div class='ocr_carea' id='block_1_52' title="bbox 2105 895 3055 975">
    <p class='ocr_par' dir='ltr' id='par_1_52' title="bbox 2105 895 3055 975">
     <span class='ocr_line' id='line_1_52' title="bbox 2105 895 3055 975; baseline 0 -24"><span class='ocrx_word' id='word_1_328' title='bbox 2105 971 2110 975; x_wconf 78' lang='lat'>_</span> <span class='ocrx_word' id='word_1_329' title='bbox 2425 899 2620 966; x_wconf 64' lang='lat' dir='ltr'><strong>PMCf&#39;.</strong></span> <span class='ocrx_word' id='word_1_330' title='bbox 2655 927 2724 937; x_wconf 92' lang='lat'><strong>—-</strong></span> <span class='ocrx_word' id='word_1_331' title='bbox 2762 895 2844 962; x_wconf 86' lang='grc' dir='ltr'><strong>Τῷ</strong></span> <span class='ocrx_word' id='word_1_332' title='bbox 2874 896 3055 964; x_wconf 73' lang='grc' dir='ltr'>αὐτῷ.</span> 
     </span>
    </p>
   </div>
   <div class='ocr_carea' id='block_1_53' title="bbox 2028 989 3528 1060">
    <p class='ocr_par' dir='ltr' id='par_1_53' title="bbox 2028 989 3528 1060">
     <span class='ocr_line' id='line_1_53' title="bbox 2028 989 3528 1060; baseline 0.001 -19"><span class='ocrx_word' id='word_1_333' title='bbox 2028 1009 2046 1041; x_wconf 78' lang='grc' dir='ltr'><strong>ι</strong></span> <span class='ocrx_word' id='word_1_334' title='bbox 2092 990 2394 1055; x_wconf 85' lang='grc' dir='ltr'>Ἑπιποθεῖ,</span> <span class='ocrx_word' id='word_1_335' title='bbox 2442 989 2628 1058; x_wconf 65' lang='grc' dir='ltr'>φησιν,</span> <span class='ocrx_word' id='word_1_336' title='bbox 2656 989 2716 1042; x_wconf 76' lang='grc' dir='ltr'><strong>το</strong></span> <span class='ocrx_word' id='word_1_337' title='bbox 2771 991 3023 1059; x_wconf 87' lang='grc' dir='ltr'>πνεῦμα,</span> <span class='ocrx_word' id='word_1_338' title='bbox 3052 989 3082 1042; x_wconf 79' lang='grc' dir='ltr'><strong>ό</strong></span> <span class='ocrx_word' id='word_1_339' title='bbox 3134 989 3455 1060; x_wconf 79' lang='grc' dir='ltr'><strong>κατῴκησεν</strong></span> <span class='ocrx_word' id='word_1_340' title='bbox 3497 991 3528 1042; x_wconf 85' lang='grc' dir='ltr'><strong>ό</strong></span> 
     </span>
    </p>
   </div>
   <div class='ocr_carea' id='block_1_54' title="bbox 1947 1081 3530 1154">
    <p class='ocr_par' dir='ltr' id='par_1_54' title="bbox 1947 1081 3530 1154">
     <span class='ocr_line' id='line_1_54' title="bbox 1947 1081 3530 1154; baseline 0.001 -18"><span class='ocrx_word' id='word_1_341' title='bbox 1947 1081 2079 1146; x_wconf 80' lang='grc' dir='ltr'>Θεὸς</span> <span class='ocrx_word' id='word_1_342' title='bbox 2135 1083 2192 1135; x_wconf 81' lang='grc' dir='ltr'><strong>ἐν</strong></span> <span class='ocrx_word' id='word_1_343' title='bbox 2233 1084 2386 1153; x_wconf 71' lang='grc' dir='ltr'>ἡμῖν.</span> <span class='ocrx_word' id='word_1_344' title='bbox 2424 1101 2442 1134; x_wconf 73' lang='grc' dir='ltr'><strong>ι</strong></span> <span class='ocrx_word' id='word_1_345' title='bbox 2492 1082 2557 1134; x_wconf 89' lang='grc' dir='ltr'>Τί</span> <span class='ocrx_word' id='word_1_346' title='bbox 2588 1081 2642 1134; x_wconf 72' lang='grc' dir='ltr'><strong>δὲ</strong></span> <span class='ocrx_word' id='word_1_347' title='bbox 2694 1081 2973 1148; x_wconf 86' lang='grc' dir='ltr'>ἐπιποθεῖ,</span> <span class='ocrx_word' id='word_1_348' title='bbox 3010 1083 3104 1136; x_wconf 71' lang='grc' dir='ltr'>καὶ</span> <span class='ocrx_word' id='word_1_349' title='bbox 3149 1082 3398 1154; x_wconf 81' lang='grc' dir='ltr'><strong>στέργει,</strong></span> <span class='ocrx_word' id='word_1_350' title='bbox 3431 1084 3530 1137; x_wconf 74' lang='grc' dir='ltr'><strong>καὶ</strong></span> 
     </span>
    </p>
   </div>
   <div class='ocr_carea' id='block_1_55' title="bbox 1949 1171 3524 1246">
    <p class='ocr_par' dir='ltr' id='par_1_55' title="bbox 1949 1171 3524 1246">
     <span class='ocr_line' id='line_1_55' title="bbox 1949 1171 3524 1246; baseline 0 -18"><span class='ocrx_word' id='word_1_351' title='bbox 1949 1175 2141 1245; x_wconf 78' lang='grc' dir='ltr'>ἀγαπᾷ</span> <span class='ocrx_word' id='word_1_352' title='bbox 2170 1174 2230 1227; x_wconf 81' lang='grc' dir='ltr'>τὸ</span> <span class='ocrx_word' id='word_1_353' title='bbox 2265 1173 2408 1228; x_wconf 85' lang='grc' dir='ltr'>θεῖον</span> <span class='ocrx_word' id='word_1_354' title='bbox 2429 1171 2677 1244; x_wconf 81' lang='grc' dir='ltr'><strong>Πνεῦμα,</strong></span> <span class='ocrx_word' id='word_1_355' title='bbox 2699 1173 2734 1244; x_wconf 73' lang='grc' dir='ltr'>ἢ</span> <span class='ocrx_word' id='word_1_356' title='bbox 2763 1174 2860 1246; x_wconf 82' lang='grc' dir='ltr'>τὴν</span> <span class='ocrx_word' id='word_1_357' title='bbox 2885 1176 3098 1239; x_wconf 70' lang='grc' dir='ltr'>ἕνωσιν,</span> <span class='ocrx_word' id='word_1_358' title='bbox 3131 1175 3225 1229; x_wconf 76' lang='grc' dir='ltr'><strong>καὶ</strong></span> <span class='ocrx_word' id='word_1_359' title='bbox 3247 1175 3524 1245; x_wconf 84' lang='grc' dir='ltr'>ὁμόνοιαν,</span> 
     </span>
    </p>
   </div>
   <div class='ocr_carea' id='block_1_56' title="bbox 1949 1264 3528 1337">
    <p class='ocr_par' dir='ltr' id='par_1_56' title="bbox 1949 1264 3528 1337">
     <span class='ocr_line' id='line_1_56' title="bbox 1949 1264 3528 1337; baseline 0.001 -19"><span class='ocrx_word' id='word_1_360' title='bbox 1949 1266 2048 1320; x_wconf 74' lang='grc' dir='ltr'>καὶ</span> <span class='ocrx_word' id='word_1_361' title='bbox 2074 1265 2172 1336; x_wconf 83' lang='grc' dir='ltr'>τὴν</span> <span class='ocrx_word' id='word_1_362' title='bbox 2206 1265 2560 1336; x_wconf 82' lang='grc' dir='ltr'>φιλαλληλίαν</span> <span class='ocrx_word' id='word_1_363' title='bbox 2592 1264 2702 1318; x_wconf 88' lang='grc' dir='ltr'><strong>τῶν</strong></span> <span class='ocrx_word' id='word_1_364' title='bbox 2743 1265 3025 1335; x_wconf 84' lang='grc' dir='ltr'>ἁδελφῶν;</span> <span class='ocrx_word' id='word_1_365' title='bbox 3060 1265 3124 1318; x_wconf 85' lang='lat' dir='ltr'><strong>&#39;ll</strong></span> <span class='ocrx_word' id='word_1_366' title='bbox 3152 1265 3208 1319; x_wconf 71' lang='grc' dir='ltr'><strong>δὲ</strong></span> <span class='ocrx_word' id='word_1_367' title='bbox 3247 1266 3432 1337; x_wconf 84' lang='grc' dir='ltr'><strong>ἀγάπη</strong></span> <span class='ocrx_word' id='word_1_368' title='bbox 3463 1267 3528 1319; x_wconf 80' lang='grc' dir='ltr'><strong>ἐκ</strong></span> 
     </span>
    </p>
   </div>
   <div class='ocr_carea' id='block_1_57' title="bbox 1926 1357 3528 1429">
    <p class='ocr_par' dir='ltr' id='par_1_57' title="bbox 1926 1357 3528 1429">
     <span class='ocr_line' id='line_1_57' title="bbox 1926 1357 3528 1429; baseline -0.001 -17"><span class='ocrx_word' id='word_1_369' title='bbox 1926 1357 2450 1429; x_wconf 77' lang='grc' dir='ltr'><strong>-ταπεινοφροσύνης</strong></span> <span class='ocrx_word' id='word_1_370' title='bbox 2505 1358 2600 1411; x_wconf 79' lang='grc' dir='ltr'>καὶ</span> <span class='ocrx_word' id='word_1_371' title='bbox 2654 1357 2946 1421; x_wconf 77' lang='grc' dir='ltr'>εὐλαϐείας</span> <span class='ocrx_word' id='word_1_372' title='bbox 2985 1359 3308 1418; x_wconf 79' lang='grc' dir='ltr'>κυΐσκεται,</span> <span class='ocrx_word' id='word_1_373' title='bbox 3353 1357 3414 1410; x_wconf 81' lang='grc' dir='ltr'>τὸ</span> <span class='ocrx_word' id='word_1_374' title='bbox 3470 1357 3528 1410; x_wconf 82' lang='grc' dir='ltr'><strong>δὲ</strong></span> 
     </span>
    </p>
   </div>
   <div class='ocr_carea' id='block_1_58' title="bbox 1951 1448 3528 1522">
    <p class='ocr_par' dir='ltr' id='par_1_58' title="bbox 1951 1448 3528 1522">
     <span class='ocr_line' id='line_1_58' title="bbox 1951 1448 3528 1522; baseline -0.002 -20"><span class='ocrx_word' id='word_1_375' title='bbox 1951 1452 2108 1521; x_wconf 86' lang='grc' dir='ltr'>μῖσος</span> <span class='ocrx_word' id='word_1_376' title='bbox 2137 1452 2234 1503; x_wconf 72' lang='grc' dir='ltr'><strong>καὶ</strong></span> <span class='ocrx_word' id='word_1_377' title='bbox 2266 1451 2299 1520; x_wconf 86' lang='grc' dir='ltr'>ή</span> <span class='ocrx_word' id='word_1_378' title='bbox 2345 1450 2518 1522; x_wconf 76' lang='grc' dir='ltr'>πικρὰ</span> <span class='ocrx_word' id='word_1_379' title='bbox 2552 1449 2826 1519; x_wconf 78' lang='grc' dir='ltr'>βασκανία</span> <span class='ocrx_word' id='word_1_380' title='bbox 2869 1451 2933 1503; x_wconf 88' lang='grc' dir='ltr'><strong>ἐκ</strong></span> <span class='ocrx_word' id='word_1_381' title='bbox 2959 1449 3060 1519; x_wconf 81' lang='grc' dir='ltr'><strong>τῆς</strong></span> <span class='ocrx_word' id='word_1_382' title='bbox 3099 1448 3396 1521; x_wconf 71' lang='grc' dir='ltr'>ὑπεροψίας</span> <span class='ocrx_word' id='word_1_383' title='bbox 3431 1449 3528 1502; x_wconf 78' lang='grc' dir='ltr'>καὶ</span> 
     </span>
    </p>
   </div>
   <div class='ocr_carea' id='block_1_59' title="bbox 1949 1526 3527 1611">
    <p class='ocr_par' dir='ltr' id='par_1_59' title="bbox 1949 1526 3527 1611">
     <span class='ocr_line' id='line_1_59' title="bbox 1949 1526 3527 1611; baseline 0 -19"><span class='ocrx_word' id='word_1_384' title='bbox 1949 1539 2237 1604; x_wconf 80' lang='grc' dir='ltr'>ἀλαζονίας</span> <span class='ocrx_word' id='word_1_385' title='bbox 2293 1526 2689 1611; x_wconf 81' lang='grc' dir='ltr'>προσέρχεται’</span> <span class='ocrx_word' id='word_1_386' title='bbox 2724 1539 2806 1594; x_wconf 83' lang='grc' dir='ltr'>διὸ</span> <span class='ocrx_word' id='word_1_387' title='bbox 2845 1540 3090 1610; x_wconf 78' lang='grc' dir='ltr'>εἴρηται,</span> <span class='ocrx_word' id='word_1_388' title='bbox 3127 1541 3208 1593; x_wconf 85' lang='grc' dir='ltr'>ὃτι</span> <span class='ocrx_word' id='word_1_389' title='bbox 3241 1558 3260 1591; x_wconf 77' lang='grc' dir='ltr'><strong>ι</strong></span> <span class='ocrx_word' id='word_1_390' title='bbox 3302 1539 3360 1592; x_wconf 85' lang='grc'><strong>’0</strong></span> <span class='ocrx_word' id='word_1_391' title='bbox 3395 1538 3527 1601; x_wconf 84' lang='grc' dir='ltr'>Θεὸς</span> 
     </span>
    </p>
   </div>
   <div class='ocr_carea' id='block_1_60' title="bbox 1955 1631 3530 1704">
    <p class='ocr_par' dir='ltr' id='par_1_60' title="bbox 1955 1631 3530 1704">
     <span class='ocr_line' id='line_1_60' title="bbox 1955 1631 3530 1704; baseline -0.001 -18"><span class='ocrx_word' id='word_1_392' title='bbox 1955 1631 2327 1704; x_wconf 75' lang='grc' dir='ltr'>ὑπερηφάνοις</span> <span class='ocrx_word' id='word_1_393' title='bbox 2369 1632 2768 1698; x_wconf 82' lang='grc' dir='ltr'>ἀντιτάσσεται,</span> <span class='ocrx_word' id='word_1_394' title='bbox 2803 1653 2820 1684; x_wconf 75' lang='grc' dir='ltr'><strong>ι</strong></span> <span class='ocrx_word' id='word_1_395' title='bbox 2866 1632 2954 1702; x_wconf 82' lang='grc' dir='ltr'><strong>διά</strong></span> <span class='ocrx_word' id='word_1_396' title='bbox 2996 1633 3095 1702; x_wconf 81' lang='grc' dir='ltr'><strong>τὴν</strong></span> <span class='ocrx_word' id='word_1_397' title='bbox 3128 1633 3384 1686; x_wconf 84' lang='grc' dir='ltr'>ἀπόνοιαν</span> <span class='ocrx_word' id='word_1_398' title='bbox 3433 1633 3530 1699; x_wconf 75' lang='grc' dir='ltr'>αὑ-</span> 
     </span>
    </p>
   </div>
   <div class='ocr_carea' id='block_1_61' title="bbox 1947 1723 3530 1797">
    <p class='ocr_par' dir='ltr' id='par_1_61' title="bbox 1947 1723 3530 1797">
     <span class='ocr_line' id='line_1_61' title="bbox 1947 1723 3530 1797; baseline 0 -19"><span class='ocrx_word' id='word_1_399' title='bbox 1947 1724 2056 1778; x_wconf 90' lang='grc' dir='ltr'><strong>τῶν</strong></span> <span class='ocrx_word' id='word_1_400' title='bbox 2091 1723 2646 1795; x_wconf 87' lang='grc' dir='ltr'>ἁντιστρατευόμενος</span> <span class='ocrx_word' id='word_1_401' title='bbox 2671 1726 2879 1788; x_wconf 78' lang='grc' dir='ltr'>αὐτοῖς,</span> <span class='ocrx_word' id='word_1_402' title='bbox 2905 1724 3158 1797; x_wconf 78' lang='grc' dir='ltr'>καθάπερ</span> <span class='ocrx_word' id='word_1_403' title='bbox 3190 1724 3267 1795; x_wconf 89' lang='grc' dir='ltr'>τῷ</span> <span class='ocrx_word' id='word_1_404' title='bbox 3299 1724 3530 1796; x_wconf 83' lang='grc' dir='ltr'><strong>πρώτως</strong></span> 
     </span>
    </p>
   </div>
   <div class='ocr_carea' id='block_1_62' title="bbox 1947 1815 3532 1888">
    <p class='ocr_par' dir='ltr' id='par_1_62' title="bbox 1947 1815 3532 1888">
     <span class='ocr_line' id='line_1_62' title="bbox 1947 1815 3532 1888; baseline 0.001 -20"><span class='ocrx_word' id='word_1_405' title='bbox 1947 1817 2046 1886; x_wconf 81' lang='grc' dir='ltr'>τὴν</span> <span class='ocrx_word' id='word_1_406' title='bbox 2070 1815 2454 1886; x_wconf 81' lang='grc' dir='ltr'>ὑπερηφανίαν</span> <span class='ocrx_word' id='word_1_407' title='bbox 2477 1818 2771 1888; x_wconf 79' lang='grc' dir='ltr'>νοσήσαντι</span> <span class='ocrx_word' id='word_1_408' title='bbox 2813 1817 3027 1888; x_wconf 84' lang='grc' dir='ltr'>Σατανᾷ</span> <span class='ocrx_word' id='word_1_409' title='bbox 3046 1833 3061 1848; x_wconf 78' lang='grc' dir='ltr'><strong><em>ο</em></strong></span> <span class='ocrx_word' id='word_1_410' title='bbox 3101 1836 3120 1868; x_wconf 76' lang='grc' dir='ltr'><strong>ι</strong></span> <span class='ocrx_word' id='word_1_411' title='bbox 3147 1818 3435 1881; x_wconf 84' lang='grc' dir='ltr'>Ταπεινοίς</span> <span class='ocrx_word' id='word_1_412' title='bbox 3473 1817 3532 1870; x_wconf 77' lang='grc' dir='ltr'><strong>δὲ</strong></span> 
     </span>
    </p>
   </div>
   <div class='ocr_carea' id='block_1_63' title="bbox 1946 1907 3532 1979">
    <p class='ocr_par' dir='ltr' id='par_1_63' title="bbox 1946 1907 3532 1979">
     <span class='ocr_line' id='line_1_63' title="bbox 1946 1907 3532 1979; baseline 0.001 -18"><span class='ocrx_word' id='word_1_413' title='bbox 1946 1908 2132 1961; x_wconf 84' lang='grc' dir='ltr'>δίδωσι</span> <span class='ocrx_word' id='word_1_414' title='bbox 2167 1907 2348 1979; x_wconf 86' lang='grc' dir='ltr'>χάριν,</span> <span class='ocrx_word' id='word_1_415' title='bbox 2389 1927 2407 1960; x_wconf 80' lang='grc' dir='ltr'><strong>ι</strong></span> <span class='ocrx_word' id='word_1_416' title='bbox 2439 1907 2710 1972; x_wconf 79' lang='grc' dir='ltr'>τουτέστι,</span> <span class='ocrx_word' id='word_1_417' title='bbox 2751 1908 3099 1979; x_wconf 82' lang='grc' dir='ltr'>πνευματικά</span> <span class='ocrx_word' id='word_1_418' title='bbox 3129 1924 3252 1961; x_wconf 89' lang='grc' dir='ltr'>τινα</span> <span class='ocrx_word' id='word_1_419' title='bbox 3291 1907 3532 1979; x_wconf 78' lang='grc' dir='ltr'>πηγάζει</span> 
     </span>
    </p>
   </div>
   <div class='ocr_carea' id='block_1_64' title="bbox 1946 1994 3531 2069">
    <p class='ocr_par' dir='ltr' id='par_1_64' title="bbox 1946 1994 3531 2069">
     <span class='ocr_line' id='line_1_64' title="bbox 1946 1994 3531 2069; baseline 0.001 -20"><span class='ocrx_word' id='word_1_420' title='bbox 1946 1998 2266 2069; x_wconf 79' lang='grc' dir='ltr'>δωρήματα,</span> <span class='ocrx_word' id='word_1_421' title='bbox 2315 2000 2425 2062; x_wconf 89' lang='grc' dir='ltr'>τοῖς</span> <span class='ocrx_word' id='word_1_422' title='bbox 2472 1997 2560 2053; x_wconf 77' lang='grc' dir='ltr'><strong>διὰ</strong></span> <span class='ocrx_word' id='word_1_423' title='bbox 2616 1999 2707 2052; x_wconf 74' lang='grc' dir='ltr'><strong>τον</strong></span> <span class='ocrx_word' id='word_1_424' title='bbox 2759 1998 2892 2053; x_wconf 82' lang='grc' dir='ltr'>Θεὸν</span> <span class='ocrx_word' id='word_1_425' title='bbox 2940 1994 3331 2062; x_wconf 78' lang='grc' dir='ltr'>ταπεινοῦσθαι</span> <span class='ocrx_word' id='word_1_426' title='bbox 3367 2015 3531 2052; x_wconf 88' lang='grc' dir='ltr'>σπου-</span> 
     </span>
    </p>
   </div>
   <div class='ocr_carea' id='block_1_65' title="bbox 1947 2087 2260 2164">
    <p class='ocr_par' dir='ltr' id='par_1_65' title="bbox 1947 2087 2260 2164">
     <span class='ocr_line' id='line_1_65' title="bbox 1947 2087 2260 2164; baseline 0.003 -25"><span class='ocrx_word' id='word_1_427' title='bbox 1947 2087 2187 2151; x_wconf 79' lang='grc' dir='ltr'>δάζουσι.</span> <span class='ocrx_word' id='word_1_428' title='bbox 2258 2162 2260 2164; x_wconf 14' lang='grc' dir='ltr'><strong><em>ν</em></strong></span> 
     </span>
    </p>
   </div>
   <div class='ocr_carea' id='block_1_66' title="bbox 2433 2176 3046 2244">
    <p class='ocr_par' dir='ltr' id='par_1_66' title="bbox 2433 2176 3046 2244">
     <span class='ocr_line' id='line_1_66' title="bbox 2433 2176 3046 2244; baseline -0.002 -14"><span class='ocrx_word' id='word_1_429' title='bbox 2433 2178 2613 2232; x_wconf 86' lang='lat' dir='ltr'><strong>PMZ&#39;.</strong></span> <span class='ocrx_word' id='word_1_430' title='bbox 2649 2209 2715 2217; x_wconf 94' lang='lat'><strong><em>—</em></strong></span> <span class='ocrx_word' id='word_1_431' title='bbox 2754 2177 2839 2244; x_wconf 80' lang='grc' dir='ltr'>τῷ</span> <span class='ocrx_word' id='word_1_432' title='bbox 2865 2176 3046 2242; x_wconf 83' lang='grc' dir='ltr'>αὐτῷ.</span> 
     </span>
    </p>
   </div>
   <div class='ocr_carea' id='block_1_67' title="bbox 2024 2263 3530 2340">
    <p class='ocr_par' dir='ltr' id='par_1_67' title="bbox 2024 2263 3530 2340">
     <span class='ocr_line' id='line_1_67' title="bbox 2024 2263 3530 2340; baseline -0.003 -20"><span class='ocrx_word' id='word_1_433' title='bbox 2024 2287 2044 2320; x_wconf 76' lang='grc' dir='ltr'><strong>ι</strong></span> <span class='ocrx_word' id='word_1_434' title='bbox 2085 2269 2178 2340; x_wconf 78' lang='grc' dir='ltr'><strong>Μὴ</strong></span> <span class='ocrx_word' id='word_1_435' title='bbox 2211 2268 2534 2340; x_wconf 85' lang='grc' dir='ltr'>ἀποκρίνου,</span> <span class='ocrx_word' id='word_1_436' title='bbox 2575 2270 2710 2338; x_wconf 68' lang='grc' dir='ltr'>φησι</span> <span class='ocrx_word' id='word_1_437' title='bbox 2739 2268 3009 2339; x_wconf 85' lang='grc' dir='ltr'>Σολομῶν,</span> <span class='ocrx_word' id='word_1_438' title='bbox 3038 2267 3117 2338; x_wconf 81' lang='grc' dir='ltr'>τῷ</span> <span class='ocrx_word' id='word_1_439' title='bbox 3162 2267 3358 2337; x_wconf 82' lang='grc' dir='ltr'>ἄφρονι</span> <span class='ocrx_word' id='word_1_440' title='bbox 3389 2263 3530 2318; x_wconf 89' lang='grc' dir='ltr'><strong>κατά</strong></span> 
     </span>
    </p>
   </div>
   <div class='ocr_carea' id='block_1_68' title="bbox 1946 2356 3528 2432">
    <p class='ocr_par' dir='ltr' id='par_1_68' title="bbox 1946 2356 3528 2432">
     <span class='ocr_line' id='line_1_68' title="bbox 1946 2356 3528 2432; baseline -0.003 -19"><span class='ocrx_word' id='word_1_441' title='bbox 1946 2359 2047 2432; x_wconf 80' lang='grc' dir='ltr'>τὴν</span> <span class='ocrx_word' id='word_1_442' title='bbox 2085 2360 2399 2430; x_wconf 82' lang='grc' dir='ltr'>ἀφροσύνην</span> <span class='ocrx_word' id='word_1_443' title='bbox 2450 2360 2638 2425; x_wconf 87' lang='grc' dir='ltr'>αὑτοῦ,</span> <span class='ocrx_word' id='word_1_444' title='bbox 2682 2361 2769 2413; x_wconf 81' lang='grc' dir='ltr'><strong>ἵνα</strong></span> <span class='ocrx_word' id='word_1_445' title='bbox 2825 2360 2903 2432; x_wconf 84' lang='grc' dir='ltr'>μὴ</span> <span class='ocrx_word' id='word_1_446' title='bbox 2937 2361 3122 2432; x_wconf 81' lang='grc' dir='ltr'>ὅμοιος</span> <span class='ocrx_word' id='word_1_447' title='bbox 3159 2359 3292 2430; x_wconf 81' lang='grc' dir='ltr'><strong>γένῃ</strong></span> <span class='ocrx_word' id='word_1_448' title='bbox 3347 2356 3528 2428; x_wconf 78' lang='grc' dir='ltr'><strong>αὑτῷ⁶</strong></span> 
     </span>
    </p>
   </div>
   <div class='ocr_carea' id='block_1_69' title="bbox 1948 2448 3530 2523">
    <p class='ocr_par' dir='ltr' id='par_1_69' title="bbox 1948 2448 3530 2523">
     <span class='ocr_line' id='line_1_69' title="bbox 1948 2448 3530 2523; baseline -0.002 -18"><span class='ocrx_word' id='word_1_449' title='bbox 1948 2451 2245 2523; x_wconf 85' lang='grc' dir='ltr'>ἀποκρίνου</span> <span class='ocrx_word' id='word_1_450' title='bbox 2279 2451 2336 2504; x_wconf 81' lang='grc' dir='ltr'><strong>δὲ</strong></span> <span class='ocrx_word' id='word_1_451' title='bbox 2363 2451 2442 2523; x_wconf 80' lang='grc' dir='ltr'><strong>τῷ</strong></span> <span class='ocrx_word' id='word_1_452' title='bbox 2487 2452 2680 2522; x_wconf 79' lang='grc' dir='ltr'>ἄφρονι</span> <span class='ocrx_word' id='word_1_453' title='bbox 2711 2451 2850 2523; x_wconf 88' lang='grc' dir='ltr'>πρὸς</span> <span class='ocrx_word' id='word_1_454' title='bbox 2879 2450 2977 2522; x_wconf 80' lang='grc' dir='ltr'><strong>τὴν</strong></span> <span class='ocrx_word' id='word_1_455' title='bbox 3009 2450 3319 2522; x_wconf 85' lang='grc' dir='ltr'>ἀφροσύνην</span> <span class='ocrx_word' id='word_1_456' title='bbox 3343 2448 3530 2514; x_wconf 85' lang='grc' dir='ltr'>αὑτοῦ,</span> 
     </span>
    </p>
   </div>
   <div class='ocr_carea' id='block_1_70' title="bbox 1951 2540 3533 2613">
    <p class='ocr_par' dir='ltr' id='par_1_70' title="bbox 1951 2540 3533 2613">
     <span class='ocr_line' id='line_1_70' title="bbox 1951 2540 3533 2613; baseline -0.001 -18"><span class='ocrx_word' id='word_1_457' title='bbox 1951 2543 2038 2613; x_wconf 79' lang='grc' dir='ltr'>ἰζνα</span> <span class='ocrx_word' id='word_1_458' title='bbox 2063 2543 2138 2612; x_wconf 82' lang='grc' dir='ltr'>μὴ</span> <span class='ocrx_word' id='word_1_459' title='bbox 2173 2542 2435 2613; x_wconf 85' lang='grc' dir='ltr'>φρόνιμος</span> <span class='ocrx_word' id='word_1_460' title='bbox 2467 2543 2598 2610; x_wconf 83' lang='grc' dir='ltr'>παρ’</span> <span class='ocrx_word' id='word_1_461' title='bbox 2631 2541 2808 2613; x_wconf 80' lang='grc' dir='ltr'>ἑαυτῷ</span> <span class='ocrx_word' id='word_1_462' title='bbox 2834 2542 3110 2611; x_wconf 84' lang='grc' dir='ltr'>φαίνηται.</span> <span class='ocrx_word' id='word_1_463' title='bbox 3138 2561 3160 2593; x_wconf 73' lang='grc' dir='ltr'><strong>ι</strong></span> <span class='ocrx_word' id='word_1_464' title='bbox 3197 2541 3256 2593; x_wconf 87' lang='grc' dir='ltr'><strong>Ὀ</strong></span> <span class='ocrx_word' id='word_1_465' title='bbox 3299 2540 3396 2612; x_wconf 76' lang='grc' dir='ltr'>μὲν</span> <span class='ocrx_word' id='word_1_466' title='bbox 3423 2542 3533 2610; x_wconf 78' lang='grc' dir='ltr'><strong>γὰρ</strong></span> 
     </span>
    </p>
   </div>
   <div class='ocr_carea' id='block_1_71' title="bbox 1949 2627 3532 2704">
    <p class='ocr_par' dir='ltr' id='par_1_71' title="bbox 1949 2627 3532 2704">
     <span class='ocr_line' id='line_1_71' title="bbox 1949 2627 3532 2704; baseline -0.003 -18"><span class='ocrx_word' id='word_1_467' title='bbox 1949 2632 2201 2688; x_wconf 81' lang='grc' dir='ltr'>λαλοῦντι</span> <span class='ocrx_word' id='word_1_468' title='bbox 2230 2633 2309 2704; x_wconf 80' lang='grc' dir='ltr'><strong>τῷ</strong></span> <span class='ocrx_word' id='word_1_469' title='bbox 2339 2635 2537 2704; x_wconf 80' lang='grc' dir='ltr'>ἄφρονι</span> <span class='ocrx_word' id='word_1_470' title='bbox 2569 2634 2638 2688; x_wconf 85' lang='grc' dir='ltr'>τὰ</span> <span class='ocrx_word' id='word_1_471' title='bbox 2671 2631 3059 2702; x_wconf 80' lang='grc' dir='ltr'>ἐναντιούμενα</span> <span class='ocrx_word' id='word_1_472' title='bbox 3078 2633 3190 2695; x_wconf 82' lang='grc' dir='ltr'>τοῖς</span> <span class='ocrx_word' id='word_1_473' title='bbox 3223 2631 3407 2702; x_wconf 88' lang='grc' dir='ltr'>νόμοις</span> <span class='ocrx_word' id='word_1_474' title='bbox 3438 2627 3532 2682; x_wconf 81' lang='grc' dir='ltr'><strong>τοῦ</strong></span> 
     </span>
    </p>
   </div>
   <div class='ocr_carea' id='block_1_72' title="bbox 1948 2723 3534 2797">
    <p class='ocr_par' dir='ltr' id='par_1_72' title="bbox 1948 2723 3534 2797">
     <span class='ocr_line' id='line_1_72' title="bbox 1948 2723 3534 2797; baseline -0.003 -19"><span class='ocrx_word' id='word_1_475' title='bbox 1948 2724 2106 2793; x_wconf 83' lang='grc' dir='ltr'>Θεοῦ,</span> <span class='ocrx_word' id='word_1_476' title='bbox 2141 2726 2239 2779; x_wconf 76' lang='grc' dir='ltr'><strong>καὶ</strong></span> <span class='ocrx_word' id='word_1_477' title='bbox 2276 2725 2738 2797; x_wconf 81' lang='grc' dir='ltr'>προσκαλουμένῳ</span> <span class='ocrx_word' id='word_1_478' title='bbox 2777 2725 2857 2788; x_wconf 88' lang='grc' dir='ltr'>εἰς</span> <span class='ocrx_word' id='word_1_479' title='bbox 2897 2723 3172 2796; x_wconf 76' lang='grc' dir='ltr'>ἁμαρτίαν</span> <span class='ocrx_word' id='word_1_480' title='bbox 3203 2737 3534 2791; x_wconf 84' lang='grc' dir='ltr'>συγκατατι-</span> 
     </span>
    </p>
   </div>
   <div class='ocr_carea' id='block_1_73' title="bbox 1949 2813 3535 2890">
    <p class='ocr_par' dir='ltr' id='par_1_73' title="bbox 1949 2813 3535 2890">
     <span class='ocr_line' id='line_1_73' title="bbox 1949 2813 3535 2890; baseline -0.003 -19"><span class='ocrx_word' id='word_1_481' title='bbox 1949 2817 2194 2890; x_wconf 79' lang='grc' dir='ltr'>θέμενος,</span> <span class='ocrx_word' id='word_1_482' title='bbox 2241 2820 2336 2873; x_wconf 66' lang='grc' dir='ltr'><strong>καλ⁵</strong></span> <span class='ocrx_word' id='word_1_483' title='bbox 2385 2819 2683 2883; x_wconf 88' lang='grc' dir='ltr'>συναινῶν,</span> <span class='ocrx_word' id='word_1_484' title='bbox 2728 2815 3004 2887; x_wconf 87' lang='grc' dir='ltr'>ἀπεκρίθη</span> <span class='ocrx_word' id='word_1_485' title='bbox 3044 2814 3188 2869; x_wconf 81' lang='grc' dir='ltr'>κατᾶ</span> <span class='ocrx_word' id='word_1_486' title='bbox 3240 2813 3339 2885; x_wconf 81' lang='grc' dir='ltr'>τὴν</span> <span class='ocrx_word' id='word_1_487' title='bbox 3362 2815 3535 2883; x_wconf 78' lang='grc' dir='ltr'>ἀφρο-</span> 
     </span>
    </p>
   </div>
   <div class='ocr_carea' id='block_1_74' title="bbox 1951 2903 3532 2979">
    <p class='ocr_par' dir='ltr' id='par_1_74' title="bbox 1951 2903 3532 2979">
     <span class='ocr_line' id='line_1_74' title="bbox 1951 2903 3532 2979; baseline -0.002 -19"><span class='ocrx_word' id='word_1_488' title='bbox 1951 2908 2118 2978; x_wconf 87' lang='grc' dir='ltr'>σὺνην</span> <span class='ocrx_word' id='word_1_489' title='bbox 2144 2908 2239 2960; x_wconf 81' lang='grc' dir='ltr'><strong>τοῦ</strong></span> <span class='ocrx_word' id='word_1_490' title='bbox 2263 2909 2513 2979; x_wconf 81' lang='grc' dir='ltr'>ἄφρονος,</span> <span class='ocrx_word' id='word_1_491' title='bbox 2547 2907 2640 2961; x_wconf 74' lang='grc' dir='ltr'><strong>καὶ</strong></span> <span class='ocrx_word' id='word_1_492' title='bbox 2666 2906 2922 2978; x_wconf 84' lang='grc' dir='ltr'>ὡμοιώθη</span> <span class='ocrx_word' id='word_1_493' title='bbox 2954 2903 3132 2976; x_wconf 76' lang='grc' dir='ltr'>αὐτῷ’</span> <span class='ocrx_word' id='word_1_494' title='bbox 3166 2906 3195 2956; x_wconf 88' lang='grc' dir='ltr'>ὁ</span> <span class='ocrx_word' id='word_1_495' title='bbox 3226 2904 3270 2956; x_wconf 85' lang='grc' dir='ltr'><strong>δ’</strong></span> <span class='ocrx_word' id='word_1_496' title='bbox 3311 2905 3532 2958; x_wconf 85' lang='grc' dir='ltr'>ἀντιτα-</span> 
     </span>
    </p>
   </div>
   <div class='ocr_carea' id='block_1_75' title="bbox 1951 2992 3532 3072">
    <p class='ocr_par' dir='ltr' id='par_1_75' title="bbox 1951 2992 3532 3072">
     <span class='ocr_line' id='line_1_75' title="bbox 1951 2992 3532 3072; baseline -0.004 -19"><span class='ocrx_word' id='word_1_497' title='bbox 1951 2999 2184 3070; x_wconf 70' lang='grc' dir='ltr'>ξάμενος</span> <span class='ocrx_word' id='word_1_498' title='bbox 2216 2999 2292 3070; x_wconf 79' lang='grc' dir='ltr'>τῷ</span> <span class='ocrx_word' id='word_1_499' title='bbox 2313 2992 2574 3072; x_wconf 79' lang='grc' dir='ltr'>φράζοντι</span> <span class='ocrx_word' id='word_1_500' title='bbox 2603 2999 2672 3051; x_wconf 77' lang='grc' dir='ltr'>τὰ</span> <span class='ocrx_word' id='word_1_501' title='bbox 2699 2997 2898 3068; x_wconf 87' lang='grc' dir='ltr'>φαῦλα,</span> <span class='ocrx_word' id='word_1_502' title='bbox 2929 2998 3025 3051; x_wconf 74' lang='grc' dir='ltr'><strong>καὶ</strong></span> <span class='ocrx_word' id='word_1_503' title='bbox 3056 2997 3130 3067; x_wconf 80' lang='grc' dir='ltr'>μὴ</span> <span class='ocrx_word' id='word_1_504' title='bbox 3164 2995 3532 3066; x_wconf 74' lang='grc' dir='ltr'>ἀνασχόμενος</span> 
     </span>
    </p>
   </div>
   <div class='ocr_carea' id='block_1_76' title="bbox 1951 3087 3533 3162">
    <p class='ocr_par' dir='ltr' id='par_1_76' title="bbox 1951 3087 3533 3162">
     <span class='ocr_line' id='line_1_76' title="bbox 1951 3087 3533 3162; baseline -0.002 -18"><span class='ocrx_word' id='word_1_505' title='bbox 1951 3091 2230 3145; x_wconf 85' lang='grc' dir='ltr'>συνδιάσαι</span> <span class='ocrx_word' id='word_1_506' title='bbox 2270 3090 2348 3160; x_wconf 84' lang='grc' dir='ltr'>τῷ</span> <span class='ocrx_word' id='word_1_507' title='bbox 2395 3091 2832 3162; x_wconf 81' lang='grc' dir='ltr'>μιαρορρήμονι,</span> <span class='ocrx_word' id='word_1_508' title='bbox 2883 3087 3275 3159; x_wconf 83' lang='grc' dir='ltr'>ἀποκρίνεσθαι</span> <span class='ocrx_word' id='word_1_509' title='bbox 3315 3087 3533 3156; x_wconf 80' lang='grc' dir='ltr'>λέγεται</span> 
     </span>
    </p>
   </div>
   <div class='ocr_carea' id='block_1_77' title="bbox 1949 3179 3532 3254">
    <p class='ocr_par' dir='ltr' id='par_1_77' title="bbox 1949 3179 3532 3254">
     <span class='ocr_line' id='line_1_77' title="bbox 1949 3179 3532 3254; baseline -0.002 -19"><span class='ocrx_word' id='word_1_510' title='bbox 1949 3182 2087 3253; x_wconf 82' lang='grc' dir='ltr'>πρὸς</span> <span class='ocrx_word' id='word_1_511' title='bbox 2133 3183 2234 3254; x_wconf 84' lang='grc' dir='ltr'>τὴν</span> <span class='ocrx_word' id='word_1_512' title='bbox 2265 3182 2580 3253; x_wconf 84' lang='grc' dir='ltr'>ἀφροσύνην</span> <span class='ocrx_word' id='word_1_513' title='bbox 2607 3179 3056 3246; x_wconf 86' lang='grc' dir='ltr'>αὑτοῦ,τουτέστι</span> <span class='ocrx_word' id='word_1_514' title='bbox 3083 3179 3224 3232; x_wconf 86' lang='grc' dir='ltr'><strong>κατὰ</strong></span> <span class='ocrx_word' id='word_1_515' title='bbox 3241 3179 3336 3247; x_wconf 77' lang='grc' dir='ltr'>τῆς</span> <span class='ocrx_word' id='word_1_516' title='bbox 3358 3179 3532 3248; x_wconf 81' lang='grc' dir='ltr'>ἀφρο-</span> 
     </span>
    </p>
   </div>
   <div class='ocr_carea' id='block_1_78' title="bbox 1951 3263 3530 3346">
    <p class='ocr_par' dir='ltr' id='par_1_78' title="bbox 1951 3263 3530 3346">
     <span class='ocr_line' id='line_1_78' title="bbox 1951 3263 3530 3346; baseline -0.003 -19"><span class='ocrx_word' id='word_1_517' title='bbox 1951 3275 2114 3346; x_wconf 83' lang='grc' dir='ltr'>σύνης</span> <span class='ocrx_word' id='word_1_518' title='bbox 2137 3263 2302 3329; x_wconf 72' lang='grc' dir='ltr'>αὑτοῦ</span> <span class='ocrx_word' id='word_1_519' title='bbox 2325 3273 2620 3344; x_wconf 81' lang='grc' dir='ltr'>ἀπεδείχθη</span> <span class='ocrx_word' id='word_1_520' title='bbox 2651 3274 2870 3341; x_wconf 85' lang='grc' dir='ltr'>ἄριστος</span> <span class='ocrx_word' id='word_1_521' title='bbox 2899 3271 3123 3340; x_wconf 82' lang='grc' dir='ltr'>νικητὴς</span> <span class='ocrx_word' id='word_1_522' title='bbox 3151 3269 3530 3342; x_wconf 83' lang='grc' dir='ltr'>τροπαιοῦχος,</span> 
     </span>
    </p>
   </div>
   <div class='ocr_carea' id='block_1_79' title="bbox 1948 3362 3533 3438">
    <p class='ocr_par' dir='ltr' id='par_1_79' title="bbox 1948 3362 3533 3438">
     <span class='ocr_line' id='line_1_79' title="bbox 1948 3362 3533 3438; baseline -0.001 -20"><span class='ocrx_word' id='word_1_523' title='bbox 1948 3371 2012 3438; x_wconf 79' lang='grc' dir='ltr'>τῇ</span> <span class='ocrx_word' id='word_1_524' title='bbox 2037 3365 2302 3437; x_wconf 82' lang='grc' dir='ltr'>βελοθήκῃ</span> <span class='ocrx_word' id='word_1_525' title='bbox 2321 3366 2417 3436; x_wconf 81' lang='grc' dir='ltr'>τῆς</span> <span class='ocrx_word' id='word_1_526' title='bbox 2446 3364 2724 3434; x_wconf 84' lang='grc' dir='ltr'>ἀληθείας,</span> <span class='ocrx_word' id='word_1_527' title='bbox 2748 3365 2844 3416; x_wconf 71' lang='grc' dir='ltr'><strong>καὶ</strong></span> <span class='ocrx_word' id='word_1_528' title='bbox 2863 3364 2961 3431; x_wconf 81' lang='grc' dir='ltr'>τῆς</span> <span class='ocrx_word' id='word_1_529' title='bbox 2985 3362 3309 3434; x_wconf 79' lang='grc' dir='ltr'>ἐπουρανίου</span> <span class='ocrx_word' id='word_1_530' title='bbox 3341 3363 3533 3431; x_wconf 87' lang='grc' dir='ltr'>σοφίας</span> 
     </span>
    </p>
   </div>
   <div class='ocr_carea' id='block_1_80' title="bbox 1948 3453 3531 3527">
    <p class='ocr_par' dir='ltr' id='par_1_80' title="bbox 1948 3453 3531 3527">
     <span class='ocr_line' id='line_1_80' title="bbox 1948 3453 3531 3527; baseline -0.001 -19"><span class='ocrx_word' id='word_1_531' title='bbox 1948 3456 2291 3527; x_wconf 78' lang='grc' dir='ltr'>χρησάμενος</span> <span class='ocrx_word' id='word_1_532' title='bbox 2338 3455 2479 3510; x_wconf 74' lang='grc' dir='ltr'>κατὰ</span> <span class='ocrx_word' id='word_1_533' title='bbox 2511 3459 2608 3527; x_wconf 80' lang='grc' dir='ltr'>τῆς</span> <span class='ocrx_word' id='word_1_534' title='bbox 2651 3454 2985 3526; x_wconf 86' lang='grc' dir='ltr'>ἀφροσύνης,</span> <span class='ocrx_word' id='word_1_535' title='bbox 3029 3453 3122 3506; x_wconf 72' lang='grc' dir='ltr'><strong>καὶ</strong></span> <span class='ocrx_word' id='word_1_536' title='bbox 3156 3453 3258 3523; x_wconf 77' lang='grc' dir='ltr'>τῆς</span> <span class='ocrx_word' id='word_1_537' title='bbox 3295 3454 3531 3524; x_wconf 87' lang='grc' dir='ltr'>ματαίας</span> 
     </span>
    </p>
   </div>
   <div class='ocr_carea' id='block_1_81' title="bbox 1947 3531 2896 3619">
    <p class='ocr_par' dir='ltr' id='par_1_81' title="bbox 1947 3545 2896 3619">
     <span class='ocr_line' id='line_1_81' title="bbox 1947 3545 2896 3619; baseline 0 -18"><span class='ocrx_word' id='word_1_538' title='bbox 1947 3549 2176 3619; x_wconf 75' lang='grc' dir='ltr'>οίήσεως</span> <span class='ocrx_word' id='word_1_539' title='bbox 2218 3546 2310 3601; x_wconf 87' lang='grc' dir='ltr'><strong>τοῦ</strong></span> <span class='ocrx_word' id='word_1_540' title='bbox 2343 3546 2581 3618; x_wconf 88' lang='grc' dir='ltr'>πονηροῦ</span> <span class='ocrx_word' id='word_1_541' title='bbox 2616 3545 2896 3616; x_wconf 83' lang='grc' dir='ltr'>σοφιστοῦ.</span> 
     </span>
    </p>
   </div>
   <div class='ocr_carea' id='block_1_82' title="bbox 2391 3639 3096 3710">
    <p class='ocr_par' dir='ltr' id='par_1_82' title="bbox 2391 3639 3096 3710">
     <span class='ocr_line' id='line_1_82' title="bbox 2391 3639 3096 3710; baseline 0 -18"><span class='ocrx_word' id='word_1_542' title='bbox 2391 3639 2580 3693; x_wconf 77' lang='lat' dir='ltr'><strong>mur.</strong></span> <span class='ocrx_word' id='word_1_543' title='bbox 2614 3668 2684 3680; x_wconf 87' lang='lat'><strong><em>—</em></strong></span> <span class='ocrx_word' id='word_1_544' title='bbox 2712 3639 3096 3710; x_wconf 80' lang='grc' dir='ltr'><strong>ΣΩΖΟΜΕΝῼ.</strong></span> 
     </span>
    </p>
   </div>
   <div class='ocr_carea' id='block_1_83' title="bbox 2030 3727 3528 3800">
    <p class='ocr_par' dir='ltr' id='par_1_83' title="bbox 2030 3727 3528 3800">
     <span class='ocr_line' id='line_1_83' title="bbox 2030 3727 3528 3800; baseline -0.003 -16"><span class='ocrx_word' id='word_1_545' title='bbox 2030 3730 2096 3784; x_wconf 80' lang='lat' dir='ltr'><strong>&#39;Il</strong></span> <span class='ocrx_word' id='word_1_546' title='bbox 2127 3730 2224 3800; x_wconf 78' lang='grc' dir='ltr'><strong>μὲν</strong></span> <span class='ocrx_word' id='word_1_547' title='bbox 2253 3729 2498 3800; x_wconf 86' lang='grc' dir='ltr'>ἁμαρτία</span> <span class='ocrx_word' id='word_1_548' title='bbox 2541 3727 2698 3798; x_wconf 84' lang='grc' dir='ltr'>δίκην</span> <span class='ocrx_word' id='word_1_549' title='bbox 2752 3727 2964 3782; x_wconf 83' lang='grc' dir='ltr'>καπνοῦ</span> <span class='ocrx_word' id='word_1_550' title='bbox 2991 3728 3184 3780; x_wconf 85' lang='grc' dir='ltr'>θᾶττον</span> <span class='ocrx_word' id='word_1_551' title='bbox 3212 3727 3486 3780; x_wconf 75' lang='grc' dir='ltr'>διαλύεται</span> <span class='ocrx_word' id='word_1_552' title='bbox 3512 3743 3528 3758; x_wconf 78' lang='grc' dir='ltr'><strong>ο</strong></span> 
     </span>
    </p>
   </div>
   <div class='ocr_carea' id='block_1_84' title="bbox 1947 3816 3528 3890">
    <p class='ocr_par' dir='ltr' id='par_1_84' title="bbox 1947 3816 3528 3890">
     <span class='ocr_line' id='line_1_84' title="bbox 1947 3816 3528 3890; baseline -0.003 -17"><span class='ocrx_word' id='word_1_553' title='bbox 1947 3819 1980 3889; x_wconf 81' lang='grc' dir='ltr'><strong>ἡ</strong></span> <span class='ocrx_word' id='word_1_554' title='bbox 2019 3819 2077 3873; x_wconf 80' lang='grc' dir='ltr'><strong>δὲ</strong></span> <span class='ocrx_word' id='word_1_555' title='bbox 2108 3818 2436 3890; x_wconf 79' lang='grc' dir='ltr'>ὀφειλομένη</span> <span class='ocrx_word' id='word_1_556' title='bbox 2470 3817 2737 3888; x_wconf 82' lang='grc' dir='ltr'>τιμωρία,</span> <span class='ocrx_word' id='word_1_557' title='bbox 2778 3817 2873 3868; x_wconf 73' lang='grc' dir='ltr'><strong>καί⁵</strong></span> <span class='ocrx_word' id='word_1_558' title='bbox 2908 3816 3149 3881; x_wconf 87' lang='grc' dir='ltr'>κόλασις,</span> <span class='ocrx_word' id='word_1_559' title='bbox 3181 3817 3274 3869; x_wconf 86' lang='grc' dir='ltr'>ἐπί</span> <span class='ocrx_word' id='word_1_560' title='bbox 3330 3817 3528 3879; x_wconf 78' lang='grc' dir='ltr'>πόσους</span> 
     </span>
    </p>
   </div>
   <div class='ocr_carea' id='block_1_85' title="bbox 1948 3905 3528 3978">
    <p class='ocr_par' dir='ltr' id='par_1_85' title="bbox 1948 3905 3528 3978">
     <span class='ocr_line' id='line_1_85' title="bbox 1948 3905 3528 3978; baseline -0.002 -16"><span class='ocrx_word' id='word_1_561' title='bbox 1948 3909 2152 3974; x_wconf 84' lang='grc' dir='ltr'>αἰῶνας</span> <span class='ocrx_word' id='word_1_562' title='bbox 2177 3909 2472 3963; x_wconf 78' lang='grc' dir='ltr'>ἐντείνεται</span> <span class='ocrx_word' id='word_1_563' title='bbox 2499 3926 2515 3976; x_wconf 86' lang='lat'><strong>;</strong></span> <span class='ocrx_word' id='word_1_564' title='bbox 2550 3905 2678 3961; x_wconf 83' lang='grc' dir='ltr'><strong>Ἐὰν</strong></span> <span class='ocrx_word' id='word_1_565' title='bbox 2708 3905 2920 3977; x_wconf 79' lang='grc' dir='ltr'>λογίσῃ,</span> <span class='ocrx_word' id='word_1_566' title='bbox 2971 3905 3256 3978; x_wconf 78' lang='grc' dir='ltr'>φοϐηθήσῃ</span> <span class='ocrx_word' id='word_1_567' title='bbox 3295 3905 3528 3976; x_wconf 84' lang='grc' dir='ltr'>μεγάλα,</span> 
     </span>
    </p>
   </div>
   <div class='ocr_carea' id='block_1_86' title="bbox 1947 3991 3066 4072">
    <p class='ocr_par' dir='ltr' id='par_1_86' title="bbox 1947 3991 3066 4072">
     <span class='ocr_line' id='line_1_86' title="bbox 1947 3991 3066 4072; baseline -0.004 -18"><span class='ocrx_word' id='word_1_568' title='bbox 1947 4001 2041 4056; x_wconf 80' lang='grc' dir='ltr'>καὶ</span> <span class='ocrx_word' id='word_1_569' title='bbox 2071 4001 2390 4072; x_wconf 77' lang='grc' dir='ltr'>τρομάξεις.</span> <span class='ocrx_word' id='word_1_570' title='bbox 3060 3991 3066 3996; x_wconf 68' lang='grc'><em>’</em></span> 
     </span>
    </p>
   </div>
   <div class='ocr_carea' id='block_1_87' title="bbox 2161 4089 3315 4163">
    <p class='ocr_par' dir='ltr' id='par_1_87' title="bbox 2161 4089 3315 4163">
     <span class='ocr_line' id='line_1_87' title="bbox 2161 4089 3315 4163; baseline -0.002 -18"><span class='ocrx_word' id='word_1_571' title='bbox 2161 4092 2344 4146; x_wconf 84' lang='grc' dir='ltr'><strong>ΡΜΘ’.</strong></span> <span class='ocrx_word' id='word_1_572' title='bbox 2375 4089 2810 4163; x_wconf 76' lang='grc' dir='ltr'><strong>-ΚΟΡΝΗΛΙῼ</strong></span> <span class='ocrx_word' id='word_1_573' title='bbox 2849 4091 3315 4161; x_wconf 78' lang='grc' dir='ltr'><strong>ΠΡΕΣΒΥΤΕΡῼ.</strong></span> 
     </span>
    </p>
   </div>
   <div class='ocr_carea' id='block_1_88' title="bbox 2015 4178 3531 4254">
    <p class='ocr_par' dir='ltr' id='par_1_88' title="bbox 2015 4178 3531 4254">
     <span class='ocr_line' id='line_1_88' title="bbox 2015 4178 3531 4254; baseline -0.003 -20"><span class='ocrx_word' id='word_1_574' title='bbox 2015 4183 2080 4235; x_wconf 84' lang='grc' dir='ltr'><strong>Τί</strong></span> <span class='ocrx_word' id='word_1_575' title='bbox 2149 4184 2334 4249; x_wconf 82' lang='grc' dir='ltr'>ἐστιν,</span> <span class='ocrx_word' id='word_1_576' title='bbox 2393 4185 2528 4254; x_wconf 79' lang='grc' dir='ltr'>ὅπερ</span> <span class='ocrx_word' id='word_1_577' title='bbox 2585 4185 2748 4254; x_wconf 73' lang='grc' dir='ltr'>φησὶν</span> <span class='ocrx_word' id='word_1_578' title='bbox 2805 4184 2835 4236; x_wconf 85' lang='grc' dir='ltr'>ὁ</span> <span class='ocrx_word' id='word_1_579' title='bbox 2897 4183 3250 4246; x_wconf 80' lang='grc' dir='ltr'>⁹Απόστολος·</span> <span class='ocrx_word' id='word_1_580' title='bbox 3297 4199 3314 4230; x_wconf 81' lang='grc' dir='ltr'><strong>ι</strong></span> <span class='ocrx_word' id='word_1_581' title='bbox 3360 4180 3420 4231; x_wconf 85' lang='grc' dir='ltr'><strong>Εἰ</strong></span> <span class='ocrx_word' id='word_1_582' title='bbox 3473 4178 3531 4231; x_wconf 76' lang='grc' dir='ltr'><strong>δὲ</strong></span> 
     </span>
    </p>
   </div>
   <div class='ocr_carea' id='block_1_89' title="bbox 3233 4271 3532 4325">
    <p class='ocr_par' dir='ltr' id='par_1_89' title="bbox 3233 4271 3532 4325">
     <span class='ocr_line' id='line_1_89' title="bbox 3233 4271 3532 4325; baseline -0.007 0"><span class='ocrx_word' id='word_1_583' title='bbox 3233 4271 3372 4325; x_wconf 74' lang='grc' dir='ltr'>ἀλλὰ</span> <span class='ocrx_word' id='word_1_584' title='bbox 3437 4271 3532 4323; x_wconf 78' lang='grc' dir='ltr'><strong>νῦν</strong></span> 
     </span>
    </p>
   </div>
   <div class='ocr_carea' id='block_1_90' title="bbox 270 4359 1848 4438">
    <p class='ocr_par' dir='ltr' id='par_1_90' title="bbox 270 4359 1840 4438">
     <span class='ocr_line' id='line_1_90' title="bbox 270 4359 1840 4438; baseline -0.002 -17"><span class='ocrx_word' id='word_1_585' title='bbox 270 4366 655 4438; x_wconf 73' lang='lat' dir='ltr'><strong>cognoscimus</strong></span> <span class='ocrx_word' id='word_1_586' title='bbox 672 4364 752 4417; x_wconf 76' lang='grc'><strong>⁸⁵2</strong></span> <span class='ocrx_word' id='word_1_587' title='bbox 784 4380 801 4414; x_wconf 79' lang='grc' dir='ltr'><strong>ι</strong></span> <span class='ocrx_word' id='word_1_588' title='bbox 830 4359 1075 4431; x_wconf 79' lang='lat' dir='ltr'><strong>Namque</strong></span> <span class='ocrx_word' id='word_1_589' title='bbox 1097 4369 1318 4431; x_wconf 89' lang='lat' dir='ltr'><strong>propter</strong></span> <span class='ocrx_word' id='word_1_590' title='bbox 1338 4376 1584 4417; x_wconf 88' lang='lat' dir='ltr'><strong>nostram</strong></span> <span class='ocrx_word' id='word_1_591' title='bbox 1610 4365 1840 4420; x_wconf 89' lang='lat' dir='ltr'><strong>salutem</strong></span> 
     </span>
    </p>
   </div>
   <div class='ocr_carea' id='block_1_91' title="bbox 1955 4359 3534 4438">
    <p class='ocr_par' dir='ltr' id='par_1_91' title="bbox 1955 4359 3534 4432">
     <span class='ocr_line' id='line_1_91' title="bbox 1955 4359 3534 4432; baseline -0.003 -15"><span class='ocrx_word' id='word_1_592' title='bbox 1955 4363 2126 4417; x_wconf 66' lang='grc' dir='ltr'>οὐκέτι</span> <span class='ocrx_word' id='word_1_593' title='bbox 2183 4363 2564 4432; x_wconf 86' lang='grc' dir='ltr'>γινώσκομεν;</span> <span class='ocrx_word' id='word_1_594' title='bbox 2615 4382 2631 4413; x_wconf 79' lang='grc' dir='ltr'><strong>ι</strong></span> <span class='ocrx_word' id='word_1_595' title='bbox 2693 4362 2910 4431; x_wconf 85' lang='grc' dir='ltr'>Ἐπειδὴ</span> <span class='ocrx_word' id='word_1_596' title='bbox 2960 4362 3050 4414; x_wconf 84' lang='grc' dir='ltr'><strong>διὰ</strong></span> <span class='ocrx_word' id='word_1_597' title='bbox 3115 4361 3214 4431; x_wconf 81' lang='grc' dir='ltr'>τὴν</span> <span class='ocrx_word' id='word_1_598' title='bbox 3258 4359 3534 4430; x_wconf 75' lang='grc' dir='ltr'>ἡμετέραν</span> 
     </span>
    </p>
   </div>
   <div class='ocr_carea' id='block_1_92' title="bbox 271 4451 1848 4526">
    <p class='ocr_par' dir='ltr' id='par_1_92' title="bbox 271 4452 1848 4514">
     <span class='ocr_line' id='line_1_92' title="bbox 271 4452 1848 4514; baseline -0.002 -1"><span class='ocrx_word' id='word_1_599' title='bbox 271 4460 537 4514; x_wconf 85' lang='lat' dir='ltr'><strong>Dominus</strong></span> <span class='ocrx_word' id='word_1_600' title='bbox 578 4456 740 4508; x_wconf 88' lang='lat' dir='ltr'><strong>homo</strong></span> <span class='ocrx_word' id='word_1_601' title='bbox 772 4453 972 4513; x_wconf 82' lang='lat' dir='ltr'><strong>factus,</strong></span> <span class='ocrx_word' id='word_1_602' title='bbox 1007 4462 1218 4506; x_wconf 84' lang='lat' dir='ltr'><strong>etcum</strong></span> <span class='ocrx_word' id='word_1_603' title='bbox 1267 4452 1581 4509; x_wconf 91' lang='lat' dir='ltr'><strong>hominibus</strong></span> <span class='ocrx_word' id='word_1_604' title='bbox 1621 4467 1848 4511; x_wconf 87' lang='lat' dir='ltr'><strong>conver-</strong></span> 
     </span>
    </p>
   </div>
   <div class='ocr_carea' id='block_1_93' title="bbox 1955 4451 3533 4526">
    <p class='ocr_par' dir='ltr' id='par_1_93' title="bbox 1955 4452 3533 4526">
     <span class='ocr_line' id='line_1_93' title="bbox 1955 4452 3533 4526; baseline -0.003 -18"><span class='ocrx_word' id='word_1_605' title='bbox 1955 4454 2228 4526; x_wconf 84' lang='grc' dir='ltr'>σωτηρίαν</span> <span class='ocrx_word' id='word_1_606' title='bbox 2256 4455 2285 4506; x_wconf 83' lang='grc' dir='ltr'>ὁ</span> <span class='ocrx_word' id='word_1_607' title='bbox 2312 4453 2590 4522; x_wconf 84' lang='grc' dir='ltr'>Δεσπότης</span> <span class='ocrx_word' id='word_1_608' title='bbox 2616 4453 2902 4524; x_wconf 81' lang='grc' dir='ltr'>ἄνθρωπος</span> <span class='ocrx_word' id='word_1_609' title='bbox 2943 4453 3256 4520; x_wconf 82' lang='grc' dir='ltr'>γενόμενος,</span> <span class='ocrx_word' id='word_1_610' title='bbox 3289 4452 3382 4503; x_wconf 73' lang='grc' dir='ltr'><strong>καὶ</strong></span> <span class='ocrx_word' id='word_1_611' title='bbox 3417 4453 3533 4514; x_wconf 80' lang='grc' dir='ltr'>τοῖς</span> 
     </span>
    </p>
   </div>
   <div class='ocr_carea' id='block_1_94' title="bbox 269 4542 1846 4616">
    <p class='ocr_par' dir='ltr' id='par_1_94' title="bbox 269 4542 1846 4616">
     <span class='ocr_line' id='line_1_94' title="bbox 269 4542 1846 4616; baseline -0.003 -13"><span class='ocrx_word' id='word_1_612' title='bbox 269 4559 441 4610; x_wconf 82' lang='lat' dir='ltr'><strong>satus,</strong></span> <span class='ocrx_word' id='word_1_613' title='bbox 473 4556 530 4602; x_wconf 90' lang='lat' dir='ltr'><strong>ut</strong></span> <span class='ocrx_word' id='word_1_614' title='bbox 553 4543 832 4616; x_wconf 90' lang='lat' dir='ltr'><strong>propriam</strong></span> <span class='ocrx_word' id='word_1_615' title='bbox 851 4542 1291 4598; x_wconf 85' lang='lat' dir='ltr'><strong>incarnationem</strong></span> <span class='ocrx_word' id='word_1_616' title='bbox 1313 4557 1495 4597; x_wconf 85' lang='lat' dir='ltr'><strong>veram</strong></span> <span class='ocrx_word' id='word_1_617' title='bbox 1511 4543 1846 4611; x_wconf 87' lang='lat' dir='ltr'><strong>ostenderet;</strong></span> 
     </span>
    </p>
   </div>
   <div class='ocr_carea' id='block_1_95' title="bbox 271 4632 1848 4706">
    <p class='ocr_par' dir='ltr' id='par_1_95' title="bbox 271 4632 1848 4706">
     <span class='ocr_line' id='line_1_95' title="bbox 271 4632 1848 4706; baseline -0.003 -12"><span class='ocrx_word' id='word_1_618' title='bbox 271 4657 378 4694; x_wconf 91' lang='lat' dir='ltr'><strong>non</strong></span> <span class='ocrx_word' id='word_1_619' title='bbox 412 4647 625 4694; x_wconf 91' lang='lat' dir='ltr'><strong>tantum</strong></span> <span class='ocrx_word' id='word_1_620' title='bbox 667 4634 933 4706; x_wconf 88' lang='lat' dir='ltr'><strong>puerulus</strong></span> <span class='ocrx_word' id='word_1_621' title='bbox 961 4633 1142 4688; x_wconf 86' lang='lat' dir='ltr'><strong>adhuc</strong></span> <span class='ocrx_word' id='word_1_622' title='bbox 1171 4633 1256 4687; x_wconf 88' lang='lat' dir='ltr'><strong>lac</strong></span> <span class='ocrx_word' id='word_1_623' title='bbox 1289 4632 1460 4697; x_wconf 76' lang='lat' dir='ltr'><strong>suxit,</strong></span> <span class='ocrx_word' id='word_1_624' title='bbox 1489 4639 1549 4687; x_wconf 91' lang='lat' dir='ltr'><strong>ut</strong></span> <span class='ocrx_word' id='word_1_625' title='bbox 1579 4633 1741 4704; x_wconf 89' lang='lat' dir='ltr'><strong>plane</strong></span> <span class='ocrx_word' id='word_1_626' title='bbox 1773 4636 1848 4690; x_wconf 80' lang='lat' dir='ltr'><strong>vi-</strong></span> 
     </span>
    </p>
   </div>
   <div class='ocr_carea' id='block_1_96' title="bbox 270 4717 1846 4795">
    <p class='ocr_par' dir='ltr' id='par_1_96' title="bbox 270 4717 1846 4795">
     <span class='ocr_line' id='line_1_96' title="bbox 270 4717 1846 4795; baseline -0.003 -10"><span class='ocrx_word' id='word_1_627' title='bbox 270 4731 527 4795; x_wconf 81' lang='lat' dir='ltr'><strong>dcbatur,</strong></span> <span class='ocrx_word' id='word_1_628' title='bbox 563 4727 661 4784; x_wconf 88' lang='lat' dir='ltr'><strong>sed</strong></span> <span class='ocrx_word' id='word_1_629' title='bbox 699 4724 921 4780; x_wconf 89' lang='lat' dir='ltr'><strong>adultus</strong></span> <span class='ocrx_word' id='word_1_630' title='bbox 965 4725 1131 4779; x_wconf 89' lang='lat' dir='ltr'><strong>etiam</strong></span> <span class='ocrx_word' id='word_1_631' title='bbox 1170 4717 1448 4790; x_wconf 84' lang='lat' dir='ltr'><strong>comedit,</strong></span> <span class='ocrx_word' id='word_1_632' title='bbox 1501 4733 1557 4780; x_wconf 92' lang='lat' dir='ltr'><strong>et</strong></span> <span class='ocrx_word' id='word_1_633' title='bbox 1601 4725 1757 4792; x_wconf 92' lang='lat' dir='ltr'><strong>bibit,</strong></span> <span class='ocrx_word' id='word_1_634' title='bbox 1793 4734 1846 4780; x_wconf 88' lang='lat' dir='ltr'><strong>et</strong></span> 
     </span>
    </p>
   </div>
   <div class='ocr_carea' id='block_1_97' title="bbox 273 4815 1844 4886">
    <p class='ocr_par' dir='ltr' id='par_1_97' title="bbox 273 4815 1844 4886">
     <span class='ocr_line' id='line_1_97' title="bbox 273 4815 1844 4886; baseline -0.001 -12"><span class='ocrx_word' id='word_1_635' title='bbox 273 4819 567 4884; x_wconf 87' lang='lat' dir='ltr'><strong>laboravit,</strong></span> <span class='ocrx_word' id='word_1_636' title='bbox 585 4826 640 4874; x_wconf 91' lang='lat' dir='ltr'><strong>et</strong></span> <span class='ocrx_word' id='word_1_637' title='bbox 661 4831 916 4872; x_wconf 90' lang='lat' dir='ltr'><strong>somnum</strong></span> <span class='ocrx_word' id='word_1_638' title='bbox 943 4816 1110 4886; x_wconf 87' lang='lat' dir='ltr'><strong>cepit,</strong></span> <span class='ocrx_word' id='word_1_639' title='bbox 1133 4815 1369 4886; x_wconf 76' lang='lat' dir='ltr'><strong>ﬂagellis</strong></span> <span class='ocrx_word' id='word_1_640' title='bbox 1391 4831 1593 4880; x_wconf 65' lang='lat' dir='ltr'><strong>caesus,</strong></span> <span class='ocrx_word' id='word_1_641' title='bbox 1609 4825 1664 4871; x_wconf 92' lang='lat' dir='ltr'><strong>et</strong></span> <span class='ocrx_word' id='word_1_642' title='bbox 1691 4817 1844 4872; x_wconf 91' lang='lat' dir='ltr'><strong>cruci</strong></span> 
     </span>
    </p>
   </div>
   <div class='ocr_carea' id='block_1_98' title="bbox 270 4905 1837 4982">
    <p class='ocr_par' dir='ltr' id='par_1_98' title="bbox 270 4905 1837 4982">
     <span class='ocr_line' id='line_1_98' title="bbox 270 4905 1837 4982; baseline -0.002 -17"><span class='ocrx_word' id='word_1_643' title='bbox 270 4905 462 4966; x_wconf 66' lang='lat' dir='ltr'><strong>alli&#39;xus</strong></span> <span class='ocrx_word' id='word_1_644' title='bbox 481 4916 584 4974; x_wconf 89' lang='lat' dir='ltr'><strong>est,</strong></span> <span class='ocrx_word' id='word_1_645' title='bbox 619 4917 729 4964; x_wconf 92' lang='lat' dir='ltr'><strong>etc.</strong></span> <span class='ocrx_word' id='word_1_646' title='bbox 758 4908 1017 4962; x_wconf 79' lang='lat' dir='ltr'><strong>Attamen</strong></span> <span class='ocrx_word' id='word_1_647' title='bbox 1048 4914 1171 4977; x_wconf 90' lang='lat' dir='ltr'><strong>post</strong></span> <span class='ocrx_word' id='word_1_648' title='bbox 1201 4906 1375 4982; x_wconf 87' lang='lat' dir='ltr'><strong>ipsius</strong></span> <span class='ocrx_word' id='word_1_649' title='bbox 1397 4921 1463 4962; x_wconf 79' lang='lat' dir='ltr'><strong>ex</strong></span> <span class='ocrx_word' id='word_1_650' title='bbox 1489 4905 1724 4962; x_wconf 86' lang='lat' dir='ltr'><strong>mortuis</strong></span> <span class='ocrx_word' id='word_1_651' title='bbox 1753 4922 1837 4962; x_wconf 82' lang='lat' dir='ltr'><strong>re-</strong></span> 
     </span>
    </p>
   </div>
   <div class='ocr_carea' id='block_1_99' title="bbox 269 4983 1848 5070">
    <p class='ocr_par' dir='ltr' id='par_1_99' title="bbox 269 4983 1848 5070">
     <span class='ocr_line' id='line_1_99' title="bbox 269 4983 1848 5070; baseline -0.002 -13"><span class='ocrx_word' id='word_1_652' title='bbox 269 5004 690 5067; x_wconf 87' lang='lat' dir='ltr'><strong>surrectioncm,</strong></span> <span class='ocrx_word' id='word_1_653' title='bbox 729 5016 837 5056; x_wconf 89' lang='lat' dir='ltr'><strong>non</strong></span> <span class='ocrx_word' id='word_1_654' title='bbox 869 4999 1105 5070; x_wconf 81' lang='lat' dir='ltr'><strong>amplius</strong></span> <span class='ocrx_word' id='word_1_655' title='bbox 1130 4999 1378 5068; x_wconf 89' lang='lat' dir='ltr'><strong>corporis</strong></span> <span class='ocrx_word' id='word_1_656' title='bbox 1407 4983 1848 5068; x_wconf 58' lang='lat' dir='ltr'><strong>(egritudinibus,</strong></span> 
     </span>
    </p>
   </div>
   <div class='ocr_carea' id='block_1_100' title="bbox 269 5086 1848 5160">
    <p class='ocr_par' dir='ltr' id='par_1_100' title="bbox 269 5086 1848 5160">
     <span class='ocr_line' id='line_1_100' title="bbox 269 5086 1848 5160; baseline 0 -16"><span class='ocrx_word' id='word_1_657' title='bbox 269 5101 323 5148; x_wconf 82' lang='lat' dir='ltr'><strong>et</strong></span> <span class='ocrx_word' id='word_1_658' title='bbox 400 5091 830 5148; x_wconf 87' lang='lat' dir='ltr'><strong>necessitatibus</strong></span> <span class='ocrx_word' id='word_1_659' title='bbox 876 5090 1146 5160; x_wconf 72' lang='lat' dir='ltr'><strong>subiacet.</strong></span> <span class='ocrx_word' id='word_1_660' title='bbox 1200 5086 1497 5160; x_wconf 80' lang='lat' dir='ltr'><strong>Propterea</strong></span> <span class='ocrx_word' id='word_1_661' title='bbox 1548 5088 1848 5158; x_wconf 89' lang='lat' dir='ltr'><strong>Apostolus</strong></span> 
     </span>
    </p>
   </div>
   <div class='ocr_carea' id='block_1_101' title="bbox 271 5179 1846 5252">
    <p class='ocr_par' dir='ltr' id='par_1_101' title="bbox 271 5179 1846 5252">
     <span class='ocr_line' id='line_1_101' title="bbox 271 5179 1846 5252; baseline -0.001 -16"><span class='ocrx_word' id='word_1_662' title='bbox 271 5186 344 5236; x_wconf 75' lang='lat' dir='ltr'><strong>ait</strong></span> <span class='ocrx_word' id='word_1_663' title='bbox 373 5200 387 5237; x_wconf 88' lang='lat'><strong>:</strong></span> <span class='ocrx_word' id='word_1_664' title='bbox 415 5181 532 5236; x_wconf 75' lang='lat' dir='ltr'><strong>Non</strong></span> <span class='ocrx_word' id='word_1_665' title='bbox 566 5183 709 5235; x_wconf 88' lang='lat' dir='ltr'><strong>ultra</strong></span> <span class='ocrx_word' id='word_1_666' title='bbox 759 5179 1442 5252; x_wconf 76' lang='lat' dir='ltr'><strong>cognoscimusChristum</strong></span> <span class='ocrx_word' id='word_1_667' title='bbox 1471 5180 1846 5251; x_wconf 88' lang='lat' dir='ltr'><strong>passiouibus,</strong></span> 
     </span>
    </p>
   </div>
   <div class='ocr_carea' id='block_1_102' title="bbox 268 5271 1842 5340">
    <p class='ocr_par' dir='ltr' id='par_1_102' title="bbox 268 5271 1842 5340">
     <span class='ocr_line' id='line_1_102' title="bbox 268 5271 1842 5340; baseline -0.003 -12"><span class='ocrx_word' id='word_1_668' title='bbox 268 5273 704 5338; x_wconf 76' lang='lat' dir='ltr'><strong>infirmitatibus,</strong></span> <span class='ocrx_word' id='word_1_669' title='bbox 731 5281 786 5326; x_wconf 90' lang='lat' dir='ltr'><strong>et</strong></span> <span class='ocrx_word' id='word_1_670' title='bbox 822 5273 984 5326; x_wconf 90' lang='lat' dir='ltr'><strong>morti</strong></span> <span class='ocrx_word' id='word_1_671' title='bbox 1026 5273 1351 5328; x_wconf 75' lang='lat' dir='ltr'><strong>obnoxium.</strong></span> <span class='ocrx_word' id='word_1_672' title='bbox 1379 5271 1574 5327; x_wconf 81' lang='lat' dir='ltr'><strong>Virtus</strong></span> <span class='ocrx_word' id='word_1_673' title='bbox 1601 5287 1842 5340; x_wconf 84' lang='lat' dir='ltr'><strong>namque</strong></span> 
     </span>
    </p>
   </div>
   <div class='ocr_carea' id='block_1_103' title="bbox 269 5362 1846 5432">
    <p class='ocr_par' dir='ltr' id='par_1_103' title="bbox 269 5362 1846 5432">
     <span class='ocr_line' id='line_1_103' title="bbox 269 5362 1846 5432; baseline -0.001 -16"><span class='ocrx_word' id='word_1_674' title='bbox 269 5363 576 5419; x_wconf 85' lang='lat' dir='ltr'><strong>divinitatis</strong></span> <span class='ocrx_word' id='word_1_675' title='bbox 605 5362 758 5417; x_wconf 88' lang='lat' dir='ltr'><strong>illius</strong></span> <span class='ocrx_word' id='word_1_676' title='bbox 783 5363 1023 5418; x_wconf 87' lang='lat' dir='ltr'><strong>humana</strong></span> <span class='ocrx_word' id='word_1_677' title='bbox 1066 5364 1252 5419; x_wconf 91' lang='lat' dir='ltr'><strong>omnia</strong></span> <span class='ocrx_word' id='word_1_678' title='bbox 1277 5363 1577 5432; x_wconf 82' lang='lat' dir='ltr'><strong>superavit.</strong></span> <span class='ocrx_word' id='word_1_679' title='bbox 1610 5362 1674 5416; x_wconf 85' lang='lat' dir='ltr'><strong>Et</strong></span> <span class='ocrx_word' id='word_1_680' title='bbox 1720 5363 1846 5417; x_wconf 90' lang='lat' dir='ltr'><strong>licet</strong></span> 
     </span>
    </p>
   </div>
   <div class='ocr_carea' id='block_1_104' title="bbox 270 5455 1844 5531">
    <p class='ocr_par' dir='ltr' id='par_1_104' title="bbox 270 5455 1844 5531">
     <span class='ocr_line' id='line_1_104' title="bbox 270 5455 1844 5531; baseline -0.003 -20"><span class='ocrx_word' id='word_1_681' title='bbox 270 5471 439 5523; x_wconf 84' lang='lat' dir='ltr'><strong>nunc,</strong></span> <span class='ocrx_word' id='word_1_682' title='bbox 469 5463 522 5511; x_wconf 91' lang='lat' dir='ltr'><strong>et</strong></span> <span class='ocrx_word' id='word_1_683' title='bbox 558 5458 613 5510; x_wconf 94' lang='lat' dir='ltr'><strong>in</strong></span> <span class='ocrx_word' id='word_1_684' title='bbox 649 5455 833 5510; x_wconf 78' lang='lat' dir='ltr'><strong>futura</strong></span> <span class='ocrx_word' id='word_1_685' title='bbox 865 5458 1065 5511; x_wconf 65' lang='lat' dir='ltr'><strong>secula</strong></span> <span class='ocrx_word' id='word_1_686' title='bbox 1097 5457 1153 5510; x_wconf 90' lang='lat' dir='ltr'><strong>in</strong></span> <span class='ocrx_word' id='word_1_687' title='bbox 1189 5464 1384 5510; x_wconf 87' lang='lat' dir='ltr'><strong>sancto</strong></span> <span class='ocrx_word' id='word_1_688' title='bbox 1407 5469 1663 5524; x_wconf 87' lang='lat' dir='ltr'><strong>corpore,</strong></span> <span class='ocrx_word' id='word_1_689' title='bbox 1684 5455 1844 5531; x_wconf 77' lang='lat' dir='ltr'><strong>quod</strong></span> 
     </span>
    </p>
   </div>
   <div class='ocr_carea' id='block_1_105' title="bbox 271 5545 1847 5615">
    <p class='ocr_par' dir='ltr' id='par_1_105' title="bbox 271 5545 1847 5615">
     <span class='ocr_line' id='line_1_105' title="bbox 271 5545 1847 5615; baseline 0 -14"><span class='ocrx_word' id='word_1_690' title='bbox 271 5559 429 5603; x_wconf 86' lang='lat' dir='ltr'><strong>antea</strong></span> <span class='ocrx_word' id='word_1_691' title='bbox 457 5548 563 5603; x_wconf 88' lang='lat' dir='ltr'><strong>sub</strong></span> <span class='ocrx_word' id='word_1_692' title='bbox 586 5546 762 5604; x_wconf 87' lang='lat' dir='ltr'><strong>Pilato</strong></span> <span class='ocrx_word' id='word_1_693' title='bbox 789 5548 942 5602; x_wconf 88' lang='lat' dir='ltr'><strong>cruci</strong></span> <span class='ocrx_word' id='word_1_694' title='bbox 993 5545 1218 5602; x_wconf 79' lang='lat' dir='ltr'><strong>aflixum</strong></span> <span class='ocrx_word' id='word_1_695' title='bbox 1249 5548 1350 5602; x_wconf 83' lang='lat' dir='ltr'><strong>fuit</strong></span> <span class='ocrx_word' id='word_1_696' title='bbox 1377 5588 1390 5612; x_wconf 86' lang='lat'><strong>,</strong></span> <span class='ocrx_word' id='word_1_697' title='bbox 1441 5554 1496 5601; x_wconf 89' lang='lat' dir='ltr'><strong>et</strong></span> <span class='ocrx_word' id='word_1_698' title='bbox 1547 5546 1847 5615; x_wconf 72' lang='lat' dir='ltr'><strong>sepultura:</strong></span> 
     </span>
    </p>
   </div>
   <div class='ocr_carea' id='block_1_106' title="bbox 343 5726 1848 5797">
    <p class='ocr_par' dir='ltr' id='par_1_106' title="bbox 343 5728 1842 5797">
     <span class='ocr_line' id='line_1_106' title="bbox 343 5728 1842 5797; baseline 0 -13"><span class='ocrx_word' id='word_1_699' title='bbox 343 5729 385 5762; x_wconf 84' lang='lat'><strong>&quot;</strong></span> <span class='ocrx_word' id='word_1_700' title='bbox 417 5728 530 5784; x_wconf 81' lang='lat' dir='ltr'><strong>Jac.</strong></span> <span class='ocrx_word' id='word_1_701' title='bbox 556 5747 627 5793; x_wconf 87' lang='grc' dir='ltr'><strong>ιν,</strong></span> <span class='ocrx_word' id='word_1_702' title='bbox 669 5730 721 5784; x_wconf 88' lang='lat'><strong>5.</strong></span> <span class='ocrx_word' id='word_1_703' title='bbox 801 5730 844 5761; x_wconf 82' lang='lat'><strong>&quot;</strong></span> <span class='ocrx_word' id='word_1_704' title='bbox 887 5730 1050 5786; x_wconf 89' lang='lat' dir='ltr'><strong>Prov.</strong></span> <span class='ocrx_word' id='word_1_705' title='bbox 1109 5743 1188 5796; x_wconf 93' lang='grc' dir='ltr'>ιιι,</span> <span class='ocrx_word' id='word_1_706' title='bbox 1225 5730 1294 5784; x_wconf 67' lang='grc' dir='ltr'><strong>’ὀί</strong></span> <span class='ocrx_word' id='word_1_707' title='bbox 1344 5729 1506 5797; x_wconf 81' lang='lat' dir='ltr'><strong>;Jac.</strong></span> <span class='ocrx_word' id='word_1_708' title='bbox 1548 5746 1630 5797; x_wconf 77' lang='grc' dir='ltr'><strong>ιν,</strong></span> <span class='ocrx_word' id='word_1_709' title='bbox 1666 5731 1718 5784; x_wconf 84' lang='grc'>6.</span> <span class='ocrx_word' id='word_1_710' title='bbox 1797 5731 1842 5762; x_wconf 79' lang='grc'>⁸³</span> 
     </span>
    </p>
   </div>
   <div class='ocr_carea' id='block_1_107' title="bbox 1955 5726 2696 5797">
    <p class='ocr_par' dir='ltr' id='par_1_107' title="bbox 1955 5726 2696 5797">
     <span class='ocr_line' id='line_1_107' title="bbox 1955 5726 2696 5797; baseline 0.003 -14"><span class='ocrx_word' id='word_1_711' title='bbox 1955 5727 2022 5783; x_wconf 87' lang='lat' dir='ltr'><strong>id.</strong></span> <span class='ocrx_word' id='word_1_712' title='bbox 2103 5727 2144 5758; x_wconf 74' lang='lat'>&quot;</span> <span class='ocrx_word' id='word_1_713' title='bbox 2179 5726 2337 5783; x_wconf 85' lang='lat' dir='ltr'><strong>Prov.</strong></span> <span class='ocrx_word' id='word_1_714' title='bbox 2377 5745 2522 5795; x_wconf 75' lang='lat' dir='ltr'><strong>xxvi,</strong></span> <span class='ocrx_word' id='word_1_715' title='bbox 2559 5730 2614 5797; x_wconf 68' lang='grc'>4,</span> <span class='ocrx_word' id='word_1_716' title='bbox 2642 5730 2696 5785; x_wconf 82' lang='lat'><strong>5.</strong></span> 
     </span>
    </p>
   </div>
   <div class='ocr_carea' id='block_1_108' title="bbox 1955 4540 3533 4616">
    <p class='ocr_par' dir='ltr' id='par_1_108' title="bbox 1955 4540 3533 4616">
     <span class='ocr_line' id='line_1_108' title="bbox 1955 4540 3533 4616; baseline -0.003 -18"><span class='ocrx_word' id='word_1_717' title='bbox 1955 4545 2261 4616; x_wconf 86' lang='grc' dir='ltr'>ἀνθρώποις</span> <span class='ocrx_word' id='word_1_718' title='bbox 2295 4543 2903 4614; x_wconf 85' lang='grc' dir='ltr'>συναναστρεφόμενος,</span> <span class='ocrx_word' id='word_1_719' title='bbox 2967 4543 3055 4595; x_wconf 78' lang='grc' dir='ltr'>ἵνα</span> <span class='ocrx_word' id='word_1_720' title='bbox 3087 4540 3233 4611; x_wconf 81' lang='grc' dir='ltr'>δείξῃ</span> <span class='ocrx_word' id='word_1_721' title='bbox 3273 4540 3533 4613; x_wconf 71' lang='grc' dir='ltr'>ἀληθινὴν</span> 
     </span>
    </p>
   </div>
   <div class='ocr_carea' id='block_1_109' title="bbox 1952 4633 3533 4707">
    <p class='ocr_par' dir='ltr' id='par_1_109' title="bbox 1952 4633 3533 4707">
     <span class='ocr_line' id='line_1_109' title="bbox 1952 4633 3533 4707; baseline -0.001 -18"><span class='ocrx_word' id='word_1_722' title='bbox 1952 4636 2050 4707; x_wconf 79' lang='grc' dir='ltr'>τὴν</span> <span class='ocrx_word' id='word_1_723' title='bbox 2077 4635 2285 4689; x_wconf 75' lang='grc' dir='ltr'>οἰκείαν</span> <span class='ocrx_word' id='word_1_724' title='bbox 2321 4634 2620 4705; x_wconf 87' lang='grc' dir='ltr'>σάρκωσιν,</span> <span class='ocrx_word' id='word_1_725' title='bbox 2668 4634 2728 4686; x_wconf 84' lang='grc' dir='ltr'><strong>οὑ</strong></span> <span class='ocrx_word' id='word_1_726' title='bbox 2766 4633 2925 4705; x_wconf 87' lang='grc' dir='ltr'>μόνον</span> <span class='ocrx_word' id='word_1_727' title='bbox 2955 4633 3296 4703; x_wconf 78' lang='grc' dir='ltr'>ἐγαλουχήθη</span> <span class='ocrx_word' id='word_1_728' title='bbox 3334 4633 3533 4704; x_wconf 77' lang='grc' dir='ltr'>βρέφος</span> 
     </span>
    </p>
   </div>
   <div class='ocr_carea' id='block_1_110' title="bbox 1951 4724 3533 4798">
    <p class='ocr_par' dir='ltr' id='par_1_110' title="bbox 1951 4724 3533 4798">
     <span class='ocr_line' id='line_1_110' title="bbox 1951 4724 3533 4798; baseline -0.001 -18"><span class='ocrx_word' id='word_1_729' title='bbox 1951 4727 2236 4798; x_wconf 79' lang='grc' dir='ltr'>τυγχάνων</span> <span class='ocrx_word' id='word_1_730' title='bbox 2284 4726 2423 4780; x_wconf 89' lang='grc' dir='ltr'><strong>κατά</strong></span> <span class='ocrx_word' id='word_1_731' title='bbox 2450 4725 2509 4778; x_wconf 85' lang='grc' dir='ltr'>τὸ</span> <span class='ocrx_word' id='word_1_732' title='bbox 2556 4726 2886 4796; x_wconf 83' lang='grc' dir='ltr'>βλεπόμενον</span> <span class='ocrx_word' id='word_1_733' title='bbox 2909 4767 2924 4792; x_wconf 92' lang='grc'><strong>,</strong></span> <span class='ocrx_word' id='word_1_734' title='bbox 2960 4724 3100 4779; x_wconf 79' lang='grc' dir='ltr'>ἀλλὰ</span> <span class='ocrx_word' id='word_1_735' title='bbox 3153 4728 3247 4778; x_wconf 79' lang='grc' dir='ltr'>καὶ</span> <span class='ocrx_word' id='word_1_736' title='bbox 3276 4725 3533 4795; x_wconf 66' lang='grc' dir='ltr'>αὐξηθεὶς</span> 
     </span>
    </p>
   </div>
   <div class='ocr_carea' id='block_1_111' title="bbox 1953 4808 3532 4890">
    <p class='ocr_par' dir='ltr' id='par_1_111' title="bbox 1953 4808 3532 4890">
     <span class='ocr_line' id='line_1_111' title="bbox 1953 4808 3532 4890; baseline -0.004 -17"><span class='ocrx_word' id='word_1_737' title='bbox 1953 4808 2202 4890; x_wconf 71' lang='grc' dir='ltr'>βέϐρωκέ</span> <span class='ocrx_word' id='word_1_738' title='bbox 2245 4837 2304 4872; x_wconf 85' lang='grc' dir='ltr'><strong>τε</strong></span> <span class='ocrx_word' id='word_1_739' title='bbox 2337 4820 2431 4873; x_wconf 68' lang='grc' dir='ltr'><strong>κοιλ⁸</strong></span> <span class='ocrx_word' id='word_1_740' title='bbox 2477 4819 2734 4874; x_wconf 77' lang='grc' dir='ltr'>πέπωκεν</span> <span class='ocrx_word' id='word_1_741' title='bbox 2760 4861 2778 4886; x_wconf 96' lang='grc'><strong>,</strong></span> <span class='ocrx_word' id='word_1_742' title='bbox 2815 4819 3074 4873; x_wconf 74' lang='grc' dir='ltr'>ἐκοπίασε</span> <span class='ocrx_word' id='word_1_743' title='bbox 3112 4835 3172 4871; x_wconf 92' lang='grc' dir='ltr'><strong>τε</strong></span> <span class='ocrx_word' id='word_1_744' title='bbox 3213 4818 3307 4871; x_wconf 72' lang='grc' dir='ltr'><strong>καὶ</strong></span> <span class='ocrx_word' id='word_1_745' title='bbox 3355 4815 3532 4869; x_wconf 74' lang='lat' dir='ltr'><strong>i5wi-</strong></span> 
     </span>
    </p>
   </div>
   <div class='ocr_carea' id='block_1_112' title="bbox 1952 4907 3527 4982">
    <p class='ocr_par' dir='ltr' id='par_1_112' title="bbox 1952 4907 3527 4982">
     <span class='ocr_line' id='line_1_112' title="bbox 1952 4907 3527 4982; baseline -0.002 -19"><span class='ocrx_word' id='word_1_746' title='bbox 1952 4929 2080 4976; x_wconf 89' lang='grc' dir='ltr'>σεν,</span> <span class='ocrx_word' id='word_1_747' title='bbox 2128 4909 2436 4982; x_wconf 83' lang='grc' dir='ltr'>ἐμαστίχθη</span> <span class='ocrx_word' id='word_1_748' title='bbox 2487 4927 2547 4963; x_wconf 89' lang='grc' dir='ltr'><strong>τε</strong></span> <span class='ocrx_word' id='word_1_749' title='bbox 2591 4911 2686 4964; x_wconf 71' lang='grc' dir='ltr'>καὶ</span> <span class='ocrx_word' id='word_1_750' title='bbox 2736 4908 3081 4980; x_wconf 87' lang='grc' dir='ltr'>ἐσταυρώθη,</span> <span class='ocrx_word' id='word_1_751' title='bbox 3126 4909 3219 4960; x_wconf 74' lang='grc' dir='ltr'><strong>καὶ</strong></span> <span class='ocrx_word' id='word_1_752' title='bbox 3261 4907 3329 4960; x_wconf 89' lang='grc' dir='ltr'><strong>τά</strong></span> <span class='ocrx_word' id='word_1_753' title='bbox 3381 4907 3527 4976; x_wconf 78' lang='grc' dir='ltr'>ἑξῆς.</span> 
     </span>
    </p>
   </div>
   <div class='ocr_carea' id='block_1_113' title="bbox 1949 4998 3527 5074">
    <p class='ocr_par' dir='ltr' id='par_1_113' title="bbox 1949 4998 3527 5074">
     <span class='ocr_line' id='line_1_113' title="bbox 1949 4998 3527 5074; baseline -0.003 -18"><span class='ocrx_word' id='word_1_754' title='bbox 1949 5001 2106 5057; x_wconf 79' lang='grc' dir='ltr'>Μετὰ</span> <span class='ocrx_word' id='word_1_755' title='bbox 2131 5001 2190 5056; x_wconf 76' lang='grc' dir='ltr'><strong>δὲ</strong></span> <span class='ocrx_word' id='word_1_756' title='bbox 2219 5001 2317 5074; x_wconf 83' lang='grc' dir='ltr'>τὴν</span> <span class='ocrx_word' id='word_1_757' title='bbox 2340 5002 2638 5058; x_wconf 82' lang='grc' dir='ltr'>ἀνάστασιν</span> <span class='ocrx_word' id='word_1_758' title='bbox 2660 5001 2828 5055; x_wconf 88' lang='grc' dir='ltr'>αὑτοῦ</span> <span class='ocrx_word' id='word_1_759' title='bbox 2855 5000 2953 5071; x_wconf 81' lang='grc' dir='ltr'><strong>τὴν</strong></span> <span class='ocrx_word' id='word_1_760' title='bbox 2993 5002 3058 5052; x_wconf 91' lang='grc' dir='ltr'><strong>ἐκ</strong></span> <span class='ocrx_word' id='word_1_761' title='bbox 3086 4999 3318 5069; x_wconf 83' lang='grc' dir='ltr'>νεκρῶν,</span> <span class='ocrx_word' id='word_1_762' title='bbox 3343 4998 3527 5052; x_wconf 82' lang='grc' dir='ltr'>οὑκέτι</span> 
     </span>
    </p>
   </div>
   <div class='ocr_carea' id='block_1_114' title="bbox 1950 5088 3532 5164">
    <p class='ocr_par' dir='ltr' id='par_1_114' title="bbox 1950 5088 3532 5164">
     <span class='ocr_line' id='line_1_114' title="bbox 1950 5088 3532 5164; baseline -0.004 -16"><span class='ocrx_word' id='word_1_763' title='bbox 1950 5095 2252 5148; x_wconf 83' lang='grc' dir='ltr'>ὑποπίπτει</span> <span class='ocrx_word' id='word_1_764' title='bbox 2284 5097 2405 5158; x_wconf 87' lang='grc' dir='ltr'>ταῖς</span> <span class='ocrx_word' id='word_1_765' title='bbox 2431 5092 2525 5147; x_wconf 90' lang='grc' dir='ltr'><strong>τοῦ</strong></span> <span class='ocrx_word' id='word_1_766' title='bbox 2558 5093 2809 5164; x_wconf 88' lang='grc' dir='ltr'>σώματος</span> <span class='ocrx_word' id='word_1_767' title='bbox 2835 5089 3163 5157; x_wconf 89' lang='grc' dir='ltr'>ἀσθενείαις,</span> <span class='ocrx_word' id='word_1_768' title='bbox 3193 5092 3287 5144; x_wconf 69' lang='grc' dir='ltr'><strong>καὶ</strong></span> <span class='ocrx_word' id='word_1_769' title='bbox 3320 5088 3532 5161; x_wconf 84' lang='grc' dir='ltr'>χρείαις</span> 
     </span>
    </p>
   </div>
   <div class='ocr_carea' id='block_1_115' title="bbox 1950 5181 3534 5256">
    <p class='ocr_par' dir='ltr' id='par_1_115' title="bbox 1950 5181 3534 5256">
     <span class='ocr_line' id='line_1_115' title="bbox 1950 5181 3534 5256; baseline -0.005 -16"><span class='ocrx_word' id='word_1_770' title='bbox 1950 5187 2306 5256; x_wconf 84' lang='grc' dir='ltr'>ἀναγκαίαις·</span> <span class='ocrx_word' id='word_1_771' title='bbox 2342 5186 2430 5238; x_wconf 81' lang='grc' dir='ltr'><strong>διὰ</strong></span> <span class='ocrx_word' id='word_1_772' title='bbox 2460 5185 2615 5238; x_wconf 87' lang='grc' dir='ltr'>τοῦτό</span> <span class='ocrx_word' id='word_1_773' title='bbox 2645 5201 2810 5255; x_wconf 89' lang='grc' dir='ltr'>φησιν</span> <span class='ocrx_word' id='word_1_774' title='bbox 2844 5185 2872 5236; x_wconf 86' lang='grc' dir='ltr'><strong>ὁ</strong></span> <span class='ocrx_word' id='word_1_775' title='bbox 2913 5183 3256 5246; x_wconf 83' lang='grc' dir='ltr'>’Δπόστολος,</span> <span class='ocrx_word' id='word_1_776' title='bbox 3278 5183 3359 5235; x_wconf 78' lang='grc' dir='ltr'><strong>ὅτι</strong></span> <span class='ocrx_word' id='word_1_777' title='bbox 3393 5181 3534 5234; x_wconf 80' lang='grc' dir='ltr'>Οὑκ-</span> 
     </span>
    </p>
   </div>
   <div class='ocr_carea' id='block_1_116' title="bbox 1955 5269 3530 5342">
    <p class='ocr_par' dir='ltr' id='par_1_116' title="bbox 1955 5269 3530 5342">
     <span class='ocr_line' id='line_1_116' title="bbox 1955 5269 3530 5342; baseline -0.002 -18"><span class='ocrx_word' id='word_1_778' title='bbox 1955 5273 2035 5324; x_wconf 83' lang='grc' dir='ltr'><strong>ἐτι</strong></span> <span class='ocrx_word' id='word_1_779' title='bbox 2075 5272 2418 5342; x_wconf 87' lang='grc' dir='ltr'>γινώσκομεν</span> <span class='ocrx_word' id='word_1_780' title='bbox 2467 5272 2556 5324; x_wconf 74' lang='grc' dir='ltr'>τὸν</span> <span class='ocrx_word' id='word_1_781' title='bbox 2591 5272 2825 5342; x_wconf 86' lang='grc' dir='ltr'>Χριστὸν</span> <span class='ocrx_word' id='word_1_782' title='bbox 2864 5271 3130 5342; x_wconf 72' lang='grc' dir='ltr'>παθητὸν,</span> <span class='ocrx_word' id='word_1_783' title='bbox 3167 5272 3262 5324; x_wconf 73' lang='grc' dir='ltr'>καὶ</span> <span class='ocrx_word' id='word_1_784' title='bbox 3303 5269 3530 5338; x_wconf 79' lang='grc' dir='ltr'>ἀσθενῆ,</span> 
     </span>
    </p>
   </div>
   <div class='ocr_carea' id='block_1_117' title="bbox 1956 5361 3534 5434">
    <p class='ocr_par' dir='ltr' id='par_1_117' title="bbox 1956 5361 3534 5434">
     <span class='ocr_line' id='line_1_117' title="bbox 1956 5361 3534 5434; baseline -0.004 -17"><span class='ocrx_word' id='word_1_785' title='bbox 1956 5364 2050 5417; x_wconf 73' lang='grc' dir='ltr'>καὶ</span> <span class='ocrx_word' id='word_1_786' title='bbox 2088 5363 2411 5433; x_wconf 84' lang='grc' dir='ltr'>θνήσκοντα.</span> <span class='ocrx_word' id='word_1_787' title='bbox 2453 5363 2765 5432; x_wconf 75' lang='grc' dir='ltr'>Ἐξενίκησε</span> <span class='ocrx_word' id='word_1_788' title='bbox 2805 5363 2977 5434; x_wconf 84' lang='grc' dir='ltr'>γάρή</span> <span class='ocrx_word' id='word_1_789' title='bbox 3016 5363 3244 5432; x_wconf 84' lang='grc' dir='ltr'>δύναμις</span> <span class='ocrx_word' id='word_1_790' title='bbox 3285 5361 3385 5430; x_wconf 80' lang='grc' dir='ltr'>τῆς</span> <span class='ocrx_word' id='word_1_791' title='bbox 3416 5361 3534 5412; x_wconf 81' lang='grc' dir='ltr'>θεό-</span> 
     </span>
    </p>
   </div>
   <div class='ocr_carea' id='block_1_118' title="bbox 1954 5454 3532 5526">
    <p class='ocr_par' dir='ltr' id='par_1_118' title="bbox 1954 5454 3532 5526">
     <span class='ocr_line' id='line_1_118' title="bbox 1954 5454 3532 5526; baseline -0.003 -19"><span class='ocrx_word' id='word_1_792' title='bbox 1954 5473 2114 5524; x_wconf 82' lang='grc' dir='ltr'>τητος</span> <span class='ocrx_word' id='word_1_793' title='bbox 2147 5455 2314 5508; x_wconf 85' lang='grc' dir='ltr'>αὑτοῦ</span> <span class='ocrx_word' id='word_1_794' title='bbox 2344 5457 2524 5511; x_wconf 88' lang='grc' dir='ltr'>πάντα</span> <span class='ocrx_word' id='word_1_795' title='bbox 2552 5455 2619 5508; x_wconf 78' lang='grc' dir='ltr'><strong>τὰ</strong></span> <span class='ocrx_word' id='word_1_796' title='bbox 2650 5457 2986 5526; x_wconf 85' lang='grc' dir='ltr'>ἀνθρώπινα.</span> <span class='ocrx_word' id='word_1_797' title='bbox 3014 5456 3132 5509; x_wconf 85' lang='grc' dir='ltr'><strong>Κᾶν</strong></span> <span class='ocrx_word' id='word_1_798' title='bbox 3156 5454 3262 5524; x_wconf 77' lang='grc' dir='ltr'><strong>γὰρ</strong></span> <span class='ocrx_word' id='word_1_799' title='bbox 3296 5454 3532 5522; x_wconf 86' lang='grc' dir='ltr'>ὑπάρχει</span> 
     </span>
    </p>
   </div>
   <div class='ocr_carea' id='block_1_119' title="bbox 1954 5541 3534 5617">
    <p class='ocr_par' dir='ltr' id='par_1_119' title="bbox 1954 5541 3534 5617">
     <span class='ocr_line' id='line_1_119' title="bbox 1954 5541 3534 5617; baseline -0.004 -19"><span class='ocrx_word' id='word_1_800' title='bbox 1954 5549 2050 5599; x_wconf 75' lang='grc' dir='ltr'><strong>καὶ</strong></span> <span class='ocrx_word' id='word_1_801' title='bbox 2088 5547 2202 5611; x_wconf 82' lang='grc' dir='ltr'>νῦν,</span> <span class='ocrx_word' id='word_1_802' title='bbox 2235 5549 2327 5600; x_wconf 71' lang='grc' dir='ltr'><strong>καὶ</strong></span> <span class='ocrx_word' id='word_1_803' title='bbox 2358 5553 2438 5613; x_wconf 87' lang='grc' dir='ltr'><strong>είς</strong></span> <span class='ocrx_word' id='word_1_804' title='bbox 2467 5551 2593 5613; x_wconf 78' lang='grc' dir='ltr'>τοὺς</span> <span class='ocrx_word' id='word_1_805' title='bbox 2627 5548 2830 5610; x_wconf 77' lang='grc' dir='ltr'>αἰῶνας</span> <span class='ocrx_word' id='word_1_806' title='bbox 2861 5549 2919 5600; x_wconf 82' lang='grc' dir='ltr'><strong>ἐν</strong></span> <span class='ocrx_word' id='word_1_807' title='bbox 2940 5547 3016 5617; x_wconf 85' lang='grc' dir='ltr'><strong>τῷ</strong></span> <span class='ocrx_word' id='word_1_808' title='bbox 3037 5549 3098 5614; x_wconf 58' lang='lat' dir='ltr'><strong>ds,</strong></span> <span class='ocrx_word' id='word_1_809' title='bbox 3116 5546 3176 5616; x_wconf 86' lang='grc' dir='ltr'><strong>ίῳ</strong></span> <span class='ocrx_word' id='word_1_810' title='bbox 3205 5543 3417 5615; x_wconf 88' lang='grc' dir='ltr'>σώματι</span> <span class='ocrx_word' id='word_1_811' title='bbox 3453 5541 3534 5612; x_wconf 80' lang='grc' dir='ltr'>τῷ</span> 
     </span>
    </p>
   </div>
   <div class='ocr_carea' id='block_1_120' title="bbox 2774 5723 3272 5790">
    <p class='ocr_par' dir='ltr' id='par_1_120' title="bbox 2774 5723 3272 5790">
     <span class='ocr_line' id='line_1_120' title="bbox 2774 5723 3272 5790; baseline -0.01 -8"><span class='ocrx_word' id='word_1_812' title='bbox 2774 5728 2818 5760; x_wconf 82' lang='grc'><strong><em>⁵³</em></strong></span> <span class='ocrx_word' id='word_1_813' title='bbox 2857 5727 2897 5781; x_wconf 87' lang='lat' dir='ltr'><strong>ll</strong></span> <span class='ocrx_word' id='word_1_814' title='bbox 2937 5726 3066 5781; x_wconf 81' lang='lat' dir='ltr'><strong>Cor.</strong></span> <span class='ocrx_word' id='word_1_815' title='bbox 3099 5744 3150 5790; x_wconf 91' lang='lat' dir='ltr'><strong>v,</strong></span> <span class='ocrx_word' id='word_1_816' title='bbox 3188 5723 3272 5778; x_wconf 78' lang='grc'><strong>16.</strong></span> 
     </span>
    </p>
   </div>
  </div>
