3984 6150
242 210 342 279 147

1704 221 1767 281 S.
1809 222 1967 282 ΝΠ]

3392 217 3519 301 148

236 327 292 382 in
319 329 604 384 humerum
629 335 784 382 tuum
803 327 848 360 ⁸³
872 345 887 394 ;
927 347 944 378 ι
973 326 1075 382 hoc
1089 337 1192 392 est,
1209 326 1350 382 bona
1363 326 1790 386 desideriaeduc

1917 328 2019 382 Βίαν
2062 346 2156 383 σου
2185 327 2269 394 είς
2298 331 2388 384 τὸν
2424 325 2572 403 ὦμον
2608 351 2700 386 σου
2735 351 2749 364 ο
2789 353 2808 385 ι
2843 335 3140 404 τουτέστιν,
3190 341 3257 398 τὰ
3311 346 3494 413 ἀγαθὰ

237 432 292 474 In
322 433 462 488 opus
489 417 670 474 factus
697 432 990 488 operosus.

445 588 1594 650 CLVI.—CIIRYSOGONOCLESVALIO.

306 677 367 735 Si
392 683 518 751 quis
535 697 605 746 ex
623 680 986 752 ineptissimis
1009 681 1215 752 optima
1237 698 1467 754 quaeque
1483 682 1806 738 calumniari

233 776 288 825 et
349 787 393 838 a_
432 771 718 828 mendacio
776 771 1063 826 exordium
1139 773 1381 839 ducere,
1430 782 1810 845 perpetuoque

236 861 403 916 etiam
437 863 491 916 in
526 859 874 916 mendacium
917 861 1177 930 desinere
1221 863 1374 928 velit,
1407 863 1577 918 dicito
1629 862 1761 917 mihi
1794 903 1808 927 ,

235 950 291 1005 in
333 965 624 1022 quemnam
656 949 871 1004 desinet
898 961 991 1004 aut
1023 949 1326 1005 adducetur
1361 953 1522 1007 linem
1551 952 1574 1005 ἳ

533 1039 648 1118 65
672 1037 876 1095 CLVII.
904 1071 974 1078 —
995 1039 1479 1096 TIIEOGNOSTO.

305 1129 466 1198 Forte
514 1129 773 1200 ignoras,
829 1131 903 1184 mi
961 1130 1151 1197 frater,
1199 1133 1371 1203 legem
1420 1131 1516 1188 Dei
1551 1133 1801 1200 custodie-

229 1226 374 1281 tam,
417 1233 641 1285 servare
665 1261 682 1286 ,
722 1221 1007 1276 custodire
1047 1229 1102 1275 et
1143 1228 1328 1291 tegere
1357 1236 1454 1282 eos
1476 1261 1490 1286 ,
1523 1223 1618 1292 qui
1656 1223 1803 1282 illam

227 1322 451 1363 servare
479 1315 534 1376 et
563 1311 846 1367 custodire
880 1325 1004 1366 cum
1036 1312 1341 1368 sobrietate
1367 1321 1644 1383 satagunt.

267 1559 290 1575 κ
635 1490 863 1558 CLVIII.
890 1521 959 1532 -
982 1491 1380 1548 DECURIONI.

293 1576 484 1649 Neque
532 1581 848 1641 universum
886 1596 1069 1650 aerem
1102 1583 1306 1652 aliquis
1354 1597 1595 1652 unquam
1649 1582 1806 1637 duxit

227 1675 286 1725 et
317 1670 568 1737 refinxit,
624 1687 806 1742 neque
841 1672 1142 1728 essentiam
1181 1672 1277 1726 Dei
1326 1672 1491 1740 plane
1537 1672 1678 1726 bene
1709 1680 1804 1723 aut
1837 1668 1876 1722 Β

232 1773 383 1814 mens
411 1760 595 1829 cepit,
625 1771 721 1816 aut
744 1777 848 1816 vox
878 1761 1163 1830 complexa
1205 1768 1320 1825 est;
1354 1761 1447 1814 sed
1479 1774 1545 1822 ex
1587 1761 1655 1816 iis
1682 1776 1803 1828 quae

225 1852 374 1906 circa
405 1867 545 1911 eum,
571 1861 737 1916 sunt,
783 1868 904 1922 quae
942 1853 1094 1908 illius
1140 1861 1270 1907 sunt
1294 1849 1464 1906 veluti
1515 1851 1572 1904 in
1611 1850 1801 1914 umbra

227 1941 570 2012 aliingentes,
600 1942 840 1998 debilem
872 1941 1166 2013 quamdam
1198 1956 1261 1996 ac
1277 1940 1614 1996 'imbccillcm
1643 1939 1802 1993 aliam

227 2034 296 2089 ab
320 2034 427 2089 alia
457 2035 791 2106 imaginem,
833 2042 996 2106 atque
1026 2043 1353 2105 conceptum
1390 2033 1782 2104 exprimimus.

757 2127 940 2194 CLIX.
970 2158 1039 2167 —
1065 2128 1275 2194 Eidem.

305 2238 324 2273 ι
379 2219 628 2290 Angusta
662 2217 856 2290 janua,
905 2227 960 2274 et
999 2225 1152 2284 arcta
1187 2219 1276 2273 via
1323 2226 1440 2282 est,
1479 2234 1602 2290 quae
1645 2216 1801 2273 ducit

228 2327 282 2367 tn
313 2310 480 2367 vitam
503 2349 516 2376 ,
549 2319 605 2367 et
642 2310 805 2382 pauci
859 2317 1024 2377 sunt,
1054 2310 1150 2380 qui
1201 2295 1620 2380 deprehendunt
1674 2308 1738 2361 θ’.
1776 2328 1794 2360 ι

228 2403 286 2458 Si
345 2403 532 2474 itaque
605 2403 701 2474 qui
725 2418 847 2458 eam
907 2402 1331 2473 deprehendunt
1409 2403 1568 2472 pauci
1633 2408 1798 2465 sunt,

228 2495 399 2549 multo
439 2496 729 2566 pauciores
781 2502 948 2550 erunt
992 2494 1086 2564 qui
1127 2494 1356 2549 introire
1390 2494 1653 2560 valeant;
1692 2509 1801 2547 non

229 2596 509 2642 Introeunt
545 2600 678 2641 vero
708 2585 778 2640 ob
827 2586 1104 2654 propriam
1145 2583 1558 2655 negligentiam.

781 2674 940 2731 CLX.
967 2705 1037 2714 —
1064 2674 1273 2729 Eidem.

294 2769 450 2826 Mens
493 2774 580 2824 est
625 2766 882 2834 domina,
934 2781 1136 2824 servus.
1177 2765 1498 2822 caruncula.
1548 2763 1628 2821 Ne
1671 2780 1804 2836 ergo

227 2859 589 2925 immoderata
638 2859 880 2930 ingluvie
927 2873 1147 2914 servum
1181 2858 1406 2925 foveas,
1443 2873 1513 2912 ne
1557 2859 1802 2928 propriae

227 2966 500 3022 mensurae
550 2950 756 3018 oblitus
790 2949 1134 3021 tyrannidem
1185 2949 1458 3020 arripiat,
1491 2937 1802 3020 audeatque

227 3061 382 3100 arma
415 3045 468 3100 in
502 3058 882 3115 possessorem
937 3042 1165 3100 inferre.
1215 3043 1513 3112 Propterea
1541 3041 1798 3098 Salomon

227 3135 537 3192 insolentia:
616 3135 868 3207 corporis
941 3134 1168 3200 minime
1246 3135 1472 3207 ignarus
1543 3136 1796 3190 dicebat:

231 3248 248 3278 ε
285 3227 402 3284 Non
455 3227 715 3283 conducit
766 3227 935 3286 stulto
985 3227 1183 3295 luxus,
1239 3226 1368 3282 licet
1407 3241 1600 3283 servus
1648 3227 1801 3281 inso-

226 3319 405 3398 leutcr
437 3318 493 3372 in
521 3319 804 3390 proprium
835 3317 1028 3374 lterum
1060 3315 1348 3387 imperium
1386 3323 1568 3372 teneat
1599 3317 1665 3369 ⁸⁵.
1708 3335 1727 3367 ι

673 3497 784 3578 63
815 3496 996 3553 CLXI.
1025 3526 1095 3538 —
1121 3495 1327 3556 Eidem.

297 3589 356 3644 Si
398 3587 768 3660 principatum
822 3587 1118 3658 provincia:
1170 3598 1358 3644 tenere
1408 3593 1600 3661 cupis,
1634 3590 1797 3645 inho-

225 3682 548 3746 norabcris;
579 3679 626 3735 si
658 3695 787 3735 vero
825 3689 877 3734 te
909 3681 1318 3746 laumiliaveris,
1355 3681 1794 3758 misericordiam

224 3771 601 3844 consequeris.
627 3771 904 3843 Scriptum
932 3781 1015 3827 est
1044 3772 1189 3827 enim
1217 3793 1232 3832 ;
1272 3791 1291 3824 ι
1325 3771 1467 3828 Deus
1511 3771 1798 3830 ell‘undens

224 3881 390 3937 super
483 3863 758 3936 principes
843 3865 1233 3935 opprobrium,
1317 3864 1555 3922 humiles
1617 3868 1795 3923 salva-

225 3965 302 4018 νὶι
329 3943 395 4018 ⁸⁸.
431 3980 448 4014 ι

366 4048 392 4064 ”
503 4051 709 4114 CLXII.
739 4049 1080 4109 —CBISPO
1111 4049 1523 4110 SCIIOLARIO.

291 4143 588 4212 Nonnulli,
637 4159 965 4216 superquam
1021 4159 1121 4214 par
1174 4153 1296 4210 est,
1339 4144 1796 4201 considerationi-

222 4239 327 4296 bus
357 4238 551 4313 eliusi,
582 4239 879 4309 opinantes
919 4254 979 4293 se
1006 4237 1185 4306 majus
1225 4237 1508 4308 quidpiam
1543 4253 1795 4308 compre-

1910 417 2256 490 βουλεύματα
2312 421 2392 484 είς
2455 420 2616 491 ἔργον
2678 423 2912 495 ἐξάγαγε
2976 434 3281 499 πρακτικὸς
3337 441 3492 506 γενέ-

1911 526 2090 580 μενος.
2317 531 2321 534 ·

2107 600 2294 669 PNq'.
2326 633 2394 643 --
2417 603 2826 676 ΧΡΥΣΟΓΟΝῼ
2853 601 3313 685 maxumam.

1975 692 2048 744 Et
2081 710 2164 756 τις
2196 693 2440 762 βούλοιτο
2488 695 2604 749 τῶν
2626 697 2966 754 ἀπαιδεύτων
2993 711 3492 775 κατασ-ικοφαντεῖν

1913 783 2012 854 μὲν
2039 784 2112 838 τὰ
2143 783 2415 854 βέλτιστα,
2451 787 2546 840 καὶ
2578 787 2686 842 ἀπὸ
2711 789 2940 858 ψεύδους
2960 793 3243 864 ἄρχεσθαι,
3273 798 3368 850 καὶ
3397 816 3492 852 κα-

1909 874 2177 931 ταπαύειν
2205 877 2286 939 είς
2310 876 2504 946 ψεῦδος
2530 880 2812 950 διηνεκῶς,
2845 885 3054 956 φράσον
3086 903 3198 957 μοι,
3226 889 3315 953 εις-
3339 893 3490 948 ποῖον

1907 965 2080 1038 λήξει,
2111 968 2207 1022 καὶ
2237 970 2566 1040 καταντήσει
2591 971 2793 1043 πέρας;

2329 1063 2501 1116 PNZ'.
2534 1092 2604 1106 --
2645 1064 3078 1140 θεοΓΝΩΣΤίῃι

1981 1153 2142 1216 Ἴσως
2177 1152 2412 1221 ἀγνοεῖς,
2447 1154 2663 1224 ἀδελφὲ,
2712 1157 2793 1210 ὅτι
2822 1159 2850 1210 ὁ
2887 1159 3048 1229 νόμος
3087 1159 3182 1213 τοῦ
3228 1161 3362 1216 Θεοῦ
3380 1179 3488 1232 «ση-

1909 1239 2193 1314 ρούμενος,
2221 1245 2404 1314 τηρεῖν
2443 1244 2536 1298 καὶ
2566 1248 2840 1317 φρουρεῖν,
2881 1249 2974 1302 καὶ
3004 1251 3484 1320 περισκέπειν-πέι-

1909 1350 2083 1402 φυκεν
2110 1335 2235 1398 τοὺς
2264 1337 2452 1405 τηρεῖν
2482 1335 2697 1401 τοῦτον,
2729 1338 2823 1390 καὶ
2865 1339 3154 1409 φυλάττειν
3190 1342 3286 1394 σὺν
3327 1341 3484 1413 νήψει

1909 1426 2328 1490 σπουδάζοντας.

2333 1519 2510 1572 PNH’.
2531 1548 2600 1558 -
2621 1517 3059 1582 ΔΕΚΟΥΡΙΩΝΙ.

1981 1609 2118 1662 Οὑτε
2183 1610 2326 1680 ἀέρα
2355 1610 2476 1663 ὅλον
2539 1611 2767 1665 ἕπνευσέ
2805 1630 2888 1676 τις
2942 1613 3343 1680 πώποτε,οὔτε
3389 1617 3483 1670 οὑ-

1906 1701 2026 1760 σίαν
2077 1699 2210 1754 Θεοῦ
2267 1699 2564 1766 παντελῶς,
2620 1700 2655 1772 ἢ
2706 1700 2831 1765 νοῦς
2865 1701 3204 1774 κεχώρηκεν,
3247 1706 3279 1775 ἢ
3329 1705 3479 1776 φωνὴ
3565 1703 3567 1705 ’

1904 1792 2249 1864 περιέλαϐεν,
2280 1792 2392 1846 ἀλλ’
2425 1794 2490 1846 ἐκ
2526 1791 2634 1846 τῶν
2667 1795 2796 1864 περὶ
2825 1795 2990 1848 αὑτὸν
3024 1801 3480 1868 σκιογραφοῦντες

1902 1888 1970 1940 τὰ
2001 1887 2118 1940 κατ’
2154 1886 2337 1950 αὑτὸν,
2379 1888 2624 1960 ἀμυδράν
2663 1890 2930 1980 τιναηκαὶ
2958 1890 3160 1962 ἀσθενῆ
3192 1893 3354 1964 ἄλλην
3383 1893 3479 1948 ἀπ’

1903 1977 2069 2049 ἄλλης
2091 1978 2392 2048 φαντασίαν
2419 1978 2772 2050 συλλέγομεν.

2367 2154 2544 2211 ΡΝΘ’.
2584 2187 2653 2198 --
2691 2157 2776 2222 Te”)
2819 2157 2998 2224 αὐτῷ.

1985 2247 2182 2319 ιΣτενὴ
2207 2249 2240 2318 ἡ
2275 2247 2442 2320 πύλη,
2473 2251 2570 2304 καὶ
2596 2249 2931 2322 τεθλιμμένη
2955 2253 2987 2323 ἡ
3010 2251 3124 2316 ὁδὸς
3140 2253 3172 2323 ἡ
3189 2252 3476 2329 ἀπάγουσα

1903 2339 1983 2400 εἰς
2007 2337 2104 2407 τὴν
2126 2337 2291 2408 ζωὴν,
2310 2341 2403 2394 καὶ
2431 2339 2600 2409 ὀλίγοι
2626 2340 2763 2394 εἰσὶν
2785 2343 2834 2394 οἱ
2866 2342 3207 2413 εὑρίσκοντες
3233 2342 3422 2414 αὑτήν.
3453 2363 3472 2396 ι
3569 2360 3574 2365 ·

1913 2433 1972 2484 Η
2003 2430 2180 2484 τοίνυν
2226 2432 2276 2485 οἱ
2308 2433 2651 2504 εὑρίσκοντες
2689 2432 3024 2504 ὑπάρχουσιν
3064 2433 3253 2501 ὀλίγοι,
3288 2432 3480 2501 ὀλιγώ-

1901 2541 2051 2596 τεροι
2090 2523 2157 2579 ἂν
2184 2519 2294 2578 εῐεν
2330 2525 2380 2578 οἱ
2421 2524 2695 2581 εἰσελθεῖν⁴
2723 2524 3082 2595 ὲξισχύοντες·
3127 2525 3230 2585 οὐκ
3274 2527 3480 2580 είσελυ-

1901 2614 2096 2688 λήθασι
2127 2614 2185 2669 δὲ
2213 2614 2304 2669 διὰ
2330 2615 2534 2670 οἰκείαν
2561 2615 2841 2688 ἀμέλειαν.

2412 2707 2531 2761 PE’.
2565 2739 2638 2748 —
2670 2707 2754 2774 Τῷ
2789 2707 2970 2773 αὐτῷ.

1966 2800 2244 2870 Δεσπότης
2269 2799 2415 2853 ἐστὶν
2455 2799 2654 2865 ὁ-νοῦς,
2681 2799 2865 2863 δοῦλος
2891 2800 2950 2854 δὲ
3002 2800 3064 2854 τὸ
3104 2801 3328 2873 σαρκίον
3347 2844 3360 2856 .
3389 2800 3479 2872 Μὴ

1902 2893 2080 2948 τοίνυν
2099 2891 2190 2946 τὸν
2229 2890 2417 2946 δοῦλον
2439 2891 2698 2961 ἀμέτρως
2724 2889 2993 2962 θεράπευε
3021 2889 3110 2945 διὰ
3130 2908 3479 2962 γαστριμαρ-

1827 3015 1869 3073 c
1902 2983 2049 3051 γίας,
2098 2983 2184 3073 ίνα
2219 2982 2312 3073 μὴ,
2348 2978 2736 3073 ἐπιλαθόμενος
2782 2981 2913 3073 τῷν,
2943 2981 3090 3073 ἰδίων
3127 2981 3340 3073 μέτρων
3399 2983 3480 3073 είς

1903 3072 2195 3145 τυραννίδα
2232 3071 2384 3144 ἔλθῃ,
2418 3072 2514 3126 καὶ
2549 3071 2691 3124 ὅπλα
2751 3071 2998 3144 τολμήσῃ
3043 3069 3174 3142 ἆραι
3203 3070 3350 3126 κατὰ·
3382 3070 3477 3125 τοῦ

1904 3166 2270 3236 κτησαμένου·
2334 3157 2520 3236 διόπερ
2575 3167 2603 3218 6
2654 3164 2906 3236 Σολομὼν
2963 3166 3328 3238 ἐπιστάμενος
3377 3165 3477 3236 τὴν

1901 3256 2216 3327 ἀφροσύνην
2248 3257 2342 3311 τοῦ
2377 3256 2626 3328 σώματος
2665 3256 2868 3325 ἔλεγενσ
2918 3275 2936 3309 ι
2975 3259 3048 3312 Οὑ
3080 3260 3352 3330 συμφέρει
3399 3256 3476 3326 τῷ

1857 3420 1861 3424 _
1901 3347 2096 3416 ἄφρονι
2137 3348 2170 3418 ἡ
2199 3346 2400 3418 τρυφὴ,
2434 3347 2539 3400 κᾶν
2571 3346 2794 3416 οίκέτης
2820 3347 2965 3418 ἄρχῃ
3000 3347 3116 3418 μεθ’
3147 3348 3358 3420 ὕϐρεως
3380 3348 3474 3402 τοῦ

1904 3439 2034 3492 ἰδίου
2065 3438 2340 3492 δεσπότου.
2386 3457 2405 3489 ι

2380 3527 2546 3583 PEA’.
2579 3560 2650 3572 —
2687 3528 2772 3594 Τῷ
2815 3527 2996 3593 αὐτῷ.

1970 3622 2067 3674 Ἂν
2099 3619 2276 3691 βούλει
2322 3619 2511 3691 ἄρχειν
2553 3623 2652 3694 τῆς
2682 3620 2970 3690 ἐπαρχίας,
3020 3617 3363 3691 ἀτιμωθὴσῃ·
3408 3616 3474 3670 ἂν

1897 3711 1956 3765 δὲ
2012 3711 2206 3764 σαυτὸν
2244 3709 2607 3782 ταπεινώσῃς,
2664 3709 2954 3780 ὲλεηθήσῃ·
3000 3709 3308 3780 γέγραπται
3339 3709 3469 3776 γάρ,

1897 3803 1977 3857 ὅτι
2006 3823 2024 3855 ι
2071 3803 2128 3856 '0
2149 3802 2282 3867 Θεὸς
2314 3802 2517 3873 ἐκχέων
2545 3802 2632 3856 ἐπ’
2661 3800 2925 3873 ἄρχοντας
2951 3801 3193 3870 ἀτιμίαν,
3220 3800 3344 3862 τοὺς
3373 3815 3471 3852 τα-

1897 3896 2112 3960 πεινοὺς
2147 3895 2354 3950 ἰάσατο.
2404 3911 2442 3946 ι,

2210 4071 2460 4124 PEB'.-—
2488 4070 2746 4140 ΚΡΙΣΠῼ
2792 4067 3153 4139 ΣΧΟΛΑΡΙῼ.

1964 4163 2118 4226 Τινὲς
2165 4163 2304 4232 ὑπὲρ
2354 4161 2414 4214 τὸ
2448 4161 2565 4213 δέον
2594 4164 2658 4231 τῇ
2712 4159 2894 4230 ἐννοίᾳ
2946 4157 3355 4222 ὲπεκταθέντες,
3393 4157 3470 4229 ὡς

1897 4254 2179 4316 δοκοῦντές
2214 4269 2266 4305 τι
2316 4253 2500 4322 μεῖζον
2539 4250 2891 4316 καταλαϐεῖν,
2938 4249 3201 4317 ἐξέπεσαν
3239 4249 3339 4319 μὲν
3370 4250 3468 4319 τῆς

221 4331 461 4388 ltendere
515 4346 710 4401 posse,
759 4345 942 4386 avera
991 4329 1303 4398 cognitione
1339 4331 1687 4398 excidentes,
1739 4333 1792 4386 in

1917 4348 2132 4418 ίληθοῦς
2160 4345 2432 4415 γνώσεως,
2467 4343 2930 4414 μεταπεπτώκασι
2952 4344 3008 4397 δὲ
3029 4345 3109 4406 είς
3133 4342 3468 4412 ψευδομένην

221 4423 588 4490 cognitionem
627 4421 931 4475 mendaciis
989 4419 1289 4473 involutam
1335 4421 1574 4492 prolapsi
1618 4435 1784 4480 sunt:

223 4531 245 4566 ς
274 4523 328 4570 ει
357 4522 542 4570 tamen
571 4514 678 4569 hoc
722 4514 950 4572 vanitas.
967 4521 1052 4568 est
1077 4513 1144 4576 ⁸⁷,
1183 4532 1224 4566 ι.
1245 4522 1304 4567 ut
1337 4513 1594 4571 Salomon
1625 4518 1722 4572 ait.

501 4605 732 4663 CLXIII.
761 4635 833 4646 —
867 4603 1179 4659 JULIANIE
1232 4604 1510 4662 VIRGINI.

290 4701 655 4767 Castissimze,
733 4698 1188 4769 perpulchrazque
1243 4699 1445 4771 virgini
1505 4701 1792 4772 speculum

219 4797 489 4868 optimum
549 4803 634 4852 est
681 4793 952 4865 jejunium
988 4810 1002 4848 :
1035 4793 1091 4848 in
1141 4808 1208 4849 eo
1252 4795 1452 4850 etenim
1479 4778 1654 4868 'virgo
1691 4811 1792 4868 pro

218 4889 444 4946 modqu
477 4903 579 4944 suo
602 4886 772 4942 Deum
807 4885 1146 4956 speculatur,
1173 4885 1503 4958 labrumque
1534 4886 1790 4955 fabricat,

217 4981 397 5037 basim
463 4979 720 5045 ﬁrmam,
786 4975 1215 5044 inconcussam,
1256 4985 1423 5050 atque
1479 4979 1794 5035 immutabi-

217 5072 418 5138 lem",
470 5071 833 5144 cogitationes
904 5069 1194 5129 atl'ectibus
1248 5073 1474 5130 minime
1519 5072 1790 5130 obnoxias

217 5165 326 5223 sibi
353 5179 705 5236 comparans.

722 5254 948 5310 CLXIV.
965 5286 1036 5296 —
1053 5256 1262 5311 Eidem.

287 5347 503 5419 Saepius
539 5347 816 5415 lectitasti,
846 5348 976 5416 quid
1029 5356 1256 5405 sanctus
1304 5348 1516 5420 Moyses
1546 5349 1614 5407 de
1644 5367 1787 5422 quo-

211 5440 338 5496 dam
367 5442 613 5513 optimo,
662 5455 727 5496 ac
776 5441 1186 5513 sapientissimo
1233 5441 1353 5498 viro
1389 5450 1618 5498 narrat:
1656 5460 1782 5500 cum

273 5581 319 5613 ⁸³
349 5579 549 5634 lerem.
584 5597 732 5641 xxxi,
767 5580 860 5634 21.
935 5583 978 5614 ⁸³
1028 5581 1216 5638 Matth.
1253 5597 1348 5648 ru,
1411 5583 1496 5638 Η.
1575 5585 1618 5616 εδ
1647 5581 1787 5640 Prov

1917 5600 1981 5649 ιτ,
2038 5579 2117 5634 I0.

215 5643 259 5674 "‘
293 5650 466 5707 Exod.
501 5665 722 5714 xxxvut,
754 5653 806 5706 8.

1899 4441 2119 4509 γνῶσιν’
2177 4437 2267 4491 καί
2301 4454 2363 4489 νε
2404 4453 2424 4486 ι
2467 4435 2626 4488 τοῦτο
2679 4434 2996 4503 ματαιότης,
3043 4451 3061 4484 ι
3104 4432 3248 4486 καθά
3302 4447 3466 4500 φησιν

1899 4529 2170 4602 Σολομὼν.

2179 4619 2339 4674 Ρειπο.
2370 4650 2438 4660 -
2468 4619 2801 4689 ΙΟΥΛΙΑΝῌ
2841 4615 3183 4688 ΠΔΡΘΕΝῼ.

1966 4713 2291 4783 Κάτοπτρον
2328 4708 2612 4763 κάλλιστον
2658 4711 2726 4780 τῇ
2779 4707 3084 4780 σεμνοτάτη
3131 4708 3223 4760 καὶ
3274 4705 3470 4758 εὑειδεϊ

1899 4807 2152 4880 παρθένῳ
2213 4803 2275 4857 τὸ
2337 4801 2641 4873 νηστεύειν,
2675 4803 2732 4853 ἐν
2791 4800 2964 4869 τούτῳ
3025 4801 3132 4868 γὰρ
3189 4798 3283 4853 καὶ
3335 4799 3468 4852 Θεὸν

1898 4895 2318 4969 κατοπτρίζεται
2348 4895 2383 4965 ἡ
2422 4892 2711 4964 παρθένος,
2754 4891 2984 4946 καθόσον
3022 4890 3316 4960 ἐνδέχεται,
3373 4889 3468 4942 καὶ

1895 4985 2134 5056 λουτῆρα
2152 4980 2425 5055 χαλκεύει,
2450 4981 2544 5035 καὶ
2567 4979 2724 5051 βάσιν
2746 4979 3083 5050 στερέμνιον,
3107 4978 3466 5051 ἀκράδαντον,

1896 5077 1990 5131 καὶ
2019 5074 2425 5145 ἀμετακίνητον
2475 5071 2793 5142 κτησαμένη
2831 5070 2891 5124 τὸ
2921 5069 3130 5134 ἀπαθὲς
3188 5071 3464 5144 φρόνημα.

2228 5255 2391 5308 ΡΞΔ’.
2420 5283 2489 5294 -
2515 5250 2594 5321 Τῇ
2629 5249 2782 5319 αὐτῇ
2817 5250 3113 5320 παρθένῳ.

1977 5347 2240 5416 Ἀνέγνως
2279 5346 2560 5409 πολλάκις,
2605 5342 2658 5396 τί
2718 5343 2923 5412 γράφει
2958 5342 2986 5392 ὁ
3025 5341 3177 5409 ἅγιος
3228 5337 3468 5406 Μῳῦσῆς

1892 5441 2019 5513 περί
2056 5455 2200 5500 τινος
2226 5438 2447 5508 ἀρίστου
2500 5435 2594 5489 καὶ
2625 5434 2939 5503 σοφωτάτου
2960 5433 3171 5503 ἀνδρὸς,
3194 5432 3273 5484 ὅτι
3313 5424 3466 5499 οὗτος

2226 5580 2268 5609 Μ
2297 5576 2398 5632 ³οδ
2432 5592 2526 5643 x”:
2564 5575 2652 5628 21⁸
2726 5577 2768 5607 ⁶⁷
2797 5575 2978 5630 ECCIC.
3015 5591 3051 5642 l,
3094 5573 3154 5628 I9.
3193 5592 3206 5642 ς
3268 5568 3476 5634 ιι,155,
