3984 6150
267 215 362 285 151

1731 221 1790 281 S.
1825 221 1989 281 NILI

3423 233 3557 296 452

268 334 394 388 licet
436 336 577 386 nutu
623 347 689 388 ac
729 333 997 404 potentia.
1049 334 1141 390 Sic
1178 333 1366 390 eadem
1415 333 1677 390 facultate
1740 333 1842 390 lle-

1988 337 2175 410 ννάμει
2207 341 2301 396 καὶ
2333 340 2503 414 Ἑνὼχ
2542 344 2734 415 θνητὸς
2773 345 2850 398 ῶν
2885 346 3174 420 μετετέθη,
3226 349 3322 403 καὶ
3352 350 3556 405 ἀθάνα-

263 421 408 480 noch
438 424 692 480 mortalis
719 441 843 480 cum
875 433 1053 492 esset,
1084 427 1358 495 repositus
1387 435 1471 484 est
1492 467 1507 491 ,
1550 436 1605 483 et
1632 427 1857 482 immor-

265 517 396 575 talis
422 517 492 573 ad
527 517 646 572 haec
681 532 858 588 usque
899 525 1149 586 tempora
1181 527 1547 575 conservatur
1577 520 1644 572 τε.

367 611 483 684 69
521 610 802 669 CLXXIV.
826 640 896 653 —-
925 610 1392 668 TELESPHOIIO
1424 612 1741 668 PRIMATI.

335 700 696 759 Communem
727 717 1018 774 personam
1057 703 1278 771 Patris,
1313 713 1368 760 et
1391 703 1516 759 Filii
1541 747 1554 770 ,
1593 713 1648 761 ct
1679 705 1841 776 Spiri-

267 799 361 850 tus
385 799 602 861 sancti,
633 804 688 850 et
719 809 883 850 unam
926 796 1256 868 imaginem,
1289 804 1343 853 et
1382 797 1630 853 eamdem
1658 797 1856 853 simili-

269 885 518 944 tudinem
561 887 805 943 ostendit
837 887 1154 960 Scriptura.
1192 889 1334 946 Illud
1375 890 1521 944 cnim
1557 909 1570 945 :
1605 909 1624 942 ι
1662 888 1855 946 Facia-

267 994 393 1036 mus
414 978 692 1036 hominem
727 981 794 1035 ad
837 981 1131 1054 imaginem
1169 991 1223 1037 et
1276 981 1693 1038 similitudinem
1727 984 1794 1048 7',
1829 1000 1848 1034 ι

267 1071 374 1128 hoc
401 1072 603 1127 innuit.

502 1165 690 1222 CLXX
703 1167 762 1222 ν.
793 1197 863 1210 -
903 1167 1277 1226 PIIILAGRIO
1305 1167 1640 1230 LECTORI”

343 1254 402 1311 Si
459 1257 589 1328 quis
650 1260 852 1329 poterit
900 1260 1086 1317 animo
1153 1261 1552 1318 suavissimum
1610 1261 1855 1332 Spiritus

213 1351 219 1356 ”
269 1349 449 1404 sneti
489 1350 714 1406 odorem
755 1352 1028 1421 olfacere,
1071 1353 1261 1409 habitu
1309 1354 1637 1422 reviviscet,
1690 1369 1756 1409 ac
1807 1355 1852 1411 si

267 1454 301 1497 ο
332 1443 570 1498 mortuis
607 1444 1044 1512 resurrexisset;
1081 1453 1138 1501 et
1165 1461 1354 1502 secum
1385 1446 1504 1518 ipse
1539 1447 1854 1514 mirabitur,

269 1549 338 1590 ex
366 1550 475 1606 qua
503 1536 830 1593 conditione
873 1539 930 1593 in
965 1554 1132 1610 quam
1167 1539 1334 1596 fuerit
1383 1540 1744 1606 immutatus,
1785 1542 1854 1594 il-

271 1625 479 1699 Iudque
509 1627 760 1685 Ezechiae
808 1631 1184 1686 exclamabit:
1225 1649 1244 1683 ι
1303 1631 1564 1688 Excitasti
1613 1631 1746 1686 mihi
1778 1631 1856 1686 vi-

274 1729 383 1773 tam
403 1758 420 1783 ,
451 1726 506 1774 et
530 1721 857 1778 consolatus
879 1721 1026 1788 vixi,
1061 1729 1116 1777 et
1147 1721 1438 1794 proiecisti
1466 1729 1590 1792 post
1614 1737 1699 1776 me
1732 1737 1850 1776 om-

273 1826 374 1867 nes
400 1811 718 1883 iniquitates
739 1829 892 1871 meas
918 1815 986 1882 ",
1021 1833 1041 1868 ι
1077 1829 1146 1869 ne
1174 1814 1231 1869 in
1273 1825 1557 1886 posterum
1595 1815 1851 1886 lapsuum

271 1900 421 1957 idola
464 1902 863 1976 imaginatione
901 1905 1205 1976 exprimam
1232 1948 1247 1973 ,
1283 1905 1451 1962 corde
1493 1921 1634 1976 puro
1675 1906 1729 1959 in
1765 1905 1853 1959 fu—

273 1999 459 2048 turum
484 2007 829 2066 comparato.

749 2087 882 2144 CLX
896 2087 1036 2144 XVI.
1063 2117 1136 2130 —-
1152 2090 1362 2145 Eidem.

342 2175 464 2230 Non
512 2183 730 2232 tantum
776 2179 1128 2236 maleolentia
1183 2188 1240 2236 et
1301 2179 1677 2248 infructuosa,
1722 2179 1854 2250 quin

271 2269 439 2324 etiam
463 2279 678 2326 mortua
711 2271 1019 2344 iniquitatis
1048 2288 1216 2345 opera
1252 2273 1487 2329 dicenda
1519 2281 1666 2329 sunt.

488 2363 792 2421 CLXXVII.
823 2396 894 2407 -—
914 2363 1201 2423 LIMENIO
1249 2365 1606 2423 MONACIIO.

346 2453 631 2512 Virtutum
683 2466 833 2512 recta
888 2459 1215 2528 dispositio,
1268 2475 1393 2530 quae
1438 2459 1494 2512 in
1531 2457 1690 2512 emlis
1736 2465 1857 2520 est,

274 2548 592 2605 beatitatem
651 2551 998 2621 suppeditat,
1063 2566 1230 2622 quam
1292 2567 1395 2608 nec
1424 2550 1604 2606 oratio
1666 2549 1861 2618 expri-

275 2656 462 2708 mere,
523 2656 626 2697 nce
679 2658 838 2698 mens
891 2643 1398 2715 comprehendere,
1456 2657 1559 2699 nec
1599 2639 1862 2713 cogitatio

277 2745 477 2804 capere
505 2740 711 2804 potest.

657 2825 766 2897 ⁷ο
800 2822 1127 2883 CLXXVIII.
1160 2857 1230 2868 —
1259 2825 1470 2884 Eidem.

353 2933 374 2966 ι
413 2913 492 2972 Ne
539 2915 728 2975 tradas
779 2934 900 2987 me,
936 2919 1041 2986 ait,
1099 2920 1155 2975 in
1205 2921 1421 2977 animas
1471 2919 1859 2976 tribulantium

1960 446 2052 494 τος
2086 430 2249 502 μέχρι
2269 432 2366 488 νῦν
2386 434 2756 505 πεφύλακται.

2165 608 2334 664 ΡοΔ¹.
2360 638 2433 650 -ι
2455 610 2861 683 ΤΕΛΕΣΦΟΡῼ
2891 614 3359 674 ΠΡΩΤΕΥΟΝΤΙ.

2032 697 2227 750 Κοινὸν
2260 699 2552 770 πρόσωπον
2585 700 2859 756 δείκνυσιν
2892 705 2925 775 ἡ
2967 704 3160 777 Γραφὴ
3191 707 3287 760 τοῦ
3317 707 3554 780 [ἰατρὸς.

1959 791 2056 842 καὶ
2095 789 2189 844 τοῦ
2219 791 2376 858 Υίοῦ,
2407 796 2503 848 καὶ
2536 794 2632 847 τοῦ
2672 795 2830 864 ἁγίου
2863 796 3202 869 Πνεύματος,
3235 799 3334 855 καὶ
3371 801 3557 856 είκόνα

1960 883 2114 953 μίαν,
2184 886 2281 941 καὶ
2340 888 2603 969 ὁμοίωσιν
2650 889 2752 960 τὴν
2811 890 3006 961 αὐτήν.
3057 891 3144 960 To:
3184 891 3295 965 γὰρ
3351 896 3550 948 εἰπεῖν·

1961 997 1979 1030 ι
2017 979 2345 1051 Ποιήσωμεν
2375 981 2666 1058 ἄνθρωπον
2711 983 2834 1037 κατ’
2865 983 3052 1037 εἰκόνα
3078 983 3172 1037 καὶ
3205 985 3488 1055 ὁμοίωσιν,
3526 1003 3547 1040 s

1956 1073 2114 1128 τοῦτο
2141 1075 2313 1146 δηλοῖ.

2205 1167 2374 1220 POE'.
2398 1196 2469 1207 —
2509 1166 2830 1238 ΦΙΛΑΓΡΙῼ
2859 1167 3300 1240 ΑΝΑΓΝΩΣΤῌ.

2028 1259 2094 1312 Εἴ
2113 1276 2200 1324 τις
2242 1257 2498 1330 δυνηθείη
2521 1258 2664 1313 κατά
2699 1259 2878 1331 ψυχὴν
2905 1257 3279 1331 ὀσφρανθῆναι
3308 1261 3407 1331 τῆς
3454 1261 3552 1315 τοῦ

1956 1351 2113 1419 ἁγίου
2146 1350 2469 1422 ιινεύματος
2516 1351 2766 1420 εὐωδίας,
2818 1352 3400 1426 ἀναζωπυρωθήσεται
3452 1353 3550 1426 τὴν

1954 1443 2070 1509 ἕξιν
2094 1443 2284 1516 ὥσπερ
2317 1445 2381 1497 ὲκ
2402 1444 2614 1515 νεκρῶν
2641 1443 2910 1515 ἐγερθεὶς,
2943 1445 3038 1499 καὶ
3071 1446 3548 1518 ἀποθαυμάσεται,

1957 1537 2022 1590 ὲκ
2061 1537 2220 1600 ποίας
2266 1538 2657 1601 καταστάσεως
2712 1539 2792 1602 είς
2835 1537 2994 1592 ποίαν
3027 1538 3314 1609 μετετέθη,
3355 1539 3450 1593 καὶ
3487 1541 3550 1592 τὸ

1957 1630 2052 1685 τοῦ
2119 1629 2363 1694 Ἐζεκίου
2427 1630 2796 1700 ἀναφωνήσει·
2863 1650 2882 1682 ι
2937 1627 3260 1700 Ἐξήγειρὰς
3294 1646 3398 1699 μου
3452 1629 3551 1700 τὴν

1959 1721 2127 1793 ζωὴν,
2164 1721 2260 1775 καὶ
2297 1721 2678 1793 παρακληθεὶς
2725 1718 2921 1790 ἔζησα,
2952 1721 3050 1773 καὶ
3079 1721 3393 1792 ἀπέρριψας
3429 1721 3550 1774 ὀπί-

1961 1831 2037 1868 σω
2096 1830 2198 1884 μου
2245 1813 2426 1878 πάσας
2469 1814 2566 1878 τὰς
2613 1813 2888 1885 ἁμαρτίας
2924 1831 3058 1884 μου,
3091 1831 3110 1864 ι
3169 1813 3318 1876 ὅπως
3353 1812 3549 1883 μηκέτι

1960 1905 2322 1978 φαντὰξωμαι
2369 1905 2439 1959 τὰ
2473 1905 2584 1960 τῶν
2632 1905 2996 1977 πταισμάτων
3039 1903 3256 1970 εἴδωλα,
3303 1905 3551 1976 καθαρὰν

1959 2000 2187 2072 καρδίαν
2219 2001 2564 2071 κτησάμενος
2585 1999 2684 2053 τοῦ
2707 2000 2919 2055 λοιποῦ.

2447 2092 2632 2158 Ροςυ.
2667 2120 2740 2130 -
2764 2087 2850 2156 Τῷ
2878 2090 3060 2159 αὐτῷ.
3490 2134 3493 2137 -

2030 2185 2106 2237 Ού
2140 2182 2298 2254 μόνον
2326 2183 2536 2254 δυσώδη
2619 2182 2712 2236 καὶ
2744 2181 2996 2253 ἄκαρπα,
3035 2181 3172 2235 ἀλλά
3201 2180 3311 2252 γὰρ
3341 2179 3436 2234 καὶ
3457 2195 3546 2234 νε·-

1959 2280 2070 2352 κρά
2093 2278 2321 2350 κλητέον
2354 2277 2422 2330 τά
2447 2276 2586 2348 ἔργα
2607 2275 2711 2346 τῆς
2741 2274 3039 2347 ἁμαρτίας.

2315 2369 2852 2434 ΡΟΖ’.--ΛΙΜΕΝ1ῼ
2879 2368 3194 2439 ΜΟΝΑΧῼ.

2046 2465 2111 2518 Ἦ
2134 2463 2244 2517 τῶν
2277 2462 2491 2535 ἀρετῶν
2533 2463 2756 2533 μέθοδος
2785 2463 2884 2532 τὴν
2914 2462 2972 2515 ὲν
2998 2463 3111 2524 τοῖς
3154 2460 3406 2530 οὐρανοῖς
3445 2473 3550 2527 μαο

1963 2555 2266 2626 καριότητα
2291 2552 2564 2624 προξενεῖ,
2599 2551 2698 2624 τὴν
2731 2551 2856 2606 οὕτε
2890 2551 3034 2622 λόγῳ
3072 2550 3266 2622 ῥητὴν,
3309 2547 3433 2602 οὔτε
3470 2545 3550 2618 νῷ

1961 2646 2194 2720 ληπτὴν,
2221 2646 2345 2700 οὔτε
2370 2645 2550 2716 ἐννοίᾳ
2577 2645 2860 2717 χωρητὴν.

2457 2831 2706 2884 ΡΟΗἏ-
2741 2827 2830 2894 Τῷ
2868 2826 3048 2892 αὐτῷ.
3529 2862 3537 2870 .
3599 2887 3606 2894 _

2042 2944 2061 2978 ι
2093 2925 2188 2996 Μὴ
2241 2921 2502 2994 παραδῷς
2558 2939 2657 2992 με,
2687 2921 2875 2992 φησὶν,
2908 2922 2988 2983 είς
3031 2919 3208 2990 ψυχὰς
3257 2918 3549 2973 θλιϐόντων

277 3008 458 3076 me";
497 3027 517 3061 ι
571 3009 724 3082 impii
778 3012 1052 3083 siquidem
1102 3012 1369 3076 affectus.
1417 3030 1445 3069 a
1475 3015 1679 3086 quibus
1723 3014 1853 3070 libe-

1988 3033 2058 3070 ιε’
2105 3034 2124 3068 s
2169 3016 2344 3088 ψυχαὶ
2368 3013 2478 3087 γὰρ
2504 3012 2615 3068 τῶν
2635 3013 2903 3084 δαιμόνων
2931 3011 2998 3066 τὰ
3031 3011 3220 3066 ἀνόσια
3267 3011 3438 3083 πάθη,
3470 3004 3547 3065 ὦν

277 3100 390 3155 rari
421 3101 690 3158 orandum
719 3111 834 3167 est,
866 3104 1175 3161 daemonum
1216 3115 1347 3162 sunt
1375 3108 1595 3162 animae.

763 3195 1046 3254 CLXXIX.
1069 3227 1139 3240 —
1164 3197 1374 3255 Eidem.

351 3284 535 3369 Jacobi
568 3286 746 3344 illud:
785 3306 803 3341 ι
840 3287 898 3344 Si
947 3288 1164 3346 dederit
1205 3289 1339 3345 mihi
1371 3289 1638 3345 Dominus
1661 3303 1857 3360 panem

276 3375 345 3431 ad
395 3379 828 3446 comedendum,
884 3387 941 3436 et
1012 3390 1224 3435 vestem
1285 3380 1354 3434 ad
1413 3379 1858 3436 convolvcndum

276 3484 366 3526 me
389 3469 458 3536 ",
489 3488 510 3522 ι
544 3471 671 3528 vita
711 3471 1032 3528 institutum
1070 3471 1468 3527 monachorum
1503 3471 1784 3544 exprimit.

770 3561 1033 3621 CLXXX.
1051 3593 1121 3606 —-
1141 3562 1354 3620 Eidem.

351 3653 650 3709 Maximum
699 3654 904 3712 bonum
941 3663 1028 3712 est
1055 3655 1388 3728 placiditas,
1422 3671 1589 3727 quam
1633 3672 1854 3714 assecu-

278 3759 370 3804 tus
399 3745 616 3817 Moyses
643 3747 811 3802 Deum
849 3747 1084 3805 intuitus
1111 3757 1198 3804 est
1226 3748 1294 3816 τ’,
1323 3756 1386 3804 ut
1431 3749 1684 3806 humana:
1713 3749 1860 3805 vires

280 3839 484 3897 intueri
513 3844 768 3912 possunt.

752 3925 1036 3987 CLXXXI.
1063 3958 1134 3968 —
1163 3925 1368 3984 Eidem.

349 4021 616 4079 Castitate
639 4028 695 4078 et
729 4021 972 4094 puritate
1013 4018 1392 4076 admirabilem
1424 4017 1597 4074 Eliam
1632 4018 1852 4075 aemula-

279 4123 372 4174 tus
402 4131 463 4172 es
495 4116 562 4182 '°,
617 4115 710 4186 qui
755 4113 1174 4172 exercitationis
1216 4113 1490 4169 universae
1522 4111 1633 4167 dux
1677 4111 1861 4168 factus

279 4209 491 4281 primus
533 4209 776 4264 omnium
826 4207 991 4263 uobis
1035 4205 1398 4277 pudicitiam,
1426 4211 1484 4260 et
1523 4220 1710 4276 parem
1742 4205 1860 4260 An-

1961 3109 2185 3169 εὐκτέον
2224 3108 2512 3180 ὁυσθῆναι.

2455 3197 2624 3252 ΡΟΘ’.
2654 3228 2722 3239 -
2756 3197 2841 3263 Τῷ
2869 3195 3051 3261 αὐτῷ.
3135 3238 3145 3244 .

2031 3295 2106 3349 Τὸ
2137 3293 2317 3362 λέγειν
2343 3289 2436 3344 τὸν
2486 3287 2705 3342 Ἰακώϐ·
2748 3304 2767 3338 ι
2803 3286 2929 3340 Ἐἀν
2964 3285 3038 3356 δῷ
3086 3302 3176 3356 μοι
3214 3283 3418 3356 Κύριος
3447 3283 3549 3354 ἁρ-

1960 3403 2053 3442 τον
2109 3385 2325 3454 φαγεῖν,
2368 3381 2462 3436 καὶ
2499 3378 2716 3450 ἱμάτιον
2761 3376 3176 3449 περιϐαλέσθαι,
3214 3395 3234 3430 ι
3289 3377 3389 3448 τὴν
3437 3375 3548 3429 τῶν

1965 3477 2218 3550 μοναχῶν
2251 3474 2562 3546 διαγορεύει
2596 3471 2764 3543 ζωήν.

2459 3566 2588 3620 PII'.
2633 3577 2707 3606 έ-
2753 3561 2838 3630 Τῷ
2871 3560 3050 3629 αὐτῷ.

2032 3661 2309 3732 Μέγιστον
2343 3656 2550 3728 ἀγαθὸν
2594 3657 2856 3728 τυγχάνει
2907 3657 2942 3729 ἡ
2984 3653 3248 3727 πραότης,
3299 3654 3474 3724 ἥνπερ
3517 3652 3547 3704 ὁ

1965 3755 2141 3826 μέγας
2173 3749 2518 3821 κτησάμενος
2559 3747 2805 3811 Μωῦσῆς
2851 3745 2986 3800 Θεὸν
3039 3745 3320 3807 ἐθεάσατο,
3354 3742 3430 3806 ὡς
3459 3742 3546 3795 ἁν-

1925 3860 1928 3862 ‘
1965 3845 2166 3920 θρώπῳ
2193 3844 2319 3899 ἰδεῖν
2340 3841 2586 3896 δυνατόν.

2454 3932 2628 3988 PI'IA'.
2657 3963 2726 3973 —
2759 3929 2844 3997 Τῷ
2873 3927 3052 3996 αὐτῷ.
3567 4003 3578 4011 _

2045 4027 2338 4099 Ἑμιμήσω
2371 4027 2437 4096 τῇ
2481 4023 2698 4095 ἁγνείᾳ,
2731 4023 2827 4078 καὶ
2848 4025 2916 4092 τῇ
2941 4019 3276 4091 καθαρότητι
3298 4018 3390 4072 τὸν
3417 4017 3548 4073 θαυο

1966 4122 2170 4194 μαστὸν
2197 4119 2405 4183 Ἠλίαν,
2424 4117 2574 4179 ὅστις
2604 4117 2785 4186 πὰσης
2816 4113 3106 4184 ἀσκήσεως
3134 4111 3376 4183 ἀρχηγὸς
3395 4109 3548 4180 γενό-

1967 4230 2148 4286 μενος,
2194 4209 2415 4281 πρῶτος
2444 4210 2577 4278 ἡμῖν
2601 4206 2702 4276 τὴν
2735 4205 3112 4277 σωφροσύνην,
3137 4205 3231 4257 καὶ⁷
3255 4203 3353 4273 τὴν
3392 4205 3545 4272 ίσάγ-

280 4301 417 4372 gclis
471 4301 784 4357 cmlibatum
850 4297 1130 4360 ostendit,
1189 4306 1416 4370 pr0pter
1467 4312 1634 4369 quam
1699 4300 1853 4368 igneo

1988 4305 2122 4370 τελον
2170 4300 2420 4372 ἀγαμίαν
2458 4297 2730 4364 ὑπέδειξε,
2765 4297 2831 4350 δι’
2861 4298 3042 4368 ἥνπερ
3079 4294 3174 4348 καὶ
3208 4295 3420 4365 πυρίνῳ
3449 4295 3548 4368 ἆρα

279 4408 449 4448 curru
480 4392 778 4462 subreptus
799 4396 907 4446 est.

757 4475 1066 4536 CLXXXII.
1090 4508 1160 4520 —
1183 4475 1392 4532 Eidem.

347 4575 749 4635 Gravissimam
807 4569 1221 4645 aegritudinem,
1256 4577 1312 4625 et
1362 4567 1618 4626 tenebras
1651 4568 1858 4639 impie-

279 4679 449 4728 tatem
473 4669 756 4742 appellans
781 4709 797 4734 ,
827 4681 936 4722 non
977 4664 1202 4721 aberras
1235 4678 1264 4718 a
1283 4661 1544 4718 veritate.

419 4757 749 4816 CLXXXIII.
780 4786 852 4798 -ο
872 4751 1346 4811 ΑΜΡΗΙΟΤΥΟΝΙ
1379 4749 1710 4807 RHETOIII.

350 4853 566 4928 Ingenti
599 4851 976 4908 emolumento
1011 4845 1252 4912 ditatus,
1275 4853 1330 4902 et
1351 4859 1541 4901 mensa
1574 4845 1818 4901 alllucnti
1840 4885 1857 4912 ,

279 4946 727 5015 honoribusque,
757 4959 925 5015 supra
957 4954 1126 5013 quam
1158 4954 1257 5010 par
1285 4945 1401 5002 est,
1437 4937 1858 5006 cohonestatus,

282 5055 351 5096 ne
399 5041 565 5096 nimis
596 5037 962 5111 corjbantum
1024 5048 1208 5096 more,
1261 5031 1364 5102 71
1413 5029 1689 5096 insanias,
1765 5031 1865 5086 sed

282 5133 431 5188 vices
490 5144 675 5188 rerum
735 5138 1070 5202 exspectans
1128 5123 1482 5181 insolentiam
1549 5136 1860 5192 compesce.

282 5221 431 5280 Nihil
476 5223 628 5280 enim
675 5230 761 5280 est
795 5222 1039 5278 humana
1084 5217 1346 5275 felicitate
1395 5212 1672 5280 debilius,
1724 5214 1864 5271 nihil

285 5316 624 5374 imbecillius
649 5355 666 5379 ,
696 5313 833 5370 nihil
872 5311 1295 5370 infortunatius.

464 5403 801 5463 CLXXXIV.
840 5433 906 5444 -
945 5399 1182 5458 IIIERIO
1223 5398 1677 5456 SYNCLETICO.

354 5497 523 5563 Quot,
555 5500 740 5566 putas,
765 5491 987 5562 seipsos
1015 5491 1209 5547 beatos
1242 5488 1474 5556 ducunt,
1509 5489 1654 5560 quod
1683 5488 1854 5545 dit-ini

353 5625 401 5658 ⁷⁵
433 5623 569 5680 Gen.
601 5640 657 5686 ν.
685 5625 778 5680 Ἃ.
853 5622 902 5656 ⁷³
930 5621 1068 5692 Cen.
1109 5641 1147 5682 ι.
1178 5623 1270 5677 26.
1346 5623 1392 5655 ’⁸
1426 5623 1528 5680 Isa.
1559 5639 1787 5692 τιτι-ιιι,
1841 5624 1853 5678 l

2006 5627 2050 5660 ⁷⁷
2084 5621 2228 5679 Psal.
2260 5639 2410 5689 χχιι,
2446 5622 2530 5678 19..

289 5711 485 5765 natur,
518 5695 575 5750 II
622 5709 774 5766 seqq.
852 5694 898 5726 ⁸⁸
926 5690 1001 5768 IV
1047 5696 1177 5767 llcg.
1217 5695 1386 5761 ι1,Η.

1891 4392 1936 4449 1)
1964 4417 2097 4472 ματι
2124 4393 2441 4467 ἀνηρπάγη.

2461 4480 2716 4535 ΡΠΒἏ-
2753 4479 2837 4546 Τῷ
2856 4477 3016 4544 αὐτῷ

2037 4579 2210 4634 Νόσον
2286 4573 2702 4646 χαλεπωτάτην,
2775 4571 2872 4624 καὶ
2931 4569 3125 4634 σκότος
3195 4567 3382 4623 καλῶν
3446 4569 3546 4642 τὴν

1956 4669 2232 4731 ἀσέϐειαν,
2262 4667 2360 4734 οὐχ
2392 4662 2729 4734 ἁμαρτάνεις
2750 4660 2844 4713 τοῦ
2876 4658 3130 4730 ἀληθοῦς.

2235 4756 2406 4811 ΡΠΓ’.
2429 4784 2496 4796 —-
2514 4753 2782 4808 ΑΜΦΙΚΤ
2793 4752 2958 4804 ΥΩΝΓ
2981 4750 3257 4804 ΡΗΤΟΡῙ.

2029 4852 2271 4926 Κέρδους
2285 4847 2483 4902 πολλοῦ
2508 4843 2849 4916 τετυχηκὼς,
2868 4845 2964 4899 καὶ
2991 4843 3230 4913 λιπαρᾶς
3242 4839 3543 4913 τραπέζης,

1960 4945 2136 5015 τιμῶν
2169 4958 2229 4995 τε
2275 4935 2566 4992 ἀπολαύων
2613 4933 2722 4988 τῶν
2753 4935 2894 5006 ὑπὲρ
2937 4933 3034 5002 τὴν
3073 4932 3253 4998 ἀξίαν,
3288 4929 3364 5000 μὴ
3405 4929 3545 4996 ἄγαν

1963 5030 2312 5105 κορυϐαντία,
2342 5025 2643 5100 μεταϐολὴν
2680 5025 2737 5078 δὲ
2773 5024 3096 5096 προσδέχου,
3140 5023 3236 5076 καλ⁸
3263 5021 3455 5072 σϐέσον
3482 5020 3544 5073 τὸ

1963 5123 2252 5195 φρύαγμα.
2295 5121 2460 5175 Οὐδὲν
2492 5119 2600 5188 γὰρ
2627 5117 2726 5186 τῆς
2770 5115 2922 5187 παρὰ
2947 5117 3060 5178 τοῖς
3092 5111 3401 5184 ἀνθρώποις
3447 5110 3541 5162 εὐ..

1961 5214 2246 5285 δαιμονίας
2310 5209 2676 5282 σαθρὼτερον,
2727 5207 2880 5260 οὐδὲν
2930 5205 3344 5277 ἀδρανέστερον,
3385 5201 3540 5256 οὐδὲν

1962 5305 2313 5375 ἀθλιώτερον.
3389 5287 3394 5290 ’

2253 5393 2424 5448 PHA'.
2447 5423 2517 5432 —
2551 5389 2732 5462 ΙΕΡΙῼ
2769 5389 3219 5460 ΣΥΓΚΛΗΤΙΚῼ

2037 5489 2233 5556 Πόσοι,
2279 5487 2489 5552 δοκεῖς,
2540 5485 2766 5549 ἑαυτοὺς
2803 5482 3232 5556 μακαρίζουσιν,
3261 5479 3344 5534 ὅτι
3402 5496 3540 5534 κατ-

2635 5620 2840 5677 "ch.
2880 5616 3190 5686 uvnr,20.
3267 5616 3312 5648 "
3364 5617 3531 5674 Exod.

2856 5787 2966 5797 μ--
