3984 6150
228 281 324 350 I53

1453 282 1987 346 EPISTOLARUM
2037 285 2182 345 LIB.
2218 285 2262 347 Ῑ.

3380 287 3482 357 154

224 403 474 475 ηξίωνται
489 402 586 456 τοῦ
618 402 906 457 θεσπεσίου
943 404 1191 458 Ἰωάννου
1215 402 1308 458 τοῦ
1345 406 1792 459 Κωνσταντινου-

1904 400 2125 457 Ioannis
2171 403 2785 474 Constantinopolitani
2833 406 3080 478 episcopi
3129 410 3483 466 sermonibus

224 494 425 559 πόλεως
474 494 781 549 ἐπισκόπου
808 497 919 560 τοῖς
961 495 1140 565 λόγοις
1193 498 1542 568 περιτυχεῖν;
1588 490 1664 550 ὧν
1699 496 1795 549 καὶ

224 585 375 651 αὐτὸς
436 584 674 659 δραστὴς
734 586 935 659 θερμὸς
1011 588 1315 660 ὑπάρχων,
1400 586 1795 661 μακαρισθησῃ

225 678 408 739 πολλά.
482 697 490 701 “

442 767 617 824 PIIE'.
637 797 715 812 -ν-
741 770 1054 843 ΜΑΡΙΑΝῼ
1091 772 1556 843 ΥΠΟΔΙᾹΚΟΝῼ.

288 859 351 916 Τί
371 861 759 935 δαψιλέστερον
784 864 1020 928 πιαίνεις
1044 881 1124 918 σοι
1148 864 1247 930 τὰς
1271 866 1480 937 σάρκας
1512 882 1628 932 σου,
1661 860 1791 936 τροο

224 950 325 1023 ἱρὴν
357 952 659 1021 σκωλήκων
691 954 961 1025 ἐσομένας
980 954 1104 1008 ὅσον
1134 953 1321 1023 οὐπω;

505 1042 694 1112 Ρηςν.
718 1072 779 1085 -
816 1044 1138 1117 ΓΙΓΔΝΤΙῼ
1176 1047 1497 1120 ΔιΑκοΝο.

290 1135 476 1199 Ὅπως
540 1136 617 1207 μὴ
684 1136 1070 1209 ἀπευδοκήσῃς
1111 1114 1229 1191 *τοῦ
1301 1114 1640 1209 χαρίσματος
1681 1137 1794 1207 ’τῆς
1846 1114 1849 1117 Α

221 1227 550 1298 ἀπτοησίας,
601 1229 698 1282 καὶ
755 1229 883 1299 τῆς.
911 1228 1252 1293 τελεωτάτης
1297 1230 1603 1293 ἀπαθείας,
1658 1229 1793 1301 μηδὲ

222 1319 409 1372 σαυτὸν
436 1320 505 1389 τῇ
527 1317 672 1390 λύπῃ
702 1320 1072 1391 καταπνίγῃς,
1111 1318 1256 1391 ἔχεις
1282 1319 1374 1373 τὸν
1403 1320 1559 1385 ἅγιον
1588 1320 1792 1373 Μωσέα

221 1407 704 1480 παραθαρσύνοντά
757 1428 840 1476 σε,
895 1412 988 1465 καὶ
1016 1411 1241 1481 λέγοντα
1289 1413 1348 1464 ὲν
1397 1411 1477 1482 τῷ
1519 1410 1791 1480 Λευῖτικῷ

219 1495 415 1567 τεύχει,
448 1498 531 1551 ὃτι
586 1516 607 1550 ι
648 1497 814 1551 Δώσω
860 1500 1086 1571 εἰρήνην
1136 1501 1196 1553 ἐν
1231 1502 1300 1572 τῇ
1341 1502 1411 1570 γῇ
1468 1500 1643 1571 ὑμῶν,
1697 1501 1792 1554 καὶ

219 1587 637 1658 κοιμηθήσεσθε,
678 1589 777 1644 καὶ
817 1590 917 1643 οὐκ
963 1590 1115 1644 ἔσται
1147 1592 1176 1644 ό
1216 1591 1467 1660 ἐκφοϐῶν
1499 1592 1665 1662 ὑμᾶς,
1694 1598 1791 1648 καὶ

1904 495 1981 549 uti
2025 494 2173 565 digni
2223 494 2394 550 habili
2443 496 2609 551 sunt?
2649 512 2841 553 eorum
2881 505 2961 562 tu,
3007 512 3131 553 cum
3176 501 3482 556 admirator

1898 586 2188 656 cultorque
2223 589 2559 658 per-cupidus
2581 590 2684 654 sis,
2710 590 2943 645 nimium
2974 592 3308 662 laudabcris,
3331 580 3483 664 judi-

1899 678 2230 748 caberisqne
2266 678 2604 736 fortunatus.

2053 768 2364 825 CLXXXV.
2404 801 2476 812 —
2514 771 2829 829 MARIANO
2867 773 3322 833 SUBDIACONO.

1967 859 2113 928 Quid
2144 862 2521 918 abundantius
2552 878 2751 920 carnes
2784 874 2907 920 tuas
2951 866 3322 937 pingucfacis,
3358 886 3477 929 ver-

1882 949 2080 1009 ’mibns
2110 953 2295 1007 cibum
2333 968 2441 1008 non
2476 955 2651 1009 multo
2680 964 2804 1024 post
2837 956 3092 1012 futuras?
3185 965 3193 977 '

2103 1043 2525 1101 CLXXXVI.“
2561 1044 2890 1102 CIGANTIO
2942 1046 3259 1107 DIACONO.

1967 1135 2038 1190 Ut
2082 1152 2151 1191 ne
2199 1137 2458 1207 desperes
2503 1135 2572 1193 de
2613 1138 2949 1195 charismate
2991 1142 3387 1212 intrepiditatis
3424 1152 3479 1201 et

1898 1223 2315 1296 perfectissima:
2337 1226 2935 1296 imperturbabilitatis,
2967 1238 3021 1285 et
3044 1246 3074 1285 a
3101 1247 3356 1299 maerore,
3382 1234 3474 1304 qui

1896 1328 1950 1374 te
1985 1317 2266 1387 praefocat,
2288 1317 2564 1384 libereris,
2601 1319 2774 1374 habes
2800 1321 2896 1376 tibi
2929 1322 3149 1378 animos
3183 1322 3475 1379 addentem

1896 1419 2149 1465 Sanctum
2181 1408 2443 1482 Moysen),
2482 1410 2537 1464 in
2584 1408 2839 1467 Leritico
2870 1412 3208 1468 ‘dieentem:
3258 1433 3276 1468 ι
3326 1414 3477 1471 Dabo

1894 1515 2082 1572 pacem
2116 1502 2169 1555 in
2197 1512 2343 1556 terra
2378 1510 2580 1569 vestra,
2614 1514 2668 1558 et
2691 1502 2996 1571 dormictis,
3019 1514 3072 1560 et
3103 1521 3211 1561 non
3232 1511 3355 1574 erit,
3380 1509 3475 1579 qui

1893 1593 2049 1648 vobis
2097 1592 2348 1646 timorem
2419 1592 2686 1660 incutiat,
2731 1601 2786 1650 et
2841 1595 3152 1651 interimam
3218 1599 3476 1657 animalia

218 1677 399 1733 ἀπολῶ
424 1679 591 1750 θηρία
619 1680 835 1753 πονηρὰ
862 1683 928 1735 ὲκ
956 1684 1053 1753 τῆς
1076 1683 1178 1753 γῆς
1203 1682 1379 1753 ὑμῶν,
1404 1682 1502 1736 xui.
1529 1680 1787 1747 διώξεσθε

1904 1699 2058 1755 prava
2089 1683 2157 1738 de
2185 1692 2329 1737 terra
2358 1691 2560 1747 vestra,
2585 1692 2637 1739 et
2662 1683 2925 1755 I‘ngabitis
2953 1687 3208 1742 inimicos
3241 1698 3471 1749 vestros.

218 1773 339 1837 τούς
367 1771 597 1845 ἑχθροὴ
636 1773 812 1844 ὐμῶν,
863 1774 959 1827 καὶ
1009 1762 1300 1830 πεσοῦνται
1350 1773 1581 1828 ἐνώπιον
1635 1773 1792 1844 ὐμῶν

1904 1785 1947 1831 et
1974 1776 2171 1830 cadent
2202 1776 2258 1828 in
2290 1783 2589 1845 conspectu
2617 1784 2801 1831 vestro
2832 1792 2942 1846 pra:
2973 1777 3168 1831 timore
3190 1778 3257 1831 οι.
3287 1799 3307 1830 ι
3341 1777 3473 1832 Ter-

223 1863 384 1936 φόϐῳ.
407 1864 518 1936 Γῆν
537 1864 683 1935 λέγει
714 1865 811 1937 τὴν
844 1864 1192 1937 ἀνθρωπίνην
1230 1867 1481 1938 καρδίαν,
1519 1866 1700 1936 ἀγαθά
1730 1883 1790 1920 τε

1904 1884 2016 1922 ram
2051 1877 2207 1922 vocat
2241 1883 2337 1922 cor
2387 1868 2724 1935 humanum,
2760 1868 2906 1923 bona
2956 1868 3213 1938 malaque
3263 1868 3473 1923 semina

224 1956 311 2010 καὶ
352 1957 529 2027 φαῦλα
570 1957 862 2031 σπέρματα
915 1957 1233 2029 δεχομένην,
1278 1957 1445 2029 θηρία
1475 1956 1533 2009 δὲ
1577 1954 1790 2027 πονηρὰ

221 2048 340 2110 τοὺς
369 2049 659 2120 δυσμενεῖς
705 2049 991 2120 δαίμονας,
1033 2049 1129 2102 καὶ
1178 2049 1247 2103 τὰ
1289 2049 1653 2120 κακομήχανα
1690 2049 1789 2118 τῆς

222 2141 479 2211 πονηρίας
509 2144 781 2215 νοήματα.
807 2161 843 2214 ι,

704 2232 876 2288 PIIZ'.
902 2264 975 2274 —-
998 2233 1085 2300 Τῷ
1118 2232 1299 2301 αὐτῷ.

220 2344 221 2347 ‘
283 2324 454 2380 Ὅταν
478 2326 549 2381 δι’
582 2327 982 2399 ὑπομονῆς-καλ
1020 2327 1187 2398 εὐχῆς
1215 2326 1472 2397 λάϐωμεν
1516 2326 1614 2399 τὴν
1653 2328 1791 2383 ἇνωο

216 2414 304 2469 θεν
348 2415 591 2487 δωρεὰν,
632 2415 755 2470 τότε
808 2416 998 2482 διῶξαι
1046 2416 1321 2489 δυνάμεθα
1363 2417 1490 2481 τοὺς
1530 2417 1794 2489 ἀοράτους

216 2505 570 2580 βαρϐάρους,
614 2508 709 2561 καὶ
757 2505 1047 2563 πεσοῦνται
1075 2509 1265 2581 τρόμῳ
1311 2507 1417 2562 ὐπὸ
1462 2508 1591 2572 τούς
1621 2508 1790 2574 πόδας

213 2596 390 2667 ἡμῶν.
429 2596 569 2667 Φησὶ
607 2598 714 2669 γὰρ
736 2597 830 2652 καί
859 2615 945 2662 τις
968 2601 1259 2670 προφήτης
1279 2639 1294 2664 ,
1317 2600 1399 2654 ὅτι
1435 2618 1454 2652 ι
1479 2600 1700 2672 Οῦσπερ
1728 2600 1790 2655 τὸ

214 2688 430 2759 ⁸πρῶτον
457 2687 760 2758 ἐφοϐεῖσθε,
798 2689 1203 2763 φοϐηθήσονται
1228 2692 1396 2763 ὑμᾶς.

406 2782 586 2836 PIIH'.
611 2812 682 2823 —
711 2782 1062 2855 ΛΕΥΚΔΔΙῼ
1097 2784 1582 2860 ΔΡΧῘΔΙΔΚΟΝῼ.

284 2873 446 2937 Ἔθος
498 2876 614 2939 τοῖς
646 2861 825 2944 ἁγίοις
865 2875 1210 2947 εὐχαριστεῖν
1253 2876 1332 2950 τῷ
1377 2879 1499 2951 Θεῷ
1551 2880 1630 2952 τῷ
1685 2882 1787 2953 τὴν

215 2964 384 3036 ὀσμὴν
415 2968 515 3037 τῆς
542 2965 799 3036 γνώσεως
826 2968 927 3037 τῆς
965 2968 1265 3044 ὀφελούσης
1288 2970 1467 3042 ψυχὰς
1500 2971 1568 3025 δι’
1606 2973 1787 3027 αὐτῶν

1892 1958 2208 2026 excipiens;
2245 1958 2503 2011 animalia
2548 1973 2714 2028 prava
2766 1958 3047 2015 daemones
3100 1959 3470 2025 adversarios,

1891 2058 1947 2108 et
1974 2050 2237 2107 subdolas
2262 2051 2486 2106 malitiae
2514 2051 2901 2123 cogitationes.
3366 2036 3369 2039 ’

2266 2233 2374 2303 72
2403 2229 2760 2291 CLxxxvn.
2795 2260 2864 2274 κ-
2894 2230 3106 2287 Eidem.

1960 2326 2099 2382 Cum
2126 2325 2418 2380 tolerantia
2444 2332 2498 2380 et
2521 2324 2768 2379 oratione
2792 2339 3027 2393 superna
3061 2338 3288 2378 munera
3316 2337 3474 2378 accc—

1892 2418 2169 2496 perimus,
2203 2423 2336 2469 tunc
2385 2414 2686 2469 invisibiles
2739 2414 3009 2469 barbaros
3049 2412 3239 2483 fugare
3268 2416 3470 2483 poteri-

1894 2524 2037 2574 mus,
2069 2508 2161 2578 qui
2198 2506 2394 2561 cadent
2429 2520 2543 2575 prae
2595 2505 2792 2558 timore
2821 2511 2949 2559 ante
2997 2503 3165 2574 pedes
3212 2513 3465 2560 nostros:

1890 2615 2019 2656 nam
2074 2608 2128 2656 et
2177 2598 2399 2669 quidam
2458 2597 2724 2668 propheta
2776 2596 2948 2651 dicit:
3016 2614 3037 2651 ι
3089 2595 3259 2662 Quos
3314 2598 3469 2668 prius

1888 2690 2192 2752 timebatis.
2224 2706 2322 2746 vos
2354 2690 2646 2745 timebunt.
2684 2707 2705 2742 ι

1959 2778 2338 2836 CLXXXVIII.
2367 2811 2437 2820 —
2459 2778 2809 2837 LEUCADIO
2838 2777 3380 2838 ARCIIIDIACONO.

1961 2873 2217 2930 Solemne
2240 2882 2558 2929 sanctorum
2592 2883 2697 2939 est,
2728 2873 2838 2930 Deo
2864 2874 3069 2945 gratias
3099 2872 3348 2934 reddere,
3373 2867 3467 2942 qui

1892 2967 2219 3039 cognitionis
2254 2966 2545 3022 animabus
2571 2967 2972 3037 percommodae
3000 2967 3219 3021 odorem
3253 2980 3347 3035 per
3372 2979 3472 3021 eos

217 3057 489 3130 πανταχοῦ
518 3058 874 3130 φανεροῦντι·
907 3059 973 3114 σύ
1003 3060 1051 3115 δ’
1077 3062 1199 3115 ἀντὶ
1228 3061 1456 3126 εὐωδίας
1474 3064 1543 3118 τὰ
1582 3064 1786 3137 πίτυρα

1904 3060 2207 3128 ubicunque
2234 3057 2565 3119 manifestet.
2598 3055 2702 3111 Sed
2734 3066 2789 3111 tu
2816 3071 2914 3126 pro
2944 3055 3097 3112 suavi
3123 3056 3290 3113 odore
3314 3070 3468 3123 teqne

218 3146 438 3226 θυμιᾷς,
475 3149 596 3202 κατ’
627 3148 809 3203 είκόνα
845 3147 956 3204 τῶν
1000 3150 1276 3219 γυναικῶν
1314 3152 1559 3216 ἐκείνων,
1601 3146 1788 3227 ὧνπερ

217 3236 544 3309 δπροφήτης
574 3237 849 3309 μέμνηται
884 3237 1154 3311 Ἱερεμίας
1185 3239 1414 3311 γράφων
1449 3244 1562 3307 τοῖς
1590 3244 1789 3315 αίχμα-

221 3327 555 3384 λιιηισθεῖσιν
587 3330 668 3393 εἰς
694 3329 1014 3386 Βαϐυλῶνα.
1042 3332 1109 3386 Τί
1148 3332 1258 3404 γὰρ
1287 3331 1354 3387 ἂν
1393 3333 1638 3407 διαφέροι
1684 3354 1789 3390 κα-

220 3419 448 3491 πνιρδίας
487 3420 550 3477 τὸ
586 3421 680 3477 σὺν
725 3421 1068 3495 διάγγελμα,
1099 3423 1162 3483 τὸ
1210 3427 1554 3481 στασιοποιόν
1590 3445 1651 3482 τε
1694 3429 1790 3482 καὶ

217 3509 439 3582 ἀκερδές
458 3527 479 3578 ;
736 3558 757 3569 ι

705 3604 882 3662 ΡΠΘ¹.
909 3637 980 3648 --
1010 3605 1097 3674 Τῷ
1123 3609 1305 3675 αὐτῷ.

280 3690 455 3767 Εἴπερ
490 3693 664 3768 δῆμος
701 3696 911 3771 ψυχῶν,
955 3698 1139 3765 καθὼς
1173 3700 1373 3772 λέγεις,
1404 3702 1471 3758 δι’
1514 3705 1789 3777 ἁμαρτίας

213 3784 566 3842 ἐκπέπτωκεν
598 3789 724 3869 απὸ
756 3792 856 3862 τῆς
891 3791 1077 3863 ἁψῖδος
1106 3795 1219 3850 τῶν
1262 3797 1511 3867 οὐρανῶν
1556 3798 1790 3855 ἐνταῦθα

214 3877 335 3929 κατ’
380 3877 559 3948 ἀρχὰς
599 3879 700 3950 τῆς
753 3881 1426 3956 ἀνθρωπίνηςγενέσεως,
1460 3890 1557 3944 καὶ
1586 3890 1787 3944 ἐνεσωη

215 3967 493 4040 ματὼθη,.
536 3971 702 4044 ἐχρῆν
752 3974 964 4046 γράψαι
1018 3976 1110 4032 τὸν
1170 3978 1345 4049 μέγαν
1398 3980 1660 4047 Μωῦσέα,
1708 3982 1789 4036 ὅτι

214 4054 390 4113 πολλὰ
420 4056 451 4109 ό
503 4056 638 4122 Θεδς
668 4058 893 4132 σώματα
932 4065 1239 4137 πεποίηκεν
1275 4069 1340 4122 ὲκ
1396 4070 1496 4140 τῆς
1536 4069 1661 4140 γῆς,
1696 4072 1792 4125 καὶ

214 4147 293 4209 εις
327 4147 509 4202 ταῦτα
545 4151 840 4208 κατέϐαλεν
870 4155 970 4220 τὰς
1001 4157 1338 4223 ἐκπεσούσας
1360 4158 1558 4232 ψυχάς.
1573 4161 1699 4218 ,Νῦν
1732 4162 1791 4215 δὲ

215 4236 311 4306 οὐχ
332 4236 529 4305 οὕτως,
555 4240 652 4295 ἕνα
672 4242 731 4296 δὲ
764 4242 1050 4317 ἄνθρωπον
1090 4248 1249 4319 μόνον
1271 4250 1364 4304 τὸν
1404 4251 1574 4323 ’Δόὰμ
1597 4255 1661 4307 ὲκ
1690 4253 1790 4325 τῆς

217 4328 315 4399 τῆς
345 4331 674 4400 πεπλάσθαι,
715 4335 813 4390 καὶ
843 4336 1021 4409 ψυχὴν
1069 4340 1492 4414 ὲμπεφυσῆσθαι
1535 4344 1719 4408 ζῶσαν
1755 4347 1787 4417 ἡ

1891 3164 1955 3204 ac
1979 3149 2086 3203 illae
2106 3148 2387 3210 mulieres,
2405 3161 2639 3217 quarum
2662 3148 2926 3217 prepheta
2946 3146 3214 3203 Jeremias
3230 3145 3463 3216 captivis

1890 3240 2220 3312 Babylonem
2256 3239 2508 3296 scribens
2536 3237 2805 3300 meminit,
2839 3236 3081 3293 furfures
3112 3237 3369 3291 incensas
3396 3235 3464 3288 ".

1889 3332 1948 3387 In
1981 3348 2088 3403 quo
2118 3332 2285 3398 enim,
2319 3331 2373 3386 id
2414 3330 2561 3402 quod
2608 3330 2724 3402 ipse
2761 3330 3059 3402 proﬁteris,
3101 3344 3226 3384 cum
3280 3328 3468 3383 inimi-

1889 3428 2049 3481 citias
2082 3434 2334 3495 procreet
2369 3432 2424 3479 et
2469 3422 2622 3478 nullo
2671 3422 2744 3479 sit
2788 3422 3184 3487 emolumento,
3234 3435 3265 3475 a
3316 3420 3471 3475 fumo

1890 3516 2147 3574 diﬂerct?
2296 3566 2305 3574 .

2331 3604 2670 3663 CLXXXIX.
2696 3636 2767 3648 —
2794 3604 3003 3661 Eidem.

1960 3698 2020 3757 Si
2048 3698 2212 3756 turba
2253 3698 2584 3765 animarum,
2629 3707 2688 3753 ut
2725 3697 2846 3770 ipse
2889 3697 3114 3764 asseris,
3153 3712 3250 3769 per
3275 3712 3467 3768 pecea-

1891 3802 2002 3849 tum
2042 3808 2109 3848 ex
2157 3790 2475 3859 summitate
2508 3791 2634 3847 caeli
2666 3790 2797 3856 huc,
2841 3806 2965 3845 cum
3018 3790 3252 3862 primum
3304 3789 3468 3843 homo

1893 3884 2242 3949 conderetur,
2273 3883 2519 3955 delapsa,
2556 3898 2758 3955 corpus
2796 3883 2902 3939 sibi
2953 3881 3287 3951 assumpsit;
3333 3895 3467 3936 sane

1891 3990 2091 4046 magno
2116 3974 2285 4047 Moysi
2318 3973 2668 4031 scribendum
2697 3982 2838 4038 erat,
2862 3973 3036 4027 multa
3070 3969 3236 4027 Deum
3263 3986 3295 4026 ο
3318 3978 3464 4027 terra

1890 4081 2110 4122 creasse
2138 4080 2391 4136 corpora,
2424 4067 2480 4119 in
2518 4081 2693 4135 eaque
2733 4064 2989 4133 delapsas
3040 4062 3253 4117 animas
3287 4063 3467 4119 immi-

1892 4162 2052 4218 sisse.
2080 4160 2150 4214 At
2180 4160 2272 4215 ille
2307 4159 2385 4212 nil
2416 4158 2600 4212 minus
2627 4174 2640 4209 :
2677 4172 2849 4210 unum
2881 4171 3012 4212 vero
3046 4155 3322 4211 hominem
3375 4171 3467 4211 so-

1893 4254 2004 4307 lum
2036 4251 2214 4306 Adam
2245 4266 2277 4306 e
2318 4257 2465 4305 terra
2496 4262 2739 4314 creasse,
2782 4247 2838 4302 in
2896 4261 3075 4318 eoque
3120 4247 3358 4301 animam
3386 4248 3466 4302 vi-

1893 4353 2108 4403 ventem
2144 4344 2450 4416 inspirasse
2480 4343 2650 4398 Deum
2699 4340 2986 4414 Scriptura
3027 4341 3189 4397 tradit
3209 4339 3294 4395 "z
3332 4358 3351 4391 ι
3391 4338 3471 4393 fe-

220 4422 405 4498 Γραφὴ
455 4427 860 4498 παραδίδωσιν
919 4450 938 4485 ι
973 4429 1264 4505 Ἐποίησέν
1309 4451 1372 4488 τε
1417 4437 1482 4489 ὲκ
1527 4436 1622 4490 τοῦ
1670 4439 1788 4502 ἑνὸς

1904 4442 2075 4510 :itque
2100 4455 2163 4495 ex
2190 4453 2300 4494 uno
2330 4438 2620 4510 sanguine,
2647 4446 2716 4494 ut
2730 4437 3026 4509 Apostolus
3043 4436 3227 4499 refert,
3248 4442 3463 4506 gentem

220 4512 466 4582 αἵματος.
496 4516 577 4580 ὥς
614 4535 781 4594 φησιν
808 4519 839 4572 ε
879 4521 1220 4590 ’Λπόστολος,
1257 4526 1369 4580 πᾶν
1402 4525 1555 4591 ιονος
1582 4528 1792 4601 ἀνθρὼ-

221 4617 334 4656 πων
361 4610 637 4662 κατοικεῖν
665 4609 759 4665 ἐπὶ
798 4609 1093 4680 προσώπου
1121 4613 1225 4686 τῆς
1251 4614 1375 4685 γῆς.
1419 4616 1477 4670 '0
1505 4615 1615 4688 γὰρ
1648 4617 1793 4689 πρῶο

220 4709 307 4760 τος
333 4696 619 4770 ἄνθρωπος
662 4702 728 4756 ἐκ
753 4702 861 4774 γῆς
897 4703 1099 4775 χοῖκδς,
1130 4722 1150 4757 ι
1180 4706 1280 4777 οὐχ
1311 4708 1360 4761 οί
1409 4708 1616 4778 πρῶτοι
1644 4709 1793 4781 ὄχλοι

220 4784 325 4839 τῶν
353 4788 564 4860 μυρίων
586 4790 894 4862 ἀνθρώπων
921 4796 988 4847 ὲκ
1007 4795 1113 4865 γῆς
1137 4796 1331 4867 χοϊκοί.
1375 4817 1392 4849 ι
1424 4799 1530 4852 Καὶ
1551 4800 1619 4853 δι’
1650 4801 1789 4867 ἐνὸς,

222 4879 403 4946 φησὶν,
436 4881 733 4952 ἀνθρώπου
783 4884 818 4955 ἡ
866 4885 1115 4957 ἁμαρτία
1143 4887 1395 4959 εἰσῆλθεν
1436 4890 1518 4954 είς
1552 4891 1644 4945 τὸν
1698 4893 1793 4947 κό-

224 4982 377 5061 σμον,
402 4990 423 5024 ›
462 4973 522 5028 οὐ
562 4975 672 5047 γὰρ
694 4975 760 5047 δὴ
790 4975 879 5030 διὰ
910 4977 1149 5049 πλήθους
1181 4978 1508 5051 ἀνθρώπων.

729 5066 850 5133 Pw.
876 5096 948 5108 -—
979 5067 1065 5134 Τῷ
1093 5069 1274 5135 αὐτῷ.

287 5152 476 5218 Οὐδεὶς
516 5157 905 5229 προσκρούσας
951 5158 1033 5230 τῷ
1071 5160 1191 5231 Θεῷ
1225 5201 1241 5226 ,
1288 5164 1383 5216 καὶ
1423 5162 1795 5238 ἐξοριζόμενος

224 5240 553 5311 εὐλογεῖταιο
608 5249 640 5301 δ
702 5248 764 5303 δέ
807 5266 873 5318 γε
919 5250 1094 5323 Ἀδὰμ
1156 5252 1540 5324 πεπλασμένος
1586 5259 1650 5313 ἐκ
1698 5248 1797 5332 τῆς

226 5333 468 5427 ﬁcium}.
563 5336 678 5392 Εὕα
698 5339 765 5393 ἑκ
796 5340 898 5412 τῆς
933 5342 1125 5397 τούτου
1167 5344 1404 5418 πλευρᾶς
1453 5354 1795 5427 γεγενημένη

229 5417 411 5516 βοηθὸς
441 5426 580 5499 πρὸς
598 5445 661 5485 το
685 5433 1094 5504 τεκνογονῆσαι,
1117 5434 1192 5500 ὥς
1221 5417 1387 5507 μήπω
1417 5417 1583 5509 μηδὲν
1616 5417 1796 5516 όιμαρί

228 5514 508 5585 τήσαντες,
561 5520 911 5593 εὐλογοῦνται
961 5526 1067 5581 ὐπὸ
1119 5528 1256 5584 Θεοῦ
1277 5571 1293 5598 ,
1341 5529 1647 5604 αὐξηθῆναι
1693 5514 1790 5591 καὶ

293 5695 333 5729 ⁸³
365 5697 540 5755 Levit.
570 5716 720 5766 ιινι,
744 5702 794 5759 8.
867 5705 911 5742 ⁸³
952 5707 1149 5768 Thrcn.
1180 5727 1258 5781 ιγ,
1280 5727 1331 5768 ν.

1888 4534 2200 4587 universam
2236 4531 2520 4585 hominum
2555 4530 2801 4585 habitare
2834 4529 2889 4584 in
2925 4529 3117 4584 faciem
3173 4534 3335 4581 terra:
3356 4525 3460 4578 ⁸⁸.»

1894 4646 1913 4678 ι
1940 4625 2159 4680 Primus
2208 4624 2354 4681 enim
2402 4625 2568 4679 homo
2613 4638 2682 4679 ex
2723 4631 2871 4678 terra
2927 4631 3181 4676 terrenus
3204 4618 3272 4683 ⁸⁸,
3316 4632 3464 4672 mon

1887 4718 2078 4785 prima:
2101 4715 2278 4770 turba:
2303 4715 2643 4769 inlinitorum
2673 4711 2954 4765 hominum
2972 4725 3038 4765 ex
3054 4718 3197 4765 terra
3215 4714 3464 4760 terrenae.

1890 4807 1996 4878 73
2037 4826 2055 4859 ι
2111 4806 2177 4860 Et
2228 4821 2323 4877 per
2362 4821 2553 4871 unum,
2604 4805 2702 4868 ait,
2754 4803 3031 4858 hominem
3091 4804 3372 4870 peccatum
3406 4794 3463 4851 in

1892 4898 2157 4953 mundum
2191 4897 2539 4954 introductus
2568 4904 2653 4954 est
2675 4896 2745 4967 ",
2786 4915 2804 4949 ›
2833 4905 2886 4952 et
2933 4910 3040 4950 non
3067 4882 3165 4964 per
3215 4889 3466 4946 multitu-

1894 4990 2077 5048 dinem
2107 4991 2414 5047 hominum.

2429 5081 2597 5143 CXC.
2620 5109 2688 5120 -—
2720 5078 2927 5135 Eidem.

1962 5173 2172 5228 Nemini
2205 5174 2260 5228 in
2301 5171 2662 5228 oﬂensionem
2698 5170 2792 5225 Dei
2841 5164 3129 5229 incidenti,
3162 5172 3219 5220 et
3260 5164 3467 5220 extorri

1897 5257 2040 5322 facto
2070 5267 2434 5322 benetlicitur.
2471 5263 2577 5320 Sed
2616 5263 2786 5316 Adam
2819 5277 2850 5316 e
2893 5268 3039 5315 terra
3070 5255 3363 5322 conﬁctos,
3412 5265 3468 5310 et

1898 5358 2004 5412 Eva
2034 5374 2098 5413 ex
2131 5358 2251 5426 ejus
2282 5357 2460 5412 latere
2494 5356 2785 5427 producta,
2826 5351 2895 5405 ad
2932 5350 3303 5421 procreandos
3329 5349 3468 5404 ﬁlios

1898 5450 2234 5510 nuxiliatrix,
2269 5456 2530 5517 tanquam
2559 5446 2709 5501 nullo
2740 5445 2921 5497 adhuc
2958 5452 3183 5513 peccan
3216 5440 3466 5497 obstricti

1897 5558 1928 5597 a
1997 5540 2106 5597 Deo
2145 5538 2588 5610 benedictionem.
2631 5535 2947 5606 accipiunt.
3001 5552 3019 5586 ι
3084 5532 3351 5597 Crescite,
3413 5536 3470 5582 et

1438 5712 1482 5745 ⁸³
1504 5716 1636 5776 Gen.
1672 5732 1732 5781 ll,
1780 5719 1792 5769 ἲ

1905 5719 1948 5750 ⁸⁸
1986 5719 2103 5774 Act.
2147 5733 2275 5785 wn,
2309 5714 2397 5770 ‘26.
2428 5715 2472 5746 ⁸³
2513 5711 2677 5769 ICor.
2718 5728 2803 5783 xv,
2835 5714 2920 5769 Π.
2996 5713 3041 5745 ⁸⁸
3074 5710 3234 5765 Rom.
3289 5726 3342 5779 ν,
3378 5708 3463 5765 12.
