3984 6150
367 680 381 734 ‘.

422 225 524 293 155

1924 250 1983 309 S.
2029 251 2189 312 NII.I

3569 265 3670 332 ιιιδ

418 345 876 416 multiplicamini,
913 353 966 401 et
1000 348 1168 403 totius
1213 357 1484 407 terrarum
1523 353 1674 410 orbis
1705 355 1985 427 principa-
2023 400 2028 420 Α

2113 362 2482 434 πληθυνθῆναι,
2537 369 2628 420 καὶ
2662 371 3090 442 κατακυριεῦσαι
3132 374 3314 445 πάσης
3347 375 3446 446 τῆς
3484 379 3668 432 οἰκου-

419 445 534 491 tum
577 437 817 492 obtinete
838 438 902 491 ⁸⁷.
947 456 963 488 ι
1002 437 1287 504 Quomodo
1320 442 1526 514 itaque,
1560 457 1619 501 ut
1650 447 1754 510 ais,
1816 446 1988 510 Adam

431 538 484 585 et
507 531 656 586 illius
687 546 823 584 mor
845 537 1011 588 antea
1045 532 1098 586 in
1126 535 1269 589 ccelo
1301 539 1706 606 peccaverant?

739 619 917 676 CXCI.
944 652 1015 663 ——
1047 623 1306 682 ATTICO
1343 627 1657 686 LECTORI.

495 729 516 762 ς
553 711 654 776 Qui
683 713 817 766 vidit
851 729 958 778 me,
991 715 1130 771 vidit
1154 725 1207 772 et
1248 718 1465 776 Patrem
1494 725 1560 791 ⁸⁸,
1599 745 1618 779 ι
1657 727 1708 783 id
1743 740 1849 796 est,
1897 732 1990 800 qui
2021 727 2036 736 ’

421 802 617 874 dignus
651 802 871 860 habitus
905 812 990 861 est
1025 807 1090 862 ad
1119 813 1564 880 cognoscendam
1609 833 1784 874 meam
1819 821 1996 876 deita-

425 903 554 961 tem,
589 893 942 951 manifestum
993 910 1078 955 est
1127 917 1252 956 eum
1292 913 1344 958 et
1390 904 1573 962 Patris
1608 908 1863 967 deitatem
1896 929 1993 969 co-

420 987 697 1055 gnovisse.
732 986 847 1043 Una
873 992 1148 1062 siquidem
1178 1005 1263 1050 est
1285 997 1486 1066 deitas,
1508 1009 1558 1054 et
1585 1003 1758 1072 gloria
1790 1005 1990 1069 Patris,

421 1081 472 1128 et
506 1071 626 1128 Filii
656 1095 668 1130 :
702 1091 961 1148 namque,
988 1099 1006 1132 ι
1033 1081 1147 1152 Ego
1181 1093 1234 1138 et
1264 1085 1425 1140 Pater
1456 1071 1624 1143 unum
1655 1107 1846 1151 sumus
1870 1097 1934 1150 δ’.
1971 1118 1988 1150 >

629 1167 842 1236 CXCII.
876 1202 944 1211 —
987 1172 1245 1232 AGLAIO
1277 1177 1784 1262 ANTECESSOIU:

487 1254 689 1314 Beatus
711 1261 906 1316 Petrus
937 1265 1144 1335 scripto
1194 1269 1443 1336 tradidit,
1501 1290 1520 1323 ‹
1564 1272 1630 1328 Ut
1680 1254 2000 1345 judicentur.

425 1364 614 1404 omnes
663 1367 850 1418 carne,
904 1355 1093 1410 vivant
1141 1373 1273 1414 vero
1320 1364 1620 1420 secundum
1675 1366 1844 1423 Deum
1879 1369 1996 1439 spi-

427 1442 534 1496 ritu
561 1431 663 1497 νο.)
700 1444 837 1499 Illud
865 1466 882 1498 ‹
914 1448 1232 1514 judicentur
1280 1469 1468 1520 carne,
1509 1476 1529 1509 ›
1569 1457 1634 1512 ad
1667 1475 1760 1513 eos
1820 1431 1998 1531 pro-la-

425 1542 537 1587 tum
567 1543 669 1599 est,
701 1537 794 1606 qui
829 1551 1167 1606 asseverant,
1215 1561 1395 1616 neque
1427 1562 1649 1604 carnem
1696 1565 1726 1604 a
1771 1554 2002 1610 mortuis

427 1639 738 1696 resurgere,
787 1645 966 1700 neque
997 1633 1284 1702 judicari:
1335 1647 1387 1691 at
1422 1639 1578 1705 illud,
1624 1660 1642 1694 ι
1697 1649 1758 1696 ut
1813 1644 1998 1699 vivant

425 1717 726 1773 secundum
762 1720 929 1777 Deum
958 1725 1179 1794 spiritu,
1215 1747 1234 1780 ι
1273 1729 1377 1784 hoc
1404 1738 1489 1786 est
1527 1748 1633 1788 non
1680 1735 1996 1808 aberrantes

426 1809 631 1878 animo,
664 1812 802 1868 adeo
837 1824 897 1869 ut
932 1819 1137 1873 multos
1170 1835 1234 1874 ac
1274 1822 1457 1878 varios
1487 1824 1618 1879 deos
1651 1841 1771 1880 esse
1812 1829 1998 1896 suspi-

427 1910 621 1957 centur
647 1921 661 1970 ;
698 1906 791 1960 sed
824 1923 996 1962 unum
1025 1915 1077 1963 et
1106 1911 1283 1966 solum
1313 1911 1507 1981 Deum,
1537 1916 1591 1969 in
1618 1918 1818 1971 smcula
1848 1920 1998 1974 exsi-

427 2003 698 2061 SIentem,
753 1999 1019 2065 viventes,
1074 2001 1181 2074 74
1223 2019 1287 2059 ac
1337 2021 1529 2062 omnes
1578 2018 1998 2078 cognoscentes.

429 2084 642 2140 Dictum
678 2104 806 2143 vero
836 2091 974 2146 satis
998 2094 1157 2148 nobis
1188 2099 1638 2163 percommodum
1674 2101 1779 2154 erit
1809 2101 2003 2156 adver-

427 2191 522 2230 sus
583 2194 714 2242 eos,
751 2182 842 2250 qui
893 2182 1243 2239 Aristotelica
1297 2186 1504 2253 fovent,
1557 2193 2003 2263 contenduntque

425 2270 639 2326 animas
673 2273 970 2344 aliquando
997 2291 1190 2333 omnes
1237 2279 1519 2334 hominum
1565 2292 1884 2341 extenuatas
1932 2285 2000 2340 ad

379 2413 381 2420 λ
427 2365 503 2432 id,
534 2367 678 2437 quod
707 2381 816 2423 non
848 2378 956 2432 est,
994 2371 1351 2441 migraturas.

937 2460 1161 2516 CXClII.
1192 2494 1258 2505 -—
1284 2463 1492 2519 Eidem.

497 2547 787 2614 Quomodo
815 2549 1070 2606 Christus
1095 2551 1360 2608 Dominus
1386 2572 1404 2605 ι
1434 2555 1555 2610 sine
1583 2565 1775 2623 matre,
1808 2569 1861 2614 et
1882 2560 2002 2616 sine

426 2627 604 2708 patre,
627 2648 680 2694 et
711 2640 830 2694 sine
859 2641 1179 2711 genealogia
1201 2644 1245 2674 “
1281 2662 1301 2695 ι
1337 2644 1428 2710 sit,
1463 2646 1780 2716 perdiscere
1821 2652 1997 2722 cupis.

431 2727 745 2784 Secundum
768 2731 913 2801 quod
931 2740 1016 2788 est
1047 2749 1212 2805 supra
1242 2736 1604 2815 nos,-dicitur
1634 2739 1756 2794 sine
1788 2751 1999 2811 matre;

428 2818 528 2874 sed
560 2825 616 2873 ut
649 2829 734 2875 est
765 2822 1072 2878 secundum
1121 2839 1241 2892 nos,
1277 2825 1397 2881 sine
1445 2838 1640 2898 patre;
1699 2833 1998 2888 secundum

427 2911 575 2981 quod
601 2913 884 2969 autem-ad
915 2930 1155 2985 superna
1193 2919 1454 2988 pertinet,
1488 2921 1608 2978 sine
1659 2925 1998 2997 genealogia.

2097 454 2281 524 μένης,
2316 456 2439 519 Πῶς
2479 453 2596 524 οὖν,
2639 459 2716 523 ὼς
2766 459 2966 530 λέγεις,
3003 464 3362 536 προήμαρτεν
3397 469 3427 521 6
3473 469 3647 540 Ἀδὰμ

2096 545 2190 599 καὶ
2212 547 2270 600 τὸ
2291 546 2480 601 τούτου
2510 550 2729 618 γύναιον
2759 553 2818 605 ὲν
2847 557 2957 618 τοῖς
2987 557 3075 608 ἐπ’
3098 558 3387 627 οὑραινοῖςς

2375 641 2538 707 ΡιιΛν.
2569 672 2638 682 --
2665 645 2923 715 ΑΤΤΙΚῼ
2960 646 3403 724 ΑΝΑΓΝΩΣΤῌ.

2170 748 2188 781 ι
2233 730 2290 784 Ὀ
2317 732 2577 803 ἑωρακὼς
2615 737 2748 804 ἐμὲ,
2784 737 2997 808 ἑώρακε
3040 741 3132 793 τὸν
3163 743 3414 813 Πατέρα·
3457 762 3478 796 )
3515 763 3670 802 τουτ’

2097 819 2266 884 ἐστιν,
2303 823 2332 875 6
2361 823 2720 890 καταειωοεὶς
2747 828 2938 898 νοῆσαι
2969 831 3068 901 τὴν
3097 830 3332 902 Θεότητά
3359 849 3488 903 μου,
3513 835 3674 906 δῆλον

2095 909 2178 962 ὅτι
2218 912 2434 980 ἐπέγνω
2473 913 2565 966 τοῦ
2619 917 2832 987 Πατρὸς
2872 919 2972 989 τὴν
3022 921 3282 994 θεότητα·
3345 923 3440 996 μία
3487 928 3597 999 γὰρ
3637 934 3674 1000 ἡ

2096 999 2305 1071 θεότης,
2329 1005 2421 1056 καὶ
2444 1005 2476 1075 ἡ
2503 1004 2629 1072 δόξα
2660 1008 2754 1061 τοῦ
2778 1009 3012 1080 Πατρὸς,
3041 1013 3134 1066 καὶ
3167 1014 3260 1068 τοῦ
3302 1016 3432 1070 Υἰοῦ
3455 1034 3469 1048 ·
3491 1038 3508 1070 t
3534 999 3676 1087 Ἑγῶ

2095 1093 2205 1165 γὰρ
2240 1097 2334 1149 καὶ
2360 1097 2387 1148 6
2417 1093 2606 1170 Πατὴρ
2632 1099 2692 1152 ἓν
2717 1102 2906 1172 ἐσμεν.
2937 1121 2956 1165 _-
3302 1136 3306 1140 ·

2331 1189 2491 1255 Ριιιόν.
2527 1221 2596 1231 ——-
2627 1193 2874 1265 ΑΓΛΛΙῼ
2911 1197 3431 1255 ΑΝΤΕΚΗΝΣΟΡΙ.

2180 1278 2238 1331 '0
2276 1280 2545 1353 μακάριος
2598 1284 2804 1354 Πέτρος
2836 1288 3064 1357 γράφων
3105 1293 3304 1362 φησιν’
3325 1335 3329 1337 -
3351 1313 3370 1346 ι
3402 1295 3520 1348 Ἵνα
3551 1313 3675 1367 κρι-

2099 1367 2234 1422 θῶσι
2272 1371 2371 1441 μὲν
2400 1371 2636 1437 ἅπαντες
2673 1377 2856 1446 σαρκὶ,
2884 1378 3018 1442 ζῶσι
3059 1381 3117 1434 δὲ
3157 1385 3300 1438 κατὰ
3340 1386 3676 1443 Θεὸνιπνεύ-

2102 1477 2252 1530 ματι.
2284 1481 2301 1511 ι
2337 1461 2420 1514 Τὸ-
2442 1463 2540 1532 μὲν
2573 1464 2815 1533 κι.ιοὧσι
2861 1471 3072 1538 σαρκὶ,
3109 1473 3326 1544 εἴρηται
3377 1479 3523 1550 πρδςς
3545 1480 3679 1546 τοὺς

2099 1549 2378 1620 λέγοντας,
2412 1555 2550 1624 μήτε
2591 1555 2913 1614 ἀνίστασθαι
2945 1565 3008 1617 ὲκ
3053 1566 3284 1638 νεκρῶν,
3324 1549 3459 1641 μηδὲ
3491 1573 3674 1644 κρίνε-

2105 1643 2228 1698 σθαι
2269 1645 2446 1716 σάρκα
2467 1663 2480 1678 ο
2513 1648 2574 1700 τὸ
2602 1648 2647 1702 δ’
2673 1651 2833 1717 ὅπως
2851 1652 2996 1717 ζῶσι
3020 1657 3171 1711 κατὰ
3195 1659 3343 1713 Θεὸν
3361 1662 3688 1732 πνεύματα

2101 1734 2347 1788 τουτέστι
2387 1737 2583 1808 μηκέτι
2623 1740 2966 1813 πλανώμενοι
3005 1745 3103 1816 τὴν
3135 1747 3336 1820 ψυχὴν,
3365 1751 3504 1804 ὥστε
3544 1754 3676 1806 πολ-

2101 1825 2227 1888 λοὺς
2269 1826 2364 1878 καὶ
2390 1827 2669 1893 ποικίλους
2707 1830 3073 1898 ὑποτοπάζειν
3121 1837 3299 1903 Θεοὺς,
3355 1840 3548 1896 ἓναδὲ
3580 1844 3677 1896 καὶ

2105 1914 2266 1984 μόνον
2285 1914 2416 1968 Θεὸν
2441 1917 2521 1979 εἰς
2546 1919 2671 1982 τοὺς
2701 1919 2924 1986 αἰῶνας,
2954 1923 3313 1996 ὑπάρχοντες,
3335 1929 3425 1982 καὶ
3451 1931 3678 1996 ζῶντες,

2101 2005 2460 2074 γινώσκοντες
2489 2008 2748 2074 ἅπαντες.
2813 2007 2984 2067 Τοῦτο
3021 2016 3078 2068 δὲ
3117 2018 3389 2090 χρήσιμον
3442 2023 3574 2090 ἡμῖν
3615 2024 3678 2076 τὸ

2104 2100 2264 2169 ῥητὸν
2300 2100 2436 2171 πρὸς
2470 2103 2596 2166 τοὺς
2645 2103 2948 2168 θάλποντας
2983 2108 3050 2160 τά
3097 2107 3192 2185 τοῦ
3249 2111 3676 2182 Ἀριστοτέλους,

2102 2192 2194 2245 καὶ
2232 2193 2674 2265 ἰσχυριζομένους
2721 2196 3301 2270 ἀπολεπτυνοήσεσθαί
3330 2221 3459 2256 ποτε
3498 2206 3678 2270 πάσας
3736 2252 3740 2254 ,

2101 2285 2199 2348 τὰς
2241 2285 2420 2356 ψυχὰς
2462 2288 2571 2340 τῶν
2619 2288 2957 2361 ἀνθρώπων;
3001 2292 3093 2350 καὶ
3127 2293 3208 2357 εἰς
3239 2293 3300 2346 τὸ
3351 2293 3425 2365 μὴ
3457 2294 3516 2349 ὃν
3565 2315 3677 2367 χωο

2105 2377 2290 2448 ρῆσαι.

2599 2467 2756 2538 Ρῐα,Γ¹.
2779 2502 2850 2512 —
2885 2471 2966 2538 Τῷ
3000 2475 3182 2547 αὐτῷ.

2172 2559 2658 2632 ΠῶςὸξΔεσπότης.
2701 2563 2935 2633 Χριστὸς
2983 2567 3239 2638 ἀμήτωρ,
3287 2570 3383 2623 καὶ
3429 2571 3680 2646 ἀπάτωρ,

2103 2651 2195 2704 καὶ
2225 2652 2678 2724 ἀγενεαλόγητος,
2721 2655 2912 2725 μαθεῖν
2945 2655 3144 2726 βούλει.
3192 2661 3446 2734 ’Δμήτωρ
3493 2664 3593 2735 μὲν
3619 2669 3686 2721 τὸ

2105 2744 2245 2816 ὑπὲρ
2271 2747 2440 2817 ἡμᾶς,
2484 2747 2720 2829 ἀπάτωρ
2739 2747 2795 2829 δξ
2827 2751 2888 2802 τὸ
2918 2749 3038 2802 καθ’
3058 2752 3224 2823 ἡμᾶς,
3255 2754 3682 2829 ἀγενεαλόγητος
3749 2802 3752 2804 ν

2102 2834 2168 2889 δὲ
2192 2835 2251 2890 τὸ
2279 2836 2393 2890 ἄνω
2414 2853 2427 2866 °
2469 2824 2740 2911 φησιγὰρ
2765 2825 2798 2894 ’δ
2839 2845 3164 2916 προφήτης.’
3201 2846 3378 2920 (τΤὴνη
3401 2849 3458 2904 δὲ
3490 2824 3683 2920 γενεὰν

2103 2924 2269 2979 αὑτοῦ
2315 2926 2396 2991 τίς
2430 2928 2782 3000 διηγήσεταις
2813 2949 2833 2982 ι
2869 2931 2982 3003 Τὴν
3024 2935 3122 3004 μὲν
3161 2936 3271 3009 γὰρ
3303 2939 3447 2992 κατὰ
3501 2940 3685 3012 σάρκα

426 3002 520 3059 Ait
550 3004 754 3059 etenim
809 3007 1121 3076 propheta:
1173 3028 1191 3061 ι
1247 3009 1669 3069 Generationcm
1729 3016 1849 3086 ejus
1879 3020 2002 3088 quis

2113 3019 2316 3087 γένεσιν
2346 3018 2563 3074 αὐτοῦεὸ
2587 3021 2860 3086 Ματθαῖος
2895 3002 3317 3099 ἐγενεαλὸνησεο
3346 3030 3462 3096 πῶς
3488 3032 3546 3084 δὲ
3575 3002 3689 3104 πρὸ

427 3095 821 3152 enarrabit"?
877 3117 896 3150 ι
967 3099 1357 3158 Verumtamen
1415 3107 1796 3175 generationis
1855 3109 2002 3165 illius

2113 3109 2213 3164 τῶν
2262 3109 2472 3166 αἰώνων
2501 3112 2528 3163 6
2587 3111 2776 3184 Πατὴρ
2820 3114 2913 3168 τὸν
2952 3115 3081 3170 Υέὸν
3130 3095 3454 3188 ἐγέννησενς
3509 3095 3682 3188 οὐδεέις

427 3190 731 3246 secundum
777 3206 998 3250 carnem
1027 3195 1210 3252 altius-
1239 3197 1405 3252 ducta
1448 3200 1661 3270 origine
1713 3200 2002 3260 Matthzeus
2063 3209 2068 3212 ’

428 3282 673 3337 narravit
698 3283 760 3337 ”.
781 3282 850 3338 At
871 3285 1142 3356 quomodo
1173 3293 1300 3343 ante
1345 3291 1541 3344 saecula
1594 3289 1758 3346 Pater
1804 3291 2002 3348 Filium

427 3375 791 3442 generaverit,
837 3390 999 3429 nemo
1047 3377 1288 3445 penitus,
1349 3393 1530 3448 neque
1584 3395 1650 3434 ex
1685 3382 2001 3441 hominibus

428 3479 606 3534 neque
635 3480 702 3520 ex
735 3466 944 3535 angelis
976 3467 1290 3534 exprimere
1331 3469 1533 3536 potuit.

926 3556 1158 3612 cxcw.
1198 3589 1256 3599 —
1289 3558 1494 3614 Eidem.
1591 3544 1602 3559 '

498 3647 972 3714 Quemadmodum
1005 3651 1099 3719 Qui
1132 3649 1269 3706 fehri
1303 3653 1704 3724 corripiuntur,
1737 3657 2003 3730 deprava-

428 3739 503 3795 tis
526 3747 724 3810 gustus
767 3737 1151 3805 facultatibus,
1203 3743 1312 3799 mel
1361 3759 1610 3801 amarum
1655 3763 1780 3804 esse
1815 3753 2004 3807 existi-

429 3832 736 3897 mant;sic
781 3842 837 3888 et
885 3832 944 3897 ii,
992 3848 1229 3903 quorum
1279 3836 1478 3892 animae
1528 3839 1612 3894 vis
1677 3836 2001 3910 degustandi

428 3923 713 3994 deperdita
739 3933 842 3980 est.
877 3923 940 3979 Et
964 3925 1040 3980 ait
1067 3925 1366 3997 propheta:
1398 3946 1416 3978 ι
1447 3925 1542 3984 Vae
1565 3929 1654 3998 iis,
1690 3932 1782 4002 qui
1811 3933 2002 3990 dicunt

429 4031 674 4072 amarum
705 4016 867 4073 dulce
886 4018 951 4073 ".
993 4037 1014 4071 ι
1177 4044 1190 4050 ~

568 4107 772 4163 CXCV.
793 4135 863 4152 -ι-
882 4109 1336 4168 ΑΝΑΧΑΟΟΗᾹΞ
1366 4112 1857 4171 GRAMMATICO.

506 4219 526 4252 α
549 4202 822 4258 Coronam
864 4205 1169 4275 gratiarqu
1222 4206 1464 4275 accipies
1498 4208 1694 4263 vertici
1757 4217 1850 4263 tuo
1872 4210 1938 4274 9',
1976 4230 1996 4263 ι

2104 3201 2383 3266 παντελῶς
2435 3200 2559 3255 οὔτε
2599 3202 2923 3275 ἀνθρώπων,
2971 3206 3096 3261 οὔτε
3147 3209 3690 3283 ἀγγέλωνὲξειπεῖν,

2105 3293 2138 3364 ἢ
2166 3293 2367 3363 γνῶναι
2401 3293 2703 3366 δεδύνηται.
3050 3292 3058 3300 ’

2597 3558 2753 3627 ΡιιΔἎ
2784 3587 2853 3601 --
2882 3558 2966 3628 Τῷ
2997 3561 3178 3629 αὐτῷ.

2177 3648 2387 3719 Ὥσπερ
2418 3650 2468 3702 οἱ
2501 3649 2864 3721 πυρέττοντες
2900 3655 3180 3724 νομιζουσι
3225 3657 3421 3728 πικρὸν
3453 3651 3594 3712 εἶναι
3621 3659 3684 3711 τὸ

2107 3737 2250 3810 μέλι,
2275 3739 2383 3792 τῶν
2410 3743 2539 3812 παρ’
2564 3742 2748 3806 αὐτοῖς
2778 3743 3167 3816 βεϐλαμμένων
3192 3747 3494 3815 γευστικῶν
3519 3747 3681 3802 δυνά-

2109 3846 2276 3898 μεων,
2322 3829 2496 3894 οὕτως
2531 3831 2628 3885 καὶ
2671 3833 2770 3903 τῆς
2813 3833 2992 3906 ψυχῆς
3025 3838 3199 3898 τιςτὸ
3231 3836 3516 3904 γευστικὸν
3552 3837 3682 3906 βλά-

2105 3939 2315 3978 πτεται.
2349 3923 2460 3978 Καί
2491 3942 2655 3997 φησιν
2689 3929 2716 3980 6
2756 3914 3286 3999 προφήτηςέιοὺαὶ
3318 3929 3429 3992 τοῖς
3460 3928 3679 3998 λέγουσι

2102 4012 2163 4067 τὸ
2191 4015 2364 4082 γλυκὺ
2394 4019 2612 4090 πικρόν.
2653 4039 2670 4070 )
3527 4086 3531 4090 ,

2284 4107 2443 4176 ΡιιΕν.
2477 4141 2547 4149 —
2572 4111 2979 4184 ΑΝΑΞΑΓΟΡᾼ
3017 4107 3497 4180 ΓΡΑΜΜᾹΤΙΚῼδ

2161 4219 2197 4252 -ι
2225 4203 2496 4272 Στέφανον
2534 4203 2769 4274 χαρξτων
2807 4204 2932 4272 δέξῃ
2963 4205 3027 4272 τῇ
3064 4205 3275 4272 κορυφῇ
3319 4219 3434 4267 σου,
3475 4221 3490 4252 ι
3521 4203 3548 4254 6
3578 4203 3674 4256 Σο-

427 4293 568 4350 dixit
602 4293 900 4350 Salomon:
948 4311 1127 4366 neque
1159 4298 1307 4351 enim
1362 4312 1473 4352 una
1531 4301 1705 4368 gratia
1754 4308 1859 4367 est,
1891 4317 1997 4372 qua

2113 4293 2284 4364 λομῶν
2327 4295 2568 4365 εἴρηκεν.
2600 4293 2672 4348 Οὐ
2702 4294 2811 4362 γὰρ
2845 4293 2943 4362 μία
2989 4293 3225 4362 ὑπάρχει
3259 4292 3437 4363 χάρις,
3550 4293 3679 4346 πλέ-

427 4385 670 4443 nectitur
694 4400 816 4456 quae
847 4394 1028 4442 mente
1066 4388 1376 4457 concipitur
1406 4403 1633 4457 corona,
1669 4392 1766 4446 sed
1808 4393 1995 4449 multa:

2113 4403 2257 4439 κεται
2278 4386 2306 4439 6
2331 4386 2619 4457 νοούμενος
2640 4385 2921 4452 στέφανος,
2947 4382 3138 4444 πολλαὶ
3167 4383 3223 4435 δὲ
3259 4384 3396 4435 πάνυ
3420 4385 3643 4453 χάριτες
3661 4401 3675 4415 ο

432 4472 725 4546 admodum
752 4474 941 4545 gratiae
965 4492 980 4542 ;
1001 4483 1055 4530 et
1091 4475 1170 4530 ait
1199 4475 1534 4547 Apostolus:
1571 4497 1591 4532 ι
1619 4479 1806 4535 Gratia
1847 4483 2001 4540 vobis

432 4562 830 4640 multiplicetur
851 4562 917 4616 ³⁸.
956 4581 976 4615 ι
1119 4611 1122 4613 λ

857 4654 960 4726 75
999 4654 1228 4711 CXCVI.
1265 4687 1334 4697 —
1366 4655 1577 4713 Eidem.

497 4747 722 4819 Appetls
750 4758 804 4804 et
834 4762 1061 4803 aureum
1105 4757 1382 4820 torquem,
1423 4751 1520 4822 qui
1559 4765 1819 4808 coronam
1867 4757 2001 4812 ’sub-

427 4843 677 4914 sequitur
698 4843 764 4907 ’⁷,
802 4841 930 4912 quis
964 4841 1058 4908 sit,
1103 4857 1461 4915 cognoscere.
1497 4842 1548 4900 Is
1590 4845 1758 4900 fuerit
1795 4845 1997 4902 Christi

428 4937 736 4994 Senatoris
770 4953 937 4993 suave
972 4937 1189 5008 iugum,
1231 4940 1324 5010 qui
1355 4939 1496 4995 collo
1528 4941 1745 4995 veritati
1773 4941 2001 4998 creden-

426 5029 498 5087 tis
527 5031 726 5086 animae
757 5031 1073 5102 apponitur.

600 5109 851 5180 cxcvu’.
880 5152 952 5164 --
977 5121 1332 5180 TRYPHONI
1357 5123 1828 5183 ARCHITECTO.

497 5211 872 5270 Pulcherrima
929 5215 1276 5286 paenitentia,
1318 5224 1373 5272 et
1409 5216 1669 5272 continua
1699 5217 1906 5284 oratio,
1942 5225 1997 5273 et

424 5301 705 5359 invocatio
731 5307 1012 5364 emarcido
1032 5309 1294 5380 Operihus
1343 5309 1552 5363 homini
1582 5308 1805 5364 odorem
1855 5324 1995 5379 prae-

423 5400 556 5453 stat.
582 5394 794 5466 Accipit
820 5399 967 5454 enim
997 5398 1431 5454 humanissimus
1453 5396 1719 5455 Dominus
1741 5397 1994 5454 Christus

497 5594 543 5626 ⁵⁷
599 5591 734 5648 Cen.
780 5613 818 5662 ι,
853 5599 943 5654 28.
1021 5601 1066 5634 ⁸³
1098 5598 1256 5654 Joau.
1299 5597 1486 5662 nv,9.

1560 5595 1788 5654 "Joan.
1819 5613 1873 5663 π,
1905 5597 1993 5652 30.
2071 5598 2116 5628 ³⁸
2152 5595 2328 5652 chtr.
2375 5614 2449 5659 IV,
2485 5595 2536 5650 6.
2615 5596 2656 5628 ⁹¹
2694 5595 2857 5651 llchr.
2884 5612 2979 5660 vn,
3005 5598 3056 5650 5.

2103 4470 2208 4532 καί
2244 4495 2408 4550 φησιν
2460 4480 2488 4530 6
2539 4475 2897 4538 Ἀπόστολοςο
2957 4491 2977 4525 ‹
3021 4472 3196 4545 Χάρις
3243 4473 3373 4543 ὑμῖν
3430 4475 3674 4546 πληθυν-

2102 4567 2241 4638 Θείη.
2283 4587 2301 4621 ι

2583 4657 2758 4727 Ριηςν.
2789 4689 2859 4700 --
2895 4658 2978 4725 Τῷ
3004 4655 3185 4724 αὐτῷ.
3611 4719 3614 4722 ,

2170 4751 2502 4823 Βεὸούλησαι
2528 4753 2620 4806 καὶ
2649 4751 2740 4806 τὸν
2767 4751 2994 4824 χρύσεον
3020 4751 3197 4805 κλοιὸν
3217 4751 3308 4804 τὸν
3328 4751 3405 4821 τῷ
3425 4751 3678 4819 στεφάνῳ

2097 4846 2454 4917 ὲφεπὸμενον,
2486 4843 2569 4907 τίς
2613 4844 2794 4909 ἐστιν,
2829 4843 3150 4912 ἐπιγνῶναι.
3188 4835 3356 4904 Οὗτος
3397 4841 3442 4893 δ’
3484 4840 3548 4892 ἂν
3585 4841 3672 4909 εἴη

2096 4940 2126 4992 6
2155 4938 2247 4991 τοῦ
2278 4937 2532 5005 Σωτῆρος
2566 4933 2801 5006 Χριστοῦ
2834 4933 3071 5006 χρηστὸς
3105 4933 3269 5001 ζυγὸς
3295 4932 3672 5002 ἐπιτιθέμενος

2095 5027 2174 5100 τῷ
2202 5027 2457 5100 τραχήλῳ
2485 5025 2585 5096 τῆς
2610 5025 2981 5094 πιστευσάσης
3014 5027 3079 5095 τῇ
3109 5024 3336 5095 ἀληθεία
3363 5023 3540 5093 ψυχῆς

2324 5121 2485 5187 Ριιῑυ.
2518 5148 2583 5164 μ-
2611 5117 2909 5172 ΤΡΥΦΩΝΙ
2948 5113 3446 5170 ΑΡΧΙΤΕΚΤΟΝΙ.

2183 5212 2248 5265 Ἦ
2281 5211 2541 5282 καλλίστη
2569 5210 2925 5281 μετάγνωσις,
2950 5210 3046 5263 καὶ
3068 5208 3316 5270 σύντονος
3341 5206 3526 5276 δέησις
3575 5204 3672 5260 καὶ

2104 5306 2465 5376 παράκλησις,
2495 5302 2776 5367 εὐωδιάζει
2810 5303 2900 5356 τὸν
2937 5302 3213 5372 σεσηπότα
3249 5302 3367 5362 ταῖς
3407 5295 3674 5368 πράξεσιν

2101 5395 2414 5467 ἄνθρωπον·
2447 5393 2660 5467 δέχεται
2699 5392 2806 5464 γάρ
2844 5393 2940 5446 καὶ
2972 5392 3158 5464 δέησιν
3201 5390 3451 5462 ῥυπαρὰν
3485 5391 3513 5444 6
3545 5387 3672 5458 φιλ-

3128 5597 3172 5627 ⁹²
3197 5597 3299 5652 lsa.
3367 5606 3480 5658 LIII,
3512 5591 3562 5647 8.

429 5660 473 5694 ’³
512 5663 702 5720 Matth.
743 5660 1038 5738 1,7passim.
1142 5670 1186 5703 "
1215 5670 1320 5726 lsa.
1356 5660 1405 5732 v,
1443 5668 1540 5732 20.
1564 5752 1578 5760 _
1607 5669 1688 5766 ﬁ"
1727 5660 1887 5724 Prov}
1937 5683 1974 5733 1.
2019 5669 2028 5721 ε

2157 5668 2216 5742 ,⁸⁸
2270 5667 2458 5723 chtr.
2494 5682 2531 5733 ι,
2561 5667 2614 5724 2.
2714 5669 2758 5699 ⁸⁷
2789 5665 2952 5731 Prov,
2978 5683 3014 5732 ι,
3048 5667 3100 5721 9.

1607 5748 1636 5772 ,.
