3984 6150
477 335 579 398 159

1863 314 1869 319 ’
1966 315 2023 372 S.
2059 310 2220 372 NILI

3623 301 3727 366 mo
3760 255 3765 260 ’

478 439 1026 504 lamtraducentesf.
1085 454 1104 488 ι
1139 434 1340 490 lterum
1387 449 1512 489 eum
1556 431 1887 501 crueiilgunt
1934 430 2042 482 INB-

2184 423 2764 494 εαραδειγματίζοντες.
2799 441 2816 474 ι
2873 421 3293 492 Ἀνασταυροῦσι
3331 420 3374 473 δ’
3429 419 3592 472 αὑτὸν
3638 422 3724 474 αξ-

477 533 660 600 retiei,
698 547 804 586 non
839 537 1046 584 tantum
1077 527 1174 596 qui
1199 541 1452 595 perverse
1477 526 1809 594 baptismum
1846 523 2047 575 iterare

2188 518 2356 569 ετικοὶ
2384 554 2400 580 ,
2441 516 2499 568 οὐ
2545 516 2704 585 μόνον
2733 515 2783 567 οί
2825 514 3008 576 κακῶς
3069 510 3461 574 ἀναϐαπτίζειν
3518 514 3727 581 ἐπιχει-

479 628 848 692 praesumunt,
868 618 959 675 sed
976 618 1139 673 etiam
1173 617 1207 670 ii
1234 657 1248 681 ,
1271 617 1364 687 qui
1385 612 1576 671 dicunt
1601 615 1712 669 fore
1731 613 2046 684 aliquando,

479 723 540 769 ut
586 712 839 769 Christus
886 725 986 780 pro
1028 709 1369 763 daemonibus
1414 707 1565 760 cruci
1599 705 1870 774 alligatur.

637 801 794 860 CCV.
812 830 888 840 —
907 795 1140 856 GAINIE
1172 796 1529 854 COPIARUM
1556 793 1878 850 DUCTORI.

547 893 740 948 Omnis
775 901 1031 947 creatura
1073 892 1278 952 verbo,
1328 899 1382 944 et
1421 887 1721 957 sapientia,
1763 883 1909 954 quod
1943 884 2049 948 sit,

478 981 690 1035 habuit.
751 979 951 1034 Verum
1005 979 1146 1035 Deus
1196 978 1470 1040 Verbum,
1526 992 1649 1031 cum
1700 991 1799 1030 sua
1858 984 2054 1027 natuta

479 1069 754 1138 sapientia
778 1111 793 1136 ,
837 1077 1214 1139 creatur-mque
1247 1069 1552 1130 universae,
1586 1067 1703 1121 sive
1736 1079 1798 1119 ea
1837 1063 2054 1118 intelle-

479 1164 570 1209 ctu
611 1156 1133 1226 comprehendatur,
1159 1157 1273 1211 sive
1311 1156 1413 1210 sub
1446 1170 1669 1208 sensum
1697 1152 1894 1217 cadat,
1923 1167 2057 1206 con-

479 1244 626 1298 ditor
657 1244 758 1310 sit,
787 1245 1063 1315 quomodo
1098 1252 1356 1299 creatura
1383 1244 1596 1296 dicetur
1615 1242 1642 1294 ’ἒ

1009 1335 1190 1390 CCVI.
1235 1363 1292 1374 —
1321 1333 1527 1388 Eidem.

617 1426 817 1482 Lucem
864 1428 1173 1482 inhabitare
1212 1425 1648 1481 inaecessibilem
1731 1423 1808 1477 ait
1887 1422 2056 1477 Deum

486 1519 917 1588 omnipotentem
943 1557 958 1583 ,
987 1505 1042 1572 et
1070 1517 1288 1572 Patrem
1315 1517 1359 1582 ⁷,
1459 1515 1652 1572 beatus
1686 1515 1907 1570 Paulus.
1945 1512 2060 1568 Hoc

487 1627 620 1666 vero
643 1651 658 1676 ,
699 1611 847 1680 quod
885 1619 1069 1666 mente
1106 1619 1316 1664 tantum
1347 1609 1680 1678 concipitur,
1720 1623 1928 1677 suaque
1960 1621 2059 1660 na-

490 1711 614 1757 tura
668 1705 961 1768 subsistit,
1007 1710 1061 1759 et
1121 1720 1228 1758 non
1277 1702 1787 1772 comprehenditur,
1838 1708 1893 1754 et
1942 1700 2062 1754 sine

489 1797 616 1852 ullis
671 1795 940 1850 limitibus
995 1796 1213 1861 lumen,
1261 1800 1344 1848 est
1389 1792 1701 1849 adorandus
1743 1791 1954 1856 Filius,
2007 1802 2061 1847 et

491 1887 764 1953 Verbum,
811 1897 866 1942 et
909 1885 1155 1941 omnium
1207 1885 1493 1938 Dominus.
1537 1883 1663 1938 Ilaec
1704 1885 1866 1954 igitur
1911 1885 1957 1940 si
1988 1885 2060 1938 ita

490 1994 720 2048 prorsus
741 1995 799 2034 se
826 1979 1056 2042 habent,
1089 1994 1326 2050 quanam
1355 1978 1568 2033 ratione
1591 1978 1700 2048 78
1729 1989 2059 2036 creaturam.

490 2083 576 2137 et,
610 2088 676 2127 ex
711 2073 778 2127 iis
806 2088 927 2142 quae
957 2088 1065 2128 non
1096 2080 1288 2137 erant,
1323 2071 1666 2142 unigenitum
1700 2070 1791 2127 Dei
1825 2068 2022 2124 Filium
2045 2108 2060 2132 ,

492 2173 547 2219 et
578 2163 812 2218 Verbum
846 2172 1165 2234 generatum
1215 2163 1423 2229 fuisse,
1467 2163 1739 2218 instruere
1779 2173 1830 2217 te
1861 2161 2066 2216 audent

489 2255 747 2311 belluinis
780 2256 1023 2312 moribus
1061 2255 1305 2325 praediti,
1344 2262 1411 2323 et_
1435 2254 1640 2309 Christi
1669 2254 1850 2325 gregis
1877 2253 2062 2323 perdi-

491 2354 644 2401 tores
679 2344 907 2400 Ariani?

732 2437 935 2494 CCVII.
969 2465 1038 2478 -—
1087 2437 1382 2493 MELISSO
1413 2437 1828 2493 CANDIDATO.

563 2527 740 2586 Homo
767 2533 821 2586 in
853 2531 1234 2602 mgritudinem
1262 2531 1544 2595 incidens,
1578 2531 1800 2601 genium
1844 2537 2069 2599 propter

495 2624 747 2678 morbum
797 2629 1144 2683 commutans
1164 2663 1179 2687 ,
1218 2622 1433 2676 inutilis
1463 2623 1527 2676 ad
1556 2637 1722 2692 Opera
1744 2661 1758 2683 ,
1809 2630 1864 2676 et
1894 2621 2068 2675 imbe—

496 2712 678 2768 cillior
722 2713 814 2779 Iit;
852 2712 1210 2766 nihilominus
1262 2711 1428 2766 noxia
1475 2711 1839 2780 concupiscit.
1893 2707 1970 2762 Ita
2016 2716 2073 2763 et

498 2800 682 2855 anima
712 2815 741 2854 a
773 2803 917 2856 bono
962 2800 1285 2859 declinans.
1339 2809 1392 2856 et
1436 2800 1491 2854 in
1541 2799 1728 2871 pejora
1775 2801 2068 2864 immersa,

497 2907 700 2948 nervos
732 2892 952 2963 quidem
991 2891 1055 2946 ad
1109 2892 1336 2947 meliora
1367 2893 1718 2963 exsetluenda
1747 2892 1988 2958 amittit,
2017 2899 2074 2947 et

501 2983 811 3053 perniciosa
849 2983 1019 3038 ambit
1048 2991 1102 3039 et
1139 2982 1453 3038 aliectatur.

742 3073 970 3130 CCVIII.
998 3105 1067 3115 —-
1096 3073 1376 3130 TIIYRSO
1413 3075 1823 3132 SCRINIARIO.

573 3183 594 3217 ι
617 3165 978 3236 lngrcdietur,
1010 3166 1098 3220 lex
1130 3166 1239 3231 ait,
1261 3167 1327 3221 ad
1360 3183 1587 3223 uxorem
1615 3167 1902 3230 fratris,“
1929 3165 2078 3221 exci-

496 3257 634 3312 tabit
654 3273 837 3314 semen
861 3259 900 3313 ⁸.
931 3279 948 3312 ι
976 3257 1302 3331 Quicunque
1330 3261 1530 3315 etenim
1558 3260 1741 3327 homo,
1766 3259 1880 3314 sive
1895 3257 2076 3313 omnis

497 3349 737 3407 hominis
770 3351 950 3406 anima
993 3353 1170 3406 virum
1205 3352 1637 3408 intellectualem
1679 3365 1709 3402 a
1745 3349 1856 3404 Deo
1915 3363 2078 3404 assu—

500 3457 655 3498 mens
677 3482 692 3506 ,
721 3440 889 3511 legem
914 3443 1122 3497 scilicet
1145 3442 1419 3498 internum
1446 3482 1461 3508 ,
1493 3440 1770 3496 interemit
1792 3441 1990 3509 ipsam,
2025 3447 2079 3494 ct

497 3531 573 3588 ob
597 3531 882 3602 segnitiem
904 3533 1138 3602 sepeliit.
1175 3534 1315 3588 Hinc
1344 3533 1644 3589 necessitas
1668 3532 1816 3586 illius
1850 3531 2077 3587 fratrem

501 3621 820 3688 advocavit,
854 3623 1025 3692 legem
1057 3623 1272 3678 scilicet
1321 3625 1617 3692 scriptam,
1651 3631 1709 3678 ut
1741 3622 2080 3694 ingrediatur

503 3711 571 3765 ad
601 3727 826 3767 uxorem
873 3713 1008 3784 legis
1034 3714 1305 3770 naturalis
1329 3712 1442 3785 jam
1471 3714 1770 3769 demortuae
1791 3753 1806 3777 ,
1841 3724 1895 3768 et
1923 3730 2080 3770 exsu-

503 3803 732 3862 scitaret
768 3821 956 3863 semen
990 3807 1062 3863 ob
1092 3807 1385 3878 segnitiem
1413 3819 1686 3862 summam
1716 3803 2008 3864 defunctae.

1028 3985 1214 4047 CCIX.
1250 4014 1319 4027 —-
1349 3985 1559 4041 Eidem.

577 4079 880 4134 Aversatus
932 4077 1076 4134 Deus
1121 4075 1421 4148 sophistas,
1479 4086 1535 4133 et
1580 4077 2082 4134 insulsissitnorum

505 4184 860 4233 sermonum,
909 4169 1278 4242 omnibusque
1339 4170 1644 4226 mendaciis
1691 4178 1745 4228 et
1800 4171 2086 4226 erroribus

510 4261 891 4316 conici-torum
926 4262 1198 4327 artiticcs,
1237 4263 1500 4318 coriariis
1543 4263 1873 4332 quibusdam
1905 4273 1959 4318 et
2000 4262 2079 4332 pi-

515 4352 830 4409 scatoribus
883 4352 1162 4422 pr0priam
1222 4353 1556 4419 salutarem,
1596 4364 1651 4410 et
1706 4355 2087 4425 splendidissi-

515 4454 661 4495 mam
688 4441 908 4511 pietatis
934 4450 989 4498 et
1017 4441 1249 4511 iustitiae
1271 4443 1720 4514 praedicationem
1749 4445 1995 4503 tradidit.

989 4533 1098 4604 79
1125 4532 1285 4589 cex.
1311 4563 1382 4575 -
1404 4534 1612 4590 Eidem.

583 4621 830 4690 Quilibet
879 4639 980 4696 pro
1039 4624 1398 4682 inclinatione
1456 4627 1791 4695 voluntatis,
1854 4629 1970 4686 sive
2014 4632 2072 4688 in

512 4716 757 4780 malum,
784 4717 899 4772 sive
933 4717 986 4772 in
1021 4715 1216 4774 melius
1237 4717 1540 4788 iudicatur.
1575 4717 1762 4790 Teque
1793 4721 2085 4788 suadeant,

509 4803 684 4862 Iudas
717 4808 810 4876 qui
855 4821 952 4878 per
1001 4824 1168 4863 unam
1200 4817 1414 4866 noctem
1457 4826 1488 4865 a
1540 4812 1652 4866 vita
1697 4813 2044 4868 abalienatus
2070 4853 2085 4879 ,

514 4898 840 4971 Magistrum
887 4901 1151 4971 prodidit,
1202 4909 1256 4957 et
1315 4902 1458 4958 latro
1507 4911 1786 4958 momento
1827 4904 2091 4974 temporis

511 4989 638 5047 vita:
666 4991 1002 5048 conciliatus
1073 4991 1263 5063 Neque
1293 4993 1440 5049 enim
1481 4993 1537 5049 in
1565 4994 1886 5048 memoriam
1921 4995 2090 5049 redu-

513 5091 712 5138 ceutur
744 5083 1065 5154 iniquitates
1102 5086 1255 5141 illius
1286 5085 1561 5150 hominis,
1609 5085 1702 5155 qui
1744 5100 1850 5139 non
1885 5101 2091 5154 usque-

517 5189 734 5244 quaque
786 5190 816 5229 a
868 5176 976 5231 Deo
1005 5175 1402 5240 defecerit,‘et
1448 5191 1545 5229 oor
1578 5190 1807 5245 pravum
1850 5174 2090 5229 inﬁdeli-

517 5266 647 5321 tatis
697 5281 762 5322 ac
808 5268 1149 5340 stupiditatis
1202 5267 1590 5338 assumpserit.
1649 5285 1667 5318 ι
1696 5263 1900 5320 Vivens
1941 5266 2090 5319 enim

518 5356 699 5422 vivet,
730 5358 842 5421 ait,
884 5375 1008 5413 cuin
1041 5365 1412 5419 eonvertctur,
1459 5365 1514 5411 et
1545 5371 1652 5410 non
1690 5355 1958 5410 morietur
1987 5357 2029 5412 θ.
2068 5375 2087 5408 ι

731 5447 912 5503 CCXI.
941 5481 1002 5491 —
1030 5448 1323 5503 BYRILLO
1365 5446 1880 5502 MACEDONIANO.

593 5539 881 5609 Quomodo
910 5543 1080 5599 audes
1112 5541 1377 5612 Spiritum
1409 5547 1665 5596 sanctum
1693 5553 1912 5593 scrvmn
1939 5551 2091 5592 com-

597 5719 803 5778 'Hchr.
871 5735 944 5789 vn,
983 5719 1036 5774 6.
1113 5717 1176 5772 τι
1213 5715 1538 5783 Tim.6,16.
1615 5716 1635 5748 ⁸
1674 5713 1829 5770 Deut.
1857 5729 1979 5777 xxv,
2024 5711 2074 5765 ὕ.

2069 3074 2072 3076 ⁷
2101 3085 2148 3148 C

2154 606 2390 679 ροῦντες,
2451 607 2586 660 ἀλλὰ
2644 606 2736 659 καὶ
2797 605 2846 658 οἱ
2880 603 3185 674 τολμῶντες
3239 601 3439 670 λέγειν,
3512 599 3594 653 ὅτι
3635 602 3729 653 καὶ

2154 699 2292 770 ὑπὲρ
2314 699 2424 752 τῶν
2461 699 2732 769 δαιμόνων
2767 697 2894 750 ποτὲ
2925 697 2953 749 ὁ
2991 693 3227 764 Χριστὸς
3255 692 3728 762 σταυρωθήσεται.

2451 791 2567 843 seu
2603 821 2674 831 -υ
2700 788 2910 858 ΓΑΙΝᾼ
2935 783 3418 852 arentium.

2226 883 2340 936 Πᾶν
2373 882 2578 951 κτίσμα
2611 882 2700 934 διὰ
2724 880 2884 949 λόγου
2925 878 3020 932 καὶ
3064 876 3255 944 σοφίας
3281 873 3373 928 τοῦ
3408 870 3546 927 εἶναι
3573 873 3732 925 τετύ-

2155 988 2310 1041 χηκε,
2355 971 2413 1023 '0
2442 971 2497 1024 δέ
2531 970 2664 1032 Θεὸς
2703 970 2875 1037 Λόγος
2924 967 3086 1036 σοφία
3125 965 3386 1035 ὑπάρχων
3441 962 3732 1032 οὑσιὼδης,

2154 1064 2482 1135 δημιουργός
2507 1081 2562 1126 τε
2581 1062 2655 1116 ὢν
2677 1065 2854 1134 πάσης
2873 1062 2974 1131 τῆς
2994 1079 3052 1114 τε
3076 1061 3337 1131 νουμένης
3363 1060 3610 1122 κτίσεως,
3640 1061 3734 1112 καὶ

2155 1158 2253 1225 τῆς
2309 1155 2724 1224 ὑποπιπτούσης
2776 1156 2841 1225 τῇ
2901 1153 3182 1224 αἰσθήσει,
3231 1148 3350 1213 πῶς
3395 1146 3459 1201 ἂν
3513 1148 3732 1220 λεχθείη

2163 1249 2368 1318 κτίσμα
2388 1264 2403 1315 ;

2269 1404 2274 1408 _
2665 1335 2798 1404 2C7.
2821 1369 2886 1384 -.
2923 1335 3008 1401 τῷ
3047 1335 3226 1402 αὐτῷ.

2255 1429 2375 1494 Φῶς
2425 1430 2591 1482 οἰκεῖν
2639 1427 2938 1499 ἀπρόσιτον
3000 1428 3134 1498 φησὶ
3169 1425 3260 1480 τὸν
3320 1426 3736 1498 παντοκράτορα

2160 1518 2292 1573 Θεὸν
2348 1519 2441 1572 καὶ
2491 1517 2710 1588 Πατέρα
2755 1519 2791 1569 ἀ
2825 1515 3093 1586 μακάριος
3168 1515 3397 1578 Παῦλος.
3439 1515 3610 1569 Τοῦτο
3677 1516 3737 1567 δέ

2162 1609 2372 1679 νοητὸν,
2420 1609 2513 1660 καὶ
2543 1605 2930 1670 ἐνυπόστατον,
2971 1604 3064 1656 καὶ
3103 1603 3509 1672 ἀκατάληπτον,
3548 1601 3647 1664 καὶ
3673 1602 3739 1654 ἀ-

2166 1700 2431 1770 πέραντον
2469 1697 2584 1766 φῶς
2614 1699 2761 1749 ἐστιν
2785 1697 2812 1748 ὁ
2835 1694 3208 1766 προσκυνητδς
3247 1695 3395 1759 Υἱὸς,
3424 1695 3517 1748 καὶ
3547 1693 3736 1760 Λόγος,

2167 1789 2260 1842 καὶ
2296 1787 2404 1840 τῶν
2432 1787 2568 1840 ὅλων
2601 1785 2822 1856 Κύριος.
2856 1785 2918 1836 Εἰ
2947 1784 3126 1837 τοίνυν
3155 1783 3310 1836 ταῦθ’
3358 1782 3530 1847 οὕτως
3599 1781 3739 1851 ἔχει,

2165 1879 2281 1942 πῶς
2311 1878 2538 1946 κτίσμα,
2573 1875 2668 1928 καί⁴
2703 1877 2767 1927 ἐκ
2809 1874 2884 1944 μὴ
2927 1874 3093 1927 ὄντων
3146 1873 3475 1942 γεγενῆσθαι
3519 1872 3612 1925 τὸν
3644 1889 3742 1940 μο-

2165 1971 2355 2039 νογενῆ
2380 1968 2472 2022 τοῦ
2504 1967 2639 2021 Θεοῦ
2684 1966 2834 2032 Υἱδν,
2864 1966 2968 2020 ’καὶ
3007 1967 3200 2034 Λόγον,
3228 1965 3500 2018 διδάσκειν
3528 1979 3587 2015 σε
3617 1962 3740 2014 τολ-

2169 2063 2340 2134 μῶσιν
2376 2061 2426 2112 οἰ
2454 2057 2908 2129 θηριογνώμονες,
2943 2056 3036 2110 καὶ
3070 2059 3170 2128 τῆς
3199 2055 3292 2109 τοῦ
3321 2053 3560 2126 Χριστοῦ
3619 2053 3746 2105 ποί-

2169 2171 2306 2223 μνης
2345 2150 2599 2224 ὀλετῆρες
2643 2151 2700 2203 Ἀ
2710 2149 2911 2220 ρειανοί
2935 2165 2955 2214 ',

2474 2417 2588 2469 ΣΖν.
2605 2444 2673 2454 —
2691 2414 2985 2485 ΜΕΛΙΣΣῼ
3011 2412 3420 2482 mmmam.

2245 2507 2561 2578 Ἀνθρωπος
2592 2506 2979 2577 ἐξασθενήσας,
3015 2505 3114 2562 ’καὶ
3144 2504 3461 2574 ἐξαλλαγεὶς
3511 2502 3750 2573 ὑπὸ-τῆς

2171 2598 2326 2651 νόσου
2365 2597 2464 2669 τὴν
2519 2596 2650 2661 ἕξιν,
2686 2598 3031 2670 ἀχρειότερος
3075 2596 3173 2667 μὲν
3227 2596 3364 2666 πρὸς
3407 2595 3567 2664 ἔργον
3653 2596 3748 2647 καὶ

2172 2689 2406 2760 ἀδρανὴς
2438 2690 2670 2757 γίνεται,
2707 2689 3039 2759 ἐπιθυμεῖδέ
3066 2687 3159 2740 τοῦ
3192 2687 3545 2757 βλάπτοντος..
3587 2684 3746 2739 Οὕτω

2172 2781 2267 2835 καὶ
2303 2781 2449 2851 ψυχὴ
2492 2781 2838 2836 ἀπονεύσασα
2870 2780 2964 2834 τοῦ
2999 2779 3189 2845 καλοῦ,
3231 2780 3326 2833 καὶ
3358 2778 3454 2831 ἐπὶ
3479 2777 3538 2830 τὸ
3566 2780 3756 2847 χεῖρον

2173 2874 2546 2942 ἀλλοιωθεῖσα,
2583 2872 2963 2945 ἐκνευρίζεται
3023 2873 3122 2943 μὲν
3183 2872 3325 2942 πρὸς
3357 2869 3619 2942 ἐργασίαν
3656 2868 3751 2922 τοῦ

2176 2965 2506 3038 κρείττονος,
2539 2965 2792 3035 ὀρέγεται
2825 2965 2882 3018 δὲ
2906 2964 3011 3017 τῶν
3037 2965 3315 3034 ὀλεθρίων.

2495 3059 2618 3112 Σιιι.
2639 3087 2707 3096 -
2723 3057 2944 3128 arma
2973 3057 3422 3128 ΣΚΡΗΝΙΑΡΙῼ.

2257 3169 2276 3204 ι
2298 3151 2698 3214 Είσελεύσεται,
2743 3149 2950 3220 φησὶνὸ
2988 3149 3173 3218 νόμος,
3208 3148 3344 3217 πρὸς
3385 3148 3484 3216 τὴν
3515 3152 3754 3217 γυναῖκα

2177 3243 2271 3296 τοῦ
2335 3242 2599 3312 ἀδελφοῦ,
2647 3243 2742 3296 καὶ
2785 3242 3077 3311 ἀναστήσει
3130 3240 3417 3310 σπέρμα.»
3470 3242 3584 3306 Πᾶς
3644 3245 3756 3315 γὰρ

2181 3332 2485 3404 ἄνθρωπος,
2515 3333 2633 3404 ἦτοι
2667 3333 2816 3386 πᾶσα
2854 3332 3000 3403 ψυχὴ
3028 3331 3319 3403 ἀνθρώπου
3358 3332 3527 3404 ἄνδρα
3565 3335 3756 3404 νοητὸν

2179 3423 2419 3479 λαϐοῦσα
2462 3425 2614 3491 παρὰ
2653 3425 2811 3489 Θεοῦ,
2857 3425 3056 3496 δηλαδὴ
3095 3426 3186 3480 τὸν
3219 3425 3522 3480 ἐνδιάθετον
3564 3426 3753 3496 νόμον,

2178 3514 2449 3586 ἐνέκρωσε
2481 3515 2688 3578 τοῦτον,
2722 3514 2818 3570 καὶ
2845 3514 3012 3584 ἔθαψε
3037 3513 3126 3568 διὰ
3155 3515 3256 3585 τῆς
3279 3513 3558 3585 ἀμελείας.
3585 3515 3757 3567 Ὅθεν

2180 3605 2339 3680 χρεία
2386 3605 2611 3662 ἐκάλεσε
2664 3605 2755 3660 τὸν
2804 3605 2993 3661 τούτου
3062 3605 3310 3674 ἀδελφὸν,
3367 3605 3616 3659 τουτέστι
3664 3605 3758 3659 τὸν

2181 3698 2426 3768 γραπτὸν
2453 3698 2615 3768 νόμον
2635 3697 2894 3752 εἰσελθεῖν
2918 3697 3053 3770 πρὸς
3079 3700 3176 3768 τὴν
3202 3699 3438 3766 γυναῖκα
3464 3695 3569 3749 τοῦ.
3589 3697 3760 3766 νόμου.

2181 3791 2275 3844 τοῦ
2324 3788 2576 3860 φυσικοῦ,
2630 3791 2781 3853 ὅστις
2841 3788 3219 3860 ἀπενεκρὼθη,
3253 3787 3348 3841 καὶ
3386 3786 3762 3858 ἐξαναστῆσαι

2185 3883 2404 3954 σπέρμα
2426 3881 2505 3954 τῷ
2528 3883 2869 3953 τελευτηκότι
2898 3881 2986 3936 διὰ
3014 3879 3233 3952 νοθρίας
3268 3878 3495 3951 πολλῆς.

2711 3971 2830 4026 26'.
2849 4000 2921 4012 —-
2936 3969 3018 4037 Τῷ
3045 3967 3228 4035 αὐτῷ.

2266 4065 2706 4138 Ἀποστραφεὶςὸ
2729 4063 2860 4127 Θεὸς
2888 4063 3014 4127 τοὺς
3045 4060 3323 4132 σοφιστὰς,
3373 4061 3468 4114 καὶ
3499 4059 3763 4126 τέκτονας

2185 4158 2292 4213 τῶν
2312 4158 2484 4228 λόγων
2506 4157 2613 4211 τῶν
2646 4172 2710 4226 με
2719 4154 3246 4226 ματαιωμένων,καὶ
3279 4153 3480 4217 παντὸς
3499 4151 3765 4222 ψεύδους,

2186 4250 2282 4303 καὶ
2310 4249 2516 4320 πλάνης
2546 4246 2851 4309 ἀνάπλεων,
2882 4244 3239 4315 σκυτοτόμοις
3263 4245 3395 4308 τισὶ,
3429 4243 3524 4297 καὶ
3546 4241 3766 4298 ἁλιεῦσι

2184 4340 2247 4395 τὸ
2269 4340 2466 4394 οἰκεῖον
2489 4337 2850 4410 σωτηριῶδες,
2889 4336 2984 4391 καὶ
3011 4335 3404 4406 ὑπέρλαμπρον
3463 4335 3565 4406 τῆς
3603 4335 3764 4388 εὐσε-

2117 4424 2162 4481 ι)
2189 4433 2339 4498 δείας
2370 4433 2462 4487 καὶ
2509 4432 2607 4501 τῆς
2643 4428 2991 4498 δικαιοσύνης
3026 4427 3323 4497 ἐνεχείρισε
3365 4427 3649 4499 κήρυγμα.

2739 4521 2836 4574 ΣΡ.
2859 4547 2931 4561 -—
2955 4516 3039 4582 Τῷ
3059 4515 3239 4582 αὐτῷ.

2255 4619 2378 4672 ’Ότι
2409 4616 2543 4687 πρὸς
2583 4615 2683 4685 τὴν
2727 4612 2899 4684 ῥοπὴν
2947 4610 3176 4672 ἕκαστος
3209 4607 3307 4680 τὴν
3337 4606 3433 4660 ἐπὶ
3479 4606 3692 4677 φαύλῳ,
3724 4608 3763 4679 ἢ

2185 4710 2278 4765 ἐπὶ
2303 4707 2570 4778 κρείττονι
2597 4705 2863 4777 κρίνεται,
2898 4698 3238 4754 πειθέτωσάν
3265 4715 3347 4762 σε,
3367 4699 3396 4751 ό
3425 4697 3524 4768 μὲν
3557 4695 3765 4759 Ἰούδας

2184 4801 2271 4855 διὰ
2295 4801 2422 4871 μιᾶς
2447 4799 2638 4862 νυκτὸς
2663 4795 3043 4868 ἀλλοτριωθεὶς
3070 4795 3168 4863 τῆς
3198 4790 3366 4862 ζωῆς,
3405 4786 3765 4860 προδεδωκὼς

2186 4891 2277 4946 τὸν
2299 4887 2691 4950 Διδάσκαλον,ὁ
2721 4888 2777 4942 δὲ
2806 4886 3012 4960 λῃστὴς
3043 4886 3118 4938 ἐνί
3135 4883 3336 4952 στιγμῇ
3363 4879 3552 4950 χρόνου
3591 4877 3768 4929 οἰκειιο

2186 4982 2349 5045 ωθεὶς
2374 4983 2441 5052 τῇ
2473 4980 2606 5052 ζωῇ.
2636 4979 2712 5033 Οὐ
2741 4980 2817 5050 μὴ
2852 4978 2964 5048 γὰρ
2999 4973 3312 5047 μνησθῶσιν
3335 4973 3390 5024 αἰ
3413 4967 3632 5038 ἀνομίαι
3665 4965 3764 5020 τοῦ

2191 5078 2265 5145 μὴ
2310 5071 2590 5136 παντελῶς
2634 5069 2970 5124 ἀποστασίαν
2999 5065 3094 5120 τοῦ
3127 5063 3263 5118 Θεοῦ
3300 5061 3625 5130 νοσήσαντος
3655 5058 3757 5109 ἀν-

2189 5167 2430 5238 θρώπου,
2480 5165 2613 5233 μηδὲ
2662 5162 2884 5232 καρδίαν
2945 5156 3190 5229 πονηρὰν
3239 5152 3494 5213 ἀπιστίας
3548 5165 3612 5202 τε
3664 5148 3768 5200 καὶ

2196 5257 2535 5327 ἠλιθιότητος
2557 5251 2918 5314 ἀναλαϐόντος
2939 5268 2954 5283 ο
2983 5269 3002 5301 ι
3034 5249 3150 5303 Ζῶν
3181 5247 3288 5316 γὰρ
3307 5242 3553 5311 ζήσεται,
3571 5238 3765 5307 φησὶν,

2199 5353 2256 5404 ἐν
2289 5349 2364 5420 τῷ
2395 5345 2717 5416 ἐπιστρέψαι
2747 5345 2928 5409 αὑτὸν,
2963 5342 3058 5395 καὶ
3086 5341 3186 5394 οὐκ
3215 5333 3589 5391 ἀποθανεῖται.
3629 5347 3651 5384 ι

2484 5441 2627 5494 ΣΙΑί.
2644 5469 2714 5479 ——
2746 5435 3044 5504 ΒΥΡΙΛΛῼ
3065 5425 3480 5494 ΜΑΚΕΔΟΝΙῼ.

2276 5532 2402 5596 Πῶς
2447 5531 2652 5600 τολμᾷς
2683 5529 2744 5582 τὸ
2785 5527 3009 5597 Πνεῦμα
3049 5525 3109 5577 τὸ
3151 5521 3303 5589 ἅγιον
3355 5515 3540 5570 δοῦλον
3601 5528 3785 5582 προσ-

2153 5709 2171 5740 ’
2202 5708 2402 5768 Eaech.
2442 5721 2596 5774 xvul,
2626 5705 2716 5760 ‘28.
