3984 6150
473 343 612 411 ‘16‘3

1968 343 2026 405 S.
2073 346 2235 408 NILI

3659 355 3768 422 164

488 463 620 526 ﬂes,
651 461 801 518 solus
839 457 1132 516 exhauries
1163 458 1304 512 mala
1333 457 1439 527 ;'si
1498 457 1739 529 sapiens,
1786 459 1898 515 eris
1952 459 2073 513 tibi-

2185 459 2314 532 γένῃ
2335 461 2520 531 ,μόνος
2557 463 2838 534 ἀντλήσεις
2865 462 2934 518 τὰ
2959 464 3140 519 κακά·
3178 465 3275 518 ἐὰν
3326 463 3398 535 δὲ,
3433 466 3613 537 σοφὸς,
3660 468 3766 541 ἔστι

499 541 719 626 metipsi
741 560 805 608 et
836 551 1086 622 proximo
1115 554 1339 624 sapiens
1381 553 1448 608 “.
1485 571 1504 607 ι
1535 579 1552 584 ~-

729 642 956 699 CCXIX.
985 673 1057 684 —
1082 641 1504 699 ARISTOTELI
1531 642 1839 698 ‘PRIMATI.

569 737 707 791 Mitti
741 735 944 791 dicitur
973 734 1172 800 Filius,
1225 752 1332 790 non
1385 724 1691 793 Secundum
1731 737 1882 807 quod
1933 735 2080 792 Dens

502 826 742 883 Verbum
777 826 835 881 in
860 827 988 882 sinu
1013 838 1098 883 est
1143 827 1349 892 Patris,
1388 829 1568 882 omnia
1591 829 1906 882 continens.
1941 845 1960 879 ι
2002 827 2080 882 Ex

503 921 624 990 ipso
656 918 824 982 enim,
852 927 908 974 et
943 935 1038 990 per
1068 922 1270 992 ipsum,
1309 930 1368 975 et
1418 921 1470 975 in
1519 921 1697 990 ipsum
1721 920 1906 975 omnia
1932 917 1974 952 ιτ
2008 938 2020 973 :
2055 939 2072 971 ι

494 1019 576 1066 et:
596 1027 614 1059 ‹
643 1009 699 1064 In
722 1011 842 1081 ipso
861 1013 1124 1079 vivimus,
1163 1027 1469 1076 movemur,
1507 1019 1567 1066 et
1594 1025 1793 1068 sumus
1818 1013 1882 1079 1‘;
1925 1030 1944 1064 ι
1975 1012 2077 1068 sed

494 1105 798 1157 secundum
831 1103 976 1174 quod
1008 1105 1343 1175 sibimetipsi
1377 1105 1604 1161 asciseit
1636 1102 1783 1160 Deus
1815 1097 2073 1168 Verbum,

493 1185 815 1253 aﬂ‘cetiones
847 1211 1032 1252 assum
1041 1199 1118 1267 pti
1161 1198 1436 1267 corporis.
1765 1205 1768 1210 '

559 1307 561 1309 '
1011 1289 1218 1348 CCXX.
1233 1310 1314 1331 '—
1341 1288 1548 1344 Eidem.

565 1377 796 1444 Luctus,
829 1381 924 1449 qui
972 1395 1073 1451 pro
1119 1381 1363 1451 peccatis
1417 1380 1500 1446 iit,
1539 1377 1756 1434 dulcem
1791 1378 1896 1434 sibi
1938 1392 2076 1434 moe-

494 1477 676 1526 rerem
709 1479 762 1526 et
788 1472 1070 1527 tristitiam
1093 1472 1203 1542 82
1243 1472 1510 1536 vindicat,
1543 1462 1599 1527 et
1638 1472 1894 1526 melleum
1929 1470 2074 1526 illius

495 1577 741 1616 amarum
771 1563 1114 1633 degustatur,
1152 1580 1248 1634 spe
1280 1564 1421 1618 bona
1458 1579 1523 1618 ac
1552 1564 1708 1618 suavi
1745 1564 2027 1617 conditum
2057 1580 2070 1626 ;

496 1663 781 1723 propterea
815 1655 988 1709 nutrit
1015 1657 1287 1720 animam,
1362 1657 1754 1726 cogitationem
1795 1657 2074 1725 voluptate

495 1743 793 1813 perfundit,
837 1761 931 1801 cor
961 1747 1322 1817 pinguefacit,
1357 1747 1718 1816 corporiSque
1749 1752 2070 1801 concretum

489 1835 691 1891 ﬂorere
717 1852 781 1894 ac
812 1838 1085 1893 virescere
1113 1839 1265 1894 facit.
1298 1837 1487 1904 Quare
1521 1839 1729 1910 optime
1747 1837 1921 1892 David
1946 1852 2076 1892 cou-

493 1926 711 1980 ciuebat
742 1944 758 1981 :
795 1943 815 1978 ι
850 1923 1032 1982 Factae
1065 1936 1193 1982 sunt
1222 1927 1358 1981 mihi
1388 1927 1647 1998 lacrymae
1675 1926 1839 1996 panis
1883 1926 1974 1982 die
2013 1942 2075 1982 ac

495 2023 656 2071 nocte
679 2016 743 2071 ".
786 2035 807 2070 ι
1875 2039 1878 2042 ί

990 2109 1226 2166 CCXXI.
1254 2141 1324 2152 -—
1344 2110 1555 2166 Eidem.

567 2225 587 2258 ι
629 2203 882 2268 Domine,
918 2203 1018 2268 ait,
1056 2211 1116 2258 ut
1161 2212 1320 2259 scuto
1363 2203 1524 2258 bona:
1563 2203 1868 2260 voluntatis
1917 2219 2078 2259 coro-

491 2299 637 2356 nasti
667 2311 769 2353 nos
799 2297 866 2351 ¹⁰.
906 2316 923 2348 ι
955 2297 1099 2351 idem
1145 2297 1421 2366 justorum
1452 2294 1620 2350 fuerit
1647 2303 1866 2352 scutum
1901 2303 1954 2351 et
1984 2309 2078 2350 co-

492 2403 628 2444 rona
667 2405 680 2441 :
717 2393 1009 2458 propterea
1039 2385 1134 2458 qui
1179 2385 1372 2440 armis.
1397 2384 1649 2440 induitur
1690 2384 2078 2440 intellectuali-

489 2488 574 2534 ter
606 2485 927 2532 coronatur.
981 2475 1229 2546 Namque
1277 2473 1542 2531 Salomon
1578 2475 1717 2530 dixit
1749 2493 1763 2530 :
1814 2493 1833 2526 ι
1857 2474 2074 2531 Corona

490 2571 817 2628 deliciarum
853 2568 1108 2625 defendet
1141 2578 1198 2622 te
1237 2569 1302 2620 “.
1343 2586 1362 2619 ι
1753 2563 1757 2567 '

730 2661 982 2719 CCXXII.
1026 2692 1095 2702 —
1125 2654 1434 2716 TIIERINO
1474 2658 1829 2716 MONACHO.

561 2754 1036 2822 Quemadmodum
1067 2755 1120 2809 in
1171 2752 1308 2807 mari
1339 2769 1514 2824 genus
1545 2752 1830 2808 hominum
1867 2749 2077 2807 facino-

491 2848 677 2904 rosum
712 2855 765 2902 et
793 2832 994 2915 audax,
1053 2846 1110 2900 in
1134 2843 1316 2911 tmari,
1370 2843 1466 2898 ubi
1513 2845 1710 2900 civitas
1738 2843 2076 2911 est,'velna-

488 2940 637 2994 vium
673 2940 837 2995 statio
888 2947 983 2993 aut
1020 2944 1242 3009 portus,
1294 2938 1443 2992 nulla
1477 2936 1776 2996 rationein
1809 2937 2076 3007 navigan-

489 3034 574 3080 tes
609 3024 874 3092 impetum
910 3023 1144 3089 faciunt;
1191 3022 1248 3078 id
1297 3023 1446 3078 enim
1504 3030 1656 3079 esset
1688 3021 1894 3077 frustra
1929 3036 1988 3076 se
2019 3021 2074 3074 in

485 3112 791 3168 discrimen
831 3109 1104 3167 adducere
1136 3128 1150 3166 :
1190 3123 1384 3167 verum
1418 3111 1464 3167 si
1497 3112 1553 3168 in
1579 3113 1708 3180 ,ιιιιο
1745 3113 1883 3166 mari
1913 3111 2068 3165 navi-

485 3207 668 3262 culam
693 3205 1177 3275 deprehenderint,
1209 3203 1358 3276 quod
1401 3203 1482 3259 illi
1523 3219 1626 3274 ope
1655 3203 1946 3259 auxiliaria
1973 3203 2070 3258 de-

400 3334 402 3336 τ
490 3298 670 3354 stituti
724 3304 877 3364 sunt,
925 3297 1277 3353 occasionem
1319 3295 1671 3366 arripientes,
1721 3297 1906 3351 omnia
1947 3311 2070 3350 mo~

488 3397 617 3445 vent
657 3389 1044 3460 invertuntque
1089 3403 1193 3443 nec
1226 3387 1379 3457 prius
1426 3388 1728 3453 absistunt,
1763 3388 1940 3444 donec
1986 3390 2086 3444 τοι·

397 3485 401 3489 ’
465 3482 818 3552 navigantes
854 3481 1200 3550 immergant,
1247 3480 1334 3535 vel
1364 3479 1466 3534 hoc
1495 3480 1598 3550 ipsi
1626 3481 1878 3545 subeant;
1915 3481 1996 3536 sic
2018 3491 2071 3536 et

491 3568 612 3627 dir'a
649 3571 950 3642 voluptatis
1003 3574 1262 3638 tentatio,
1309 3573 1381 3639 ei,
1424 3573 1517 3643 qui
1549 3574 1921 3645 virginitatem
1955 3575 2071 3630 ele-

490 3666 590 3732 git,
623 3665 852 3718 multam
902 3663 1059 3719 aliert
1105 3672 1488 3735 tempestatem
1518 3677 1572 3722 et
1595 3681 1816 3736 gravem
1858 3668 2071 3736 procel-

493 3756 621 3818 lam,
669 3763 729 3809 et
779 3769 890 3808 non
947 3754 1203 3812 ferendos
1257 3756 1518 3812 ﬂuctuum
1571 3759 1842 3826 turbines,
1887 3760 2069 3814 omnia

491 3860 698 3917 susque
723 3845 901 3916 deque
933 3847 1195 3915 miscens,
1223 3857 1282 3903 ut
1311 3850 1365 3904 vi
1395 3860 1449 3904 et
1473 3850 1680 3920 impetu
1712 3865 1907 3906 navem
1935 3851 2070 3906 sub-

491 3929 722 4012 mergat.
752 3941 942 4000 Audiit
991 3957 1253 4016 namque,
1289 3945 1562 4001 monacho
1593 3961 1702 4000 non
1727 3962 1850 4002 esse
1887 3947 1940 4001 in
1973 3963 2072 4017 po-

490 4042 685 4089 testate
730 4049 957 4090 uxorem
1014 4035 1240 4100 ducere,
1291 4044 1345 4091 et
1386 4036 1551 4092 veluti
1589 4037 1644 4091 in
1677 4043 1894 4108 portum
1935 4054 2070 4094 con-

486 4125 624 4196 fugii
665 4142 767 4182 usu
794 4143 855 4183 se
885 4128 1226 4196 subducere;
1283 4129 1377 4185 sed
1431 4145 1528 4200 per
1567 4131 1751 4186 omnia
1793 4141 2070 4187 certamen

489 4231 836 4289 pugnamque
894 4219 1178 4294 adversus.
1211 4222 1508 4287 dmmones,
1564 4221 1658 4292 qui
1700 4224 2073 4292 voluptatibus

485 4307 595 4378 83
628 4310 864 4363 animam
896 4311 1136 4377 irritant,
1173 4313 1457 4367 subeunda
1487 4330 1634 4370 esse.
1678 4314 1758 4370 Ne
1791 4315 1960 4384 igitur
1982 4315 2074 4368 ad-

487 4398 775 4468 miremur,
816 4402 863 4455 si
909 4402 1052 4456 bello
1091 4403 1424 4471 impetimur;
1479 4415 1656 4474 neque
1705 4407 1771 4460 ad
1831 4420 2068 4477 pugnam

2185 553 2416 625 σεαυτῷ,
2445 555 2539 609 καὶ
2561 555 2637 627 τῷ
2660 556 2894 627 πλησίω.
2923 572 2944 609 ι

2359 648 2504 703 Σ1Θ’.
2529 677 2599 690 --
2617 645 3069 704 A'PIETU'I‘EAEI
3105 647 3578 704 'IIPDTEI‘ONTI.

2266 735 2628 794 Ἀπεσ-τάλθαι
2653 740 2873 810 λέγεται
2896 743 2924 796 6
2952 741 3100 806 Υἱὸς,
3133 743 3193 796 ού
3217 740 3342 797 καθ’
3370 741 3398 795 ὃ
3418 743 3552 806 Θεὸς
3586 743 3765 812 Λόγος

2181 831 2330 886 ἐστὶν
2363 831 2421 883 ἐν
2447 831 2667 895 κόλποις
2706 830 2799 885 τοῦ
2852 828 3076 905 Πατρὸς
3113 835 3387 906 περιέχων
3431 837 3500 889 τά
3549 836 3760 890 πάνταο

2189 940 2208 974 ι
2252 922 2342 988 Ἐξ
2370 919 2536 976 αὑτοῦ
2599 924 2727 994 γὰρ,
2776 925 2871 978 καὶ
2913 927 2999 989 εἰς
3047 923 3209 980 αὑτὸν
3236 927 3307 981 τὰ
3341 925 3542 994 πάντα,
3584 929 3680 982 καὶ
3704 931 3765 984 ὲν

2179 1029 2328 1099 αὐτῷ
2352 1029 2555 1098 ζῶμεν,
2580 1031 2674 1084 καὶ
2697 1030 3011 1103 κινούμεθα,
3037 1035 3128 1088 καὶ
3149 1036 3337 1107 ἐσμὲν,
3371 1055 3390 1091 ι
3423 1036 3560 1093 ἀλλὰ
3596 1039 3719 1094 καθ’
3735 1041 3764 1094 ὃ

2166 1117 2520 1173 ’ἲδιοποιεῖται
2559 1121 2586 1173 6
2609 1121 2750 1186 Θεὸς
2807 1123 2979 1192 Λόγος
3013 1125 3084 1180 τὰ
3126 1127 3299 1198 πάθη,
3335 1124 3396 1182 οὗ
3446 1128 3520 1183 ἂν.
3563 1129 3759 1202 εἴληφε

2147 1228 2152 1232 ·
2184 1212 2457 1283 σώματος.
2542 1284 2549 1291 υ

2708 1307 2836 1364 ΣΚ⁹.
2855 1339 2924 1350 --
2942 1309 3030 1376 Τῷ
3047 1309 3227 1376 αὐτῷ.

2261 1397 2320 1449 '0
2351 1397 2438 1466 ἐφ’
2477 1400 2772 1471 ἁμαρτίαις
2821 1402 3137 1474 ’γινόμενος
3173 1406 3447 1477 ὀδυρμὸς,
3502 1407 3761 1478 γλυκεῖαν

2182 1489 2444 1562 κέκτηται
2474 1493 2572 1564 τὴν
2608 1493 2783 1560 ἀνίαν,
2825 1498 2918 1550 καὶ
2948 1497 3238 1566 μελιτῶδες
3271 1499 3440 1554 αὑτοῦ
3467 1502 3527 1554 τὸ
3562 1502 3762 1574 πικρὸν

2179 1581 2515 1652 εὑρίσκεται,
2542 1583 2726 1637 -ὲλπέδι
2759 1585 2960 1658 ἀγαθῇ.
2993 1590 3082 1641 καὶ
3119 1594 3331 1662 χρηστῇ
3365 1593 3760 1663 φαρματτόμε-

2179 1689 2288 1736 νον,
2317 1675 2404 1728 διὰ
2433 1674 2592 1736 τοῦτο
2618 1677 2808 1747 τρέφει
2838 1680 3160 1752 τὴνκψυχὴν,
3203 1685 3360 1750 γανοῖ
3391 1685 3451 1735 τὸ
3481 1685 3758 1755 φρόνημα,

2182 1765 2418 1819 λιπαίνει
2451 1767 2548 1838 τὴν
2588 1767 2836 1839 καρδίαν,
2866 1770 3090 1834 εὐθαλὲς
3125 1765 3419 1842 ἐργάζεται
3448 1775 3508 1827 τὸ
3530 1775 3625 1828 τοῦ
3653 1776 3764 1828 σώ-

2185 1873 2351 1925 ματος
2416 1858 2714 1930 σύγκριμα.
2778 1859 2889 1914 Καὶ
2933 1861 3115 1927 καλῶς
3165 1865 3192 1915 ὀ
3256 1864 3423 1918 Δαυῒδ
3457 1865 3718 1938 ἐμελῴδει
3744 1884 3758 1897 ο

2185 1969 2200 2000 ι
2243 1950 2506 2024 Ἐγενὴοη
2558 1971 2647 2024 μοι
2689 1953 2756 2007 τὰ
2800 1955 3010 2026 δάκρυα
3071 1955 3234 2028 ἄρτος
3279 1959 3490 2030 ἡμέρας
3534 1961 3626 2012 καὶ
3668 1978 3764 2014 vu-

2078 2050 2080 2052 '
2180 2040 2325 2104 κτός.
2360 2059 2378 2092 ι

2675 2133 2850 2186 man
2890 2166 2960 2176 -
2994 2133 3076 2200 τῷ
3096 2136 3274 2202 αὐτῷ.

2255 2243 2274 2276 ‹
2305 2223 2499 2295 Κύριε,
2534 2226 2721 2294 φησὶν,
2750 2226 2825 2290 ὡς
2876 2226 3025 2297 ὅπλῳ
3082 2225 3328 2292 εὐδοκίας
3374 2229 3764 2299 ὲστεφάνωσας

2177 2319 2345 2388 ἡμᾶς.
2381 2337 2398 2367 ι
2467 2317 2679 2371 Ταύτὸν
2727 2319 2792 2370 ἂν
2839 2319 2925 2390 εἵη
2952 2320 3059 2372 τῶν
3089 2319 3310 2374 δικαίων
3339 2322 3438 2375 καὶ
3455 2322 3644 2388 ὅπλον,
3670 2325 3763 2377 καὶ

2181 2409 2465 2478 στέφανος,
2502 2391 2643 2463 ὥστε
2666 2411 2757 2464 τὸν
2775 2411 3171 2483 ὡπλησάμενον
3216 2414 3424 2484 νοητῶς
3458 2415 3760 2483 στεφανοῦ-

2180 2499 2305 2554 σθαι
2342 2515 2357 2531 ’
2394 2502 2489 2554 καὶ
2518 2502 2626 2574 γάρ
2655 2503 2750 2557 καλ⁵
2775 2503 3026 2575 Σολομὼν
3059 2505 3250 2578 εἴρηκε
3281 2522 3296 2540 ·-
3359 2527 3376 2559 ι
3399 2508 3760 2579 κΣτεφάνῳδὲ

2177 2593 2394 2664 τρυφῆς
2429 2595 2764 2666 ύπερασπιεϊ
2795 2614 2911 2652 σου.
2962 2616 2980 2648 ι
3072 2599 3076 2602 ’

2211 2670 2214 2672 ’
2522 2687 2694 2740 mur.
2717 2687 3056 2759 -ΘΕΡΙΝῼ
3088 2689 3413 2764 ΜΟΝΛΧῼ.

2249 2779 2474 2850 ’Ὠσπερ-
2519 2781 2570 2833 οἱ
2617 2781 2758 2834 κατὰ
2812 2783 2913 2852 τὴν
2948 2781 3227 2836 θάλασσαν
3264 2776 3585 2855 κακοῦργοι,
3629 2782 3760 2838 ἔνθα

2182 2874 2280 2944 μὲν
2311 2873 2467 2939 πόλις
2496 2875 2663 2940 ἐστὶν,
2691 2876 2723 2948 ἢ
2750 2877 3016 2948 ὲπινήῖον,
3046 2877 3078 2950 ἢ
3108 2879 3299 2950 λιμὴν,
3332 2880 3584 2951 οὐδαμῶς
3635 2882 3759 2934 ἐπι-

2177 2964 2420 3029 τιθέντες
2448 2968 2560 3030 τοῖς
2588 2966 2862 3033 πλέουσιν,
2899 2967 3058 3023 τοῦτο
3077 2970 3186 3040 γὰρ
3217 2970 3395 3042 μάτην
3435 2969 3501 3025 ἂν
3526 2971 3612 3044 εἴη
3641 2989 3758 3027 κιν-

2178 3054 2420 3109 δυνεύειν
2437 3073 2452 3088 ·
2486 3056 2581 3111 ἐὰν
2603 3057 2660 3110 δὲ
2691 3059 2748 3112 ἐν
2777 3058 2926 3140 μέσῳ
2955 3059 3034 3130 τῷ
3050 3059 3277 3130 πελάγει
3303 3061 3364 3115 τὸ
3388 3062 3596 3132 σκάφος
3622 3065 3762 3117 ἀπο-

2097 3129 2138 3186 C
2177 3147 2436 3213 λάϐωσιν,
2470 3148 2677 3218 ὲφόδιον
2706 3129 2922 3220 ἔχοντες
2951 3129 3049 3223 τῆν
3081 3152 3190 3204 τῶν
3217 3129 3601 3226 βοηθησόντων
3629 3156 3762 3227 ἐρη-

2179 3241 2331 3312 μίαν,
2359 3242 2539 3296 πάντα
2573 3243 2804 3308 κινοῦσι,
2834 3245 2929 3298 καὶ
2971 3247 3316 3317 στρέφουσιν,
3352 3245 3449 3302 καὶ
3490 3247 3551 3302 ού
3611 3251 3761 3321 πρό-

2174 3349 2333 3402 τερον
2357 3332 2708 3401 ἀφίστανται,
2733 3333 2836 3398 ἕως
2869 3333 2934 3388 ἂν
2963 3336 2995 3406 ἦ
3033 3337 3375 3391 καταδύσωσι
3398 3339 3524 3397 τοὺς
3552 3338 3759 3411 ἐμπλέ-

2174 3424 2413 3494 οντας,ἦ
2449 3423 2605 3478 τοῦτο
2641 3425 2888 3480 πάθωσιν
2918 3425 3072 3484 αὐτοί
3109 3445 3124 3458 ⁶
3165 3429 3336 3492 οὕτως
3363 3431 3458 3484 καὶ
3507 3433 3535 3484 6
3584 3431 3760 3496 δεινὸς

2172 3516 2272 3586 τῆς
2297 3517 2489 3586 ἡδονῆς
2517 3518 2820 3588 πειρασμὸς
2841 3519 2916 3589 τῷ
2942 3521 3312 3592 προῃρημένῳ
3333 3523 3432 3593 τὴν
3462 3523 3760 3601 παρθενίαν

2175 3606 2351 3684 πολὺν.
2376 3606 2570 3675 ἐπάγει
2600 3608 2689 3660 τὸν
2731 3608 2996 3678 χειμῶνα,
3040 3610 3134 3662 καὶ
3163 3609 3402 3679 χαλεπὴν
3430 3612 3528 3683 τὴν
3564 3602 3757 3682 ζάλην.

2173 3701 2266 3751 καὶ
2292 3700 2600 3770 ἀφορήτους
2629 3700 2727 3762 τὰς
2752 3699 3066 3771 τρικυμίας,
3100 3703 3275 3754 πάντα
3300 3704 3410 3756 ἄνω
3457 3703 3551 3757 καὶ
3608 3706 3761 3758 κάτω

2174 3789 2361 3853 κινῶν,
2383 3790 2524 3842 ὥστε
2547 3793 2610 3861 τῇ
2638 3789 2727 3860 βίᾳ
2755 3789 2848 3841 καὶ
2878 3792 2942 3858 τῇ
2967 3787 3114 3858 ῥύμῃ
3145 3789 3505 3859 περιστρέψαι
3532 3792 3595 3844 τὸ
3623 3792 3760 3846 σκά-

2176 3900 2294 3950 φος.
2329 3883 2568 3936 Ἤκουσε
2597 3882 2726 3952 γὰρ,
2755 3883 2836 3934 ὅτι
2873 3883 2900 3933 ὁ
2937 3879 3169 3951 μοναχὺς
3207 3882 3307 3934 οὐκ
3344 3880 3456 3951 ἔχει
3507 3883 3760 3948 ἐξουσίαν

2174 3975 2447 4044 γαμῆσαι,
2490 3975 2583 4027 καὶ
2624 3972 2874 4043 καθάπερ
2913 3971 3092 4041 λιμένι
3135 3972 3640 4052 ἐγκαθορμισθῆναι
3689 3979 3756 4046 τῇ

2107 4104 2110 4108 -
2176 4068 2369 4138 χρήσει
2391 4069 2491 4137 τῆς
2537 4064 2757 4137 μίξεως,
2786 4065 2900 4148 ἀλλ’
2933 4064 3148 4134 ἀνάγκη
3194 4063 3260 4117 δι’
3304 4065 3428 4118 ὅλου
3478 4066 3777 4131 παλαίειν,¹

2176 4160 2272 4213 καὶ
2305 4157 2573 4232 μάχεσθαι
2601 4158 2736 4229 πρὸς
2758 4157 2884 4220 τοὺς
2899 4159 3020 4218 ταῖς
3046 4157 3402 4226 ἡδυπαθείαις
3437 4157 3536 4228 τὴν
3574 4157 3757 4229 ψυχὴν

2176 4251 2516 4324 ἐρεθίζοντας
2544 4251 2822 4322 δαίμονας.
2854 4251 2946 4322 Μὴ
2983 4244 3076 4315 οὖν
3110 4248 3444 4321 ξενιζώμεθα
3486 4250 3760 4322 πολεμού-

2179 4361 2349 4414 μενοι,
2407 4344 2540 4415 μηδὲ
2565 4345 2938 4414 ἀποκάμωμεν
3004 4341 3141 4413 πρὸς
3191 4343 3290 4410 τὴν
3327 4345 3524 4412 μάχην,
3556 4343 3754 4412 ἔχομεν

2103 4448 2147 4502 ι)
2176 4437 2282 4507 γὰρ
2325 4437 2498 4505 μέγαν
2522 4435 2933 4507 ὑπερασπιστὴν
2959 4435 3019 4487 τὸ
3050 4433 3312 4502 πανάγιον
3343 4434 3588 4504 Πνεῦμα,
3606 4435 3674 4487 δι’
3693 4429 3753 4488 οὗ

489 4488 728 4542 animum
790 4489 1250 4558 despondeamus.
1308 4491 1585 4548 Ilabemus
1634 4495 1778 4548 enim
1813 4511 2070 4566 magnum

2184 4488 2514 4599 iu‘iqddpsea
2572 4488 2749 4582 πάντα
2789 4488 2904 4582 τοῦ⁸
2943 4488 3216 4580 διαϐόλου.
3240 4524 3310 4578 τὰ
3359 4488 3751 4596 πεπυρωμένα

485 4581 840 4638 defensorem
889 4595 952 4635 ac
983 4582 1258 4640 vindicem
1319 4582 1589 4657 Spiritum
1649 4600 1921 4652 sanetum,
1978 4604 2075 4657 per

485 4686 649 4742 quem
681 4671 988 4742 poterimus
1034 4675 1243 4730 diaboli
1293 4679 1478 4733 omnia
1517 4679 1884 4736 obscenarum
1919 4680 2074 4748 cupi-

485 4764 717 4819 ditatum
756 4765 927 4834 ignita
964 4766 1170 4836 jaeula,
1215 4777 1271 4823 et
1319 4771 1505 4824 carnis
1563 4769 1761 4838 facem,
1787 4781 1842 4827 et
1879 4770 2077 4826 incita-

485 4862 734 4909 mentum
766 4851 1032 4910 faciiiimo
1057 4856 1282 4926 negotio
1305 4859 1681 4931 exstinguere.

697 4964 977 5021 CCXXIII.
1016 4999 1086 5010 -—
1112 4967 1448 5029 SELEUCIO
1478 4972 1805 5034 DIACONO.

553 5057 689 5112 Cum
728 5068 965 5129 quatuor
998 5059 1140 5116 inter
1191 5063 1329 5120 alias
1363 5065 1596 5136 virtutes
1629 5071 1865 5139 primum
1897 5074 2072 5130 locum

484 5148 802 5216 obtineant,
846 5152 1177 5222 prudentia,
1245 5155 1544 5226 fortitudo,
1609 5166 1969 5232 temperantia
2024 5143 2078 5220 et

481 5240 698 5307 justitia
770 5259 786 5306 ;
857 5251 1149 5314 propterea
1213 5255 1266 5301 et
1327 5248 1582 5307 diabolus
1637 5261 1878 5322 quatuor
1925 5256 2072 5311 vitiis

486 5333 656 5387 multa
693 5334 795 5387 alia
821 5335 874 5389 in
906 5351 966 5392 se
998 5339 1435 5403 continentibus,
1473 5343 1542 5397 ad
1569 5344 1653 5398 sui
1716 5345 1892 5414 ipsius
1941 5362 2068 5417 pro—

485 5425 870 5494 pugnationem
902 5429 1096 5482 utitur.
1127 5428 1191 5482 Et
1221 5429 1370 5494 audi,
1408 5432 1538 5500 quid
1590 5433 1738 5491 dicat
1767 5437 2064 5495 Zacharias

483 5517 744 5587 propheta
787 5529 1022 5588 quatuor
1063 5515 1322 5579 cornibus
1401 5523 1678 5588 suifultam
1719 5528 1936 5586 Satanae
1972 5545 2066 5600 po-

580 5685 624 5759 ‘f
654 5686 816 5746 Prov.
854 5707 928 5759 Ix,
962 5692 1048 5746 I2.

1150 5696 1189 5726 ιτ
1221 5695 1426 5753 Coloss.
1489 5713 1526 5762 ι,
1567 5697 1646 5752 i0.

481 5769 554 5820 tv,
596 5756 646 5811 9.

1757 5700 1798 5731 ¹³
1821 5701 1937 5756 Act.
1975 5717 2102 5766 xvu,
2166 5703 2256 5754 ‘28.

2172 4619 2304 4692 βέλη
2327 4609 2436 4672 τῶν
2464 4620 2700 4691 αἰσχρῶν
2729 4619 3033 4691 ἐπιθυμιῶν
3059 4619 3151 4672 καὶ
3182 4617 3292 4672 τῶν
3315 4617 3754 4687 ὑπεκκαυμάτων

2172 4711 2270 4782 τῆς
2306 4709 2512 4782 σαρκὸς
2551 4710 2749 4782 ῥᾳδίως
2781 4710 2989 4764 σὸἐσαι.
3020 4738 3028 4748 -

2461 4975 2628 5031 zxr'.
2652 5006 2721 5016 -
2747 4973 3093 5045 arma:er
3150 4975 3474 5048 ΔΙΑΚΟΝῼ.

2263 5065 2481 5137 Ἐπειδὴ
2501 5067 2766 5134 τέσσαρες
2800 5064 3136 5134 ὑπάρχουσιν
3161 5066 3353 5134 ἀρεταὶ
3373 5061 3755 5133 γενικώταται,

2178 5161 2460 5231 φρόνησις,
2499 5157 2742 5226 ἀνδρεία,
2799 5155 3144 5225 σωφροσύνη,
3199 5155 3534 5224 δικαιοσύνη,
3563 5153 3756 5208 τούτου

2177 5260 2338 5330 χάριν
2367 5259 2462 5312 καὶ
2485 5259 2518 5330 6
2542 5254 2787 5318 διάϐολος
2822 5254 3116 5325 τέσσαρσιν
3151 5255 3370 5316 κακίαις
3397 5267 3762 5325 περιεκτικω-

2175 5350 2368 5413 τάταις
2391 5325 2600 5402 πολλῶν
2631 5345 2840 5400 κακιῶν
2894 5345 3030 5416 πρὸς
3082 5346 3294 5416 ἄμυναν
3336 5346 3620 5417 κέχρηται.
3649 5348 3761 5398 Καὶ

2178 5441 2429 5509 ἄκουσον,
2462 5440 2514 5492 τί
2541 5439 2690 5508 λέγει
2723 5439 2997 5509 Ζαχαρίας
3024 5437 3052 5489 ὁ
3101 5437 3404 5508 προφήτης,
3432 5439 3532 5506 τὴν
3565 5453 3760 5508 τετρα-

2180 5533 2410 5602 κέρατον
2437 5530 2529 5586 τοῦ
2558 5531 2769 5584 Σατανᾶ
2801 5529 3134 5600 θεασάμενος
3153 5528 3400 5598 δύναμιν·
3431 5524 3610 5598 (Ἦρα
3634 5531 3763 5593 τοὺς

2357 5705 2398 5734 ¹⁹
2436 5703 2580 5758 Paul.
2611 5719 2720 5767 xu,
2764 5705 2814 5756 Ιι.

2930 5703 2974 5733 ’τ’
3004 5701 3146 5755 Ρδῖιὶ.
3209 5717 3259 5763 v,
3315 5702 3400 5754 15.
3514 5703 3762 5761 “Prov,
