3984 6150
309 343 416 410 169

1566 355 2096 416 EPISTOLARUM
2135 354 2281 413 LIB.
2312 353 2363 415 I.

3470 359 3570 424 1Ἰο

306 461 488 532 κρῦων
513 461 735 528 γέγονεν
766 463 797 531 ἡ
829 462 970 532 ὑγρᾶ
998 465 1174 526 obsta,
1210 467 1616 536 παρερχόμενός
1649 485 1734 530 τις
1764 467 1874 519 τῶν

1991 480 2252 534 superque
2309 463 2706 532 illacrymatam
2745 465 2937 530 fuisse,
2973 475 3027 520 et
3080 483 3141 521 ex
3183 467 3328 523 illius
3387 471 3568 544 laery-

307 552 589 621 ἡμετέρων
633 552 896 620 ἀδελφῶν,
958 553 1206 624 ἠρώτησέ
1262 573 1342 618 σε,
1386 558 1440 609 εῖ
1467 574 1530 625 γε
1577 557 1755 610 πάντα
1779 559 1875 610 καὶ

306 647 374 700 τὰ
404 644 640 715 ἁλμυρὰ,
678 648 773 714 καὶ
808 649 876 700 τὰ
913 647 1115 714 γλυκέα
1165 648 1331 702 ὕδατα
1365 651 1427 702 ἐκ
1476 650 1584 701 τῶν
1623 649 1875 719 δακρύων

307 739 405 806 τῆς
429 733 682 806 ’Λχαμὼθ
712 736 942 806 ὑπέστη·
977 737 1042 789 σὺ
1066 737 1110 790 δ’
1131 739 1412 809 ἀπορήσας
1437 741 1630 800 εἰπεῖν,
1650 739 1876 810 διωρίαν

310 827 599 896 ἐξῄτησας,
632 829 726 879 καὶ
769 827 930 896 μέχρι
975 824 1070 879 νῦν
1106 829 1388 898 προελθεῖν
1427 831 1526 882 οὐκ
1551 829 1875 900 ἐτόλμησας,

313 917 385 986 μὴ
413 916 551 985 ἔχων
577 916 758 968 δοῦναι
790 917 964 984 λόγον.
989 917 1182 986 Ἡμεῖς
1207 918 1264 971 δὲ
1283 919 1632 986 γελάσαντες,
1657 919 1878 988 ψεῦσμα

308 1007 386 1076 τῷ
407 1007 614 1076 ψεύστῃ
639 1006 842 1074 γελοῖον
881 1007 1250 1077 φθεγξόμεθα,
1311 1009 1447 1080 πρὸς
1474 1009 1534 1062 τὸ
1560 1009 1882 1079 παραμυθή-

310 1098 508 1151 σασθαι
536 1099 634 1166 τὴν
659 1098 892 1168 ἀπορίαν
913 1099 1106 1151 αὑτοῦ·
1142 1102 1311 1170 ἐχρῆν
1335 1101 1443 1170 γάρ
1479 1117 1536 1151 σε
1573 1100 1881 1168 ἀπαντῆσαι

310 1189 558 1256 λέγοντα,
591 1189 672 1241 ὅτι
703 1190 772 1242 τά
803 1191 899 1258 μὲν
929 1190 1101 1261 πικρά
1123 1192 1223 1260 τῆς
1247 1191 1594 1262 ἀνυπάρκτου
1628 1191 1881 1261 Ἀχαμὼο

311 1279 538 1350 δάκρυα,
587 1280 686 1343 τὰς
732 1279 980 1350 ἀλμυρὰς
1041 1279 1315 1337 Θαλάσσας
1367 1283 1670 1351 ὑπέστησεν
1711 1283 1785 1344 ὡς
1825 1281 1885 1346 ἐξ

291 1365 502 1440 ξόδύνης
562 1373 654 1424 καὶ
703 1371 1016 1443 δριμυγμοῦ
1078 1371 1264 1425 ἱκανοῦ
1317 1374 1666 1444 προχεθέντα.
1713 1376 1771 1427 Ὀ
1829 1375 1885 1428 δὲ

316 1464 474 1535 ἱδρὼς
499 1465 598 1534 τῆς
627 1463 974 1535 ταλαιπώρου
1011 1463 1272 1534 γυναικὸς
1311 1465 1496 1534 πηγὰς
1533 1464 1882 1535 ἑξηρεύξατο,

308 1557 406 1607 καὶ
441 1557 739 1624 ποταμοὺς,
795 1557 888 1610 καὶ
937 1557 1170 1626 φρέατα,
1217 1556 1414 1626 λίμνας
1442 1572 1502 1608 τε
1549 1557 1732 1610 καὶτὰ
1759 1555 1886 1626 ἑξῆς

309 1647 534 1716 γλυκέα.
560 1648 746 1702 Ταῦτα
781 1651 918 1721 πρὸς
974 1649 1064 1702 τὸν
1128 1649 1220 1702 σὸν
1250 1650 1412 1720 λῆρον
1452 1648 1754 1716 γελοιωδῶς
1799 1649 1887 1701 λέ-

309 1755 499 1807 γομεν.

628 1917 789 1971 mea
817 1946 885 1956 —
919 1917 1204 1988 armato
1245 1919 1568 1989 MAKONQ.

383 2007 564 2060 nam
613 2011 640 2060 ὁ
679 2007 810 2070 Θεὸς
831 2008 1133 2078 λεληθότως
1175 2008 1466 2079 ἐργάζεται
1500 2010 1630 2078 πρὸς
1664 2009 1726 2062 τὸ
1749 2025 1886 2078 συμ-

311 2098 476 2168 φέρον
500 2101 656 2167 ἡμῖν,
687 2097 792 2150 κᾶν
851 2096 1152 2166 σκυθρωπὰ
1201 2096 1334 2166 δοκῇ
1361 2097 1430 2148 τὰ
1491 2098 1885 2166 συμπίπτοντα.

319 2188 519 2258 Ἡμεῖς
553 2189 607 2241 δὲ
642 2187 731 2241 τὸν
776 2186 934 2256 λόγον
997 2187 1105 2240 τῶν
1166 2189 1585 2256 συμπτωμάτων
1623 2189 1683 2240 οὗ
1733 2188 1890 2241 πολυ-

309 2277 742 2348 πραγμονοῦμεν
797 2277 872 2338 ὡς
898 2275 1080 2328 πιστοὶ
1137 2276 1232 2328 καὶ
1275 2277 1486 2346 γνήσιοι
1521 2277 1743 2330 οἰκέται.
1794 2279 1887 2330 Ἐν

308 2371 424 2437 γὰρ
481 2369 644 2438 μόνον
699 2369 810 2454 χρη
862 2367 1175 2430 πεπεῖσθαι,
1235 2369 1316 2421 ὅτι
1364 2369 1766 2438 συμφερόντως.
1797 2369 1888 2422 κοιλ¹

305 2459 616 2530 ὠφελίμως
650 2461 780 2528 ἡμῖν
809 2458 1020 2512 ἅπαντα
1075 2460 1394 2532 ἐπιφέρεται
1446 2461 1595 2532 παρά
1633 2459 1723 2513 τοῦ
1754 2479 1884 2530 προ-

309 2549 513 2618 νοητοῦ
549 2549 656 2602 τῶν
693 2551 976 2620 ἡμετέρων
1023 2551 1230 2620 ψυχῶν,
1265 2553 1356 2605 τὸν
1379 2551 1439 2604 δὲ
1460 2553 1660 2622 τρόπον
1687 2553 1886 2623 μηκέτι

307 2640 518 2709 ζητεῖν,
542 2642 680 2710 μήτε
707 2641 1033 2709 ἀγνοοῦντας
1061 2643 1368 2714 ἀσχάλλειν,
1404 2645 1500 2698 καὶ
1523 2644 1772 2714 ἀθυμεῖν·
1792 2645 1882 2697 οὒς

307 2729 366 2780 δὲ
390 2729 497 2800 γὰρ
529 2729 795 2783 λυσιτελεῖ
821 2731 882 2783 τὺ
927 2731 1273 2799 ἐπίστασθαι,
1305 2735 1366 2786 τὸ
1406 2734 1505 2804 μὲν
1549 2734 1638 2788 διὰ
1665 2733 1726 2786 τὸ
1753 2731 1885 2804 0w;-

309 2823 439 2884 τοὺς
465 2817 627 2880 εἶναι,
674 2819 734 2872 τὸ
765 2821 820 2873 δὲ
852 2821 938 2874 διὰ
965 2821 1024 2874 τὸ
1056 2824 1292 2886 εὐκόλως
1339 2825 1474 2894 πρὸς
1507 2825 1676 2892 τῦφον
1713 2824 1883 2894 ἡμᾶς,

311 2915 404 2969 καὶ
440 2913 700 2966 ἀπόνοιαν
730 2911 1000 2982 αἴρεσθαι.

599 3003 778 3068 Σειπομ.
809 3031 876 3041 -
897 3003 1189 3074 summa
1220 3005 1583 3078 ΣΧοΑΑΡιῼ.

383 3095 447 3146 Εἰ
473 3093 543 3146 τὰ
571 3093 644 3162 μὴ
675 3092 803 3144 ὄντα
839 3095 985 3144 ποιεῖ
1035 3093 1286 3160 γενέσθαι
1321 3095 1471 3160 Θεὸς,
1504 3100 1739 3168 καὶτοῖς
1771 3121 1875 3175 μη-

308 3183 377 3236 δα
384 3183 482 3252 μοῦ
511 3182 650 3251 μηδα
660 3181 771 3250 μῶς
789 3181 1132 3250 φαινομένοις
1147 3200 1214 3251 χα
1223 3200 1252 3250 ρ
1261 3183 1425 3246 ἕζεται
1445 3185 1505 3237 τὸ
1516 3181 1672 3254 εἶναι,
1704 3191 1884 3263 πολλῷ

313 3273 512 3343 μᾶλλον
539 3273 608 3326 τὰ
624 3273 755 3324 ὄντα
781 3271 1189 3342 ἀνορθώσασθαι
1217 3264 1458 3328 δυναται.

788 3369 950 3420 ΣΛΖ’.
981 3398 1034 3408 -
1082 3369 1166 3434 Τῷ
1207 3370 1386 3436 αὐτῷ.

391 3461 449 3512 '0
485 3459 560 3530 μὴ
609 3459 921 3529 προσδοκῶν
959 3459 1185 3522 εὐθύνας
1229 3462 1442 3530 ὑφέξειν
1479 3463 1589 3516 τῶν
1629 3479 1882 3536 πεπραγ-

311 3550 489 3619 μένων
517 3547 684 3618 αυτῷ,
709 3549 924 3612 πάντως
959 3551 1138 3620 πάσης
1161 3553 1358 3616 κακίας
1397 3555 1703 3622 ἀνθέξεται.

817 3641 986 3692 ΣΛΞΡ.
1011 3670 1073 3680 -
1106 3639 1190 3706 Τῷ
1231 3644 1408 3709 αὐτῷ.

391 3729 447 3783 '0
495 3729 697 3800 Κύριος
718 3731 874 3800 ἡμῶν
913 3731 1120 3800 Ἰησοῦς
1152 3735 1382 3804 Χριστος
1408 3739 1470 3808 τῇ
1511 3739 1762 3810 πτωχείᾳ
1787 3741 1881 3792 τὸν

309 3819 658 3890 μακαρισμὸν
689 3821 1084 3891 ἀπεκλήρωσεν
1111 3837 1124 3851 ⁸
1160 3825 1294 3894 μόνη
1325 3827 1432 3896 γὰρ
1467 3827 1606 3896 αῦτη
1636 3824 1745 3881 οἵδε
1779 3846 1876 3900 τη-

309 3913 425 3979 ρεῖν
463 3911 530 3962 τὰ
559 3911 728 3980 μέτρα
771 3915 869 3982 τῆς
916 3913 1262 3984 ἀνθρωπίνης
1298 3917 1692 3988 ταλαιπωρίας,
1737 3925 1882 3989 μισεῖ

305 4001 407 4054 τὸν
459 4001 642 4069 ἧγκον,
701 4005 976 4058 συστέλλει
1008 4006 1070 4058 τὸ
1125 4007 1398 4078 φρόνημα,
1447 4012 1692 4062 ταπεινοῖ
1729 4011 1878 4080 λογιο

305 4093 507 4158 σμοὺς,
531 4092 932 4162 ὑπερηφάνειαν
950 4095 1288 4166 αἰσχύνεται,
1307 4098 1494 4168 βλέπει
1524 4099 1618 4150 τοῦ
1657 4101 1768 4170 βίου
1792 4101 1880 4154 τδν

309 4182 624 4252 ἄνθρωπον,
684 4186 773 4238 καὶ
830 4185 1008 4238 πείθει
1038 4185 1243 4251 λαϐεῖν,
1297 4189 1390 4240 ἶνα
1427 4191 1500 4260 μὴ
1526 4190 1666 4263 λάθῃ
1709 4191 1879 4256 σωζό-

304 4289 490 4342 μενος.

517 4366 679 4420 ΣΛΘ¹.
705 4399 770 4408 --
790 4368 1145 4440 ΣΩΣᾹΝΔΡῼ
1197 4371 1699 4446 ΠΡΙΜΙΣΚΡΙΝΙῼ.

375 4455 586 4526 Ὥσπερ
629 4457 988 4521 ἀδιαλείπτως
1018 4458 1359 4530 ἀναπνέομεν
1390 4461 1484 4516 τδν
1512 4464 1668 4532 ἀέρα,
1702 4464 1873 4530 οὕτως
1908 4483 1953 4538 D

298 4543 662 4611 ἀδιαλείπτως
711 4549 1000 4619 ὀφείλομεν
1053 4551 1144 4604 τὸν
1183 4551 1386 4622 Κύριον
1449 4557 1621 4607 αἰνεῖν
1681 4573 1740 4609 τε
1783 4559 1876 4610 καὶ

299 4639 509 4702 ὑμνεῖν,
535 4637 638 4690 κᾶν
671 4639 728 4691 ὲν
753 4639 903 4710 μέσῳ
923 4643 1262 4714 πραγμάτων
1287 4645 1672 4716 στρεφώμεῦα.
1709 4645 1878 4700 Δύνα-

293 4741 389 4778 ται
441 4728 550 4796 γὰρ
601 4732 628 4782 ὁ
687 4731 968 4800 φρόνιμος,
1024 4735 1117 4786 καὶ
1149 4721 1399 4804 θεοφιλῆς
1449 4736 1574 4799 νοῦς
1611 4736 1874 4808 διηκενῶς

297 4819 523 4887 μνήμην
555 4819 749 4884 σώζειν
779 4823 873 4876 τοῦ
927 4825 1242 4889 κτίσαντος.
1275 4846 1292 4876 ι
1345 4827 1653 4899 Ἐμνήσθην
1698 4829 1826 4900 γὰρ,
1851 4850 1868 4881 ι

294 4908 462 4976 φησὶν
493 4911 522 4961 ὁ
555 4912 738 4974 Δαυῖδ,
771 4932 789 4965 ι
811 4915 905 4968 τοῦ
941 4915 1099 4980 Θεοῦ,
1130 4920 1220 4970 καὶ
1247 4919 1582 4990 ηὐφράνθην.
1615 4939 1633 4971 ι
1674 4923 1736 4974 Εἰ
1764 4923 1874 4975 τοί-

290 5013 390 5051 νυν
417 5001 450 5068 ή
489 5001 582 5053 τοῦ
606 5005 874 5058 Δεσπὸτου
919 5009 1104 5078 μνήμη
1133 5009 1470 5080 εὐφροσύνην
1509 5013 1730 5080 ἐμποιεῖ
1753 5017 1873 5078 ταῖς

289 5091 594 5161 ἡμετέραις
618 5094 838 5164 ψυχαῖς,
880 5097 954 5170 μὴ
987 5105 1224 5172 κατοκνή
1237 5119 1416 5172 εωμεν
1444 5102 1739 5158 ἀπολαύειν
1771 5106 1870 5176 τῆς

291 5184 518 5254 μνήμης
563 5185 658 5238 τοῦ
689 5187 845 5242 Θεοῦ.

805 5282 935 5338 ΣΜ’.
965 5313 1033 5325 ---
1062 5283 1145 5349 Τῷ
1177 5286 1356 5350 αὐτῷ.

368 5389 387 5418 ι
425 5373 636 5424 Δίνεῖτε
664 5373 848 5438 αὐτὸν,
887 5377 1071 5446 φησὶν,
1104 5366 1160 5428 ἐν
1184 5378 1418 5446 χορδαῖς,
1453 5378 1546 5431 καὶ
1572 5379 1806 5450 ὀργάνῳ.
1845 5399 1865 5433 ι

286 5459 502 5533 Χορδαὶ
551 5463 772 5526 πλείους
809 5467 1084 5536 ἁρμονίως
1135 5469 1558 5538 συντεθειμέναι,
1596 5472 1690 5524 καὶ
1736 5489 1868 5540 μου·

293 5552 466 5616 σικῶς
498 5554 703 5627 ἑκάστη
759 5558 816 5608 ὲν
849 5557 1022 5629 οἰκείᾳ
1051 5559 1206 5630 χώρα
1235 5561 1564 5631 τεταγμένη,
1597 5563 1651 5614 αἱ
1678 5563 1868 5616 πολλαί

369 5723 415 5752 ²’
467 5730 659 5786 Matth.
699 5750 749 5797 ν,
781 5735 832 5789 5.
909 5737 1117 5793 δορςςιι.
1165 5757 1344 5806 Lurt,
1387 5744 1436 5796 4.
1517 5745 1554 5775 3’-
1588 5743 1732 5796 Psal.
1770 5745 1932 5807 CL,/t.

627 5825 894 5887 Pnnoc.
941 5831 1055 5890 Gn.
1111 5833 1208 5891 LX
1223 5834 1274 5892 Χ
1290 5835 1396 5896 EX.

1978 555 2084 609 mis
2165 556 2478 611 universam

1979 647 2244 712 duxisse;
2275 648 2515 713 interim,
2565 648 2693 702 dum
2721 651 2994 718 quispiam
3050 667 3112 707 ex
3143 653 3350 708 nostris
3381 656 3570 709 fratri-

2590 571 2854 626 aquarum
2942 559 3300 613 substantiam
3386 573 3566 618 ortum

1981 737 2083 790 bus
2137 738 2690 806 praetergrcderetur,
2747 741 3044 806 postulavit
3098 757 3126 793 a
3189 751 3272 806 te,
3323 759 3390 797 an
3447 760 3567 798 om-

1982 843 2078 881 nes
2093 829 2250 882 salsa:
2265 837 2320 882 et
2337 829 2524 883 dulces
2548 844 2699 899 aqua:
2715 846 2780 884 ex
2803 831 3102 886 Achamoth
3119 834 3375 904 lacrymis
3391 838 3569 892 corri-

1980 929 2120 973 ινδιξ
2153 920 2261 974 sint
2288 921 2312 973 ?
2339 920 2391 972 Id
2424 935 2548 974 cum
2581 923 2878 988 uescisses,
2904 931 3120 994 tempus
3137 927 3203 981 ad
3231 929 3568 998 responden—

1983 1009 2112 1064 dum
2147 1013 2380 1082 petiisti,
2417 1021 2471 1065 et
2529 1015 2838 1084 usquedum
2896 1019 3194 1086 procedere
3233 1037 3342 1076 non
3394 1024 3566 1078 audes

1985 1117 2108 1156 cunt
2135 1104 2348 1159 ratione
2367 1105 2707 1162 destituaris.
2735 1107 3120 1165 Verumtamen
3141 1127 3243 1167 nos
3268 1114 3380 1167 risu
3399 1115 3564 1178 edito,

1989 1194 2336 1249 mendacium
2371 1197 2642 1263 mendaci,
2677 1199 2771 1253 sed
2799 1199 3112 1264 ridiculum,
3144 1204 3209 1256 ad
3243 1205 3388 1259 illius
3409 1206 3566 1274 adju-

1985 1285 2216 1338 vandam
2239 1286 2636 1342 haesitationem
2662 1289 2715 1342 in
2745 1291 2980 1345 medium
3014 1292 3375 1360 proferamus.
3401 1294 3567 1348 Nant-

1985 1390 2092 1444 que
2135 1378 2574 1443 respondendum
2611 1381 2706 1433 tibi
2758 1391 2878 1436 erat
2907 1397 3122 1437 amaras
3155 1399 3277 1454 qua:
3305 1385 3452 1438 nulla
3484 1398 3566 1441 est

1986 1467 2288 1521 Achamotlt
2313 1469 2428 1539 88
2455 1469 2722 1541 lacrymas
2767 1474 2912 1528 salsa
2946 1475 3119 1528 maria
3153 1491 3562 1545 progenerasse,

1989 1567 2249 1628 tanquam
2281 1576 2403 1630 quae
2431 1578 2496 1616 ex
2527 1565 2716 1618 dolore
2747 1574 2803 1619 et
2835 1567 3172 1624 laceratione
3203 1569 3390 1624 eﬂusae
3412 1580 3562 1625 sunt.

1991 1651 2096 1707 Sed
2129 1653 2382 1708 sudorem
2412 1656 2557 1711 illius
2596 1659 2819 1712 misellae
2843 1659 3111 1726 mulieris,
3141 1660 3342 1727 fontes,
3377 1673 3431 1718 et
3464 1662 3567 1718 ﬁu-

1993 1744 2203 1807 vios,et
2223 1756 2439 1814 puteos,
2471 1756 2523 1801 et
2543 1750 2713 1814 lacus,
2733 1751 3036 1821 etreliquas
3054 1752 3241 1808 dulces
3263 1770 3433 1825 aquas
3448 1772 3568 1810 eru-

1917 1829 1959 1882 Β
1989 1843 2191 1890 classe.
2225 1835 2349 1891 Haec
2382 1840 2446 1892 ad
2484 1849 2604 1893 tuas
2631 1842 2862 1912 ineptias
2893 1858 3001 1898 non
3035 1845 3153 1900 sine
3186 1847 3294 1901 risu
3309 1847 3566 1906 dicimus.

2223 1944 2526 2002 ccxxxv.
2558 1982 2626 1990 —
2657 1934 2952 2008 EUSEBIO
2988 1955 3308 2014 DlACONO.

2059 2034 2326 2108 Pleraque
2353 2039 2496 2096 Deus
2558 2043 2786 2099 latenter
2815 2047 2882 2100 ad
2946 2050 3238 2105 utilitatem
3295 2064 3563 2119 nostram,

1991 2125 2120 2180 licet
2177 2130 2360 2183 tristia
2411 2148 2530 2201 qum
2581 2139 3223 2206 oceurruutvideantur,
3281 2155 3565 2214 operatur.

1990 2215 2100 2271 Nos
2131 2235 2257 2273 vero
2291 2231 2582 2276 eventuum
2633 2242 2856 2293 causas,
2890 2233 3050 2284 veluti
3083 2233 3272 2289 ﬁdeles
3301 2251 3366 2290 ac
3423 2239 3568 2293 servi

1989 2311 2258 2376 germani,
2293 2312 2568 2368 curiosius
2624 2332 2730 2369 non
2773 2319 3160 2384 disquirimus.
3204 2323 3334 2378 Nam
3398 2343 3566 2382 unum

1992 2407 2204 2452 tantum
2275 2401 2613 2458 credendum
2657 2407 2820 2463 nobis
2857 2419 2963 2476 est,
3017 2428 3361 2486 qumcunque
3409 2418 3570 2474 nobis

1991 2487 2310 2555 adveniunt,
2338 2493 2521 2548 omnia
2583 2499 2798 2553 utiliter
2833 2516 2898 2555 ac
2936 2505 3358 2562 conducibiliter
3395 2524 3425 2563 a
3467 2526 3564 2565 no-

1989 2589 2226 2634 strarum
2261 2583 2566 2640 animarum
2603 2603 2854 2647 curatore
2877 2597 3184 2664 provenire.
3219 2596 3326 2653 Nec
3373 2603 3566 2657 modus

1990 2673 2136 2726 ultra
2173 2676 2502 2743 quaerendus
2532 2688 2638 2744 est,
2699 2699 2899 2752 neque,
2938 2687 2983 2740 si
3016 2687 3167 2742 illum
3221 2692 3563 2760 nesciamus,

1989 2764 2113 2834 angi
2152 2765 2510 2837 indolereque
2541 2772 2769 2840 animo;
2802 2776 2949 2832 illius
3015 2779 3160 2833 enim
3213 2783 3440 2837 scientia
3481 2786 3565 2840 ni-

1990 2853 2066 2907 hil
2094 2856 2372 2921 conducit,
2410 2865 2524 2914 tum
2556 2863 2702 2930 quod
2733 2868 2995 2923 mortales
3025 2885 3237 2934 sumus,
3265 2883 3376 2927 tum
3418 2877 3564 2944 quod

1990 2945 2150 3001 facile
2181 2949 2438 3016 superbia
2471 2966 2533 3003 ac
2555 2951 2824 3019 jactantia
2861 2957 3133 3014 inllamur.

2165 3033 2569 3089 CCXXXVI.~—-
2597 3038 2936 3096 SOPHIANO
2969 3045 3379 3108 SCHOLARiO.

2061 3121 2117 3178 Si
2147 3140 2210 3179 ea
2238 3143 2358 3195 quae
2401 3143 2509 3181 non
2555 3141 2702 3195 sunt,
2744 3131 2872 3186 facit
2914 3145 2974 3188 ut
3003 3136 3153 3204 lianl,
3187 3140 3346 3210 Deus,
3380 3156 3434 3202 et
3473 3149 3558 3216 iis,

1987 3212 2080 3284 qui
2137 3217 2285 3269 nulla
2348 3219 2600 3288 nuspiam
2658 3233 2945 3292 apparent,
2980 3236 3039 3280 ut
3088 3231 3222 3296 sint,
3270 3212 3558 3308 elargitur,

1985 3305 2158 3360 multo
2189 3307 2383 3364 melius
2417 3325 2478 3364 ea
2505 3327 2627 3380 quae
2655 3322 2804 3378 sunt,
2841 3317 3130 3374 sublevare
3159 3328 3382 3392 poterit.

2436 3401 2859 3475 ccxxxvu.-—
2887 3405 3095 3464 Eidem.

2054 3486 2155 3554 Qui
2194 3505 2300 3543 non
2343 3501 2623 3563 exspectat
2655 3511 2833 3551 rerum
2867 3513 2898 3553 a
2941 3516 3000 3555 se
3038 3514 3314 3572 gestarum
3350 3525 3558 3578 poenas,

1984 3593 2068 3632 ita:
2101 3580 2194 3634 ille
2233 3581 2548 3638 universam
2587 3586 2994 3656 improbitatem
3023 3597 3408 3670 amplectetur.

2340 3674 2452 3744 39
2484 3674 2859 3734 ccxxxvtn.
2895 3713 2968 3724 μ.-
3007 3685 3212 3742 Eidem.

2057 3759 2324 3818 Dominus
2360 3775 2546 3819 noster
2575 3766 2736 3825 Jesus
2767 3773 3023 3831 Christus
3047 3783 3354 3847 paupertati
3385 3783 3556 3836 beati-

1983 3847 2224 3904 tudinem
2267 3853 2598 3909 attribuit".
2633 3855 2759 3910 Sola
2793 3861 2992 3914 etenim
3024 3863 3140 3931 ipsa
3185 3868 3418 3921 misria:
3451 3871 3552 3923 hu-

1983 3953 2160 3993 manae
2195 3943 2416 3997 modum
2453 3959 2766 4011 prwscrrat,
2803 3961 3070 4004 tumorem
3101 3953 3554 4027 odit,compcscit

1977 4027 2325 4098 jactantiam,
2361 4039 2726 4106 cogitationes
2763 4043 3023 4108 demittit,
3057 4047 3368 4116 superbiam
3413 4067 3550 4107 con-

1983 4117 2188 4184 fundit,
2232 4125 2398 4178 vitam
2448 4127 2684 4183 hominis
2722 4132 2998 4195 observat,
3050 4137 3451 4212 persuadetque
3495 4155 3553 4198 ut

1982 4211 2424 4281 quilibet1ateat,
2452 4234 2518 4270 ne
2542 4219 2708 4273 lateat
2740 4221 2869 4274 dum
2899 4223 3164 4280 salvator.

2085 4388 2416 4444 ccxxxnt.
2457 4423 2524 4430 -
2567 4374 2929 4454 sosa’aono
2968 4399 3458 4462 PRIMISCRINIO.

2055 4479 2525 4546 Quemadmodum
2588 4486 2957 4547 indesinenter
3017 4510 3196 4550 aerem
3256 4499 3551 4568 spiramus,

1979 4573 2055 4625 ita
2085 4575 2249 4626 etiam
2303 4576 2678 4634 indesinenter
2707 4582 2968 4639 debemus
3012 4585 3298 4644 Dominum
3338 4593 3554 4663 hymnis

1980 4664 2226 4730 laudare,
2263 4666 2391 4721 licet
2426 4668 2568 4722 inter
2603 4673 2819 4741 negotia
2855 4678 3271 4736 concludantur.
3306 4681 3553 4740 Prudens

1981 4757 2126 4809 enim
2170 4772 2232 4810 ac
2268 4757 2353 4824 pia
2400 4775 2556 4815 mens
2611 4765 2693 4816 sui
2727 4765 3006 4822 Creatoris
3059 4780 3237 4839 potest
3291 4776 3552 4830 continuo

1978 4858 2200 4899 servare
2236 4851 2552 4903 memoriam
2583 4869 2596 4916 ;
2635 4869 2758 4907 nam
2797 4875 2808 4909 :
2848 4874 2864 4906 ι
2893 4856 3234 4914 Recordatus
3264 4878 3440 4929 sum,»
3475 4867 3550 4920 ait

1980 4933 2174 5000 David,
2213 4955 2230 4986 σ
2253 4936 2369 5003 Dei,
2413 4951 2465 4994 et.
2499 4943 2714 5000 laetatus
2739 4963 2858 5000 sum
2877 4949 2940 4998 ³ο.
2985 4968 3004 5000 ι
3041 4950 3230 5018 Itaque
3254 4954 3298 5006 si
3334 4953 3546 5011 Domini

1981 5029 2242 5080 memoria
2283 5029 2522 5085 laetitiam
2564 5035 2721 5090 affert
2755 5039 3046 5093 animabus
3084 5043 3308 5108 nostris,
3349 5062 3414 5100 ne
3451 5065 3548 5104 ne-

1976 5117 2247 5188 gligamus
2283 5124 2445 5179 nobis
2477 5131 2755 5182 memoria:
2785 5130 2982 5184 divintr
3020 5130 3207 5188 amnes
3229 5123 3370 5192 esse.

2503 5303 2698 5358 CCXL.
2735 5335 2802 5343 —
2838 5305 3038 5360 Eidem.

2058 5406 2076 5438 ‹
2107 5386 2352 5445 Laudate
2382 5408 2529 5455 eum,
2559 5396 2756 5463 inquit,
2784 5396 2836 5448 in
2873 5398 3094 5454 chordis
3115 5411 3168 5456 et
3193 5419 3399 5473 organo
3429 5410 3493 5460 ³¹.
3525 5429 3542 5459 ι

1979 5473 2208 5530 (ΣΙιοτόω
2240 5479 2444 5545 plures,
2489 5489 2544 5534 ut
2577 5482 2856 5534 harmonia
2904 5489 3166 5554 postulat,
3205 5495 3544 5561 compositae,

1978 5576 2031 5622 et
2073 5570 2281 5624 musice
2323 5587 2665 5644 unaquaque
2706 5577 2928 5646 proprio
2980 5579 3030 5632 in
3087 5581 3208 5636 loco
3252 5585 3544 5655 disposita,

3089 5847 3131 5911 6
