3984 6150
352 325 445 391 171
1847 323 1906 382 S.
1934 321 2096 380 NILI

3504 316 3601 379 172

351 443 520 498 nmlta
569 443 658 496 Dei
708 447 972 511 prmcepta
1023 447 1186 503 sunt,
1243 446 1298 493 et
1343 439 1410 494 de
1462 438 1626 494 rebus
1668 436 1922 507 plurimis

2033 435 2162 486 εἰσιν
2210 435 2422 487 ἐντολαὶ
2475 433 2566 487 τοῦ
2605 433 2760 499 Θεοῦ,
2797 434 2889 486 καὶ
2921 433 2989 485 τὰ
3022 434 3148 503 περὶ
3186 432 3445 486 πλειόνων
3477 433 3602 502 δόγ-

349 537 624 606 dogtnata,
660 546 780 602 quae
817 530 950 582 nihil
985 528 1128 582 inter
1164 543 1222 581 se
1253 527 1538 582 dissonum
1573 525 1868 582 includunt
1903 543 1916 578 :

348 633 405 680 at
441 638 704 694 organum
737 622 848 673 haec
871 619 1053 672 omnia
1077 619 1372 674 continens
1392 627 1477 675 est
1496 618 1702 674 Christi
1732 631 1923 670 amans

351 715 618 787 sapientis
649 713 852 766 anima.

947 804 1058 875 90
1094 802 1320 858 ccxu.

421 894 596 950 Divini
623 893 877 963 praecepti
915 893 1228 946 obedientia
1261 890 1327 945 ad
1353 889 1521 944 vitam
1550 897 1603 944 et
1636 888 1921 940 immorta-

351 989 554 1042 litatem
611 983 1011 1054 elargiendam,
1059 981 1430 1036 inobedientia
1478 979 1543 1033 ad
1599 988 1827 1032 mortem
1870 982 1925 1028 et

349 1077 763 1147 corruptionem
809 1086 936 1129 nata
968 1085 1072 1128 est.
1103 1075 1236 1126 Cum
1280 1073 1464 1142 itaque
1498 1069 1694 1130 Adam,
1737 1077 1923 1136 spreto

350 1171 484 1234 Deo,
522 1167 860 1221 eomedendo
884 1165 1030 1235 quod
1061 1167 1286 1219 vetitum
1314 1163 1511 1224 fuerat,
1534 1172 1763 1215 mortem
1793 1173 1924 1211 con-

349 1263 608 1316 traxisset
636 1262 701 1325 ³³,
728 1261 848 1313 ideo
875 1257 1017 1312 Deus
1041 1273 1163 1312 emn
1194 1256 1380 1310 tunica
1403 1255 1628 1325 pellicea
1654 1251 1831 1305 iudttit
1855 1250 1920 1314 ³³,

350 1365 412 1410 ιιι
445 1356 852 1418 recordaretur,
888 1368 986 1406 nec
1017 1354 1070 1405 in
1101 1351 1436 1405 oblivionem
1475 1348 1684 1400 veniret
1716 1344 1923 1398 erroris

351 1448 560 1518 preprii
593 1455 648 1500 et
681 1445 1056 1504 mortalitatis,
1083 1459 1246 1511 quam
1286 1443 1404 1512 ipse
1434 1454 1532 1494 sua
1558 1447 1753 1506 sponte
1784 1450 1923 1488 con-

353 1548 618 1599 traxerat,
661 1547 708 1589 et
762 1534 1158 1602 corruptionis.
1211 1532 1385 1585 Pelles
1435 1529 1578 1583 enim
1630 1527 1926 1580 demortuae

353 1638 582 1684 mortem
620 1635 672 1679 et
700 1623 1107 1691 corruptionem
1140 1619 1406 1672 indicant.

836 1712 1080 1767 CCXLI].
1117 1741 1185 1750 ——
1222 1709 1426 1764 Eidem.

424 1808 576 1862 Licot
604 1807 899 1860 multarum
925 1804 1313 1858 necessitatum
1339 1809 1391 1853 et
1411 1799 1762 1853 aﬂlictionum
1789 1805 1925 1851 lem-

355 1910 562 1972 pestate
613 1902 909 1969 jactemur,
963 1909 1073 1948 non
1129 1893 1253 1947 ideo
1312 1891 1806 1960 interpellabimur,
1860 1905 1928 1942 ne

355 2002 724 2046 enczenlorum
773 1986 1174 2040 solemnitatem
1221 1984 1274 2036 in
1322 1981 1659 2035 Hierusalem
1700 1995 1927 2049 peraga-

355 2098 499 2146 mus,
535 2088 589 2132 ‹·ι
649 2091 911 2130 canamus
981 2074 1229 2135 Domino,
1287 2080 1346 2126 ttt
1398 2072 1474 2124 ait
1523 2070 1716 2132 David,
1753 2069 1929 2124 cauti-

356 2189 480 2227 eum
532 2186 730 2226 novum
762 2168 828 2231 ⁵⁸,
887 2167 1258 2235 evangelicum
1319 2179 1531 2233 nempe.
1581 2161 1926 2215 Hierusalem

357 2265 502 2318 enim
537 2261 698 2315 modo
735 2261 914 2312 anima
957 2256 1419 2326 subintelligatur,
1456 2255 1509 2308 in
1549 2268 1656 2322 qua
1693 2267 1793 2305 nos
1839 2267 1928 2304 so-

358 2352 694 2406 lemnitatem
731 2350 928 2400 divinte
965 2346 1296 2415 cognitionis
1327 2353 1380 2398 et
1409 2344 1680 2398 nnit'ersae
1706 2339 1928 2394 virtutis

355 2443 719 2503 celebramus,
763 2423 1092 2507 abjicietttes'
1125 2444 1362 2489 veterem
1408 2433 1712 2496 hominem,
1746 2440 1800 2482 et
1829 2446 1926 2482 no-

358 2549 483 2586 vum
509 2531 810 2586 secundum
842 2528 1134 2595 imaginem
1174 2534 1226 2579 et
1261 2523 1679 2578 similitudinem
1713 2520 1926 2572 Domini

356 2633 598 2678 creatum
650 2621 938 2674 induentes
969 2619 1014 2650 ³⁸
1056 2637 1068 2672 :
1110 2635 1128 2668 ι
1179 2615 1552 2670 Renovabitur
1597 2613 1742 2668 enim
1784 2612 1930 2667 sicut

356 2713 543 2784 aquila
594 2716 851 2786 juventus
895 2715 984 2760 tua
1012 2706 1077 2758 ³⁸.
1109 2704 1364 2758 —Faeta
1411 2710 1540 2756 sunt
1585 2701 1788 2772 itaque,
1832 2701 1926 2763 ait,

357 2801 596 2857 encmnia
633 2798 1044 2868 Hierosolymis,
1069 2807 1120 2849 et
1143 2796 1319 2849 hiems
1349 2799 1468 2847 erat
1501 2794 1566 2847 ³⁷.
1602 2812 1620 2844 ι

539 2889 811 2945 CCXLI".
849 2919 920 2931 —
953 2885 1197 2941 SABINO
1235 2883 1730 2940 MAGISTRIANO.

428 2984 626 3038 Tribus
649 2983 770 3037 Jobi
799 2981 1015 3034 filiabus
1038 2981 1080 3011 ³⁸
1107 2979 1373 3034 rationem
1403 2979 1705 3045 subjectam
1732 2989 1932 3046 cogno-

2028 542 2192 594 ματα,
2269 526 2523 595 οὐδεμίαν
2575 526 2769 595 ἔχοντα
2818 525 2954 595 πρὸς
3007 523 3210 591 ἄλληλα
3261 523 3555 592 διαρωνίαν
3589 541 3602 556 ·

2023 615 2252 686 ὄργανον
2297 617 2353 669 δὲ
2386 616 2588 668 τούτων
2623 617 2842 669 πάντων
2884 615 3232 686 περιτκτσκόν
3268 616 3413 668 ἐστιν
3441 619 3473 685 ἡ
3509 633 3604 686 ’ρι-

2022 707 2306 778 λόχριστος
2335 707 2428 761 τοῦ
2460 707 2624 776 σοφοῦ
2655 706 2822 776 ψυχή.

2699 797 2873 851 .‘JMA'.

2047 920 2066 944 ο
2105 888 2169 941 Ἠ
2223 888 2437 957 ὑπακοὴ
2473 887 2574 958 τῆς
2609 886 2758 949 θείας
2797 888 3146 958 προστάξεως
3187 888 3331 960 ζωὴν
3391 889 3481 941 καὶ
3520 889 3587 942 ἀ-

2032 978 2302 1049 φθαρσίαν
2323 977 2641 1049 χαρίζεσθαι
2660 977 2920 1046 πέφυκεν,
2940 979 2974 1048 ὴ
2995 979 3052 1030 δέ
3069 994 3132 1046 γε
3151 979 3400 1050 παρακοὴ
3417 978 3607 1048 νεκρό-

2022 1073 2160 1140 τητα
2201 1069 2296 1121 καὶ
2341 1067 2565 1139 φθοράν.
2610 1067 2825 1138 Ἐπειδὴ
2857 1063 2948 1120 οὖν
2978 1069 3006 1120 6
3046 1069 3218 1139 Ἀδάμ
3247 1069 3600 1140 παρακούσας

2023 1160 2118 1213 τοῦ
2163 1159 2296 1212 Θεοῦ
2338 1160 2394 1210 ἐν
2435 1157 2514 1228 τῷ
2563 1161 2758 1226 φαγεῖν
2814 1158 2875 1210 τὸ
2921 1159 3321 1228 κεκωλυμένον,
3371 1159 3602 1212 θάνατον

2025 1252 2392 1316 ἐπεσπάσατο,
2420 1249 2506 1302 διὰ
2539 1249 2698 1302 τοῦτο
2725 1251 2752 1301 6
2791 1249 2923 1312 Θεὸς
2963 1249 3259 1302 ἐνδιδύσκει
3304 1251 3466 1304 αὑτὸν
3515 1268 3602 1320 χιε

2023 1344 2170 1396 τῶνα
2212 1343 2552 1413 δερμάτινον,
2593 1344 2740 1403 ὅπως
2767 1343 2832 1394 ἂν
2862 1342 3195 1412 μνημονεύῃ,
3234 1343 3330 1394 καὶ
3375 1343 3449 1413 μὴ
3488 1347 3606 1396 ἐπι-

2026 1429 2361 1503 λανθάνηται
2397 1431 2491 1485 τοῦ
2545 1432 2746 1484 οἰκείου
2803 1431 3140 1502 σφάλματος,
3188 1435 3279 1485 καὶ
3306 1429 3486 1504 ἧσπερ
3507 1435 3607 1487 αύ-

2026 1525 2291 1596 θαιρέτως
2320 1523 2671 1576 ἐπεσπάσατο
2737 1523 3058 1593 θνητότητος
3107 1524 3201 1576 καὶ
3249 1524 3472 1596 φθορᾶς.
3523 1527 3604 1580 Τά

2025 1613 2133 1684 γὰρ
2183 1613 2349 1680 νεκρὰ
2397 1613 2640 1684 δέρματα
2673 1612 2890 1684 δηλοῦσι
2930 1616 3226 1686 νεκρότητα
3258 1617 3350 1668 καὶ
3378 1617 3603 1688 φθοράν.

2523 1706 2695 1761 EMB’.
2725 1737 2793 1746 -ο
2820 1706 2903 1772 Τῷ
2928 1708 3108 1773 αὐτῷ.

2103 1794 2219 1848 Κᾶν
2257 1797 2314 1848 ὲν
2365 1796 2592 1866 χειμῶνί
2625 1798 2787 1866 ἐσμεν
2817 1797 2925 1849 τῶν
2957 1798 3166 1852 πολλῶν
3200 1803 3594 1870 περιστάσεων,

2029 1887 2089 1938 ού
2139 1887 2573 1958 κωλυθησόμεθα
2614 1888 2881 1941 ἐπιτελεῖν
2913 1889 3009 1960 τὴν
3063 1893 3254 1962 ἑορτὴν
3284 1893 3393 1945 τῶν
3418 1895 3608 1961 ἐγκαι-

2047 1978 2174 2030 νίων
2202 1981 2258 2031 ἐν
2288 1983 2352 2050 τῇ
2383 1980 2763 2050 Ἰερουσαλὴμ,
2801 1981 2895 2034 καὶ
2931 1982 3078 2048 ᾅδειν
3116 1982 3193 2052 τῷ
3226 1985 3432 2054 Κυρίῳ,
3465 1983 3608 2038 καθά
3667 2033 3671 2038 .

2033 2085 2198 2138 φησιν
2234 2072 2261 2122 ό
2302 2070 2485 2132 Δαυὶδ,
2549 2066 2699 2142 ᾆσμα
2748 2073 2952 2133 καινὸν,
2995 2074 3196 2143 δηλαδὴ
3238 2075 3602 2140 εύαγγελικόν.

2043 2160 2402 2232 Ἰερουσαλὴμ
2421 2162 2638 2232 γάρνῦν
2658 2163 2883 2216 νοείσθω
2906 2167 3045 2236 μοιή
3071 2165 3236 2235 ψυχὴ,
3271 2167 3329 2218 ἐν
3421 2167 3608 2218 ἐπιτε-

2031 2252 2229 2323 λοῦμεν
2279 2253 2378 2324 τὴν
2431 2255 2623 2325 ἑορτὴν
2675 2256 2773 2325 τῆς
2824 2255 3170 2323 θεογνωσίας,
3217 2258 3310 2310 καὶ
3348 2257 3606 2320 παντοίας

2031 2344 2252 2413 ἀρετῆς,
2297 2343 2650 2415 διωθούμενοι
2709 2347 2809 2415 μὲν
2866 2347 2956 2400 τὸν
3016 2347 3240 2401 παλαιὸν
3297 2347 3604 2418 ἄνθρωπον,

2032 2437 2502 2505 ἐπαμφισκόμενοι
2532 2438 2587 2491 δὲ
2614 2438 2701 2492 τὸν
2731 2439 2850 2491 νέον
2878 2441 2968 2493 τὸν
3011 2433 3130 2495 κατ’
3173 2442 3378 2506 εἰκόνα,
3411 2442 3506 2495 καὶ
3549 2442 3604 2493 6-

2035 2524 2264 2592 μοίωσιν
2295 2525 2387 2577 τοῦ
2424 2525 2629 2597 Κυρίου
2665 2529 2978 2582 κτισθέντα·
3017 2549 3034 2581 ι
3071 2531 3606 2603 Ἀνακαινισθήσεται

2031 2614 2140 2684 γὰρ
2170 2615 2245 2678 ώς
2273 2615 2431 2668 ἀετοῦ
2467 2618 2499 2686 ἡ
2541 2617 2730 2688 νεότης
2762 2636 2876 2672 σου.
2903 2649 2974 2662 —
3007 2621 3252 2688 Ἐγένετο
3290 2619 3402 2694 οὖν,
3449 2625 3604 2694 φησι,

2031 2704 2101 2757 τὰ
2130 2707 2380 2773 ὲγκαίνια
2407 2707 2892 2779 ὲνΊεροσολύμοις,
2925 2710 3018 2762 καὶ
3052 2711 3262 2782 χειμὼν
3301 2708 3389 2782 ἦν.
3408 2731 3425 2763 ι

2312 2885 2554 2938 ΣΜΓ¹.-
2571 2886 2815 2955 ΣΑΒΙΝῼ
2837 2886 3327 2958 ΜΔΓΙΣΤΡΙΑΝῼ.

2103 2974 2214 3046 Τὴν
2273 2977 2544 3046 σημασίαν
2573 2977 2680 3030 τῶν
2737 2979 2904 3049 τριῶν
2965 2979 3060 3032 τοῦ
3106 2979 3225 3032 Ἰὼϐ
3286 2980 3598 3053 θυγατέρων

358 3091 510 3131 scere
537 3074 715 3144 cupis.
743 3074 824 3125 Ab
857 3071 1210 3125 alliictionum
1245 3072 1429 3140 itaque
1450 3081 1506 3126 et
1555 3067 1926 3124 molestiarum

2033 3060 2381 3136 ἐπεθύμησας
2430 3068 2652 3135 γνῶναι.
2695 3069 2910 3140 Ἐπειδὴ
2943 3067 3036 3123 οὖν
3064 3071 3161 3140 τῆς
3206 3071 3314 3124 τῶν
3346 3071 3604 3141 θλισερῶν

359 3167 700 3236 noctejnssu
734 3164 825 3218 Dei
861 3162 1030 3217 Johns
1071 3172 1379 3231 exemptus,
1411 3161 1723 3217 necessario
1745 3161 1929 3228 splen-

359 3257 709 3311 didissimum
765 3251 1173 3315 exsultationis,
1222 3257 1276 3303 et
1314 3249 1676 3305 indesinentis
1717 3248 1821 3318 91
1866 3263 1930 3302 ac

361 3347 618 3417 perennis
655 3345 854 3415 quietis
883 3351 934 3397 et
967 3342 1148 3412 gaudii
1180 3339 1324 3393 diem
1369 3341 1600 3408 aspexit.
1638 3338 1930 3407 Propterea

359 3440 589 3509 primam
622 3436 769 3490 Diem
805 3433 1129 3503 appellavit;
1155 3431 1452 3486 secundam
1479 3430 1747 3496 Cassiam,
1771 3446 1928 3509 nam-

359 3547 465 3599 que
518 3529 698 3584 cassia
743 3527 988 3581 suaviter
1036 3525 1182 3590 olet;
1231 3523 1379 3594 quod
1434 3537 1532 3592 pro
1583 3505 1929 3577 maleolentia

357 3621 825 3677 exsecrandorum
856 3626 1281 3681 tormentorum,
1317 3631 1438 3685 quae
1475 3625 1636 3669 antea
1659 3615 1928 3680 subierat,

357 3715 562 3768 bonum
602 3725 854 3778 superna:
877 3709 1064 3778 gratiae
1095 3708 1320 3762 odorem
1353 3713 1642 3762 assecutus
1664 3714 1768 3762 est.
1801 3705 1931 3760 Ter-

359 3805 434 3856 tia
490 3815 658 3869 porro
711 3799 1027 3852 Amaltheam
1090 3812 1262 3852 cornu
1327 3805 1680 3866 nuncupata,
1742 3794 1930 3850 Graeca

357 3896 542 3964 lingua
603 3893 873 3946 bonorum
928 3889 1260 3944 afﬂuentiam
1313 3896 1488 3945 notat.
1535 3887 1614 3942 Tn
1645 3902 1776 3942 vero
1818 3904 1931 3942 non

357 3984 576 4053 ignoras
619 3989 697 4034 tot
732 3981 894 4042 bona,
933 3996 1054 4048 qua:
1088 3980 1166 4033 illi
1199 3978 1464 4034 Dominus
1498 3986 1628 4032 ante
1679 3978 1928 4032 futurum

357 4073 614 4128 sreculum
652 4070 880 4124 robusto
912 4082 976 4122 ac
1029 4067 1203 4121 multa
1253 4083 1520 4138 perpesso
1557 4066 1697 4122 Jobo
1732 4068 1787 4122 in
1830 4068 1932 4121 hac

355 4164 466 4218 vita
491 4169 710 4233 propter
731 4161 1009 4230 ingentem
1041 4158 1413 4222 tolerantiam,
1442 4167 1496 4214 et
1527 4159 1927 4215 validissimum

359 4271 424 4313 ac
452 4255 871 4311 celeberrimum
918 4251 1260 4308 fortitudinis
1311 4251 1527 4308 facinus
1576 4260 1630 4308 et
1664 4261 1928 4322 tropaeum

356 4349 624 4405 exhibuit.

773 4587 777 4593 ν
859 4517 1126 4575 CCXLIV.
1162 4549 1230 4560 —
1271 4517 1474 4572 Eidem.

431 4615 686 4671 Studium
749 4611 1001 4684 placendi
1065 4611 1385 4667 hominibus
1461 4611 1649 4681 iraque
1711 4611 1930 4666 vitanda

355 4715 518 4773 sunt;
578 4707 692 4760 inec
743 4703 888 4758 enim
950 4701 1195 4756 albicans
1253 4717 1449 4772 nempe
1515 4710 1570 4758 et
1613 4703 1732 4757 rufa
1779 4705 1932 4774 lepra

355 4807 509 4861 sunt,
553 4807 608 4849 ttt
641 4797 722 4849 lex
761 4792 1012 4864 praedixit
1044 4793 1111 4847 ⁸³.
1170 4791 1429 4862 Fuganda
1489 4803 1573 4849 est
1627 4795 1929 4865 vulpeculae

354 4889 576 4958 genium
628 4899 738 4954 prae
784 4898 844 4938 se
883 4883 1065 4937 ferens
1101 4881 1380 4936 simulatio
1436 4898 1500 4939 ac
1545 4885 1670 4940 vilis
1711 4896 1927 4954 metus;

355 4977 547 5044 glauca
577 4987 810 5044 namque
842 4971 932 5026 illa
961 4972 1108 5043 lepra
1134 4980 1280 5027 sunt.
1309 4973 1628 5042 Ahjicienda
1664 4985 1926 5046 prasterca

357 5085 387 5122 a
412 5067 569 5122 nobis
595 5076 726 5122 sunt
781 5066 902 5123 sine
931 5065 1147 5120 ratione
1175 5066 1397 5120 tristitia
1430 5077 1484 5122 et
1515 5068 1722 5124 invidia
1750 5085 1929 5124 mace-
1965 5120 1972 5126 .

357 5175 521 5224 rans;
548 5174 784 5229 namque
812 5157 1009 5214 viridis
1046 5156 1136 5210 illa
1167 5157 1315 5226 lepra
1356 5167 1504 5213 sttnt.

695 5247 949 5306 CCXLV.
981 5278 1052 5288 —
1092 5245 1576 5304 DRUSILLIANO.

428 5338 486 5392 Si
513 5353 715 5406 corpus
743 5335 1166 5406 agritudinibus
1199 5335 1495 5388 obnoxium
1529 5336 1734 5394 habens
1765 5338 1924 5396 simi-

355 5428 428 5484 lia
476 5429 778 5481 facinorosa
825 5427 1012 5486 audes,
1061 5439 1235 5494 eaque
1287 5424 1631 5492 inhumana;
1676 5429 1829 5496 quid,
1878 5429 1922 5483 si

359 5521 571 5573 firmum
605 5533 668 5571 ac
696 5517 981 5571 robustum
1016 5515 1325 5578 habuisses,
1357 5529 1462 5568 non
1491 5513 1691 5572 fuisses
1720 5519 1923 5573 ausus?

426 5647 469 5718 ’ξ
493 5643 626 5718 Ceu.
661 5662 742 5709 ιιι,
776 5647 826 5718 (ἲ.
877 5717 886 5718 7
930 5647 973 5718 ξ’
1012 5648 1144 5718 ih’tl.
1191 5645 1278 5699 21.
1384 5645 1428 5718 ’Τ
1461 5645 1599 5702 Psal.
1633 5665 1812 5718 (τηις,
1845 5654 1887 5706 1.

355 5705 400 5737 ⁸⁸
431 5713 533 5767 Job
581 5705 826 5776 tht,'l3.
873 5715 1110 5776 "Levit.
1134 5731 1258 5781 xtn,
1282 5717 1509 5786 passim.

1967 5655 2011 5686 ⁸⁸
2042 5654 2256 5710 Coloss.
2299 5671 2383 5714 ιιι.
2417 5658 2498 5709 it).

2034 3158 2126 3212 καὶ
2167 3158 2443 3212 ἐπιπόνων
2482 3161 2672 3223 νυκτὸς
2710 3163 2776 3230 τῇ
2824 3160 3071 3214 κελεύσει
3115 3161 3207 3214 τοῦ
3245 3160 3380 3214 Θεοῦ
3433 3162 3605 3232 ἀπήλ-

2031 3248 2225 3302 λακται
2255 3252 2282 3302 6
2326 3249 2466 3314 Ἰὼϐ,
2497 3251 2809 3318 ἀναγκαίως
2828 3252 2926 3321 τὴν
2959 3251 3350 3322 λαμπροτάτην
3393 3253 3604 3322 ἡμέραν

2029 3339 2279 3393 τεθέαται
2333 3341 2432 3410 τῆς
2476 3341 2883 3409 ἀγαλλιάσεως,
2927 3344 3019 3395 καὶ
3065 3343 3165 3411 τῆς
3235 3342 3465 3412 ἁλήκτου
3512 3343 3604 3396 καὶ

2031 3431 2250 3484 αἰωνίου
2293 3431 2650 3494 ἀναπαύσεως
2699 3433 2793 3484 καὶ
2832 3435 3026 3504 χαρᾶς.
3061 3434 3160 3486 Διὰ
3193 3434 3348 3487 τοῦτο
3375 3434 3471 3505 τὴν
3504 3435 3604 3504 μὲν

2033 3519 2255 3591 πρώτην
2325 3521 2598 3590 θυγατέρα
2657 3523 2895 3593 Ἠμέραν
2939 3525 3216 3596 ἐκάλεσεν,
3253 3526 3349 3595 τὴν
3386 3526 3440 3579 δὲ
3487 3526 3607 3578 δευ⁶

2031 3614 2194 3682 τέραν
2228 3613 2474 3665 Κασσίαν
2500 3630 2512 3643 ·
2534 3613 2736 3686 εύώδης
2765 3616 2874 3687 γὰρ
2901 3617 2932 3687 ἡ
2961 3619 3330 3681 κασσία,διότι
3359 3618 3482 3671 ἀντὶ
3507 3619 3606 3690 τῆς

2032 3701 2292 3764 δυσωδίας
2340 3701 2434 3754 τοῦ
2475 3705 2777 3758 ἀπευκτέου
2813 3707 3040 3772 πάθους,
3071 3705 3238 3779 οὗπερ
3283 3710 3390 3779 πρὸ
3412 3708 3603 3762 τούτου

2034 3791 2230 3861 ἀνέτλη
2264 3793 2362 3864 τὴν
2407 3793 2635 3848 εὐωδίαν
2666 3798 2946 3869 ἐκτήσατο
2982 3801 3080 3871 τῆς
3121 3801 3324 3855 ἄνωθεν
3362 3803 3603 3872 χάριτος.

2045 3885 2107 3938 Ἥ
2140 3886 2198 3940 δέ
2228 3903 2290 3955 γε
2311 3887 2465 3958 τρίτη
2498 3887 2740 3960 θυγάτηρ
2777 3891 3100 3960 Ἀμαλθείας
3135 3892 3300 3963 κέρας
3333 3893 3605 3963 ὲπονομα·

2035 3975 2235 4048 ζομὲνη
2270 3981 2336 4049 τῇ
2380 3979 2592 4034 Ἐλλάδι
2624 3981 2991 4050 ἑρμηνεύεται
3021 3982 3232 4054 γλώττῃ
3266 3984 3484 4052 ἀγαθῶν
3513 3985 3604 4036 εύ-

2035 4067 2217 4138 θηνία.
2251 4070 2364 4122 υύκ
2395 4071 2606 4138 ἀγνοεῖς
2654 4071 2710 4124 δὲ
2749 4071 2968 4134 πάντως
3009 4073 3078 4125 τὰ
3127 4075 3364 4128 τοσαῦτα
3391 4074 3592 4143 ἀγαθά,

2035 4158 2181 4228 ἅπερ
2209 4158 2236 4209 6
2267 4157 2467 4230 Κύριος
2503 4159 2772 4231 παρέσχεν
2799 4163 2904 4232 πρὸ
2937 4163 3029 4215 τοῦ
3066 4165 3353 4232 μέλλοντος
3388 4165 3602 4228 αἰῶνος,

2032 4248 2112 4318 τῷ
2163 4249 2492 4321 καρτερικῷ,
2541 4253 2634 4304 καὶ
2665 4253 2966 4305 πολυπαθεῖ
3010 4253 3150 4317 Ἰὼϐ,
3191 4255 3438 4308 ἐντεῦθεν
3481 4256 3602 4326 ἤδη,

2033 4339 2123 4392 διά
2161 4357 2222 4393 τε
2275 4341 2376 4410 τῆς
2427 4341 2668 4412 μεγάλης
2723 4343 3024 4414 ὑπομονῆς,
3061 4345 3151 4397 καὶ
3185 4345 3436 4415 ἀνδρείας
3469 4347 3604 4412 κρά-

1954 4424 2009 4481 .D
2034 4449 2233 4500 τιστον,
2263 4434 2358 4485 καὶ
2397 4433 2692 4504 περιφανὲς
2727 4435 3056 4505 κατόρθωμά
3088 4451 3147 4486 τε
3193 4435 3283 4487 καὶ
3324 4437 3603 4506 τρόπαιον.

2513 4523 2685 4578 ΣΜΔ’.
2714 4554 2784 4564 —
2808 4523 2891 4589 Τῷ
2919 4523 3098 4589 αὐτῷ.

2112 4615 2378 4668 Φευκτέον
2431 4615 2562 4685 ἡμῖν
2609 4614 3121 4686 ἀνθρωπαρεσκίαν,
3163 4618 3254 4670 καὶ
3275 4617 3372 4688 τὴν
3405 4619 3599 4689 ὀργήν·

2036 4704 2224 4758 ταῦτα
2263 4705 2370 4774 γὰρ
2402 4704 2857 4770 λευκανθίςουσαν
2891 4706 2984 4758 καὶ
3027 4707 3360 4776 πορίζουσαν
3402 4709 3606 4779 λέπραν

2036 4797 2064 4849 6
2089 4797 2250 4866 νόμος
2278 4796 2627 4865 προείρηκεν.
2654 4797 2712 4850 Ἀ
2724 4797 3014 4850 πελαστέον
3049 4798 3136 4865 τὴν
3159 4797 3603 4863 ἀλωπεκίζουσαν

2036 4888 2344 4958 ὑπόκρισιν,
2381 4888 2475 4939 καὶ
2518 4888 2686 4959 άγενῆ
2728 4888 2950 4942 δειλίανο
2979 4887 3342 4956 γλαυκίζουσα
3370 4890 3478 4960 γὰρ
3518 4889 3606 4940 λέο

2033 4995 2147 5048 πρα
2183 4977 2320 5031 ἐστί.
2351 4977 2622 5032 Διωκτέον
2656 4979 2787 5047 ἡμῖν
2813 4979 2910 5048 τὴν
2937 4977 3112 5048 λύπην
3141 4980 3239 5049 τὴν
3264 4979 3478 5048 ἄλογον,
3513 4980 3606 5034 καὶ

2031 5072 2266 5141 τήκοντα
2300 5070 2515 5137 φθόνον·
2544 5071 2884 5143 χλωρίζουσα
2914 5070 3022 5140 γὰρ
3050 5071 3224 5142 λέπρα
3254 5073 3392 5127 ἐστί.

2420 5163 2594 5216 ΣΜΕ⁹.
2613 5163 3217 5234 -ΔΡΟΥΣΙΛΛΙΛΝῼ.

2107 5253 2167 5305 Ei
2184 5253 2244 5305 τὸ
2268 5251 2427 5322 σῶμα
2446 5252 2670 5314 νοσῶδες
2693 5252 2852 5322 ἔχων,
2871 5253 3171 5322 τηλικαῦτα
3203 5257 3336 5326 δρᾷς
3371 5257 3605 5328 θηριώδη

2037 5342 2126 5394 καὶ
2155 5342 2497 5413 ἀπάνθρωπα
2529 5342 2852 5412 πράγματα,
2875 5345 2958 5405 τίς
2987 5341 3053 5396 ἀν
3077 5344 3264 5410 ἐγένου
3290 5342 3604 5413 τετυχηκὼς

2036 5431 2254 5502 ρὡεώς
2285 5451 2343 5486 τε
2377 5434 2468 5487 καὶ
2501 5433 2689 5503 ῥώμης
2718 5453 2732 5500 ;
2771 5435 3103 5506 Προῧλέπων
3138 5438 3315 5490 τοίνυν
3341 5439 3367 5488 ὁ
3403 5436 3604 5506 Κύριος

2035 5523 2134 5586 τὰς
2169 5524 2540 5592 φονοκτονίας,
2573 5526 2751 5596 ἇσπερ
2780 5528 2952 5579 ποιεῖν
2979 5527 3222 5596 ἔμελλες,
3261 5525 3602 5596 προκατελά-

2603 5659 2648 5688 ³⁶
2682 5659 2822 5713 l‘sal.
2864 5675 2962 5727 cn,
2997 5662 3047 5716 5.
3149 5661 3192 5690 ³⁷
3219 5658 3379 5712 Joan.
3428 5675 3480 5725 ιι,
3510 5656 3600 5710 22.
