3984 6150
278 375 363 440 173
1464 358 1816 441 EPISTULA

1922 379 1996 438 3M
2031 378 2175 437 LIB.
2208 378 2255 437 Ι.

3393 375 3489 437 174

276 486 384 540 ὁετό
402 501 487 537 σου
508 484 604 555 τήν
630 485 835 555 ἄφατον
864 486 1056 558 μανίαν
1080 487 1156 558 τῷ
1176 487 1380 558 δεσμῷ.
1401 491 1494 541 καὶ
1511 491 1578 559 τῇ
1601 489 1813 556 ἀνάγκῃ

1922 484 2272 539 Ρτιιειιοεεριιε
2307 484 2491 555 itaque
2539 485 2682 541 Deus
2718 484 2894 541 medea
2925 500 2950 537 a
2986 492 3038 540 te
3068 485 3367 552 patt‘andas
3393 487 3490 540 ho-

273 575 354 643 τῆς
382 575 732 643 minima-Suet),
763 580 854 633 καὶ
882 580 1221 652 πολυτρόπου
1254 579 1530 643 ἀσθενίας.

495 834 770 904 2MCT.—
792 833 1124 907 ΕΥΦΡΛΣΙῼ
1166 835 1531 906 ΕΠῘΣΚΟΠῼ.

330 926 616 996 Εὑξώμεθα
672 926 903 990 ἐκτενῶς
933 927 1294 997 ἐκδιωχθῆναι
1325 928 1424 995 τήν
1471 926 1679 994 λέπραν
1712 925 1813 994 τὴν

268 1022 478 1091 ψυχικὴν
504 1022 619 1075 ἀπό
650 1038 709 1074 τε
743 1020 836 1074 τοῦ
874 1024 1160 1090 στήμονος,
1200 1020 1296 1071 καὶ
1331 1018 1432 1087 τῆς
1468 1017 1691 1087 κρόκης,
1720 1016 1816 1069 καὶ

267 1109 345 1160 τοῦ
372 1110 638 1176 δέρματος
669 1125 683 1138 ο
721 1110 989 1179 στήμονος
1041 1109 1139 1178 μὲν
1166 1107 1455 1175 νοουμένου
1486 1106 1580 1159 τοῦ
1612 1105 1816 1175 νευρώ-

269 1199 371 1260 tea;
431 1199 634 1268 μέρους
673 1199 775 1268 τῆς
824 1199 1061 1270 Χριστοῦ
1103 1198 1448 1266 Ἐκκλησίας,
1502 1198 1816 1250 ἐπισκόπων

266 1287 410 1355 λέγω,
438 1290 529 1342 καὶ
578 1291 696 1343 ὅσοι
744 1291 843 1360 τῆς
881 1291 1174 1359 Λευῖτικῆς
1216 1289 1372 1356 ἀξίας
1409 1289 1476 1342 τὰ
1513 1289 1651 1359 γέρα
1680 1305 1819 1359 καρ-

251 1362 490 1449 ξπίζονται
514 1397 528 1409 ·
564 1380 773 1449 κρόκης
800 1380 857 1433 δὲ
890 1379 1375 1449 ἐκλαμϐανομένης
1402 1376 1496 1431 τοῦ
1522 1378 1817 1449 εὑθυνομέ-

274 1426 392 1442 ’⁷⁷³⁷⁷
416 1426 489 1430 ’“⁷
566 1426 770 1449 ”ι’”’Ἱῖ
806 1426 857 1433 ’⁷
891 1426 1162 1448 ⁷””“⁷”Γ“⁷’“”
1180 1426 1297 1449 'r'"
1314 1426 1371 1449 Ἰν
1414 1426 1489 1431 ⁷⁷⁷
1526 1426 1575 1430 “⁷
1595 1426 1608 1431 ⁷
1626 1426 1645 1431 ⁷
1662 1426 1784 1449 ⁷⁷ί⁷”“

248 1426 363 1530 ίνου,
392 1473 481 1526 καὶ
508 1472 935 1542 ποιμαινομένου
961 1472 1052 1525 ὑπ’
1078 1472 1260 1534 αὐτοῖς
1293 1469 1629 1542 ήγιασμένου
1663 1471 1818 1540 λαοῦ,

266 1560 512 1629 δέρματος
540 1564 601 1616 δὲ
625 1563 918 1633 νοουμένου
952 1564 1060 1617 τῶν
1084 1563 1279 1616 νεωστὶ
1308 1562 1717 1633 προσελθόντων
1739 1564 1818 1633 τῷ

264 1651 387 1721 Θεῷ,
418 1655 509 1707 καὶ
532 1654 672 1717 τέως
705 1654 1147 1725 κατηχουμένων,
1192 1656 1267 1724 μή
1302 1671 1416 1717 πως
1445 1653 1817 1722 όιποδὸεόλσηκό⁶

262 1758 356 1795 των
395 1743 481 1797 διὰ
525 1747 628 1814 τῆς
665 1745 1073 1816 άναγεννήσεως
1106 1743 1199 1796 τοῦ
1244 1742 1403 1810 ἁγίου
1443 1741 1819 1812 βαπτίσματος

1920 577 2151 639 minum,
2196 574 2484 630 infandum
2539 578 2706 631 istum
2755 577 2995 632 furorem
3056 585 3208 631 tuum
3253 578 3489 631 vinculis

1919 676 1973 719 et
2008 667 2335 720 tteCcssitatc
2378 667 2712 722 calamitosae
2757 677 2810 721 et
2856 666 3214 723 multiformis
3257 668 3495 721 intirmi-

1918 758 2047 812 tatis
2076 758 2341 811 coercuit.

2020 846 2130 916 92
2169 846 2444 902 CCXLVI.
2481 878 2549 888 -
2590 845 2984 902 EUI’HRASIO
3036 848 3383 904 EI‘ISCOPO.

1988 936 2212 993 Prulixe
2251 939 2641 1009 cumulateque
2694 954 2978 1010 precemur
3028 943 3231 1011 lcpram
3262 942 3331 1007 ⁸ο,
3370 960 3490 1010 quae

1915 1029 2154 1082 animam
2202 1030 2399 1095 inﬁcit,
2454 1045 2484 1083 a
2527 1032 2790 1098 stamine,
2847 1032 3192 1103 subtegmine
3243 1044 3298 1089 et
3353 1036 3490 1104 pelle

1919 1120 2064 1189 abigi
2094 1135 2105 1170 :
2153 1121 2410 1188 stamine,
2453 1137 2687 1178 nervosa
2718 1124 2927 1181 Christi
2971 1126 3251 1189 Ecclesiae,
3282 1141 3489 1195 presu-

1917 1208 2031 1262 lum
2088 1211 2336 1281 inquam,
2391 1229 2695 1285 eorumque
2745 1217 2835 1285 qui
2892 1216 3148 1272 Levitica:
3205 1217 3489 1287 dignitatis

1919 1303 2240 1359 muneribus
2273 1306 2728 1372 cohonestantur,
2774 1325 2902 1378 pars
2948 1311 3325 1380 intelligatur;
3354 1312 3490 1365 sub-

1918 1391 2176 1461 tegmine,
2226 1394 2320 1462 qui
2383 1396 2680 1449 instruitur
2727 1413 2791 1452 ac
2845 1400 3092 1469 pascitur
3137 1399 3205 1453 ab
3253 1398 3490 1460 eisdem,

1919 1482 2300 1539 sanctiﬁcatus
2343 1489 2577 1556 populus
2620 1488 2907 1554 innuitur;
2955 1491 3117 1560 pelle,
3157 1489 3251 1559 qui
3295 1502 3490 1544 recens

1920 1569 1985 1622 ad
2021 1568 2190 1624 Deum
2237 1574 2534 1639 accedunt,
2582 1586 2638 1630 et
2676 1579 2853 1632 adhuc
2884 1579 3031 1634 inter
3061 1577 3492 1634 catechumenos

1917 1659 2098 1714 locum
2154 1669 2373 1729 tenent,
2422 1681 2601 1737 neque
2648 1668 2776 1722 dum
2823 1684 2919 1739 per
2959 1670 3103 1726 sacri
3144 1666 3492 1739 baptismatis

1918 1757 2392 1822 regenerationem
2446 1759 2801 1816 nlorticinum
2844 1771 3089 1815 veterum
3140 1762 3492 1816 indumento-

261 1832 348 1904 τὴν
374 1837 674 1908 νεκρότητα
702 1835 811 1888 τῶν
841 1835 1087 1890 παλαιῶν
1108 1836 1207 1905 τῆς
1238 1834 1513 1906 ἁμαρτίας
1544 1833 1816 1905 χιτώνων.

1928 1858 2048 1897 rum
2079 1847 2287 1915 peccati
2318 1846 2714 1917 deposuerunt,
2758 1860 3001 1906 notatur.

736 1928 908 1982 ZMZ'.
932 1957 1003 1967 —-—
1028 1925 1111 1991 Τῷ
1149 1923 1328 1989 αὐτῷ.

326 2017 418 2069 Ὃν
442 2019 645 2086 τρόπον
669 2016 817 2079 εἴτις
843 2016 1106 2086 βασιλέως
1159 2014 1365 2077 εἰκόνος
1416 2014 1598 2078 καλῶς
1644 2031 1817 2069 κατα-

258 2109 623 2179 σκευασμένης
667 2108 1090 2178 ἐπιμελέστερον
1141 2108 1206 2159 ὲκ
1252 2106 1500 2175 ψηφίδων
1533 2106 1820 2175 ἐπισήμων

256 2196 353 2250 ὑπὸ
399 2199 564 2267 σοφοῦ
610 2199 881 2268 τεχνίτου,
930 2196 1102 2259 λύσας
1147 2196 1245 2266 τὴν
1298 2197 1666 2265 ὑποκειμένην
1722 2194 1815 2247 τοῦ

252 2288 538 2361 ἀνθρώπου
567 2289 764 2354 εἰδέαν,
818 2286 1134 2358 μετενέγκοι
1164 2286 1264 2348 τὰς
1300 2285 1539 2355 ψηφίδας
1585 2287 1819 2351 ὲκείνας,

253 2378 340 2429 καὶ
378 2377 741 2447 μεθαρμόσοι,
771 2378 864 2430 καὶ
898 2377 1174 2446 ποιήσειεν
1204 2376 1264 2440 ἐξ
1292 2374 1473 2428 αὑτῶν
1497 2378 1707 2447 μορφὴν
1729 2396 1822 2431 κυ-

245 2464 337 2528 νὸς
365 2466 401 2535 ἢ
440 2465 749 2527 ἀλώπεκος,
782 2465 971 2518 ἔπειτα
997 2464 1298 2536 διορίζοιτο,
1327 2466 1417 2518 καὶ
1444 2465 1589 2534 λέγει
1617 2467 1820 2539 ταύτην

247 2551 389 2609 εῖναι
432 2556 532 2626 τήν
557 2555 649 2609 τοῦ
693 2556 958 2626 βασιλέως
978 2555 1192 2625 ἐκείνην
1218 2556 1318 2626 τὴν
1350 2555 1538 2628 καλὴν,
1574 2559 1638 2629 ἢν
1664 2561 1692 2612 6
1727 2576 1817 2612 σο-

250 2645 345 2712 φὸς
397 2646 653 2715 τεχνίτης
697 2645 1119 2710 κατεσκεύασεν,
1174 2646 1389 2710 δεικνὺς
1437 2649 1536 2709 τὰς
1574 2649 1816 2719 quassa;

251 2735 340 2800 τὰς
371 2736 556 2801 καλῶς
579 2737 685 2790 ὑπὸ
712 2736 803 2791 τοῦ
835 2737 1051 2808 πρώτου
1082 2737 1321 2807 τεχνίτου
1351 2740 1430 2800 εἰς
1464 2738 1562 2808 τὴν
1592 2741 1685 2793 τοῦ
1716 2740 1814 2811 βα-

261 2828 446 2892 σιλέως
476 2829 661 2883 είκόνα
694 2828 1065 2893 συντεθείσας,
1096 2829 1280 2893 κακῶς
1310 2830 1368 2883 δὲ
1394 2830 1497 2884 ὑπὸ
1529 2831 1621 2885 τοῦ
1658 2834 1815 2887 ὑστέ-

254 2937 342 2989 ρου
389 2923 470 2984 εἰς
509 2921 669 2985 κυνὸς
722 2921 936 2992 μορφήν
983 2922 1418 2992 μετενεχθείσας,
1465 2924 1557 2977 καὶ
1592 2925 1682 2978 διὰ
1716 2926 1817 2997 τῆς

251 3011 351 3062 τῶν
396 3010 642 3080 ψηφίδων
695 3011 1000 3078 φαντασίας
1055 3011 1327 3082 μεθοδεύοι
1374 3015 1501 3077 τοὺς
1532 3015 1817 3087 ἀπειροτέ-

253 3117 397 3172 ρους,
450 3104 573 3165 τοὺς
623 3102 929 3172 κατάληψιν
981 3101 1268 3174 βασιλικὴν
1336 3106 1401 3157 ἐκ
1458 3108 1669 3176 μορφῆς
1718 3108 1818 3159 οὐκ

250 3188 486 3260 ἔχοντας,
516 3191 610 3244 καὶ
653 3190 852 3253 πείθοι,
888 3192 970 3245 ὅτι
1008 3190 1147 3261 αὕτη
1176 3194 1211 3262 ή
1247 3194 1430 3264 σαπρά
1474 3195 1573 3263 τῆς
1606 3195 1820 3249 ἀλώπε-

251 3297 340 3344 κος
371 3281 484 3335 ἰδέα
518 3281 698 3351 ἐκείνη
747 3283 894 3334 ἐστὶν
940 3282 973 3352 ἠ
1002 3281 1141 3352 καλὴ
1174 3282 1267 3335 τοῦ
1305 3282 1570 3353 βασιλέως
1611 3284 1775 3339 είκών
1801 3304 1814 3317 ·

255 3376 340 3426 τὸν
371 3374 534 3429 αὑτὸν
561 3376 762 3446 τρόπον
790 3376 884 3428 καὶ
912 3376 962 3428 οἱ
996 3377 1367 3447 αίρεσιάρχαι,
1397 3378 1582 3448 γραῶν
1618 3380 1819 3449 τρόπον

255 3463 714 3531 συγκαττύσαντες
753 3465 993 3535 ῥήματα,
1016 3464 1109 3518 καὶ
1132 3464 1304 3531 λέξεις
1331 3468 1497 3530 τινὰς,
1526 3468 1616 3520 καὶ
1644 3485 1819 3540 παρα-

253 3551 406 3615 δολὰς
434 3552 585 3616 Θείας
615 3553 838 3622 Γραφῆς
858 3554 1303 3619 ἀποσπάσαντες,
1330 3556 1661 3626 ἐφαρμόζειν
1697 3557 1817 3627 βιά-

251 3642 427 3706 ζονται
464 3647 580 3707 τοῖς
621 3644 827 3697 ἑαυτῶν
860 3644 1047 3715 μύθοις
1084 3645 1151 3698 τὰ
1184 3645 1339 3715 λόγια
1360 3647 1452 3700 τοῦ
1474 3640 1819 3704 Θεοῦ.Ἀλλά

266 3732 337 3805 μὴ
374 3736 618 3803 ἀγνοεῖτε
652 3735 778 3795 τοὺς
811 3735 1082 3799 τοιούτους

634 3826 814 3877 mur.
854 3856 922 3867 -
953 3826 1412 3900 ΘΕΟΚΛΕΙᾹΝῼ.

320 3932 339 3965 ι
383 3916 518 3967 Ἀλλ’
538 3918 689 3985 ἡμῖν,
718 3935 735 3966 ι
762 3917 924 3987 φησὶν
951 3919 1357 3986 ὁἈπόστο).ος,›
1386 3915 1466 3984 εἷς
1491 3921 1622 3988 Θεὸς
1648 3926 1676 3976 ό
1704 3925 1816 3978 Πα-

246 4000 370 4069 τὴρ,
398 4001 456 4066 ἐξ
483 3995 544 4054 οὗ
567 4001 635 4055 τὰ
682 4003 853 4056 πάντα
877 4045 889 4069 ,
930 4006 1025 4058 καὶ
1060 4009 1221 4076 ἡμεῖς
1260 4010 1340 4071 εἱς
1370 4011 1534 4062 αὑτόν
1561 4029 1573 4041 ·
1604 4014 1694 4065 καὶ
1738 4009 1818 4078 εἷς

247 4086 451 4157 Κύριος
479 4089 687 4158 Ἰησοῦς
720 4093 967 4160 Χριστὸς,
1001 4094 1066 4147 δι’
1095 4088 1155 4148 οὗ
1193 4097 1260 4149 τὰ
1303 4098 1501 4165 πάντα,
1536 4102 1628 4153 καὶ
1658 4104 1819 4171 ἡμεῖς

247 4178 310 4229 δι’
340 4179 525 4233 αὑτοῦ.
574 4199 593 4232 ι
643 4181 762 4245 Πῶς
795 4179 889 4236 οὖν
951 4184 1208 4238 πολυθεῖα
1253 4186 1426 4253 ἔσται,
1478 4192 1569 4244 καὶ
1625 4192 1818 4246 πολλαὶ

247 4271 404 4341 ἀρχαί
434 4290 448 4338 ;
479 4272 686 4327 Οὐκοῦν
712 4270 791 4339 εἷς
824 4276 1055 4346 ὑπάρχει
1079 4278 1106 4329 ό
1134 4279 1366 4350 Ποιητής
1397 4280 1505 4335 τῶν
1544 4284 1699 4351 ὅλων,
1723 4287 1817 4339 καὶ

246 4360 364 4414 οὕτε
412 4363 593 4417 πολλοὶ
623 4366 759 4430 θεοὶ,
794 4367 973 4431 καθὼς
1019 4369 1175 4439 ὑμεῖς
1221 4369 1432 4439 λέγετε,
1463 4372 1585 4426 οὔτε
1633 4374 1817 4428 πολλοὶ

2380 1936 2671 1993 CCXLV".
2713 1969 2781 1980 —
2821 1939 3028 1995 Eidem.

1990 2023 2109 2091 Qua
2129 2028 2339 2083 ratione
2358 2029 2402 2084 si
2433 2030 2580 2100 quis,
2613 2047 2678 2085 ex
2704 2031 2941 2101 imagine
2970 2033 3111 2100 regis
3135 2029 3339 2086 affabre
3368 2029 3494 2082 dili-

1920 2127 2218 2187 genterque
2260 2133 2326 2171 ex
2359 2120 2619 2189 pretiosis
2660 2120 2861 2190 lapillis
2890 2136 2988 2190 per
3013 2130 3195 2177 catum
3228 2120 3490 2176 artiﬁcem

1920 2215 2239 2262 constructa
2263 2210 2603 2278 suppositam
2630 2211 2871 2265 hominis
2906 2212 3133 2281 ﬁguram
3158 2211 3490 2274 dissolvens,

1922 2299 2142 2368 lapillos
2192 2301 2317 2354 illos
2360 2300 2659 2355 transferat
2698 2302 3204 2371 accommodetque,
3239 2309 3293 2356 et
3324 2316 3391 2357 ex
3426 2302 3495 2354 iis

1919 2385 2152 2441 formam
2202 2390 2359 2445 canis
2416 2399 2511 2444 aut
2569 2391 2751 2461 vulpis
2802 2390 3088 2454 eﬂorntet,
3143 2392 3490 2463 postmodum

1920 2478 2146 2532 deﬁniat
2204 2486 2592 2551 asset'et‘etque
2642 2482 2784 2536 hanc
2826 2482 2974 2554 regis
3020 2482 3167 2535 illam
3212 2498 3337 2539 esse
3369 2498 3492 2555 per-

1921 2570 2235 2639 pulchram,
2299 2586 2463 2642 quam
2526 2572 2748 2643 sapiens
2810 2572 3009 2628 artifex
3069 2583 3489 2638 construxerat,

1920 2662 2137 2733 lapillos
2181 2667 2350 2735 probe
2379 2682 2408 2719 a
2437 2671 2618 2737 primo
2659 2669 2868 2724 artiﬁce
2914 2670 2968 2723 in
3016 2671 3162 2741 regis
3199 2671 3490 2742 imaginem

1918 2763 2256 2824 compactos,
2289 2757 2430 2811 male
2461 2773 2590 2812 vero
2624 2774 2653 2811 a
2688 2761 2933 2815 secundo
2975 2762 3030 2814 in
3067 2762 3222 2815 canis
3258 2762 3488 2816 fortnam

1919 2847 2268 2901 transvectos
2292 2846 2615 2913 ostendens,
2632 2856 2687 2903 et
2708 2863 2911 2902 novum
2950 2850 3005 2903 in
3039 2850 3261 2905 modum
3288 2853 3490 2922 lapillis

1920 2934 2102 2991 indita:
2132 2939 2303 2993 menti
2338 2939 2593 3010 imaginis
2634 2941 2879 3006 nescius,
2910 2942 3003 3011 qui
3043 2958 3110 2997 ex
3148 2941 3321 3014 ﬁgura
3349 2947 3492 3016 regis

1922 3026 2212 3098 imaginem
2270 3044 2380 3083 non
2442 3041 2784 3100 receperunt,
2836 3033 3096 3098 instruat,
3151 3035 3493 3106 suadereque

1923 3125 2157 3172 conatur
2197 3119 2339 3174 hanc
2389 3122 2723 3176 cmarcidam
2774 3123 2953 3192 vulpis
2987 3124 3234 3196 figuram,
3272 3131 3494 3198 perpul-

1921 3206 2110 3263 chram
2144 3211 2290 3264 illam
2319 3211 2463 3283 regis
2489 3213 2779 3283 imaginem
2802 3230 2926 3271 esse
2951 3232 2964 3268 :
2994 3217 3183 3271 eadem
3213 3221 3489 3275 hazresenn

1922 3302 2080 3372 primi
2112 3313 2388 3373 parentes,
2416 3321 2567 3362 more
2595 3309 2921 3375 vetularum,
2949 3309 3115 3364 verba
3147 3320 3201 3365 et
3222 3311 3493 3369 dictiones

1921 3396 2394 3461 consarcinantes,
2422 3398 2530 3470 93
2553 3409 2605 3454 et
2639 3399 2841 3455 divinae
2874 3398 3174 3472 Scriptura:
3201 3406 3491 3473 parabolas

1921 3488 2216 3542 nonnullas
2241 3491 2687 3556 avellentes,suis
2715 3491 2912 3548 fabulis
2936 3495 3154 3564 eloquia
3180 3493 3273 3551 Dei
3288 3511 3492 3551 accum-

1922 3580 2145 3633 tuodare
2175 3582 2533 3638 contendunt.
2566 3583 2673 3639 Sed
2709 3601 2802 3639 vos
2829 3586 2995 3642 hosce
3032 3603 3099 3643 ne
3134 3588 3418 3661 ignoretis.

2246 3833 2561 3891 CCXLVIII.
2596 3870 2667 3880 —-
2699 3838 3157 3898 TIIEOCIJANO.

1997 3947 2014 3978 ι
2039 3927 2142 3982 Sed
2176 3928 2395 3998 nobis,»
2426 3929 2831 3999 aitApostolus,
2861 3950 3032 3987 ulnus
3056 3933 3198 3989 Deus
3215 3933 3393 4001 Pater,
3423 3956 3488 3992 ex

1920 4033 2030 4088 quo
2060 4019 2263 4082 omnia,
2287 4029 2341 4073 et
2369 4035 2469 4074 nos
2493 4021 2548 4073 in
2575 4022 2726 4074 illum
2753 4039 2768 4088 ;
2791 4030 2845 4075 et
2871 4039 3013 4077 unus
3036 4023 3305 4082 Dominus
3329 4026 3487 4084 Jesus

1918 4109 2195 4175 Christus,
2230 4124 2325 4178 per
2368 4126 2532 4178 quem
2577 4112 2783 4174 omnia,
2812 4122 2865 4166 ct
2895 4128 2995 4166 nos
3028 4128 3125 4181 per
3158 4117 3332 4182 ipsum
3363 4120 3426 4170 “.
3467 4143 3483 4170 ι

1918 4199 2208 4269 Quomodo
2234 4200 2423 4268 itaque
2458 4199 2616 4251 multi
2657 4200 2731 4253 dii
2775 4209 2958 4269 erunt,
2994 4211 3049 4257 et
3082 4204 3251 4258 multa
3283 4210 3488 4276 pt‘it.ci-

1917 4292 2051 4362 pia?
2096 4290 2213 4344 Erit
2260 4304 2392 4360 ergo
2442 4304 2587 4344 unus
2640 4292 2885 4345 omnium
2938 4293 3223 4362 Conditor,
3276 4307 3331 4353 et
3378 4317 3488 4356 nun

1918 4384 2077 4439 multi
2105 4383 2203 4448 dii,
2237 4392 2295 4438 ut
2344 4398 2441 4438 vos
2479 4385 2833 4449 asseveratis,
2879 4402 3057 4457 neque
3104 4390 3260 4445 multi
3296 4407 3482 4449 mones

248 4453 453 4518 αἰῶνες,
481 4454 710 4525 ἂρῥενές
758 4473 817 4508 τε
846 4458 938 4509 καὶ
970 4457 1198 4527 θήλειαι.
1238 4460 1381 4529 Ἔφη
1417 4460 1523 4531 γὰρ
1563 4462 1591 4513 ό
1635 4463 1813 4531 μακά-

1922 4476 2147 4531 masculi
2188 4484 2242 4529 et
2280 4476 2516 4533 feminae.
2554 4472 2688 4530 Nam
2720 4476 2912 4533 beatus
2937 4477 3179 4534 Paulus:
3214 4501 3233 4531 ι
3265 4481 3320 4536 Si
3359 4496 3487 4537 sunt

252 4560 355 4614 ριος
382 4547 611 4611 Παῦλος,
637 4549 720 4602 ὅτι
755 4567 775 4599 ι
798 4548 968 4623 Εἴπερ
1000 4551 1105 4602 εἰσὶ
1126 4550 1405 4620 λεγόμενοι
1432 4552 1616 4607 πολλοὶ
1643 4553 1807 4617 θεοὶ,›

248 4635 303 4688 τὸ
324 4637 396 4701 δὲ,
425 4640 737 4707 λεγόμενοι
757 4679 773 4703 ,
796 4639 874 4703 ὡς
914 4642 1043 4710 περὶ
1097 4640 1171 4712 μὴ
1220 4642 1573 4713 ὑπαρχόντων
1607 4645 1814 4714 ἀπεφή-

249 4744 383 4784 νατο.
426 4732 557 4784 Οὐδὲ
608 4731 717 4801 γὰρ
773 4732 885 4785 θεοί
933 4735 1069 4786 εἰσιν
1098 4734 1285 4803 ἥλιος,
1318 4735 1411 4788 καὶ
1454 4735 1675 4806 σελήνη,
1718 4742 1814 4791 κα)⁸

249 4818 461 4891 ἀστέρες
484 4861 498 4885 ,
528 4824 622 4876 καὶ
650 4823 718 4876 τὰ
747 4824 873 4893 ἑξῆς
903 4825 1195 4895 κτίσματα.
1224 4826 1332 4878 Καὶ
1377 4826 1426 4878 oi
1461 4827 1813 4899 πεπλανημέ-

249 4925 320 4962 νοι
343 4911 675 4967 θεοποιοῦσι-δ
714 4915 873 4969 αὑτά.

502 5006 753 5060 ΣΜΘἏ-
782 5007 1061 5077 ΑῐΛῐΑΝῼ
1118 5009 1545 5081 ΔΝΑΓΝΩΣἹᾘ.

321 5093 716 5166 «Ταλαίπωρος
738 5095 851 5164 ἐγὼ
895 5097 1203 5168 ἄνθρωπος,
1248 5099 1331 5163 τίς
1379 5117 1445 5167 με
1497 5100 1717 5169 ῥύσεται
1744 5103 1808 5154 ὲκ

251 5182 331 5233 τοῦ
366 5184 612 5253 σώματος
666 5186 762 5239 τοῦ
806 5186 1033 5239 θανάτου
1082 5188 1299 5252 τούτους
1340 5209 1358 5240 ι
1395 5190 1528 5259 Οὐχὶ
1560 5191 1620 5242 τὸ
1654 5190 1811 5261 σῶμα

253 5269 465 5327 θάνατον
507 5276 775 5346 ὑπάρχειν
819 5278 1173 5346 ἀποφαίνεται
1223 5281 1251 5331 6
1284 5280 1424 5343 θεῖος
1471 5281 1808 5346 Ἀπόστολος,

253 5358 374 5413 ἀλλὰ
405 5363 494 5415 τὸν
550 5365 713 5433 νόμον
749 5368 848 5435 τῆς
876 5367 1184 5437 ἁμαρτίας,
1217 5368 1314 5420 τὸν
1348 5373 1404 5422 έν
1448 5373 1558 5432 τοῖς
1596 5370 1811 5439 μέλεσιν

255 5448 337 5500 τοῦ
366 5450 611 5519 σώματος
631 5454 779 5517 ὂντα,
806 5454 896 5506 διὰ
928 5456 1024 5523 τῆς
1048 5456 1104 5506 ὲν
1133 5456 1210 5523 τῷ
1240 5458 1411 5526 Ἀδὰμ
1449 5459 1811 5526 παραϐάσεως

258 5539 546 5602 φωλεύοντα
574 5546 630 5596 ἐν
657 5546 810 5614 ἡμῖν,
833 5545 927 5598 καὶ
948 5545 1082 5616 πρὸς
1109 5546 1198 5598 τὸν
1228 5546 1455 5603 θάνατον
1479 5550 1575 5618 τῆς
1599 5548 1811 5612 ἀδικίας

259 5628 343 5698 τὴν
369 5631 538 5703 ψυχὴν
569 5635 979 5690 ἐπισπεύδοντα.

1917 4569 2012 4637 qui
2052 4567 2314 4623 dicuntur
2356 4569 2510 4622 multi
2558 4568 2635 4622 dii
2677 4568 2745 4633 δ’,
2794 4588 2813 4621 ι
2848 4571 2994 4640 quod
3039 4572 3289 4627 dicuntur
3315 4615 3328 4639 ,
3378 4593 3487 4629 non

1920 4665 2069 4723 sunt,
2098 4658 2354 4727 protulit.
2384 4658 2573 4728 Neque
2597 4659 2744 4714 enim
2782 4659 2859 4714 dii
2895 4670 3024 4716 sunt
3047 4666 3150 4727 sol,
3183 4672 3235 4718 et
3265 4666 3411 4731 luna,
3436 4677 3488 4720 et

1919 4747 2112 4813 stella),
2145 4755 2199 4800 et
2232 4748 2457 4816 reliqum
2490 4756 2783 4804 creatum.
2830 4748 2894 4803 Et
2935 4753 3087 4820 plani
3130 4753 3381 4809 homines
3425 4772 3488 4809 ea

1919 4832 1974 4884 in
2006 4831 2233 4885 deorum
2270 4849 2501 4888 numero
2535 4836 2829 4891 collocant.

2169 5009 2442 5065 CCXLIX.
2485 5040 2558 5057 —
2594 5012 2876 5068 AELIANO
2911 5014 3228 5069 LECTORI.
3258 5050 3265 5055 ς

1997 5119 2015 5151 ι
2062 5100 2254 5155 Infelix
2285 5116 2388 5171 ego
2422 5103 2610 5168 homo,
2650 5105 2776 5173 quis
2800 5120 2883 5158 me
2914 5106 3164 5160 liberabit
3200 5123 3230 5160 e
3260 5122 3489 5179 corpore

1916 5191 2109 5244 mortis
2140 5192 2304 5259 hujus
2336 5193 2427 5245 "?
2465 5211 2483 5244 ι
2517 5192 2638 5246 Νοιι
2673 5194 2920 5248 decernit
2955 5210 3157 5265 corpus
3194 5213 3319 5253 esse
3346 5217 3489 5256 mor~

1917 5289 2025 5335 tem
2056 5281 2278 5336 divinus
2308 5283 2631 5351 Apostolus,
2666 5285 2758 5337 sed
2796 5285 2968 5353 legem
3011 5287 3241 5354 peccati,
3275 5305 3399 5359 qua:
3436 5293 3488 5346 in

1920 5374 2180 5426 membris
2206 5377 2455 5443 corporis
2498 5384 2603 5437 est.
2628 5391 2722 5444 per
2749 5379 3264 5446 transgressionem,
3288 5397 3407 5450 qua:
3437 5386 3487 5438 iu

1923 5465 2129 5519 Adamo
2167 5467 2285 5528 fuit,
2336 5468 2596 5520 latentem
2655 5468 2707 5518 in
2767 5466 2945 5531 nobis,
2986 5476 3040 5522 et
3104 5470 3158 5524 in
3209 5471 3487 5539 injustitia:

1921 5567 2147 5608 mortem
2176 5557 2414 5609 animam
2448 5557 2884 5624 compcllcntem.

325 5805 365 5837 “
396 5806 563 5863 chit.
597 5825 713 5870 xw,
745 5811 832 5864 48.
911 5812 949 5843 δί
994 5811 1166 5868 ICor.
1211 5828 1328 5877 vm,
1362 5814 1413 5868 ϐ.
1492 5814 1533 5847 υ
1575 5813 1706 5867 Ibid.
1744 5815 1794 5871 5.

1956 5815 2110 5869 litim.
2140 5831 2233 5875 γει,
2256 5815 2346 5870 24.
