3984 6150
420 279 524 347 179

1882 287 1943 348 s.
1982 244 2146 349 NfLI

3564 277 3662 343 180

424 388 708 461 Sapientia
746 389 947 461 quippe
989 387 1083 444 Dei
1127 389 1332 444 dictam
1377 390 1656 446 lucernam
1686 391 1989 471 accendens

2106 392 2230 445 θεοῦ
2280 392 2439 460 σοφία
2481 391 2571 445 τὸν
2616 392 2901 464 εἰρημένον
2946 392 3129 462 ἅψασα
3172 390 3365 463 λύχνον
3403 384 3540 463 ηὗρε
3567 400 3664 465 τὴν

423 479 738 535 drachmam
766 478 1108 548 deperditam
1135 478 1345 533 invenit
1372 480 1441 532 ".
1546 550 1555 557 κ

913 566 1112 624 CCLX.
1150 601 1221 611 —
1253 569 1461 629 Eidem.

495 661 651 727 Quod
699 659 875 715 salute
917 667 1003 715 est
1044 661 1296 731 dignum,
1328 675 1492 716 omne
1540 662 1821 717 inventum
1868 669 1993 727 est;

426 749 707 819 indignum
732 754 961 817 propter
994 749 1450 820 impaenitentiam
1482 758 1538 806 et
1568 761 1846 821 stuporem
1879 766 1991 805 non

425 839 629 894 dicitur
668 839 973 895 inventum.
1011 858 1031 893 ι
1076 840 1290 896 Etenim
1326 842 1457 897 licet
1495 842 1605 898 sint
1631 842 1794 896 sicuti
1827 856 1994 896 arena

425 929 612 992 maris,
650 929 901 1000 reliquiae
946 932 1309 990 salvahuntur
1355 934 1424 997 ",
1462 952 1482 987 ι
1514 933 1629 991 sive
1669 933 1818 1004 quod
1849 933 1994 1004 apud

423 1020 749 1090 Apostolum
781 1022 1064 1078 residuum
1114 1025 1420 1079 secundum
1455 1027 1782 1082 electionem
1820 1026 2008 1096 gratia

425 1113 655 1176 dicitur,
686 1112 799 1183 98
820 1113 967 1183 quod
999 1130 1094 1183 per
1119 1115 1278 1169 ﬁdem
1309 1122 1559 1171 servatur
1579 1117 1646 1170 ⁵⁸.

924 1204 1149 1261 CCLXI.
1188 1236 1259 1246 ——-
1293 1205 1506 1262 Eidem.

499 1294 555 1347 Si
587 1310 802 1356 omnes,
829 1307 886 1355 ut
909 1304 966 1350 tu
989 1297 1150 1363 dicis,
1183 1299 1491 1363 salvantur,
1512 1299 1793 1369 quomodo
1815 1298 1995 1355 factus

428 1399 550 1438 sum
593 1384 851 1440 omnibus
895 1385 1105 1448 omnia,
1162 1395 1220 1440 ut
1279 1388 1507 1441 omnino
1550 1388 1788 1458 aliquem
1827 1389 1998 1443 lucri-

430 1473 661 1527 l'acerein
696 1473 779 1526 "'2
820 1492 838 1525 ι
874 1473 1159 1540 Quomodo
1193 1475 1260 1529 ad
1291 1477 1661 1531 aemulandum
1700 1493 1992 1548 provocem

428 1577 652 1617 carnem
705 1580 902 1628 meam,
954 1572 1013 1619 ut
1072 1566 1288 1636 aliquos
1333 1582 1401 1621 ex
1455 1568 1587 1633 illis,
1633 1584 1740 1623 non
1782 1584 1994 1634 omnes,

430 1653 612 1708 salvos
643 1652 843 1708 faciam
883 1655 967 1709 “7
1008 1675 1026 1707 ι

922 1745 1170 1801 CCLXII.
1211 1776 1281 1785 —
1316 1747 1523 1805 Eidem.

497 1833 756 1890 Nonnulli
782 1837 1081 1907 prophetas
1106 1853 1236 1908 apes
1263 1848 1587 1908 nuncupant
1618 1859 1631 1895 ι
1661 1841 1996 1896 mellilicium

428 1939 617 1979 eorum
668 1928 892 1983 tradunt
928 1942 1052 1983 esse
1098 1930 1341 1984 divinam
1380 1931 1742 1998 Scripturam.
1789 1931 1996 1987 Bonum

431 2017 615 2086 itaque
641 2016 808 2073 fuerit
841 2020 1068 2077 credere
1100 2021 1380 2077 Salomoni
1410 2023 1614 2078 dicenti
1654 2043 1667 2078 :
1711 2042 1730 2075 ι
1773 2025 1874 2079 Fili
1900 2026 1993 2091 mi,

429 2107 654 2163 comede
688 2111 816 2176 mel,
852 2119 910 2164 ut
944 2113 1144 2167 animae
1173 2112 1360 2168 fauces
1394 2115 1715 2170 dulcescant
1744 2116 1809 2170 “.
1848 2132 1870 2166 ν
1904 2116 1997 2170 Ci-

427 2193 556 2247 bum
591 2196 806 2260 dulcem
851 2212 916 2252 ac
951 2200 1207 2253 melleuin
1241 2209 1401 2255 vocat
1445 2202 1761 2269 lectionem,
1794 2211 1849 2260 et
1881 2204 1996 2259 elo-

426 2286 680 2354 quiorum
713 2286 957 2359 Spiritus
984 2291 1417 2349 meditationem.

898 2467 1165 2525 CCLXIII.
1202 2501 1273 2513 —
1306 2470 1512 2527 Eidem.

498 2556 693 2615 Poscis
736 2573 766 2612 a
808 2575 916 2627 me,
951 2561 1087 2631 quid
1116 2563 1249 2617 illud
1284 2575 1459 2633 netet,
1496 2568 1642 2637 quod
1679 2569 1945 2625 scribitur
1976 2588 1990 2624 :

432 2668 449 2703 ι
489 2650 609 2705 Νοιι
657 2653 1031 2721 cognoscebat
1071 2653 1273 2726 Joseph
1321 2656 1571 2725 Mariam,
1614 2660 1792 2718 donec
1828 2677 1994 2734 pepe—

425 2744 499 2797 rit
534 2741 618 2794 “?
661 2759 679 2792 ι
721 2741 772 2795 id
800 2752 903 2809 est,
934 2759 1040 2799 non
1082 2747 1333 2811 callebat,
1372 2765 1549 2820 neque
1584 2752 1817 2817 sciebat,
1846 2751 1993 2823 quod

424 2830 657 2900 Ileipara
691 2831 858 2888 Maria
883 2835 1291 2894 ostenderetur.
1323 2837 1428 2894 Sed
1469 2849 1594 2911 post
1627 2850 1846 2912 partum
1890 2842 1991 2896 ad-

422 2922 734 2976 mirabilem
810 2927 1279 3002 annuntiavcrunt
1344 2938 1599 2999 pastores
1667 2933 1989 3003 angelorum

2022 1732 2070 1790 B

2095 483 2344 555 δραχμὴν
2370 481 2468 553 τήν
2494 482 2854 558 άπολωλυίαν.

2617 575 2731 631 ΣΞ’.
2766 604 2837 614 -
2865 575 2948 645 Τῷ
2981 573 3160 639 αὐτῷ.

2163 665 2279 719 Πᾶν
2308 665 2371 718 τὸ
2407 663 2557 730 ἄξιον
2587 664 2861 735 σωτηρίας
2899 664 3108 734 ηὑρέθη
3127 703 3143 729 ,
3168 664 3230 718 τὸ
3259 666 3305 718 δ’
3338 664 3553 730 ἀνάξιον
3577 666 3664 720 διὸ

2092 757 2191 826 τὴν
2231 755 2629 827 ἀμετανοησίαν
2652 794 2667 819 ,
2702 755 2795 809 καὶ
2825 754 2922 826 τὴν
2953 755 3212 825 πώρωσιν
3255 756 3354 825 οὐχ
3400 757 3663 828 εὑρῆσθαι

2093 848 2347 916 λέγεται·
2374 866 2391 899 ι
2440 849 2564 902 Ἐὰν
2608 847 2717 917 γὰρ
2763 846 3000 917 ὑπάρχει
3047 844 3236 917 ὥσπερ
3273 847 3303 899 ό
3338 847 3521 917 ἄμμος
3567 849 3665 918 τῆς

2095 939 2405 1011 θαλάσσης,
2438 940 2499 993 τὸ
2536 939 2889 1009 κατάλειμμα
2918 937 3243 1009 σωθήσεται,
3278 957 3297 989 ι
3335 939 3454 1007 ήτοι
3487 939 3550 991 τὸ
3578 939 3667 992 λε-

2093 1031 2322 1103 γόμενον
2380 1030 2534 1101 παρὰ
2564 1029 2641 1101 τῷ
2674 1028 2984 1103 ’Δποστόλῳ
3031 1029 3237 1100 λεῖμμα
3271 1029 3390 1083 κατ’
3435 1030 3665 1101 ἐκλογὴν

2095 1123 2319 1196 χάριτος
2355 1108 2661 1193 σωζόμενον
2693 1121 2780 1175 διὰ
2809 1122 3065 1184 πίστεως.

2585 1214 2748 1267 ΣΞΑ’.
2773 1242 2843 1252 -
2879 1211 2962 1277 Τῷ
2991 1209 3169 1275 αὐτῷ.

2167 1304 2227 1356 Εἰ
2254 1301 2470 1366 πάντες,
2505 1302 2581 1364 ώς
2604 1302 2804 1370 λέγεις,
2830 1299 3124 1364 σώζονται,
3156 1296 3274 1360 πῶς
3312 1298 3447 1350 πᾶσι
3468 1298 3663 1366 γέγονα

2095 1394 2292 1457 πάντα,
2308 1395 2395 1449 ἵνα
2424 1396 2640 1457 πάντως
2662 1393 2783 1447 τινὰ
2808 1392 2994 1456 σώσω;
3025 1410 3042 1442 ι
3064 1389 3186 1452 Πῶς
3206 1389 3263 1442 δὲ
3286 1389 3665 1459 παραζηλώσω

2098 1503 2199 1550 μου
2243 1486 2342 1554 τὴν
2381 1485 2558 1556 σάρκα
2588 1486 2736 1548 ὅπως
2774 1483 2932 1542 σώσω
2959 1482 3110 1547 τινὰς
3141 1480 3202 1547 ἐξ
3231 1479 3432 1546 αὐτῶν,
3476 1480 3569 1533 καὶ
3599 1479 3660 1533 οὐ

2096 1581 2301 1645 πάντας
2325 1598 2339 1647 ;
2372 1600 2392 1632 ›

2586 1752 2744 1808 ΣΞΒ’.
2773 1784 2840 1793 -
2874 1753 2958 1818 Τῷ
2992 1751 3169 1818 αὐτῷ.

2168 1845 2444 1909 Μελίσσας
2481 1845 2623 1906 τινὲς
2655 1845 2783 1908 τοὺς
2832 1845 3119 1915 προφήτας
3160 1844 3535 1914 κικλήσκουσι,
3567 1859 3663 1912 με·

2096 1932 2461 2006 λισσουργεῖον
2488 1932 2532 1985 δ’
2557 1932 2734 1985 αὐτῶν
2763 1935 2861 2005 τὴν
2891 1934 3039 1988 θείαν
3064 1929 3202 1987 εἶναι
3218 1933 3460 2004 Γραφήν.
3486 1930 3667 1987 Καλὸν

2096 2023 2273 2079 τοίνυν
2303 2025 2559 2095 ὑπάρχει,
2592 2015 2875 2078 πείθεσθαι
2906 2024 2985 2094 τῷ
3016 2024 3321 2095 Σολομῶντι
3363 2024 3623 2091 φάσκοντι
3646 2038 3661 2052 ’

2106 2134 2124 2168 ι
2165 2115 2264 2168 Υίέ
2295 2133 2419 2186 μου,
2456 2116 2597 2183 φάγε
2617 2116 2760 2186 μέλι,
2783 2117 2931 2180 ὅπως
2954 2114 3019 2168 ἂν
3049 2115 3409 2185 γλυκανθείης
3437 2112 3528 2167 τὸν
3564 2110 3665 2181 τῆς

2094 2207 2270 2277 ψυχῆς
2326 2206 2605 2277 φάρυγγα.
2651 2225 2670 2258 ι
2708 2206 2921 2279 Βρῶσιν
2951 2208 3009 2261 δὲ
3061 2206 3207 2274 λέγει
3261 2205 3538 2273 γλυκεῖαν,
3569 2204 3667 2257 καὶ

2098 2298 2363 2370 μελιτώδη
2385 2299 2484 2370 τὴν
2513 2299 2815 2368 ἀνάγνωσιν
2849 2300 2943 2354 καὶ
2962 2301 3061 2371 τὴν
3087 2298 3312 2372 μελέτην
3336 2296 3445 2351 τῶν
3466 2294 3666 2365 λογίων

2093 2388 2187 2442 τοῦ
2215 2389 2355 2442 Πνεύ
2363 2406 2551 2458 ματος.

2400 2478 2411 2491 ³
2590 2482 2746 2537 ΣΞΡ.
2772 2513 2844 2523 —
2878 2482 2961 2549 Τῷ
2992 2481 3169 2547 αὐτῷ.

2165 2572 2416 2646 Πυνθάνῃ
2444 2590 2566 2643 μου,
2605 2572 2661 2626 τί
2707 2573 2825 2624 ἐστι
2852 2570 2911 2624 τὸ
2936 2568 3313 2640 γεγραμμένον
3338 2605 3354 2632 ,
3382 2567 3464 2619 ὁτι
3487 2583 3507 2617 ι
3544 2565 3665 2618 Οὐκ

2093 2664 2388 2733 ἐγίνωσκεν
2423 2665 2618 2735 Ἰωσὴφ
2640 2664 2739 2734 τὴν
2766 2661 3119 2734 Μαρίαν,⁶ἑως
3152 2654 3214 2713 οὗ
3240 2659 3476 2711 ἔτεκεν.»
3497 2657 3664 2709 Τουτ-

2094 2756 2261 2818 ἐστιν,
2295 2755 2396 2809 οὐκ
2427 2756 2570 2827 ᾔδει,
2598 2755 2718 2809 οὐδὲ
2740 2755 3030 2826 ἠπίστατο,
3063 2753 3144 2807 ὅτι
3181 2750 3444 2812 Θεοτόκος
3474 2751 3508 2820 ή
3544 2750 3664 2803 Μα-

2095 2850 2186 2920 ρία
2213 2849 2581 2921 δειχθήσεται.
2611 2848 2765 2902 Μετὰ
2796 2847 2851 2900 δὲ
2892 2846 2984 2901 τὸν
3010 2841 3313 2915 παράδοξον
3334 2841 3513 2905 τόκον,
3549 2840 3661 2893 άπ-

2093 2941 2353 3010 ήγγειλαν
2381 2942 2431 2993 οί
2461 2939 2719 3010 ποιμένες
2764 2939 2891 3000 τοὺς
2926 2936 3118 3004 λόγους
3156 2933 3264 2987 τῶν
3293 2931 3561 3000 ἀγγέλων,
3577 2931 3662 2984 ὅτι

422 3026 707 3067 sermones
743 3032 756 3068 :
795 3032 813 3065 ι
849 3013 1023 3071 Natus
1059 3028 1142 3073 est
1188 3019 1243 3073 in
1277 3021 1483 3075 mundo
1508 3021 1764 3078 Christus
1799 3021 1986 3079 Domi-

2106 3031 2365 3102 ιἘτέχθη
2414 3033 2565 3103 παρὰ
2596 3031 2675 3101 τῷ
2714 3031 2899 3100 κόσμῳ
2941 3027 3171 3099 Χρτστὸς
3196 3025 3400 3096 Κύριος
3423 3024 3481 3077 ἐν
3509 3022 3663 3076 πόλει

423 3116 528 3156 nus
560 3101 614 3156 in
646 3106 871 3159 civitate
910 3105 1078 3161 David
1109 3109 1175 3164 ".
1210 3126 1229 3161 ι
1266 3109 1331 3163 Ει
1365 3129 1378 3165 :
1409 3129 1426 3163 ι
1457 3110 1644 3169 Gloria
1674 3113 1729 3167 in
1753 3114 1985 3171 excelsis

419 3192 552 3257 Deo,
587 3201 642 3248 et
677 3195 730 3249 in
759 3204 900 3250 terra
947 3214 1049 3268 par
1082 3200 1149 3264 “,
1189 3220 1207 3252 ι
1240 3210 1349 3257 etc.

523 3283 796 3340 CCLXIV.
834 3318 899 3328 --
934 3288 1382 3349 CALLIMACHO
1412 3293 1869 3353 MEMORIALIO.

491 3376 731 3447 Simplex
778 3395 840 3433 ac
875 3382 1017 3434 nuda
1055 3383 1321 3441 divinitus
1362 3388 1647 3457 inspirata:
1681 3388 1987 3458 Scriptura:

418 3467 599 3525 littera
640 3471 796 3525 favus
827 3470 872 3501 "
904 3487 1011 3525 non
1051 3475 1189 3530 male
1232 3477 1438 3533 dicitur
1476 3500 1487 3533 :
1520 3481 1613 3549 qui
1665 3481 1772 3534 sub
1803 3481 1986 3536 littera

417 3561 582 3627 veluti
622 3561 917 3618 thesaurus
954 3566 1318 3626 absconditur
1362 3588 1584 3641 sensus,
1619 3573 1848 3645 ﬁgurate
1882 3574 1987 3629 mel

418 3656 729 3713 vocabitur.

589 3747 703 3819 99
728 3748 974 3809 CCLXV.
1006 3786 1075 3795 —-
1097 3753 1325 3813 PAULO
1359 3759 1819 3819 DECEMPRIMO.

493 3858 511 3887 ε
551 3838 690 3895 Ecce
718 3856 818 3912 ego
844 3854 897 3899 et
938 3848 1088 3915 pueri
1128 3849 1231 3902 mei
1264 3850 1349 3915 ‘5;
1391 3870 1410 3903 ι
1447 3851 1705 3908 Servator
1733 3854 1987 3910 Christus

417 3946 515 3999 μοι·
548 3931 745 3986 Isaiam
781 3934 1076 3993 clamabat.
1112 3937 1584 4004 Quemadmodum
1615 3945 1760 3999 enim
1784 3962 1987 4017 pueru-

419 4021 488 4075 lis
519 4023 726 4079 sanctis
764 4026 1042 4096 expedivit
1079 4028 1359 4096 Servator,
1402 4048 1742 4106 qumcunquc
1777 4037 1855 4091 illi
1896 4052 1988 4091 ca-

417 4129 544 4184 pere
572 4125 853 4184 poterant,
888 4121 1124 4191 aiiisque
1165 4123 1501 4179 ministrare.
1547 4127 1751 4183 Christi
1783 4129 1987 4199 quippe

417 4206 735 4276 pcri‘ectionl
763 4213 937 4266 sancti
969 4228 1160 4267 omnes
1192 4215 1510 4284 aequiparati
1547 4219 1696 4286 pueri
1729 4227 1879 4273 sunt.

661 4300 937 4376 CCLXVI.
975 4331 1044 4342 —-
1070 4302 1372 4359 CYRILLO
1431 4305 1736 4362 ΡιιιιιΑτι.

2090 3130 2251 3184 Δαυῖδ
2271 3148 2284 3163 ο
2321 3149 2340 3182 ι
2372 3130 2466 3184 καί
2496 3147 2510 3161 ·
2549 3148 2568 3181 ι
2603 3129 2740 3193 Δόξα
2773 3131 2829 3182 ὲν
2863 3127 3106 3197 ὑψίστοις
3138 3123 3278 3193 Θεῷ,
3306 3123 3401 3176 καὶ
3434 3121 3529 3174 ἐπὶ
3554 3120 3661 3190 γῆς

2089 3226 2281 3298 είρήνη
2305 3244 2324 3276 ι
2355 3226 2449 3278 καὶ
2479 3224 2548 3277 τὰ
2574 3223 2721 3293 ἑξῆς.

2262 3315 2417 3370 ΣΞΔν.
2452 3344 2522 3355 -
2560 3312 2975 3383 ΚΔΛΛΙΜΑΧῼ
3027 3309 3481 3379 ΜΕΜοΡιΑΑιῼ.

2157 3407 2330 3461 Ψιλὸν
2370 3407 2431 3459 τὸ
2468 3405 2703 3477 γράμμα
2743 3404 2842 3473 τῆς
2876 3402 3237 3456 θεοπνεύστου
3277 3399 3522 3472 Γραφῆς,
3557 3413 3662 3465 κη-

2088 3496 2202 3567 ρίον
2236 3496 2302 3549 ἂν
2324 3488 2560 3563 λέγοιτο·
2580 3495 2608 3546 ό
2644 3494 2699 3546 δέ
2720 3509 2784 3560 γε
2816 3494 2874 3545 ὲν
2907 3492 2986 3561 τῷ
3018 3491 3304 3563 γράμματι
3331 3488 3657 3558 τεθησαυρι-

2088 3588 2281 3658 σμένος
2312 3586 2456 3650 νοῦς,
2491 3585 2611 3656 μέλι
2650 3583 2927 3656 τροπικῶς
2952 3582 3272 3654 ῥηθήσεται.

2551 3787 2619 3798 -
2645 3757 2874 3829 ΠΑΥΛῼ
2905 3754 3376 3824 ΔΕΚΕΜΠΡΙΜῼ.

2160 3872 2179 3904 ι
2224 3850 2353 3905 ’ἰδοὺ
2379 3850 2487 3919 ἐγὼ
2513 3851 2607 3906 καὶ
2640 3851 2706 3904 τὰ
2740 3850 2924 3904 παιδία
2960 3867 3080 3921 μου,
3104 3867 3123 3900 ι
3149 3846 3378 3919 Χριστὸς
3410 3846 3437 3898 ὁ
3468 3843 3662 3914 Σωτὴρ

2084 3939 2214 3994 ἐϐόα
2251 3941 2337 3993 διὰ
2369 3938 2461 3993 τοῦ
2504 3940 2744 3994 Ἡσαΐου.
2789 3939 2879 4001 Ὠς
2904 3940 3009 4008 γὰρ
3040 3936 3269 3998 παιδίοις
3312 3932 3604 3986 διείλεκται
3626 3931 3659 3983 ό

2085 4034 2275 4104 Σωτὴρ
2320 4034 2432 4094 τοῖς
2470 4032 2662 4100 ἁγίοις,
2689 4032 2786 4084 ὅσα
2841 4031 3085 4100 χωρῆσαι
3127 4026 3397 4089 ἐδύναντο,
3427 4021 3658 4082 καὶτοῖς

2085 4123 2264 4184 ἄλλοις
2292 4121 2625 4192 διακονῆσαι·
2652 4120 2787 4190 πρὸς
2817 4119 2924 4188 γὰρ
2952 4110 3049 4189 τὴν
3079 4116 3173 4170 τοῦ
3221 4111 3456 4185 Χριστοῦ
3486 4110 3657 4164 τελει-
3730 4150 3739 4156 .

2085 4216 2273 4285 ότητα,
2301 4216 2501 4278 πάντες
2533 4216 2580 4267 oi
2602 4212 2747 4282 ἅγιοι
2776 4212 2964 4265 παιδία
2984 4209 3362 4278 τυγχάνουσιν.

2308 4307 2482 4375 ΣΞΕΓ.
2511 4336 2577 4346 -
2614 4304 2921 4375 ΚΥΡΙΛΛῼ
2971 4299 3431 4355 ΠΡΩΤΕΥΟΝΤΙ.

483 4386 744 4456 Figiirate
769 4388 1042 4457 principio
1064 4389 1282 4442 condita
1314 4391 1423 4443 Eva
1465 4393 1577 4449 vita
1605 4402 1796 4449 vocata
1817 4404 1900 4450 est
1923 4396 1987 4462 ⁸⁷,

2161 4398 2419 4461 Τυπικῶς
2456 4400 2490 4467 ή
2530 4395 2718 4466 πρώτη
2752 4392 2861 4448 Εὕα
2889 4393 3001 4462 ζωὴ
3046 4390 3272 4459 ἐκλήθη,
3321 4388 3407 4441 ἵνα
3439 4387 3654 4458 σημάνῃ

416 4488 477 4530 ιιι
513 4477 591 4530 illi
626 4476 927 4533 secundam
972 4479 1284 4546 adnotarct,
1336 4492 1584 4537 sanctam
1631 4499 1825 4556 nempe
1871 4485 1984 4539 Ma-

413 4570 576 4631 riam,
631 4583 753 4637 qute
804 4569 973 4623 vitam
1030 4570 1314 4625 hominum
1364 4572 1643 4628 Christum
1697 4574 1983 4630 Dominum

414 4658 602 4727 gloriae
628 4662 857 4731 peperit.
895 4659 1015 4731 Ipsa
1044 4662 1314 4741 siquidem
1345 4678 1472 4719 vera
1508 4673 1686 4719 mater
1717 4666 1981 4731 omnium,

412 4750 508 4819 qui
534 4751 865 4821 evangelicis
886 4753 1167 4827 praeceptis
1192 4762 1556 4810 consentanee
1575 4755 1784 4823 vivunt,
1811 4773 1984 4829 neque

412 4856 510 4913 per
541 4841 979 4898 incredulitatem
1010 4843 1208 4901 animis
1250 4846 1619 4909 emoriuntur,
1651 4848 1980 4904 ostenditur.

879 4934 1171 4993 CCLXVII.
1202 4967 1271 4978 —
1301 4938 1509 4993 Eidem.

480 5022 614 5089 Quis
641 5033 812 5082 artem
838 5030 1127 5084 textoriam
1155 5030 1480 5087 mulieribus
1507 5034 1762 5100 tradidit,
1790 5049 1817 5088 ο
1846 5032 1984 5089 Jobo

406 5113 672 5169 Dominus
721 5127 1077 5187 percontatur
1109 5120 1173 5173 ⁵⁸.
1221 5119 1403 5177 Prima
1457 5125 1729 5195 siquidem
1785 5126 1984 5180 mulier

410 5205 769 5261 texendorum
799 5211 1280 5277 vestimentorum,
1329 5230 1451 5285 quae
1488 5217 1665 5273 oculis
1707 5218 1982 5286 objiciun-

411 5306 521 5357 tur,
552 5299 871 5365 sapientiam
908 5303 1117 5370 habuit,
1151 5313 1210 5358 ut
1246 5315 1516 5373 patentem
1547 5323 1841 5379 corporum
1877 5326 1979 5364 nu-

408 5385 633 5438 ditatem
687 5386 793 5442 illis
841 5402 1276 5464 contegeremus.
1325 5399 1395 5451 At
1442 5400 1700 5467 secunda,
1748 5399 1977 5469 Deipara

2088 4490 2187 4560 τὴν
2233 4487 2507 4558 δευτέραν,
2536 4486 2803 4549 τουτέστι,
2826 4484 2925 4553 τὴν
2965 4482 3125 4548 ἁγίαν
3155 4478 3374 4549 Μαρίαν
3405 4477 3506 4546 τὴν
3533 4494 3657 4545 γεν-

2089 4581 2329 4651 νήσασαν
2356 4577 2455 4648 τὴν
2484 4576 2627 4648 ζωήν
2665 4575 2773 4628 τῶν
2817 4572 3117 4644 ἀνθρώπων
3152 4568 3386 4642 Χριστὸν
3416 4567 3510 4621 τὸν
3542 4566 3657 4619 Κύοο

2094 4686 2207 4740 ριον
2239 4671 2336 4739 τῆς
2364 4667 2542 4738 δόξης.
2579 4667 2729 4734 Αὕτη
2777 4665 2885 4736 γὰρ
2917 4663 3133 4735 ἀληθῶς
3164 4663 3345 4733 μήτηρ
3384 4659 3654 4712 δείκνυται

2098 4742 2308 4819 πάντων
2343 4760 2452 4813 τῶν
2505 4758 2876 4828 εὐαγγελικῶς
2905 4756 3142 4820 ζώντων,
3185 4755 3274 4807 καὶ
3315 4752 3389 4822 μὴ
3422 4748 3656 4820 ἀποθνη-

2092 4851 2329 4906 σκόντων
2350 4849 2451 4912 τὰς
2477 4849 2656 4921 ψυχάς
2678 4849 2766 4904 διὰ
2790 4851 2890 4920 τῆς
2914 4847 3191 4910 ἀπιστίας.

2578 4942 2737 4999 ΣΞΖ’.
2766 4974 2835 4983 —
2872 4940 2957 5006 Τῷ
2984 4939 3161 5005 αὐτῷ.

2156 5036 2253 5099 Τίς
2281 5036 2447 5091 ἔδωκε
2479 5037 2691 5105 γυναιξὶ
2732 5033 2923 5103 σοφίαν
2956 5035 3292 5104 ὑφαντικήνς
3325 5035 3352 5086 ό
3382 5031 3655 5099 Δεσπότης

2083 5128 2161 5197 τῷ
2203 5126 2322 5181 ’1ὼό
2345 5128 2630 5197 διελέγετο.
2680 5127 2745 5179 Ἥ
2775 5128 2872 5198 μὲν
2907 5128 3015 5197 γὰρ
3045 5126 3237 5198 πρώτη
3283 5123 3419 5193 γυνὴ
3462 5121 3654 5189 σοφίας

2083 5217 2382 5288 τετύχηκεν
2429 5217 2733 5287 ὲξυφαίνειν
2780 5218 2970 5288 ἱμάτια
3020 5203 3367 5288 βλεπόμενα,
3420 5213 3506 5267 ἵνα
3556 5213 3655 5284 τήν

2086 5311 2417 5382 φαινομένην
2443 5310 2549 5363 τῶν
2574 5308 2842 5374 σωμάτων
2870 5307 3145 5379 γύμνωσιν
3165 5306 3370 5369 τούτοις
3398 5305 3655 5375 περισκέο

2086 5419 2296 5472 πωμεν.
2345 5403 2409 5455 Ἦ
2440 5402 2496 5456 δὲ
2538 5401 2787 5472 δευτέρα,
2821 5401 3153 5470 τουτέστινή
3184 5398 3467 5463 Θεοτόκος,
3497 5398 3649 5468 τηλι-

480 5515 534 5601 ’.ξ
556 5515 690 5570 Luc.
720 5534 806 5574 xv.
870 5522 954 5601 8..-
998 5524 1223 5601 "limit.
1262 5544 1330 5601 ιι,
1387 5529 1514 5601 ‘21;
1563 5528 1664 5601 lsa.
1700 5547 1761 5601 _x,
1804 5530 1890 5583 ἓξ.
1971 5531 1989 5562 ⁵

2106 5537 2227 5589 inm.
2268 5549 2346 5598 xu,
2388 5534 2441 5590 5.
2517 5538 2562 5569 ⁵³
2600 5537 2618 5592 l
2654 5536 2781 5591 Cor.
2825 5554 2900 5599 ix,
2941 5537 3030 5592 22.
3109 5538 3154 5569 ⁶⁰
3191 5535 3354 5591 Rom.
3419 5552 3495 5601 in,
3560 5537 3646 5590 14.

497 5582 652 5662 ξξιηιν.
704 5604 847 5662 xxiv,
897 5590 977 5662 l3.
1044 5594 1098 5662 7"
1140 5582 1329 5648 Matth.
1373 5615 1410 5659 I,
1448 5582 1537 5651 ‘23.
1589 5582 1661 5630 “'7
1699 5582 1830 5653 Luci.
1877 5617 1931 5662 ιι,
1969 5603 1985 5653 ι

2106 5582 2173 5633 λε
2213 5582 2345 5657 ibid:

415 5652 457 5689 9⁷
496 5653 630 5706 Cen.
676 5672 732 5719 ιι,
774 5658 856 5710 i9.
936 5660 979 5689 ⁸³
1028 5661 1129 5716 Joh
1159 5652 1510 5729 {XXV'III,'36.

2470 5607 2553 5663 Η.
2630 5608 2673 5640 ⁸⁵
2708 5605 2850 5662 Psal.
2896 5623 3047 5672 xvm,
3084 5606 3167 5662 ll.
3210 5603 3522 5671 "lsa.viii,
3563 5606 3647 5660 l8.
