3984 6150
342 301 440 368 181

1552 299 2091 364 EPISTOLARUM
2128 297 2277 357 LIB.
2320 296 2371 357 Ι.

3501 280 3606 346 182

329 419 531 491 καύτην
559 412 761 487 σοφίαν
792 418 1130 486 ἐπεδείξατο,
1169 419 1264 473 καὶ
1297 418 1641 491 ποικιλτικὴν
1686 417 1912 488 ἐπιστή-

2030 429 2233 485 tempe,
2256 413 2423 467 talem
2459 408 2790 481 sapientiam
2823 412 2877 462 et
2904 412 3079 461 artem
3104 402 3425 474 variegamli
3464 405 3608 458 indi—

330 529 459 582 μην,
492 509 635 563 ὥστε
670 509 736 562 ὲκ
772 509 880 562 τῶν
908 511 1071 581 ὲρίων
1102 509 1194 564 τοῦ
1226 510 1286 575 ἐξ
1334 511 1508 581 αὐτῆς
1552 509 1907 581 γεννηθέντος

325 603 511 675 ἀρνίου
539 602 757 656 ἐνδῦσαι
785 602 912 666 τοὺς
949 603 1176 667 πιστοὺς
1216 603 1484 667 ἅπαντας,
1513 603 1584 658 τὰ
1632 601 1907 673 ἐνδύματα

326 696 424 767 τῆς
453 693 784 764 ἀφθαρσίας,
818 694 994 749 καὶτὸ
1020 694 1256 764 ἀοράτου
1286 694 1648 767 ἐλευθερῶσαι
1686 692 1908 764 γυμνώσ

329 804 487 851 σεως.
501 787 616 840 Πᾶν
636 785 746 856 γάρ
762 786 825 839 τὸ
847 786 1096 857 σύστημα
1119 786 1460 859 Χριστιανῶν
1485 786 1740 858 ἀληθινὸν
1761 785 1907 856 πάρ-

327 895 443 931 εστι
476 880 543 931 ὲκ
580 876 770 942 δεξιῶν
798 876 892 930 τοῦ
923 877 1035 932 ἀνω
1076 876 1366 942 Βασιλέως,
1397 879 1457 931 ὲν
1492 874 1771 947 ἱματισμῷ
1794 875 1910 929 δια-

327 968 515 1039 χρύσῳ
546 966 1038 1039 περιϐεϐλημένον,
1067 968 1495 1039 πεποικιλμένον
1538 970 1650 1033 τοῖς
1692 965 1909 1038 μυρίοις

327 1059 436 1114 τῶν
460 1058 673 1131 ἀρετῶν
705 1059 926 1115 εἴδεσιν.

823 1170 991 1225 ΣΞΗ’.
1017 1200 1088 1213 --
1119 1172 1204 1238 Τῷ
1229 1170 1392 1238 αὐτῷ

411 1260 470 1315 ’0
511 1262 608 1332 μὲν
645 1261 820 1333 Ἀδὰμ
848 1263 1181 1327 πέπλασται,
1208 1265 1242 1334 ὴ
1289 1263 1349 1318 δε
1402 1257 1516 1316 Εὕα
1551 1244 1906 1332 ἰξικοδομήθη,

329 1352 418 1406 ἵνα
460 1353 642 1423 δειχθῇ
667 1352 801 1417 Θεὸς
839 1353 1030 1422 Λόγος,
1064 1356 1127 1407 ὲκ
1173 1354 1394 1425 Μαρίας
1425 1353 1525 1423 μὲν
1564 1352 1626 1406 τὸ
1662 1352 1821 1422 σῶμα
1848 1350 1911 1404 τὸ

328 1444 555 1499 ἄσπιλον
586 1444 904 1509 ἀναπλάσας
944 1445 1145 1516 ἐαυτῷ,
1196 1448 1260 1500 ὲκ
1286 1446 1343 1500 δὲ
1375 1446 1474 1515 τῆς
1511 1444 1772 1515 νυγείσης
1818 1442 1911 1495 ἐπὶ

327 1536 423 1589 τοῦ
453 1534 689 1609 σταυροῦ
736 1536 976 1608 πλευρᾶς
1032 1537 1129 1609 τὴν
1158 1537 1380 1608 νύμφην
1411 1535 1603 1591 ἑαυτοῦ
1643 1535 1743 1606 τὴν
1783 1535 1912 1589 Ἑκ-

330 1628 559 1699 κλησίαν
587 1628 908 1700 οἰκοδομῶν.

822 1720 981 1777 230'.
1013 1750 1081 1762 —
1122 1720 1205 1786 Τῷ
1233 1719 1413 1785 αὐτῷ.

395 1813 712 1885 Γέγραφας,
735 1815 816 1868 ὅτι
844 1815 910 1868 Ei
959 1814 1173 1888 πρῶτον
1201 1815 1301 1867 ούκ
1347 1813 1611 1882 ἐγίνωσκε
1641 1812 1741 1882 τὴν
1764 1811 1915 1882 Παρ-

333 1905 481 1960 θένον
522 1907 718 1978 Ἰωσὴφ
752 1906 913 1977 μέχρι
964 1908 1065 1976 τῆς
1117 1905 1447 1971 ἀποτέξεως,
1482 1903 1703 1966 πάντως
1736 1902 1914 1973 δήπου

337 1997 472 2065 μετά
510 1998 601 2051 τὸν
633 1998 791 2051 τόκον
831 1996 991 2066 ἔγνω.
1025 1997 1152 2059 Πῶς
1179 1993 1272 2051 οὖν
1306 1996 1484 2064 ἔγνως
1511 1996 1809 2068 Πρόδηλον,
1835 1994 1918 2049 ὃτι

335 2088 474 2156 ἔγνω
492 2091 661 2160 τιμᾷν
685 2089 779 2141 καὶ
803 2085 1158 2141 καταδεῖσθαι
1176 2086 1274 2157 τὴν
1301 2089 1365 2140 ἐκ
1386 2085 1523 2140 Θεοῦ
1546 2086 1919 2156 τετιμημένην

335 2177 607 2246 παρθένον
642 2177 749 2250 πρὸ
802 2177 863 2230 τι
918 2176 1249 2242 ἀποτέξεως,
1278 2177 1372 2229 καὶ
1430 2175 1592 2231 πάλιν
1652 2174 1918 2246 παρθένον

338 2265 477 2334 μετά
508 2265 604 2318 τὸν
630 2265 789 2318 τόκον
814 2267 1102 2334 φανεῖσαν.

837 2376 957 2429 Σον.
987 2405 1058 2417 -
1088 2376 1171 2442 Τῷ
1204 2375 1383 2442 αὐτῷ.

422 2469 484 2521 Ὀ
510 2469 567 2520 ἐν
592 2466 671 2537 τῷ
701 2466 974 2520 τίκτεσθαι
1001 2468 1215 2533 ἀνοίξας
1242 2467 1339 2538 τὴν
1373 2467 1671 2538 άμόλυντον
1705 2467 1922 2539 μήτραν

337 2559 627 2629 Δεσπότης
651 2558 806 2629 ἡμῶν
827 2560 1083 2629 Χριστὸς,
1122 2560 1280 2624 αὐτὸς
1301 2563 1393 2614 καὶ
1422 2561 1559 2632 μετά
1580 2561 1640 2614 τὸ
1660 2560 1920 2633 τεχθῆναι

334 2648 437 2720 τὴν
467 2651 685 2721 μήτραν
717 2651 1047 2720 ἐσφράγισεν
1104 2650 1280 2721 οἰκείᾳ,
1331 2651 1515 2723 σοφίᾳ,
1549 2651 1644 2704 καὶ
1669 2650 1919 2722 δυνάμει,

338 2742 432 2794 καὶ
464 2741 888 2813 θαυματοποιία,
922 2741 1167 2812 μηδόλως
1199 2742 1522 2813 παραλύσας
1570 2741 1669 2812 τῆς
1719 2741 1922 2813 παρθε-

339 2834 457 2897 νίας
484 2834 553 2886 τά
580 2834 888 2905 σήμαντρα.
926 2832 1064 2887 Θεοῦ
1115 2833 1172 2887 δὲ
1199 2832 1360 2907 ἔργον
1390 2833 1546 2889 τοῦτο
1573 2835 1681 2899 πᾶς
1716 2851 1800 2898 τις
1832 2834 1922 2888 εύ-

342 2926 551 2998 φρονῶν
572 2927 1087 2998 συνομολογήσαιεν.

846 3039 1011 3093 ΣΟΔν.
1035 3068 1107 3080 -
1131 3038 1216 3106 Τῷ
1244 3038 1423 3105 αὐτῷ.

1992 1292 2005 1305 κ
2084 1262 2257 1316 Adam
2301 1272 2547 1327 creatus,
2596 1258 2705 1315 Eva
2759 1264 3044 1313 exstructa
3100 1262 3187 1311 est
3239 1254 3307 1319 ⁷⁸,

2017 504 2185 569 cavit,
2231 510 2293 559 ut
2336 517 2404 557 ex
2444 501 2567 556 lana
2616 501 2686 556 ab
2732 501 2853 571 ipsa
2904 495 3173 569 progeniti
3224 494 3373 566 agni,
3423 495 3609 551 ﬁdeles

2017 611 2212 654 omnes
2249 592 2798 663 incorruptibilitatis
2842 589 3183 646 indumentis
3224 588 3607 643 circumvesti-

2017 697 2122 757 ret,
2148 695 2205 746 et
2224 687 2475 743 nuditate
2504 700 2614 740 non
2643 683 2903 740 omnibus
2931 689 3152 754 patente
3177 682 3454 737 liberaret.
3481 679 3611 734 0m-

2016 783 2105 839 nis
2126 782 2274 838 enim
2293 794 2459 836 verus
2481 776 2930 834 Christianorum
2950 785 3129 832 coetus
3145 772 3301 831 adest
3323 787 3354 827 a
3398 772 3613 828 dextris

2011 874 2237 944 superni
2263 871 2428 943 [tegis
2450 871 2508 925 in
2529 868 2733 927 vestitu
2770 866 3060 929 deaurato,
3089 863 3474 921 circumdatus
3508 878 3601 917 va-

2013 971 2204 1021 rietate
2241 963 2307 1027 ",
2338 960 2573 1016 inﬁnitis
2624 958 2784 1030 ιω
2820 958 3083 1015 virtutum
3128 955 3427 1027 generibus
3464 953 3611 1010 mul-

2014 1056 2277 1113 til'ormis.

2477 1163 2798 1223 CCLXVIII.
2823 1194 2893 1206 -—-
2927 1162 3132 1219 Eidem.

3361 1260 3421 1307 ut
3462 1251 3607 1308 Deus

2017 1352 2260 1408 Verbum
2294 1358 2778 1418 commonstraret,
2814 1348 2918 1405 sibi
2953 1347 3178 1419 quidem
3215 1342 3608 1399 intatninatum

2018 1460 2223 1517 corpus
2261 1461 2326 1501 ex
2367 1444 2541 1500 Maria
2575 1441 2912 1505 condidisse,
2944 1454 3008 1494 ex
3041 1442 3236 1508 aperto
3267 1448 3397 1489 vero
3433 1433 3611 1503 ipsius

2015 1539 2071 1592 in
2105 1551 2273 1593 cruce
2302 1537 2475 1593 latere
2504 1547 2766 1606 sponsam
2797 1532 2883 1588 sui
2907 1529 3212 1584 Ecclesiam
3238 1526 3608 1584 exstruxisse.

2488 1709 2770 1769 CCLXIX.
2796 1738 2867 1749 -—-
2900 1705 3108 1761 Eidem.

2094 1806 2425 1879 Scripsisti:
2464 1805 2523 1860 Si
2566 1805 2719 1875 prius
2767 1816 2875 1856 non
2925 1794 3298 1868 cognoscebat
3330 1789 3607 1860 Virginem

2019 1900 2244 1972 Ioseph,
2276 1900 2452 1954 donec
2480 1902 2697 1967 pareret
2726 1894 2799 1959 7”,
2826 1889 3056 1946 omnino
3092 1893 3216 1956 post
3260 1889 3475 1953 partum
3510 1891 3608 1933 co-

2020 1988 2542 2067 gnovit.Quomodo
2584 1988 2772 2055 itaque
2805 1978 3101 2053 cognovit?
3137 1973 3485 2029 Manifestum
3524 1975 3611 2024 est

2019 2062 2371 2159 cognovisse.
2403 2081 2504 2147 illi,
2537 2096 2660 2150 qua:
2688 2093 2718 2132 a
2752 2074 2860 2130 Deo
2891 2074 2964 2127 ita
3012 2070 3372 2124 cohoneslata
3405 2062 3608 2124 fuerat,

2022 2187 2083 2234 ut
2133 2180 2287 2245 virgo
2314 2181 2439 2230 ante
2472 2181 2714 2242 partum,
2739 2174 2793 2222 et
2820 2178 3041 2219 rursum
3061 2161 3215 2230 virgo
3244 2164 3367 2227 post
3390 2160 3608 2224 partum

2022 2274 2392 2342 permaneret,
2425 2263 2690 2318 honorem
2724 2272 2789 2313 ac
2816 2252 3185 2311 reverentiam
3214 2247 3497 2303 exhibere.

2503 2368 2754 2429 CCLXX.
2792 2398 2859 2411 —-
2893 2364 3101 2419 Eidem.

2093 2471 2223 2539 Qui,
2245 2470 2376 2525 dum
2399 2472 2706 2537 pareretur,
2736 2460 2953 2516 vulvam
2978 2452 3389 2511 immaculalam
3411 2447 3612 2518 adape-

2022 2565 2134 2620 ruit
2160 2561 2427 2617 Dominus
2463 2564 2650 2613 noster
2679 2552 2960 2615 Christus,
2994 2549 3111 2618 ipse
3137 2555 3191 2600 et
3220 2550 3346 2615 post
3364 2549 3607 2613 partum,

2024 2652 2252 2726 propria
2297 2649 2571 2722 sapientia
2608 2654 2663 2702 et
2704 2643 2984 2726 facultate,
3026 2654 3137 2695 non
3186 2635 3311 2693 sine
3343 2631 3612 2688 miraculo

2025 2721 2175 2798 illam
2229 2721 2565 2810 obsignavit,
2620 2723 2775 2791 nullo
2821 2731 2984 2787 modo
3030 2727 3228 2799 sigillis
3276 2721 3612 2796 virginitatis

2026 2834 2245 2892 solutis.
2278 2832 2436 2900 Quod
2470 2829 2564 2886 Dei
2594 2842 2735 2899 opus
2767 2840 2911 2889 esse,
2938 2822 3255 2895 quicunque
3286 2831 3433 2874 sanae
3462 2829 3615 2871 men-

2030 2928 2103 2983 tis
2136 2933 2244 2992 est,
2271 2923 2554 2979 fatebitur.

2504 3029 2778 3087 CCLXXI.
2809 3058 2879 3069 —
2909 3026 3115 3080 Eidem.

420 3128 588 3201 Ὅλην
636 3129 738 3202 τὴν
785 3129 1032 3184 διάνοιαν
1069 3129 1208 3202 πρὸς
1258 3130 1321 3183 τὸ
1375 3131 1638 3201 σαρκικὸν
1672 3130 1921 3203 φρόνημα

2106 3124 2302 3182 Totam
2331 3130 2568 3177 mentem
2600 3131 2746 3175 tuam
2774 3119 2839 3174 ad
2873 3132 3104 3173 carneas
3123 3113 3493 3187 cogitationes
3522 3110 3615 3166 de-

343 3220 683 3287 κατανεύεις,
712 3221 806 3275 καὶ
835 3220 1015 3289 λέγεις
1046 3220 1108 3275 τό
1127 3237 1141 3250 ο
1174 3221 1358 3290 Ἔγνω
1414 3222 1614 3290 αύτήνο
1647 3221 1700 3274 εί
1721 3237 1785 3289 γε
1830 3221 1928 3274 καὶ

345 3312 503 3383 εγνω,
536 3313 686 3385 μίξιν
721 3313 1159 3370 ὑπαινίττεσθαι.
1190 3311 1350 3367 Ἀλλά
1379 3312 1570 3381 γνῶθι,
1594 3311 1925 3383 κομψότατε,

346 3404 426 3458 ὅτι
481 3405 545 3459 οὐ
589 3404 894 3476 φιλήδονος,
945 3405 1068 3459 οὐδὲ
1114 3406 1309 3475 λάγνος
1344 3406 1590 3477 ὑπῆρχεν
1625 3407 1654 3460 ὁ
1693 3405 1926 3477 Ἰωσὴφ,

345 3496 479 3552 ἀλλὰ
507 3498 603 3552 καὶ
651 3498 793 3552 πάνυ
848 3497 1106 3570 θεοσεϐής
1151 3515 1213 3552 τε
1263 3498 1357 3552 καὶ
1384 3499 1615 3561 δίκαιος.
1665 3495 1929 3560 Ἀκούσας

345 3587 399 3640 δὲ
440 3586 591 3657 παρά
632 3587 727 3641 τοῦ
779 3588 1012 3656 ἀγγέλου
1043 3587 1291 3651 εἰπόντος
1338 3588 1467 3660 περὶ
1506 3588 1609 3657 τῆς
1649 3586 1927 3658 Παρθένου

346 3679 597 3733 ὲπιτόκου
627 3680 1000 3750 τυγχανούσης
1026 3719 1041 3743 ,
1088 3699 1107 3732 t
1146 3681 1227 3733 ὅτι
1262 3680 1334 3734 Τδ
1368 3680 1426 3733 ὲν
1475 3680 1611 3751 αὐτῇ
1671 3678 1928 3749 γεννηθὲν

352 3773 416 3824 ἐκ
491 3770 811 3842 Πνεύματός
859 3773 1006 3825 ἐστιν
1063 3772 1242 3839 ἁγίου,
1302 3773 1397 3825 καὶ
1440 3773 1782 3843 τεχθήσεται,
1833 3770 1929 3824 καὶ

346 3860 510 3915 σώσει
557 3862 649 3916 τὸν
708 3862 836 3916 λαὸν
880 3862 1068 3926 αὐτοῦ,
1129 3866 1220 3918 καὶ
1277 3863 1587 3934 βασιλεύσει
1665 3866 1745 3925 είς
1800 3863 1928 3926 τοὺς

346 3950 573 4014 αἰῶνας,
605 3969 623 4001 ι
656 3951 953 4021 προσέθετο
981 3952 1329 4005 εὐλαϐεῖσθαι
1360 3952 1469 4006 ἀπὸ
1494 3951 1790 4022 προσώπου
1817 3953 1930 4005 Κυ-

352 4040 490 4110 ρίου,
536 4040 731 4111 φρίξας
758 4041 914 4095 τοῦτο
939 4042 1004 4114 δὴ
1041 4045 1102 4097 τὸ
1136 4042 1464 4114 ἔκπληκτον,
1503 4043 1600 4095 καὶ
1629 4041 1930 4112 παραδοξόι

345 4147 507 4185 τατον
530 4132 846 4202 μυστήριον.
874 4133 1078 4204 Διόπερ
1100 4134 1199 4186 ούκ
1227 4132 1308 4187 ἔτι
1333 4133 1519 4187 λοιπὸν
1552 4133 1627 4196 ὡς
1654 4132 1935 4203 μνηστήρι

345 4223 438 4275 καὶ
464 4223 626 4292 ἀνὴρ,
655 4223 768 4275 ἀλλ’
797 4224 872 4287 ὠς
904 4224 1226 4295 λατρευτὴς,
1251 4225 1345 4277 καὶ
1384 4223 1631 4287 διάκονος
1660 4223 1795 4276 Θεοῦ
1824 4224 1923 4293 ἐμ-

2032 3221 2244 3284 llectis,
2298 3219 2590 3287 dicisque:
2629 3214 2897 3284 Cognovit
2951 3211 3148 3273 illam;
3202 3209 3249 3263 si
3316 3206 3613 3277 cognovit.

2032 3313 2385 3369 concubitum
2434 3310 2684 3364 innuere.
2720 3304 3113 3360 Verumtamen
3142 3301 3308 3364 scias,
3342 3299 3416 3351 mi
3446 3311 3617 3352 nasu-

2030 3405 2163 3471 tule,
2211 3402 2511 3473 Josephum
2553 3398 2705 3468 101
2744 3410 2924 3466 neque
2969 3390 3373 3462 voluptatibus,
3437 3402 3617 3457 neque

2032 3495 2355 3552 libidinibus
2403 3491 2672 3555 deditum,
2723 3486 2817 3544 sed
2858 3485 3167 3557 piissimum
3214 3479 3617 3552 iustissimum-

2030 3602 2140 3657 que
2169 3584 2366 3640 fuisse.
2394 3581 2494 3637 Hic
2521 3597 2645 3636 cum
2684 3578 2934 3633 audisset
2967 3573 3265 3650 ab‘angelo
3295 3571 3363 3626 de
3393 3568 3617 3639 Virgine

2027 3677 2138 3747 jam
2179 3674 2515 3746 parturiente
2540 3689 2554 3726 :
2591 3689 2610 3723 ι
2638 3668 2792 3738 Quod
2823 3684 2891 3723 ex
2921 3681 2986 3723 ea
3016 3672 3294 3729 nascetur,
3318 3662 3386 3717 de
3406 3660 3616 3732 Spiritu

2033 3779 2230 3824 sancto
2269 3777 2357 3823 est
2385 3767 2456 3834 τ’,
2488 3772 2543 3821 et
2577 3763 2954 3836 generabitur,
2988 3766 3043 3814 et
3090 3755 3323 3815 salvabit
3353 3753 3614 3823 populum

2031 3874 2215 3921 suum,
2236 3866 2289 3913 et
2322 3855 2571 3927 regnabit
2604 3858 2659 3909 in
2690 3862 2956 3909 aeternum
2978 3851 3061 3916 ";
3091 3867 3110 3900 ι
3156 3846 3263 3902 sibi
3304 3842 3612 3898 cavendum

2032 3966 2155 4005 esse
2198 3948 2356 4003 duxit
2393 3963 2422 4001 a
2460 3946 2601 4001 l‘acie
2650 3943 2891 4010 Domini,
2940 3949 3167 4009 stupens
3217 3937 3335 4004 ipse
3390 3944 3617 4003 propter

2033 4038 2365 4107 stupendum
2394 4044 2558 4105 atque
2580 4030 3127 4088 admirabilissimum
3151 4039 3435 4079 arcanum.
3464 4023 3616 4089 Qua-

2036 4136 2263 4200 propter
2305 4130 2359 4181 in
2401 4134 2685 4195 posterum
2734 4136 2842 4175 non
2880 4127 2939 4173 ut
2973 4131 3172 4187 procus
3214 4122 3309 4169 aut
3342 4117 3572 4169 maritus
3598 4154 3613 4177 ,

2034 4220 2130 4276 sed
2164 4226 2222 4272 ut
2248 4218 2434 4271 cultor
2463 4222 2516 4270 et
2539 4213 2790 4269 minisrer
2822 4210 2913 4265 Dei
2950 4206 3453 4266 constantissimus.
3485 4220 3617 4259 con-

348 4313 716 4385 ϐριθέστατος,
754 4315 1057 4384 συσφίγξας
1089 4319 1155 4387 τῇ
1189 4316 1513 4387 σωφροσύνῃ
1538 4317 1662 4378 τοὺς
1691 4315 1921 4379 οίκείους

2036 4309 2267 4365 tinentia
2317 4307 2557 4378 propriis
2607 4302 3037 4374 cogitationibus
3088 4299 3446 4369 compressis,
3487 4313 3614 4351 cum

346 4405 658 4475 λογισμοὺς,
713 4404 1099 4476 ὲξυπηρετείτο
1151 4408 1247 4460 σὺν
1305 4411 1454 4478 πάσῃ
1514 4408 1777 4477 ὁσιότητι,
1832 4407 1921 4459 καὶ

2036 4402 2182 4457 omni
2225 4402 2447 4473 pietate.
2480 4407 2534 4455 et
2560 4412 2776 4454 summa
2808 4393 3162 4457 castimonia,
3194 4400 3250 4447 et
3273 4392 3467 4445 timore
3495 4387 3614 4452 Dei,

349 4494 512 4565 πολλῇ
545 4494 830 4565 ἁγνότητι,
855 4497 950 4548 καὶ
982 4495 1132 4567 φόϐῳ
1157 4494 1288 4566 θείῳ
1311 4499 1376 4568 τῇ
1406 4476 1696 4568 λεγομένῃ,
1725 4498 1787 4550 ού
1821 4497 1921 4567 μὴν

2031 4510 2155 4566 quae
2176 4493 2486 4556 dicebatur,
2515 4505 2618 4545 nec
2644 4496 2827 4542 tamen
2865 4494 2986 4542 erat
3013 4499 3155 4540 uxor
3190 4481 3383 4552 ipsius,
3417 4494 3478 4535 se
3502 4476 3616 4532 Ma-

348 4586 437 4638 καὶ
460 4586 619 4659 οὔσῃ,
649 4586 874 4655 γυναικὶ
909 4587 1074 4640 αὑτοῦ
1107 4588 1316 4658 Μαρίᾳ.

2034 4587 2128 4641 riae
2159 4586 2591 4653 mancipaverat.

771 4700 935 4756 son.
967 4732 1038 4741 -
1082 4702 1503 4775 ΠΤΟΛΕΜΑΙῼ.

2373 4695 2670 4755 CCLXXII.
2712 4726 2782 4737 -—-
2818 4692 3091 4750 PTOLEM
3101 4691 3232 4747 (ΕΟ.

420 4792 480 4845 Et
518 4791 660 4845 κατά
687 4794 780 4845 τὸν
813 4791 1189 4865 Ἀπολινάριον
1226 4794 1403 4863 λέγεις
1431 4796 1525 4849 καὶ
1553 4796 1643 4860 σὺ,
1672 4796 1865 4867 ὅτιπερ
1903 4799 1921 4849 ἐ

2107 4793 2167 4848 Si
2202 4791 2669 4863 quemadmodum
2720 4786 3116 4858 Apollinarius,
3154 4785 3229 4837 ita
3258 4789 3314 4835 et
3347 4787 3406 4832 tu
3450 4775 3614 4838 dicis.

348 4882 474 4947 Θεὸς
508 4883 681 4952 Λόγος
710 4884 769 4951 ἐξ
800 4883 1034 4955 ούρανοῦ
1057 4885 1237 4941 λαϐὼν
1262 4886 1360 4958 τὴν
1382 4888 1561 4958 σάρκα
1585 4889 1666 4952 είς
1696 4890 1795 4959 τὴν
1822 4888 1928 4960 γῆν

350 4977 730 5049 κατελήλυθεν,
780 4977 865 5041 τίς
917 4978 1078 5048 χρεία
1130 4981 1229 5049 τῆς
1282 4980 1558 5050 μακαρίας
1613 4980 1928 5051 Παρθένου;

348 5065 575 5130 Οὐκοῦν,
606 5066 1013 5137 φρονιμώτατε,
1054 5068 1292 5137 γίνωσκε
1341 5068 1729 5138 ἀκριϐέστατα,
1776 5071 1857 5123 ὅτι
1904 5071 1934 5124 ό

348 5157 619 5221 ἄπλαστος
651 5159 793 5213 κατὰ
846 5159 946 5231 τὴν
997 5161 1228 5233 θεότητα
1274 5161 1477 5233 Κύριος
1504 5161 1693 5215 ἑαυτὸν
1726 5162 1791 5214 ἐκ
1831 5161 1932 5231 τῆς

351 5246 626 5317 Παρθένου
667 5249 798 5304 ἄνευ
858 5252 1193 5324 σπέρματος,
1228 5252 1323 5305 καὶ
1387 5251 1616 5324 φθορᾶς,
1671 5253 1766 5307 καὶ
1811 5253 1931 5323 δίχα

352 5340 545 5400 παντὸς
583 5338 759 5411 ῥύπου
788 5341 990 5397 ἔπλασε
1023 5342 1163 5396 κατὰ
1180 5343 1279 5413 τὴν
1301 5342 1716 5415 ἀνθρωπότητα.
1749 5344 1928 5397 Ὅπου

351 5427 407 5479 δὲ
439 5429 755 5499 [Ινεύματος
803 5432 958 5503 ἁγίου
995 5433 1294 5504 παρουσία,
1333 5435 1449 5487 ἐκεῖ
1480 5434 1720 5505 μηδόλως
1768 5434 1931 5506 μολυ-

355 5520 484 5589 σμὸς
516 5523 658 5599 two;
670 5522 824 5575 ίσθω.

422 5703 465 5734 ⁸⁸
497 5702 638 5758 Psal.
676 5721 818 5769 mv,
867 5706 945 5761 II.

1022 5709 1066 5740 ⁷⁸
1089 5709 1224 5764 Gen.
1266 5712 1433 5777 ",2'2.
1514 5713 1555 5743 τι
1604 5710 1790 5764 Matth.
1835 5728 1872 5773 l,
1901 5710 1991 5764 ‘23.

2036 4883 2206 4940 Deum
2237 4882 2496 4945 Verbum,
2529 4896 2560 4936 e
2595 4880 2736 4937 cmlo
2775 4894 2943 4934 carne
2993 4878 3280 4943 desumpta
3313 4873 3366 4925 in
3409 4878 3612 4924 terram

2034 4974 2421 5040 descendisse;
2474 4987 2596 5045 quae
2623 4986 2790 5042 porro
2816 4971 2987 5025 beata:
3023 4964 3259 5035 Virginis
3281 4959 3619 5016 necessitas?

2034 5066 2241 5137 itaque,
2301 5065 2733 5138 prudentissime
2794 5063 2916 5126 vir,
2972 5055 3411 5128 exquisitissime
3476 5053 3615 5106 scito

2034 5173 2158 5213 eum
2194 5159 2288 5228 qui
2324 5158 2628 5212 secundum
2663 5155 2921 5210 deitatem
2960 5157 3181 5205 creatus
3207 5163 3315 5201 non
3351 5154 3471 5200 erat
3508 5143 3615 5196 Do-

2036 5249 2243 5312 minus.
2291 5249 2409 5318 ipse
2455 5257 2629 5303 semet
2661 5261 2691 5299 a
2726 5244 2951 5313 Virgine
2982 5243 3100 5295 sine
3139 5240 3349 5295 semine
3388 5249 3442 5293 et
3487 5251 3615 5291 cor-

2039 5341 2314 5411 ruptione,
2347 5350 2405 5395 et
2427 5339 2635 5408 absque
2661 5337 2810 5391 omni
2845 5333 3007 5389 sorde
3032 5333 3332 5389 secundum
3357 5327 3613 5384 humani-

2039 5442 2204 5488 tatem
2271 5432 2614 5487 eﬂ‘ormasse.
2686 5427 2787 5483 Ubi
2847 5440 3015 5497 porro
3084 5425 3324 5497 Spiritus
3391 5428 3616 5476 sanctus

2042 5527 2216 5591 adest,
2245 5526 2319 5581 ibi
2354 5525 2501 5579 nulla
2532 5524 2757 5577 omnino
2795 5519 3024 5590 pollutio
3057 5516 3407 5588 intelligenda
3438 5521 3540 5568 est.

2069 5712 2113 5742 τ’
2141 5708 2332 5765 Matth.
2367 5723 2402 5774 l,
2452 5707 2542 5760 20.
2621 5706 2665 5739 ⁷³
2698 5704 2831 5762 Luc.
2865 5722 2903 5772 ι,
2947 5703 3036 5760 5%.
