4064 6160
344 305 440 372 185

1572 311 2108 372 EPISTGLARUM
2147 313 2290 373 LIB.
2333 313 2397 375 I..‘

3493 306 3594 369 186

338 417 659 473 Γινώσκουσι
699 417 810 489 γὰρ
833 417 950 490 Θεῷ
981 418 1369 484 ὑπακούοντες,
1402 421 1498 474 καὶ
1523 419 1644 489 Θεῷ
1674 419 1774 490 τὴν
1807 419 1900 490 χά-

2013 421 2190 491 piaut.
2225 421 2298 476 Se
2325 421 2532 491 quippe
2569 419 2680 475 Deo
2709 417 2938 475 obedire
2982 423 3362 488 cognoscunt,
3393 424 3448 469 et
3485 414 3597 469 Deo

345 529 414 564 aw
439 512 796 581 παρέχοντες,
825 512 918 564 καὶ
939 512 1369 582 τιμηθησόμενοι
1409 512 1562 582 παρά
1601 511 1738 564 Θεοῦ
1789 509 1910 563 κατ’

338 601 484 668 ἀξίαν
519 599 807 670 τιμῶντες.
839 601 910 653 Σὺ
952 602 1009 654 δὲ
1041 605 1160 666 ταῖς
1192 603 1437 673 βαρείαις
1471 603 1758 668 ἐπιταγαῖς
1807 617 1912 654 κα-

336 690 674 763 ταφορτίζεις
710 692 836 755 10"»;
880 692 1278 763 παροικοῦντας
1303 697 1370 765 τῇ
1405 692 1567 766 κώμῃ
1602 709 1698 746 σου
1730 692 1908 761 ἀσκη-

336 782 428 847 τὰς
461 781 711 852 καθάπερ
743 782 1068 851 ἀνδράποδα.
1119 784 1231 838 Καὶ
1262 785 1378 848 πῶς
1421 801 1479 836 σε
1515 783 1727 836 καλέσω
1757 783 1907 851 φιλό-

338 891 551 945 χριστον
575 890 590 938 ;

645 963 768 1018 mn
798 993 868 1004 —
892 963 1229 1036 ΦΕΒΡΔΡΙῼ
1271 966 1588 1039 auito-No.

395 1053 488 1126 Μὴ
521 1054 590 1107 τὰ
625 1054 799 1124 πλάτη
824 1053 918 1107 τοῦ
958 1054 1073 1124 βίον
1095 1056 1294 1125 λίχνως
1323 1074 1412 1127 μοι
1442 1059 1748 1131 περιζήτει·
1777 1059 1912 1129 μᾶλ-

335 1147 416 1201 λον
451 1148 636 1216 δὲτὴν
684 1147 898 1216 στενὴν,
931 1147 1026 1200 καὶ
1077 1147 1454 1220 τεθλιμμένην
1502 1151 1745 1220 ἀτραπὸν
1803 1167 1910 1220 μα-

337 1237 542 1292 στεύειν
575 1236 892 1308 βουλήθητι.

608 1328 780 1385 EIIA'.
797 1356 866 1368 --
900 1327 1128 1400 ΙΛΑΡῙῼ
1166 1329 1637 1398 ΠΡΕΣΒΥΤΕΡῼ.

397 1421 572 1475 Ὅτον
599 1419 836 1491 δυνηθῇς
885 1419 978 1472 δύο
1030 1421 1204 1490 μῆνας
1253 1421 1407 1491 εὐχῇ,
1446 1421 1540 1474 καὶ
1594 1423 1661 1492 τῇ
1709 1421 1910 1492 ἡσυχία

334 1517 831 1585 προσκαρτερῆσαι,
865 1512 987 1566 τότε
1018 1513 1121 1566 κᾶν
1143 1512 1312 1584 δνυχά
1341 1513 1444 1566 πού
1469 1529 1610 1578 τινα,
1643 1513 1676 1582 ἢ
1707 1530 1909 1580 φαντα-

334 1605 450 1657 σίαν
485 1605 689 1676 μικράν
723 1623 849 1658 τινα
888 1607 947 1658 ὲν
975 1605 1050 1676 νῷ
1083 1605 1268 1658 λαϐεῖν
1289 1605 1493 1677 δυνήσῃ
1520 1605 1620 1675 τῆς
1648 1606 1907 1658 ἐπιπόνου

330 1697 682 1768 τληπαθείας,
711 1698 806 1751 καὶ
834 1699 933 1768 τῆς
955 1697 1297 1768 πολυμόχθου
1341 1698 1637 1767 διαγωγῆς,
1671 1696 1779 1750 τῶν
1820 1696 1911 1750 διὰ

2019 513 2226 582 gratias
2258 518 2464 581 agunt,
2511 519 2566 566 et
2605 517 2865 578 tanquam
2910 523 2940 562 a
2988 507 3096 562 Deo
3144 504 3450 560 honorandi
3498 519 3598 572 pro

2017 603 2284 673 dignitate
2316 617 2414 658 eos
2447 602 2742 656 honorant.
2791 602 2859 653 At
2900 607 2956 653 tu
3001 597 3293 669 prmceptis
3335 597 3596 665 gravibus

2022 694 2181 767 104
2218 693 2601 763 ascetas.-qui
2650 694 2798 746 circa
2850 698 3004 745 tuum
3063 691 3324 760 Oppidum
3371 688 3595 757 degunt,

2017 787 2188 840 veluti
2221 786 2516 855 mancipia,
2548 783 2818 839 molestus
2868 782 3088 851 fatigas.
3126 781 3192 835 Et
3224 779 3499 851 quomodo
3543 784 3598 831 te

2015 875 2222 930 Christi
2251 881 2530 928 amantem
2555 871 2939 940 compellabo?

2215 963 2518 1019 CCLXXX.
2563 992 2632 1005 —
2673 959 3026 1015 FEBRARIO
3063 957 3386 1014 DIACONO.

2087 1055 2167 1111 Ne
2205 1057 2336 1111 vita;
2369 1055 2550 1126 ampla
2592 1055 2942 1124 remissaque
2974 1051 3137 1106 aride
3172 1053 3342 1106 nimis
3377 1047 3598 1120 perqui-

2016 1163 2130 1202 ras.
2169 1147 2360 1202 Potius
2394 1145 2770 1216 angustiorem
2818 1144 3260 1214 pressioremque
3295 1141 3438 1196 viam
3478 1149 3598 1193 stu—

2018 1238 2175 1294 diose
2199 1238 2534 1306 conquirito.

2157 1330 2489 1386 CCLXXXI.
2531 1361 2600 1372 -
2641 1329 2922 1386 IllLABlO
2973 1321 3454 1382 PBESBYTERO.

2090 1423 2227 1480 Cum
2263 1440 2364 1494 per
2387 1426 2528 1480 duos
2559 1440 2778 1480 menses
2809 1426 2863 1478 in
2895 1422 3147 1478 oratione
3179 1428 3234 1474 et
3267 1421 3450 1488 quiete
3478 1432 3598 1485 per-

2018 1517 2217 1572 sistere
2261 1517 2490 1586 poteris,
2525 1523 2657 1570 tunc
2687 1517 2770 1570 vel
2797 1529 3032 1586 unguem
3067 1514 3331 1582 aliquem,
3371 1508 3454 1562 rel
3497 1524 3597 1576 pu-

2018 1609 2201 1663 sillam
2243 1609 2538 1678 imaginem
2569 1607 2860 1663 laboriosae
2894 1604 3192 1678 patientiae.
3221 1611 3276 1658 et
3303 1599 3599 1655 sudoribus

2019 1699 2276 1754 obnoxiae
2312 1701 2456 1763 vitae,
2503 1707 2559 1753 et
2606 1699 2843 1753 instituti
2878 1713 3091 1760 eorum,
3140 1696 3236 1766 qui
3283 1709 3378 1765 per
3422 1701 3598 1746 totum

331 1789 508 1858 πάσης
533 1791 631 1859 τῆς
657 1789 803 1858 ζωῆς
835 1791 1278 1860 προσανεχόντων
1331 1789 1408 1860 τῷ
1441 1790 1665 1860 μονήρει
1696 1788 1900 1853 κανόνι,

2015 1791 2138 1846 vitae
2161 1790 2400 1860 spatium
2431 1791 2751 1844 monasticae
2773 1790 2996 1860 regulae,
3024 1797 3081 1844 et
3105 1788 3174 1841 ab
3195 1786 3342 1841 omni
3370 1785 3600 1852 strepitu

332 1881 423 1934 καὶ
453 1883 520 1951 τῇ
550 1881 886 1952 ἀκτύπησίᾳ.

1035 1991 1204 2044 ΣΠΒ’.

395 2081 644 2134 κλέπται
693 2081 987 2152 δύστροποι
1031 2081 1184 2144 δντες
1211 2082 1260 2133 oi
1284 2081 1392 2133 τῶν
1433 2081 1699 2150 Ἑλλήνων
1732 2081 1906 2148 σοφοὶ,

325 2173 480 2242 παρά
509 2189 568 2224 τε
591 2173 894 2237 Μωῦσέως,
920 2172 1017 2226 καὶ
1048 2172 1158 2224 τῶν
1191 2171 1485 2242 προφητῶν
1511 2173 1578 2225 τὰ
1601 2171 1909 2243 κυριώτερα

321 2262 429 2314 τῶν
485 2263 773 2334 δογμάτων
801 2265 902 2316 οὐκ
941 2264 1283 2333 εὐχαρίστως
1305 2261 1559 2326 λαϐόντες
1593 2262 1909 2326 ἀλαζονείαν

321 2352 418 2406 καὶ
453 2352 629 2422 τῦφον
658 2353 1006 2422 τυρεύουσιν,
1035 2352 1110 2415 ὡς
1145 2352 1232 2404 ἐπ’
1267 2352 1419 2415 ἰδίοις
1466 2354 1579 2416 τοῖς
1609 2351 1908 2422 ἀλλοτρίοις

319 2444 642 2514 κειμηλίοις
671 2444 986 2514 γανύμενοι.

728 2535 892 2588 ΣΠΓι.
915 2565 985 2576 -
1004 2535 1514 2606 ΔΙΟΝΥΣΙΟΔΩΡῼ.

391 2625 513 2678 Ούκ
542 2625 843 2694 ἀναγκαῖον
875 2625 940 2679 ἂν
967 2626 1078 2696 εἴη,
1117 2627 1225 2679 οὐδ’
1245 2628 1468 2680 ἐπαίνου
1499 2627 1668 2692 ἄξιον,
1697 2629 1758 2682 τὸ
1782 2631 1905 2684 πεί-

323 2715 512 2770 θεσθαι
541 2716 848 2788 προχείρως
892 2720 1004 2782 τοῖς
1035 2717 1343 2789 προσώπων
1373 2718 1537 2771 τινῶν
1567 2723 1904 2792 κατηγορίαν

323 2807 690 2876 ποιουμένοις,
725 2808 829 2862 κᾶν
857 2809 1122 2880 ὑπάρχειν
1147 2809 1376 2862 δοκῶσιν
1416 2809 1704 2880 αἰδέσιμοι.
1738 2813 1904 2884 Περι-

326 2899 511 2968 μένειν
565 2899 675 2976 γὰρ
705 2905 1127 2972 χρησιμώτατον
1169 2904 1260 2956 καὶ
1291 2904 1392 2974 τὴν
1439 2903 1534 2956 τοῦ
1568 2922 1906 2976 κατηγορου-

327 2993 486 3060 μένου
548 2992 748 3064 μέρους
815 2994 1134 3062 ἀπολογίαν,
1183 2991 1285 3048 εἷθ’
1318 2995 1542 3065 ὕστερον
1595 2996 1732 3066 μετὰ
1806 2997 1904 3068 τὴν

322 3085 586 3155 ἀκρόασιν
613 3084 720 3140 τῶν
756 3085 1106 3155 ἀμφοτέρων,
1147 3086 1379 3158 νόμιμόν
1419 3105 1477 3140 τε
1529 3088 1623 3140 καὶ
1667 3089 1899 3155 δίκαιον,

323 3172 398 3236 ὡς
430 3171 681 3244 καθήκει,
711 3174 966 3246 ἐκφέρειν
995 3176 1056 3228 τὸ
1086 3176 1368 3246 ψήφισμα.

617 3262 779 3317 2M.
816 3294 886 3304 —
917 3264 1148 3336 ΙΟΥΛΙῼ
1173 3268 1575 3338 eor-seram.

391 3354 499 3425 Τῆς
527 3356 667 3428 ὑπὲρ
689 3356 750 3409 τὸ
786 3357 904 3410 δέον
958 3360 1224 3429 σιτήσεως
1272 3359 1332 3412 τὸ
1379 3363 1570 3434 πέρας,
1615 3367 1772 3437 δῆλον
1815 3367 1896 3418 ὅτι

323 3444 558 3500 κόλασιν·
607 3449 868 3512 πολλάκις
921 3450 976 3502 δὲ
1039 3450 1132 3503 καὶ
1191 3453 1344 3504 νόσον
1404 3453 1480 3523 τῷ
1541 3457 1754 3527 σώματι
1791 3457 1894 3511 δω-

327 3541 513 3607 ρεῖται.

775 3633 941 3688 mea
965 3662 1030 3674 —
1059 3635 1436 3708 ΚΟΡΝΗΛΙῼ.

395 3740 414 3774 ι
451 3723 894 3794 Ἐπισκέψομαι,
935 3725 1100 3796 φησίν
1161 3727 1194 3794 ἠ
1236 3729 1542 3797 προφητεία
1567 3769 1581 3794 ,
1638 3731 1730 3782 ἐπὶ
1769 3733 1897 3794 τοὺς

324 3812 617 3880 φοροῦντας
655 3813 848 3884 ἱμάτια
876 3813 1151 3884 ἀλλότρια.
1181 3833 1199 3866 ι
1239 3815 1296 3868 Ὀ
1325 3816 1434 3886 γὰρ
1458 3817 1534 3888 μὴ
1557 3820 1896 3890 κεκτημένος

321 3899 419 3970 τὴν
443 3902 664 3972 ἀρετὴν,
704 3903 1131 3974 ὑποκρινόμενος
1167 3905 1245 3970 δὲ,
1293 3907 1386 3959 καὶ
1423 3909 1895 3979 σχηματιζόμενος

322 3991 523 4062 ἀρετὴν
567 3991 733 4062 ἔχειν,
761 3989 914 4056 οὗτος
943 3993 1164 4063 εὔδηλον
1197 3995 1484 4066 ἀλλοτρίαν
1515 3997 1707 4066 στολὴν
1739 4017 1893 4068 περι-

322 4081 596 4138 ϐάλλεται.
629 4084 738 4138 Καὶ
761 4087 807 4138 οί
837 4085 1133 4157 ἑτερόδοξοι
1177 4087 1232 4139 δὲ
1266 4090 1723 4159 προσποιούμενοι
1759 4106 1894 4161 χρη-

325 4178 423 4228 στὰ
447 4175 740 4238 διδάσκειν,
789 4177 1102 4246 ἐλέγχονται
1151 4177 1238 4231 διὰ
1287 4178 1396 4252 τῶν
1427 4179 1646 4246 φαύλων
1690 4181 1896 4252 δογμά-

322 4283 446 4330 των,
478 4267 868 4338 ἠλλοτριῶσθαι
891 4269 989 4338 τῆς
1019 4268 1170 4332 Θείας
1213 4270 1497 4340 ἀληθείας,
1533 4274 1626 4325 καὶ
1668 4273 1766 4343 τῆς
1819 4272 1896 4325 δι-

326 4357 609 4427 καιοσύνης
627 4375 641 4390 ο
671 4358 1057 4430 περιεϐάλοντο
1081 4361 1186 4432 γὰρ
1214 4361 1494 4434 ἀλλότριον
1519 4365 1753 4434 φόρεμα,
1785 4363 1896 4418 ῶσ-

325 4465 424 4522 περ
452 4450 604 4504 λύκοι
637 4451 707 4506 τά
733 4450 844 4505 τῶν
879 4453 1166 4524 προϐάτων
1194 4453 1384 4508 κώδια,

595 4633 780 4700 211:7.
799 4661 870 4673 -
893 4633 1102 4704 ΓΑΙΝᾼ
1131 4634 1612 4708 ΣΤΡΑΤῙΙᾹΑΊᾘ.

391 4741 409 4772 ι
452 4724 546 4786 ὐς
579 4722 655 4776 ῶν
703 4721 1048 4792 ἀπαύγασμα
1081 4725 1180 4793 τῆς
1227 4723 1403 4794 δόξης.
1442 4745 1460 4776 ι
1507 4727 1896 4794 ’Υποδείγματι

323 4811 612 4882 διαλέγεται
643 4817 672 4868 6
703 4815 878 4886 μέγας
917 4817 1258 4878 Ἀπόστολος,
1288 4817 1376 4870 ἵνα
1408 4819 1625 4889 σημάνῃ
1657 4821 1716 4872 τὸ
1751 4821 1895 4872 ἀπα-

325 4902 425 4967 Θὲς,
467 4907 558 4958 καὶ
597 4907 680 4960 ὅτι
713 4907 818 4960 οὑκ
843 4905 903 4972 ἐξ
937 4907 1339 4971 ἐλαττωθέντος
1369 4910 1462 4961 τοῦ
1511 4911 1742 4980 Πατρὸς,
1772 4910 1893 4962 οὐδὲ

324 4996 635 5062 μειωθέντος
668 4998 790 5050 τόδε
817 4998 1184 5068 ἀπαύγασμα,
1219 4999 1321 5050 ούκ
1355 5001 1754 5066 ἀνυπόστατον,
1783 5001 1898 5052 ἀλλ’

321 5087 376 5138 ὲν
411 5087 578 5159 ἑτέρῳ
617 5089 732 5160 ἔχει
767 5089 827 5141 τὸ
859 5086 1017 5143 εἶναι.
1053 5091 1146 5159 Μὴ
1179 5086 1272 5142 οὖν
1309 5090 1467 5142 τοῦτο
1503 5093 1766 5162 ἐννοήσῃς
1807 5094 1899 5144 ἐπὶ

319 5176 410 5229 τοῦ
437 5179 569 5232 Θεοῦ
605 5181 805 5248 Λόγου·
838 5179 1002 5249 βλέπε
1055 5180 1162 5250 γὰρ
1209 5181 1261 5234 τί
1292 5180 1453 5244 εὐθὺς
1507 5183 1532 5233 6
1575 5183 1896 5246 Ἀπόστολος

320 5269 544 5337 ἐπάγειν
587 5291 604 5324 ι
645 5273 756 5325 Καὶ
785 5273 1072 5343 χαρακτὴρ
1103 5276 1201 5344 τῆς
1234 5274 1592 5336 ὑποστάσεως
1642 5273 1828 5328 αὐτοῦ.
1873 5295 1889 5324 ι

325 5359 526 5432 Ὠσπερ
581 5363 689 5431 γὰρ
743 5365 772 5415 6
829 5364 1019 5434 Πατὴρ
1081 5365 1466 5430 ἐνυπόττςατος,
1503 5365 1675 5430 οὕτως
1729 5370 1820 5421 καὶ
1861 5369 1888 5420 6

324 5450 445 5514 Υῐδς
479 5455 860 5518 ὲνυπύστατος·
896 5458 996 5508 οὐκ
1027 5457 1260 5526 ἄναρχος
1318 5459 1346 5510 6
1387 5458 1533 5522 Υἱὸς,
1569 5459 1740 5522 αἴτιος
1779 5461 1886 5530 γὰρ

325 5542 480 5596 αὑτοῦ
531 5547 560 5597 6
619 5547 830 5616 Πατὴρ,
891 5547 1056 5600 mira
1086 5547 1295 5614 Πατὴρ,
1329 5550 1388 5600 ού
1426 5549 1546 5603 καθ’
1573 5549 1600 5601 ὃ
1629 5550 1886 5620 Κτῐστης.

393 5723 436 5754 ⁷⁷
475 5721 716 5794 Soplton.
757 5743 794 5792 ι,
825 5725 878 5780 8.
955 5727 998 5756 ⁷⁸
1057 5727 1221 5781 IIebr.
1263 5743 1299 5791 ι,
1325 5730 1376 5781 5.

2011 1897 2198 1938 vacuae
2227 1882 2400 1952 quieti
2434 1881 2791 1940 addicuntur.
2821 1893 3160 1948 cognoscere
3193 1875 3418 1947 poteris.

2625 1973 2806 2029 CCLX
2819 1971 2979 2026 XXII.

2079 2067 2214 2122 Cum
2248 2065 2396 2122 fures
2432 2067 2713 2136 perversis
2745 2066 2992 2120 moribus
3035 2064 3315 2132 sapientes
3348 2057 3592 2128 gentium

2009 2168 2218 2221 essent,
2241 2173 2270 2211 a
2301 2159 2485 2230 Moyse
2517 2166 2572 2213 et
2601 2157 2882 2227 prophetis
2910 2155 3200 2226 potissima
3231 2166 3420 2206 eorum
3456 2149 3593 2218 dog-

2010 2259 2159 2306 mata
2183 2251 2329 2306 male
2353 2252 2520 2322 grati,
2551 2260 2606 2306 et
2636 2250 2892 2305 beneﬁcii
2928 2249 3286 2302 immemores
3316 2242 3596 2312 accipien-
3646 2235 3650 2240 ’

2011 2352 2116 2408 tes,
2145 2344 2471 2414 iactantiam
2499 2350 2554 2397 et
2587 2350 2860 2396 tumorem
2891 2346 3136 2401 struunt,
3175 2344 3438 2406 tanquam
3467 2347 3596 2404 pro-

2011 2437 2146 2506 priis
2178 2435 2410 2490 aliorum
2451 2434 2804 2488 claritatibus
2852 2431 3275 2486 insolescentes.

2257 2527 2638 2583 C(ILXXXIII.
2669 2555 2738 2568 —-
2773 2519 3308 2578 DIONYSIODORO.

2082 2621 2238 2677 Haud
2273 2621 2649 2676 necessarium
2683 2617 2874 2680 fuerit,
2909 2630 3009 2670 nec
3043 2614 3205 2667 laude
3235 2611 3462 2681 dignum
3499 2609 3594 2674 iis,

2010 2713 2100 2783 qui
2119 2713 2515 2767 nonnullorum
2535 2709 2819 2763 hominum
2843 2704 3254 2761 accusationem
3278 2702 3598 2767 instituunt,

2009 2804 2260 2868 credere,
2289 2805 2417 2857 licet
2446 2803 2801 2856 accusatores
2839 2797 2996 2869 105
3029 2794 3329 2851 venerandi
3364 2793 3594 2847 videan-

2009 2907 2118 2952 tur.
2148 2897 2416 2965 Perquam
2437 2894 2580 2948 enim
2607 2893 2762 2954 utile,
2781 2901 2834 2944 et
2853 2889 3086 2960 quaestui
3113 2885 3396 2940 uberrimo
3429 2884 3596 2940 fuerit

2007 2999 2062 3044 et
2084 2995 2466 3043 accusatorum
2496 2983 2910 3054 responsionem
2947 2986 3318 3050 exspectare:
3354 2975 3597 3047 postmo-

2008 3081 2138 3135 dum
2171 3078 2422 3146 utrisque
2464 3075 2668 3129 auditis
2712 3072 3022 3144 legitimum
3065 3085 3130 3125 ac
3173 3069 3412 3140 justum,
3449 3077 3504 3123 ct
3535 3075 3597 3120 ut

1930 3164 1971 3220 C
2009 3189 2110 3246 par
2132 3179 2238 3235 est,
2265 3170 2534 3238 judicium
2568 3168 2730 3222 ferre.

2211 3258 2588 3317 CCLXXXIV.
2619 3287 2691 3300 -—
2719 3255 2918 3312 IULIO
2955 3254 3385 3311 ΗΕΒΕΒΑΤΟ.

2077 3355 2271 3411 Victus
2313 3351 2623 3424 quotidiani
2665 3350 2948 3405 immodici
2993 3350 3120 3404 linis
3147 3389 3161 3411 ,
3205 3358 3262 3402 ut
3304 3346 3596 3401 manifesto

2007 3456 2274 3520 apparet,
2310 3445 2676 3516 supplicium,
2718 3457 2864 3513 saepe
2904 3441 3070 3495 etiam
3113 3453 3344 3493 numero
3382 3445 3438 3492 et
3477 3451 3594 3489 ma-

2007 3542 2113 3594 lam
2145 3538 2524 3610 azgritudinem
2558 3535 2776 3604 corpori
2813 3533 3094 3588 conciliat.

2363 3625 2719 3684 CCLXXXV.
2762 3656 2828 3665 —
2868 3620 3233 3680 CORNELIO.

2081 3742 2100 3776 ι
2136 3722 2428 3785 Visitabo,
2467 3721 2544 3773 ait
2582 3717 2905 3772 vaticinium
2933 3752 2947 3776 ,
2990 3730 3158 3785 super
3198 3729 3296 3770 eos
3324 3754 3337 3778 ,
3378 3713 3473 3783 qui
3512 3712 3594 3766 in-

2007 3811 2125 3868 duti
2162 3819 2292 3867 sunt
2323 3809 2572 3864 testibus
2608 3805 2914 3876 peregrinis
2947 3803 3014 3860 ".
3051 3823 3071 3855 ι
3103 3802 3208 3869 Qui
3238 3803 3383 3857 enim
3419 3801 3593 3854 virtu-

2005 3911 2112 3956 tem
2148 3916 2260 3955 non
2295 3897 2964 3978 tenet,_dissimulatione
3002 3910 3134 3949 vero
3165 3909 3304 3949 usus
3335 3893 3592 3944 virtutem

2005 4009 2064 4049 se
2087 3992 2371 4061 possidere
2394 3987 2702 4052 contendit,
2725 3987 3080 4040 manifestum
3109 3990 3193 4037 est
3228 3997 3352 4036 eum
3396 3979 3594 4033 alienis

2003 4079 2248 4134 vestibus
2277 4076 2716 4132 cireumvestiri.
2752 4074 2819 4126 Et
2857 4075 2952 4143 qui
2987 4088 3016 4124 a
3046 4071 3335 4125 catholicis
3364 4071 3593 4124 auribus

2003 4175 2181 4229 aliena
2212 4171 2464 4226 sentiunt
2485 4210 2500 4233 ,
2533 4167 2860 4221 simulantes
2909 4179 2968 4216 se
3006 4161 3173 4230 proba
3208 4161 3442 4222 docere,
3470 4177 3594 4229 pro-

2004 4277 2128 4338 pter
2167 4277 2335 4336 prava
2384 4261 2640 4332 dogmata
2695 4257 2824 4310 aliis
2862 4255 3183 4316 insinuata,
3221 4269 3280 4307 se
3327 4267 3356 4304 a
3406 4252 3590 4304 divina

2005 4360 2241 4414 veritate
2289 4361 2344 4409 et
2389 4351 2612 4422 justitia
2666 4347 2829 4418 longe
2879 4361 3003 4402 esse
3055 4343 3589 4414 deprehenduntur:

2006 4463 2246 4518 namque
2304 4445 2488 4498 alieno
2553 4441 2877 4496 indumento
2949 4437 3353 4492 circumvestili
3423 4443 3590 4502 sunt,

1937 4525 1979 4579 Ῑ)
2003 4533 2612 4610 quemadmodumlupi
2680 4531 2920 4601 pellibus
2955 4529 3162 4582 ovium.

2039 4627 2416 4684 CCLXXXVI.
2457 4654 2527 4666 —-
2566 4623 2802 4678 GAINAZ
2835 4619 3192 4676 COI’IARUM
3229 4617 3555 4674 DUCTORI.

2081 4740 2100 4772 ι
2134 4721 2238 4786 Qui
2277 4729 2360 4774 est
2399 4718 2660 4789 splendor
2702 4717 2890 4786 gloriae
2929 4715 2994 4766 ⁷⁸.
3031 4733 3049 4765 ι
3081 4713 3342 4781 Exemplo
3381 4725 3590 4766 sermo-

2001 4828 2126 4867 nem
2158 4811 2403 4866 conserit
2434 4823 2671 4878 magnus
2703 4807 3036 4876 Apostolus,
3093 4816 3151 4858 ut
3185 4803 3433 4872 passioui
3480 4803 3587 4855 mi-

2002 4907 2151 4959 nime
2185 4904 2484 4958 obnoxium
2518 4901 2894 4971 significaret,
2929 4897 3279 4967 splendorem
3314 4895 3460 4947 hunc
3495 4911 3590 4950 nc-

1997 5009 2103 5064 que
2131 5010 2198 5048 ex
2235 4993 2630 5048 detrimentum
2671 5006 2838 5060 passo
2863 5029 2876 5052 ,
2917 4996 3011 5042 aut
3049 4986 3343 5040 imminuto
3385 4984 3583 5052 Patre,

1997 5102 2120 5140 esse
2159 5085 2279 5140 sine
2317 5085 2684 5140 subsistentia
2713 5123 2726 5145 ,
2765 5097 2932 5152 quam
2973 5081 3029 5134 in
3065 5079 3175 5133 alio
3226 5079 3470 5132 haberet.
3510 5078 3588 5133 Dte

1995 5177 2182 5246 itaque
2242 5177 2345 5230 hoc
2399 5177 2466 5230 de
2524 5177 2634 5229 De!)
2679 5172 2863 5226 Verbo
2920 5171 3226 5238 intelligas.
3279 5171 3586 5224 Considera

1995 5270 2140 5322 cnim
2175 5284 2295 5336 quze
2331 5269 2515 5321 statim
2541 5265 2699 5332 106
2718 5263 3018 5331 Apostolus
3049 5261 3234 5314 sub-lit
3264 5279 3276 5313 :
3317 5261 3410 5314 «lit
3449 5263 3584 5315 chav

1998 5370 2179 5414 racter
2231 5361 2588 5428 hypostascos
2640 5359 2808 5410 illius.
2844 5373 2860 5404 ι
2916 5350 3388 5416 Quemadmodum
3436 5355 3581 5406 enim

1996 5451 2175 5516 l'ater,
2225 5453 2296 5505 ita
2332 5460 2385 5505 et
2418 5449 2590 5504 Filius
2634 5448 3033 5515 cuhypostutus
3063 5451 3187 5499 est:
3219 5461 3330 5500 non
3373 5445 3582 5512 alisque

2004 5545 2276 5615 principio
2315 5544 2522 5607 Filius,
2563 5551 2824 5608 tauquam
2883 5539 2976 5608 qui
3035 5539 3367 5610 principium
3418 5537 3578 5591 habet
