4064 6160
430 254 532 319 187

1910 260 1973 321 S.
2012 260 2176 323 NILI

3584 261 3685 327 188

430 369 687 435 Patrem,
721 379 783 425 ιιι
816 370 1067 431 Patrem,
1101 385 1209 424 non
1241 381 1301 425 ut
1327 370 1667 427 Creatorem.
1699 369 1836 426 Vide
1870 386 2011 441 prae-

2117 370 2259 440 Ὂρα
2288 372 2345 426 δὲ
2380 372 2495 437 πῶς
2526 373 2673 442 λέγει
2716 374 2774 428 ἑν
2809 373 3165 442 Εὖαγγελίοις
3190 374 3322 427 αὐτὸ
3355 374 3411 429 τὸ
3429 376 3679 446 ἀπαύγα-

430 469 610 526 terea,
639 461 916 532 quomodo
964 461 1222 529 loquatur
1266 463 1529 531 splendor
1580 464 1684 518 iste
1735 463 1786 517 in
1823 462 2002 517 Evan-

429 550 627 613 geliis:
661 552 803 622 «Ego
829 565 948 605 sum
979 550 1069 603 lux
1099 550 1287 604 mundi
1319 553 1398 618 7’;
1429 572 1446 603 ι
1470 553 1652 606 lumen
1680 567 1743 608 ex
1773 552 2001 608 lumine.

430 645 734 698 Character
781 644 925 696 aliud
974 641 1256 712 quidpiam
1306 651 1390 698 est
1433 645 1500 698 ab
1553 660 1659 709 eo,
1710 647 1873 713 cujus
1919 650 2006 697 est

430 736 745 797 character,
811 749 918 787 non
987 720 1387 806 usquequaque
1434 736 1607 803 aliud,
1643 736 1738 791 sed
1788 743 2006 790 tantum

430 824 731 880 secundum
765 823 1126 893 bypostasim.

604 913 1000 970 CCLXXXVII.
1032 944 1105 957 —
1138 914 1539 972 PHILOROMO
1570 915 1826 973 COMITI.

501 1008 556 1063 Si
599 1007 869 1062 bellorum
913 1006 1157 1063 laborem
1204 1023 1272 1062 ac.
1315 1008 1554 1063 validam
1580 1010 2005 1075 ,monaebornm

328 1128 341 1136 ς
429 1114 667 1169 pugnam
691 1136 708 1163 ,
736 1114 899 1169 quam
931 1113 1057 1153 cum
1088 1098 1424 1154 facinorosis
1452 1098 1798 1155 dmmouibus
1824 1101 2006 1155 conti-

432 1190 557 1243 nuis
591 1189 932 1244 adversariis
973 1188 1202 1252 ineunt,
1239 1196 1294 1244 et
1331 1205 1617 1259 nunquam
1658 1198 2002 1255 cessantem,

432 1296 535 1333 nec
582 1280 689 1335 sibi
727 1280 933 1349 aliquid
985 1281 1392 1336 coudonautem
1443 1281 1642 1338 salutis
1678 1297 1906 1346 curam,
1956 1289 2011 1336 et

434 1373 713 1437 studium,
755 1379 809 1425 et
845 1374 1166 1427 innumeras
1196 1373 1395 1427 animae
1445 1373 1731 1428 molestias
1787 1388 2009 1427 amaro-

437 1479 683 1533 remquc,
738 1464 833 1533 qui
892 1480 960 1519 ex
1032 1465 1204 1520 variis
1253 1465 1693 1519 adversariarnm
1746 1465 2009 1520 virtutum

434 1555 834 1610 tentationibus
878 1557 1165 1625 provenit,
1221 1556 1691 1625 comprehendere
1747 1559 2007 1626 poteris:

433 1656 600 1701 metu
629 1690 643 1712 ,
680 1648 726 1701 si
763 1649 983 1717 quando
1020 1648 1286 1718 temporis
1345 1664 1645 1718 progressu
1700 1660 2009 1703 aseetarum

2107 477 2238 530 σμα·
2276 480 2294 512 ι
2350 462 2490 530 Ἐγώ
2511 465 2629 533 εἰμι
2654 463 2714 517 τὸ
2733 463 2848 532 φῶς
2880 463 2975 517 τοῦ
3000 464 3229 534 κόσμου,
3265 485 3283 516 ι
3318 465 3434 534 φῶς
3479 468 3543 521 ὲκ
3575 486 3687 537 φωο

2105 552 2216 614 τός.
2256 551 2315 604 '0
2344 553 2633 624 χαρακτὴρ
2664 552 2792 607 ἀλλο
2821 554 2873 606 τί
2896 555 3012 606 ἐστι
3042 553 3192 625 παρά
3219 554 3281 606 τὸ
3306 556 3683 625 πρωτότυπον,

2109 642 2239 696 ἄλλο
2263 644 2320 697 δὲ
2346 644 2405 697 οὐ
2439 644 2640 716 πάντη,
2666 644 2803 699 ἀλλά
2832 645 2974 700 κατά
3003 646 3064 699 τὸ
3094 647 3478 710 ὲνυπόστατον.

2422 910 2584 965 ΣΠΖ’.
2611 940 2678 952 -
2697 912 3047 983 ΦΙΛΟΡΟΜῼ
3083 915 3375 969 ΚΟΜΗΤΙ.

2195 998 2321 1053 Ἐὰν
2372 1001 2610 1070 ἰσχύσεις
2644 1001 2875 1067 ξυνιδεῖν
2918 1004 3012 1058 τὸν
3056 1005 3255 1076 μόχθον
3276 1006 3385 1060 τῶν
3414 1008 3688 1078 πολέμων,

2111 1088 2203 1142 καὶ
2242 1089 2342 1157 τῆς
2388 1091 2662 1160 καρτερᾶς
2714 1092 2892 1162 μάχης
2950 1093 3058 1146 τῶν
3114 1095 3385 1166 μοναχῶν,
3418 1098 3522 1168 τῆς
3554 1100 3691 1169 πρὸς

2108 1184 2233 1247 τοὺς
2265 1183 2570 1257 ἀλάστορας
2597 1185 2880 1254 δαίμονας,
2901 1187 3026 1251 τοὺς
3057 1187 3348 1258 διηνεκεῖς,
3372 1190 3464 1245 καὶ
3490 1190 3693 1261 δυσμε-

2111 1278 2243 1340 νεῖς,
2271 1275 2366 1330 καὶ
2393 1275 2493 1347 τὴν
2514 1276 2814 1340 ἄπαυστον,
2849 1279 2943 1332 καὶ
2971 1280 3251 1333 ἀνένδοτον
3279 1280 3383 1350 τῆς
3413 1283 3693 1352 σωτηρίας

2115 1364 2407 1434 μέριμναν,
2436 1365 2533 1417 καὶ
2564 1365 2846 1436 φροντίδα,
2884 1368 2977 1420 καὶ
3008 1367 3108 1431 τὰς
3146 1368 3552 1441 ἀναριθμήτους
3592 1372 3692 1440 τῆς

2111 1454 2289 1526 ψυχῆς
2312 1456 2627 1525 τηκεδόνας,
2656 1457 2752 1510 καὶ
2791 1458 2891 1528 τὴν
2922 1460 3150 1530 πικρίαν
3179 1458 3275 1530 τὴν
3305 1461 3692 1531 ὲπιγινομένην

2114 1546 2172 1600 ὲν
2202 1550 2314 1610 τοῖς
2339 1549 2603 1613 ποικίλοις
2625 1553 2954 1621 πειρασμοῖς
2975 1552 3083 1604 τῶν
3105 1553 3365 1607 ἐναντίων
3389 1554 3689 1617 δυνάμεων,

2115 1637 2176 1689 τὸ
2205 1638 2510 1707 τηνικαῦτα
2544 1639 2642 1711 τὴν
2669 1640 2759 1693 διὰ
2790 1641 2982 1711 χρόνου
3009 1641 3249 1712 λιπαρὰν
3289 1642 3399 1696 τῶν
3438 1645 3707 1714 ἀσκητῶν

432 1740 529 1794 tibi
564 1739 824 1802 aﬂluens,
861 1755 926 1794 ac
958 1740 1192 1810 dapsilis
1220 1756 1407 1796 mensa
1441 1741 1681 1806 videtur,
1711 1745 2011 1797 maximum

2117 1729 2447 1800 φαινομένην
2472 1748 2552 1783 σοι
2585 1728 2679 1784 καὶ
2719 1731 2917 1802 δαψιλῆ
2943 1733 3245 1804 τράπεζαν,
3268 1737 3570 1806 κακουχίαν
3603 1754 3693 1805 με·

430 1830 635 1882 malum
661 1869 675 1894 ,
708 1837 762 1884 et
799 1845 1021 1899 gravem
1056 1831 1295 1900 in0piam
1319 1870 1335 1894 ,
1364 1841 1419 1885 et
1453 1832 1659 1886 victum
1689 1843 2008 1899 austerum,

429 1936 549 1973 eam
582 1934 707 1973 eum
741 1921 850 1975 tuis
885 1922 1167 1990 perpetuis
1205 1937 1270 1976 ac
1310 1923 1625 1980 libidinosis
1663 1926 1881 1980 quibns
1911 1966 1925 1987 .
1957 1934 2012 1979 et

438 2011 765 2066 lautissimis
792 2011 1064 2068 conviviis
1115 2028 1448 2084 comparans
1474 2054 1490 2080 ,
1540 2031 1606 2070 ac
1648 2016 1966 2085 dijudicans
1993 2058 2009 2083 ,

430 2103 798 2160 existimabis.
831 2103 907 2158 Ne
939 2105 1125 2174 itaque
1148 2106 1519 2171 condemnes,
1552 2124 1730 2178 neque
1755 2125 1884 2174 eos,
1919 2111 2013 2180 qui

433 2196 764 2265 quandoque
808 2197 1057 2250 solamen
1102 2197 1324 2266 aliquod
1373 2198 1796 2268 participatione
1838 2201 2012 2254 bono-

436 2303 559 2341 rum
606 2289 855 2342 ciborum
903 2303 1029 2342 cum
1081 2287 1268 2341 divina
1312 2287 1606 2352 facultate,
1658 2299 1713 2344 et
1758 2290 2014 2346 libertate

438 2382 644 2451 proba,
680 2389 736 2436 et
784 2381 948 2436 bonis
998 2380 1469 2450 cogitationibus,
1524 2381 1745 2437 defesso
1792 2382 2015 2453 corpori

440 2474 795 2543 suppeditare
832 2473 1015 2527 conati
1055 2480 1221 2534 sunt,
1256 2474 1559 2527 monachos
1594 2474 1846 2529 irrideas.

443 2568 600 2636 107
636 2563 1060 2620 CCLXXXVIII.
1086 2564 1576 2627 TATHANASIO
1606 2564 2013 2623 DEFENSORI.

507 2655 812 2710 Postulasti
844 2670 875 2707 a
911 2669 1019 2715 me,
1069 2655 1116 2709 si
1152 2655 1472 2709 essentialis
1523 2653 1805 2725 Sapientia
1828 2697 1843 2723 ,
1892 2673 2017 2711 om-

437 2749 590 2802 nium
625 2746 894 2801 Dominus
923 2745 1219 2808 Christus,
1276 2749 1429 2801 solus
1485 2747 1681 2815 plenus
1733 2755 1786 2803 et
1839 2749 2019 2818 perfe-

436 2847 594 2903 ctus,
620 2846 676 2893 et
709 2854 737 2891 a
772 2837 1049 2907 principio
1081 2837 1290 2891 nullius
1323 2837 1544 2908 indigus
1579 2849 1703 2902 est;
1736 2842 2019 2910 quomodo

435 2930 600 2984 de'eo
644 2927 826 2982 Lucas
871 2926 1110 2980 scribit:
1151 2942 1170 2976 ι
1199 2924 1530 2980 Proﬁciebat
1579 2933 1769 2989 atate.
1823 2915 1896 2982 et.
1930 2943 2022 2982 sa-

2116 1819 2328 1890 γίστην,
2372 1823 2466 1875 κοιλ⁵
2499 1822 2724 1892 βαρεῖαν
2762 1823 2991 1892 ἔνδειαν,
3024 1825 3117 1878 καὶ
3155 1825 3363 1880 δίαιταν
3403 1828 3693 1897 αὐχμηρὰν

2089 1911 2431 1979 μομίσειας,
2470 1914 2952 1985 παρασυμόἀλλων
2992 1916 3214 1987 ταύτην,
3257 1917 3351 1969 καὶ
3387 1918 3693 1988 συγκρίνων

2115 2004 2235 2064 ταῖς
2287 2005 2405 2066 σαῖς
2458 2004 2753 2075 διηνεκέσι,
2805 2010 2901 2061 καὶ
2954 2008 3277 2072 ἀκολάστοις
3321 2011 3555 2079 τρυφαῖς
3601 2012 3693 2064 καὶ

2119 2091 2483 2156 πανδαισίαις.
2517 2095 2607 2165 Μὴ
2637 2097 2817 2148 τοίνυν
2846 2097 3163 2166 κατάκρινε,
3191 2098 3286 2151 καὶ
3318 2098 3523 2152 σκόπτε
3567 2100 3694 2163 τοὺς

2116 2181 2183 2236 δι’
2201 2182 2424 2254 ἡμερῶν
2447 2185 2855 2255 δοκιμάσαντας
2881 2191 3173 2259 μοναχοὺς,
3199 2191 3552 2261 παραμυθίαν
3573 2191 3695 2244 τινὰ

2121 2274 2482 2344 μεταλήψεως
2516 2278 2701 2331 σιτίων
2728 2280 2930 2346 καλῶν,
2965 2284 3061 2336 σὺν
3107 2283 3228 2354 θείᾳ
3260 2284 3564 2355 ἐλευθερίᾳ,
3599 2285 3696 2338 καὶ

2118 2369 2404 2439 παρρησίᾳ
2439 2373 2650 2441 χρηστῇ
2676 2410 2690 2433 ,
2723 2373 2817 2426 καὶ
2849 2375 3131 2447 λογισμοῖς
3163 2377 3388 2446 ἀγαθοῖς
3414 2378 3491 2450 τῷ
3525 2394 3695 2432 κατα-

2120 2457 2409 2529 πονηθέντι
2437 2460 2650 2530 σώματι
2694 2467 3021 2535 χορηγῆσαι.

2435 2548 2609 2605 ΣΠΗ’.
2633 2580 2697 2590 --
2722 2553 3067 2625 ΑΘΑΝΑΣΙῼ
3097 2557 3377 2630 ΕΚΔῙΚῼ.

2203 2638 2438 2693 Ἐπύθου
2473 2659 2595 2710 μου,
2624 2645 2672 2696 εί
2706 2644 2969 2717 οὐσιώδης
2994 2649 3177 2717 σοφία,
3200 2652 3228 2702 ὀ
3264 2651 3372 2704 τῶν
3411 2652 3550 2706 ὅλων
3594 2656 3698 2708 Δε-

2122 2728 2328 2800 σπότης
2359 2732 2611 2802 Χριστὸς,
2640 2734 2735 2787 καὶ
2776 2736 2936 2806 μόνος
2969 2739 3205 2811 πλήρης,
3233 2743 3328 2795 καὶ
3351 2743 3575 2809 τέλειος,
3604 2744 3698 2799 καὶ

2119 2821 2442 2896 ἀνελλειπὴς
2489 2826 2586 2879 ἀπ’
2618 2827 2811 2898 ἀρχῆς,
2857 2830 2985 2894 πῶς
3019 2834 3221 2902 γράφει
3266 2836 3394 2907 περὶ
3447 2838 3612 2891 αὐτοῦ
3670 2842 3699 2894 ό

2119 2916 2364 2979 Λουκᾶς’
2420 2918 2501 2970 ὅτι
2537 2938 2556 2969 ι
2595 2918 2940 2991 Προέκοπτεν
2993 2925 3214 2997 ἡλικίᾳ,
3252 2929 3345 2981 καὶ
3377 2930 3574 2999 σοφίᾳ,
3603 2932 3698 2985 καὶ

437 3022 640 3093 pientia
660 3063 675 3085 ,
711 3032 766 3077 et
790 3019 968 3091 gratia
998 3020 1123 3074 3°?)
1143 3017 1263 3074 Non
1294 3019 1437 3089 quod
1482 3018 1693 3074 deforis
1723 3021 2013 3099 alicunde,

2121 3006 2334 3076 χάριτι;
2372 3027 2390 3059 ι
2423 3009 2535 3080 Οὐχ
2559 3011 2639 3064 ὅτι
2666 3013 2859 3081 σοφίαν
2892 3015 3327 3085 προσλαμϐάνων
3356 3018 3559 3084 ἔξωθέν
3602 3039 3698 3074 πο-

434 3130 598 3182 quam
631 3114 779 3169 domi
811 3113 1045 3168 habebat
1066 3155 1081 3180 ,
1113 3113 1441 3182 sapientiam
1477 3121 1791 3168 assumeret
1818 3129 1833 3178 ;
1869 3096 2017 3168 totus

433 3205 578 3258 enim
630 3203 901 3274 sapientia
922 3242 936 3264 ,
966 3210 1020 3257 et
1069 3201 1311 3271 cognitio
1360 3201 1752 3271 comprehendi
1785 3203 1972 3258 nescia
1995 3244 2013 3267 ,

435 3305 487 3350 et
517 3294 732 3365 gratia,
764 3302 819 3349 et
861 3293 1161 3348 thesaurus
1207 3293 1517 3357 gratiarum
1564 3290 2017 3346 inexhaustarum

433 3384 735 3440 secundum
770 3382 1030 3437 deitatem
1071 3389 1232 3448 erat;
1265 3382 1361 3435 sed
1388 3383 1535 3451 quod
1570 3381 1887 3450 proliciente
1919 3383 2019 3436 bu-

436 3490 595 3528 maua
627 3473 938 3529 Servatoris
972 3480 1135 3526 actate
1170 3472 1486 3527 hominibtts
1513 3473 1902 3528 elucidabatur
1937 3474 2022 3529 di-

436 3569 577 3621 vinm
608 3566 892 3635 sapientiae
927 3580 991 3619 ac
1022 3565 1215 3634 gratim
1247 3564 1535 3618 iudicatio.

779 3653 1156 3711 CCLXXXIX.
1198 3684 1260 3695 —
1291 3653 1669 3711 DRUSIANO.

506 3750 664 3804 Licet
714 3747 895 3802 adhuc
940 3762 1153 3802 cornua
1208 3745 1381 3800 vitulo
1429 3761 1537 3799 non
1572 3746 1889 3815 eruperint,
1921 3762 2017 3801 ve-

438 3851 749 3897 rnmtamen
786 3840 904 3909 ipse
939 3840 1045 3895 scit
1081 3838 1229 3907 quod
1278 3846 1612 3906 erumpent;
1662 3837 1792 3891 hinc
1839 3838 2019 3907 capite

436 3932 581 4002 quod
611 3933 714 3987 sibi
752 3932 1036 3987 adversari
1072 3932 1292 3987 videtur
1328 3931 1565 4001 impetit.
1599 3930 1691 3984 Sic
1725 3939 1779 3984 et
1809 3930 2017 3997 David,

437 4028 568 4081 licet
613 4023 875 4080 Servator
904 4025 1165 4081 Christus
1214 4025 1520 4080 secundum
1557 4024 2019 4094 dispositionem,

436 4115 678 4169 nondum
702 4115 1070 4184 apparuisset,
1102 4114 1466 4169 nihilominus
1496 4121 1555 4168 ut
1586 4114 1853 4184 propheta
1880 4155 1895 4179 ,
1926 4130 2022 4168 un-

435 4209 630 4261 denam
677 4208 874 4262 Salutis
919 4222 1093 4262 cornu
1125 4215 1451 4276 erupturum
1486 4218 1606 4260 erat
1630 4248 1645 4271 ,
1680 4215 2016 4276 agnoverat,

434 4300 543 4355 hoc
572 4308 655 4354 est
677 4341 691 4364 ,
725 4315 789 4353 ex
828 4302 1037 4354 semine
1064 4307 1119 4353 et
1145 4316 1344 4368 genere
1376 4300 1623 4354 Davidis.
1671 4301 2019 4370 Quapropter

2122 3099 2233 3162 θεν,
2257 3100 2322 3170 ἢν
2348 3101 2558 3155 οἴκοθεν
2576 3099 2740 3174 εἶχεν,
2767 3110 3094 3161 κατενοεῖτο·
3118 3109 3239 3173 ὅλος
3258 3112 3367 3180 γὰρ
3390 3113 3573 3180 σοφία,
3605 3115 3700 3168 καὶ

2120 3190 2322 3260 γνῶσις
2370 3194 2773 3265 ἀκατάληπτος,
2828 3197 2924 3250 καὶ
2959 3199 3138 3269 χάρις,
3170 3203 3263 3254 καὶ
3296 3202 3572 3274 θησαυρὸς
3600 3222 3698 3277 χα-

2123 3281 2288 3352 ρίτων
2326 3283 2687 3357 ἀδαπανήτων
2719 3289 2858 3342 κατὰ
2883 3291 2981 3360 τὴν
3017 3290 3266 3361 θεότητα,
3302 3294 3416 3348 ἀλλ’
3444 3296 3526 3350 ὅτι
3567 3315 3698 3368 προ-

2122 3373 2431 3445 κοπτούσης
2481 3376 2581 3445 τῆς
2633 3377 2980 3449 ἀνθρωπίνης
3018 3380 3112 3433 τοῦ
3160 3382 3410 3454 Σωτῆρος
3461 3384 3697 3456 ἡλικίας,

2122 3465 2540 3536 παρεγυμνοῦτο
2572 3471 2683 3531 τοῖς
2722 3469 3087 3543 ἀνθρώποιςή
3126 3472 3350 3540 ἔνδειξις
3388 3475 3481 3544 τῆς
3511 3475 3700 3546 θεῖκῆς

2124 3557 2315 3625 σοφίας
2349 3560 2443 3611 καὶ
2473 3559 2717 3631 χάριτος.

2569 3655 2739 3709 Σιιθν.
2757 3687 2825 3695 -
2841 3657 3243 3730 ΔΡΟΥΣΙΛΝῼ.

2136 3802 2139 3805 λ
2195 3748 2312 3803 Κᾶν
2341 3748 2415 3818 μή
2456 3765 2571 3810 πως
2605 3747 2744 3818 ἐφύη
2777 3748 2853 3818 τῷ
2891 3750 3076 3820 μόσχῳ
3100 3750 3168 3803 τὰ
3198 3752 3424 3824 κέρατα,
3456 3754 3568 3807 ἀλλ’
3591 3750 3696 3807 οἶδε

2124 3841 2361 3904 πάντως,
2394 3841 2476 3894 ὅτι
2528 3841 2830 3910 φυήσεται’
2859 3839 2979 3893 ὅθεν
3028 3842 3119 3895 καὶ
3161 3846 3225 3914 τῇ
3264 3845 3473 3914 κεφαλῇ
3509 3846 3568 3898 τὸ
3610 3847 3697 3899 δο-

2123 3934 2253 3986 κοῦν
2286 3933 2541 4003 πολεμεῖν
2575 3930 2860 4001 ἀμύνεται.
2891 3932 3046 3987 Οὕτω
3067 3934 3158 3987 καὶ
3190 3934 3371 3996 Δαυῖδ,
3393 3936 3494 3991 κᾶν
3531 3939 3698 4009 μήπω

2121 4026 2149 4076 ὁ
2178 4022 2367 4094 Σωτὴρ
2397 4021 2631 4094 Χριστὸς
2678 4021 2820 4075 κατὰ
2854 4023 2954 4092 τὴν
3004 4024 3319 4094 οἰκονομίαν
3350 4029 3462 4088 τοῖς
3488 4024 3701 4093 ἀνθρώ-

2124 4133 2247 4178 ποις
2281 4114 2477 4183 ὲφάνη,
2523 4113 2636 4165 ἀλλ’
2668 4112 2743 4175 ὡς
2774 4115 3060 4185 προφήτης
3085 4116 3370 4183 ἐγίνωσκε,
3407 4116 3567 4171 πόθεν
3617 4117 3702 4182 ἐξ-

2125 4206 2372 4260 ανατελεῖ
2407 4207 2505 4275 τῆς
2554 4205 2826 4276 σωτηρίας
2850 4204 2909 4256 τὸ
2945 4205 3131 4276 κέρας,
3179 4208 3456 4261 τουτέστιν
3497 4210 3561 4260 ὲκ
3605 4209 3700 4262 τοῦ

2128 4299 2460 4368 σπέρματος,
2499 4297 2593 4349 καὶ
2626 4298 2691 4349 ἐκ
2749 4296 2841 4349 τοῦ
2901 4296 3092 4364 γένους
3124 4298 3310 4350 Δαυῖδ.
3359 4299 3559 4371 Διόπερ
3608 4301 3704 4355 καὶ

439 4396 556 4463 ipse
588 4389 754 4444 David
788 4389 1004 4444 dicebat
1034 4409 1047 4443 :
1079 4407 1097 4439 ι
1129 4388 1187 4442 In
1223 4401 1275 4443 te
1306 4390 1560 4445 inimicos
1594 4399 1814 4445 nostros
1845 4407 2013 4446 cornu

2127 4389 2312 4456 ἔλεγεν
2342 4387 2504 4450 αὐτὸς
2531 4389 2560 4441 ὁ
2589 4385 2753 4439 Δαυῒδ
2800 4386 2951 4456 πρὸς,
2980 4387 3070 4438 τὸν
3120 4387 3397 4455 Δεσπότην
3444 4389 3699 4457 Χριστόν·

437 4494 686 4554 petemus
713 4482 754 4512 "
786 4497 801 4545 ;
830 4499 848 4530 ι
880 4480 979 4533 hoc
1011 4486 1129 4541 est,
1168 4495 1263 4548 per
1293 4490 1375 4543 te,
1419 4488 1471 4533 et
1506 4497 1605 4549 per
1635 4491 1785 4537 tuam
1822 4490 2017 4551 poten-

438 4581 596 4640 tiam,
622 4583 677 4629 et
708 4588 883 4626 cornu
912 4572 1145 4625 viriliter
1176 4574 1530 4628 adversarios
1562 4583 1778 4630 nostros
1807 4575 2015 4629 daemo-

436 4686 536 4724 "es
565 4662 1029 4733 oppugnabimus.
1067 4662 1180 4718 Nos
1213 4664 1359 4718 enim
1391 4680 1454 4719 ex
1491 4665 1905 4737 nobismetipsis
1938 4668 2021 4721 in-

436 4756 732 4813 vincibiles
763 4755 954 4811 hostes
984 4767 1246 4826 superare
1283 4757 1601 4827 nequimus.

472 4928 674 4984 CCXC.
709 4959 776 4973 --
807 4928 1130 4985 PROCOLO
1163 4930 1373 4986 REIIP.
1409 4931 1982 4992 ADMINISTRA‘NTI.

509 5021 1003 5079 Providentissime
1033 5022 1128 5077 tibi
1152 5063 1166 5087 ,
1199 5039 1376 5093 neque
1401 5040 1720 5081 sermonum
1746 5030 2015 5098 aptitudo,

440 5129 617 5183 neque
652 5115 813 5184 108
842 5115 1216 5180 abundantia,
1267 5132 1445 5185 neque
1488 5120 1891 5175 sententiarum
1922 5138 2017 5179 co-

442 5206 562 5272 pia,
592 5222 770 5275 neque
829 5210 904 5263 rei
940 5209 1267 5263 nunuuariae
1302 5209 1576 5264 afﬂuentia
1601 5252 1614 5272 ,
1666 5229 1844 5282 neque
1894 5230 2019 5268 cor-

442 5293 593 5362 poris
622 5296 771 5349 salus
800 5298 999 5352 tradita
1022 5309 1108 5355 est
1136 5316 1150 5364 ;
1182 5300 1383 5355 etenim
1427 5302 1471 5355 si
1519 5303 1606 5357 his
1638 5304 1804 5359 etiam
1841 5305 2012 5359 desti-

431 5393 594 5469 tutus
641 5389 1073 5457 cogitationibus
1120 5392 1477 5455 recalcitras,
1533 5405 1586 5449 et
1637 5395 2015 5452 indesinenter

444 5477 677 5548 ineptis,
722 5495 844 5549 qua":
894 5483 1032 5536 nulli
1080 5483 1205 5539 usui
1247 5491 1379 5538 sunt
1418 5484 1716 5553 eﬂuticus,
1760 5504 1855 5545 ore
1906 5490 2013 5543 lato

2118 4482 2197 4533 ὅτι
2232 4499 2248 4530 ι
2273 4480 2360 4531 Ἐν
2389 4480 2471 4531 σοὶ
2491 4479 2617 4541 τοὺς
2652 4477 2877 4548 ἐχθροὺς
2904 4476 3060 4547 ἡμῶν
3084 4477 3466 4548 κερατιοῦμεν,
3498 4497 3516 4529 ι
3545 4499 3703 4537 τουτ..

2119 4574 2233 4625 ἐστι
2271 4572 2356 4624 διὰ
2399 4568 2514 4634 σοῦ,
2546 4568 2641 4622 καὶ
2670 4568 2757 4622 διὰ
2779 4572 2878 4640 τῆς
2906 4568 3005 4637 σῆς
3054 4567 3258 4637 ἰσχύος,
3307 4569 3402 4621 καὶ
3429 4571 3525 4623 τοῦ
3571 4572 3703 4643 κρά-

2116 4682 2261 4729 τους,
2294 4663 2437 4717 κατά
2489 4663 2693 4735 κράτος
2737 4663 2865 4725 τοὺς
2911 4659 3141 4731 ἐχθροὺς
3183 4661 3344 4741 ήμῷν
3383 4664 3700 4733 ἀμυνόμεθα

2118 4756 2399 4825 δαίμονας.
2444 4756 2638 4823 Ἡμεῖς
2699 4754 2808 4825 γὰρ
2862 4754 2984 4806 καθ’
3012 4753 3243 4817 ἑαυτοὺς
3292 4755 3391 4807 οὐκ
3445 4754 3701 4825 ἰσχύομεν

2119 4847 2504 4919 περιγενέσθαι
2528 4847 2635 4899 τῶν
2657 4846 2904 4917 ἀοράτων
2937 4845 3168 4914 ἐχθρῶν.

2343 4941 2457 5008 Σίν-ί.
2481 4971 2543 4981 -
2567 4939 2852 5009 ΠΡΟΚΛῼ
2890 4937 3460 5011 ΠΟΛΙΤΕΥΟΜΕΝῼ.

2189 5031 2561 5102 Οίκονομικῶς
2606 5031 2705 5083 οὐκ
2756 5029 2910 5099 ἐδόθη
2968 5045 3048 5081 σοι
3092 5028 3215 5082 οὔτε
3249 5030 3423 5100 λόγων
3467 5030 3695 5100 εὐφυία,

2116 5125 2229 5178 οὔτ’
2259 5123 2509 5193 ἀφθονία,
2541 5122 2634 5177 καὶ
2660 5120 2862 5190 πλῆθος
2903 5120 3215 5188 νοημάτων,
3248 5120 3372 5175 οὕτε
3403 5124 3702 5193 χρημάτων

2118 5216 2392 5285 δαψίλεια,
2424 5213 2541 5267 οὔτε
2565 5210 2823 5281 ὑγείατοῦ
2854 5208 3125 5279 σώματος.
3155 5212 3215 5263 Εἰ
3239 5211 3347 5282 γὰρ
3377 5213 3469 5264 καὶ
3497 5212 3703 5267 τούτων

2122 5307 2404 5378 στερηθεὶς
2451 5303 2723 5367 λακτίζεις
2772 5305 2883 5365 τοῖς
2929 5301 3230 5372 λογισμοῖς,
3274 5304 3368 5355 καὶ
3425 5303 3688 5375 φλυαρεῖς

2121 5401 2413 5463 ἀπαύστως
2465 5397 2644 5451 λαλῶν
2698 5396 2765 5449 τὰ
2813 5395 2979 5467 μηδὲν
3031 5394 3366 5464 ὠφελοῦντα,
3422 5395 3702 5449 πεπλατυο

2124 5492 2305 5562 σμὲνιρ
2349 5489 2426 5560 τῷ
2463 5490 2712 5559 στόματι,
2763 5489 2856 5542 καὶ
2905 5487 3194 5556 ἀκαθὲκτῳ
3245 5490 3308 5557 τῇ
3340 5484 3579 5559 γλώττῃ,
3608 5487 3703 5541 καὶ

519 5647 565 5680 τ’
603 5648 761 5705 Joan.
820 5667 940 5718 vnt,
985 5654 1065 5708 I2.
1144 5658 1187 5689 '°
1235 5655 1366 5710 Luc.
1412 5674 1475 5725 ιι,
1543 5656 1630 5710 5‘3.
1712 5661 1748 5690 '"
1812 5657 1956 5713 Ps-l.
1996 5673 2143 5713 mu.
2184 5659 2235 5712 6.
