4064 6160
412 293 508 355 189

1632 295 2164 357 EPISTOLARUM
2194 302 2340 361 LIB.
2385 296 2434 361 Ι.

3545 302 3645 369 190

412 401 568 473 μόνον
605 399 706 470 τὴν
736 398 933 452 σαυτοῦ
986 398 1308 463 κενοδοξίαν,
1345 399 1437 452 καὶ
1485 399 1971 471 άνθρωπαρεσκίαν

2075 403 2567 476 adapertoque,et
2629 404 2816 475 lingua
2878 404 3243 460 incontinenti
3300 410 3642 467 tantumdem

410 490 785 561 πληροφορῶν,
818 489 911 543 καὶ
959 489 1120 543 ἄθλια
1175 490 1592 561 αίχμαλωτίζων
1638 491 1872 558 γύναια·
1924 494 1978 546 τί

411 581 476 634 ἂν
517 580 793 650 διεπράξω
835 580 1169 655 εὐπορήσας,
1217 576 1401 652 ὧνπερ
1457 582 1694 651 εὐλόγως
1747 585 1979 638 ἀπεστε-

415 672 616 744 ρήθης;

719 849 954 916 2a,».-—
972 850 1251 923 ΔΙΛΙΔΝῼ
1287 853 1656 926 ΕΠΙΣΚΟΠῼ.

475 942 579 995 Τὸν
644 938 855 1011 ’Δαρὼν
903 941 1165 996 δεικνύων
1225 943 1479 1017 θαυμάζῃ
1525 945 1676 1017 παρά
1735 946 1976 1011 πάντων,

409 1031 797 1103 ἐπιφερόμενός
831 1048 891 1084 τε
933 1031 1115 1097 λίθους
1160 1034 1371 1103 τιμίους
1395 1075 1410 1101 ,
1464 1037 1558 1090 καὶ
1595 1036 1848 1102 κώδωνας
1890 1039 1978 1091 εὖ-

408 1128 571 1197 ήχους
601 1122 990 1194 ἐξηρτημένος.
1040 1122 1164 1177 Τῶν
1194 1124 1302 1196 γὰρ
1343 1124 1450 1179 ὑπὸ
1499 1128 1582 1179 σοὶ
1626 1125 1981 1196 ταττομένων

407 1215 701 1285 κληρικῶν,
725 1217 774 1267 οι
804 1214 903 1284 μὲν
929 1216 1090 1285 σιγὴν
1110 1217 1406 1280 ἀσκοῦντες
1437 1217 1514 1287 τῷ
1542 1217 1642 1290 βίῳ
1672 1219 1977 1288 κεκράγασι

409 1306 704 1373 σάλπιγγος
744 1305 1273 1377 μεγαλοφωνότερον,
1306 1307 1356 1359 oi
1394 1306 1449 1360 δὲ
1502 1307 1579 1377 τῷ
1627 1307 1757 1378 θείῳ
1804 1308 1974 1376 λόγῳ,

406 1396 500 1448 καὶ
526 1398 646 1457 ταῖς
685 1397 962 1466 λαμπραῖς
995 1396 1232 1465 ὁμιλίαις
1264 1396 1627 1467 κατηχοῦντες
1654 1398 1803 1468 ,ὑπὲρ
1831 1398 1977 1451 ὲκεί-

406 1502 529 1547 νους
558 1486 682 1546 τοὺς
715 1483 970 1549 κώδωνας
1001 1485 1105 1554 τὴν
1149 1488 1425 1557 μακαρίαν
1474 1488 1634 1560 ἠχὴν,
1678 1491 1760 1552 είς
1808 1488 1978 1552 αὐτὰς

406 1573 506 1637 τὰς
541 1574 709 1638 ἀκοάς
737 1574 831 1626 τοῦ
862 1574 955 1628 νοῦ
986 1577 1411 1645 εὶσκομίζουσιν.

770 1667 926 1733 ΣῑιΒν.
943 1696 1012 1707 -
1031 1668 1266 1740 ΛΙΝΝΙῼ
1297 1670 1607 1741 ΜΟΝΑΧῼ.

479 1752 665 1807 Πάσαν
697 1755 797 1826 τὴν
824 1756 915 1808 ὑπ’
937 1756 1164 1824 οὐρανὸν
1189 1757 1605 1827 περιτροχάζειν
1656 1758 1977 1823 σπουδάζεις

411 1844 778 1916 σεσαλευμένῃ
825 1848 889 1917 τῇ
942 1846 1160 1918 γνώμῃ,
1212 1850 1467 1920 ἀφορμάς
1512 1850 1710 1919 μυρίας
1747 1850 1978 1902 πλαττό-

413 1952 594 2005 μενος,
636 1937 735 1990 καὶ
781 1937 964 2008 χώρας
998 1940 1061 1991 ἐκ
1098 1939 1288 2009 χωρῶν
1323 1940 1689 2009 μεταμείϐων.
1732 1940 1852 1994 Κάν
1880 1939 1978 1992 νῦν

408 2026 684 2096 τοιγάρτοι
712 2024 922 2078 παῦσαι
943 2028 1042 2096 τῆς
1067 2026 1298 2096 πλάνης,
1324 2027 1617 2099 ἐδράσθητι
1649 2028 1709 2081 τὸ
1739 2030 1974 2099 φρονεῖν,

411 2114 677 2183 σταθερὸν
702 2115 937 2169 άνάλαϐε
970 2116 1250 2186 λογισμὸν,
1268 2118 1670 2186 καταφόνευσον
1690 2118 1788 2187 τὴν
1810 2119 1978 2171 ἀστα-

411 2205 535 2261 σίαν
565 2206 644 2276 τῷ
699 2206 845 2276 ξίφει
888 2207 990 2277 τῆς
1032 2208 1345 2279 καρτερίας,
1371 2208 1471 2272 τὰς
1510 2208 1775 2272 ἀτάκτους
1802 2210 1979 2280 ὁρμὰς

407 2297 781 2367 ἀναχαίτισον,
833 2297 986 2361 τέλος
1036 2296 1219 2361 ἐπίθες
1274 2298 1349 2368 τῷ
1407 2298 1667 2370 άμυθήτῳ
1727 2300 1974 2371 βρασμιῖκ

406 2389 790 2457 ἐπισυνάγαγε
837 2389 957 2441 ὅλον
1005 2388 1197 2443 σαυτὸν
1246 2390 1382 2461 πρὸς
1418 2391 1652 2461 Χριστὸν
1681 2390 1846 2463 ψυχῇ,
1885 2392 1978 2445 καὶ

412 2478 670 2550 σώματιί

630 2570 787 2637 Σιῐν.
813 2599 884 2613 .-
918 2572 1404 2644 ΠΡΙΣΚΙΛΛΙΑΝῼ
1430 2575 1751 2647 ΔιΑκυΝᾳ.

479 2662 543 2715 El
575 2662 640 2715 ἐκ
670 2661 957 2732 προσώπου
989 2663 1082 2718 τοῦ
1108 2665 1378 2719 Δεσπότου
1426 2666 1582 2737 ἡμῶν
1631 2667 1806 2740 Ἰησοῦ
1840 2671 1976 2742 Χρι-

402 2750 536 2807 στοῦ
591 2753 826 2822 φάσκεις
864 2754 932 2809 τὰ
983 2756 1355 2828 προϐληθέντα
1409 2757 1563 2829 παρὰ
1604 2760 1698 2813 σοῦ
1756 2762 1975 2832 ῥήματα

400 2843 654 2914 εἰρῆσθαι
685 2846 742 2896 ἐν
768 2848 835 2916 τῇ
875 2848 1168 2918 Παναρὲτῳ
1203 2848 1307 2902 ὑπὸ
1329 2849 1423 2902 τοῦ
1453 2850 1816 2921 Σολομῶντος,
1851 2852 1971 2915 πῶς

401 2950 570 3003 φησιν
628 2935 821 2989 ἑαυτὸν
857 2937 886 2989 ό
926 2940 1276 3009 συγγραφεὺς
1311 2939 1406 2994 τοῦ
1460 2941 1622 3011 λόγου
1660 2941 1720 3007 ἐξ
1750 2942 1970 3013 ἡδονῆς.

2080 503 2229 547 tuam
2264 494 2615 549 insolentiam
2635 531 2650 556 ,
2681 499 2735 547 et
2765 493 3019 562 placendi
3049 493 3367 549 hominibus
3401 496 3645 551 studium

2073 583 2326 652 jactans,
2354 594 2409 639 et
2447 582 2817 639 inlortunatas
2860 584 3215 639 mulierculas
3254 585 3309 639 in
3360 586 3647 655 captivita-

2080 683 2187 728 tem
2217 675 2428 730 ducens
2453 692 2467 741 ;
2500 674 2633 745 quid
2665 674 2783 744 ipse
2810 675 3033 731 molitus
3062 674 3293 740 fuisses,
3328 677 3373 731 si
3400 677 3490 730 illa
3518 692 3646 748 pos-

2078 762 2323 819 sedisses
2342 802 2358 829 ,
2384 763 2588 833 quibus
2624 776 2735 816 non
2762 761 2882 816 sine
2904 764 3123 817 ratione
3145 764 3510 819 destitueris?

2347 850 2574 907 CCXCI.
2607 880 2669 891 —
2708 850 2993 905 ELIANO
3024 849 3376 909 EPISCOPU.

2148 944 2425 999 Aaronem
2454 951 2745 999 ostentans
2776 943 2831 997 in
2865 943 3111 997 omnium
3144 943 3511 1000 admiratione
3542 960 3604 1001 es
3627 982 3645 1010 ,

2077 1042 2131 1088 et
2165 1032 2445 1103 pretiosos
2488 1030 2702 1103 lapides
2749 1031 3217 1095 circumducens,
3266 1040 3322 1087 et
3375 1033 3512 1088 bene
3558 1048 3650 1087 so-

2077 1121 2266 1176 nantia
2328 1120 2704 1174 tintinnabula
2758 1134 3001 1190 appensa
3047 1127 3309 1190 gestans;
3360 1122 3455 1191 qui
3503 1122 3649 1176 enim

2079 1213 2178 1267 tibi
2225 1212 2462 1269 subsunt
2503 1228 2575 1268 ex
2617 1213 2802 1277 clero,
2832 1211 2886 1266 hi
2916 1210 3138 1281 quidem
3170 1212 3451 1268 silentium
3490 1228 3649 1270 exer-

2077 1314 2269 1362 centes
2295 1308 2425 1361 tuha
2458 1307 2967 1376 magniloquentius
2995 1305 3253 1360 insonant
3286 1324 3301 1372 ;
3338 1306 3430 1359 alii
3462 1307 3652 1362 divino

2080 1401 2247 1455 verbo
2295 1400 2710 1470 splendidisque
2763 1399 3056 1468 colloquiis
3100 1399 3214 1456 illis
3258 1399 3648 1456 tintinnabulis

2078 1493 2482 1547 consonantius
2511 1493 2967 1561 interstrepentes
2991 1530 3006 1555 ,
3053 1491 3273 1545 beatum
3320 1492 3559 1547 sonitum
3594 1492 3652 1548 in

2080 1584 2230 1653 ipsas
2264 1585 2465 1637 mentis
2497 1599 2660 1639 aures
2696 1583 3015 1653 important.

2362 1673 2606 1730 CCXCII.
2639 1704 2709 1715 —
2737 1664 3361 1729 LINNIO'MONACIIO.

2151 1763 2375 1818 Terram
2409 1780 2627 1820 omnem
2652 1805 2668 1829 ,
2701 1781 2821 1836 quae
2856 1767 2959 1821 sub
2987 1766 3131 1820 coelo
3161 1776 3243 1820 est
3267 1804 3281 1829 ,
3313 1765 3652 1819 circumcur-

2080 1872 2201 1911 rcre
2232 1856 2521 1910 deturbata
2556 1866 2737 1913 mente
2781 1858 3109 1921 contendis,
3152 1857 3403 1911 infinitas
3451 1870 3653 1911 causas

2079 1946 2434 2017 conﬁngens,
2475 1956 2529 2001 et
2563 1948 2684 2001 loca
2727 1963 2792 2002 ex
2839 1949 2976 2003 locis
3024 1954 3390 2001 commutans.
3445 1943 3650 1999 Saltem

2080 2052 2227 2091 nunc
2257 2037 2326 2091 ab
2349 2053 2541 2093 errore
2566 2052 2724 2094 cessa
2748 2079 2763 2105 ,
2800 2040 3148 2094 intellectum
3191 2038 3347 2092 ﬁrma
3368 2078 3383 2103 ,
3429 2038 3648 2091 solitam

2079 2142 2298 2184 assume
2325 2128 2713 2198 cogitationem
2733 2169 2745 2193 ,
2778 2129 2962 2198 gladio
2996 2130 3299 2184 tolerantiae
3330 2130 3653 2183 inconstan-

2075 2219 2207 2271 tiam
2242 2216 2436 2270 θεοᾶίιο
2457 2256 2473 2281 ,
2503 2217 2850 2271 inordinatos
2882 2217 3119 2287 impetus
3167 2217 3321 2272 frena
3354 2256 3370 2284 ,
3418 2214 3651 2270 infando

2081 2308 2287 2362 fervori
2316 2307 2480 2361 ﬁnem
2506 2307 2726 2376 impone
2746 2350 2760 2374 ,
2790 2316 2965 2361 totum
2996 2308 3344 2378 temetipsum
3390 2307 3458 2362 ad
3501 2306 3653 2362 Chri-

2077 2410 2220 2452 stum
2250 2410 2479 2465 corpore
2506 2403 2561 2450 et
2587 2394 2768 2449 anima
2799 2397 3083 2466 recollige.

2150 2574 2310 2645 109
2342 2559 2612 2630 chcm.
2642 2562 2717 2615 ——”
2744 2573 3224 2630 PRISCILLIANO
3255 2570 3574 2629 amoeno.

2147 2666 2203 2719 Si
2247 2683 2312 2720 ex
2361 2680 2594 2736 persona
2643 2665 2859 2721 Domini
2896 2668 3068 2721 nostri
3100 2666 3229 2722 Jesu
3267 2665 3475 2722 Christi
3510 2680 3643 2737 pro-

2078 2758 2251 2827 posita
2283 2773 2379 2828 per
2403 2766 2457 2813 te
2485 2758 2650 2814 verba
2678 2761 2882 2814 asseris
2911 2760 3119 2813 dictata
3150 2763 3272 2815 esse
3301 2774 3331 2812 a
3356 2757 3652 2813 Salomone

2076 2850 2130 2903 in
2168 2848 2475 2905 Panareto:
2508 2853 2868 2920 quamobrem
2897 2851 3175 2906 sermonis
3230 2851 3382 2905 illius
3412 2852 3655 2921 scriptor

2075 2941 2153 2994 ait
2184 2956 2307 2996 sese
2336 2957 2403 2996 ex
2440 2942 2720 3011 voluptate
2750 2949 2805 2997 et
2853 2956 3049 2997 somno
3090 2954 3273 2997 ortum
3304 2941 3530 2998 duxisse
3560 2941 3607 2975 ⁸⁸
3627 2942 3657 2995 ἲ

401 3023 498 3076 καὶ
552 3023 721 3078 ὕπνου
775 3026 925 3094 λέγει
979 3030 1336 3099 γεγενῆσθαις
1382 3031 1742 3101 Ὀμολόγησον
1793 3033 1971 3087 τοίνυν

2074 3030 2302 3087 Fateare
2337 3033 2525 3101 itaque
2552 3039 2701 3085 tuam
2737 3032 3114 3089 oscitantiam.
3146 3033 3458 3089 Servatoris
3492 3048 3651 3088 nam-

399 3114 783 3184 ἠστοχηκέναι.
834 3117 897 3170 Ἦ
925 3118 1033 3186 γὰρ
1071 3120 1163 3171 τοῦ
1195 3120 1446 3189 Σωτῆρος
1485 3122 1543 3174 ἐν
1575 3124 1642 3192 τῇ
1671 3122 1832 3194 σαρκὶ
1856 3122 1965 3193 τῆς

2073 3137 2181 3192 que
2231 3123 2287 3175 in
2333 3130 2523 3177 ventre
2562 3121 2809 3191 Virginis
2859 3125 3187 3193 conceptio,
3242 3139 3474 3195 prorsus
3529 3125 3650 3181 sine

400 3206 677 3275 Παρθένου
709 3208 988 3283 σύλληψις,
1021 3211 1306 3282 άνήδοντος
1336 3212 1614 3277 παντελῶς
1646 3214 1740 3267 καὶ
1783 3213 1960 3285 άρῤό-

401 3314 622 3360 παντος,
672 3299 933 3368 άμίαντός
961 3317 1018 3354 τε
1073 3302 1169 3356 καὶ
1207 3304 1433 3368 άσπιλος
1493 3304 1713 3377 καθαρά
1770 3324 1828 3359 τε
1878 3307 1973 3360 καὶ

400 3387 678 3459 ἄφθαρτος
715 3390 960 3459 γέγονεν.

759 3482 914 3548 Σιμ.
935 3484 1270 3557 -ΙΩΑΝΝῌ
1297 3487 1610 3559 ΜΟΝΑΧῼ.

481 3568 633 3624 Ἔστι
654 3573 753 3642 μὲν
787 3575 874 3627 ὅτε
904 3575 997 3628 καὶ
1035 3576 1181 3629 ἄλλοι
1215 3577 1381 3642 ἄλλας
1417 3579 1702 3652 διαφόρους
1736 3583 1960 3636 Σατανι-

399 3659 506 3723 κὰς
541 3660 819 3726 διακονίας
853 3665 1163 3719 ἐκτελοῦσιν
1205 3669 1257 3720 οἱ
1284 3668 1537 3739 δαίμονες
1582 3671 1719 3741 πρδς
1765 3688 1961 3739 πειρα-

403 3751 564 3821 σμὸν,
599 3755 693 3806 καὶ
718 3753 924 3824 βλάϐην
978 3756 1087 3810 τῶν
1132 3758 1454 3830 ἀνθρώπων.
1483 3762 1638 3814 Ἔστι
1667 3762 1723 3815 δὲ
1752 3763 1840 3815 ὅτε
1873 3765 1967 3816 καὶ

398 3835 485 3905 εἷς
507 3843 714 3914 δαίμων
787 3846 987 3908 πολλὰς
1040 3850 1308 3903 τεκταίνει
1363 3851 1723 3921 φαυλότητας.
1756 3854 1967 3925 Ὥσπερ

399 3933 517 4003 γὰρ
565 3935 795 4006 ἐγχωρεῖ
824 3937 909 3990 τὸν
947 3938 1042 3992 ἕνα
1072 3939 1353 4010 ἄνθρωπον
1395 3944 1640 4014 γεωργὸν
1679 3940 1840 4006 εἶναι,
1874 3947 1968 3998 καὶ

400 4020 656 4086 τέκτονα,
685 4025 776 4076 καὶ
813 4026 1037 4095 χαλκέα,
1063 4029 1156 4080 καὶ
1188 4030 1543 4099 σκυτοτόμον,
1574 4031 1669 4083 καὶ
1697 4034 1963 4102 κεραμέα,

401 4111 501 4165 καὶ
528 4112 834 4183 ζωγράφον,
863 4119 953 4169 καὶ
983 4116 1053 4170 τὰ
1076 4118 1223 4187 ἑξῆς,
1255 4119 1425 4183 οὕτως
1469 4122 1703 4192 ἐγχωρεῖ
1728 4122 1824 4175 ἕνα
1851 4124 1966 4177 δαί-

402 4219 544 4271 μονα
582 4205 676 4258 κα)⁹
702 4205 888 4277 θυμὸν,
923 4208 1015 4261 καὶ
1058 4209 1336 4279 πορνείαν,
1378 4212 1473 4264 καὶ
1507 4212 1831 4281 φιλοδοξίαν,
1874 4218 1969 4269 καὶ

400 4291 619 4359 φθόνον,
661 4298 751 4348 καὶ
778 4296 847 4348 τά
876 4296 1003 4365 ἑξῆς
1055 4299 1316 4369 ἐνεργεῖν.
1365 4300 1474 4352 Καὶ
1504 4301 1759 4371 πρόσεχε,
1795 4303 1914 4368 πῶς
1940 4307 1969 4359 ό

2075 3212 2372 3283 voluptate,
2404 3228 2508 3266 non
2540 3213 2844 3277 sordidata,
2880 3213 3231 3281 intaminata,
3263 3217 3646 3282 immaculata,

2072 3318 2206 3374 pura
2242 3312 2295 3358 et
2326 3304 2645 3373 incorrupta
2682 3295 2809 3358 fuit.

2341 3478 2615 3536 CCXCIV.
2645 3507 2714 3521 -ν
2739 3478 2981 3534 JOANNI
3011 3477 3365 3536 MONACHO.

2139 3571 2528 3642 Saepenumero
2569 3572 2675 3627 alia
2721 3573 2845 3628 aliis
2888 3570 3148 3627 Satanica
3190 3572 3499 3628 ministeria
3539 3571 3649 3626 da:—

2067 3679 2257 3720 mones
2283 3665 2337 3718 in
2362 3666 2719 3720 tentationem
2747 3674 2800 3719 et
2823 3680 3024 3721 noxam
3056 3665 3339 3720 hominum
3363 3674 3644 3721 exercent.

2068 3758 2459 3827 Saepenumero
2502 3757 2669 3811 etiam
2720 3772 2866 3812 unus
2909 3757 3121 3812 daemon
3167 3760 3369 3813 multas
3419 3758 3648 3811 molitur

2067 3847 2473 3918 improbitates.
2505 3847 2980 3914 Quemadmodum
3012 3850 3155 3903 enim
3190 3848 3303 3904 ﬁeri
3332 3856 3553 3918 potest,
3587 3856 3651 3902 nt

2069 3957 2210 3996 unus
2255 3942 2421 3995 homo
2456 3941 2698 4010 agricola
2730 3941 2839 4006 sit,
2883 3948 2937 3994 et
2966 3940 3142 4005 faber,
3184 3949 3240 3995 et
3288 3955 3546 4003 excusor,
3590 3947 3646 3993 et

2067 4028 2368 4093 coriarius,
2400 4039 2455 4082 et
2501 4030 2732 4097 figulus,
2769 4038 2821 4081 et
2857 4029 3037 4096 pictor
3061 4066 3075 4089 ,
3109 4037 3163 4080 et
3211 4028 3357 4092 alia;
3405 4028 3523 4096 pari
3554 4041 3646 4080 ra-

2070 4120 2215 4172 tione
2240 4119 2403 4172 etiam
2434 4119 2548 4172 lieri
2580 4126 2795 4187 potest,
2832 4124 2891 4170 ut
2925 4133 3066 4170 unus
3098 4118 3307 4173 daemon
3336 4128 3388 4173 et
3416 4121 3641 4173 iracun-

2069 4211 2246 4272 diam,
2278 4217 2331 4262 et
2363 4208 2781 4263 fornicationem
2806 4246 2821 4269 ,
2854 4216 2908 4261 et
2941 4209 3155 4262 inanem
3181 4209 3450 4278 gloriam,
3481 4220 3536 4263 et
3565 4212 3648 4264 in-

2082 4300 2414 4363 videntiam,
2458 4306 2512 4353 et
2552 4298 2657 4351 alia
2699 4297 2960 4353 insinuet.
3002 4296 3067 4351 Et
3103 4299 3355 4365 attende,
3395 4300 3647 4358 eumdem

376 4381 564 4445 -αὐτὸς
593 4383 893 4455 ἁλιτήριος,
941 4387 1035 4441 καὶ
1066 4389 1447 4460 μισάνθρωπος
1474 4391 1687 4461 ἐχθρὸς,
1742 4396 1835 4447 καὶ
1872 4412 1971 4464 γα-

2077 4393 2469 4455 facinorosum,
2502 4397 2557 4445 et
2594 4390 2873 4444 hominum
2902 4405 3117 4445 osorem
3153 4391 3559 4455 adversarium,
3591 4398 3645 4444 et

401 4476 795 4544 στριμαργίαν,
828 4476 919 4529 καὶ
978 4478 1315 4542 κενοδοξίαν,
1360 4480 1453 4532 καὶ
1496 4480 1870 4554 φιλαργυρίαν
1894 4483 1974 4555 τῷ

398 4562 625 4633 Χριστῷ
679 4565 1056 4638 πειραζομένῳ
1104 4567 1244 4620 κατὰ
1298 4570 1359 4621 τὺ
1415 4570 1760 4641 ἀνθρώπινον
1824 4591 1963 4644 προ-

397 4651 624 4707 ἑτεινεν.

697 4743 856 4811 ΣῇΕἌ
877 4775 947 4785 ——
968 4747 1330 4819 ΒΕΝΟΥΣΤῼ
1359 4752 1668 4824 ΜΟΝΑΧῼ.

481 4832 541 4889 ’0
572 4835 914 4904 μεταϐαίνων
939 4840 1002 4891 ἐκ
1032 4840 1211 4892 τόπων
1244 4843 1322 4905 είς
1351 4844 1548 4907 τόπους
1604 4847 1837 4916 μοναχὸς
1873 4849 1967 4900 ὲκ-

392 4922 488 4986 τὸς
512 4924 759 4995 μεγάλης
796 4926 1060 4998 ἀνάγκης,
1092 4929 1179 4983 διά
1205 4932 1304 5000 τὴν
1332 4934 1538 4987 οἰκείαν
1581 4936 1965 5006 μικροψυχίαν,

392 5018 490 5070 καὶ
522 5018 988 5087 ἀνυπομονησίαν,
1024 5021 1118 5073 καὶ
1146 5021 1438 5090 ὶογισμούς
1498 5042 1649 5087 τινας
1684 5026 1965 5097 ἀνθρωπί-

393 5124 541 5173 νους,
571 5111 667 5162 καὶ
690 5111 957 5176 ἀσθενεῖς,
999 5110 1233 5182 νομίζων
1262 5112 1350 5165 διὰ
1374 5115 1472 5183 τῆς
1504 5115 1812 5186 ἀποδημίας
1842 5118 1967 5179 τοὺς

391 5196 692 5267 λογισμοὺς
742 5200 842 5269 τῆς
879 5200 1056 5269 ψυχῆς
1129 5202 1450 5266 ἐλαττῶσαι,
1492 5202 1583 5255 τὸν
1652 5205 1749 5273 μὲν
1806 5204 1968 5257 τόπον

389 5289 638 5355 ἀλλάξει,
687 5289 786 5357 τὴν
810 5290 868 5343 δὲ
898 5290 1077 5361 θλίψιν
1106 5293 1205 5362 τῆς
1236 5294 1482 5363 καρδίας,
1525 5297 1618 5348 καὶ
1650 5295 1747 5364 τὴν
1775 5294 1969 5348 ἐαυτοῦ

390 5381 664 5451 συνοχὴν,
701 5381 927 5435 καὶτὸν
991 5385 1294 5454 πειρασμὸν
1341 5385 1592 5455 οὐδαμῶς
1646 5387 1960 5448 ἐλαττώσει,

387 5471 516 5525 οὐδὲ
558 5473 804 5541 μειώσει,
854 5472 1054 5542 μᾶλλον
1082 5473 1138 5527 δὲ
1166 5474 1411 5546 αὐξήσει,
1458 5476 1550 5528 καὶ
1602 5474 1808 5546 θρέψει,
1872 5478 1962 5530 καὶ

458 5649 509 5681 ³³
552 5649 678 5710 San.
717 5665 813 5711 vn,
844 5650 899 5702 ἓ.
978 5651 1021 5681 ⁸³
1056 5648 1244 5705 Matth.
1288 5666 1336 5703 ιγ
1366 5666 1377 5708 ;
1404 5648 1535 5705 Luc.
1580 5667 1655 5705 ιν.

2074 4486 2292 4556 gulam,
2323 4490 2378 4536 ct
2407 4482 2619 4536 inanem
2648 4483 2879 4550 gloriam
2899 4520 2913 4546 ,
2941 4491 2995 4536 et
3022 4482 3307 4537 avaritiam
3332 4482 3548 4537 Christo
3626 4521 3642 4543 ,

2070 4573 2164 4643 qui
2225 4582 2286 4627 ut
2342 4572 2506 4627 homo
2568 4572 2967 4629 tentationibus
3028 4574 3642 4649 subdebatur”,propo—

2061 4677 2282 4717 ~SUISSB.

2301 4750 2551 4807 CCXCV.
2583 4783 2654 4796 —
2683 4750 3010 4807 VENUSTO
3048 4752 3402 4808 MONACHO.

2136 4841 2242 4907 Qui
2307 4846 2411 4895 ex‘
2444 4843 2581 4896 locis
2663 4842 2717 4895 in
2780 4843 2897 4897 loca
2949 4843 3281 4911 commigrat
3339 4841 3641 4896 monachus

2067 4932 2277 5002 absque
2355 4940 2586 5001 urgente
2632 4934 3006 4998 necessitate,
3066 4940 3291 5003 propter
3363 4946 3640 5001 propriam

2066 5019 2613 5089 pusillanimitatenf,
2644 5022 2829 5090 L110
2879 5030 2931 5075 et
2964 5019 3371 5073 intolerantiam
3393 5057 3409 5083 ,
3444 5026 3499 5074 et
3550 5034 3643 5074 εο-

2065 5109 2354 5179 gitationes
2386 5110 2671 5178 quaspiam
2715 5109 2961 5163 imbelles
3003 5108 3379 5175 humanasque
3401 5146 3417 5167 ,
3451 5121 3639 5161 secum

2064 5207 2378 5269 respectans
2412 5216 2475 5254 ea
2525 5202 2964 5270 peregrinatione
3018 5198 3393 5268 cogitationes,
3443 5199 3641 5252 anima:

2065 5295 2314 5348 minuere
2364 5308 2558 5360 posse,
2612 5294 2791 5346 locum
2824 5306 2955 5345 sane
2984 5289 3319 5358 permutabit
3345 5329 3359 5352 ,
3397 5298 3637 5343 attamen

2074 5383 2259 5437 cordis
2286 5382 2656 5446 aﬂlictionem,
2681 5383 2953 5451 propriam
2985 5381 3414 5436 coarctationcm
3443 5386 3497 5434 et
3517 5389 3636 5433 ten-

2073 5475 2332 5529 tationem
2364 5473 2517 5527 nullo
2546 5474 2706 5527 modo
2750 5472 3053 5536 mutilabit,
3099 5489 3274 5543 neque
3318 5473 3635 5538 imminuet,
