4064 6160
459 345 562 412 19.3
1681 352 1796 410 ΕΓ]
1808 352 2011 409 ΒΤΟΙΛ

2115 351 2209 408 3M
2251 351 2393 409 LIB.
2432 353 2478 410 Ι.
3600 352 3701 420 ΞΜ

457 459 718 528 στήσεται
769 459 849 520 εἰς
901 459 1189 526 πρόσωπον
1247 459 1310 512 τὰ
1367 461 1532 521 κακὰ.
1596 462 1738 530 ἅπερ
1795 459 2011 513 ἐνταῦοο

2131 461 2399 512 omniain
2442 460 2634 514 faciem
2670 469 2816 515 tuam
2867 465 3024 526 mala,
3065 481 3183 533 qua:
3225 465 3312 520 hic
3345 471 3693 536 perpetrasli,

457 547 788 616 πέπραχας,
831 547 915 599 ἵνα
956 547 1186 617 βλέπων,
1231 552 1322 604 καὶ
1355 552 1608 618 ἐπιγνοὺς
1649 554 1728 613 εἰς
1767 551 2028 621 αἰσχύνην

457 639 555 692 καὶ
584 638 748 706 φόϐον
770 640 864 690 καὶ
892 641 1092 708 τρόμον
1123 641 1471 712 κατενεχθῇ-ς.

917 729 1035 782 TE'.
1073 761 1142 770 —
1169 733 1562 804 ΚΑΛΟΚΥΡῼ.

531 818 740 872 ’Ὑδατα
769 819 1024 882 πολλάκις
1046 823 1094 874 οἱ
1133 823 1405 888 ἂνθρωποι
1439 824 1719 891 λέγονται·
1757 825 1890 892 φασὶ
1923 826 2026 894 γὰρ

458 911 505 960 οἱ
549 910 857 979 προερεῖ-,ταν
895 930 913 961 ι
948 911 1078 964 Ἰδοὺ
1115 913 1189 975 ὡς
1231 914 1373 984 ὕδωρ
1416 915 1570 979 πολὺ,
1605 915 1730 986 ἔθνη
1779 917 1970 970 πολλά.
2002 935 2020 966 ι

458 1001 586 1061 Καὶ,
629 1019 647 1051 ι
677 999 884 1070 Πλῆθος
918 1002 1086 1054 ἐθνῶν
1113 1004 1342 1070 πολλῶν,
1367 1005 1554 1074 ὥσπερ
1578 1007 1719 1078 ὕδωρ
1752 1009 1965 1077 ὴχήσει.
2003 1027 2022 1059 ι

457 1091 565 1143 Καὶ
594 1133 608 1155 ,
656 1109 674 1142 ι
719 1093 849 1146 Ἰδοὺ
907 1093 1099 1160 ἀνάγω
1132 1097 1216 1164 ἐφ’
1262 1097 1406 1166 ὑμᾶς
1440 1096 1501 1149 τὸ
1530 1097 1672 1167 ὕδωρ
1719 1100 1873 1163 πολὺ,
1937 1099 2026 1154 τὸν

459 1181 679 1252 βασιλέα
701 1183 811 1236 τῶν
845 1185 1164 1255 Ἀσσυρίων.
1201 1207 1220 1238 ι

983 1280 1121 1346 TCT'.
1145 1307 1214 1317 —
1243 1279 1323 1344 Τῷ
1344 1281 1528 1346 αὐτῷ.

531 1368 763 1436 Χριστὸς
790 1367 974 1430 ὸΘεὸς
1025 1369 1118 1421 καὶ
1162 1371 1441 1440 Δεσπότης
1469 1368 1578 1422 τῶν
1626 1370 1783 1436 ὅλων,
1839 1369 2024 1438 σαφῶς

457 1459 551 1511 καὶ
571 1459 867 1531 διαρρήδην
897 1463 956 1513 ὲν
978 1463 1091 1523 τοῖς
1116 1461 1468 1528 Εὗαγγελίοις
1492 1461 1757 1516 ἀνακαλεῖ
1768 1460 1893 1523 τοὺς
1917 1462 2026 1516 ἀπὸ

459 1549 712 1614 παντοίας
763 1552 960 1614 κακίας
1008 1551 1410 1622 βεϐαρημένους
1438 1569 1453 1583 ο
1489 1551 1695 1605 «Δεῦτε
1748 1553 1884 1622 πρός
1933 1570 2022 1622 με,

459 1643 804 1712 κραυγάζων,
877 1643 1032 1712 κάγὼ
1088 1643 1385 1698 ἀναπαύσω
1439 1645 1648 1714 ὑμᾶς.)
1690 1643 1862 1696 Τοῦτο
1916 1645 2024 1716 γὰρ

455 1734 602 1802 αὐτῷ
630 1736 720 1787 καὶ
741 1735 841 1803 τῆς
871 1735 929 1798 ἐξ
949 1733 1177 1804 οὐρανοῦ
1222 1733 1450 1787 καθόδου
1481 1736 1543 1787 τὸ
1566 1735 1737 1788 αἴτιον
1786 1735 2020 1804 γεγενῆ-

457 1823 578 1877 σθαι
611 1824 1062 1879 διεδεδαιὼσατοα
1097 1843 1114 1875 ι
1141 1827 1213 1878 Οὐ
1238 1825 1346 1894 γάρ
1382 1822 1546 1897 ἦλθον
1591 1825 1833 1889 δικαίους
1859 1825 2021 1878 καλέ-

455 1931 568 1979 σαι,
596 1917 779 1985 φησὶν,
811 1915 945 1968 ἀλλὰ
973 1917 1330 1986 ἁμαρτωλοὺς
1365 1918 1499 1987 πρὸς
1520 1918 1581 1970 τὸ
1621 1918 1972 1987 μετανοῆσαι.
1997 1936 2016 1969 υ

454 2007 588 2069 Καὶ,
639 2007 747 2060 «Οἱ
780 2007 1050 2076 ἰσχύοντες
1098 2009 1158 2059 οὐ
1212 2007 1503 2077 χρῄζουσιν
1554 2008 1760 2078 ἰατροῦ,
1801 2007 1918 2060 ἀλλ’
1969 2009 2019 2060 ot

452 2097 642 2160 κακῶς
673 2097 911 2166 ἔχοντες.
941 2117 958 2149 ι
991 2098 1054 2149 Εἰ
1103 2099 1279 2150 τοίνυν
1315 2098 1471 2150 ταῦθ’
1518 2099 1690 2161 οὕτως
1741 2098 1875 2168 ἔχει,
1918 2117 2020 2169 μη·

451 2188 637 2258 δαμῶς
661 2188 1028 2255 ἀπογίνωτκε,
1068 2189 1342 2257 μᾶλλονδὲ
1376 2187 1616 2258 ρὡνυσο
1639 2191 1758 2251 ταῖς
1787 2206 2009 2260 χρηστο-

452 2280 642 2351 τέραις
677 2281 913 2334 ἐλπίσιν.
949 2319 978 2334 ..

737 2373 858 2424 TZ'.
877 2401 946 2412 -—
965 2371 1258 2442 ΣΙΛΒΛΝῼ
1288 2371 1727 2443 ΚΟΙΝΟΒΙΩΤῌ.

543 2461 668 2512 Ἐὰν
708 2459 952 2530 θέλωμεν
971 2460 1058 2513 διὰ
1095 2461 1308 2513 πάντων
1352 2462 1728 2530 καταπατῆσαι
1759 2461 1883 2524 τοὺς
1909 2461 2015 2515 δαί-

456 2566 646 2618 μονας,
681 2549 941 2619 δείξωμεν
973 2551 1057 2602 δια
1089 2549 1303 2602 πάντων
1337 2551 1438 2620 τὴν
1473 2553 2000 2623 ταπεινοφροσύνην,

449 2643 514 2694 τὸ
556 2641 766 2695 ἑαυτῶν
838 2641 1046 2712 Θέλημα
1122 2643 1338 2712 μακράν
1403 2643 1804 2714 ἀπορρίψαντες
1835 2661 1846 2674 ’
1921 2645 2014 2696 καὶ

451 2732 641 2800 ὥσπερ
672 2731 770 2799 τὴν
792 2731 1044 2800 νηστείαν
1073 2731 1240 2799 ἡδέως
1263 2732 1688 2802 καταδεχόμεθα,
1719 2733 2012 2785 κελευσάν-

448 2839 554 2874 των
584 2823 712 2890 ἡμῖν
745 2821 852 2873 τῶν
882 2821 970 2873 τὸν
1002 2821 1114 2889 βίον
1169 2823 1589 2891 προοδευκότων,
1641 2823 1782 2876 οὕτω
1829 2825 1924 2876 καὶ
1955 2824 2014 2875 τὸ

449 2916 662 2982 φαγεῖν,
695 2912 726 2982 ἦ
759 2915 902 2964 πιεῖν
935 2914 1068 2982 πρός
1096 2931 1217 2966 τινα
1253 2915 1441 2984 χρόνον
1495 2915 1776 2984 κεκμηκὸς
1830 2916 2014 2968 διαναο

451 3003 650 3056 παῦσαι
698 3004 758 3054 τὸ
799 3003 954 3071 σῶμα
1013 3003 1505 3072 συμϐουλευόμενοι
1563 3005 1718 3074 παρά
1781 3007 1892 3060 τῶν
1950 3005 2009 3060 εὖ

2131 550 2383 603 astubunt
2419 569 2431 602 :
2471 561 2528 602 ut
2556 553 2743 606 videns
2765 562 2816 604 et
2845 570 3183 622 cognoscens
3213 557 3268 610 in
3291 557 3690 622 confusionem,

2131 641 2380 695 timorem
2411 658 2474 696 ac
2511 653 2804 698 tremorem
2839 649 3132 701 concedas.

2558 735 2758 787 (ZCCV.
2795 765 2855 779 --
2882 736 3271 793 CALOCYRO.

2199 825 2365 892 Aqua:
2391 839 2770 893 smpeuuuiero
2791 826 3041 881 homines
3075 843 3504 900 nuncupantur:
3538 847 3695 885 nam—

2128 933 2234 986 que
2280 919 2471 970 dicunt
2523 919 2800 987 prophetae
2837 939 2848 973 ε
2895 940 2912 972 ι
2950 922 3088 975 Ecce
3141 925 3286 978 velut
3321 939 3478 993 aqtuc
3511 924 3696 978 multa)

2130 1009 2313 1078 populi
2340 1010 2494 1061 multi
2516 1010 2582 1063 ⁸⁸.
2600 1031 2617 1061 ι
2637 1010 2700 1063 Et
2731 1030 2744 1065 :
2780 1029 2799 1062 ι
2819 1011 3104 1065 ἣὶιιίιίιιιιίυ
3137 1015 3428 1068 multarum
3451 1014 3692 1084 gentium

2129 1103 2276 1156 velut
2311 1117 2451 1171 aqua
2480 1112 2787 1172 perstrepct
2815 1105 2912 1158 ⁸⁸.»
2950 1107 3011 1158 Ει
3049 1124 3062 1160 :
3099 1106 3265 1160 «Ecce
3293 1122 3394 1174 ego
3421 1109 3690 1160 adducam

2129 1208 2296 1265 super
2321 1209 2419 1248 vos
2440 1202 2634 1264 aquam
2671 1197 2897 1248 multam
2921 1213 3104 1263 regem
3127 1198 3482 1268 Assyriorum
3506 1199 3572 1250 ⁸⁷.
3595 1216 3613 1248 ι

2631 1280 2854 1336 CCCVI.
2883 1313 2948 1326 -—
2981 1284 3184 1338 Eidem.

2197 1369 2447 1425 Christus
2481 1370 2656 1434 Deus,
2707 1381 2760 1426 et
2805 1374 3049 1426 omnium
3098 1373 3381 1435 Dominus,
3433 1374 3579 1427 clare
3631 1388 3695 1427 ae

2127 1463 2304 1532 palam
2340 1463 2394 1516 in
2427 1463 2757 1533 Evangeliis,
2789 1481 2906 1528 eos,
2939 1467 3031 1533 qui
3061 1466 3210 1518 omni
3243 1481 3442 1534 genere
3474 1465 3694 1519 malitia:

2127 1563 2558 1622 prmgravantttr,
2588 1555 2822 1608 advocat
2854 1574 2868 1609 :
2907 1575 2926 1605 ι
2959 1555 3150 1609 Venite
3181 1557 3246 1610 ad
3280 1572 3384 1616 me.
3427 1557 3692 1620 clamans,

2125 1650 2178 1696 et
2201 1657 2299 1711 ego
2334 1644 2572 1696 reﬁciam
2612 1659 2706 1698 vos
2729 1643 2795 1698 ⁸⁸.
2835 1663 2855 1697 ι
2891 1647 3006 1699 Hoc
3031 1648 3176 1700 enim
3210 1647 3283 1699 illi
3317 1663 3348 1700 e
3401 1647 3542 1700 cmlo
3596 1645 3694 1697 dr-

2127 1748 2354 1788 scensus
2410 1734 2462 1787 in
2502 1749 2669 1790 causa
2713 1735 2887 1792 fuisse
2917 1739 3274 1792 asseveravit.
3321 1756 3338 1788 ι
3374 1738 3492 1791 Non
3524 1736 3690 1799 enim,

2124 1823 2322 1893 inquit,
2343 1825 2465 1877 veni
2491 1825 2671 1894 justos
2706 1842 2923 1890 vocare,
2952 1828 3047 1881 sed
3073 1835 3391 1896 peccatores
3422 1827 3486 1879 ad
3516 1827 3693 1894 pecui-

2123 1915 2342 1968 tentiam
2367 1917 2430 1968 ‘9.
2469 1935 2488 1967 ι
2536 1916 2600 1969 Et
2640 1935 2653 1970 :
2701 1937 2719 1967 ι
2757 1918 2858 1984 Qui
2892 1919 3028 1972 bene
3059 1920 3264 1979 valent,
3295 1933 3405 1972 non
3444 1917 3693 1984 indigent

2118 2005 2352 2070 medico,
2379 2006 2474 2060 sed
2499 2009 2591 2076 qui
2623 2007 2764 2061 male
2807 2023 2866 2063 se
2902 2009 3102 2062 habent
3125 2010 3190 2062 9°.
3228 2028 3246 2060 ›
3289 2007 3410 2062 Haec
3442 2009 3623 2076 itaque
3647 2007 3692 2060 si

2118 2097 2194 2149 ita
2226 2112 2286 2151 se
2317 2097 2541 2164 habent,
2589 2100 2738 2153 nullo
2772 2099 2937 2153 modo
2961 2100 3012 2152 in
3050 2101 3488 2168 desperationem
3519 2099 3691 2168 rapia-

2118 2189 2216 2254 ris,
2249 2189 2341 2242 sed
2374 2189 2556 2258 potius
2580 2204 2677 2258 spe
2707 2189 2917 2243 meliori
2948 2190 3303 2243 conﬁrmare.

2226 2362 2381 2432 113
2429 2362 2671 2417 CCCVI].
2705 2393 2775 2404 -—-
2813 2361 3109 2417 SILVANO
3153 2361 3581 2416 C'JENOBITE.

2189 2451 2244 2507 Si
2273 2469 2501 2523 prorsus
2534 2454 2808 2510 daemones
2845 2456 3173 2510 eoneuleare
3209 2455 3370 2509 nobis
3417 2455 3469 2508 in
3505 2455 3688 2507 animo

2113 2555 2220 2608 est,
2256 2561 2348 2614 per
2383 2548 2564 2599 omnia
2609 2548 2963 2600 ostendamus
3013 2547 3412 2612 humilitatem,
3453 2545 3612 2615 longe
3656 2561 3686 2598 a

2115 2637 2272 2690 nobis
2307 2639 2580 2707 propriam
2604 2641 2940 2691 voluntatem
2975 2647 3342 2692 removentes.
3391 2640 3457 2693 Et
3492 2653 3684 2708 quem-

2114 2726 2405 2779 admodum
2466 2726 2735 2795 jejunium
2800 2728 2990 2781 lihenti
3036 2729 3222 2780 animo
3273 2729 3682 2796 amplectimur,

2115 2819 2186 2870 ita
2216 2818 2655 2886 prmcipieutibus
2695 2819 2822 2882 illis,
2864 2819 2958 2887 qui
2993 2835 3091 2872 nos
3124 2829 3562 2887 praecesserunt;
3606 2820 3687 2873 sic

2115 2915 2168 2960 et
2202 2909 2505 2972 comedere,
2550 2917 2603 2961 et
2655 2909 2864 2972 bibere,
2909 2918 2961 2962 et
3015 2909 3080 2960 ad
3138 2917 3352 2978 tempus
3405 2909 3681 2963 delcssum

2116 3013 2315 3066 corpus
2339 2999 2507 3066 quieti
2557 2997 2794 3062 tradere,
2831 3014 2955 3052 cum
3000 2999 3070 3052 ab
3109 2999 3238 3062 illis,
3278 2999 3370 3067 qui
3403 3014 3493 3052 res
3522 3014 3674 3066 expc-

451 3097 666 3148 εἰδότων
713 3095 1031 3164 δοκιμάζειν
1084 3097 1176 3148 καὶ
1226 3097 1430 3165 κρίνειν
1456 3096 1524 3148 τὰ
1547 3099 1871 3166 πράγματα,
1909 3099 2011 3150 ὑπ-

2118 3090 2212 3142 riri
2263 3104 2326 3142 ac
2367 3091 2670 3156 dijudicare
2709 3090 2911 3158 optime
2941 3092 3164 3152 callent,
3214 3090 3534 3153 suademur,
3574 3089 3679 3141 ala-

449 3187 764 3255 ακούσωμεν
788 3187 1104 3256 προθύμως,
1137 3188 1230 3240 καὶ
1266 3189 1782 3259 ἀναμφισϐητήτως.
1819 3190 2008 3242 Πλεῖον

447 3276 552 3347 γὰρ
581 3277 680 3344 τῆς
705 3275 958 3344 νηστείας
989 3277 1022 3345 ἡ
1048 3275 1170 3328 καθ’
1193 3277 1440 3347 ὑπακοὴν
1478 3279 1776 3348 μετάληψις
1808 3280 2006 3348 μαστί-

449 3366 528 3431 Cat
546 3369 670 3430 τοὺς
692 3367 920 3435 δαίμονα

658 3457 788 3508 TH'.
809 3483 876 3496 ~—
897 3455 1229 3526 ΘΑΛΑΣΣΙῼ
1257 3454 1784 3529 ΑΡΓΥΡΟΠΡΑΤῌ.

514 3549 638 3611 Πῶς
655 3565 794 3610 τινες
813 3547 920 3600 τῶν
945 3551 1152 3618 γοήτων
1173 3550 1270 3618 (α),
1291 3548 1413 3600 τινά
1433 3548 1778 3618 πλανώμενον
1800 3550 2008 3622 ἅνθρω-

447 3657 543 3694 πον
579 3638 828 3709 μνημείῳ
857 3637 1292 3700 ἐπιϐιϐάσαντες,
1333 3640 1411 3700 είς
1455 3638 1612 3708 ξένην
1671 3639 1904 3709 πατρίδα
1929 3641 2009 3704 ἐξ·

457 3731 552 3782 ἐπε
565 3729 710 3799 μψαν
741 3728 959 3791 σκοτίας
994 3727 1342 3799 ὑπαρχούσης
1363 3745 1376 3792 ;
1399 3729 1553 3798 δῆλον
1587 3729 1668 3782 ὅτι
1699 3733 1766 3800 τῇ
1796 3733 2007 3802 πονηρᾷ

446 3822 748 3892 ἐπικλήσει,
790 3821 884 3874 καὶ
910 3822 975 3890 τῇ
1007 3819 1230 3890 δυνάμει
1260 3819 1372 3872 τῶν
1400 3820 1642 3887 φυσικῶν
1667 3823 2006 3892 πραγμάτων

447 3913 650 3982 δαίμων
677 3912 949 3981 βαστάσας
975 3911 1065 3964 τὸν
1084 3910 1369 3980 ἄνθρωπον
1399 3911 1635 3980 ἀλλαχοῦ
1676 3912 2003 3982 διεκόμισεν.

451 4001 634 4065 Οὕτως
672 4002 842 4054 τοίνυν
885 4003 979 4055 καὶ
1017 3999 1357 4070 ἀποκτηνοῦν
1393 4001 1703 4070 ἄνθρωπον,
1746 4001 2007 4066 πολλάκις

447 4093 693 4146 δοκοῦσιν
715 4094 760 4144 οἱ
791 4091 1096 4164 φαρμακοὶ,
1131 4091 1250 4160 οὐχὶ
1273 4091 1370 4162 τὴν
1393 4090 1581 4143 οὐσίαν
1610 4090 1705 4144 τοῦ
1744 4092 2002 4161 σώματος

449 4184 922 4256 μεταπλάττοντες,
957 4183 1092 4236 ἀλλὰ
1125 4181 1336 4253 μορφὴν
1363 4184 1591 4252 κτήνους
1621 4183 1999 4253 περιτιθέντες

446 4275 606 4346 αὐτῷ.
635 4274 844 4329 Οὐκοῦν
867 4275 969 4328 κᾶν
989 4273 1326 4342 σαγματισθῇ
1351 4272 1540 4342 ὥσπερ
1567 4273 1718 4336 ὄντος
1743 4277 1770 4326 ὁ
1798 4273 2004 4345 ἄνθρω-

444 4385 560 4432 πος,
586 4369 707 4421 ὅσον
740 4369 836 4438 μὲν
872 4364 1094 4418 δύναται
1122 4365 1196 4428 ὠς
1227 4363 1514 4434 ἄνθρωπος
1545 4365 1826 4434 βαστάζει,
1860 4366 1920 4418 τὸ
1949 4366 2003 4417 δὲ

441 4459 620 4514 λοιπὸν
653 4461 764 4522 τοῖς
795 4457 968 4528 ὤμοις
996 4459 1025 4510 ὁ
1047 4456 1255 4518 δαίμων
1290 4456 1668 4524 ἀνακουφίζει.

612 4634 820 4686 ΤΘ¹.-
861 4629 1190 4685 ΣΩΣΘΕΝΕΙ
1233 4620 1796 4699 ΚΟΜΕΝΤΑΡΠΣΙῼ.

521 4723 770 4793 Ἀνόητόν
824 4737 885 4775 σε
926 4721 1020 4774 καὶ
1051 4719 1308 4772 ἀσύνετον
1345 4719 1750 4787 καταμανθάνω
1777 4735 1790 4748 ο
1823 4721 1869 4771 εἰ
1901 4719 2008 4790 γὰρ

443 4815 786 4886 ἐπιλαμϐάνῃ
857 4812 952 4866 τοῦ
1025 4811 1286 4880 θεοφόρου
1352 4809 1543 4880 ἀνδρὸς
1602 4811 1850 4864 Ἰωάννου
1911 4811 2006 4862 τοῦ

443 4907 739 4960 ἐπισκόπου
787 4901 1446 4968 Κωνσταντινουπόλεως,
1491 4901 1568 4964 ὡς
1614 4901 1854 4971 ὀργίλου,
1916 4902 2008 4954 καὶ

443 4999 624 5069 ὓῧρεσι
658 4995 959 5066 χαίροντος,
995 4997 1053 5045 ὲν
1079 4991 1156 5061 τῷ
1179 4991 1528 5061 ἐπιπλήττειν
1563 4993 1676 5052 τοῖς
1705 4989 2009 5060 ἐξαμαρτά-

441 5106 608 5153 νουσι,
643 5088 740 5140 καὶ
768 5083 1046 5156 ὲμ6ριθῶς
1084 5081 1462 5136 καθάπτεσθαι
1489 5080 1598 5133 τῶν
1637 5081 1734 5150 τὴν
1773 5083 2008 5152 ἀναλγη-

443 5182 580 5246 σίαν,
607 5179 702 5232 καὶ
743 5177 843 5246 τὴν
885 5173 1245 5245 ἀναισθησίαν
1307 5170 1756 5242 ἀρρωστούντων,
1820 5173 2008 5243 καιρός

444 5289 520 5325 σοι
555 5271 650 5324 καὶ
672 5269 764 5322 τὸν
791 5266 1100 5335 Βαπτιστὴν
1145 5264 1400 5332 Ἰωάννην
1459 5263 1660 5330 λέγειν,
1697 5263 1780 5316 ὅτι
1810 5266 2003 5333 γεννή-

445 5380 584 5432 ματα
629 5352 850 5430 ἐχιδνῶν
882 5373 1032 5418 τινας
1064 5354 1422 5416 ἀπεκάλεσεν,
1459 5351 1630 5412 ίώδεις
1663 5353 1754 5404 τὸν
1805 5355 2004 5423 τρόπον

442 5453 822 5522 ὑπάρχοντας,
863 5447 958 5500 καὶ
1015 5446 1106 5496 τὸν
1149 5444 1470 5497 Ἀπόστολον
1531 5441 1794 5512 ὑϐριστὴν
1861 5437 2002 5493 εἶναι

1059 5558 1104 5590 ⁸⁸
1134 5557 1261 5610 ibid.
1339 5558 1382 5588 ⁵⁷
1431 5557 1530 5609 lsa.
1579 5573 1693 5620 \‘ltl,
1725 5558 1774 5610 7.

505 5567 552 5598 ³⁸
589 5567 696 5646 ιεῆ
725 5577 858 5626 xv",
902 5561 981 5646 12,ζ

441 5650 518 5698 ιιι,
578 5636 608 5686 7
636 5651 650 5698 ;
677 5632 812 5686 Luc.
841 5647 921 5695 ut,
950 5632 1002 5682 7.

507 5748 583 5810 ia)
619 5745 854 5799 Allatius
879 5742 1102 5807 νοητῶν,
1129 5741 1606 5794 ἱηῑοιῖιιρὶιιιιὶῖἷιίιττ.
1641 5739 1785 5792 ἷίῖιιιῖ.

1851 5558 1894 5588 ³³
1925 5558 2110 5610 Matth.
2149 5574 2224 5622 χι,
2253 5558 2340 5611 ‘28.

2117 3180 2286 3234 eriter
2317 3181 2546 3248 imperio
2587 3179 2896 3243 audiamus,
2942 3195 3004 3233 ac
3035 3183 3156 3234 sine
3183 3181 3288 3234 ulla
3321 3181 3686 3234 haesitatione.

2119 3270 2287 3340 Magis
2315 3271 2582 3339 siquidem
2616 3271 2826 3339 jejunio
2865 3272 3000 3338 ipso,
3037 3287 3156 3340 qua:
3187 3286 3283 3339 per
3307 3271 3681 3324 obedientiam

2118 3364 2342 3417 refectio
2375 3363 2452 3422 ﬁt,
2491 3363 2765 3417 dremones
2799 3362 3052 3430 ﬂagellat.

2255 3451 2524 3506 CCCYIII.
2553 3481 2624 3494 -—
2649 3451 3036 3506 TIIALASSIO
3073 3449 3540 3505 ARGENTAIHO.

2186 3543 2474 3608 Quomodo
2510 3560 2573 3598 ex
2609 3544 3102 3614 praestigiatoribus
3153 3543 3435 3609 nonnulli,
3490 3557 3674 3612 quem-

2114 3635 2238 3689 dam
2282 3645 2650 3702 pcrerrantem
2689 3636 2985 3699 hominem,
3045 3635 3344 3704 sepulturze
3373 3633 3683 3704 appositum

2116 3727 2170 3780 in
2215 3728 2446 3781 alienam
2495 3728 2727 3795 patriam
2783 3726 3139 3793 dimiserunt,
3194 3725 3438 3780 tenebris
3485 3735 3682 3780 cuncta

2113 3820 2552 3890 occupantibus?
2592 3818 2971 3883 manifestum,
3008 3833 3173 3888 prava
3207 3820 3588 3881 advocatione,
3628 3823 3680 3870 et

2115 3924 2296 3963 rerum
2330 3911 2659 3964 naturalium
2715 3913 2975 3967 facultate
3029 3928 3060 3966 a
3108 3912 3353 3965 daemone
3404 3911 3677 3966 hominem

2114 4002 2386 4056 sublatum
2423 4003 2476 4056 in
2512 4005 2672 4056 aliam
2704 4005 2978 4072 regionem
3017 4010 3452 4070 transportatum
3486 4001 3679 4057 fuisse.

2112 4090 2312 4144 Eadem
2337 4093 2520 4160 itaque
2554 4093 2764 4144 ratione
2797 4093 3074 4144 hominem
3104 4091 3160 4142 in
3187 4091 3414 4144 bestiam
3454 4107 3679 4146 conver-

2113 4191 2228 4234 tere
2261 4181 2460 4248 saepius
2505 4179 2761 4231 videntur
2800 4180 3066 4243 veneﬁci,
3135 4195 3243 4233 non
3312 4182 3680 4235 substantiam

2113 4271 2364 4341 corporis
2402 4270 2775 4330 immutantes,
2825 4267 2916 4320 sed
2952 4267 3180 4336 pecudis
3217 4267 3446 4321 formam
3479 4269 3550 4322 illi
3585 4284 3679 4338 ap-

2111 4361 2419 4432 pingentes.
2445 4359 2630 4427 Itaque
2654 4359 2781 4412 licet
2801 4358 2980 4423 homo,
2999 4357 3462 4426 quemadmodum
3490 4361 3680 4413 asinus

2039 4467 2083 4522 ι)
2118 4453 2252 4506 sella
2284 4459 2676 4522 prmgravetur,
2711 4459 2974 4519 quantum
3025 4458 3198 4519 potest
3251 4450 3367 4518 ipse
3411 4460 3467 4502 ut
3517 4451 3678 4502 homo

2110 4544 2370 4609 sustinet,
2407 4543 2677 4612 reliquum
2713 4542 2953 4594 humeris
2981 4541 3191 4594 (ἔα-ιιιοη
3226 4542 3445 4592 attollit.

2115 4635 2274 4706 114
2327 4631 2551 4688 CCCIX.
2601 4662 2670 4672 -—-
2720 4631 3058 4685 SUSTHENI
3121 4629 3673 4686 COMENTARESIO.

2179 4723 2410 4778 Fatuum
2470 4733 2521 4777 te
2555 4722 2942 4788 insulsutnque
2972 4737 3093 4774 esse
3129 4719 3482 4789 deprehendo
3508 4737 3520 4771 :
3549 4735 3674 4770 nam

2111 4815 2157 4868 si
2197 4815 2462 4869 deiferum
2513 4816 2686 4868 virum
2737 4813 3000 4866 Joannem
3050 4811 3364 4878 episcopum
3401 4810 3676 4864 Constan-

2109 4906 2569 4975 tinopolitanum,
2626 4915 2882 4972 tanquam
2941 4899 3237 4954 iracundiae
3290 4899 3572 4962 deditum,
3622 4910 3675 4956 et

2107 4997 2332 5049 nimium
2369 5011 2426 5048 se
2465 4993 2701 5060 injuriis,
2733 4994 2786 5044 in
2819 4989 3146 5044 facinorosis
3185 4989 3673 5054 reprehendendis,

2108 5085 2494 5146 obiectantem,
2527 5092 2578 5134 ct
2617 5081 2745 5145 illis,
2776 5079 2868 5148 qui
2900 5094 3008 5146 prae
3037 5077 3334 5130 indolentia
3360 5093 3421 5129 ac
3453 5085 3676 5146 stupore

2110 5177 2245 5230 nihil
2272 5173 2695 5244 persentiscunt,
2733 5171 2940 5224 duriter
2965 5183 3264 5237 aSpcrequc
3298 5168 3675 5237 objurgandis,

2113 5265 2299 5332 culpas
2337 5282 2348 5316 :
2383 5270 2596 5330 tempus
2623 5261 2730 5329 jam
2760 5268 2862 5320 est,
2903 5265 3030 5310 utct
3069 5253 3324 5308 Joannem
3357 5257 3674 5326 Baptistam,

2113 5357 2382 5424 genimina
2430 5353 2734 5419 viperarum
2779 5349 3072 5400 nonnullos
3109 5346 3198 5415 qui
3233 5349 3510 5401 venenosis
3553 5363 3671 5399 mo-

2112 5445 2260 5498 ribus
2287 5451 2441 5497 erant
2469 5444 2534 5506 '“,
2577 5447 3001 5506 nuncupantem,
3041 5437 3336 5500 iusiumles,
3363 5444 3414 5488 et
3450 5438 3672 5503 Aposto-

2417 5557 2460 5586 3“
2506 5553 2695 5605 Matth.
2733 5569 2804 5612 ιχ,
2835 5551 2918 5616 15,
3015 5551 3058 5579 "°
3092 5550 3222 5601 ibid.
3259 5546 3338 5600 1‘2.
3414 5545 3458 5577 ⁹¹
3485 5543 3674 5601 Matth.
