4064 6160
392 308 515 376 =195
1882 314 1924 372 S
1987 311 2153 385 NILI
3572 318 3672 385 196

409 422 523 479 lum
562 418 889 491 iniuriosum
921 435 1063 485 csse,
1092 420 1175 475 his
1206 419 1427 476 Galatas
1468 423 1776 479 insensatos
1801 425 1977 494 appel-

2096 423 2326 497 κρίνειν,
2364 426 2444 480 δτι
2476 427 2721 491 Γαλάτας
2759 427 3012 500 δεύτερον
3051 430 3315 503 ἀνοήτους
3346 437 3668 503 προσεῖπεν,

407 512 612 567 lentem
639 510 855 581 judices
870 511 951 576 ”;
979 509 1304 578 injuriaeque
1346 508 1525 564 dicam
1572 511 1855 580 prophetis
1889 512 1977 564 im-

2093 521 2185 572 καὶ
2212 520 2359 584 ,τοὺς
2398 521 2682 589 προφήτας
2720 517 2797 590 τῷ
2825 521 2923 588 τῆς
2974 518 3186 590 ὕϐρεως
3232 521 3537 592 ἐγκλήματι
3567 524 3669 577 ὐπ-

408 602 635 673 pingas,
685 613 1108 669 cutnequorum
1162 598 1395 654 feminas
1446 600 1885 670 deperientium,
1937 613 1977 655 et

2092 607 2348 669 ευθύνους
2384 609 2671 680 καθιστᾷν,
2724 609 2913 680 ἐπειδὴ
2965 611 3149 663 ἵππων
3194 610 3544 683 θηλυμανῶν,
3574 617 3670 669 καὶ

408 707 606 747 canum
654 690 885 745 latenter
912 689 1303 756 mordentium,
1352 698 1405 745 et
1440 691 1717 761 luporum,
1770 701 1826 747 et
1864 707 1977 747 cor-

2093 700 2273 755 κυνῶν
2306 700 2706 769 λαθροδάκνων,
2753 702 2846 755 καὶ
2875 701 3078 766 λύκων,
3124 703 3218 756 καὶ
3261 703 3518 775 κορὼνων
3548 707 3667 761 ὀνό-

409 784 594 838 nicum
652 782 971 838 nominibus
1026 783 1259 837 rationis
1310 793 1591 853 compotes
1653 783 1977 854 insigniant,

2086 808 2261 862 ματα,
2290 795 2406 854 τοῖς
2433 793 2669 860 λογικοῖς
2691 792 3032 861 ἐπετίθεσαν,
3075 795 3211 865 πρὸς
3234 796 3521 869 διόρθωσιν
3546 803 3668 854 ἐπι-

410 874 927 946 reprehensionibus
960 881 1333 944 pererrantem
1366 874 1421 928 itt
1459 874 1744 929 meliorum
1778 875 1977 947 frugem

2093 879 2370 949 σπώμενοι
2417 884 2533 945 τοῖς
2573 881 2818 951 ἐλέγχοις
2860 881 2951 936 τδν
2980 882 3464 955 διασφαλλόμενον.
3503 878 3568 941 Τί
3619 891 3667 942 δ’

406 973 748 1022 revocantes.
773 965 912 1032 Quid
932 980 1096 1036 porro
1120 966 1186 1021 de
1210 966 1453 1020 omnium
1480 966 1611 1033 Deo,
1629 973 1683 1021 et
1708 969 1977 1037 provisore

2089 971 2156 1025 ἂν
2175 973 2351 1037 εἴποις
2408 974 2536 1045 περὶ
2582 973 2677 1027 τοῦ
2734 975 2953 1029 πάντων
3011 974 3170 1041 Θεοῦ,
3215 978 3310 1031 καὶ
3359 983 3666 1051 προνοητοῦ

408 1059 629 1114 Christo
661 1058 877 1122 humili,
913 1058 1008 1128 qui
1042 1059 1262 1129 propria
1307 1058 1593 1114 clementia
1642 1068 1696 1115 et
1733 1076 1977 1116 mansue-

2088 1063 2349 1135 Χριστοῦ,
2376 1063 2472 1117 τοῦ
2501 1065 2940 1135 ταττεινόφρονοςι
2992 1066 3088 1118 καὶ
3142 1070 3210 1137 τῇ
3262 1068 3440 1139 οἰκείᾳ
3492 1071 3669 1124 ἐπιει-

338 1150 349 1165 ‘
410 1149 600 1204 tudine
647 1164 864 1205 omnem
899 1150 1374 1204 mansuetudinem
1421 1142 1806 1220 superaverat,
1860 1167 1977 1206 cum

2088 1153 2232 1225 κείᾳ,
2259 1153 2350 1205 καὶ
2369 1153 2656 1225 πραότητι,
2677 1156 2857 1206 πᾶσαν
2886 1154 3170 1225 πραότητα
3202 1156 3669 1226 ὑπερακοντῐσαν-

406 1243 562 1297 audis
597 1242 664 1297 ab
689 1241 831 1311 ipso,
857 1241 1079 1306 stultos,
1106 1248 1162 1296 et
1192 1256 1389 1306 caecos,
1430 1252 1485 1297 et
1515 1242 1654 1298 ﬁlios
1685 1243 1907 1307 diaboli,
1933 1253 1977 1296 et

2085 1265 2200 1312 τος,
2231 1248 2359 1301 ὅταν
2417 1247 2660 1320 ἀκούσῃς
2710 1247 2900 1310 αὐτοῦ,
2957 1249 3198 1318 μωροὺς,
3253 1250 3347 1303 καὶ
3404 1251 3661 1320 τυφλοὺς,

406 1332 641 1389 zizania.
688 1339 741 1385 et
788 1345 974 1395 canes,
1023 1340 1079 1387 et
1121 1346 1339 1401 porcos,
1386 1341 1441 1387 et
1485 1332 1609 1388 aliis
1656 1334 1984 1402 quibusdam

408 1423 758 1478 mordacibus
788 1435 1107 1493 peccatores
1132 1424 1384 1489 vocitari,
1418 1424 1847 1491 pronttntiahis?

651 1608 853 1664 CCCX.
902 1640 975 1652 —
1006 1610 1357 1668 IIELLADIO
1403 1613 1721 1672 LECTORI.

475 1694 659 1750 Otium
707 1699 995 1756 ineruditis
1043 1696 1311 1756 malorum
1365 1718 1592 1773 operum
1650 1708 1977 1780 principium

405 1799 530 1840 esse
570 1798 625 1840 tu
655 1802 874 1857 quoque
907 1805 1014 1843 una
1045 1806 1169 1845 cum
1207 1793 1332 1848 aliis
1369 1794 1583 1861 fateris,
1619 1806 1672 1852 et
1707 1797 1984 1863 Hebraeos,

408 1889 532 1928 cum
565 1875 619 1928 in
646 1874 866 1930 deserto
889 1893 999 1933 non
1027 1889 1173 1935 esset
1209 1881 1341 1949 illis,
1360 1882 1414 1937 in
1443 1899 1552 1953 quo
1568 1901 1628 1940 se
1649 1898 1987 1957 exercerent,

409 1964 464 2017 in
494 1964 761 2020 idolorum
793 1969 998 2023 cultum
1032 1972 1345 2028 concidisse
1374 1979 1664 2045 cognoscis
1691 1979 1758 2031 ”.
1790 1979 1868 2034 Ne
1892 1982 1992 2035 ita—

407 2071 515 2124 que
544 2056 614 2111 ab
633 2071 797 2127 opere
817 2073 1074 2113 manuum
1106 2061 1425 2128 abhorreas,
1446 2080 1569 2119 cum
1596 2066 1727 2120 illud
1761 2068 1894 2123 utile
1919 2070 1991 2125 sit

405 2152 459 2198 et
489 2144 645 2199 valde
676 2146 946 2203 sobrium.

465 2233 621 2304 115
651 2234 873 2290 CCCX].
906 2267 973 2279 —
1005 2237 1308 2296 THEONAE
1356 2242 1566 2304 REMP.
1609 2246 1932 2304 GERENTI.

474 2326 604 2379 Sine
643 2327 755 2381 ullo
792 2329 993 2384 solatio
1042 2346 1279 2388 maerore
1314 2337 1465 2406 angi,
1508 2346 1564 2391 et
1601 2338 1911 2410 deplorare,
1935 2352 1988 2396 et

397 2415 654 2486 jejttnare
683 2433 783 2486 pro
804 2418 1094 2479 demortuo
1115 2427 1552 2494 consanguineo,
1587 2428 1985 2488 incredulitatis

403 2521 468 2561 ac
490 2507 718 2576 abjectze
743 2510 860 2577 spei
891 2509 1158 2565 indicium
1200 2524 1307 2568 est.
1344 2515 1450 2580 Qui
1480 2517 1656 2573 credit
1688 2523 1987 2589 sepultura:

404 2611 552 2651 nunc
575 2597 837 2652 traditum
873 2614 905 2653 a
931 2603 1167 2657 mortuis
1201 2618 1667 2675 resurrecturum,
1716 2627 1814 2681 spe
1852 2628 1986 2669 cutt-

405 2685 735 2751 firmabitur,
778 2686 886 2743 Deo
920 2690 1128 2759 gratias
1176 2702 1320 2763 aget,
1375 2697 1645 2769 lacrymas
1691 2703 1983 2764 transferet.

404 2781 463 2834 in
496 2781 848 2850 hilaritatem,
876 2782 1201 2841 demortuus
1254 2797 1315 2841 ut
1370 2792 1720 2861 sempiterna:
1764 2797 1983 2851 miseri-

401 2872 606 2925 cordia:
629 2872 905 2943 particeps
929 2873 1042 2940 ﬂat,
1073 2875 1488 2945 deprccabitur,
1520 2894 1735 2935 necnon
1766 2882 1833 2936 ad
1862 2898 1984 2953 pro-

402 2962 647 3032 priorum
673 2977 922 3018 errorum
945 2968 1383 3024 emendationem
1419 2971 1761 3039 prolabetur.

889 3057 1140 3115 CCCXII.
1170 3091 1242 3101 -—
1271 3060 1480 3118 Eidem.

472 3147 732 3218 Quisquis
752 3148 999 3218 jucunde
1028 3166 1091 3206 ac
1122 3151 1338 3208 fortiter
1363 3156 1548 3211 animo
1578 3156 1653 3211 rei
1688 3156 1975 3213 desidera-

397 3246 468 3294 ta:
502 3241 688 3296 tulerit
712 3241 1011 3311 jacturam,
1058 3243 1104 3297 is
1148 3244 1512 3314 pltiloSOphus
1564 3248 1875 3315 vocabitur,
1924 3261 1979 3305 et

397 3333 812 3403 magnanimus,
868 3343 923 3389 et
962 3334 1157 3398 multa,
1208 3351 1329 3415 quae
1384 3344 1544 3390 antea
1599 3341 1976 3407 commiserat,

395 3431 576 3477 errata
588 3422 890 3496 .dissolvct.

588 3512 869 3566 CCCXIII.
905 3541 976 3554 ——
1014 3513 1419 3573 Tl‘lESSALIO
1462 3517 1775 3578 DIACONO.

468 3601 525 3656 Si
553 3604 708 3658 cauis
741 3604 946 3659 latrans
972 3606 1245 3675 gigantem
1267 3609 1414 3663 vinci
1446 3613 1691 3666 nescium
1715 3614 1972 3679 ollendet,

288 3710 291 3713 λ
396 3693 634 3748 ollentlet
664 3695 852 3764 utique
872 3704 926 3751 et
951 3696 1055 3751 ﬁde
1078 3700 1438 3770 conspicuum
1467 3703 1697 3773 spiritus
1725 3705 1976 3775 blasphe-

396 3784 538 3852 miae,
560 3785 757 3841 animae
777 3789 1086 3842 molestiam
1117 3792 1407 3847 exhibens.

778 3877 1054 3933 CCCXIV.
1076 3909 1149 3921 —-
1169 3880 1587 3940 DRACONTIO.

464 3964 675 4031 Timeo,
706 3968 882 4039 inquit
913 3968 1038 4036 Job,
1075 3987 1142 4027 ne
1169 3988 1255 4026 me
1289 3975 1523 4045 caligine
1558 3979 1751 4046 perdat
1786 3977 1973 4033 Domi-

392 4056 567 4112 nus“
598 4076 610 4111 :
648 4059 749 4113 hoc
789 4070 890 4122 est,
920 4076 989 4116 ne
1020 4062 1319 4133 aliquando
1342 4079 1409 4119 ex
1444 4076 1592 4121 sorte
1621 4082 1834 4132 eorum,
1876 4071 1971 4139 qui

393 4148 575 4203 idonei
609 4149 737 4203 lacti
778 4160 908 4205 sunt
939 4153 992 4206 in
1035 4153 1241 4210 lumine
1283 4156 1475 4226 gloriae
1515 4158 1656 4227 eius,
1697 4175 1785 4214 nte
1815 4176 1972 4229 sepa-

393 4255 546 4303 ratis,
582 4243 925 4309 sempiterna:
948 4244 1166 4314 caligini
1192 4247 1391 4302 tradat.
1423 4248 1771 4321 Quapropter
1796 4268 1971 4322 neque

390 4330 559 4397 lente,
583 4347 763 4401 neque
795 4348 987 4388 secure
1012 4336 1177 4389 vitam
1215 4339 1609 4407 transigamus.

700 4423 861 4494 116
888 4423 1118 4480 CCCXV
1164 4456 1234 4468 -—
1260 4427 1652 4487 EUBULIONI.

462 4513 714 4569 Haeretici
735 4516 843 4583 lupi
870 4530 988 4582 eos,
1016 4518 1111 4586 qui
1136 4531 1164 4570 a
1192 4520 1434 4588 pessima
1462 4522 1658 4579 haeresi
1682 4524 1748 4579 ad
1768 4533 1973 4581 rectam

388 4605 550 4662 ﬁdem
587 4605 932 4673 transiliunt,
973 4617 1028 4661 et
1072 4623 1182 4663 non
1225 4611 1344 4667 sine
1385 4612 1550 4670 laude
1578 4624 1977 4672 convertuntur

389 4696 455 4751 ad
491 4696 775 4767 pietatem,
805 4698 1169 4767 repedatores
1204 4699 1719 4776 ignominiososque
1752 4716 1971 4763 vocant.

595 4864 871 4930 CCCXVI.
896 4903 965 4914 —
992 4873 1229 4932 PIERIO
1281 4877 1741 4939 SYNCIJETICO.

453 4962 909 5022 Humanissimus
935 4968 1182 5021 omnium
1226 4967 1484 5025 Servatur
1509 4972 1789 5040 Christus,
1821 4980 1968 5047 quod

384 5056 450 5111 ad
479 5056 658 5125 ipsunt
690 5058 996 5128 spectabat,
1045 5073 1238 5116 omnes
1268 5062 1520 5120 homines
1551 5068 1699 5121 venit
1727 5070 1964 5127 salvare.

382 5146 769 5215 (lonspicimus
817 5158 999 5205 tamen
1063 5167 1174 5205 non
1229 5168 1421 5209 omnes
1468 5159 1796 5227 semetipsos
1852 5178 1967 5217 sua:

380 5238 550 5292 saluti
572 5234 791 5292 dedere.
815 5239 1229 5311 Cognoscamus
1249 5244 1434 5314 igitur,
1462 5261 1675 5317 nosque
1698 5250 1958 5320 metipsos

379 5330 451 5385 ob
502 5328 771 5384 desidiam
804 5338 860 5386 et
904 5348 1129 5401 pravam
1190 5336 1527 5392 voluntatem
1586 5338 1953 5411 deploremus,

382 5408 560 5490 neque
583 5421 790 5489 Optimo
822 5423 1052 5480 Domino
1083 5426 1294 5481 scelera
1337 5428 1668 5486 tribuamus.

2090 1335 2239 1399 υἱούς
2272 1353 2331 1390 τε
2381 1336 2474 1390 τοῦ
2512 1337 2784 1403 διαϐόλου,
2822 1337 2917 1390 καὶ
2971 1335 3212 1403 ζιζάνια,
3253 1339 3426 1403 κύνας
3480 1355 3540 1394 τε
3574 1344 3668 1396 καὶ

2094 1426 2338 1495 χοίρους,
2361 1427 2456 1480 καὶ
2476 1427 2610 1481 ἀλλα
2637 1428 2760 1481 τινὰ
2784 1427 3113 1497 σκώμματα,
3131 1435 3257 1493 τοὺς
3290 1430 3668 1502 παρανομοῦν-

2086 1532 2189 1581 τας
2207 1518 2614 1584 ἀποκαλοῦντος
2635 1539 2650 1587 ;

2368 1610 2472 1664 Τι’.
2502 1638 2571 1651 --
2600 1612 2889 1687 ΕΛΛΛΔΙῼ
2946 1613 3383 1686 ΑΝΑΓΝΩΣΤῌ.

2161 1699 2284 1753 Ὅτι
2324 1703 2357 1771 ἡ
2389 1701 2557 1772 ἀργία
2598 1704 2742 1775 ἀρχὴ
2787 1708 3122 1778 κακουργίας
3157 1711 3267 1769 τοῖς
3312 1706 3657 1767 ἀπαιδεύτοις

2091 1789 2324 1858 γίνεται,
2358 1792 2451 1845 καὶ
2484 1793 2651 1857 αὐτὸς
2692 1798 3093 1867 συνομολογεῖς,
3124 1800 3217 1853 καὶ
3236 1799 3318 1850 ὅτι
3352 1799 3426 1869 μὴ
3455 1797 3665 1868 ἔχοντες

2089 1881 2142 1934 τί
2176 1882 2378 1951 πρᾶξαι
2408 1884 2459 1937 οἱ
2504 1885 2744 1956 Ἑϐραῖοι
2770 1892 2827 1941 ὲν
2850 1893 2917 1960 τῇ
2961 1892 3155 1961 ἐρήμῳ
3185 1890 3264 1953 είς
3310 1890 3666 1961 είδωλατρίαν

2089 1972 2353 2038 ἐξέπεσαν
2386 2018 2401 2041 ,
2446 1975 2766 2044 γινώσκεις.
2819 1981 2910 2050 Μὴ
2954 1976 3047 2034 οὖν
3098 1980 3386 2051 βδελύττου
3414 1981 3475 2034 τὸ
3503 1981 3664 2052 ἔργον

2088 2066 2148 2119 τὸ
2178 2065 2289 2120 τῶν
2346 2067 2570 2139 χειρῶν,
2636 2070 2717 2123 ὅτι
2773 2071 3074 2141 ὠφέλιμον,
3113 2075 3208 2126 καὶ
3275 2074 3420 2128 πάνυ
3468 2073 3664 2144 ,νηφά-

2086 2154 2221 2211 λιον.

2329 2248 2479 2301 ΤιΑο.
2501 2273 2569 2287 —
2599 2247 2829 2319 ΘΕΩΝᾼ
2856 2249 3420 2322 ΠΟΛΙΤΕΥΟΜΕΝῼ.
3688 2320 3693 2323 ι

2158 2341 2233 2393 Τὸ
2258 2341 2698 2412 ἀπαρηγορήτως
2728 2340 3037 2404 λυπεῖσθαι,
3058 2342 3152 2395 καὶ
3182 2343 3420 2412 θρηνεῖν,
3443 2344 3538 2397 καὶ
3566 2360 3654 2414 νη-

2088 2433 2299 2487 στεύειν
2327 2435 2419 2486 ὲπὶ
2451 2433 2531 2503 τῷ
2559 2434 2946 2503 τελευτήσαντι
2984 2438 3256 2503 συγγενεῖ,
3287 2436 3508 2506 ἔλεγχός
3545 2438 3661 2489 ἐστι

2084 2523 2183 2592 τῆς
2220 2522 2478 2586 ἀπιστίας
2524 2523 2618 2575 καὶ
2654 2523 2754 2593 τῆς
2791 2524 3161 2589 ἀνελπιστίας.
3202 2526 3260 2578 '0
3294 2526 3564 2581 πιστεύων
3598 2529 3663 2579 ὲκ

2085 2613 2293 2685 νεκρῶν
2332 2614 2730 2686 ἀναστήσεσθαι
2775 2615 2866 2669 τὸν
2915 2616 3039 2686 ἄρτι
3083 2615 3444 2687 τεθαμμένον,
3482 2617 3659 2672 ἐλπίδι

2085 2703 2447 2775 ῥωσθήσεται,
2481 2706 2601 2777 Θεῷ
2636 2707 3041 2779 εὐχαριστήσει,
3073 2709 3153 2771 είς
3181 2707 3446 2779 εὐθυμίαν
3483 2727 3652 2780 μετα-

2085 2797 2344 2850 σκευάσει
2376 2797 2502 2859 τοὺς
2537 2797 2795 2869 θρήνους,
2829 2797 3045 2863 εύξεται
3074 2800 3257 2863 ἐλέους
3308 2801 3527 2855 αἰωνίου
3563 2819 3660 2855 τυ-

2083 2889 2197 2957 χεῖν
2227 2887 2319 2941 τὸν
2350 2889 2702 2959 κοιμηθέντα,
2734 2889 2871 2960 πρὸς
2916 2891 3201 2961 διόρθωσιν
3243 2892 3398 2963 ῥέψει
3440 2893 3549 2949 τῶν
3579 2896 3661 2947 οἱ.

2082 2979 2246 3034 κείων
2280 2981 2659 3051 πταισμάτων.

2587 3072 2733 3127 TIB'.
2750 3100 2820 3114 -
2852 3074 2936 3140 Τῷ
2973 3075 3153 3141 αὐτῷ.

2151 3163 2219 3217 Et
2254 3182 2337 3228 τις
2386 3164 2730 3236 εὐχαρίστως
2775 3167 2996 3237 ἤνεγκε,
3025 3170 3119 3222 καὶ
3150 3169 3413 3241 ἀνδρείως
3442 3177 3542 3247 τὴν
3570 3178 3660 3231 τοῦ

2080 3253 2419 3323 ποθουμένου
2447 3255 2743 3326 ἀποϐολὴν,
2771 3257 3063 3327 φιλόσοφός
3094 3275 3152 3312 τε
3188 3261 3541 3334 κληθήσεται,
3569 3273 3664 3324 καὶ

2082 3346 2465 3419 μεγαλόφρων,
2499 3350 2593 3401 καὶ
2628 3349 2800 3403 πολλὰ
2830 3351 3142 3407 διαλύσεται
3182 3355 3290 3411 τῶν
3320 3364 3661 3432 προγενομέ-

2078 3456 2186 3491 νων
2218 3438 2440 3509 ἀμαρτη
2451 3440 2655 3508 μάτων.

2398 3529 2541 3584 ΤΙΓ’.
2559 3560 2632 3570 —
2660 3531 2992 3605 ΘΕΣΣΑΛῙῼ
3018 3536 3341 3610 ΔῙΛΚΟΝῼ.

2151 3619 2211 3671 Εἰ
2238 3618 2430 3690 βλάψει
2468 3624 2615 3677 κύων
2654 3624 2902 3679 ὑλακτῶν
2927 3627 3161 3695 γίγαντα
3205 3630 3654 3705 δυσμαχώτατον,

2080 3710 2271 3780 βλάψει
2295 3713 2500 3767 καὶτὸν
2522 3714 2701 3785 ἀληθῆ
2723 3717 2910 3771 πιστὸν
2930 3720 3147 3790 πνεῦμα
3164 3721 3263 3794 τῆς
3287 3725 3654 3799 βλασφημίας,

2076 3817 2150 3853 πα
2159 3803 2443 3873 ρενοχλοῦν
2474 3808 2539 3875 τῇ
2575 3806 2742 3878 ψυχῇ.

2534 3900 2761 3953 TIA'.—
2777 3902 3193 3977 ΔΡΑΚΟΝΤΙῼ.

2142 3986 2440 4058 Φοϐοῦμαι,
2476 3990 2641 4059 φησὶν
2665 3993 2692 4044 ὁ
2726 3993 2865 4057 Ἰὼϐ,
2899 3995 2973 4065 μὴ
3024 4000 3204 4069 γνόφῳ
3236 4017 3302 4070 με
3349 4003 3597 4075 ἐκτρίψει
3635 4009 3662 4060 ὀ
3763 4065 3777 4079 _

2073 4074 2298 4146 Κύριος·
2330 4080 2600 4143 τουτέστι,
2640 4084 2850 4152 μήποτε
2886 4084 3139 4155 ἐξορίσας
3181 4107 3249 4157 με
3288 4091 3390 4161 τῆς
3440 4074 3654 4164 ⁶λιερίδος

2071 4166 2181 4219 τῶν
2210 4168 2584 4222 ίκανωοέντων
2614 4172 2672 4223 ἐν
2699 4173 2777 4242 τῷ
2808 4177 2947 4242 φωτὶ
2971 4176 3074 4245 τῆς
3108 4178 3265 4250 δόξης
3300 4182 3490 4251 αὑτοῦ,
3548 4203 3650 4238 πα-

2077 4257 2219 4327 ραδῷ
2254 4260 2319 4328 τῇ
2346 4260 2542 4332 αίωνίᾳ
2607 4263 2823 4335 σκοτίᾳ.
2880 4267 3084 4340 Διόπερ
3145 4270 3219 4341 μὴ
3274 4274 3508 4341 χαύνως,
3562 4279 3653 4329 καὶ

2074 4347 2392 4418 ἀμερίμνως
2417 4350 2508 4403 τὸν
2545 4351 2658 4421 βίον
2691 4353 3024 4426 ὁδεύσωμεν.

2506 4442 2654 4497 TIE'.
2668 4476 2739 4487 --
2765 4445 3203 4505 ΕΥΒΟΥΛῙΩΝΙ.

2145 4532 2206 4583 Oi
2260 4532 2526 4601 αἱρετικοὶ
2553 4532 2730 4602 λύκοι,
2761 4538 2889 4602 τοὺς
2915 4540 3024 4593 ἀπὸ
3050 4542 3151 4611 τῆς
3199 4543 3467 4615 κακίστης
3501 4547 3651 4618 αἰρέ-

2075 4636 2212 4682 σεως
2245 4622 2670 4691 μεταπηδῶντας
2705 4628 2841 4696 πρὸς
2865 4629 2963 4699 τὴν
2980 4632 3313 4702 ὀρθοδοξίαν,
3340 4638 3437 4690 καὶ
3471 4639 3649 4700 καλῶς

2073 4710 2500 4781 ἐπιστρέφοντας
2550 4717 2643 4768 ἐπὶ
2673 4718 2770 4789 τὴν
2799 4721 3106 4788 εὐσέϐειαν,
3139 4703 3511 4793 ἇναποδιστάς
3554 4732 3649 4784 καὶ

2072 4802 2308 4871 φαύλους
2337 4805 2723 4864 ἀποκαλοῦσιν.

2350 4895 2597 4965 Τιςκ-
2629 4901 2859 4975 ΙΙΙΕΡΙῼ
2897 4907 3368 4983 ΣΥΓΚΛΗΤῙΚῼ.

2150 4982 2209 5035 Ὀ
2238 4984 2770 5074 ῌφιλανθρωπότατος
2817 4996 3008 5067 Σωτὴρ
3044 4999 3152 5053 τῶν
3202 4982 3340 5054 ὅλων
3392 5006 3646 5074 Χριστὸς.

2065 5074 2126 5128 τό
2141 5091 2203 5143 γε
2232 5071 2366 5145 ἧκον
2402 5080 2481 5142 εἰς
2510 5081 2695 5147 αὐτὸν,
2727 5085 2937 5149 πάντας
2965 5088 3291 5160 ἀνθρώπους
3314 5097 3651 5165 παρεγένετο

2069 5163 2259 5219 σῶσαι.
2293 5167 2401 5219 Καὶ
2426 5168 2718 5242 βλέπομεν,
2741 5178 2824 5229 ὅτι
2860 5176 2920 5228 ού
2966 5178 3166 5245 πάντες
3196 5184 3424 5249 ἑαυτοὺς
3475 5188 3648 5240 ἐπιδιο

2064 5254 2213 5309 δόατι
2244 5261 2307 5328 τῇ
2338 5262 2583 5333 σωτηρίᾳ
2631 5266 2861 5318 ἑαυτῶν.
2894 5267 3084 5336 Τοίνυν
3137 5275 3521 5343 καταγελῶμεν.
3554 5278 3651 5329 καὶ

2065 5349 2294 5413 ἑαυτοὺς
2311 5351 2689 5425 ταλανίζωμεν
2711 5357 2810 5427 τῆς
2834 5357 3111 5430 ἀμελείας,
3128 5365 3222 5417 καὶ
3249 5369 3348 5437 τῆς
3372 5384 3652 5440 κακοφρο-

2067 5434 2253 5505 σύνης,
2301 5440 2395 5493 καὶ
2423 5440 2498 5513 μὴ
2530 5443 2607 5513 τῷ
2639 5446 2829 5517 ἀγαθῷ
2864 5450 3111 5521 Δεσπότῃ
3134 5434 3430 5523 ἐπάγωμεν
3451 5434 3651 5526 τάδί-

2068 5524 2344 5593 κλήματα.

453 5676 703 5735 "Galat.
744 5698 824 5747 ιιι,
860 5681 910 5733 I.
988 5683 1032 5714 ”
1107 5685 1278 5742 Exod.
1317 5705 1489 5757 xxx”,
1533 5693 1756 5759 passim.
1833 5692 1999 5751 "Job
2035 5700 2221 5765 tx,l7.
