4064 6160
347 319 371 383 1
385 320 451 381 97
1568 318 1952 380 EPISTOLAI

1977 321 2101 382 ΗΜ
2139 323 2284 382 LIB.
2327 324 2377 383 Ι.
3483 331 3582 395 198

660 433 803 486 τιΖν.
822 462 890 473 -
917 431 1259 504 ΑΘΔΝΑΣΙῼ
1288 433 1566 504 εκλικο.
1947 440 1994 497 Α
2162 434 2265 489 Clit

1947 440 1994 497 Α
2162 433 2461 490 CGCXVII.
2491 467 2556 477 —
2592 437 2986 496 ATHANASIO
3031 440 3436 499 DEFENSORI.

419 527 643 594 ’Ὁμοιος
689 523 950 594 ὑπάρχεις
1004 522 1081 593 τῷ
1117 523 1348 591 λέγοντι,
1382 524 1465 577 ὃτι
1505 521 1735 577 Ἥθελον
1795 523 1922 576 ἰδεῖν

2093 523 2247 581 Haud
2266 527 2553 583 dissimilis
2575 544 2635 585 es
2663 532 2930 599 poscenti,
2952 533 3146 591 Videre
3169 534 3356 589 vellem
3378 537 3591 605 pluvias

343 612 584 684 δμσρους
612 612 985 682 μεθύσκοντας
1033 612 1132 683 τὴν
1171 614 1273 683 γῆν
1330 613 1567 680 ἃπασαν,
1604 614 1829 685 ριγῆσαι
1865 613 1923 667 δὲ

2024 624 2224 672 terram
2257 618 2571 674 universam
2603 620 2963 684 inebriantes.
2996 622 3090 678 sed
3129 625 3255 677 nolo
3288 625 3490 695 frigore
3520 629 3593 681 ri-

344 706 405 758 οὐ
434 704 591 758 θέλω.
624 704 734 757 Καὶ
769 702 886 767 πῶς
920 704 1157 774 ἐγχωρεῖ
1181 704 1304 775 δίχα
1335 704 1572 774 ψυχρίας
1611 703 1921 758 ἀπολαῦσαι

2020 724 2262 781 gescere.
2315 708 2708 766 Verumtamen
2757 713 3035 781 quomodo
3103 713 3216 768 ﬁeri
3269 727 3482 784 potest,
3535 727 3593 771 ut

343 798 452 850 τῶν
476 795 721 867 δμϐρωνς
756 794 883 858 Πῶς
910 790 1007 849 οὖν
1035 795 1264 863 φάσκεις
1295 795 1604 865 ὀρέγεσθαι,
1648 797 1739 849 καὶ
1768 795 1921 866 εὔχε-

2021 800 2231 870 absque
2281 799 2486 872 frigore
2527 802 2740 871 pluvias
2786 803 3075 859 obtinens?
3122 806 3411 872 Quomodo
3463 824 3594 880 ergo

346 886 469 940 σθαι
490 884 869 954 πνευματικῆς
894 901 1040 948 τινος
1072 883 1371 954 ἀξιωθῆναι
1397 884 1621 954 χάριτος
1658 885 1792 940 ἀνευ
1824 884 1922 937 πό-

2020 893 2255 963 appetis,
2288 907 2597 962 exorasque
2650 894 2747 948 tibi
2793 896 3135 964 spiritualetn
3190 898 3429 968 aliquam
3471 915 3595 971 gra-

344 994 457 1039 νου,
475 975 573 1029 καὶ
601 974 862 1044 θλίψεως;
894 977 987 1028 Δεῖ
1005 976 1115 1047 γάρ
1138 977 1316 1030 πάντα
1343 978 1434 1029 τὸν
1464 976 1781 1047 βουλόμενον
1808 976 1919 1029 εἴτε

2020 982 2150 1037 tiam
2182 982 2304 1037 sine
2335 982 2525 1037 dolore
2549 991 2603 1037 et
2633 982 2965 1039 amictione?
3002 982 3153 1055 Opus
3200 993 3286 1041 est
3326 988 3592 1059 eum,qui

346 1065 550 1133 λαῑκὸν,
581 1068 694 1120 εἴτε
728 1066 983 1137 μοναχὸν,
1014 1067 1271 1138 οὐρανίου
1304 1068 1448 1131 τινος
1495 1069 1774 1138 ἐπιτυχεῖν
1820 1068 1921 1121 δω-

2020 1069 2157 1133 vult,
2190 1068 2306 1124 sive
2335 1068 2502 1123 homo
2531 1085 2563 1124 e
2582 1071 2766 1139 vulgo,
2793 1071 2910 1126 sive
2944 1073 3248 1130 monachus
3279 1076 3371 1142 sit,
3397 1092 3595 1132 munus

346 1160 498 1230 ρεᾶς,
548 1159 839 1228 ὑπομεῖναι
887 1158 1100 1228 θλίψεις
1142 1159 1367 1223 πολλὰς,
1403 1160 1499 1213 καὶ
1554 1162 1916 1231 πειρασμοὺς,

2019 1159 2296 1228 quidpiam
2344 1160 2568 1214 cmleste
2615 1160 2885 1230 obtinere,
2926 1164 3127 1220 multas
3177 1166 3413 1221 sulferre
3454 1167 3596 1222 alﬁi-

347 1250 437 1302 καὶ
463 1248 662 1314 λύπας,
702 1249 847 1317 άπερ
875 1249 1055 1302 πάντα
1082 1250 1271 1320 ἐπέχει
1310 1250 1467 1319 λόγον
1497 1251 1761 1321 χειμῶνος
1786 1267 1918 1319 σφο-

2018 1250 2252 1311 ctiones,
2300 1258 2356 1304 et
2410 1252 2767 1317 tentationes,
2817 1262 2872 1307 et
2902 1256 3209 1325 angustias,
3257 1272 3379 1327 qua:
3408 1259 3593 1313 omnia

344 1339 491 1411 δροῦ,
528 1335 630 1394 εἳθ⁹
653 1338 827 1404 οὕτως
849 1341 1169 1412 ἀμήσασθαι
1195 1342 1323 1406 τοὺς
1359 1342 1607 1414 καρποὺς
1637 1343 1729 1396 τοῦ
1763 1342 1917 1410 ἁγίου

2017 1341 2370 1396 validissimae
2397 1341 2594 1397 hiemis
2642 1344 2911 1398 rationem
2944 1361 3052 1416 pne
3083 1360 3145 1403 se
3178 1347 3384 1413 lerunt,
3417 1356 3471 1403 et
3513 1350 3592 1404 sic

345 1431 661 1502 Πνεύματος
2018 1432 2366 1502 postmodum
2400 1430 2641 1502 Spiritus
2672 1436 2848 1489 sancti
2885 1435 3094 1494 fructus
3136 1437 3438 1493 demetere.

851 1525 1003 1581 TIH'.
1022 1555 1091 1565 —
1115 1525 1199 1590 Τῷ
1221 1525 1401 1589 αὐτῷ.

2477 1522 2796 1580 CCCXVIII.
2823 1556 2892 1567 -—-
2924 1525 3137 1585 Eidem.

422 1634 440 1668 ι
470 1616 580 1669 Καὶ
631 1614 894 1679 δκάθισας
944 1616 1128 1680 αὐτοῖς
1169 1616 1358 1688 ὥσπερ
1403 1617 1644 1688 κορώνη,
1679 1635 1697 1667 ι
1730 1614 1918 1685 ἔλεγεν

2094 1629 2113 1663 ι
2144 1610 2207 1664 Et
2236 1611 2428 1667 sedisti
2463 1613 2570 1668 illis
2606 1624 2861 1685 tanquam
2886 1613 3200 1674 θοι-πήρη)
3232 1617 3449 1673 dicebat
3475 1636 3596 1689 pro-

343 1708 374 1759 ὁ
403 1707 687 1778 προφήτης
714 1723 729 1738 ⁸
767 1709 1037 1773 τουτέστι,
1076 1708 1242 1762 πολὺν
1282 1708 1471 1780 χρόνον
1526 1707 1918 1779 ἐπιλαθόμενος

2019 1701 2179 1771 pheta
2214 1721 2228 1757 :
2258 1703 2362 1757 hoc
2393 1704 2550 1774 117
2579 1714 2684 1769 est,
2720 1722 2816 1776 per
2833 1708 3064 1763 multum
3094 1716 3313 1779 tempus
3342 1709 3437 1764 Dei
3461 1711 3597 1765 obli-

344 1769 1076 1870 coﬁ'Gso'G,-1rpocatécpt6sq
1098 1769 1398 1869 φιλοπόνως
1423 1803 1545 1863 ταῖς
1597 1769 1916 1870 ἁμαρτίαις,
1947 1772 1949 1825 Ῐ

1990 1806 1991 1815 ‘
2022 1769 2113 1847 tus
2137 1792 2300 1846 anxie
2330 1769 2587 1848 nimi—s—in
2620 1769 3024 1866 iniquitatibus,
3060 1806 3113 1853 et
3143 1769 3239 1868 per
3277 1800 3595 1870 iniquitates

344 1884 438 1937 καὶ
467 1884 553 1939 διὰ
584 1885 695 1938 τῶν
746 1888 1105 1957 πταισμάτων
1130 1891 1243 1950 τοῖς
1286 1888 1616 1958 ἀκαθάρτοις
1641 1888 1916 1958 δαίμοσιν.

2020 1881 2366 1938 daemonibus
2391 1882 2688 1939 immundis
2716 1885 3122 1942 immorabaris.
3152 1888 3357 1941 Cornix
3392 1889 3593 1943 etenim

353 1974 416 2028 Ἦ
462 1976 571 2048 γὰρ
609 1975 825 2048 κορώνη
858 1977 1028 2030 πολλά
1064 1976 1161 2048 ἔτη
1197 1977 1287 2049 ζῇ,
1320 1978 1416 2032 καὶ⁸
1442 1978 1752 2047 φιλότεκνός
1779 1980 1915 2032 ἐστι.

2022 1972 2078 2027 in
2112 1974 2312 2028 multos
2346 1988 2521 2030 annos
2546 1976 2711 2029 vitam
2763 1977 3054 2047 protrahit,
3098 1987 3152 2033 et
3185 1978 3487 2034 liberorum
3514 1989 3598 2035 est

340 2068 489 2120 Πάνυ
511 2069 690 2121 τοίνυν
716 2069 809 2121 καὶ
838 2069 948 2130 πᾶς
966 2070 993 2120 ὁ
1024 2068 1330 2137 φιλήδονος,
1360 2070 1455 2122 καὶ
1480 2069 1921 2140 φιλόκοσμος-φι-

2022 2077 2234 2117 amans.
2270 2060 2463 2117 Omnis
2505 2065 2689 2134 itaque
2712 2067 3096 2136 voluptuarius
3124 2075 3177 2121 et
3205 2068 3409 2122 mundo
3443 2067 3598 2123 dedi-

338 2159 427 2212 λεῖ
448 2160 540 2213 καὶ
574 2161 796 2232 στέργει
820 2164 890 2216 τὰ
924 2162 1096 2215 τέκνα
1115 2159 1303 2226 αὑτοῦ,
1324 2162 1572 2215 τουτέστι
1591 2162 1660 2214 τά
1683 2160 1917 2232 ὀλέθρια,

2021 2161 2112 2210 ιιιε
2140 2156 2367 2209 nimium
2401 2162 2547 2209 amat
2585 2164 2640 2209 et
2674 2156 2851 2227 diligit
2898 2158 3151 2228 proprios
3192 2156 3355 2226 ﬁlios,
3404 2161 3598 2217 noxias

339 2252 438 2305 καὶ
472 2253 706 2325 βδελυρά
732 2254 1059 2324 πράγματα.

2023 2257 2222 2311 nempe
2250 2258 2337 2297 res
2362 2250 2528 2311 atque
2564 2244 2954 2300 exsecrandas.

735 2344 972 2398 T16'.—
1002 2342 1221 2413 ΗΡΙΜῼ
1248 2342 1537 2397 Koran'rt.
2318 2333 2340 2388 ε

2318 2330 2598 2389 CCCXIX.
2628 2332 2705 2375 -’
2728 2334 2992 2392 IIERIMO
3041 2334 3296 2393 COMITI.

415 2430 534 2500 Τῆς
565 2431 911 2502 λεγομένης,
952 2432 1011 2485 οὐ
1070 2432 1178 2502 μὴν
1231 2430 1399 2501 οὔσης
1453 2432 1767 2502 ἀνεφίκτου,
1828 2434 1924 2487 καὶ

2094 2424 2227 2489 Quae
2269 2424 2494 2493 dicitur,
2529 2442 2629 2482 nec
2660 2437 2839 2481 tamen
2891 2435 2996 2493 est,
3043 2428 3387 2484 inaccessam
3431 2437 3599 2501 atque
3626 2478 3642 2487 ι

334 2519 663 2590 ὑπερφυοῦς
719 2522 985 2591 καθέδρας
1040 2521 1150 2574 τῶν
1210 2521 1462 2591 ἐπάρχων
1513 2522 1799 2592 ἐπιθυμεῖν
1860 2539 1921 2575 σε

2021 2517 2293 2588 insignem
2339 2518 2634 2588 praesidum
2668 2520 2965 2590 provinciae
3007 2522 3324 2576 cathedram
3358 2522 3517 2578 avide
3545 2531 3600 2579 te

340 2612 627 2684 μανθάνω.
683 2612 922 2665 Γίνωσκε
959 2609 1074 2678 οὖν,
1132 2612 1482 2685 λαμπρότατε
1520 2615 1795 2685 ἄνθρωπε,
1840 2616 1923 2668 ὅτι

2024 2618 2312 2679 perOptare
2334 2610 2515 2665 audio.
2544 2610 2699 2665 Scias
2724 2612 2928 2682 itaque,
2950 2613 3033 2666 vir
3056 2613 3452 2680 illustrissime,
3479 2631 3600 2686 qua:

343 2705 520 2777 μικρά
556 2706 678 2776 μὲν,
714 2706 808 2758 καὶ
845 2704 1069 2775 εὐτελής
1106 2706 1247 2769 ἐστι,
1282 2706 1379 2759 καὶ
1412 2705 1794 2778 όλιγοήμερος,
1828 2707 1926 2760 καὶ¹

2025 2700 2121 2755 tibi
2153 2700 2223 2754 ab
2254 2701 2568 2757 hominibus
2620 2702 2853 2756 ridicula
2894 2712 2948 2757 et
3008 2704 3277 2760 dedecore
3336 2720 3598 2776 Oppressa

340 2799 452 2852 τῶν
478 2798 683 2868 ὴρινῶν
700 2797 908 2851 ἀνθέων
931 2799 1081 2851 οὐδὲν
1107 2798 1462 2869 διαφέρουσα,
1484 2800 1518 2870 ή
1541 2800 1690 2871 παρά
1712 2798 1924 2870 ἀνθρὼ-

2025 2791 2197 2862 gloria
2218 2791 2484 2855 defertur,
2512 2807 2733 2861 parvam
2765 2801 2814 2846 et
2847 2794 3031 2856 vilem,
3067 2802 3120 2848 et
3152 2811 3451 2864 paucorum
3487 2796 3602 2849 die-

344 2907 463 2943 πων
512 2906 594 2943 σοι
628 2891 1048 2963 προσφερομένη
1096 2889 1411 2961 γελοιώδης,
1447 2892 1544 2945 καὶ
1591 2893 1924 2964 χλευαστικὴ

2026 2895 2145 2933 rum
2169 2895 2313 2943 esse,
2344 2889 2397 2934 et
2424 2896 2453 2933 a
2484 2883 2668 2936 vernis
2701 2881 2929 2937 ﬁoribus
2954 2882 3093 2935 nihil
3121 2882 3376 2950 ditierre;
3412 2886 3602 2955 ingen-

345 2980 494 3045 δόξα,
534 2982 744 3052 μεγάλη
817 2983 872 3036 δὲ
924 2984 1019 3036 καὶ
1070 2984 1237 3055 πολλὴ
1281 2984 1600 3055 τυγχάνειή
1635 2985 1926 3055 ἐσύστερον

2027 2977 2133 3024 tem
2172 2986 2321 3035 vero,
2363 2972 2702 3041 multamque
2734 2987 2856 3040 quae
2897 2972 3276 3041 subsequitur,
3324 2973 3601 3027 deforma-

348 3071 600 3143 αἰσχύνη.
633 3072 695 3126 El
727 3074 909 3128 τοίνυν
942 3074 1018 3145 μὴ
1050 3073 1236 3145 βούλει
1264 3074 1638 3146 αἰσχυνθῆναι,
1669 3074 1745 3146 μὴ
1798 3076 1923 3146 βού-

2028 3062 2255 3116 tionem.
2292 3064 2481 3131 Itaque
2521 3064 2568 3116 si
2598 3078 2703 3115 non
2731 3062 2813 3115 vis
2850 3062 3073 3131 probra,
3116 3063 3341 3133 despice
3370 3064 3600 3134 gloriam

348 3163 441 3216 λου
473 3163 795 3234 δοξασθῆναι
814 3164 915 3237 τὴν
935 3164 1223 3231 ἔκπλυτον,
1256 3167 1352 3221 καὶ
1379 3166 1582 3237 ῥᾳδίως
1612 3166 1928 3236 ἐξαφανιζο-

2030 3156 2198 3216 illam,
2232 3168 2355 3224 qua:
2383 3153 2544 3208 facile
2582 3152 2865 3218 dilabitur,
2897 3153 3167 3207 amittitur
3209 3163 3375 3224 atque
3419 3156 3605 3209 immi—

355 3254 521 3327 μένην
551 3256 648 3309 καὶ
677 3256 1009 3326 μειουμένην
1032 3255 1211 3320 δόξαν.

633 3258 648 3309 ι
677 3256 1009 3326 μειουμένην
1032 3255 1211 3320 δόξαν.
2030 3248 2238 3302 uultur.

774 3346 905 3400 TK'.
935 3374 1004 3385 -
1033 3347 1506 3418 omium/nam.

2382 3334 2634 3392 CCCXX.
2683 3364 2750 3377 -—
2781 3333 3249 3390 FIRMILLIANO.

427 3460 445 3493 ι
488 3440 635 3494 Ἀντὶ
680 3438 788 3494 τῶν
819 3439 1072 3509 πατέρων
1102 3438 1472 3510 ἐγεννήθησαν
1506 3441 1556 3492 oi
1605 3440 1712 3493 υίοί
1747 3456 1865 3498 σου.
1906 3460 1925 3493 ι

2106 3449 2125 3482 ι
2159 3430 2267 3485 Pro
2312 3429 2565 3500 patribus
2616 3429 2727 3482 tuis
2772 3429 2884 3480 uati
2923 3438 3053 3482 sunt
3081 3427 3178 3481 tibi
3215 3426 3310 3479 ﬁlii
3335 3427 3401 3479 ".
3436 3444 3456 3478 ι
3503 3427 3605 3492 Qui

357 3533 417 3585 Ol
466 3532 576 3604 γὰρ
614 3533 673 3585 ὲν
698 3531 777 3603 τῷ
806 3529 1086 3600 Μωσαῖκῷ
1113 3531 1260 3600 νόμῳ
1291 3529 1711 3601 λελατρευκότες
1739 3530 1931 3601 πρώην

2031 3523 2175 3577 enim
2221 3522 2275 3576 in
2321 3522 2435 3591 lege
2476 3519 2712 3575 Mosaica
2750 3519 2860 3574 Deo
2898 3522 3106 3575 cultum
3143 3520 3411 3590 principio
3444 3520 3602 3573 exhi-

357 3623 491 3695 Θεῷ,
529 3625 625 3677 καὶ
669 3623 1120 3695 εὐηρεστηκότες,
1175 3622 1416 3692 δεύτεροι
1451 3621 1559 3675 τῶν
1616 3621 1930 3676 ἀποστόλων

2032 3612 2289 3678 buerunt,
2319 3614 2509 3681 illique
2556 3613 2918 3682 placuerunt,
2957 3612 3258 3667 secundum
3301 3624 3421 3679 post
3473 3625 3607 3679 apo-

358 3714 672 3785 ὲδείχθησαν
722 3714 864 3767 κατά
910 3714 1009 3784 τὴν
1056 3714 1424 3782 Ἐκκλησίαν’
1481 3714 1531 3766 oi
1581 3714 1687 3766 υίοὶ
1737 3713 1845 3784 γὰρ
1881 3716 1929 3766 oi

2033 3705 2203 3759 stolos
2256 3706 2309 3757 in
2361 3704 2603 3759 Ecclesia
2654 3704 2833 3756 locum
2891 3702 3296 3757 obtinuerunt:
3334 3702 3424 3754 lilii
3461 3704 3607 3756 enim

359 3806 641 3859 ἀπόστολοι
674 3801 818 3876 ἦσαν
847 3805 946 3875 τῆς
972 3805 1079 3858 τῶν
1123 3805 1389 3876 Ἐϐραίων
1421 3804 1747 3873 συναγωγῆς
1767 3821 1779 3833 ·
1814 3803 1931 3857 ἀλλ’

2035 3795 2262 3865 apostoli
2321 3805 2478 3850 erant
2531 3792 2882 3848 Hebraeorum
2944 3790 3279 3862 Synagogae;
3331 3789 3424 3843 sed
3482 3804 3605 3841 Cum

359 3898 544 3968 ἐπειδὴ
581 3897 948 3968 κατηξίωνται
977 3897 1055 3968 τῷ
1076 3897 1298 3967 Χριστῷ
1333 3894 1696 3967 μαθητεῦσαι,
1726 3897 1821 3948 καὶ
1844 3895 1930 3947 διὰ

2039 3895 2219 3956 postea
2246 3887 2392 3956 digni
2440 3887 2612 3940 habiti
2670 3893 2819 3949 sunt,
2871 3892 2930 3938 ut
2974 3884 3181 3939 Christi
3224 3881 3476 3951 discipuli
3514 3882 3644 3951 ﬁe-l

360 3990 580 4042 πάντων
610 3989 945 4058 μιμήσασθαι
970 3988 1061 4043 τὸν
1087 3989 1437 4052 Διδάσκαλον,
1460 3988 1608 4050 υἱοὺς
1636 3986 1930 4050 ἀπέδειξαν

2034 3984 2177 4041 rent,
2225 3985 2279 4029 et
2327 3993 2420 4046 per
2470 3978 2654 4031 omnia
2712 3974 3032 4043 Magistrum
3072 3973 3440 4035 imitarentur,
3483 3971 3608 4024 vitae

360 4080 567 4134 ἑαυτῶν
617 4082 683 4151 τῇ
736 4081 993 4153 πολιτεία,
1051 4082 1143 4134 καὶ
1196 4080 1273 4150 τῷ
1328 4079 1619 4150 ἀξιώματι,
1679 4078 1806 4141 τοὺς
1851 4080 1929 4131 οξ-

2034 4068 2284 4121 instituto
2316 4076 2370 4120 et
2417 4067 2682 4135 dignitate
2723 4064 2979 4132 proprios
3022 4070 3231 4130 patres,
3269 4063 3363 4129 qui
3404 4062 3458 4114 in
3492 4061 3608 4130 lege

361 4173 538 4236 κείους
589 4149 829 4244 πατέρας
877 4149 1005 4235 τους
1053 4174 1112 4224 ἐν
1163 4149 1254 4243 τῷί
1285 4171 1435 4242 νόμῳ
1474 4149 1647 4225 πάλαι
1705 4168 1930 4235 δικαιω-

2028 4157 2139 4227 jam
2173 4154 2607 4224 olimjustiﬁcati
2655 4151 2895 4214 fuerant,
2936 4149 3078 4204 ﬁlios
3106 4164 3230 4203 esse
3262 4165 3394 4205 suos
3418 4157 3606 4205 osten-

362 4261 565 4325 θέντας.

2031 4245 2252 4299 derunt.

846 4354 1024 4407 TKA'.
1044 4382 1112 4392 —
1135 4352 1218 4419 Τῷ
1251 4351 1433 4418 αὐτῷ.
2430 4335 2451 4403 1

2430 4333 2592 4403 118
2615 4330 2893 4386 CCCXXI.
2925 4360 2996 4370 -—
3024 4328 3236 4384 Eidem.

426 4447 639 4518 Δυνὴσῃ
671 4446 767 4501 καὶ
804 4445 981 4510 ἄλλως
1009 4445 1069 4498 τὸ
1091 4445 1253 4516 ῥητὸν
1276 4444 1615 4511 ἐκδέξασθαι,
1634 4444 1708 4508 ὡς
1729 4444 1797 4498 τὰ
1825 4443 1930 4515 πρὸ
1961 4443 2006 4496 1)

2005 4472 2006 4476 η
2104 4424 2318 4481 Poteris
2345 4424 2510 4478 etiam
2540 4424 2768 4486 dictum,
2799 4430 2855 4477 et
2884 4422 2937 4476 in
2973 4422 3134 4476 aliam
3165 4420 3493 4475 sententiam
3526 4435 3610 4474 re-

360 4536 533 4606 ὀλίγου
553 4511 749 4609 χρόνον
779 4511 1110 4608 ὁμιληθέντα
1141 4511 1293 4607 ῆμῖν.
1326 4556 1344 4588 ι
1379 4536 1528 4589 Ἀντὶ
1548 4536 1656 4590 τῶν
1680 4511 1930 4607 πατέρων

2031 4526 2326 4588 torquere:
2357 4530 2479 4586 quae
2523 4523 2647 4568 ante
2698 4529 2807 4567 non
2855 4512 3087 4566 multum
3140 4521 3357 4582 tempus
3390 4527 3418 4563 a
3452 4511 3610 4565 nobis

365 4644 451 4680 σου
507 4628 882 4699 ἐγεννήθησαν
936 4629 984 4681 oi
1034 4628 1138 4681 υἱοί
1199 4644 1293 4681 σου
1328 4643 1340 4659 ⁸
1382 4646 1401 4679 ι
1438 4628 1739 4692 τουτέστιν,
1795 4627 1932 4695 ὅπερ

2030 4616 2359 4678 pertractata
2399 4617 2547 4661 sunt.
2596 4622 2613 4653 ι
2654 4604 2758 4657 Pro
2788 4603 3040 4672 patribus
3068 4601 3179 4656 tuis
3212 4603 3322 4655 uati
3356 4607 3484 4654 sunt
3512 4601 3610 4652 tibi

364 4718 545 4790 πρώην
573 4721 666 4773 ἐπὶ
706 4719 815 4773 τῶν
848 4719 1100 4789 πατέρων
1156 4735 1248 4771 σου
1303 4718 1594 4779 πλεονάκις
1639 4717 1791 4787 παρά
1838 4717 1932 4770 τοῦ

2033 4699 2126 4754 lilii
2160 4716 2172 4752 :
2210 4719 2229 4750 ι
2275 4694 2577 4767 quodquod
2634 4693 2844 4747 scilicet
2892 4692 3100 4761 pridem
3138 4701 3353 4761 patrum
3393 4701 3609 4742 tuorum

361 4781 812 4883 Θεοῦ-ἐζήτησας
865 4781 1132 4880 χάρισμα,
1185 4809 1279 4861 καὶ
1317 4808 1579 4871 πολλάκις
1640 4781 1928 4876 ἁπέτυχες,

2031 4799 2278 4859 tempore
2306 4788 2506 4857 sacpius
2539 4802 2567 4839 a
2608 4784 2719 4840 Deo
2751 4801 2952 4839 munus
2986 4783 3297 4853 postulasti,
3326 4788 3378 4833 et
3410 4781 3610 4850 smpius

361 4907 451 4954 καὶ
494 4872 908 4973 παρηκόύσθης,
941 4872 1126 4953 ’τούτο
1181 4900 1268 4951 ἐπ’
1301 4901 1544 4969 ἐσχάτων
1600 4897 1695 4953 τοῦ
1747 4872 1932 4970 γήρως

2032 4899 2142 4939 non
2179 4880 2487 4942 obtinuisti,
2522 4895 2700 4948 neque
2743 4878 3032 4931 exauditus
3060 4892 3142 4938 es,
3176 4874 3279 4927 hoc
3314 4872 3471 4927 θηρία
3498 4872 3610 4941 jam

362 5009 450 5045 σου
508 4993 651 5063 ὑπὲρ
700 4992 803 5063 τὴν
853 4990 1198 5045 παιδοποιίαν
1246 4989 1540 5058 δεξάμενος
1594 4989 1793 5059 τέρπῃ,
1840 4989 1934 5042 καὶ

2033 4983 2189 5031 aetate
2233 4989 2397 5043 super
2445 4973 2582 5026 alios
2621 4972 2761 5025 tilios
2806 4976 3143 5023 consecutus
3175 4965 3377 5019 laetaris
3399 4972 3451 5017 et
3479 4978 3612 5033 gau-

360 5055 1071 5151 zataucppotivn"xpelacova
1093 5079 1222 5149 γὰρ,
1256 5055 1442 5148 φησίν,
1477 5076 1609 5129 υίῶν
1637 5055 1936 5147 καὶ-’θυγα-

2035 5069 2132 5125 dcs
2164 5087 2177 5124 :
2210 5065 2406 5121 Melius
2438 5065 2606 5127 enim,
2642 5063 2735 5125 ait,
2768 5062 2895 5115 ﬁliis
2922 5068 2976 5113 et
3010 5059 3251 5122 ﬁliabus,
3283 5071 3479 5110 munus
3509 5055 3612 5108 Do-

356 5168 528 5239 τέρων
552 5169 764 5239 δωρεὰν
787 5170 816 5222 ὁ
848 5168 1052 5240 Κύριος
1077 5170 1241 5223 δώσει
1272 5186 1373 5222 σοι.

995 5187 1052 5232 ος
1077 5170 1241 5223 δώσει
1272 5186 1373 5222 σοι.
2038 5162 2219 5216 minus
2250 5161 2345 5214 tibi
2381 5159 2600 5211 tribuet.

566 5257 743 5312 TKB'.
771 5289 844 5299 —
868 5255 1206 5313 ΣΩΚΡΑΤΕΙ
1250 5257 1721 5327 ΠΡΕΣΒΥΤΕΡῼ.

2194 5251 2493 5308 CCCXXII.
2531 5278 2598 5287 —
2638 5245 2932 5302 SOCIlATI
2985 5241 3463 5297 PRESBYTERO.

430 5348 506 5421 Τῇ
540 5351 718 5422 οἰκείᾳ
754 5351 782 5404 ό
841 5350 973 5413 θεὸς
1011 5350 1305 5419 ἁγαθότητι
1344 5347 1412 5401 τὰ
1448 5347 1626 5401 πάντα
1662 5349 1934 5419 συστησά-

2111 5346 2338 5416 Propria
2374 5343 2516 5395 Deus
2550 5341 2794 5393 bonitate
2833 5337 3158 5390 constitutis
3191 5335 3467 5399 omnibus,
3497 5346 3612 5384 om-

362 5457 542 5510 μενος,
584 5443 811 5512 προνοεῖ
842 5441 1078 5505 πάντων,
1125 5441 1224 5494 οὐκ
1262 5441 1341 5503 εἰς
1393 5439 1453 5493 τὸ
1494 5440 1612 5492 κατ’
1635 5438 1791 5503 ἀξίαν
1825 5440 1935 5492 τῶν

2044 5454 2191 5493 111ι1111
2245 5450 2431 5490 curam
2481 5433 2640 5500 gerit,
2696 5444 2802 5482 non
2845 5426 3165 5495 dignitatem
3224 5441 3437 5485 eorum,
3473 5434 3612 5490 quos

361 5531 457 5585 ὑπ’
486 5532 652 5586 αὑτοῦ
690 5535 1105 5605 προνοουμένων
1141 5532 1369 5601 βλέπων,
1400 5530 1516 5584 ἀλλ’
1544 5533 1622 5594 είς
1656 5532 1714 5584 τὸ
1744 5531 1932 5585 ἑαυτοῦ

2044 5532 2160 5602 ipse
2196 5527 2474 5600 przcvidet,
2508 5521 2832 5591 reSpieieus,
2868 5519 2960 5572 sed
3004 5520 3263 5588 suiipsius
3294 5515 3615 5573 electionem

437 5712 481 5744 ⁸³
508 5709 622 5767 Jcr.
653 5710 813 5775 "1,2,
891 5711 935 5742 9‘
968 5708 1112 5763 Psal.
1155 5726 1297 5774 XLIV,
1329 5711 1412 5765 l7.
