4064 6160
483 347 585 411 199

1967 336 2027 397 S.
2062 337 2226 396 NILI

3636 337 3743 400 200

470 464 529 508 et
556 449 934 520 cujuscunque
981 446 1109 499 boni
1142 436 1669 515 slippeditationem.
1699 445 2048 515 Quapmptcr

2166 445 2467 502 εκλεκτικόν
2505 465 2563 500 τε
2604 449 2697 501 καὶ
2752 450 2951 512 παντὸς
2983 448 3190 516 ἀγαθοῦ
3246 449 3600 517 παρεκτικύν.
3646 457 3746 509 Διό

471 552 528 598 et
559 543 840 603 alimenta,
885 537 1262 592 misericordia
1316 547 1371 591 ct
1418 537 1940 599 commiseratione,
1996 537 2048 588 in

469 651 598 689 eum
637 629 1055 701 respicientibus
1091 628 1336 682 exhibet.
1374 627 1441 680 Et
1482 628 1585 681 hoe
1624 627 1807 693 fuerit,
1842 625 1986 696 quod
2021 641 2050 678 a

476 698 767 781 Psalmodo
812 721 1124 775 concinitur
1162 739 1175 774 :
1235 736 1254 770 ι
1294 718 1611 773 Misericors
1661 726 1715 772 et
1761 719 2053 772 miserator

476 819 764 881 Dominus,
794 830 977 869 eseam
1009 813 1100 866 dat
1134 813 1455 867 timentibus
1489 827 1548 866 se
1567 813 1635 865 ⁸⁷.
1672 831 1689 862 ι

701 905 1020 962 CCCXXIII.
1050 934 1118 947 -—-
1145 904 1450 960 CYRIACO
1495 901 1817 957 DlACONO.

543 1000 643 1064 Ne,
673 1006 731 1052 ut
760 1000 949 1053 vesani
977 997 1159 1051 facere
1183 1011 1431 1061 sucvere,
1453 995 1726 1064 corporis,
1749 1010 1870 1063 qua:
1892 1009 2056 1065 germ-

472 1092 740 1148 rationem
774 1096 1101 1159 propagant,
1127 1098 1312 1157 partes
1349 1086 1623 1151 abscidas,
1675 1086 1771 1140 sed
1828 1101 2056 1155 precare

472 1197 751 1253 exoraque
809 1180 1099 1234 Dominum
1140 1179 1402 1234 invisibili
1440 1178 1682 1248 potentia
1736 1177 2053 1232 interiorem

475 1275 752 1329 hominem
784 1272 1016 1336 evirare,
1047 1287 1115 1326 ne
1141 1271 1280 1324 ultra
1323 1269 1614 1341 intelligas,
1648 1284 1826 1338 neque
1874 1278 2056 1322 mente

475 1365 725 1421 revolvas
758 1363 1064 1416 masculum
1103 1368 1157 1414 et
1186 1358 1468 1413 feminam.

835 1452 996 1522 119
1027 1449 1353 1506 CCCXXIV.
1384 1480 1453 1490 —
1488 1450 1698 1505 Eidem.

548 1546 763 1601 Dictum
829 1547 1097 1615 Apostoli,
1166 1563 1183 1595 ι
1233 1545 1617 1598 Adbortamini
1671 1546 2055 1613 vosmetipsos,

480 1636 659 1690 donec
688 1633 850 1689 hodie
872 1634 1300 1703 cognominatur
1330 1633 1376 1663 ⁸⁸
1401 1650 1415 1699 ;
1452 1651 1470 1682 ι
1507 1640 1559 1687 et
1585 1631 1730 1702 quod
1761 1632 1814 1685 in
1841 1629 1961 1685 Jobi
1996 1632 2059 1684 Ii-

480 1730 579 1781 bro
607 1725 872 1795 scriptum
903 1734 1024 1779 est:
1065 1742 1083 1775 ι
1123 1723 1351 1778 Factum
1383 1731 1487 1787 est,
1538 1731 1597 1777 ut
1641 1724 1758 1779 dies
1789 1724 1904 1776 haec
1931 1723 1998 1785 ’9,
2033 1741 2051 1773 ι

2157 538 2251 589 καὶ
2289 538 2497 607 τροφὴν
2524 539 2658 610 ἐλέῳ
2685 541 2779 593 καὶ
2804 540 3074 610 οἰκτιρμῷ
3104 539 3292 592 δίδωσι
3328 543 3442 603 τοῖς
3471 542 3550 604 εἰς
3577 543 3740 597 αὑτὸν

2155 629 2573 686 ἀναϐλέπουσιν.
2608 635 2720 687 Καὶ
2743 634 2901 687 τοῦτο
2929 635 2995 687 ἂν
3024 636 3107 704 εἴη
3141 635 3200 687 τὸ
3231 635 3336 688 ὑπὸ
3366 637 3461 689 τοῦ
3502 637 3745 709 Ψαλμῳ-

2152 720 2245 773 δοῦ
2279 722 2594 794 λεγόμενον,
2624 727 2707 779 ὅτι
2746 747 2762 778 ε
2789 729 3090 798 Ἐλεὴμων,
3116 730 3211 782 κοιλ¹
3240 731 3541 801 οἰκτίρμων
3573 736 3601 785 6
3631 735 3746 787 Κύ-

2161 833 2274 887 ριος
2305 817 2511 887 τροφὴν
2540 817 2723 870 δίδωσι
2746 821 2859 882 τοῖς
2892 820 3248 889 φοϐουμένοις
3280 824 3463 878 αὐτόν.
3492 845 3508 875 ι

2475 909 2732 961 'rurn—
2751 909 3067 981 ΚΥΡΙΑΚῼ
3098 913 3422 983 ΔΙΛΚΟΝῼ.

2228 1001 2321 1071 Μὴ
2350 1000 2486 1053 κατά
2511 1002 2637 1064 τοὺς
2660 1001 2904 1072 ἄφρονας
2931 1002 3120 1071 βούλου
3148 1005 3402 1073 ἐκτεμεῖν
3424 1004 3492 1056 τὰ
3519 1005 3614 1058 τοῦ
3647 1008 3745 1060 σώ·

2162 1107 2332 1159 ματος
2384 1091 2680 1160 γεννητικὰ
2732 1090 2917 1161 μόρια,
2952 1092 3066 1145 ἀλλ’
3094 1092 3275 1163 εὔχου,
3311 1095 3406 1147 καὶ⁸
3436 1098 3745 1164 παρακάλει

2157 1179 2482 1252 τὸν-Κύριον
2518 1181 2735 1252 ἀοράτῳ
2759 1183 2989 1253 δυνάμει
3021 1186 3333 1254 εὐνουχίσαι
3372 1187 3462 1238 τὸν
3498 1187 3607 1240 ἔσω
3650 1189 3745 1242 ἀν-

2160 1271 2402 1342 θρωπον,
2455 1273 2542 1325 ἴνα
2581 1273 2781 1343 μηκέτι
2822 1275 3031 1346 ὲννοῇς,
3072 1277 3206 1346 μηδὲ
3245 1276 3527 1350 διαλογίζῃ
3578 1279 3743 1350 ἄρσεν

2164 1364 2259 1416 καὶ
2286 1364 2443 1434 θῆλυ.

2591 1466 2599 1487 ‘
2640 1455 2811 1509 TKA'.
2858 1488 2926 1498 —-
2962 1457 3045 1522 Τῷ
3080 1458 3259 1523 αὐτῷ.

2232 1546 2305 1598 Τὸ
2343 1549 2516 1600 εἰπεῖν
2546 1548 2636 1600 τὸν
2682 1548 3022 1603 ’Δπὸστολοψ
3065 1571 3082 1602 ι
3114 1553 3488 1622 Παρακαλεῖτε
3518 1556 3746 1617 ἑαυτοὺς

2160 1637 2321 1709 ἄχρις
2349 1633 2410 1691 οὗ
2440 1639 2499 1692 τὸ
2531 1641 2773 1710 σήμερον
2834 1643 3103 1707 καλεῖται,
3145 1662 3163 1695 ι
3208 1647 3302 1697 καὶ
3350 1647 3412 1698 τὸ
3438 1648 3744 1719 γεγράφθαι

2163 1729 2221 1782 ὲν
2244 1731 2310 1800 τῇ
2344 1728 2514 1799 βίϐλῳ
2556 1731 2651 1784 τοῦ
2700 1732 2839 1784 ’ῐώϐσ
2882 1753 2901 1784 ι
2951 1734 3197 1805 Ἐγένετο
3250 1736 3327 1801 δὲ,
3357 1736 3431 1800 ὡς
3474 1739 3506 1808 ἠ
3565 1738 3746 1808 ἡμέρα

481 1827 724 1880 praesens
756 1826 930 1865 aevum
960 1812 1282 1865 universum
1319 1810 1526 1865 indicat
1560 1827 1577 1864 :
1607 1828 1753 1866 unus
1781 1811 2058 1882 siquidem

2166 1798 2391 1890 a't'i'r'q,»
2447 1798 2539 1874 τδν
2576 1822 2820 1893 παρόντα
2879 1798 3050 1879 αἰῶνα
3082 1798 3200 1879 ὅλον
3259 1798 3426 1898 δηλοῖζ
3487 1798 3748 1901 μία-ιγάρ

479 1907 598 1961 dies
630 1913 717 1961 est
750 1905 988 1957 humana
1025 1904 1135 1958 vita
1168 1904 1370 1959 omnis.
1405 1904 1686 1958 Continuo
1717 1905 1883 1969 enim,
1920 1918 2062 1959 sem-

480 2011 688 2065 perque
736 1992 973 2049 Satanas
1023 1996 1295 2063 exposcit.
1350 1992 1578 2048 Factum
1623 1996 1807 2061 itaque
1846 2003 1951 2058 cst,
2002 2001 2061 2045 ut

479 2086 598 2140 dies
653 2087 802 2150 haec,
848 2086 952 2140 hoc
1002 2095 1107 2146 est,
1163 2086 1270 2138 tale
1311 2084 1441 2154 quid
1492 2094 1622 2138 tunc
1661 2085 1775 2139 ﬁeri
1810 2084 2059 2154 contigit,

476 2178 642 2247 quale
696 2186 749 2231 et
807 2177 1013 2231 nostris
1070 2178 1219 2230 hisce
1287 2176 1628 2244 temporibus
1681 2191 2060 2245 saepenumero

480 2269 738 2324 usuvenit
794 2269 884 2335 iis,
937 2268 1027 2338 qui
1084 2283 1114 2320 a
1171 2267 1391 2322 diabolo
1446 2276 1749 2321 tentantur.
1803 2267 1952 2322 Adeo
2004 2279 2063 2321 ut

480 2361 625 2415 haud
670 2369 821 2415 recte
875 2360 1040 2414 fuerit
1094 2369 1479 2427 contemnere;
1518 2361 1771 2430 quinimo
1801 2362 2062 2429 depreca-

384 2476 417 2499 κ
477 2454 629 2506 tione
668 2461 722 2504 et
773 2451 1013 2519 Spiritus
1057 2451 1442 2505 consolatione
1482 2460 1724 2504 mentem
1758 2451 2058 2513 linncmus,

480 2560 549 2597 ne
581 2558 681 2597 nos
711 2541 1061 2595 adversarius
1094 2557 1189 2609 per
1216 2542 1660 2609 desperationem
1698 2542 1987 2611 obglutiat.

952 2630 1256 2687 CCCXXV.
1283 2665 1351 2673 —
1377 2632 1584 2686 Eidem.

551 2745 781 2799 Occulta
832 2760 998 2798 manu
1054 2743 1199 2799 licus
1262 2745 1401 2799 bello
1475 2752 1633 2797 vexat
1683 2744 1905 2799 Amalec
1937 2783 1951 2806 ,
2006 2753 2066 2797 ut

481 2836 648 2889 rel'ert
699 2833 911 2905 Moyses
943 2836 981 2887 ί.
1011 2833 1275 2889 Dominus
1333 2835 1479 2887 enim
1530 2845 1740 2901 noster,
1777 2834 2061 2889 oculorum

481 2926 750 2996 effugiens
781 2926 1055 2989 obtutum,
1101 2941 1200 2994 pro
1237 2925 1397 2979 nobis
1428 2925 1706 2979 diabolum
1738 2938 2013 2996 oppugnat
2046 2945 2059 2980 :

482 3038 583 3074 ltus
626 3036 755 3074 vero
788 3029 1006 3088 propter
1039 3033 1236 3071 nomen
1272 3033 1455 3081 suum,
1490 3026 1543 3072 et
1580 3018 1859 3087 propriam
1894 3019 2065 3081 mise-

2163 1908 2345 1980 ἡμέρα
2376 1912 2483 1973 πᾶς
2513 1912 2541 1963 6
2569 1912 2908 1982 ἀνθρώπινος
2940 1915 3071 1984 βίος,
3104 1918 3378 1987 Διηνεκῶς
3411 1919 3611 1985 τοίνυν,
3653 1922 3749 1974 καὶ

2163 1998 2250 2051 ἀεὶ
2282 1998 2575 2065 ὲξαιτεῖται
2603 2004 2631 2055 6
2652 2004 2915 2065 Σατανᾶς.
2954 2005 3202 2073 Ἐγένετο
3231 2003 3347 2071 οὖν,
3379 2010 3561 2079 φησὶν,
3598 2010 3672 2074 ὡς
3712 2013 3745 2081 ή

2165 2090 2346 2161 ἡμέρα
2378 2091 2540 2161 αῦτη,
2571 2096 2838 2158 τουτέστι,
2871 2096 3108 2150 τοιοῦτόν
3137 2116 3190 2150 τι
3221 2099 3339 2153 τότε
3367 2102 3563 2171 συνέϐη
3596 2103 3748 2170 γενέο

2166 2186 2308 2247 σθαι,
2334 2180 2445 2237 οἷον
2473 2186 2566 2238 καὶ
2602 2186 2686 2254 ἐφ’
2721 2189 2752 2257 ἠ
2762 2187 2876 2257 μῶν
2907 2188 3000 2241 νῦν
3030 2184 3287 2253 πολλ’άκις
3316 2192 3602 2259 συμϐαίνει
3638 2197 3748 2258 τοῖς

2166 2274 2271 2327 ὑπὸ
2312 2277 2406 2327 τοῦ
2443 2276 2688 2330 διαϐόλου
2727 2278 3163 2349 πειραζομένοις.
3188 2282 3349 2334 Ὥστε
3394 2278 3485 2335 οὖν
3529 2283 3604 2354 μὴ
3641 2286 3752 2338 ὀλι-

2164 2368 2364 2431 γωρεῖν
2408 2365 2592 2432 καλδν,
2618 2369 2683 2437 τῇ
2723 2369 3060 2440 παρακλήσει
3107 2370 3182 2436 δὲ,
3211 2374 3303 2424 καὶ
3335 2376 3401 2444 τῇ
3436 2376 3756 2446 παρηγορίᾳ

2163 2455 2258 2508 τοῦ
2290 2458 2606 2527 Πνεύμοιτος
2646 2460 2904 2530 ῥωννύειν
2931 2462 2993 2515 τὸ
3029 2464 3308 2535 φρόνημα,
3351 2466 3437 2519 ἵνα
3469 2470 3546 2537 μὴ
3577 2486 3747 2521 κατα-

2168 2548 2265 2620 πίῃ
2293 2551 2321 2602 6
2369 2550 2559 2620 ἐχθρὸς
2589 2554 2729 2621 ἡμᾶς
2751 2551 2838 2604 διὰ
2869 2554 2967 2623 τῆς
3007 2554 3392 2622 ἀπογνώσεως.

2658 2644 2835 2696 TKE'.
2863 2673 2935 2683 —
2962 2643 3044 2710 Τῷ
3073 2644 3253 2711 αὐτῷ.

2239 2730 2463 2802 Κρυφίᾳ
2525 2736 2670 2803 χειρὶ
2716 2735 2743 2786 6
2791 2734 2923 2799 Θεὸς
2954 2737 3185 2806 πολεμεῖ
3211 2738 3300 2791 τὸν
3351 2739 3615 2808 Ἀμαλὴκ,
3676 2742 3751 2803 ὡς

2164 2821 2311 2887 λέγει
2332 2825 2359 2874 6
2379 2824 2510 2876 Μωθ
2522 2824 2638 2893 σῆς.
2658 2824 2715 2876 Ὀ
2735 2825 2804 2891 γά
2812 2843 2843 2895 ρ
2866 2828 3142 2896 Δεσπότης
3161 2830 3192 2898 ἡ
3204 2829 3319 2898 μῶν
3343 2831 3586 2901 ἀοράτως
3613 2832 3758 2896 ὑπὲρ

2165 2913 2322 2984 ἡμῶν
2358 2915 2626 2984 ἀμύνεται
2652 2916 2743 2970 τὸν
2768 2917 3038 2970 διάϐολοψ
3069 2921 3214 2989 ἡμᾶς
3234 2920 3291 2973 δὲ
3318 2921 3478 2993 χάριν
3507 2922 3599 2974 τοῦ
3630 2923 3748 2974 ὀνό-

2170 3022 2339 3075 ματος
2381 3006 2567 3071 αὑτοῦ,
2619 3009 2715 3061 καὶ
2746 3009 2839 3062 τοῦ
2871 3008 3073 3062 οἰκείου
3108 3011 3294 3073 ἐλέους
3326 3014 3622 3084 εὐεργετεῖ,
3661 3014 3762 3068 καὶ

483 3112 776 3167 ricordiam
814 3111 1092 3165 beneﬁciis
1130 3110 1312 3177 afficit,
1344 3110 1509 3176 fovet,
1537 3111 1788 3173 mdiﬁcat,
1820 3111 2061 3173 ordinat,

2169 3094 2387 3162 θάλπει,
2433 3098 2527 3149 καὶ
2563 3097 2856 3167 οἰκοδομεῖ,
2898 3099 2992 3151 καὶ
3022 3100 3366 3167 καταρτίζει,
3394 3102 3756 3173 περιφράττει

482 3206 636 3260 intus
691 3214 957 3273 extraque
1021 3203 1402 3273 circumscpit,
1460 3203 1706 3257 custodit
1771 3211 1824 3256 ct
1883 3214 2061 3257 servat

482 3298 875 3355 misericordia:
906 3312 970 3350 ac
1001 3296 1368 3350 humanitatis
1395 3310 1587 3351 amans
1619 3294 1905 3349 Dominus.

717 3387 1039 3444 CCCXXV].
1062 3417 1132 3427 —
1161 3385 1539 3441 THEODOTO
1574 3384 1837 3438 COMITI.

556 3482 732 3534 Divini
786 3482 962 3549 angeli
1016 3479 1307 3532 Dominum
1362 3493 1521 3532 suum
1577 3478 1841 3531 imitando
1869 3492 2063 3530 consc-

482 3581 725 3637 ctantur,
784 3572 1019 3638 ideoque
1071 3570 1310 3639 diligunt
1377 3569 1769 3624 humilitatem.
1833 3568 2066 3635 Quando

486 3665 670 3731 itaque
689 3662 991 3715 monachus
1011 3662 1132 3715 vitae
1151 3676 1264 3715 suae
1284 3676 1348 3714 ac
1366 3660 1605 3716 instituti
1630 3661 1965 3715 sublimitate
1982 3660 2067 3712 in-

486 3756 791 3818 solescens,
861 3753 1174 3822 superbiam
1252 3752 1622 3821 amplectitur,
1706 3768 1830 3805 cum
1894 3767 2067 3821 eaque

483 3847 625 3901 adeo
660 3848 800 3900 lixus
832 3853 937 3907 cst,
976 3852 1033 3897 ut
1064 3844 1222 3898 avelli
1271 3860 1379 3898 non
1425 3844 1623 3913 possit.
1655 3843 1832 3915 angeli
1875 3858 2067 3913 super—

483 3937 717 3991 bientem
778 3936 938 4004 120
984 3934 1136 3987 illum
1186 3934 1474 3998 deserunt,
1525 3934 1799 4004 longeque
1848 3949 1906 3987 se
1958 3933 2067 3987 alio

483 4026 797 4088 conferunt,
842 4034 1137 4080 renuentes
1190 4035 1394 4095 tegere,
1442 4026 1642 4078 auxilia
1693 4025 1856 4090 ferre,
1890 4037 2068 4079 custo-

483 4120 601 4174 dire
641 4127 695 4174 et
748 4132 1113 4188 propugnare,
1168 4128 1318 4172 utet
1369 4124 1550 4172 antea.
1608 4118 1918 4186 Statimque
1964 4116 2067 4169 ini-

481 4210 735 4282 quissimi
776 4212 1051 4265 daemones
1091 4210 1469 4273 advenientes,
1525 4217 1580 4263 et
1628 4211 1785 4264 beata
1837 4211 1927 4263 illa
1966 4225 2065 4263 cu-

483 4303 662 4357 stodia
716 4301 1009 4370 spoliatmu
1056 4302 1377 4369 amplexati,
1433 4316 1546 4370 pra:
1586 4302 1846 4370 superbia
1897 4301 2063 4354 tumi-

481 4384 611 4439 dum
645 4385 700 4437 in
738 4381 1183 4447 fornicationem,
1209 4381 1673 4448 furtum,caedem,
1711 4383 2061 4449 adulterium,

2167 3205 2226 3240 τε
2263 3187 2484 3253 ἔσωθεν,
2529 3190 2623 3242 καὶ
2666 3190 2886 3253 ἔξωθεν,
2939 3192 3032 3243 καὶ
3072 3192 3419 3261 περισκέπει,
3461 3193 3553 3246 καὶ
3593 3192 3758 3257 σώζει

2168 3282 2196 3331 6
2228 3280 2642 3350 φιλοικτίρμων,
2672 3285 2763 3335 καὶ
2796 3284 3175 3352 φιλάνθρωπος
3210 3284 3430 3354 Κύριος.

2485 3370 2676 3437 ΤΚΕΤ.
2695 3401 2766 3411 -—
2785 3373 3094 3444 ΘΕΟΔΟΤῼ
3139 3376 3435 3431 ΚΟΜΙΙΊΊ.

2238 3459 2342 3512 Τὸν
2372 3462 2650 3533 Δεσπότην
2691 3464 2898 3517 ἑαυτῶν
2926 3467 2975 3518 οἱ
3001 3466 3134 3520 θεῖοι
3172 3470 3499 3539 μιμούμενοι
3529 3472 3753 3541 ἄγγελοι

2166 3552 2265 3623 τὴν
2284 3555 2786 3627 ταπεινοφροσύνην
2813 3558 3121 3626 ἀγαπῶσιν.
3161 3561 3331 3615 Ἐπάν
3362 3563 3540 3617 τοίνυν
3582 3582 3738 3634 μονα-

2169 3646 2261 3716 χὺς
2298 3648 2671 3717 γαυρούμενος
2719 3648 2795 3720 τῷ
2832 3642 2955 3719 ὕψει
2994 3651 3093 3721 τῆς
3126 3653 3422 3719 πολιτείας,
3458 3654 3556 3725 τὴν
3587 3658 3745 3728 ὑπερο

2168 3738 2434 3807 ηεράνειαν
2481 3740 2818 3810 ἀσπάσηται,
2881 3744 2978 3796 καὶ
3026 3744 3234 3816 ταύτης
3281 3747 3755 3813 δυσαποσπάστως

2168 3830 2288 3900 ἔχῃ,
2320 3831 2707 3886 ἀπολείπουσιν
2726 3836 2773 3887 οί
2803 3836 3024 3903 ἄγγελοι
3042 3837 3134 3889 τὸν
3158 3838 3633 3909 ἀλαζονευόμενον,
3653 3843 3760 3895 καὶ

2173 3925 2389 3994 μακρὰν
2424 3924 2770 3993 ἀφίστανται,
2818 3928 3015 3998 μηκέτι
3064 3929 3309 3993 θέλοντες
3342 3932 3586 3996 σκέπειν,
3620 3933 3755 4003 βοη-

2169 4016 2281 4070 θεῖν
2308 4036 2366 4070 τε
2419 4020 2512 4070 καὶ
2542 4022 2814 4089 φρουρεῖν,
2841 4022 2933 4073 καὶ
2954 4022 3466 4092 ἀντιλαμϐάνεσθαι,
3500 4025 3758 4094 καθάπερ

2168 4111 2262 4163 καὶ
2299 4110 2587 4180 πρότερον.
2615 4111 2789 4173 Εὐθὺς
2815 4113 2871 4165 δὲ
2904 4112 3300 4185 ἐπιδραμόντες
3328 4117 3377 4168 oi
3402 4116 3760 4186 παμπόνηροι

2166 4201 2442 4271 δαίμονες,
2477 4203 2573 4254 καὶ
2606 4203 3019 4271 συμπλακέντες
3058 4205 3137 4274 τῷ
3167 4207 3627 4277 ἀπορφανισθέντι
3649 4207 3761 4277 τῆς

2172 4294 2449 4363 μακαρίας
2477 4297 2742 4364 φρουρᾶς.
2780 4297 3178 4351 καταὸάλλουσι
3208 4299 3300 4351 τὸν
3337 4301 3764 4370 πεφυσιωμένοι)

2167 4387 2246 4446 εἰς
2271 4386 2547 4455 πορνείαν,
2591 4387 2623 4457 ἢ
2657 4387 2881 4456 κλοπὴν,
2925 4389 2957 4458 ἢ
3015 4391 3384 4457 φονοκτονίαν,
3413 4393 3685 4461 μοιχείαν,
3722 4394 3759 4463 ἢ

484 4488 579 4531 aut
627 4477 681 4529 in
731 4473 879 4527 aliud
923 4473 1225 4543 quidquam
1279 4490 1345 4528 ex
1394 4474 1583 4529 vetitis
1614 4476 1953 4545 praecipitem
1984 4475 2062 4531 fe-

2172 4474 2357 4545 ἓτερόν
2383 4493 2434 4528 τι
2469 4477 2574 4528 τῶν
2610 4479 3095 4549 ἀπηγορευμένων.
3135 4479 3355 4544 Μείζων
3399 4481 3508 4550 γὰρ
3536 4482 3766 4535 πάντων

481 4577 635 4625 runt.
668 4566 929 4622 Omnium
979 4565 1251 4635 siquidem
1299 4568 1571 4622 scelerum
1607 4569 2069 4624 immanissimum

480 4664 665 4719 scelus
692 4659 1074 4729 estsuperbia,
1101 4667 1157 4713 et
1180 4674 1276 4729 per
1310 4676 1428 4713 eam
1460 4661 1732 4716 universm
1763 4662 2068 4732 iniquitatis

480 4768 676 4818 auctor
716 4758 785 4813 de
818 4757 958 4812 caalo
984 4756 1038 4810 in
1079 4765 1280 4809 terram
1331 4754 1560 4810 corruit.
1597 4754 1722 4809 llaec
1747 4770 1775 4805 a
1808 4769 1895 4808 me
1946 4753 2068 4808 ideo

482 4854 629 4908 dicta
687 4858 838 4910 sunt,
899 4849 1044 4918 quod
1098 4863 1127 4900 a
1190 4864 1274 4902 me
1338 4848 1654 4917 postulasti,
1710 4846 2065 4917 quamobrem

482 4938 730 4993 nonnulli
776 4936 989 5009 exhis,
1021 4935 1114 5005 qui
1160 4950 1218 4989 se
1264 4936 1520 4989 asecticae
1554 4936 1677 4989 vitae
1710 4935 2068 4997 addixerunt,

481 5031 777 5103 aliquando
825 5030 881 5083 in
944 5028 1143 5097 impias
1210 5029 1569 5097 operationcs
1650 5026 2073 5094 horrendosque

483 5122 676 5190 lapsus
706 5119 944 5175 cadunt?
981 5118 1190 5171 Bonum
1254 5119 1440 5187 itaque
1484 5117 1655 5171 fuerit
1706 5118 1911 5169 bonum
1956 5131 2072 5169 am-

484 5212 669 5280 plecti,
702 5212 1077 5280 contiuuoque
1127 5211 1260 5263 illud
1293 5217 1479 5264 tenere
1529 5227 1541 5262 :
1594 5216 1648 5260 at
1683 5207 1757 5260 nil
1790 5207 2071 5260 moderata

485 5310 667 5356 mente
698 5305 1077 5373 praestantius,
1112 5317 1278 5372 quam
1310 5310 1364 5355 ct
1398 5301 1657 5354 Christus
1687 5300 1934 5354 omnium
1973 5297 2070 5349 Do-

484 5393 688 5458 minus,
722 5401 775 5445 et
806 5391 969 5457 Deus,
1002 5402 1056 5445 et
1094 5393 1323 5453 Auctor,
1369 5405 1492 5443 cum
1535 5389 1588 5441 in
1613 5403 1781 5442 carne
1810 5403 1933 5441 cum
1971 5386 2068 5439 ho-

485 5482 725 5537 minibus
782 5491 950 5543 csset,
1026 5483 1188 5536 nobis
1258 5481 1517 5535 omnibus
1590 5482 2066 5541 commoustravit,

485 5569 795 5641 imitarique
825 5570 1084 5641 praecepit
1117 5571 1374 5640 inquiens
1406 5588 1419 5622 :
1467 5589 1483 5621 ι
1529 5570 1733 5623 Discite
1768 5586 1794 5623 a
1828 5587 1911 5625 me
1940 5572 2067 5639 quia

556 5743 600 5775 ³⁷
635 5744 776 5798 Psal.
817 5762 904 5809 cx,
932 5708 1016 5803 εἰ.¹
1069 5747 1115 5778 ¹“⁸
1155 5747 1322 5802 llcbr.
1356 5764 1436 5809 ιιι,
1479 5748 1563 5801 15.

1643 5747 1688 5779 θ’
1715 5747 1817 5803 Job
1856 5764 1913 5817 ιι,
1953 5751 2002 5803 l.

2171 4567 2280 4620 τῶν
2344 4567 2834 4638 πλημμελημάτων
2873 4570 3254 4641 πλημμέλημά
3298 4572 3444 4623 ἐστιν
3493 4572 3527 4641 ἡ
3583 4572 3766 4639 ὑπερ-

2173 4663 2430 4733 ηφάνεια,
2463 4663 2554 4715 καὶ
2595 4662 2683 4715 διὰ
2711 4663 2913 4734 ταύτην
2944 4666 2972 4716 6
3013 4664 3192 4734 πάσης
3235 4665 3569 4735 φαυλότητος
3594 4664 3767 4732 εὑρεο

2171 4754 2268 4823 τὴς
2296 4752 2539 4816 διάϐολος
2571 4755 2633 4807 ἐκ
2661 4755 2766 4807 τῶν
2784 4755 3033 4825 οὐρανῶν
3062 4756 3140 4818 είς
3164 4757 3262 4827 τὴν
3288 4759 3392 4825 γῆν
3423 4754 3765 4827 κατερρίφη,

2171 4844 2358 4897 Ταῦτά
2393 4862 2480 4914 μοι
2515 4847 2752 4915 εἴρηται,
2789 4845 2923 4898 διότι
2952 4848 3245 4920 ὴρὼτησόις
3277 4865 3367 4916 με,
3397 4848 3535 4908 τίνος
3564 4846 3767 4897 ἕνεκεν

2169 4937 2310 5000 τινὲς
2338 4937 2447 4989 τῶν
2496 4936 2587 4989 τὸν
2627 4938 2928 5011 ἀσκητικὸν
2973 4939 3355 5010 προελομένων
3409 4938 3523 5008 βίον
3572 4939 3769 5009 καιρῷ

2168 5044 2273 5081 τινι
2301 5028 2437 5099 πρὸς
2476 5029 2767 5099 ἀθεμίτους
2806 5031 3209 5098 καταφέρονται
3252 5031 3497 5096 πράξεις,
3527 5030 3616 5083 καὶ
3653 5047 3768 5099 (ρο-

2171 5117 2307 5186 ϐερὰ
2337 5118 2641 5187 πτώματα;
2684 5119 2863 5173 Καλὸν
2902 5122 3185 5191 τοιγάρτοι
3234 5122 3593 5185 ἀσπάζεσθαι,
3659 5123 3773 5173 κοιλ⁸

2169 5211 2392 5277 κρατεῖν
2429 5209 2692 5280 διηνεκῶς
2744 5210 2807 5263 τὸ
2871 5211 3056 5263 καλόν·
3091 5211 3244 5264 οὐδὲν
3283 5212 3339 5265 δὲ
3391 5210 3605 5263 κάλλιον
3654 5215 3774 5281 τῆς

2174 5301 2660 5370 μετριοφροσύνης,
2716 5302 2907 5372 ἥντινα
2964 5303 3058 5355 καὶ
3119 5303 3408 5373 Χριστὸςό
3450 5303 3556 5355 τῶν
3611 5302 3776 5357 ὅλων

2168 5391 2393 5461 Κύριος,
2421 5395 2515 5444 καὶ
2539 5393 2694 5456 Θεὸς,
2725 5395 2819 5445 καὶ
2846 5396 3123 5464 Δεσπότης
3144 5399 3254 5455 τοῖς
3280 5394 3587 5466 ἀνθρώποις
3624 5410 3779 5448 συν-

2168 5485 2643 5554 αναστρεφόμενος
2678 5484 2738 5536 τὸ
2776 5484 2917 5537 κατὰ
2946 5487 3143 5555 σάρκα,
3179 5488 3343 5538 πᾶσιν
3379 5487 3509 5554 ἡμῖν
3548 5485 3780 5541 ἐνεδεί-

2172 5574 2317 5639 ξατο,
2370 5576 2461 5628 καὶ
2512 5577 2707 5646 ζηλοῦν
2764 5578 3058 5648 προσέταξε
3109 5577 3302 5644 λέγων’
3337 5595 3355 5626 ι
3391 5575 3606 5628 Μάθετε
3660 5578 3779 5633 ἀπ’

2084 5751 2099 5780 ¹
2138 5750 2308 5804 Exod.
2346 5768 2473 5820 xm,
2503 5754 2535 5807 8
2570 5769 2685 5823 sqq.
