4064 6160
380 390 485 457 207

1770 452 1777 459 ,
1866 388 1932 447 S.
1971 385 2154 482 NILI'

3532 393 3646 461 208

380 524 511 572 eos,
556 506 649 577 qui
696 503 748 560 in
788 503 1076 559 Christum
1122 500 1509 566 crediderunt,
1558 509 1676 557 tum
1721 517 1791 558 ex
1843 501 1952 558 lie-

2067 501 2183 565 τούς
2231 518 2291 554 τε
2336 499 2396 567 ἐξ
2434 501 2726 568 Ἰουδαίων,
2770 502 2865 558 καὶ
2898 504 3025 568 τοὺς
3057 505 3165 561 ἀπὸ
3206 506 3318 560 τῶν
3351 507 3522 564 ἐθνῶν
3565 507 3647 577 τῷ

381 602 574 664 brasis,
614 609 723 653 tum
759 588 1149 668 ex‘genlibus,
1174 594 1354 665 veluti
1387 595 1440 648 in
1486 595 1682 650 ntnbra
1715 603 1907 651 notant
1938 613 1952 649 :

2058 594 2279 665 Χριστῷ
2320 594 2681 660 πιστεύοντας
2715 595 3163 667 σκιογραφοῦσιν,
3202 599 3400 663 οἵτινες
3447 598 3642 673 πρώην

381 693 475 762 qui
507 693 658 762 prius
690 704 814 743 cum
843 695 1034 744 essent
1063 695 1120 741 ut
1147 687 1316 758 paleae
1347 728 1362 752 ,
1399 686 1618 741 demum
1651 702 1750 758 per
1794 687 1962 742 Iidem.

2067 685 2355 758 ἀχυρώδεις
2412 688 2768 759 ὑπάρχοντες,
2813 688 3042 762 ὕστερον
3087 690 3176 745 διὰ
3226 694 3490 758 πίστεως,
3542 694 3643 757 καὶ

380 792 435 838 et
467 779 846 854 pwnilentiam
874 777 1152 849 ingentem
1182 775 1620 832 misericordiam
1648 776 1957 841 consecuti,

381 875 532 930 aurei
562 880 744 927 mente
776 870 878 925 visi
915 877 1069 925 sunt.

627 950 763 1015 λνι.
799 988 870 1000 —
901 950 1253 1012 AGATIIONI
1295 952 1713 1012 DECEMBRIO.

445 1052 582 1107 Cum
627 1050 877 1105 lsboseth
924 1047 1306 1103 interfectores
1353 1048 1551 1103 beatus
1605 1046 1780 1101 David
1811 1046 1961 1102 occi-

378 1143 580 1202 disset.
610 1155 910 1210 eorumque
936 1154 1134 1196 manus
1179 1138 1459 1210 pedesque
1503 1137 1867 1203 abscidisset,
1904 1137 1960 1191 in

2062 777 2351 846 μετανοίας
2402 780 2651 850 μεγάλως
2702 779 3051 852 ἐλεηθέντες,
3106 785 3300 854 χρυσοῖ
3353 802 3501 850 τινες
3545 785 3645 858 τὴν

2059 865 2284 955 γνώμην
2313 871 2639 940 πεφήνασιν.

2345 960 2462 1027 ις’.
2493 990 2565 1001 -
2596 961 2897 1016 armum
2933 961 3357 1037 ΔΕΚΕΜΒΡΙῼ.

2131 1048 2270 1114 Τοὺς
2308 1049 2401 1103 τοῦ
2444 1050 2479 1103 Ἰ
2492 1044 2681 1104 σϐοσθέ
2701 1050 2994 1123 ἀναιρέτας
3020 1053 3051 1106 δ
3083 1053 3355 1125 μάκαριος
3376 1054 3642 1123 φονεύσας

2065 1132 2249 1200 Δαυῖδ,
2282 1137 2376 1189 καὶ
2415 1138 2605 1208 χεῖρας
2638 1137 2843 1193 τούτων
2873 1138 2969 1193 καὶ
3010 1139 3177 1204 πόδας
3215 1143 3520 1212 ἀποκόψας,
3553 1146 3644 1198 ἐπὶ

379 1234 529 1289 fonte
553 1240 608 1289 et
629 1234 685 1287 in
715 1247 854 1303 aqua
885 1231 1176 1303 suspendit
1207 1231 1271 1285 ίε.
1303 1230 1409 1287 Per
1436 1231 1552 1287 haec
1582 1236 1775 1295 notat,
1811 1229 1962 1300 quod

2067 1224 2159 1308 τῆς
2177 1228 2408 1298 κρήνης,
2440 1229 2536 1283 καὶ
2561 1228 2652 1283 ἐπὶ
2677 1230 2768 1284 τοῦ
2792 1229 2985 1294 ὓδατος
3017 1232 3350 1304 ἐκρέμασεν.
3381 1237 3643 1308 Σημαίνεν

379 1325 684 1398 secundum
708 1324 986 1380 Christum
1025 1324 1120 1390 Iit,
1158 1323 1496 1394 baptismate
1533 1321 1835 1393 amputatis
1869 1336 1963 1375 ex-

378 1419 570 1474 tremis
598 1417 839 1473 mutilari
870 1425 925 1472 et
970 1415 1251 1483 interimi,
1289 1415 1383 1486 qui
1416 1422 1544 1471 ante
1580 1414 1742 1470 Iidem
1772 1428 1874 1468 nos
1908 1412 1962 1467 in

379 1510 750 1580 captivitatem
785 1509 1170 1577 abduxerunt,
1218 1509 1543 1579 animasque
1573 1514 1801 1565 nostras
1831 1520 1964 1562 con-

381 1603 761 1668 trucidarunt,
789 1601 1091 1658 daemones.

905 1690 1071 1747 xvu.
1097 1722 1168 1733 —
1196 1691 1409 1748 Eidem.
1695 1766 1698 1768 γ

453 1783 583 1840 Post
618 1783 918 1840 Mosaicam
965 1783 1083 1853 spei
1133 1782 1381 1838 melioris
1413 1781 1586 1852 legem
1621 1778 1959 1853 superindu-

2061 1306 2152 1370 διὰ
2178 1314 2407 1384 τούτων,
2440 1317 2525 1372 ὅτι
2553 1319 2633 1390 τῷ
2680 1319 2823 1375 κατά
2873 1321 2916 1374 X
2927 1322 3112 1392 ριστὸν
3144 1325 3413 1396 γινομένῳ
3446 1306 3641 1397 βαπτί-

2066 1405 2778 1482 σματιάκροτηριάζονται,
2810 1415 2908 1465 καὶ
2937 1412 3287 1484 ἀναιροῦνται
3315 1418 3363 1470 οί
3403 1418 3512 1486 πρὸ
3546 1419 3644 1489 τῆς

2064 1500 2301 1568 πίστεως
2351 1503 2502 1575 ἡμᾶς
2539 1502 2976 1575 δουλωσάμενοι,
3004 1503 3102 1558 καὶ
3136 1506 3235 1570 τὰς
3262 1507 3440 1579 ψυχὰς
3490 1510 3643 1580 ήμῶν

2065 1594 2488 1656 ἀποκτείναντες
2520 1593 2794 1665 δαίμονες.

2496 1680 2501 1683 “
2587 1689 2686 1742 IZ'.
2714 1718 2784 1730 —
2820 1689 2903 1756 Τῷ
2933 1691 3112 1757 αὐτῷ.
3556 1728 3565 1745 ,,

2137 1777 2294 1833 Πετά
2330 1778 2421 1833 τὸν
2478 1780 2774 1834 Μωσαῖκὸν
2822 1782 2986 1852 νόμον
3032 1784 3388 1854 ἐπεισαγωγὴ
3428 1785 3642 1857 ἐδείχθη

381 1884 526 1929 ctam
581 1874 755 1930 fuisse
809 1874 991 1930 cdocti
1046 1889 1280 1939 sumus,
1331 1889 1427 1944 per
1474 1887 1640 1942 quam
1694 1871 1964 1925 inhaerere

2067 1873 2165 1941 τῆς
2188 1870 2499 1942 κρείττονος
2525 1872 2761 1939 ἐλπίδος,
2792 1873 2860 1927 δι’
2883 1868 2951 1945 ἦς
2972 1876 3210 1943 ἐγγίζειν
3233 1876 3311 1947 τῷ
3336 1876 3457 1947 Θεῷ
3483 1878 3636 1932 δυνά·

381 1967 495 2022 Deo
545 1981 864 2037 possumus.
918 1966 1107 2036 Itaque
1157 1984 1176 2019 ι
1212 1961 1861 2035 AppropinquateDeo.
1910 1969 1965 2016 et

383 2058 847 2129 appropinquabit
885 2059 1044 2115 vobis
1074 2059 1141 2125 ¹⁹,
1180 2076 1198 2109 ι
1237 2068 1294 2114 ιιι
1320 2059 1558 2113 Iacobus
1582 2057 1680 2112 ait.
1709 2057 1964 2112 Attamen

380 2150 700 2205 Judaeorum
756 2151 1000 2222 populus
1048 2150 1269 2207 nolebat
1326 2166 1424 2221 per
1481 2165 1633 2220 spem
1687 2159 1742 2205 et
1805 2149 1965 2203 Iidem

382 2257 552 2313 prope
604 2241 758 2306 ﬁeri,
793 2240 1141 2314 Dominoque
1170 2240 1566 2315 conglutinari.
1619 2239 1967 2312 Quapropter

384 2332 555 2390 David
584 2334 805 2390 dicebat
837 2352 851 2389 :
887 2353 905 2387 ι
937 2333 1024 2389 Ira
1056 2334 1307 2391 ascendit
1336 2335 1391 2390 in
1425 2333 1597 2390 Israel
1625 2334 1670 2366 ²⁰
1698 2352 1714 2389 :
1746 2351 1765 2385 ι
1793 2348 1967 2404 quan-

383 2424 675 2495 doquidem
706 2439 817 2481 non
845 2425 1084 2481 credidit
1117 2424 1225 2480 Deo
1245 2465 1261 2490 ,
1293 2442 1473 2496 neque
1503 2425 1747 2495 speravit
1788 2424 1842 2479 in
1877 2441 1968 2481 sa-

385 2517 564 2573 lutare
594 2516 764 2572 illius.
799 2518 918 2588 Ipse
946 2532 1170 2573 rursum
1207 2517 1351 2572 Dens
1381 2532 1482 2586 per
1532 2516 1730 2572 Isaiam
1783 2532 1966 2571 enun-

386 2608 548 2662 tiavit
578 2628 592 2663 :
625 2627 642 2660 ι
678 2607 921 2679 Populus
954 2609 1058 2664 iste
1087 2605 1251 2664 la'biis
1281 2623 1367 2662 me
1401 2617 1583 2674 amat,
1632 2624 1730 2662 cor
1780 2615 1965 2662 autem

386 2707 579 2750 eorum
613 2693 776 2765 longe
805 2706 891 2750 est
924 2711 951 2749 a
987 2711 1072 2750 me
1099 2696 1169 2748 υ.
1205 2714 1221 2747 ι

817 2786 979 2856 128
1007 2782 1197 2840 XVIII.
1231 2815 1296 2826 —
1331 2780 1538 2840 Eidem.

464 2875 544 2932 Ex
590 2876 856 2949 improbis
898 2877 1149 2949 plerique
1179 2878 1439 2932 tenebras
1473 2877 1527 2932 in
1561 2876 1728 2931 corde
1755 2890 1855 2931 suo
1885 2885 1964 2931 te-

387 2971 558 3026 tricas
588 2968 733 3024 clam
761 2982 886 3025 esse
915 2967 1041 3024 aliis
1076 2967 1397 3025 hominibus
1427 2969 1739 3039 cupientes,
1773 2968 1967 3039 ingen-

385 3071 469 3118 tes
501 3063 648 3118 risns
678 3061 885 3127 edunt,
917 3059 1278 3134 laetitiamque
1307 3061 1475 3116 veluti
1508 3062 1561 3116 in
1594 3061 1813 3116 theatro
1846 3075 1969 3130 per-

2069 1958 2229 2028 μεθα.
2256 1961 2466 2015 Οὐκοῦν
2499 1981 2517 2013 ι
2542 1962 2829 2031 Ἐγγίσατε
2862 1966 2940 2036 τῷ
2969 1965 3109 2036 Θεῷ,
3134 1966 3227 2020 καὶ
3261 1968 3439 2035 ἐγγιεῖ
3457 1968 3640 2038 ὑμῖν..

2065 2049 2208 2104 καθά
2235 2068 2402 2122 φησιν
2435 2051 2714 2117 Ἰάκωϐος.
2752 2054 2809 2108 '0
2841 2055 2899 2109 δὲ
2929 2055 3039 2109 τῶν
3079 2056 3350 2111 Ἰουδαίων
3380 2056 3510 2122 λαδς
3544 2058 3643 2112 οὐκ

2064 2140 2223 2212 ἤθελε
2272 2142 2338 2196 δι’
2364 2143 2577 2208 ἐλπίδος
2610 2145 2707 2199 καὶ
2751 2146 2986 2211 πίστεως
3022 2147 3290 2217 ἐγγίζειν.
3318 2151 3415 2202 καὶ
3450 2149 3643 2203 κολλᾶ-

2067 2232 2194 2286 σθαι
2218 2234 2430 2308 Κυρίῳ,
2454 2235 2647 2308 διόπερ
2679 2237 2840 2293 Δαυῖδ
2866 2236 3075 2307 ἔλεγεν,
3111 2240 3194 2294 δτι
3227 2257 3247 2292 ι
3286 2239 3454 2309 Ὀργὴ
3476 2240 3647 2294 ἀνέϐη

2066 2325 2159 2378 ἐπὶ
2187 2324 2275 2378 τὸν
2294 2326 2530 2398 Ἰσραὴλ,
2546 2346 2566 2380 ι
2589 2329 2887 2401 ἐπειδήπερ
2916 2331 3016 2384 οὐκ
3041 2331 3361 2385 ἐπίστευσεν
3396 2329 3475 2402 τῷ
3501 2330 3646 2401 Θεῷ,

2065 2414 2187 2469 οὐδὲ
2231 2415 2457 2488 ἤλπισεν
2485 2420 2578 2473 ἐπὶ
2607 2419 2668 2473 τὸ
2703 2422 2968 2492 σωτήριον
2999 2420 3188 2475 αὐτοῦ.
3217 2421 3326 2474 Καὶ
3359 2421 3519 2486 αὑτδς
3544 2422 3650 2476 πά-

2065 2503 2148 2558 λιν
2174 2507 2202 2559 ό
2232 2507 2362 2571 Θεὸς
2401 2508 2590 2581 εἴρηκε
2618 2508 2708 2564 διὰ
2743 2509 2836 2564 τοῦ
2884 2511 3140 2565 Ἡσαΐου*
3177 2531 3195 2564 ι
3235 2511 3292 2564 '0
3329 2510 3457 2575 λαὸς
3496 2506 3649 2575 οὗτος

2066 2596 2271 2668 χείλεσι
2307 2616 2375 2669 με
2406 2600 2622 2673 ἀγαπᾷ,
2654 2601 2766 2672 ήδέ
2792 2602 2989 2673 καρδία
3010 2603 3192 2657 αὐτῶν
3222 2604 3413 2674 πόρρω
3451 2603 3648 2674 ἀπέχει

2066 2691 2163 2743 ἀπ’
2192 2690 2349 2760 ἐμοῦ.
2385 2710 2404 2742 ι

2587 2782 2693 2837 IH'.
2725 2812 2795 2823 ——
2837 2781 2921 2850 Τῷ
2950 2782 3131 2849 αὐτῷ.

2138 2872 2334 2926 Πολλοὶ
2360 2872 2467 2926 τῶν
2507 2872 2729 2942 φαύλων
2753 2872 2814 2926 τδ
2846 2874 2904 2926 ἐν
2933 2876 2998 2944 τῇ
3044 2875 3243 2947 καρδῖᾳ
3271 2874 3455 2930 αὐτῶν
3483 2876 3643 2949 ἀμει-

2066 2962 2154 3026 δὲς
2204 2963 2394 3029 σκότος
2429 2963 2715 3018 λανθάνειν
2767 2965 2895 3029 τοὺς
2936 2964 3260 3036 ἀνθρώπους
3309 2964 3647 3039 βουλόμενοι,

2055 3055 2405 3126 ’καγχάζουσι
2462 3057 2691 3128 μεγάλα,
2723 3057 2817 3111 καὶ
2864 3056 2960 3126 τὴν
3016 3058 3307 3130 ἱλαρότητα
3342 3059 3647 3133 θεατρίζειν

386 3156 617 3226 volgare
652 3153 871 3226 populis
907 3153 1187 3210 videntur.
1238 3154 1412 3211 Porro
1445 3153 1763 3211 necessario
1794 3153 1966 3211 scien-

2070 3145 2342 3203 δοκοῦσιν.
2381 3145 2520 3199 Ἀλλ’
2550 3148 2848 3216 ἀναγκαῖον
2875 3146 3096 3212 εἰδέναι,
3119 3149 3193 3211 ώς
3219 3149 3400 3219 πάσης
3421 3148 3646 3217 στυγνό-

387 3254 517 3308 dum
544 3258 629 3307 est
653 3293 669 3318 ,
698 3265 795 3308 eos
820 3250 971 3307 intus
1000 3250 1150 3307 omni
1181 3249 1407 3305 tristitia
1434 3248 1629 3318 plenos
1655 3261 1778 3303 esse
1798 3258 1971 3312 ,acum

385 3359 484 3401 eos
506 3344 718 3415 justum
753 3343 1014 3414 gaudium
1044 3347 1359 3396 aversatum
1393 3325 1726 3394 deseruerit.

624 3432 767 3490 XIX.
802 3462 873 3474 —
900 3427 1335 3486 PANTONYMO
1366 3426 1730 3485 SATRAPE.

457 3521 665 3579 Judazis
705 3524 776 3579 de
821 3531 916 3577 tua
962 3521 1172 3575 familia
1216 3535 1317 3576 cur
1361 3518 1569 3575 victum
1609 3529 1663 3573 et
1702 3515 1969 3579 amictum

393 3618 568 3673 invito
599 3616 787 3672 animo
818 3624 872 3671 te
899 3614 1258 3686 suppeditare
1289 3611 1539 3667 ostendis
1559 3650 1574 3676 ,
1608 3608 1767 3682 quasi
1796 3607 1970 3663 tacul-

391 3718 533 3765 tates
582 3719 708 3765 tuas
757 3708 811 3763 in
861 3714 1118 3771 exteros,
1174 3704 1528 3777 pervicaces,
1583 3697 1866 3770 improbos
1913 3702 1968 3754 et

392 3801 601 3857 deliros
634 3798 1007 3870 profunderes
1033 3797 1058 3851 ?

746 3888 865 3946 XX.
898 3917 970 3930 --
1000 3885 1277 3942 IiIPA'TIO
1316 3881 1618 3940 EPIIORO.

464 3980 583 4037 Non
617 3995 809 4036 omnes
840 3978 1170 4035 demortuos
1191 3978 1372 4048 iustos
1404 3975 1582 4030 factos
1611 3987 1737 4028 esse
1776 3973 1969 4028 existi-

390 4088 551 4128 mans
580 4073 864 4143 apostolus
898 4070 1101 4126 Paulus
1133 4070 1325 4127 scribit
1353 4088 1366 4124 :
1400 4088 1418 4120 ί
1450 4067 1553 4134 Qui
1586 4068 1750 4121 vitam
1794 4065 1968 4129 obiit,

388 4166 726 4237 justiIiCatus
775 4173 860 4222 est
890 4179 919 4219 a
966 4172 1193 4235 peccato
1232 4162 1321 4228 ";
1356 4182 1374 4215 ι
1402 4176 1532 4216 vere
1581 4159 1727 4214 enim
1778 4171 1972 4211 omnes

393 4258 544 4329 impii
579 4268 633 4313 et
675 4256 882 4327 iniqui,
917 4270 1043 4310 cum
1088 4256 1212 4309 vitae
1256 4253 1418 4309 linem
1457 4251 1781 4322 posuerint,
1828 4247 1969 4318 justi

2069 3254 2234 3307 τητος
2264 3237 2498 3308 πλήρεις
2527 3237 2863 3310 ὑπάρχουσιν
2893 3238 3128 3307 ἔνδοθεν,
3161 3242 3262 3313 τῆς
3287 3240 3505 3306 δικαίας
3524 3240 3647 3297 τού-

2070 3346 2197 3392 τους
2227 3331 2677 3403 ἀποστραφείσης
2708 3333 2906 3401 χαρᾶς.
2960 3353 2966 3359 ’
3286 3398 3291 3405 τ

2336 3419 2522 3476 19η-
2559 3423 2990 3496 ΠΑΝΤΩΝΥΜῼ
3022 3425 3371 3498 ΣΑΤΡΑΙΙῌ.

2137 3510 2277 3574 Τοὺς
2313 3509 2603 3575 Ἰουδαίους
2637 3504 2715 3582 (ι)
2749 3510 2827 3583 μὴ
2872 3510 3123 3583 εὐψυχῶν
3168 3510 3457 3582 διαθρέψαι
3480 3549 3496 3573 ,
3538 3510 3648 3564 καὶ

2067 3602 2347 3673 ἀμφιάσαι
2381 3601 2622 3670 οἰκέτας,
2658 3603 2802 3657 διατί
2841 3602 3141 3676 ἐνδεικτιᾷς
3177 3601 3342 3674 δῆθεν
3383 3602 3459 3665 ὡς
3491 3600 3647 3656 ἁλλο-

2068 3694 2238 3766 τρίοις
2259 3694 2457 3763 ἔξωθεν
2490 3693 2955 3767 προσερχομένοις
2992 3694 3319 3767 ἁγερώχοις,
3346 3696 3442 3749 καὶ
3479 3709 3647 3763 πονη-

2072 3789 2210 3859 ροῖς,
2236 3787 2331 3840 καὶ
2371 3786 2562 3859 λήροις
2590 3787 2689 3860 τὴν
2720 3786 2955 3859 ὕπαρξιν
2985 3787 3330 3858 σκορπίζων;

2486 3879 2576 3943 ις’.
2601 3908 2673 3923 -
2699 3879 2958 3951 ruma
2995 3879 3233 3950 saepe.

2142 3971 2359 4044 Οὖχδτι
2388 3971 2600 4036 πάντας
2623 3971 2749 4035 τοὺς
2780 3969 3041 4036 θανόντας
3063 3968 3444 4025 agamagam
3466 3969 3645 4040 οίόμε-

2073 4076 2164 4124 νος
2196 4060 2225 4114 ό
2276 4060 2574 4125 ἀπόστολος
2615 4047 2827 4126 Παῦλος
2865 4060 3101 4131 γράφει,
3139 4061 3225 4114 ὃτι
3279 4078 3300 4113 ι
3330 4060 3390 4114 ’0
3440 4059 3646 4114 ἀποθα-

2073 4150 2181 4205 νὼν
2204 4149 2548 4205 δεδικαίωται
2577 4149 2686 4204 ἀπὺ
2715 4150 2815 4222 τῆς
2843 4151 3119 4222 ἁμαρτίας
3139 4167 3153 4184 ’
3191 4169 3211 4204 ι
3244 4151 3413 4216 δντως
3443 4151 3552 4223 γὰρ
3582 4151 3651 4206 ἂν

2076 4241 2319 4305 ἅπαντες
2353 4240 2592 4307 ἀσεϐεῖς,
2650 4243 2746 4297 καὶ
2791 4243 3100 4315 παράνομοι
3135 4242 3518 4311 δεδικαιῶσθαι
3560 4243 3650 4297 δό-

394 4351 523 4404 facti
553 4363 675 4403 esse
704 4346 1039 4403 videbuntur
1067 4364 1081 4401 :
1112 4344 1206 4401 sed
1240 4343 1386 4414 quod
1414 4342 1598 4397 omnis
1628 4341 1790 4395 homo
1811 4378 1826 4405 ,
1856 4338 1966 4407 jam

2075 4332 2260 4398 ξουσιν
2304 4331 2617 4399 ἐξελθόντες
2645 4333 2740 4388 τοῦ
2771 4332 2920 4406 βίου·
2957 4334 3073 4389 ἀλλ’
3104 4335 3187 4389 ὅτι
3226 4337 3336 4400 πᾶς
3366 4336 3651 4409 ἄνθρωπος

392 4449 680 4510 peccatum
736 4452 844 4493 non
899 4436 1145 4500 I'acicns,
1197 4449 1319 4490 cum
1354 4449 1383 4488 a
1432 4447 1598 4504 prava
1646 4429 1966 4500 operatione

2079 4423 2275 4496 μηκέτι
2311 4423 2455 4495 δρῶν
2492 4424 2590 4494 τὴν
2631 4422 2931 4497 ἁμαρτίαν,
2977 4425 3066 4481 διὰ
3108 4426 3170 4480 τὸ
3210 4425 3523 4482 παύσασθαι
3552 4426 3655 4498 τῆς

396 4526 713 4592 cessaverit,
733 4532 787 4580 et
807 4543 815 4553 ε
842 4523 1055 4579 ideatur
1069 4522 1277 4593 iniquis
1300 4520 1610 4576 actionibus
1633 4519 1966 4585 demortuus,

2081 4517 2291 4588 φαύλης
2313 4514 2614 4586 ἐνεργείας,
2639 4516 2715 4581 ώς
2746 4516 2918 4571 δοκῶν
2949 4516 3316 4589 νενεκρῶσθαι
3341 4519 3460 4582 ταῖς
3488 4535 3671 4590 πονηι

392 4621 482 4675 hic
513 4635 621 4673 non
655 4624 940 4688 peccator,
976 4615 1071 4671 sed
1096 4615 1318 4686 justus,
1367 4628 1467 4668 nec
1511 4613 1722 4681 absque
1762 4611 1966 4666 ratione

2083 4612 2204 4682 ραῖς
2249 4606 2534 4679 πράξεσιν,
2567 4602 2720 4670 οὗτος
2777 4608 2961 4667 οὐκέτι
3004 4608 3361 4680 ἁμαρτωλὸς,
3393 4610 3531 4664 ἀλλά
3579 4610 3658 4664 δίο

391 4720 496 4767 est.
549 4710 641 4765 Sir:
699 4709 885 4779 itaque
936 4706 1206 4777 scriptum
1265 4704 1550 4775 intellige:
1596 4703 1699 4770 Qui
1754 4713 1966 4774 peccatt

2080 4718 2234 4764 καιος
2271 4699 2508 4768 εὐλόγως
2547 4699 2898 4771 χρηματίζει.
2926 4699 3113 4764 Οὕτως
3148 4700 3328 4755 τοίνυν
3371 4701 3565 4772 νόησον
3595 4701 3661 4753 τδ

393 4811 649 4861 mortuus
679 4809 803 4868 est,
832 4815 958 4856 cum
995 4798 1129 4854 illud
1177 4798 1419 4870 amplius
1474 4811 1583 4851 non
1634 4802 1843 4868 patrct,
1890 4793 1966 4866 ju-

2079 4791 2487 4865 γεγραμμένον,
2523 4790 2604 4842 δτι
2637 4789 2695 4844 Ὀ
2720 4789 3004 4844 ἀποθανὼν
3032 4794 3100 4863 τῇ
3134 4792 3399 4864 ἁμαρτίᾳ,
3427 4792 3659 4863 ἐπειδή-

392 4904 519 4950 stus
554 4893 735 4949 Iactus
764 4902 870 4950 est.

2080 4902 2188 4958 περ
2211 4881 2411 4957 μηκέτι
2446 4882 2677 4954 πράττει
2712 4883 2906 4949 αὐτὴν,
2940 4882 3305 4949 δεδικαίωται.

730 4985 874 5042 XXI.
905 5015 975 5025 —
1006 4980 1283 5040 ISIDORO
1311 4977 1634 5038 LECTORI.

2364 4975 2495 5059 KA'.
2527 5004 2597 5016 —
2631 4973 2892 5046 ΙΣΙΔΩΡῼ
2928 4974 3362 5047 ΑΝΑΓΝΩΣἸᾘ.
3466 5030 3473 5036 .

464 5077 663 5133 Petrus
710 5078 1093 5149 apostolorum
1149 5076 1408 5147 princeps
1462 5074 1583 5130 ait:
1616 5093 1635 5128 ι
1666 5071 1721 5127 Si
1776 5085 1966 5142 expro-

2154 5065 2364 5137 Πέτρος
2416 5064 2444 5117 ό
2503 5062 2897 5135 πρωτοστάτης
2941 5061 3050 5115 τῶν
3102 5062 3416 5118 ἀποστόλων
3460 5061 3660 5132 φησίν·

395 5166 639 5221 bramini
668 5168 724 5223 in
750 5172 972 5226 nomine
1181 5167 1408 5235 Christi,
1432 5167 1578 5223 beati
1606 5165 1741 5222 estis
1762 5163 1809 5196 "
1832 5181 1846 5229 ;
1879 5182 1897 5214 ι
1924 5170 1966 5219 el

2091 5176 2110 5210 ι
2133 5158 2194 5211 Ei
2219 5156 2543 5220 ὀνειδίζεσθε
2568 5158 2624 5208 ἐν
2655 5155 2878 5226 ὀνόματι
2905 5153 3163 5226 Χριστοῦ,
3191 5155 3450 5226 μακάριοί
3482 5156 3660 5213 ἐστε.»

396 5255 669 5313 Dominus
698 5258 835 5314 dixit
868 5278 964 5332 per
995 5261 1190 5317 Isaiam
1220 5279 1272 5314 ιι
1298 5257 1666 5331 Opprobrium
1697 5254 1966 5311 hominum

2085 5250 2197 5306 Kc".
2234 5252 2263 5304 ὁ
2291 5248 2493 5320 Κύριος
2529 5247 2717 5319 εἴρηκε
2761 5245 2851 5300 διὰ
2895 5246 2987 5300 τοῦ
3020 5246 3282 5302 Ἡσαΐου·
3331 5246 3666 5318 Ὀνειδισμὺν

470 5431 514 5463 η
548 5429 588 5483 ll
622 5430 749 5495 Reg.
787 5446 858 5497 Iv,
889 5433 972 5487 ιε.
1055 5437 1099 5468 ’θ
1120 5435 1237 5489 .Iar.
1275 5451 1348 5498 ιγ.
1384 5435 1438 5491 8.
1551 5438 1597 5469 ’⁸
1624 5437 1764 5492 Psal.
1798 5453 1966 5493 um:

2067 5438 2129 5494 ll.
2211 5436 2252 5467 ¹¹
2304 5434 2409 5489 Isa.
2453 5450 2603 5493 xxix.
2644 5433 2725 5488 I5.
2823 5432 2869 5462 ”
2924 5430 3080 5485 Itoni.
3119 5446 3193 5493 vr,
3227 5431 3256 5482 7
3380 5428 3425 5459 "
3465 5426 3667 5482 lPetr.

378 5514 454 5564 ιν,
484 5498 573 5553 II.

1551 5438 1597 5469 ’θ
1624 5437 1764 5492 Psal.
1798 5453 2002 5505 LXXVII,
2041 5438 2129 5495 2|.
2211 5436 2252 5467 ¹¹
2304 5434 2409 5489 Isa.
2453 5450 2603 5493 xxix.
2644 5433 2725 5488 I5.
2823 5432 2869 5462 ”
2924 5430 3080 5485 Itoni.
3119 5446 3193 5493 vr,
3227 5431 3256 5482 7

472 5653 553 5726 (Il
605 5653 741 5725 Lege
777 5659 898 5720 τοὺς
931 5658 1112 5723 ἰδίους,
1141 5658 1207 5711 ad
1243 5659 1386 5712 hunc
1407 5672 1628 5714 sensum
1662 5676 1677 5713 :
1717 5659 1975 5726 Quando-

401 5725 618 5796 qrrident
652 5727 878 5793 propriis
909 5727 1125 5793 famulis
1160 5728 1347 5780 victum
1376 5738 1426 5781 et
1471 5730 1710 5782 vestitum
1740 5725 1973 5787 libenter

403 5792 725 5863 suppeditas,
752 5792 850 5847 tur
890 5792 989 5849 me
1030 5796 1227 5849 scilicet
1260 5804 1485 5851 aster-tus
1515 5798 1668 5866 quasi
1700 5799 1750 5852 in
1776 5801 1975 5859 alienos

2079 5663 2403 5718 extrinsecus
2428 5659 2781 5723 advenientes.
2816 5658 3082 5729 improbos
3122 5666 3174 5713 et
3229 5667 3533 5729 negatores.
3585 5655 3662 5729 fg-

2079 5734 2456 5859 ἱμιὶῗιεὲέέαε
2503 5730 2849 5801 profundas?
2890 5722 3253 5785 'Corstsmus
3301 5722 3558 5783 'Homun.
3585 5722 3666 5780 κ.

2132 5848 2140 5857 .
2225 5843 2239 5870 ,
2392 5839 2407 5855 .
