4064 6160
463 392 569 457 209
1691 391 2045 452 EPIS'mLA

2149 390 2220 450 TM
2254 391 2400 452 LIB.
2445 393 2525 450 II.
3611 392 3722 455 910

467 504 768 577 ἀνθρώπων
800 506 1064 578 μηδαμῶς
1121 507 1416 580 φοϐηθῆτε.
1455 527 1472 558 ι
1521 508 1599 560 Δι’
1647 507 1813 560 αὐτοῦ
1851 507 1907 560 δὶ
1939 505 2038 576 βοᾷ

2149 520 2211 559 ne
2242 505 2484 560 timeatis
2517 505 2583 560 “.
2615 525 2630 556 ι
2660 504 2763 560 Per
2788 507 3029 577 seipsum
3062 504 3117 561 in
3147 503 3449 574 Erangelio
3477 505 3714 559 clamat:

470 598 526 646 ὲν
547 594 623 664 τῷ
651 595 1000 666 Εὑαγγελίῳ·
1027 617 1046 648 ι
1067 599 1342 668 Μακάριοί
1369 599 1518 662 ἐστε,
1548 599 1678 651 ὅταν
1704 597 2037 651 ὀνειδίσωσιν

2149 613 2168 648 ι
2208 594 2366 651 Beati
2391 598 2562 659 estis,
2594 611 2721 652 cum
2755 597 3138 652 maledixerint
3171 596 3326 651 vobis
3354 614 3368 662 ;
3400 596 3631 666 gaudete
3665 603 3722 648 et

469 687 612 754 ὑμᾶς
632 703 646 716 ⁸
677 688 898 757 χαίρετε
925 729 946 753 ,
973 690 1068 742 καὶ
1089 688 1444 758 ἀγαλλιᾶσθε,
1473 691 1556 743 ὅτι
1593 691 1622 742 ό
1658 689 1849 760 μισθὸς
1883 687 2038 757 ὑμῶν

469 779 637 840 πολὺς
654 781 715 832 ὲν
735 781 847 841 τοῖς
874 779 1141 849 οὐρανοῖς.
1181 799 1199 831 ι
1239 781 1350 834 Καὶ
1368 783 1397 834 ό
1418 781 1713 844 ἀπόστολος
1743 781 1801 833 δὲ
1829 779 2039 843 Παῦλος

468 871 524 920 ὲν
569 871 635 939 τῇ
671 869 807 938 πρὸς
859 870 1146 941 Ἑϐραίους
1201 871 1510 942 Ἐπιστολῇ,
1557 871 1760 940 σφόδρα
1811 870 2039 940 ἐπῄνεσε

468 958 593 1021 τοὺς
627 960 709 1021 είς
755 959 843 1012 τὸν
875 960 1107 1030 Σωτῆρα
1145 961 1382 1028 Χριστὸν
1420 960 1644 1030 ἔχοντας
1681 959 1907 1024 ζέουσαν
1948 960 2040 1012 πί-

473 1063 608 1100 στιν.
639 1048 701 1100 El
721 1047 900 1099 τοίνυν
922 1047 1077 1101 ταῦθ’
1102 1046 1278 1110 οὕτως
1303 1046 1438 1116 ἔχει,
1461 1046 1708 1117 μηδόλως
1729 1044 2038 1115 ἀθυμήσῃς,

471 1137 610 1207 μηδὲ
639 1137 879 1208 πτοηθῇς
917 1137 1372 1209 ὲξονειδιζόμενος
1401 1137 1469 1190 δι’
1504 1135 1774 1200 εὔκλειαν,
1799 1136 1890 1188 καὶ
1916 1135 2041 1205 τρό-

468 1245 588 1280 πων
617 1229 988 1300 χρηστότητα,
1035 1231 1133 1282 καὶ
1169 1227 1429 1300 λαμπρὰν
1459 1228 1761 1292 εὐσέϐειαν,
1797 1226 1903 1280 ὑπὸ
1934 1225 2043 1278 τῶν

467 1318 780 1390 ἀϐελτέρων
817 1337 898 1383 τε,
931 1322 1026 1373 καὶ
1055 1319 1251 1383 ἀθέων,
1282 1320 1376 1373 καὶ
1415 1320 1677 1390 μυσαρῶν
1710 1319 2040 1391 ἀνθρώπων·

473 1410 569 1462 καὶ⁸
614 1411 719 1481 γάρ
753 1412 801 1463 οἱ
850 1411 1041 1481 πόρνοι
1073 1410 1414 1478 καταγελῶσι
1460 1410 1568 1462 τῶν
1603 1410 2041 1481 σωφρονούντων,

473 1499 567 1550 καὶ
598 1501 645 1551 οἱ
695 1500 910 1563 ἀσεϐεῖς
942 1500 1234 1554 σκόπτουσι
1277 1500 1406 1561 τοὺς
1439 1499 1832 1562 εὐσεϐοῦντας,
1869 1500 1964 1552 καὶ
1995 1501 2043 1553 οί

475 1588 704 1658 πονηροὶ
732 1589 854 1652 τοὺς
889 1591 1128 1658 ἀγαθοὺς
1159 1589 1614 1660 μυκτηρίζουσιν,
1646 1589 1743 1642 καὶ
1771 1591 1821 1642 οί
1852 1588 2046 1658 τυφλοὶ⁸

473 1678 912 1745 πολυόλέποντας
936 1683 1324 1752 κικλήσκωσ-ιν
1351 1682 1604 1744 ἑαυτοὺς,
1630 1681 1728 1736 καὶ
1766 1683 1814 1734 οί
1847 1682 2045 1750 φαυλό-

473 1787 625 1824 τατοι
655 1772 940 1836 κροτοῦσι,
983 1774 1076 1826 καὶ
1115 1771 1556 1844 ἀνακηρύττουσι
1610 1773 1709 1832 τὰς
1747 1773 2044 1843 ἁμαρτίας,

2143 689 2455 751 cssultate,
2484 689 2744 758 quoniam
2779 704 2997 746 merces
3040 699 3220 745 vestra
3269 689 3495 759 copiosa
3537 694 3621 743 est
3664 687 3720 741 in

2145 781 2304 836 ccelis
2333 781 2401 834 ’³.
2429 799 2447 831 ι
2472 779 2537 835 Et
2563 781 2764 836 Paulus
2793 782 3076 851 apostolus
3103 773 3346 852 Epistula
3372 779 3437 834 ad
3463 779 3720 834 Hebraeus

2145 872 2382 926 maxime
2409 873 2712 926 admiratus
2739 880 2824 926 est
2848 887 2965 937 eos,
2992 873 3082 942 qui
3108 872 3165 926 in
3197 871 3536 926 Salvatorem
3562 869 3720 924 Chri-

2147 966 2293 1013 stum
2335 957 2538 1013 habent
2579 958 2862 1012 ardentem
2904 958 3064 1012 Iidem
3103 959 3171 1013 ".
3202 957 3328 1012 Haec
3354 958 3537 1028 itaque
3565 957 3610 1011 si
3645 957 3719 1010 ita

2147 1069 2207 1109 se
2230 1053 2467 1120 habent,
2502 1069 2570 1108 ne
2599 1068 2830 1124 prorsus
2860 1053 3101 1107 animum
3130 1052 3507 1123 despondeas,
3541 1065 3721 1120 neque

2133 1145 2347 1200 timore
2374 1145 2635 1200 concidas
2659 1184 2674 1206 .
2705 1155 2927 1215 propter
2958 1143 3159 1199 famam
3183 1185 3198 1210 ,
3225 1151 3279 1199 et
3313 1157 3523 1197 morum
3552 1141 3722 1211 aequi-

2149 1243 2314 1290 tatem
2338 1275 2352 1300 ,
2382 1243 2437 1289 et
2469 1234 2816 1305 splendidam
2847 1235 3156 1305 pietatem,
3177 1249 3206 1287 a
3245 1233 3498 1297 vesanis,
3537 1231 3722 1300 impiis

2147 1325 2615 1395 exsecrandisque
2670 1325 2987 1381 hominibus
3051 1323 3364 1379 maledictis
3413 1322 3718 1392 impetitus.

2150 1416 2366 1471 Etenim
2402 1415 2640 1471 adulteri
2678 1419 3031 1472 continentes
3066 1414 3337 1478 irrident,
3373 1423 3427 1467 et
3463 1411 3586 1481 pios
3616 1412 3725 1464 im-

2151 1507 2226 1580 pii
2261 1507 2792 1574 ealumniantur,pet‘
2816 1509 3019 1577 probos
3053 1506 3286 1575 improbi
3318 1519 3454 1559 naso
3497 1518 3725 1573 suSpen-

2150 1599 2324 1662 dunt,
2353 1599 2598 1668 caecique
2629 1599 2856 1652 multum
2887 1613 2947 1653 se
2979 1599 3099 1652 visu
3143 1597 3350 1667 pollere
3388 1594 3721 1666 gloriantur,

2151 1700 2204 1746 et
2235 1689 2461 1760 pessimi
2507 1689 2811 1759 plaudunt,
2855 1697 2911 1744 et
2971 1689 3296 1758 iniquitates
3337 1687 3626 1756 evulgant,
3669 1692 3726 1737 et

2153 1778 2609 1850 probrosissimos
2632 1779 2884 1847 vituperii
2912 1777 3160 1841 allectus,
3186 1777 3543 1833 decernentes
3566 1773 3725 1829 dulce

473 1861 571 1914 καὶ
599 1861 666 1914 τά
695 1863 944 1933 αἴσχιστα
969 1863 1117 1933 πάθη
1155 1863 1256 1933 τῆς
1301 1863 1548 1932 ἀτιμίας,
1586 1861 1953 1934 ψηφιζόμενοι
1989 1864 2045 1916 τὸ

2153 1885 2397 1924 amarum
2428 1885 2574 1926 esse.
2599 1868 2710 1924 Nos
2736 1884 2868 1924 vero
2893 1871 3077 1938 potius
3102 1884 3200 1924 eos
3219 1866 3475 1923 ludibrio
3494 1863 3724 1920 habebi-

473 1953 678 2023 πικρὸν
725 1953 897 2021 γλυκὺ
981 1949 1141 2008 εἶναι,
1196 1954 1337 2007 Ἀλλ’
1389 1956 1552 2024 ἡμεῖς
1614 1955 1814 2025 μᾶλλον
1867 1955 2049 2009 αὐτῶν

474 2043 922 2115 καταγελάσομεν
957 2084 973 2108 ,
1020 2045 1116 2098 καὶ
1173 2045 1667 2116 ιιαταγνωσόμεθα,
1707 2046 2050 2116 πενθήσομέν

473 2148 560 2193 τε,
619 2133 714 2185 καὶ
766 2133 1258 2206 καταθρηνήσομεν
1295 2134 1397 2204 τὴν
1443 2133 1552 2187 τῶν
1594 2133 1849 2190 τοιούτων
1900 2133 2055 2190 ἀπώ-

473 2222 648 2278 λειαν.

935 2314 1068 2369 KB’.
1099 2343 1169 2356 —
1207 2315 1594 2386 ΝΙΚΟΔΗΜῼ.

563 2403 833 2471 Ὀςςείλεις
859 2404 1205 2477 εὐχαριστεῖν
1237 2408 1315 2476 τῷ
1344 2407 1484 2478 Θεῷ,
1512 2408 1595 2461 ὅτι
1627 2408 1726 2462 οὐκ
1755 2407 1899 2480 ἔχεις
1926 2411 2052 2482 χρὴ

481 2511 659 2564 ματα,
691 2495 781 2549 ἴνα
808 2495 882 2568 μὴ
905 2497 1217 2570 ἀπαιτηθῇς
1261 2499 1320 2552 ἐν
1349 2501 1534 2572 ἡμέρᾳ
1561 2501 1793 2570 κρίσεως
1812 2501 1904 2555 τὸν
1930 2501 2051 2556 τού-

475 2602 594 2638 των
625 2585 808 2654 λόγον’
852 2605 872 2638 ι
900 2583 969 2659 ᾯ
1016 2589 1144 2659 γὰρ,
1181 2589 1334 2660 φησὶ,
1365 2589 1501 2642 πολὺ
1531 2589 1760 2656 δέδοται,
1792 2593 2051 2664 περισσό-

473 2692 642 2746 τερον
687 2678 1080 2749 ἀπαιτήσουσιν
1130 2681 1179 2733 oi
1227 2681 1536 2752 πράκτορες
1582 2683 1840 2750 ἄγγελοιο
1882 2701 1902 2735 ι
1957 2683 2053 2737 καὶ

474 2767 685 2838 πολλὴν
740 2769 893 2840 δίκην
943 2771 1128 2840 ὑφέξει
1169 2771 1278 2825 τῶν
1334 2771 1598 2827 δοθέντων
1668 2775 1969 2845 χρημάτων
2023 2775 2054 2827 ό

477 2858 776 2923 πλούσιος,
841 2861 936 2914 καὶ
983 2862 1208 2931 ἀκριόὲς
1275 2861 1620 2931 λογοοέσιον,
1681 2864 1777 2917 καὶ
1816 2866 2054 2934 φρικτὴν

472 2949 868 3005 δυσκουσσίονα
896 2991 912 3018 ,
953 2951 1198 3024 πότερον,
1237 2951 1417 3016 καλῶς
1441 2993 1456 3018 ,
1509 2953 1542 3024 ἢ
1586 2954 1770 3018 κακῶς
1820 2954 2052 3026 διῴκησε

474 3039 551 3092 τὰ
595 3041 672 3104 είς
725 3040 884 3094 αὐτὸν
930 3041 1284 3113 περιελθόντα
1335 3044 1477 3104 κατά
1514 3044 1770 3118 πρόνοιαν
1804 3045 1961 3102 Θεοῦ.

2152 1976 2313 2025 mus,
2350 1969 2401 2016 et
2443 1960 2970 2023 condemnabimus,
3019 1969 3074 2014 et
3130 1957 3394 2014 similium
3446 1953 3718 2010 excidium

2150 2051 2625 2122 complorabimus.
2647 2066 2710 2106 ac
2743 2049 3072 2122 lugebimus.

2615 2316 2779 2374 XXII.
2812 2349 2878 2360 —
2906 2315 3276 2372 NICODEMO.

2222 2411 2425 2466 Gratim
2455 2410 2553 2465 tibi
2585 2410 2811 2482 agendae
2844 2418 2976 2465 sunt
3009 2407 3150 2470 Deo,
3179 2405 3326 2478 quod
3357 2403 3606 2476 pecuniis
3629 2402 3726 2458 de-

2153 2505 2437 2569 stituaris,
2482 2519 2553 2560 ne
2597 2505 2685 2560 die
2725 2504 2928 2574 judicii
2973 2503 3042 2560 de
3078 2517 3266 2558 earum
3308 2500 3520 2554 ratione
3559 2511 3727 2564 expo-

2153 2597 2350 2653 scaris.
2384 2614 2403 2649 ι
2432 2596 2535 2652 Cui
2582 2596 2762 2663 enim,
2811 2596 2925 2658 ait,
2974 2593 3212 2650 multum
3237 2591 3420 2646 datum
3441 2595 3544 2652 est,
3566 2587 3635 2642 ab
3660 2602 3727 2642 eo

2153 2691 2331 2762 majus
2359 2697 2616 2761 expetent
2661 2675 2838 2760 angeli
2867 2695 3155 2743 exactores
3183 2686 3228 2718 "'
3260 2702 3273 2738 :
3309 2702 3327 2735 ›
3355 2691 3408 2740 et
3434 2683 3588 2738 dives
3629 2696 3728 2751 pro

2153 2780 2438 2838 concessis
2468 2780 2575 2836 sibi
2606 2781 2858 2850 pecuniis
2893 2777 3081 2834 acrius
3113 2777 3168 2831 in
3199 2773 3469 2846 judicium
3501 2773 3728 2828 vocabi-

2155 2885 2263 2940 tur,
2287 2875 2558 2929 rationem
2583 2873 2918 2928 exactiorem
2945 2869 3278 2929 redditurus.
3301 2865 3584 2922 horrendae
3612 2865 3730 2920 dis-

2153 2966 2400 3022 cussioni
2451 2963 2880 3033 subjiciendus,
2930 2977 2998 3015 an
3053 2961 3192 3014 bene
3239 2957 3321 3012 vel
3374 2957 3550 3020 male,
3608 2971 3732 3025 qua:

2155 3057 2409 3115 Numinis
2449 3055 2799 3128 providentia
2837 3054 2894 3108 in
2937 3053 3115 3123 ipsum
3158 3062 3456 3120 pervenere
3496 3045 3733 3100 admini-

2079 3190 2123 3249 ο
2155 3150 2432 3205 straverit.

2310 3235 2469 3306 130
2502 3232 2690 3290 XXIII.
2714 3261 2784 3272 —
2804 3227 3222 3284 APHRODISIO
3259 3224 3576 3280 DIACONO.

551 3315 647 3385 Μὴ
675 3315 956 3390 θαρσήσῃς
985 3317 1063 3388 τῷ
1092 3321 1239 3391 γήρᾳ
1258 3337 1272 3351 ο
1307 3321 1400 3374 καὶ
1425 3320 1535 3390 γὰρ
1564 3321 1657 3374 καὶ
1682 3321 1936 3391 γέροντες
1965 3321 2045 3375 πί-

2229 3327 2307 3384 Ne
2337 3327 2474 3383 tidas
2516 3324 2747 3379 nimium
2798 3321 2997 3385 senio;
3046 3333 3286 3388 namque
3339 3317 3637 3372 concidunt
3681 3323 3736 3368 et

479 3422 745 3460 πτουσινο
776 3406 1034 3460 ὲπικαλοῦ
1082 3409 1138 3462 δὲ
1169 3412 1260 3463 τὸν
1305 3410 1540 3485 Χριστὸν
1593 3412 1681 3466 ἀεὶ
1733 3411 1868 3482 πρὸς
1928 3411 2045 3483 βοή-

2160 3435 2320 3478 senes
2350 3419 2475 3490 ipsi.
2511 3416 2625 3477 Sed
2652 3415 2934 3470 Christum
2966 3412 3158 3468 invoca
3192 3408 3456 3463 continuo
3493 3406 3546 3460 in
3583 3407 3738 3459 auxi-

475 3493 660 3558 θειαν,
689 3492 757 3546 ἵν’
783 3494 945 3559 αὑτός
971 3512 1065 3554 σου
1120 3499 1354 3575 φρουρὸς
1384 3500 1478 3556 καὶ
1501 3499 1750 3565 ἀσειστος
1790 3501 2045 3571 ἀσφάλεια

2160 3513 2312 3579 lium,
2333 3520 2392 3567 ut
2421 3511 2511 3567 ille
2547 3509 2648 3564 tibi
2679 3515 2868 3566 custos
2897 3515 2952 3560 et
2986 3505 3322 3564 inconcussa
3348 3498 3618 3557 securitas
3644 3498 3734 3553 sit.

479 3586 736 3656 γένηται.

787 3225 911 3278 Kl‘.
935 3255 1006 3266 -
1043 3197 1396 3298 acroama
1430 3229 1751 3302 ΔΙΛΚΟΝῼ.

805 3682 930 3739 ΚΝ.
959 3711 1030 3723 ——
1062 3682 1335 3754 XAPI219
1372 3682 1740 3756 ΕΠΙΣΚΟΙΙῼ.

2426 3683 2618 3739 XXIV.
2653 3713 2726 3728 -
2761 3680 3088 3739 CIIARISIO
3129 3677 3486 3735 EPISCOPO.

559 3769 903 3825 Πυνθάνεταί
931 3791 1031 3843 μου
1063 3774 1096 3844 ἡ
1146 3773 1314 3843 τιμία
1346 3789 1440 3825 σου
1471 3771 1638 3844 ψυχὴ,
1675 3774 1728 3826 τί
1760 3771 1825 3828 ἂν
1867 3773 1952 3846 εἴη
2001 3775 2045 3830 τί

2233 3778 2616 3844 Percontaris,
2649 3777 2735 3835 vir
2769 3775 3122 3840 honorande,
3155 3773 3286 3845 quid
3322 3773 3454 3826 illud
3491 3769 3563 3824 sit
3591 3767 3739 3838 quod

481 3861 876 3932 γεγραμμένον
902 3863 1005 3916 ὑπὸ
1030 3862 1123 3916 τοῦ
1154 3863 1501 3928 ’Δποστόλου,
1531 3866 1612 3918 ὄτι
1646 3883 1664 3916 ι
1695 3866 1933 3937 Δύναμις
1960 3866 2045 3940 τῆς

2163 3871 2430 3944 scriptum
2464 3876 2549 3924 est
2579 3883 2675 3938 per
2707 3866 3028 3938 Apostolum
3062 3883 3075 3919 :
3107 3883 3124 3916 ι
3159 3862 3405 3918 Potentia
3425 3858 3632 3930 peccati
3653 3859 3739 3911 lex

483 3951 763 4021 ἁμαρτίας
781 3954 810 4005 ὁ
830 3953 992 4024 νόμος
1011 3955 1126 4007 ἐστὶ
1146 3954 1415 4022 Μωσέως;
1433 3975 1450 4008 ι
1478 3956 1588 4028 Οὐχ
1603 3957 1685 4010 ὅτι
1705 3957 2045 4028 πταισμάτωγ

2163 3968 2246 4014 est
2277 3959 2478 4030 Moysis
2508 3958 2618 4010 "17»
2654 3956 2775 4011 Non
2801 3956 2944 4027 quod
2964 3954 3384 4011 commissorum
3407 3951 3644 4026 turpium
3665 3950 3740 4004 di-

481 4041 516 4093 ὁ
533 4041 678 4105 θεῖος
693 4043 847 4113 νόμος
869 4045 1104 4115 ὑπάρχει
1125 4046 1427 4117 ποιητικὸς,
1452 4045 1603 4101 ὥσπε
1610 4065 1642 4118 ρ
1657 4047 1800 4110 τινὲς
1817 4048 2045 4103 ἁπαίδευ

2165 4049 2290 4103 vina
2336 4051 2421 4105 lex
2473 4048 2808 4120 procreatrix
2846 4047 2955 4108 sit,
2985 4040 3446 4114 quemadmodum
3487 4040 3738 4096 nonnulli

481 4153 576 4190 τοι
594 4137 776 4203 κακῶς
792 4140 1160 4212 νενομίκασιν*
1178 4141 1292 4194 οὐδ’
1305 4142 1386 4194 ὅτι
1405 4142 1769 4213 ἰσχυροποιεῖν
1783 4142 1882 4214 τὴν
1895 4144 2045 4215 ἀμαρ

2169 4141 2366 4196 insulsi
2404 4141 2566 4195 nimis
2601 4153 2766 4209 prave
2794 4137 3221 4195 existimarunt;
3257 4148 3433 4202 neque
3474 4133 3616 4202 quod
3653 4149 3741 4187 ro-

479 4228 614 4283 τίαν
636 4229 792 4284 εἴωθε
812 4248 826 4262 ο
854 4231 929 4303 μὴ
954 4231 1183 4300 γένοιτο.
1204 4232 1296 4305 Μὴ
1320 4228 1412 4287 οὖν
1436 4233 1543 4306 γὰρ
1570 4233 1769 4304 μᾶλλον
1792 4235 1883 4288 καὶ
1909 4251 2045 4306 περι

2167 4233 2270 4286 bur
2298 4238 2523 4303 peccato
2547 4229 2771 4284 tribuat.
2800 4227 2957 4282 Absit
2983 4225 3108 4279 hoc.
3134 4223 3388 4290 Quinimo
3413 4224 3593 4292 potius
3620 4236 3742 4292 pec-

478 4321 737 4385 κόπτειν,
765 4321 798 4394 ἢ
838 4325 933 4375 καὶ
963 4323 1307 4392 ἐξαφανίζειν
1333 4323 1431 4388 τὰς
1464 4324 1739 4394 ἁμαρτίας
1783 4325 2045 4394 πέφυκεν

2167 4334 2289 4380 cata
2320 4321 2581 4392 impedit,
2605 4319 3004 4391 disperditque.
3032 4317 3308 4388 Sedquod
3332 4315 3552 4370 robuste
3575 4313 3742 4369 nimis

477 4411 608 4465 ἀλλ’
637 4412 718 4465 ὅτι
747 4413 994 4477 δυνατῶς
1017 4413 1241 4483 ἐλέγξας
1271 4415 1368 4486 τὴν
1388 4414 1495 4468 τῶν
1525 4415 1744 4484 φαύλως
1771 4416 2045 4486 δρωμένωι

2170 4431 2351 4472 rerum
2386 4413 2526 4469 male
2559 4423 2837 4483 gestarum
2869 4409 3264 4466 absurdi-tatem
3299 4406 3705 4478 reprehendens
3727 4444 3740 4467 ,

442 4489 746 4569 ’ἀτοπίαν,
777 4505 874 4558 καὶ
901 4506 1266 4577 δημοσιεύσας
1295 4506 1393 4584 τὴν
1438 4506 1600 4581 φύσιν
1641 4507 1749 4560 τῶν
1778 4509 2042 4578 ἀπρεπῶν

2167 4521 2222 4566 et
2257 4509 2645 4564 indeeorarum
2685 4505 2963 4559 actionum
3001 4513 3255 4558 naturam
3293 4501 3616 4569 diruigans,
3652 4498 3740 4550 in-

477 4597 796 4668 ὲμφράττει
825 4597 888 4650 τὸ
929 4597 1286 4669 ἀναίσχυντον
1315 4598 1488 4668 στόμα
1530 4597 1638 4651 τῶν
1674 4599 1944 4652 Ἰουδαίων
1981 4617 2045 4652 σε·

2165 4600 2536 4657 verecundum
2570 4597 2882 4653 Judmorum
2929 4612 2992 4652 os
3033 4596 3307 4661 oceludit,
3341 4592 3432 4664 qui
3469 4591 3522 4645 in
3555 4589 3742 4642 divina

477 4687 846 4758 μνυνομένων
887 4689 986 4760 μὲν
1033 4691 1127 4743 ἐπὶ
1164 4689 1240 4760 τῷ
1273 4690 1401 4760 θείῳ
1429 4690 1741 4761 γράμματι,
1776 4692 1868 4745 καὶ
1903 4673 2045 4763 κορυ-

2165 4696 2345 4748 littera
2383 4693 2714 4764 gloriantur,
2759 4702 2813 4746 et
2865 4704 3018 4744 more
3066 4689 3432 4759 corybantum
3482 4689 3747 4753 perpetuo

473 4777 838 4834 σαντιώντων
880 4781 1168 4851 διηνεκῶς,
1205 4784 1388 4835 πᾶσαν
1429 4782 1485 4835 δὲ
1533 4783 1808 4854 ἁμαρτίαν
1850 4783 2045 4856 ἀφόϐως

2167 4784 2485 4849 insaniunt,
2515 4793 2570 4838 et
2595 4797 2758 4837 omne
2786 4793 3069 4852 peceatum
3100 4778 3368 4848 intrepide
3394 4781 3744 4846 perpetrant,

472 4867 898 4939 ἐργαζομένων,
933 4870 1029 4924 καὶ
1077 4870 1165 4922 διὰ
1194 4869 1293 4939 τῆς
1342 4869 1708 4939 παραϐάσεως
1745 4869 1839 4923 τοῦ
1878 4871 2043 4940 νόμου

2167 4883 2221 4929 et
2275 4876 2410 4946 legis
2461 4873 2906 4944 transgressione
2959 4871 3328 4941 legislatorem
3383 4866 3740 4918 inhonorant.

469 4963 574 5012 τὸν
608 4961 914 5033 νομοθέτην
956 4960 1354 5032 ἀτιμαζόντων.
1385 4962 1526 5029 Πρὸς
1562 4963 1670 5032 γὰρ
1697 4961 1760 5032 δὴ
1793 4963 1853 5014 τὸ
1887 4963 2045 5033 πρόσ

2169 4966 2415 5037 Namque
2451 4966 2507 5020 in
2544 4981 2838 5037 personam
2879 4979 3070 5018 eorum
3094 5003 3108 5027 ,
3141 4961 3236 5030 qui
3277 4960 3392 5028 lege
3442 4957 3748 5028 gloriantur

468 5069 643 5108 ωπον
679 5053 788 5106 τῶν
825 5052 904 5124 τῷ
936 5055 1087 5125 νόμῳ
1119 5053 1579 5123 ὲγκαυχωμένων,
1622 5054 1717 5106 καὶ
1747 5052 2045 5116 ἀλαζονευοι

2169 5056 2609 5127 ειέυρετὺίυιιῑ,
2643 5056 2863 5109 divinus
2917 5050 3219 5121 Apostolus
3277 5049 3391 5100 haec
3439 5055 3494 5100 et
3544 5045 3747 5098 similia

471 5145 694 5215 μένων,
725 5146 754 5198 ὁ
781 5147 926 5210 θεῖος
965 5143 1288 5209 ’Δπόστολος
1319 5145 1493 5199 ταῦτά
1536 5163 1594 5198 τε
1624 5146 1718 5199 καὶ
1748 5145 1816 5197 τὰ
1849 5146 2045 5198 τοιαῦτε

2171 5149 2360 5204 dicere
2386 5149 2692 5203 consuevit.

465 5234 938 5305 ἀποφθέγγεσθαι
967 5237 1180 5291 εἴωθεν.

779 5325 935 5390 ,ιιι-ς’.
969 5355 1038 5369 ρ.
1077 5326 1404 5396 ΕΡΜΟΛΑῼ
1441 5327 1748 5396 ΜΟΝΑΧῼ.

2427 5325 2592 5379 XXV.
2629 5357 2695 5367 ——
2732 5319 3112 5376 IlERMOL:\O
3152 5319 3503 5376 MONACIIO.

552 5416 712 5469 ’Ᾱνω
754 5416 920 5487 βλέπε
952 5419 1088 5490 πρὸς
1117 5418 1270 5472 Θεόν.
1312 5418 1377 5471 Τί
1428 5435 1510 5470 σοι
1559 5419 1792 5481 καὶτοῖς
1822 5419 2032 5486 γηῖνοις

2250 5418 2480 5473 Sursum
2518 5417 2581 5469 ad
2615 5415 2787 5469 Deum
2826 5413 3030 5482 aspice.
3071 5412 3211 5478 Quid
3251 5413 3348 5467 tibi
3382 5422 3435 5467 et
3468 5410 3748 5464 terrenis?

461 5511 568 5577 Μὴ
614 5507 737 5561 θέλε
762 5511 1030 5580 καθορᾷν,
1067 5511 1118 5564 τί
1161 5512 1392 5581 πράττει
1423 5511 1451 5562 ὁ
1496 5512 1756 5579 κοσμικός
1779 5527 1791 5540 ·
1823 5511 2045 5580 ἀπέστη.

2179 5509 2358 5571 Cave,
2395 5522 2464 5560 ne
2501 5505 2631 5574 quid
2671 5511 2822 5574 gerat
2865 5501 3143 5566 mundus,
3187 5501 3388 5556 intueri
3423 5498 3750 5553 contendas.

459 5598 592 5670 γὰρ
624 5597 719 5652 τοῦ
749 5599 984 5670 κόσμου,
1015 5601 1108 5654 καὶ
1151 5603 1250 5672 τῆς
1281 5602 1520 5672 ἀγχόνης
1550 5602 1644 5655 τοῦ
1679 5602 1816 5672 βίου.
1855 5602 1945 5671 Μὴ
1976 5599 2045 5656 οὗλ

2183 5599 2477 5669 Sejunctus
2507 5611 2563 5650 es
2602 5611 2630 5648 a
2661 5592 2864 5647 mundo
2886 5631 2900 5655 ,
2933 5599 2988 5645 et
3021 5607 3200 5645 rerum
3233 5589 3631 5644 mundanarum
3670 5588 3750 5642 la-

548 5772 601 5808 “
631 5770 730 5828 lsa.
762 5792 834 5841 LI,
860 5775 913 5828 7.
992 5775 1038 5805 ⁵⁵
1078 5774 1262 5829 Matth.
1309 5790 1361 5838 v,
1402 5776 1481 5840 Il,
1523 5777 1602 5829 l2.
1681 5778 1725 5807 ³⁵
1758 5777 1920 5833 llebr.
1960 5793 2010 5830 x.

2219 5779 2257 5806 ‘3’
2324 5775 2456 5832 Lttt'.
2512 5788 2606 5833 xu,
2665 5772 2746 5824 48.
2828 5774 2869 5800 Μ
2933 5772 2946 5824 I
2998 5773 3122 5828 Cur.
3173 5789 3258 5832 xv,
3316 5770 3398 5824 56.
