4064 6160
373 345 471 415 ιιι

1849 358 1910 421 8.
1935 352 2100 422 NILI

3521 367 3627 430 222

373 476 532 537 queo.
574 461 653 523 Ne
697 461 886 538 itaque
917 465 1232 522 actionibus
1269 466 1568 525 mundanis
1605 470 1903 529 incumbas
1926 514 1942 538 ,

2055 477 2150 548 ὅρα
2171 477 2232 531 τὸ
2275 477 2738 548 βιωτικδν-ἔργον,
2783 477 2918 531 ἀλλὰ
2949 475 3181 550 πρόσεχε
3215 478 3428 552 σεαυτῷ
3457 483 3628 554 μόνῳ,

376 559 530 628 131
560 558 660 614 sed
691 558 790 612 tibi
817 558 918 613 soli
946 555 1191 622 attende,
1217 560 1609 628 exanitnaque,
1647 561 1946 631 quomodo,

375 656 431 699 nt
458 659 728 700 nouorum
754 654 1062 700 ascetarum
1087 655 1172 703 est
1191 685 1208 712 ,
1239 661 1380 716 opus
1404 655 1559 702 tuum
1585 651 1947 721 compleatur.

379 755 396 788 ι
424 735 785 792 Considerate
831 738 978 790 enim
1026 734 1337 808 diligenter.
1368 740 1644 808 quomodo
1705 743 1952 800 ambule-

371 830 442 882 tis
476 827 541 894 ”,
565 839 620 886 et
643 823 910 895 quodnam
931 827 1054 883 vita:
1100 827 1416 885 institutum
1458 833 1778 902 sequimini.
1812 853 1832 888 ι
1863 833 1954 891 di-

374 937 396 972 \
409 921 558 974 inum
583 919 788 974 clamat
807 927 1166 988 praeceptum.

585 1005 850 1064 ΗΠ-
879 1008 1228 1068 PROCOPIO
1277 1010 1767 1071 PRESBYTERO.

441 1091 496 1154 Si
530 1098 589 1156 in
617 1097 782 1170 pejus
809 1101 1231 1156 conversionem
1263 1102 1550 1172 vituperas
1576 1141 1595 1173 ,
1633 1118 1952 1162 conversio-

373 1205 496 1244 nem
527 1188 584 1243 in
610 1189 775 1260 pejus
813 1190 1016 1245 devita.
1062 1208 1082 1242 ι
1119 1190 1225 1256 Qui
1272 1193 1446 1258 enim,
1488 1194 1587 1260 ait.
1643 1209 1951 1252 conversus

371 1278 542 1333 fuerit
569 1288 743 1344 retro,
794 1295 905 1335 non
947 1289 1032 1338 est
1069 1281 1210 1339 bene
1248 1283 1557 1354 dispositus
1605 1284 1675 1340 ad
1719 1299 1949 1356 regnum

374 1369 644 1425 oculorum
677 1369 744 1425 ³⁸.
779 1389 800 1424 ι
1525 1370 1530 1374 ’

637 1460 856 1519 XXVII.
883 1493 958 1506 —
983 1458 1388 1522 FRUMENTIO
1413 1463 1678 1522 COMITI.

453 1569 473 1605 ι
520 1550 885 1610 Circumcisio
929 1555 1067 1610 nihil
1108 1561 1215 1621 est,
1249 1557 1324 1610 ait
1357 1557 1680 1627 Apostolus.
1722 1566 1780 1613 et
1811 1570 1952 1629 prae-

379 1643 598 1712 putiam
629 1639 1255 1702 nihilest".bNeutrum
1303 1649 1450 1703 enim
1478 1647 1535 1704 in
1569 1649 1802 1704 salutem
1832 1649 1952 1704 ani-

379 1745 481 1784 ma:
510 1739 565 1787 et
589 1727 906 1788 divinorum
935 1735 1312 1807 cognitionem
1353 1737 1638 1794 conducit.
1669 1737 1949 1804 Quidnam

2055 570 2151 621 καὶ
2185 569 2458 639 φρόντιζε,
2487 569 2634 633 ὅπως
2659 571 2802 624 κατὰ
2834 571 2897 622 τὺ
2926 571 3136 643 πρέπον
3177 574 3290 636 τοῖς
3336 573 3627 642 ἁσκηταῒς,
3722 575 3727 579 ’

2055 659 2328 730 πραχθείη
2368 659 2430 712 τὸ
2473 661 2635 730 ἔργον
2687 677 2806 714 σου.
2859 679 2878 714 ι
2920 661 3161 716 Βλέπετε
3203 662 3312 733 γὰρ
3359 663 3629 731 ἀκριϐῶς,

2055 748 2173 811 πῶς
2217 752 2594 820 περιπατεῖτε,
2645 751 2742 804 καὶ
2780 752 2898 816 πῶς
2947 751 3316 816 πολιτεύεσθε,
3356 773 3377 804 ι
3433 753 3530 825 βοᾷ
3568 753 3632 807 τὺ

2051 839 2200 894 θεῖον
2238 841 2438 910 ὲπίταγ
2445 859 2540 911 μα.

2278 1019 2424 1086 Kq'.
2455 1047 2526 1059 --
2555 1018 2908 1090 ΠΡΟΚΟΠΙῼ
2944 1016 3417 1084 ΠΡΕΣΒΥΤΕΡῼ.

2122 1111 2188 1165 Εἰ
2212 1109 2403 1180 ψέγεις
2420 1109 2521 1182 τὴν
2551 1113 2628 1174 είς
2653 1111 2713 1163 τὸ
2740 1113 2918 1182 χεῖρον
2945 1111 3206 1183 στροφὴν,
3233 1112 3402 1180 φεῦγε
3430 1111 3528 1182 τὴν
3552 1109 3633 1174 είς

2045 1199 2112 1255 τὺ
2137 1201 2320 1272 χεῖρον
2347 1202 2610 1273 στροφήν.
2648 1219 2667 1254 ι
2709 1201 2767 1256 '0
2792 1203 2901 1273 γὰρ
2929 1203 3208 1273 στραφεὶς,
3238 1203 3424 1271 φησὶν,
3459 1204 3536 1265 είς
3567 1204 3632 1257 τὰ

2048 1293 2247 1359 ὀπίσω,
2279 1293 2380 1346 οὐκ
2405 1292 2550 1348 ἔστιν
2582 1292 2802 1357 εὔθετος
2824 1296 2889 1365 τῇ
2920 1292 3167 1366 βασιλείᾳ
3191 1293 3300 1347 τῶν
3329 1293 3626 1364 οὐρανῶν..

2321 1466 2455 1522 nz'.
2483 1493 2554 1509 ρ-
2580 1466 3030 1539 οΡο-ιιίεΝΤιυ
3057 1469 3356 1523 summ.

2129 1573 2147 1607 ι
2183 1555 2463 1628 Περιτομὴ
2493 1556 2648 1612 οὐδέν
2675 1557 2818 1622 εστι,
2861 1558 3029 1628 φησὶν
3073 1559 3103 1611 ὁ
3164 1557 3502 1624 Ἀπόστολος,
3537 1561 3627 1612 καὶ

2045 1648 2384 1718 ἀκροϐυστία
2420 1649 2574 1703 οὐδέν
2605 1650 2772 1704 ἐστιν.
2801 1669 2822 1702 ι
2870 1649 3166 1720 Οὐδέτερον
3203 1650 3314 1722 γὰρ
3342 1649 3450 1705 τῶν
3477 1653 3632 1722 εἰρη-

2049 1738 2234 1810 μένων
2256 1738 2624 1808 συμϐάλλεται
2659 1740 2800 1809 πρὸς
2827 1740 3102 1811 σωτηρίαν
3125 1739 3325 1812 ψυχῆς,
3363 1741 3458 1795 καὶ
3497 1741 3636 1796 θειο-

377 1816 544 1892 igitur
575 1823 872 1889 eonducet,
912 1833 969 1880 et
1011 1827 1445 1883 emotumentnm
1483 1828 1693 1884 homini
1720 1827 1951 1886 aﬂeret‘l

2055 1825 2218 1898 τέραν
2248 1828 2468 1894 γνῶσιν.
2505 1827 2569 1880 Τί
2596 1824 2693 1882 οὖν
2725 1827 2794 1882 ἂν
2822 1830 2910 1900 εἴη
2935 1829 2995 1884 τὸ
3022 1829 3358 1896 λυσιτελοῦν,
3395 1832 3490 1884 καὶ
3509 1831 3634 1904 ὄνη-

378 1905 672 1970 Manil‘esto
699 1915 1012 1972 divinorum
1038 1929 1435 1990 praeceptorum
1463 1922 1738 1978 custodia.

622 2104 861 2167 XXVIII.
891 2141 962 2154 —
993 2107 1308 2168 HIPPASIO
1341 2111 1671 2170 TRIBUNO.

445 2201 914 2268 Quemadmodum
947 2212 1033 2259 est
1073 2204 1322 2258 ciborum
1353 2204 1648 2274 jejunium,
1683 2205 1759 2259 ita
1784 2212 1870 2261 est
1901 2213 1955 2261 et

375 2293 473 2347 irae
503 2292 797 2362 jejunium,
839 2299 896 2348 et
933 2293 1254 2350 ambitionis
1290 2293 1610 2351 dominatus
1652 2297 1950 2366 jejunium,

371 2390 430 2437 et
455 2382 792 2453 invidentiaa,
823 2390 881 2438 et
903 2382 1208 2453 jactantiaz,
1247 2393 1302 2440 et
1332 2386 1603 2450 avaritiae,
1624 2394 1682 2441 et
1717 2386 1952 2455 injuria-

373 2483 499 2527 rum
529 2475 828 2538 memoriae,
859 2480 916 2528 et
953 2475 1261 2543 repentinae
1301 2475 1429 2539 iraa.
1459 2483 1514 2531 et
1551 2477 1950 2540 sotiinolentic,

371 2572 433 2618 et
474 2564 746 2634 segnitiei,
791 2570 850 2622 et
897 2564 1266 2630 curiositatis.
1307 2572 1363 2621 et
1400 2566 1857 2635 perturbationis,
1896 2575 1953 2622 et

375 2655 662 2709 similium.
1288 2650 1300 2660 ’

660 2745 856 2802 XXIX.
888 2773 958 2789 —-—
990 2745 1273 2806 THYRSO
1308 2746 1666 2807 MONACHO.

447 2860 506 2914 Si
533 2860 753 2916 curiose
778 2861 1168 2930 per-scrutaris,
1196 2868 1255 2917 et
1280 2861 1476 2917 sedulo
1497 2875 1590 2917 res
1609 2876 1826 2926 eorum,
1856 2862 1950 2932 qui

376 2950 780 3007 contumeliose
819 2951 977 3022 132
1009 2968 1069 3008 se
1131 2960 1348 3024 gerunt,
1385 2954 1712 3022 expiscaris,
1763 2953 1952 3008 cordis

376 3047 458 3101 tui
489 3045 694 3101 oblitus
734 3061 816 3110 es,
866 3047 1059 3102 cellam
1105 3053 1256 3100 tuam
1301 3060 1413 3101 non
1456 3046 1626 3110 nosti,
1655 3060 1686 3098 a
1720 3047 1951 3102 veritate

2057 1930 2144 1972 σιν
2170 1919 2462 1990 προξενοῦν
2507 1919 2587 1989 τῷ
2621 1919 2930 1992 ἀνθρώπως
2981 1920 3151 1992 Δῆλον
3191 1921 3275 1976 ὅτι
3321 1924 3356 1994 η
3405 1925 3634 1995 τήρησις

2056 2010 2163 2064 τῶν
2189 2010 2420 2064 ἐντολῶν
2446 2011 2541 2064 τοῦ
2569 2011 2730 2068 Θεοῦ.

2372 2122 2508 2179 KH‘.
2543 2151 2614 2165 —
2642 2123 2924 2195 ianum
2951 2122 3317 2198 ΤΡΙΒΟΥΝῼ.

2127 2214 2338 2285 ’Ὠσπερ
2367 2214 2484 2268 ἐστὶ
2513 2213 2816 2286 βρωμάτων
2851 2216 3075 2287 νηστεία
3094 2254 3110 2281 ,
3157 2215 3299 2270 οὕτω
3327 2217 3423 2270 καὶ
3460 2214 3635 2288 θυμοῦ

2054 2303 2278 2374 νηστεία
2311 2303 2449 2370 ἐστὶ,
2480 2303 2576 2358 καὶ
2610 2304 2901 2375 φιλαρχίας
2920 2305 3162 2375 νηστεία,
3193 2306 3287 2359 καὶ
3311 2306 3632 2376 βασκανίας,

2053 2392 2150 2447 καὶ
2194 2394 2434 2464 κόμπου,
2478 2394 2574 2447 καὶ
2611 2394 3049 2467 φιλοχρηματίας
3094 2414 3176 2460 τε,
3208 2400 3304 2452 καὶ
3331 2400 3634 2472 ὀξυχολίας,

2053 2483 2150 2537 καὶ
2175 2485 2463 2554 ὐπνηλίας,
2509 2485 2603 2539 καὶ
2634 2485 2833 2550 νωθίας
2858 2527 2873 2552 ,
2915 2489 3008 2542 καὶ⁵
3046 2491 3388 2561 περιεργίας,
3421 2493 3514 2546 καὶ
3542 2511 3638 2547 τα·

2052 2575 2251 2646 ρακῆς,
2285 2576 2384 2630 καὶ
2418 2577 2529 2630 tibi:
2569 2575 2825 2647 καθεξῆς.

2430 2751 2560 2806 κον.
2591 2781 2666 2793 -
2694 2751 2918 2827 omn
2952 2755 3264 2827 ΜΟΝΑΧῼ.

2137 2862 2264 2916 Ἐὰν
2286 2862 2769 2937 πολυπραγμονῇς,
2813 2869 2908 2921 καὶ
2957 2867 3129 2938 ἡδέως
3187 2868 3525 2945 περιεργάζει
3568 2877 3637 2931 τὰ

2049 2956 2356 3027 πράγματα
2388 2955 2494 3011 τῶν
2525 2955 2621 3028 τὴν
2661 2957 3050 3030 ἀσχημοσύνην
3082 2960 3464 3031 ἐργαζομένων
3483 3002 3500 3029 ,
3530 2963 3632 3016 ἑπ-

2053 3045 2244 3100 ελάθου
2278 3045 2378 3114 τῆς
2431 3046 2658 3100 σεαυτοῦ
2692 3047 2938 3119 καρδίας,
2978 3049 3080 3102 οὐκ
3113 3045 3257 3113 οἶδας
3292 3051 3389 3121 τὴν
3441 3049 3636 3105 κέλλαν

377 3139 622 3204 abet-ras,
675 3151 771 3208 per
821 3135 968 3191 invia
1018 3137 1121 3191 iter
1159 3137 1382 3208 carpis,
1443 3146 1497 3193 et
1541 3136 1830 3194 considera
1882 3136 1950 3192 ad

2059 3153 2174 3202 σου,
2205 3135 2515 3206 ἐπλανήθης
2541 3136 2651 3190 ἀπὸ
2680 3136 2778 3206 τῆς
2804 3136 3083 3207 ἀληθείας,
3115 3139 3211 3193 καὶ
3243 3137 3462 3193 ἀνοδίαν
3491 3139 3636 3210 βαδί-

374 3243 672 3299 quemnam
695 3228 916 3285 tandem
943 3227 1104 3284 ﬁnem
1138 3227 1421 3285 devenias.

909 3339 1082 3398 XXX.
1113 3372 1184 3382 —
1215 3342 1422 3398 Eidem.

444 3431 918 3500 Quemadmodum
949 3431 1089 3502 ipse,
1123 3431 1170 3487 si
1199 3432 1431 3503 gratiam
1455 3431 1587 3486 mihi
1611 3432 1794 3487 datam
1825 3432 1949 3488 aliis

376 3537 598 3591 quoque
623 3534 735 3575 non
759 3519 1262 3585 eommunicavero,
1297 3520 1566 3574 rationem
1594 3522 1650 3576 in
1677 3521 1766 3577 die
1794 3521 1946 3591 judi-

376 3613 446 3667 cii
474 3610 790 3666 redditurus
823 3617 1244 3681 sum,tanquam
1279 3611 1423 3680 quod
1459 3613 1684 3668 silentio
1705 3612 1952 3682 spiritale

375 3701 645 3757 talentum
677 3691 1034 3767 suﬂ'oderim;
1069 3701 1144 3758 ita
1176 3711 1230 3756 et
1261 3709 1318 3756 tu
1353 3703 1406 3756 in
1433 3702 1527 3774 jus
1559 3704 1868 3769 vocaberis.
1905 3703 1952 3758 si

373 3803 429 3849 et
459 3792 587 3848 aliis
628 3790 844 3847 idoneis
890 3805 1003 3846 non
1045 3791 1314 3864 elargitus
1363 3790 1571 3860 fueris,
1619 3795 1954 3865 cognitionis

375 3901 577 3941 munus
610 3883 836 3939 ccelestc
870 3883 970 3938 tibi
1005 3883 1406 3939 concreditum.
1439 3884 1622 3941 Testis
1655 3885 1802 3939 enim
1835 3884 1952 3956 ipse

374 3992 522 4044 sum,
557 3976 786 4032 multam
822 3974 920 4032 tibi
947 3976 1351 4048 suppeditatam
1380 3992 1506 4033 esse
1537 3974 1790 4032 Numinis
1820 3991 1949 4048 gra-

379 4071 532 4134 tiam,
582 4069 654 4125 ob
704 4084 919 4125 morum
985 4069 1352 4134 nobilitatem,
1415 4068 1539 4123 vitae
1599 4068 1944 4140 gravitatem.

375 4177 591 4232 unaque
613 4176 739 4217 cum
777 4162 1252 4233 praestantissimis
1285 4159 1572 4217 monachis
1608 4159 1945 4216 contenden—

375 4267 482 4310 tem
508 4253 868 4326 diligentiam.
900 4252 1059 4320 Quod
1093 4269 1229 4309 sane
1275 4253 1328 4309 in
1359 4251 1548 4309 habitu
1583 4252 1858 4319 saeculari,
1895 4263 1949 4306 et

376 4344 594 4416 publica
625 4345 978 4414 expeditione
1003 4344 1327 4400 admirabile
1349 4353 1454 4399 est.

644 4455 842 4512 XXXI.
875 4484 944 4499 --
975 4454 1324 4522 ΡΗΟΤΙΝΑΞ,
1363 4465 1419 4512 et
1457 4453 1668 4514 DOR...

446 4549 698 4606 Vestram
730 4547 896 4600 vitam
919 4546 1302 4600 inluminatam
1331 4546 1593 4600 memoria
1619 4547 1942 4612 recolentes,

375 4642 608 4714 gloriam
641 4637 863 4693 Christo
890 4637 1118 4702 damus,
1152 4653 1278 4692 cum
1313 4636 1522 4692 Davide
1552 4639 1909 4696 cnuntianles
1939 4657 1953 4695 :

381 4753 402 4787 ι
435 4735 611 4800 Quam
644 4729 845 4786 dilecta
882 4730 1236 4786 tabernacula
1272 4738 1361 4784 tua
1394 4737 1449 4783 ct
1475 4730 1958 4792 altariapDontine

377 4823 645 4878 sirtutum
673 4821 750 4875 "i
789 4839 808 4873 ι
851 4819 993 4876 Vere
1023 4823 1226 4876 etenim
1256 4820 1630 4884 tabernacula.
1656 4830 1710 4877 et
1742 4823 1955 4890 altaria,

374 4925 432 4972 et
470 4913 758 4986 templum,
786 4923 842 4972 et
886 4926 1118 4970 munera
1147 4912 1244 4970 Dei
1273 4928 1374 4985 per
1406 4913 1782 4985 virginitatem
1828 4929 1958 4987 ape-

375 5008 595 5065 ruistis.

583 5114 804 5172 XXXII.
830 5145 902 5156 —
928 5113 1316 5172 MENANDIIO
1351 5115 1758 5173 DOMESTICO.

445 5226 624 5296 Nolo,
659 5231 895 5287 insultas
937 5231 1168 5288 auribus
1209 5231 1414 5286 nostris
1436 5273 1450 5297 ,
1485 5247 1515 5285 a
1541 5241 1782 5301 .paterno
1832 5245 1946 5288 mea

379 5321 716 5377 llellenismo
749 5321 1101 5379 desciscere:
1145 5340 1380 5391 namque
1439 5322 1492 5376 id
1534 5321 1952 5392 vituperandum

380 5420 534 5484 puto.
558 5409 946 5468 Verumtamen
979 5415 1067 5468 die
1099 5417 1255 5480 mihi,
1283 5415 1367 5469 vir
1396 5414 1738 5478 admiranda,
1775 5412 1820 5467 si
1857 5428 1953 5480 pa-

378 5511 466 5560 ter
488 5511 620 5561 tuus
647 5503 966 5574 praedonum
1011 5507 1303 5576 princeps,
1357 5515 1450 5559 aut
1495 5505 1649 5574 133
1703 5503 1952 5557 ebrietati

381 5595 621 5660 deditus,
649 5604 743 5650 aut
774 5596 1010 5662 adulter,
1041 5607 1136 5652 aut
1165 5597 1466 5661 fenerator,
1508 5605 1599 5649 aut
1632 5596 1832 5661 audax,
1861 5601 1954 5647 aut

460 5773 728 5843 "Ephcs.
763 5793 815 5844 ν,
864 5777 949 5832 I5.
1029 5780 1071 5810 ³ο
1109 5779 1240 5834 Luc.
1280 5796 1354 5845 ix,
1404 5779 1484 5832 69..

1575 5781 1610 5810 ³¹
1651 5779 1822 5836 ICm‘.
1878 5795 1968 5844 HI,
2012 5777 2092 5830 19.

2064 3223 2209 3289 ζεις·
2249 3225 2342 3279 καὶ
2371 3222 2558 3294 βλέπε,
2589 3225 2728 3296 πρὸς
2752 3227 2904 3279 ποῖον
2942 3225 3139 3298 ὲλεύσῃ
3164 3227 3355 3297 πέρας.

2446 3380 2448 3383 .
2597 3337 2669 3391 ιιι.
2715 3366 2786 3378 -—
2823 3335 2906 3405 Τῷ
2933 3335 3112 3404 αὐτῷ.

2137 3430 2347 3500 Ὥσπερ
2376 3425 2577 3500 ὲγὼ,εί
2610 3425 2684 3500 μὴ
2719 3428 3005 3501 μεταδοίην
3038 3430 3245 3502 ἑτέροις
3261 3429 3358 3499 τῆς
3387 3429 3635 3500 δοθείσης

2066 3537 2156 3591 μοι
2189 3519 2432 3590 χάριτος,
2478 3519 2636 3588 λόγον
2675 3518 2856 3588 ὑφέξω
2907 3521 2966 3572 ὲν
3017 3521 3198 3592 ἡμέρᾳ
3252 3519 3523 3590 κρίσεως,
3558 3520 3636 3582 ὡς

2062 3610 2365 3684 κατορύξας
2499 3613 2676 3682 σιωπῇ
2701 3610 2760 3664 τὸ
2785 3611 3151 3680 πνευματικὸν
3165 3611 3445 3676 τάλαντον,
3465 3610 3636 3673 οὕτως

2062 3704 2156 3758 καὶ
2186 3703 2250 3757 σὺ
2272 3701 2500 3766 εὐθύνας
2527 3701 2900 3773 ἀπαιτηθήσῃ,
2939 3701 3034 3754 ἐὰν
3066 3701 3142 3772 μὴ
3182 3702 3277 3754 καὶ
3309 3701 3486 3765 ἄλλοις
3516 3703 3636 3754 tita-

2061 3797 2174 3858 νοῖς
2207 3794 2524 3866 χορηγήσῃς
2552 3795 2651 3866 τὴν
2680 3793 3138 3864 ἐμπιστευθεῖσάν
3163 3811 3244 3848 σοι
3268 3793 3513 3864 οὐράνιον
3534 3792 3635 3846 δω-

2064 3885 2193 3958 ρεὰν
2222 3887 2322 3957 τῆς
2347 3881 2622 3955 γνώσεως.
2653 3883 2933 3955 Μαρτυρῶ
2964 3883 3076 3958 γάρ
3114 3901 3195 3938 σοι
3228 3883 3424 3952 πολλὴν
3458 3881 3633 3952 ἔχοντι

2061 3982 2223 4053 χάριν
2243 3977 2399 4046 Θεοῦ,
2429 3980 2497 4034 δι’
2527 3979 2810 4052 εὐγένειαν
2838 3980 3073 4051 τρόπων,
3105 3981 3198 4034 καὶ
3225 3981 3338 4052 βίον
3373 3978 3632 4050 σεμνότα-

2062 4091 2173 4137 τον,
2201 4073 2295 4126 καὶ
2318 4071 2634 4143 ἐπιμέλειαν
2662 4067 3041 4144 ἀμιλλωμένην
3061 4075 3173 4138 τοῖς
3201 4073 3510 4145 κρατίστοις
3527 4069 3635 4124 τῶν

2067 4166 2350 4237 μοναχῶνο
2387 4167 2524 4236 ὅπερ
2568 4163 2877 4235 θαυμαστὸν
2911 4163 3132 4235 βλέπειν
3164 4165 3221 4218 ὲν
3269 4166 3508 4236 σχήματι
3539 4179 3632 4217 κο-

2065 4253 2267 4328 σμικῷ,
2303 4257 2397 4311 καὶ
2420 4256 2656 4329 δημοσίᾳ
2687 4256 2966 4328 στρατείᾳ.

2342 4452 2465 4508 ΛΑο.
2493 4482 2563 4492 -
2587 4451 2890 4526 cert:th
2921 4451 3014 4508 καὶ
3037 4453 3186 4506 mp.
3227 4490 3242 4506 .
3288 4489 3346 4505 ..

2122 4543 2244 4614 Μνη
2254 4543 2569 4614 μονεῦοντες
2589 4546 2689 4615 τῆς
2723 4545 3024 4616 ἀμολύντοο
3045 4543 3200 4614 ὑμῶν
3227 4541 3395 4611 ζωῆς,
3419 4540 3634 4606 δοξάζο-

2054 4651 2157 4706 μεν
2181 4635 2272 4687 τὸν
2304 4634 2557 4706 Χριστὸν,
2586 4630 2835 4703 λέγοντες
2865 4637 2963 4690 σὺν
2993 4634 3072 4706 τῷ
3095 4633 3257 4687 Δαυῐδ
3275 4649 3288 4661 ·
3321 4651 3340 4685 ι
3389 4631 3478 4695 Ὦς
3500 4632 3632 4698 ἀγα-

2053 4725 2202 4796 πητὰ
2234 4725 2302 4780 τὰ
2332 4725 2668 4796 σκηνώματά
2699 4743 2815 4790 σου,
2844 4725 3031 4780 καὶτὰ
3057 4725 3433 4794 θυσιαστήρια,
3461 4721 3632 4791 Κύριε

2053 4819 2161 4871 τῶν
2186 4817 2496 4889 δυνάμεωνί
2526 4838 2548 4872 ι
2594 4818 2832 4890 ’Δληθῶς
2862 4817 2972 4889 γὰρ
3021 4816 3361 4888 σκηνώματα
3403 4831 3463 4866 τε
3489 4853 3504 4875 ,
3539 4812 3633 4865 καὶ

2057 4909 2435 4982 θυσιαστήρια,
2490 4910 2587 4964 καὶ⁸
2615 4909 2764 4975 ναὸς,
2813 4910 2906 4962 καὶ
2950 4908 3214 4979 κειμήλια
3246 4905 3382 4961 Θεοῦ
3421 4904 3508 4958 διὰ
3534 4902 3632 4971 τῆς

2056 5002 2354 5074 παρθενίας
2379 5001 2680 5072 πεφήνατε.

2297 5114 2422 5170 AB’.
2453 5143 2523 5157 -
2545 5111 2924 5184 ΜΕΝΑΝΔΡο
2957 5108 3371 5178 Δανιεετιιςῃ.

2125 5231 2200 5284 Οὐ
2233 5230 2512 5301 βούλομαι,
2543 5229 2745 5297 λέγεις,
2776 5225 3034 5296 ἐκστῆναι
3079 5221 3176 5276 τοῦ
3220 5218 3475 5291 πατρῴου
3517 5215 3633 5268 Ἐλ-

2055 5320 2340 5390 ληνισμοῦ-
2375 5320 2740 5373 ἐπονείδιστον
2767 5317 2878 5386 γὰρ
2904 5315 3064 5368 τοῦτό
3093 5330 3155 5379 γε
3194 5309 3368 5382 οἶμαι.
3421 5309 3486 5361 Τί
3516 5305 3630 5370 οὖν,

2052 5410 2172 5462 εἰπέ
2198 5427 2308 5479 μοι,
2333 5409 2626 5480 θαυμάσιε,
2657 5412 2705 5463 εί
2727 5410 2755 5462 ὁ
2799 5408 2982 5480 πατήρ
3013 5425 3108 5460 σου
3143 5402 3444 5476 λῄσταρχός
3466 5418 3569 5462 τις,
3598 5397 3628 5467 ἢ

2059 5499 2348 5569 μεθυστὴς.
2381 5501 2412 5571 ἦ
2449 5501 2662 5569 πόρνος,
2692 5499 3097 5570 ἣτοκογλύφος,
3130 5496 3162 5566 ἢ
3190 5495 3391 5564 θρασὺς
3432 5492 3465 5549 ἢ
3492 5508 3630 5558 τυμ-

2064 5590 2307 5661 δωρύχθς
2338 5593 2653 5662 ἐτύγχανεν,
2676 5593 2737 5646 οὐ
2767 5592 2941 5654 θέλεις
2963 5588 3196 5658 σώφρονι
3230 5583 3470 5653 Λογισμῷ
3506 5597 3630 5651 (pq—

2175 5777 2218 5804 π’
2257 5770 2396 5829 I‘sal.
2424 5790 2656 5838 unm,
2696 5774 2739 5828 I.
