4064 6160
425 377 522 444 2.3

1597 377 2133 447 EPISTOLABUM
2161 381 2308 441 LIB.
2341 380 2424 441 II.

3567 367 3674 433 ιιι

419 491 688 563 σάμενος,
724 490 987 563 κρείττων
1035 492 1289 561 γενέσθαι
1345 497 1448 561 εἰς
1494 495 1588 551 τοῦ
1628 496 1840 558 ἀδίκου,
1897 492 1987 546 καί

2093 486 2474 558 sepulcrorum
2520 483 2752 540 ell'ossor
2777 481 3000 548 fuisset,
3037 493 3223 536 annon
3267 492 3499 550 cuperes
3543 494 3672 550 pru-

419 581 624 636 ὰνοσίου
655 583 863 652 πατρὸς
897 585 1342 656 κακοφροσύνηςς

505 810 513 816 -
551 781 674 835 Al".
700 811 770 822 —.
799 777 1205 854 ursorum
1249 779 1696 850 urerent-mo
1723 786 1844 840 mu

996 854 1394 926 ΗΓΟΥΜΕΝῼ.

497 941 779 1014 ’Πρώτησέ
809 958 899 1015 με,
932 945 966 1014 ή
1010 945 1258 1018 ὑμετέρα
1299 946 1511 1017 ἀγάπη,
1550 947 1604 1000 τί
1632 945 1802 1012 ἐστιν,
1849 949 1987 1019 ὅπερ

416 1033 612 1103 φάσκει
644 1033 781 1105 πρὸς
818 1034 910 1089 τὸν
940 1034 1122 1088 Θεὺνό
1159 1035 1404 1108 Βαρούχ’
1435 1038 1516 1092 ὅτι
1565 1057 1585 1092 s
1622 1037 1696 1092 Σὺ
1736 1035 1788 1092 εἴ
1853 1036 1990 1092 καθ-

414 1125 611 1193 ήμενος
631 1123 722 1177 τὸν
739 1121 932 1186 αἰῶνα,
953 1127 1049 1179 καὶ⁹
1070 1127 1229 1198 ἡμεῖς
1249 1125 1614 1199 ἀπολλύμενοι
1631 1128 1722 1182 τὸν
1738 1127 1908 1182 αίῶνα
1927 1144 1941 1195 ;
1965 1145 1982 1179 ι

425 1215 477 1269 '0
511 1216 643 1278 Θεὸς
693 1217 879 1289 ἐπειδὴ
911 1217 1271 1282 ἀναλλοίωτος
1331 1220 1428 1276 καὶ
1457 1221 1725 1294 ἄτρεπτος
1755 1223 1990 1294 ὑπάρχει

412 1307 674 1378 διηνεκῶς
703 1350 717 1374 ,
748 1309 906 1382 δῆλον
947 1312 1030 1366 ὃτι
1081 1313 1142 1366 ὲν
1172 1315 1238 1384 τῇ
1273 1309 1465 1368 ἑαυτοῦ
1516 1313 1784 1386 καθῆσθαι
1829 1317 1992 1388 άτρε-

413 1401 638 1472 πτότητι
661 1401 749 1455 διὰ
778 1401 978 1467 παντὸς
1001 1405 1248 1476 εἴρηται·
1283 1405 1444 1478 ἡμεῖς
1471 1407 1530 1460 δὲ
1551 1409 1774 1478 τρεπτοὶ
1813 1404 1987 1474 ὅντες,

413 1493 612 1564 ῥᾳδίως
645 1494 996 1567 ἀπολλύμεθα
1025 1499 1284 1553 ἑκάστοτε
1332 1498 1479 1554 ἄλλοι
1507 1500 1624 1554 ἀντ’
1647 1500 1824 1555 ἄλλων
1856 1500 1990 1555 πολ-

412 1583 566 1648 λάκις
597 1586 871 1657 γινόμενοι
893 1626 908 1650 ,
949 1588 1045 1644 κα)⁵
1085 1589 1180 1659 ἀφ’
1206 1589 1409 1662 ἑτέρων
1453 1590 1729 1663 λογισμῶν
1757 1593 1842 1663 ἐφ’
1871 1592 1990 1647 ὲτέ-

411 1694 537 1747 ρους
571 1679 860 1750 λογισμοὺς
891 1679 1132 1753 συνεχῶς
1153 1681 1586 1753 μεταϐαίνοντες.

681 1769 802 1825 AA'.
829 1801 897 1811 -—-
923 1773 1264 1846 ΣΩΚΡᾹΤΙῼ
1298 1774 1715 1832 ΕΞΚΕΠΤΟΡΙ.

2093 577 2247 634 demi
2274 591 2523 648 saneque
2543 576 2777 632 consilio
2800 583 2984 641 utens,
3008 572 3204 645 iniusti
3231 585 3296 626 ac
3328 571 3480 642 impii
3504 573 3676 642 patris

2092 668 2447 739 improbitate
2478 669 2671 724 sanior
2699 665 2973 722 evadere?

2189 779 2430 836 XXXIII.
2464 808 2535 822 -
2567 775 3041 836 CIIIIYSOGONO
3089 773 3576 837 PRESBYTERO.

2692 848 2778 903 ΕΤ
2824 846 3098 902 ABBATI.

2159 937 2464 1000 Postulain
2486 981 2502 1006 ,
2525 942 2721 998 dilecte
2749 941 2844 1007 mi,
2869 939 3002 1011 quid
3029 947 3135 1004 est,
3152 939 3296 1011 quod
3310 936 3526 994 Baruch
3547 936 3682 992 dicit

2090 1031 2159 1090 ad
2204 1032 2376 1091 Deum
2409 1053 2422 1090 :
2466 1053 2486 1087 ι
2523 1034 2605 1090 Tu
2636 1050 2696 1090 es
2729 1034 2930 1090 sedens
2963 1032 3017 1088 in
3047 1033 3269 1099 saecula,
3305 1039 3361 1090 et
3391 1047 3495 1086 nos
3529 1028 3676 1101 peri—

2091 1143 2216 1185 mus
2241 1129 2297 1183 in
2333 1127 2599 1184 saeculum
2623 1127 2704 1180 "‘2
2738 1147 2756 1180 ι
2793 1125 2937 1182 Deus
2967 1140 3094 1180 cum
3127 1122 3490 1180 immutabilis
3515 1131 3677 1193 atque

2091 1223 2435 1280 invariabilis
2467 1231 2736 1294 perpetuo
2766 1224 2859 1288 sit,
2889 1219 3244 1278 manifestum
3285 1227 3391 1282 est,
3433 1233 3559 1275 eum
3611 1213 3666 1270 in

2091 1314 2317 1384 propria
2371 1315 2565 1370 sedere
2616 1313 3062 1368 immutabilitate
3105 1313 3161 1368 in
3194 1317 3462 1366 aeternum
3485 1311 3576 1376 ”‘,
3613 1317 3673 1364 ut

2090 1403 2312 1460 dicitur.
2342 1404 2412 1459 At
2442 1420 2567 1472 nos,
2591 1404 2686 1476 qui
2715 1403 2784 1460 de
2813 1402 2963 1460 I‘acili
2998 1409 3300 1467 mittamur,
3338 1409 3394 1456 et
3425 1399 3665 1470 singulis

2091 1493 2289 1550 diebus
2319 1497 2611 1560 morimur,
2640 1491 2732 1549 alii
2762 1502 2926 1565 atque
2957 1493 3049 1548 alii
3077 1491 3280 1564 saepius
3321 1489 3478 1556 facti,
3520 1499 3575 1546 et
3606 1503 3672 1544 es

2091 1587 2216 1644 aliis
2245 1587 2300 1642 in
2335 1586 2476 1644 alias
2505 1588 2872 1658 cogitationes
2895 1585 3204 1657 smpissime
3230 1591 3603 1640 transeuntes.

2289 1762 2609 1822 XXXIV.—-
2638 1765 2982 1824 SOCRATIO
3043 1761 3465 1820 EXCEPTORI.

484 1877 502 1909 ι
543 1857 606 1912 Δί
646 1859 900 1931 δυνάμεις
953 1860 1061 1916 τῶν
1103 1860 1349 1934 οὐρανῶν
1395 1865 1819 1938 σαλευθήσονται
1864 1867 1986 1922 κατ’

2162 1875 2184 1908 ι
2229 1859 2474 1917 Virtutes
2513 1860 2778 1916 calorum
2809 1857 3315 1915 commovebuntur
3349 1855 3404 1908 iu
3433 1851 3521 1908 die
3543 1850 3683 1921 justi

410 1947 636 2020 ἐκείνην
656 1951 754 2021 τὴν
793 1951 1007 2024 ήμόραν
1036 1953 1138 2024 τῆς
1177 1955 1591 2027 δικαιοκρισίας.
1637 1975 1656 2009 ι
1691 1957 1987 2013 Τουτέστιν

2089 1947 2282 2018 judicii
2325 1947 2393 2006 “.
2438 1969 2457 2002 ι
2505 1945 2621 2005 Hoc
2668 1959 2790 2018 est,
2846 1948 3076 2020 angelici
3127 1945 3409 2002 exercitus
3460 1942 3679 1997 Domini

409 2043 466 2092 αί
516 2042 808 2112 ἀγγελικαὶ
857 2045 1106 2116 στρατιαὶ
1156 2046 1234 2118 τῷ
1267 2048 1578 2120 Δεσποτικῷ
1618 2050 1990 2122 ὑπηρετοῦσαι

412 2131 813 2203 προστάγματι,
846 2133 906 2199 ἐξ
935 2135 1275 2207 ἡμερότητος
1302 2137 1380 2201 είς
1411 2137 1580 2210 όργὴν
1608 2140 1990 2212 κινηθήσονται

412 2259 427 2275 .
467 2262 481 2276 .
514 2260 529 2274 .
565 2260 582 2276 .
610 2222 818 2286 πάντας
843 2223 969 2288 τοὺς
1004 2226 1276 2296 πονηροὺς
1297 2226 1637 2298 ἀνθρώπους.

1141 2317 1264 2372 AE'.

483 2409 551 2461 Οἱ
581 2407 817 2473 ἀνόσιοι,
839 2409 933 2464 καὶ
956 2409 1128 2477 ἄθεοι,
1156 2411 1383 2482 πονηροί
1412 2429 1492 2476 τε,
1527 2414 1621 2468 καὶ
1647 2414 1874 2486 ἄθεσμοι
1896 2416 1989 2471 τοῦ

411 2500 633 2554 Σατανᾶ
658 2499 906 2572 λογισμοὶ
933 2503 1010 2576 μὴ
1044 2504 1372 2576 θροείτωσάν
1400 2525 1482 2573 σε,
1510 2508 1645 2579 μηδὲ
1679 2509 1991 2580 καταπλητ-

408 2588 680 2654 τέτωσαν,
731 2591 804 2662 μή
842 2607 900 2645 τε
955 2593 1064 2664 μὴν
1115 2595 1684 2666 παρασκευαζέτωσαν
1736 2598 1988 2671 ἀθυμεῖν,

408 2678 506 2732 καὶ
532 2675 817 2734 ἐκλύεσθαι
841 2682 940 2753 τὴν
967 2683 1069 2755 σὴν
1103 2684 1314 2757 ἀγαθὴν
1351 2687 1527 2760 ψυχὴν
1545 2727 1562 2753 ,
1590 2684 1770 2744 πίστει
1821 2707 1990 2761 γεγα-

409 2770 678 2843 νωμένην.
705 2774 798 2826 καὶ
831 2774 906 2846 τῷ
933 2776 1152 2850 σταυρῷ
1171 2773 1265 2832 τοῦ
1288 2779 1524 2852 Χριστοῦ
1553 2784 1994 2856 φραττομένην.’

552 2885 696 2952 AG".
725 2913 796 2926 -—
823 2888 1269 2945 ΔΗΜΟΣΘΕΝΕῙ
1311 2892 1522 2948 ΠΑΤΡῙ
1556 2894 1846 2952 ΠΟΛΕΩΣ.

430 3031 432 3034 μ
483 2997 548 3051 Ei
581 2997 655 3069 μὴ
682 2997 792 3054 τῶν
824 3003 1136 3076 μακαρίων,
1167 3006 1263 3061 καὶ
1302 3006 1473 3073 ὅντως
1511 3009 1676 3066 θείων
1703 3013 1802 3084 τῆς
1851 3015 1994 3086 Γρα-

415 3088 521 3159 φῆς
569 3088 742 3160 λόγων
769 3093 902 3165 ἐρᾷς
923 3135 939 3160 ,
973 3097 1194 3169 κτήνεσι
1233 3099 1346 3165 τοῖς
1389 3101 1636 3174 ἀνοήτοις
1679 3105 1777 3158 καὶ
1814 3106 1993 3176 ἀλογί-

417 3197 563 3246 στοις
592 3187 1032 3263 παρεικασθήσῃ.

832 3281 955 3339 AZ'.
975 3307 1046 3324 αα
1075 3284 1563 3360 ΚΑΛΛιΣΤίΔΝῼ.

494 3363 698 3444 Ὥσπερ
723 3372 1046 3446 ὀρεγόμενοι
1077 3378 1178 3449 τῆς
1209 3379 1354 3451 ζωῆς
1388 3381 1612 3450 ἐσθίειν,
1661 3385 1757 3438 καὶ
1787 3385 1984 3452 πίνειν,

416 3463 646 3533 φράζειν
667 3482 750 3533 τε,
781 3468 877 3522 καὶ
907 3469 1216 3542 ἀκροᾶσθαι
1245 3471 1538 3545 είώθαμεν,
1587 3475 1730 3530 οὕτω
1777 3478 1871 3531 καὶ
1919 3481 1988 3550 τῇ

415 3553 716 3622 ἀναγνώσει
747 3555 856 3610 τῶν
875 3557 969 3611 τοῦ
992 3558 1125 3617 Θεοῦ
1155 3559 1352 3630 λογίων
1385 3567 1744 3638 προσανέχειν
1777 3567 1987 3638 ὀφείλοο

418 3661 521 3714 μεν
548 3645 860 3718 άκορέστως
885 3651 953 3722 τῇ
981 3651 1194 3724 γνώμῃ.

783 3741 912 3796 ΑΠ’.
946 3772 1020 3783 -
1050 3745 1603 3822 “mammona.

485 3825 549 3879 Τί
579 3844 662 3881 σοι
690 3827 882 3897 ὄφελος
918 3831 1028 3885 τῶν
1055 3833 1152 3904 μὲν
1182 3836 1414 3890 οἰκετῶν
1444 3837 1656 3907 ἄρχειν,
1695 3842 1817 3905 ταῖς
1865 3843 1988 3897 επι-

416 3915 631 3986 θυμίαις
656 3919 713 3972 δὲ
731 3919 1024 3988 δουλεύειν,
1050 3923 1242 3999 ὥσπερ
1277 3931 1501 4000 πικραῖς
1531 3931 1838 3997 δεσποίναις
1861 3951 1878 4000 ;

659 4090 776 4147 ΔΘ.
809 4122 882 4135 --
906 4093 1252 4173 ΔΥΞΕΝΤΙῼ
1287 4103 1701 4176 ιΛΛΟΥΣΤΡΙῼ

484 4177 787 4254 Μονογενὴς
817 4181 945 4253 Υἱὸς
985 4190 1080 4242 καὶ
1100 4191 1274 4260 Λόγος
1299 4193 1393 4246 τοῦ
1420 4195 1653 4267 Πατρός,
1681 4197 1791 4262 ζῶν
1817 4201 1989 4270 Λόγος

414 4271 579 4360 ἔστὶν,
626 4276 721 4329 καὶ
771 4278 1136 4346 ὲνυπόστατος
1159 4283 1332 4354 Λόγος
1380 4287 1634 4360 ὑπάρχει,
1663 4292 1892 4356 ἀπαθῶς
1921 4295 1988 4347 ἐκ

413 4357 624 4454 Πατρός
647 4362 752 4434 πρὸ
776 4364 995 4422 πάντων
1024 4370 1254 4437 αἰώνων,
1294 4375 1390 4428 καὶ
1415 4357 1619 4446 χρόνων
1651 4384 1987 4454 γεγεννημέ-

409 4463 518 4512 νος,
552 4451 710 4520 μόνος
737 4454 802 4508 εκ
840 4458 1003 4527 μόνου
1036 4463 1350 4535 μονογενὴς,
1384 4466 1500 4534 φῶς
1532 4469 1596 4521 ἐκ
1625 4469 1821 4538 φωτὸς,
1852 4451 1984 4537 ὁεὸς

410 4540 659 4633 ἀληθινὸς
708 4547 774 4601 ὲκ
831 4549 965 4604 Θεοῦ
1017 4551 1297 4626 ἀληθινοῦ,
1350 4556 1427 4627 τῷ
1464 4558 1579 4628 ἰδίῳ
1624 4559 1802 4633 Πατρὶ
1841 4565 1984 4620 κατὰ

409 4631 587 4726 πάντα
619 4636 826 4707 ὅμοιος,
861 4641 1108 4713 δυνάμει,
1157 4646 1336 4716 οὐσίᾳ,
1377 4649 1694 4722 ἀγαθότητί,
1730 4631 1984 4726 ἐξουσίᾳ,

408 4722 504 4774 καὶ
523 4726 668 4798 πάσῃ
694 4729 1015 4804 τελειότητι,
1039 4732 1114 4797 ὡς
1139 4739 1336 4807 χωρεῖν
1361 4738 1454 4791 τὸν
1474 4740 1696 4813 Πατέρα
1726 4745 1783 4796 ὲν
1812 4722 1983 4816 αὐτῷ,

409 4815 506 4868 καὶ
533 4821 828 4908 χωρεῖσθαι
858 4823 964 4878 ὑπὸ
997 4827 1094 4880 τοῦ
1130 4829 1362 4901 Πατρδς,
1397 4829 1615 4888 πάντων
1647 4832 1849 4892 ὑλικῶν
1874 4815 1985 4908 Δη-

409 4907 703 4978 μιουργδς,
739 4913 837 4966 σὺν
877 4913 956 4984 τῷ
1002 4915 1198 4987 Πατρὶ,
1240 4920 1335 4972 καὶ
1360 4918 1438 4990 τῷ
1469 4921 1630 4993 ἁγίῳ,
1657 4923 1752 4976 καὶ
1786 4907 1986 4994 όμοου-

409 4997 528 5069 σίῳ,
548 5001 643 5056 καὶ
675 5008 1038 5079 προσκυνητῷ
1075 5007 1372 5081 Πνεῦματι.

939 5119 1029 5175 Μ’.
1061 5152 1132 5162 --
1172 5121 1255 5188 Τῷ
1278 5121 1459 5190 αὐτῷ.

488 5227 545 5281 '0
575 5233 872 5304 μονογενὴς
898 5235 1046 5301 Υἱὸς,
1072 5239 1172 5292 καὶ
1200 5240 1374 5306 Λόγος
1409 5240 1502 5294 τοῦ
1539 5241 1697 5306 Θεοῦ,
1721 5245 1818 5297 καὶ
1845 5248 1990 5316 μετὰ

406 5318 465 5371 τὸ
497 5325 956 5395 σχηματισθῆναι,
977 5329 1116 5399 ,ἦτοι
1144 5333 1547 5404 σωματωθῆναι
1582 5337 1646 5388 ὲκ
1692 5337 1790 5408 τῆς
1824 5339 1988 5408 ἁγίας

405 5411 704 5482 Παρθένου,
743 5419 847 5471 οὐκ
871 5421 1262 5488 ἐκπέπτωκεν,
1303 5425 1397 5478 καὶ
1437 5427 1853 5500 ἀπηλλοτριώθη
1887 5431 1986 5501 τῆς

406 5501 541 5566 ἰδίας
569 5505 846 5577 θεότητος,
881 5509 1060 5579 ἔμεινε
1099 5513 1208 5584 γὰρ
1239 5513 1372 5577 Θεὸς
1401 5517 1492 5569 καὶ
1537 5518 1675 5586 μετᾶ
1718 5519 1817 5588 τὴν
1849 5522 1983 5589 σάρ-

404 5609 592 5663 κωσιν,
616 5599 752 5664 Θεὸς
785 5600 887 5670 μὲν
921 5603 1169 5673 ἀληθινὸς
1201 5606 1343 5658 κατά
1369 5606 1430 5660 τὸ
1475 5609 1723 5679 ἀόρατον,
1775 5612 1983 5683 ἄνθρω-

483 5771 527 5802 ³⁸
557 5777 773 5834 Baruch
829 5784 988 5842 "1.5.
1070 5786 1304 5842 τωρωι.
1357 5807 1620 5853 LXXXVIII,
1682 5793 1767 5846 57.

1851 5793 1890 5822 "‘
1949 5793 2143 5848 .‘lattlt.
2205 5809 2353 5856 ntv,
2405 5792 2493 5845 ‘29.

2090 2040 2378 2096 audientes
2431 2041 2682 2112 imperio
2753 2055 2823 2096 ex
2903 2037 3342 2095 mansuetudine
3410 2034 3467 2090 in
3540 2034 3677 2088 iram

2087 2127 2624 2197 commovebuntur,
2694 2135 2751 2186 et
2822 2142 3022 2200 pravos
3081 2124 3334 2182 homines
3387 2121 3679 2178 universos

2089 2217 2343 2288 perdent.

2765 2307 2978 2364 XXXV.

2167 2399 2472 2468 Perversae,
2498 2412 2553 2461 et
2583 2402 2788 2474 impiae,
2819 2415 3133 2473 pravmque,
3159 2408 3216 2456 et
3253 2397 3479 2464 esleges
3517 2391 3679 2450 Sata-

2091 2513 2177 2553 nae
2220 2497 2582 2569 cogitationes
2623 2511 2692 2549 ne
2749 2505 2800 2550 te
2847 2493 3198 2558 conturbent,
3242 2505 3421 2561 neque
3470 2498 3680 2560 perter-

2092 2594 2272 2651 reant,
2305 2601 2483 2656 neque
2513 2585 2564 2640 id
2593 2591 2922 2656 operentur,
2950 2591 3007 2637 ut
3039 2577 3280 2635 animum
3310 2578 3680 2649 despondeas,

2091 2689 2147 2734 et
2187 2687 2277 2733 tua
2312 2679 2454 2732 bona
2475 2677 2660 2731 anima
2688 2674 2794 2730 ﬁde
2817 2673 3165 2740 collustrata,
3191 2678 3246 2726 et
3273 2668 3478 2726 Christi
3513 2683 3688 2725 cruce

2093 2766 2459 2835 circumscpta
2491 2763 2850 2820 dissolvatur.

2098 2878 2258 2951 13‘,
2296 2876 2537 2932 XXXVI.
2567 2906 2639 2918 -—
2678 2871 3127 2930 DEMOSTHENI
3182 2865 3390 2926 URBIS
3435 2864 3675 2923 PATRI.

2167 2993 2222 3046 Si
2259 2993 2415 3048 beata
2451 3001 2506 3046 et
2546 3003 2673 3046 vere
2703 2990 2894 3044 divina
2938 2987 3246 3056 Scriptum
3290 2983 3508 3054 eloquia
3558 2989 3678 3038 stu-

2095 3085 2251 3141 diose
2280 3100 2387 3138 non
2411 3085 2642 3155 appetis,
2663 3083 2928 3153 jumentis
2974 3079 3364 3150 insipientibus
3385 3085 3440 3134 et
3464 3076 3689 3132 ratione

2015 3185 2062 3246 ε
2095 3176 2378 3234 destitutis
2406 3174 2809 3232 assimilaberis
2839 3174 2907 3226 ⁸⁸.

2445 3262 2707 3319 XXXVII.
2738 3291 2805 3303 -—
2838 3258 3320 3318 CALLISTIANO.

2161 3355 2653 3426 Quemadmodum,
2692 3355 2822 3409 dum
2861 3353 3028 3409 vitam
3063 3353 3390 3424 appetimus,
3419 3347 3580 3406 edere
3623 3359 3678 3405 et

2091 3451 2300 3515 bibere,
2353 3451 2504 3522 loqui
2552 3457 2607 3506 et
2653 3447 2843 3504 audire
2893 3449 3216 3514 suevimus,
3252 3446 3327 3500 ita
3373 3453 3428 3500 et
3473 3441 3678 3498 divinis

2089 3545 2326 3614 eloquiis
2381 3542 2728 3616 perlegendis
2779 3541 3218 3600 insaturabiliter
3275 3546 3457 3596 mente
3507 3551 3683 3609 opera

2091 3633 2269 3690 danda
2303 3639 2409 3690 est.

2395 3742 2680 3801 XXXVIII.
2701 3775 2771 3787 ο·-
2798 3743 3351 3802 ASCLEPIODO'I‘O.

2160 3834 2299 3902 Quis
2327 3836 2425 3893 tibi
2476 3851 2612 3893 usus
2662 3837 2829 3892 fuerit
2880 3836 3060 3892 servis
3110 3833 3331 3906 quidem
3380 3834 3672 3902 imperare,

2091 3924 2378 3985 desideriis
2431 3942 2565 3984 vero
2605 3939 2869 3999 tanquam
2921 3927 3230 3982 immitibus
3277 3923 3518 3978 dominis
3553 3938 3671 3979 ser-

2092 4033 2208 4073 "re
2233 4018 2258 4074 γ
2305 4108 2544 4164 XXXIX.
2573 4135 2647 4151 --
2668 4106 3025 4163 AUXENTIO
3064 4101 3452 4157 ILLUSTIIIO.

2165 4201 2493 4272 Uuigenitus
2546 4200 2742 4261 Filius,
2796 4207 2854 4253 et
2912 4197 3155 4252 Verbum
3216 4195 3420 4253 Patris.
3481 4197 3674 4248 Vivens

2094 4294 2351 4360 Verbum,
2384 4300 2439 4349 et
2465 4291 2689 4364 propria
2741 4289 3056 4346 subsistens
3100 4287 3383 4358 hypostasi
3431 4287 3672 4341 Verbum

2091 4397 2194 4453 est,
2244 4403 2310 4444 ex
2350 4387 2511 4442 Patre
2540 4393 2669 4440 ante
2710 4382 2893 4439 omnia
2927 4381 3149 4446 saecula,
3179 4389 3230 4436 et
3261 4389 3507 4449 tempora
3553 4377 3674 4431 sine

2095 4480 2204 4534 ulla
2255 4475 2513 4550 passione
2560 4473 2800 4548 genitus,
2854 4473 3012 4530 solus
3061 4489 3126 4529 ex
3176 4472 3294 4528 solo
3333 4469 3669 4541 unigenitus,

2089 4570 2271 4627 lumen
2302 4587 2368 4627 ex
2411 4569 2642 4632 lumine,
2680 4568 2826 4623 Deus
2856 4579 3021 4622 verus
3054 4564 3121 4621 de
3163 4563 3276 4620 Deo
3324 4576 3487 4628 vero,
3519 4559 3668 4613 Patri

2083 4659 2139 4716 in
2193 4661 2453 4716 omnibus
2500 4659 2722 4722 similis,
2763 4657 3039 4730 potentia,
3090 4655 3356 4720 essentia,
3398 4651 3666 4713 bonitate,

2083 4751 2414 4806 auctoritate
2442 4759 2496 4806 et
2531 4750 2683 4805 omni
2730 4747 3096 4820 perfectione,
3133 4745 3270 4801 adeo
3305 4752 3364 4797 ut
3391 4744 3447 4797 in
3485 4741 3674 4810 seipse-

2082 4843 2264 4914 capiat
2291 4841 2528 4907 Patrem,
2554 4849 2607 4898 et
2632 4841 2883 4912 Capiatur
2909 4856 2936 4893 a
2962 4839 3157 4904 Patre;
3186 4849 3372 4891 rerum
3398 4832 3666 4894 omnium,

2085 4947 2206 5000 quae
2236 4930 2478 4985 materia:
2535 4929 2792 4994 subsunt,
2849 4927 3135 4988 Conditor,
3200 4937 3324 4978 cum
3385 4921 3570 4985 Patre,
3610 4929 3666 4975 et

2084 5021 2297 5086 sancto,
2322 5027 2376 5076 et
2407 5016 2888 5085 cctisubstantlall,
2921 5027 2974 5072 et
3003 5010 3286 5070 adorando
3311 5011 3545 5084 Spiritu.

2565 5132 2720 5203 135
2749 5127 2861 5185 XL.
2898 5159 2968 5170 -
3001 5123 3208 5181 Eidem.

2158 5243 2486 5316 Unigenitus
2541 5244 2738 5308 Filius,
2792 5250 2849 5297 et
2893 5241 2985 5296 Dei
3047 5237 3286 5295 Verbum
3330 5237 3496 5293 etiam
3541 5247 3669 5308 post

2084 5336 2338 5405 formam,
2373 5352 2578 5408 corpus
2623 5350 2842 5405 nempe,
2882 5349 2946 5388 ex
2976 5339 3165 5387 sancta
3190 5330 3418 5401 Virgine
3448 5345 3667 5384 assum«

2084 5443 2255 5503 piam,
2316 5447 2426 5486 non
2479 5428 2855 5501 degeneravit,
2913 5439 3144 5496 nequea
3175 5424 3398 5495 pmprio
3448 5422 3668 5477 deitatis

2086 5531 2231 5578 statu
2260 5531 2440 5577 motus
2471 5529 2588 5586 est;
2623 5534 2861 5589 namque
2890 5518 3054 5573 etiam
3077 5526 3201 5588 post
3228 5514 3664 5572 incarnationem

2095 5615 2236 5672 Deus
2295 5614 2620 5686 permansit,
2675 5610 2819 5666 Deus
2872 5610 3090 5681 quidem
3143 5624 3309 5664 verus
3360 5604 3667 5664 secundum

2578 5791 2620 5821 ³⁸
2680 5789 2824 5844 Psal.
2857 5805 3045 5854 ιινιιι,
3079 5788 3159 5845 I3.
