4064 6160
269 5830 277 5835 .
375 5793 484 5838 nt.
537 5782 618 5835 ιυ.
705 5785 747 5816 δ’
783 5786 928 5839 l‘sal.
958 5803 1151 5855 )1MEI,
1193 5790 1272 5844 ιιι.

403 366 508 432 215

1876 375 1938 435 3.
1985 372 2148 434 NlLI

3549 381 3662 448 €16

399 481 544 550 quod
604 498 713 535 non
770 481 1003 547 videtur,
1056 489 1107 536 et
1163 483 1469 539 secundum
1523 486 1670 556 quod
1728 489 1956 553 videtur,

2072 507 2169 553 πος
2199 491 2256 544 δὲ
2289 491 2539 563 ἀληθινὸς
2586 493 2738 547 κατὰ.
2771 495 2832 548 τὸ
2875 494 3186 566 ὁρώμενον,
3229 495 3330 548 οὐκ
3354 494 3519 558 ἄνους
3549 495 3662 567 γὰρ

403 577 568 627 homo
596 590 780 634 verus.
813 573 998 642 Neque
1027 574 1170 628 enim
1196 576 1316 631 sine
1339 583 1518 633 mente
1547 587 1600 633 et
1624 577 1804 633 anima
1829 589 1969 641 erat.

399 678 458 719 ut
487 666 684 721 ell'utiit
719 665 1115 734 Apollinarius.

692 756 828 811 XLI.
856 783 926 797 -η
956 757 1320 815 ΕυΤιιὶίιιο
1348 760 1664 818 DlACONO.

465 866 568 921 Alii
591 865 811 938 quidem
841 866 896 920 in
923 868 1144 932 vinetis,
1183 875 1238 922 et
1263 870 1500 936 olivetis,
1533 879 1586 925 ct
1607 871 1894 939 jumentis,
1919 879 1973 926 et

395 974 674 1013 servorum
727 957 1102 1023 multitudine,
1137 967 1191 1014 et
1220 961 1433 1015 sedibus
1465 975 1601 1014 auro
1635 970 1974 1032 argentoque

392 1047 716 1119 splendidis,
751 1055 806 1101 et
833 1048 1070 1103 terrenis
1101 1047 1406 1104 ditionibus
1439 1049 1701 1120 gaudent.
1725 1049 1807 1103 Tu
1842 1064 1992 1112 vero.

388 1140 808 1206 przcclarissime
838 1139 1044 1194 Christi
1074 1156 1248 1204 serve,
1276 1139 1481 1210 Regem
1522 1141 1853 1204 invisibilem
1886 1141 1972 1196 in-

389 1229 797 1284 tellectualihus
853 1229 1227 1286 indesinenter
1277 1232 1457 1286 oculis
1509 1247 1765 1298 cernens,
1823 1233 1971 1288 illius

387 1320 679 1373 suavitatis
724 1321 1022 1391 particeps.
1070 1331 1122 1377 et
1164 1337 1389 1387 amore,
1438 1323 1532 1392 qui
1571 1323 1810 1379 discindi
1862 1339 1970 1379 non

385 1419 579 1482 potest,
606 1411 685 1466 illi
709 1412 1018 1483 colligatus,
1038 1430 1245 1484 speque
1268 1429 1396 1486 erga
1418 1429 1540 1469 eum
1561 1415 1800 1472 animum
1817 1427 1968 1471 tuum

386 1504 671 1559 enutriens
685 1549 694 1568 ,
709 1512 761 1558 et
778 1504 1218 1576 dilectione,quaz
1232 1521 1339 1560 non
1359 1508 1666 1574 marcescit,
1683 1507 1971 1564 tetedelec—

389 1604 532 1658 tans.
565 1599 821 1666 precibus
835 1598 1112 1654 continuis
1134 1606 1186 1654 et
1209 1599 1544 1669 psalmorum
1567 1601 1823 1655 cantibus
1841 1617 1970 1654 con-

386 1681 542 1735 tinuo
559 1683 881 1739 incumbens
902 1693 956 1738 et
976 1700 1260 1740 sermones
1277 1685 1594 1755 spirituales
1612 1686 1968 1757 amplectens,

386 1773 773 1841 prophetarum
806 1776 899 1830 illa
932 1778 1246 1834 exclamas:
1282 1796 1300 1830 ι
1337 1777 1675 1834 Recordatus
1702 1795 1822 1834 sum
1847 1777 1963 1845 Dei,

2075 582 2160 652 δὴ.
2192 584 2288 636 καὶ
2314 585 2540 656 ἄψυχος,
2567 585 2817 658 καθάπερ
2853 587 3113 659 βεσόηκεν
3161 587 3586 659 Ἀπολλινάριος.

2395 771 2531 824 MA'.
2558 799 2630 810 ——
2657 770 2966 841 ΕΥΘΥΜΙῼ
3009 771 3335 842 ΔῘΔΚΟΝῼ.

2149 879 2365 950 Ἔτεροι
2399 880 2496 950 μὲν
2531 881 2617 934 ἐπ’
2647 881 2988 951 ἀμπελῶσιν,
3026 883 3121 935 καὶ
3145 882 3386 945 ὲλαιῶσι,
3407 881 3500 934 καὶ
3529 883 3661 953 κτήσ-

2075 987 2213 1036 νεσι,
2242 975 2335 1026 καὶ
2358 972 2552 1043 πλήθει
2579 973 2688 1028 τῶν
2719 975 2966 1039 οἰκετῶν,
2993 975 3086 1028 καὶ
3107 974 3278 1037 οίκοις
3305 975 3656 1044 περιφανέσι,

2075 1065 2262 1135 χρυσῷ
2291 1082 2372 1130 τε,
2405 1066 2498 1119 καὶ
2523 1068 2750 1140 ἀργύρῳ
2777 1107 2791 1133 ,
2838 1068 2931 1122 καὶ
2961 1070 3071 1132 τοῖς
3101 1066 3284 1131 ἄλλοις
3329 1068 3539 1138 γητνοις
3567 1068 3656 1119 εὖο

2073 1158 2393 1227 φραίνονται
2441 1161 2737 1232 κτήμασιν.
2785 1163 2858 1214 Σὺ
2908 1161 2964 1215 δέ
3009 1179 3094 1230 γε,
3141 1161 3467 1231 πανεύφημε
3497 1160 3653 1213 δοῦλε

2055 1246 2331 1322 Χριστοῦ,
2361 1252 2448 1304 τὸν
2481 1253 2709 1324 ἀόρατον
2740 1252 2971 1306 Βασιλέα
3017 1255 3130 1316 τοῖς
3168 1254 3377 1327 νοητοῖς
3417 1251 3654 1305 ἀδιαλεί-

2074 1354 2222 1404 πτως
2250 1341 2522 1412 Θεώμενος
2557 1342 2879 1415 ὀφθαλμοῖς,
2917 1344 3010 1396 καὶ
3041 1342 3139 1412 τῆς
3180 1342 3390 1395 ἐκείνου
3422 1341 3648 1413 τερπνό-

2071 1451 2232 1502 τητος
2259 1435 2573 1500 ἀπολαύων,
2614 1437 2708 1491 καὶ
2735 1436 2814 1506 τῷ
2843 1437 3198 1507 ἀδιασπάστῳ
3234 1435 3382 1505 πόθῳ
3409 1436 3649 1489 συνδεδε-

2075 1525 2234 1595 μένος
2265 1525 2433 1595 αὐτῷ,
2471 1525 2645 1580 ἐλπίδι
2675 1544 2733 1580 τε
2763 1530 2827 1598 τῇ
2863 1530 2941 1590 εἰς
2979 1527 3138 1581 αὐτὸν
3170 1527 3504 1598 τρεφόμενος
3549 1525 3646 1596 τὴν
3699 1591 3704 1596 ι

2070 1618 2268 1689 ψυχὴν,
2297 1619 2391 1672 καὶ
2422 1619 2850 1692 ὲναόρυνόμενος
2881 1623 2946 1691 τῇ
2974 1620 3274 1691 ἀμαράντῳ
3309 1620 3521 1690 ἀγάπῃ,
3555 1621 3646 1672 εύο

2071 1712 2191 1780 χαῖς
2219 1729 2278 1766 τε
2303 1713 2570 1782 συνεχέσι,
2598 1713 2691 1766 καὶ
2715 1712 3055 1784 ψαλμῳδίαις
3079 1713 3525 1784 προσκαρτερῶν.
3551 1714 3646 1766 καὶ

1999 1837 2041 1892 Β
2071 1801 2548 1872 ἐνστερνιζόμενος
2578 1805 2705 1867 τοὺς
2747 1805 3153 1875 πνευματικοῦς
3185 1803 3411 1871 λόγους,
3438 1805 3504 1857 τὰ
3537 1805 3644 1859 τῶν

385 1872 439 1918 et
460 1864 673 1921 laetatus
695 1882 815 1921 sum
850 1867 916 1921 ’σι
954 1887 972 1919 ι
1001 1866 1066 1923 Ει
1095 1887 1109 1924 :
1148 1889 1166 1922 ι
1202 1867 1608 1944 Superlmtabor
1642 1870 1693 1924 in
1733 1869 1956 1927 Domino

2070 1864 2368 1964 npozpqnbvv
2388 1864 2602 1965 'éxﬁoﬁg
2627 1909 2638 1923 '
2747 1864 3056 1966 Ἐμνίῇσθην
3103 1864 3196 1947 τοῦ
3227 1864 3408 1958 (θεοῦ,⁷
3429 1893 3521 1947 καὶ
3546 1894 3647 1962 'in-

387 1971 530 2021 meo,
566 1971 674 2012 non
719 1959 959 2014 laboravi
1001 1975 1240 2031 sequens
1288 1961 1577 2017 Dominum
1625 1977 1805 2018 meum
1839 1963 1904 2018 ⁸⁷.
1937 1982 1956 2016 ι

385 2044 689 2102 Exsultabo
723 2047 928 2120 itaque,
955 2050 1354 2108 humanissime
1388 2053 1635 2122 Domine,
1668 2057 1722 2110 in
1754 2070 1964 2111 sermo-

383 2138 547 2193 nibus
581 2142 710 2205 tuis,
756 2143 1216 2211 quemadmodum
1251 2144 1347 2216 qui
1379 2145 1602 2202 divitias
1631 2147 1865 2212 invenit,
1907 2157 1964 2204 et

286 2256 292 2262 -
383 2229 622 2295 prmdam
648 2232 873 2286 multam
905 2233 970 2287 ³⁸.
1006 2233 1418 2306 Proptereaque
1453 2236 1708 2293 Salvator
1733 2247 1787 2294 et
1815 2238 1960 2294 Con-

381 2320 527 2375 ditor
555 2323 801 2377 omnium
839 2325 938 2380 tibi
992 2327 1330 2397 respondet:
1373 2325 1644 2382 Gaudium
1697 2338 1872 2396 tuum,
1907 2339 1962 2384 et

379 2413 805 2469 exsultationem
835 2425 983 2470 tuam
1021 2419 1203 2472 nullus
1238 2419 1408 2473 furari
1447 2419 1710 2489 poterit”
1743 2438 1757 2473 :
1791 2419 1958 2473 Maria

380 2504 652 2573 siquidem
685 2508 944 2577 optimam
979 2509 1143 2579 elegit
1183 2511 1496 2565 divinarum
1543 2510 1957 2580 disciplinarum

379 2609 604 2664 semper
629 2596 892 2652 virentem
927 2608 1138 2668 partem
1168 2597 1236 2651 ”.
1270 2599 1505 2665 Quando
1537 2600 1723 2670 itaque
1750 2613 1961 2654 sermo-

379 2701 479 2741 nes
518 2687 678 2758 136
702 2689 808 2743 mei
837 2688 890 2743 in
918 2699 970 2745 te
997 2690 1248 2745 habitant
1271 2691 1674 2758 recordatione,
1701 2691 1960 2748 recorda-

376 2777 480 2832 hor
530 2779 607 2833 tui
654 2779 709 2833 in
753 2796 924 2852 regno
975 2797 1117 2837 meo.
1171 2783 1275 2838 Et:
1316 2802 1334 2833 ι
1372 2782 1451 2839 Ne
1500 2784 1718 2850 timeas,
1773 2792 1956 2840 tecum

377 2869 524 2922 enim
551 2885 647 2925 ero
677 2872 936 2929 omnibus
966 2873 1159 2930 diebus
1184 2875 1252 2943 δ’,
1286 2893 1306 2926 ι
1337 2890 1402 2930 ex
1436 2875 1584 2930 omni
1607 2876 1956 2931 tribulatione

375 2959 623 3019 liberans
651 2970 706 3019 te
729 2962 801 3032 ⁸³,
843 2972 898 3022 et
931 2965 1177 3036 eripiens
1202 2982 1233 3022 e
1265 2982 1433 3023 manu
1475 2966 1854 3024 insidiantium
1885 2967 1952 3023 “.

571 3157 735 3214 XLII.
773 3193 839 3202 —
874 3159 1318 3218 CHRYSEROTI
1348 3160 1728 3220 SOPHISTIE.
1783 3209 1786 3211 Α

339 3288 342 3291 ·
445 3269 505 3329 Si
544 3273 995 3345 linguacissimus
1061 3279 1330 3348 Apollinis
1399 3281 1574 3351 tripus
1627 3283 1953 3340 adveniente

373 3364 432 3417 in
467 3379 686 3420 carnem
728 3367 976 3422 omnium
1019 3367 1250 3422 Domino
1292 3369 1514 3424 Christo
1547 3370 1712 3426 silere
1739 3371 1950 3440 jussus,

372 3463 578 3525 praeter
618 3459 860 3527 gentium
899 3459 1364 3527 exspeCtationem
1401 3461 1504 3530 (sle
1537 3462 1682 3516 enim
1714 3464 1951 3520 addece-

372 3547 491 3616 bat)
541 3547 840 3616 obmutuit,
885 3550 1344 3621 quemadmodum
1387 3553 1656 3622 universi,
1704 3557 1796 3625 qui
1845 3557 1952 3614 sub

376 3639 522 3694 caelo
544 3649 693 3705 sunt,
729 3641 1051 3698 intuentur:
1085 3659 1255 3714 quare
1283 3653 1338 3698 tu
1369 3645 1486 3715 ipse
1517 3663 1694 3719 neque
1717 3649 1948 3720 pudore,

375 3746 556 3802 neque
580 3732 782 3787 rubore
828 3733 1164 3793 sulfunderis
1218 3737 1288 3794 de
1324 3738 1435 3795 tuis
1469 3739 1854 3812 insipientibus
1887 3757 1953 3798 ac

374 3821 890 3878 inl’ortunatissimis
949 3825 1057 3881 diis
1088 3841 1277 3881 curam
1325 3845 1545 3900 gerens,
1596 3832 1860 3896 absurda,
1897 3840 1953 3890 et

374 3927 438 3966 ea
471 3927 595 3980 qua:
620 3929 730 3966 non
760 3922 910 3979 sunt,
938 3913 1278 3974 defensans?
1314 3918 1704 3975 Verumtamen
1739 3921 1784 3977 si
1816 3921 1946 3976 mihi

373 4005 622 4071 credere,
667 4020 1005 4076 causamque
1049 4015 1196 4064 tuam
1244 4009 1709 4067 rationabiliorem
1768 4011 1950 4068 facere

372 4095 473 4150 tibi
500 4097 555 4150 in
587 4097 773 4153 animo
795 4097 983 4164 fuerit,
1007 4099 1368 4158 vaticinantis
1407 4102 1643 4174 tripodis
1669 4105 1946 4161 silentium

371 4204 521 4244 nunc
555 4190 902 4260 potissimum
932 4193 1294 4249 aemulareris.

645 4300 825 4357 XLIII.
859 4333 928 4342 —
953 4301 1304 4361 FAUSTINO
1331 4306 1682 4363 MONACHO.

440 4409 580 4478 Quid
640 4411 926 4480 gravaris?
969 4412 1099 4481 quid
1145 4415 1476 4469 maceratis?
1541 4417 1671 4486 quid
1717 4419 1946 4473 vocibus

377 4501 590 4568 instas,
630 4512 684 4557 ct
723 4501 978 4558 assiduas
1009 4503 1151 4572 jacis
1182 4520 1278 4558 ore
1310 4508 1598 4576 querelas,
1632 4525 1852 4566 morose
1886 4519 1941 4564 tu

371 4611 437 4650 ac
470 4597 698 4667 querule
718 4597 740 4649 ?
763 4594 944 4663 Quare
961 4604 1011 4652 te
1039 4598 1439 4667 impatientem,
1469 4611 1523 4656 et
1549 4604 1736 4672 pusilli
1771 4605 1938 4660 animi

368 4692 546 4746 virum
582 4691 844 4762 evulgans
883 4690 1228 4746 advenientia
1265 4709 1372 4748 non
1406 4697 1684 4752 sustines?
1711 4697 1947 4753 Memen-

368 4795 448 4849 to,
485 4783 614 4854 quid
647 4783 736 4838 ille
778 4783 833 4838 in
876 4783 1358 4840 adhortationibus
1395 4785 1593 4842 dixerit
1630 4806 1644 4842 :
1691 4805 1711 4840 ι
1739 4788 1862 4856 Fili,
1897 4789 1944 4845 si

364 4876 678 4930 accesseris
707 4875 918 4932 servire
957 4874 1207 4942 Domino,
1235 4893 1482 4949 prmpara
1514 4879 1750 4934 animam
1793 4888 1942 4935 tuam

369 4967 436 5022 ad
461 4969 842 5034 tentationcm,
875 4967 1049 5040 dirige
1076 4984 1173 5023 cor
1203 4980 1382 5037 tuum,
1418 4979 1473 5026 et
1500 4973 1736 5038 sustine,
1779 4982 1833 5027 et
1875 4989 1944 5029 ne

369 5041 631 5124 turheris,
666 5076 842 5130 neque
895 5061 1004 5114 cito
1046 5077 1284 5131 exposce
1330 5063 1658 5120 solutionem
1700 5066 1944 5133 tempore

368 5151 708 5207 inductionis
735 5153 803 5204 “.
843 5172 859 5204 ι
889 5152 1071 5219 Quare
1104 5153 1154 5207 id
1195 5155 1605 5210 animadvertas
1649 5154 1807 5224 137
1857 5173 1949 5211 ve-

369 5243 485 5306 lim,
515 5241 637 5297 sine
662 5242 755 5296 Dei
788 5243 1000 5310 jtnlicio
1028 5245 1186 5309 nihil,
1219 5246 1366 5315 quod
1398 5245 1618 5316 afﬂigat,
1655 5246 1818 5300 alicui
1847 5247 1944 5300 ad-

367 5331 580 5384 venire.
618 5329 965 5400 Quapropter
1023 5351 1040 5384 ι
1084 5334 1274 5388 Virum
1321 5334 1507 5397 indue,
1539 5345 1592 5388 et
1652 5334 1944 5388 ruboretur

366 5435 464 5474 cor
500 5428 691 5490 tuum”
718 5427 772 5474 et
815 5424 1030 5478 sustine
1081 5423 1372 5479 Dominum
1397 5425 1466 5486 ⁵⁸.
1504 5443 1524 5476 ι
1574 5434 1634 5478 ιιι
1663 5425 1740 5479 tui
1777 5426 1942 5481 mise-

365 5519 582 5566 neatur.

2065 1982 2327 2054 φράνθην.
2366 2004 2384 2034 ›
2411 1983 2551 2037 Καί·
2590 2003 2608 2036 ι
2657 1984 3281 2057 Ὑπερευφρανθήσομαι
3335 1987 3392 2038 ὲν
3433 1984 3642 2054 τῷΚυ-

2069 2073 2168 2145 ρίῳ
2192 2089 2328 2145 μου,
2353 2074 2454 2126 οὐκ
2483 2073 2748 2128 ἐκοπίασα
2789 2073 3203 2128 κατακολουθῶν
3229 2074 3403 2128 ὀπίσω
3433 2074 3640 2145 Κυρίου

2067 2181 2190 2234 μου.
2217 2184 2235 2218 ›
2277 2163 2698 2236 Ἀγαλλιάσομαι
2725 2161 2985 2228 τοίνυν,ὧ
3009 2164 3355 2235 φιλάνθρωπε
3375 2164 3638 2228 Δέσποτα,

2061 2256 2157 2311 ἐπὶ
2200 2259 2311 2320 τοῖς
2354 2256 2532 2326 λόγοις
2563 2274 2678 2320 σου,
2731 2257 2984 2330 καθάπερ
3030 2259 3058 2310 ό
3094 2255 3344 2328 εὑρηκὼς
3384 2255 3633 2319 πλοῦτον,

2063 2351 2157 2406 καὶ
2192 2349 2362 2404 σκύλα
2400 2349 2586 2404 πολλά.
2624 2347 2714 2404 Διὸ
2751 2350 3210 2421 ἀνταποκρίνεταί
3247 2367 3327 2402 σοι
3367 2348 3394 2400 ὁ
3421 2347 3634 2418 Σωτὴρ,

2061 2443 2154 2495 καὶ
2175 2441 2414 2510 Κτίστης
2435 2441 2540 2494 τῶν
2569 2441 2841 2504 ἁπάντων,
2871 2442 3022 2495 ὄτιπε
3032 2459 3061 2511 ρ
3083 2441 3179 2512 τὴν
3199 2441 3371 2512 χαράν
3402 2457 3515 2504 σου,
3546 2441 3637 2493 καὶ

2058 2531 2507 2604 τὴνάγαλλίασιν
2533 2531 2706 2594 οὐδεὶς
2731 2532 3070 2603 ἀποσυλῆσαι
3100 2532 3407 2602 δυνήσεται.
3449 2531 3637 2603 Μαρία

2060 2624 2168 2694 γὰρ
2194 2623 2293 2693 τὴν
2332 2621 2543 2694 ἀγαθὴν
2584 2622 2903 2690 ἐξελέξατο,
2935 2622 3042 2677 τῶν
3090 2623 3250 2677 θείων
3296 2621 3635 2693 μαθημάτων

2057 2714 2286 2786 ἀειθαλῆ
2319 2715 2532 2786 μερίδα.
2572 2715 2788 2786 Ἐπειδὴ
2816 2713 2908 2769 οῦν
2934 2714 2982 2768 oi
3011 2714 3160 2782 λόγοι
3193 2732 3291 2785 μου
3317 2714 3375 2766 ἐν
3415 2715 3497 2766 σοὶ
3534 2731 3633 2767 κα-

2057 2801 2422 2873 τασκηνοῦσι,
2454 2805 2616 2876 μνείᾳ
2650 2805 3032 2875 μνησθήσομαι
3069 2821 3164 2857 σου
3201 2806 3258 2857 ὲν
3288 2807 3353 2875 τῇ
3391 2803 3639 2876 βασιλεία

2063 2915 2184 2969 μου.
2213 2899 2320 2951 Καί
2343 2913 2355 2926 °
2393 2915 2412 2949 ι
2452 2895 2733 2968 Μηδαμῶς
2768 2897 3030 2968 φοϐηθῇς,
3072 2897 3210 2967 μετὰ
3248 2897 3344 2950 σοῦ
3375 2896 3484 2968 γὰρ
3515 2897 3636 2951 ἔσο-

2061 3005 2161 3058 μαι
2199 2987 2286 3041 διὰ
2305 2986 2528 3052 παντὸς,
2562 3006 2580 3040 ι
2613 2988 2677 3042 ὲκ
2705 2988 2885 3057 πάσης
2910 3004 2968 3040 σε
2994 2986 3353 3058 λυτρούμενος
3377 2987 3638 3057 θλίψεως,

2061 3077 2157 3131 καὶ
2184 3076 2506 3148 ἐξαρπάζων
2535 3077 2600 3130 ὲκ
2627 3077 2807 3148 χειρὸς
2841 3075 2947 3130 τῶν
2977 3075 3454 3130 ἐπιϐουλευόντων.

2353 3191 2487 3246 MB’.
2511 3220 2581 3230 —
2609 3189 2994 3243 ΧΡΥΣΕΡΩΤῙ
3021 3189 3330 3262 ΣΟΦΙΣΤῌ.

2124 3303 2186 3356 Εἰ
2219 3304 2247 3356 ὁ
2270 3301 2716 3372 πολυφωνότατος
2737 3302 2830 3356 τοῦ
2866 3302 3199 3367 Ἀπόλλωνος
3221 3302 3448 3374 τρίπους
3473 3303 3639 3373 σιγᾷν

2053 3393 2533 3466 προστεταγμένος
2582 3393 2669 3447 διὰ
2722 3394 2821 3464 τῆς
2871 3392 3139 3464 ὲνσάρκου
3195 3393 3498 3464 παρουσίας
3535 3392 3632 3445 τοῦ

2054 3485 2270 3539 πάντων
2299 3484 2570 3538 Δεσπότου
2617 3483 2856 3555 Χριστοῦ
2885 3484 3035 3556 παρὰ
3071 3483 3171 3554 τὴν
3216 3483 3324 3536 τῶν
3363 3483 3630 3554 Ἑλλήνων

2055 3575 2386 3647 προσδοκίαν
2415 3575 2736 3645 πρεπόντως
2766 3575 3104 3646 πεφίμωται,
3158 3575 3342 3639 καθὼς
3391 3577 3628 3638 ἅπαντες

2053 3666 2102 3718 οἱ
2135 3664 2233 3736 τὴν
2261 3665 2352 3735 ὑφ’
2398 3665 2532 3737 ἡλίῳ
2577 3665 2867 3736 νεμόμενοι
2901 3664 3208 3735 βλέπουσιν,
3259 3666 3405 3730 τίνος
3440 3666 3628 3719 ἕνεκεν

2053 3757 2216 3820 αὐτὸς
2242 3755 2600 3826 ὲντραπῆναι,
2625 3755 2659 3826 ἥ
2681 3755 3035 3826 αἰσχυνθῆναι
3062 3756 3124 3810 οὐ
3148 3756 3346 3826 βούλει,
3370 3757 3460 3809 τὸν
3487 3753 3632 3824 ὑπὲρ

2051 3848 2159 3900 τῶν
2187 3847 2506 3916 ἀλογίστων,
2535 3848 2629 3901 καὶ
2649 3847 2957 3902 παναθλίων
2985 3848 3122 3901 θεῶν
3145 3865 3237 3900 σου
3264 3848 3420 3916 λόγον
3446 3847 3626 3901 ποιού-

2056 3956 2238 4008 μενος,
2292 3938 2386 3992 καὶ
2433 3937 2880 4008 ἀντιποιούμενος
2930 3940 3031 4010 τῆς
3081 3938 3329 4003 ἀτοπίας,
3382 3939 3478 3992 καὶ
3525 3939 3625 4008 τῆς

2050 4031 2446 4100 ἀπροσωπίας;
2494 4029 2632 4084 Ἀλλ’
2667 4029 2824 4102 εἴπερ
2855 4031 2978 4102 ἐμοὶ
3010 4031 3294 4102 πεισθῆναι
3319 4030 3627 4102 θελήσειας,

2054 4123 2255 4193 μᾶλλον
2285 4122 2716 4194 εὐπροσωπῆσαι
2749 4122 2848 4193 τὴν
2893 4123 3135 4192 ἀφωνίαν
3186 4122 3386 4194 μᾶλλον
3423 4123 3621 4193 ἀρτίως

2052 4213 2316 4286 ζηλώσεις
2342 4213 2436 4266 τοῦ
2464 4213 2725 4285 μαντικοῦ
2748 4213 3018 4286 τρίποδος.

2365 4327 2496 4381 Ml".
2529 4357 2597 4368 —
2624 4327 2964 4398 ΦΑΥΣἸΊΝῼ
2995 4327 3303 4397 ΜΟΝΑΧῼ.

2123 4440 2187 4492 Τί
2224 4438 2416 4511 θλί6ῃ;
2450 4441 2504 4492 τί
2537 4440 2758 4508 ἀλύεις;
2788 4441 2841 4493 τί
2873 4439 3085 4512 μέμφῃ,
3125 4440 3220 4493 καὶ
3258 4437 3616 4507 καταμέμφῃ,

1977 4515 2021 4570 D
2054 4531 2423 4603 μεμψίμοιρε;
2454 4532 2519 4584 Τί
2540 4533 2954 4602 ἀνυπομόνητον
2983 4531 3178 4584 σαυτὸν
3206 4528 3492 4594 δεικνύεις,
3526 4528 3615 4580 κα)

2054 4622 2540 4694 μικροψυχότατον,
2570 4622 2644 4694 μὴ
2675 4623 2854 4693 φέρων
2875 4622 2942 4674 τὰ
2990 4621 3270 4691 συμϐάντα
3292 4638 3306 4685 ;
3332 4617 3617 4688 Μνήσθητι

2041 4712 2137 4767 τοῦ
2179 4714 2430 4779 λέγοντος
2483 4714 2540 4768 ἐν
2578 4717 2697 4777 ταῖς
2739 4713 3124 4786 παραινέσεσι·
3182 4731 3201 4764 ι
3250 4712 3470 4775 Τέκνον,
3521 4710 3616 4762 ὲάν

2043 4805 2323 4877 προσέρχῃ
2345 4804 2614 4858 δουλεύειν
2644 4804 2723 4874 τῷ
2754 4803 2970 4874 Κυρίῳ,
2999 4803 3284 4872 ἑτοίμαλσον
3314 4803 3410 4873 τὴν
3436 4803 3615 4872 ψυχήν

2043 4914 2138 4950 σου
2171 4899 2252 4960 εἰς
2290 4895 2615 4968 πειρασμὸν,
2669 4893 2889 4947 εὔθυνον
2936 4892 3034 4963 τὴν
3084 4893 3312 4962 καρδίαν
3371 4909 3486 4958 σου,
3521 4891 3615 4945 καὶ

2043 4987 2408 5056 καρτέρησον,
2457 4983 2551 5037 καὶ
2603 4983 2678 5053 μὴ
2707 4983 2999 5054 ταράττου,
3035 4981 3172 5053 μηδὲ
3202 4983 3428 5052 τάχιστα
3463 4982 3616 5053 ζήτει

2041 5077 2195 5130 λύσιν
2229 5079 2286 5130 ἐν
2314 5076 2490 5146 καιρῷ
2526 5077 2839 5147 ἐπαγωγῆς.
2871 5095 2889 5126 ι
2923 5075 3163 5127 Γίνο)σκε
3211 5078 3340 5145 γὰρ,
3370 5075 3450 5128 ὃτι
3486 5076 3615 5130 ἄνευ

2043 5167 2279 5236 κρίσεως
2308 5164 2475 5232 Θεοῦ,
2517 5164 2670 5218 οὐδὲν
2704 5164 2812 5216 τῶν
2853 5162 3116 5232 θλιϐερῶν
3154 5161 3446 5232 ἐπέρχεταί
3482 5179 3609 5215 τινι.

2041 5257 2240 5328 Διόπερ
2271 5275 2289 5308 ι
2336 5255 2632 5326 Ἀνδρίζου,
2667 5254 2761 5308 καὶ
2785 5251 3222 5323 κραταιούσθωή
3270 5252 3461 5320 καρδία
3496 5269 3610 5313 σου,

2042 5348 2137 5402 καὶ
2163 5349 2449 5417 ὑπόμεινον
2476 5347 2565 5400 τὸν
2597 5346 2818 5417 Κύριον,
2871 5364 2888 5394 ι
2927 5345 3015 5397 ἵνα
3048 5361 3106 5395 σε
3135 5343 3347 5412 ἐλεήσῃ.

441 5708 483 5739 ³⁸
513 5702 658 5767 Psal.
704 5733 886 5778 tium,
922 5718 973 5770 ι.
1053 5719 1232 5773 ³¹1ετ.
1287 5735 1416 5778 \Vll,
1471 5722 1555 5773 16.
1635 5723 1678 5753 ³⁸
1716 5717 1858 5776 l‘sal.
1887 5737 1950 5774 cx

2063 5761 2076 5782 ,
2126 5719 2245 5772 162.
2327 5719 2368 5750 ³⁸
2411 5718 2566 5773 Joan.
2602 5735 2713 5778 xvi.
2747 5718 2832 5771 22.
2911 5717 2956 5746 ⁸ο
2996 5715 3122 5770 Luc.
3163 5731 3217 5779 ς,
3260 5715 3345 5770 42.
3426 5714 3466 5747 ⁸³
3503 5719 3589 5769 ις.»

1353 5791 1396 5821 ⁸³
1445 5790 1584 5846 I‘sal.
1626 5809 1750 5853 axx,
1791 5793 1872 5845 lti.
1952 5790 1994 5822 “
2023 5789 2188 5844 ELC“.
2227 5805 2288 5855 ι,,
2324 5788 2372 5841 1.

2455 5789 2498 5820 ³⁸
2532 5788 2676 5842 Psal.
2709 5802 2853 5851 xxvi,
2887 5785 2968 5839 Η.
