  <div class='ocr_page' id='page_1' title='image "/cluster/home/n/w/nwhite01/storage/ocr_20150623/79/mdp.39015051890492/116.png"; bbox 0 0 4064 6160; ppageno 0'>
   <div class='ocr_carea' id='block_1_1' title="bbox 455 314 550 378">
    <p class='ocr_par' dir='ltr' id='par_1_1' title="bbox 455 314 550 378">
     <span class='ocr_line' id='line_1_1' title="bbox 455 314 550 378; baseline 0.011 -1"><span class='ocrx_word' id='word_1_1' title='bbox 455 314 550 378; x_wconf 67' lang='lat'><strong>217</strong></span> 
     </span>
    </p>
   </div>
   <div class='ocr_carea' id='block_1_2' title="bbox 782 427 1686 506">
    <p class='ocr_par' dir='ltr' id='par_1_2' title="bbox 782 427 1686 506">
     <span class='ocr_line' id='line_1_2' title="bbox 782 427 1686 506; baseline 0.007 -24"><span class='ocrx_word' id='word_1_2' title='bbox 782 427 905 487; x_wconf 66' lang='grc' dir='ltr'><strong>Μ.</strong></span> <span class='ocrx_word' id='word_1_3' title='bbox 937 461 1008 473; x_wconf 88' lang='grc'><strong>--</strong></span> <span class='ocrx_word' id='word_1_4' title='bbox 1035 433 1342 506; x_wconf 62' lang='lat' dir='ltr'><strong>meum;</strong></span> <span class='ocrx_word' id='word_1_5' title='bbox 1374 436 1686 505; x_wconf 74' lang='grc' dir='ltr'><strong>ΜΟΝΑΧῼ.</strong></span> 
     </span>
    </p>
   </div>
   <div class='ocr_carea' id='block_1_3' title="bbox 518 519 2021 599">
    <p class='ocr_par' dir='ltr' id='par_1_3' title="bbox 518 519 2021 599">
     <span class='ocr_line' id='line_1_3' title="bbox 518 519 2021 599; baseline -0.001 -21"><span class='ocrx_word' id='word_1_6' title='bbox 518 523 638 587; x_wconf 83' lang='grc' dir='ltr'>Πῶς</span> <span class='ocrx_word' id='word_1_7' title='bbox 675 525 876 595; x_wconf 75' lang='grc' dir='ltr'>μικρὸν</span> <span class='ocrx_word' id='word_1_8' title='bbox 919 523 1100 594; x_wconf 67' lang='grc' dir='ltr'>λέγεις</span> <span class='ocrx_word' id='word_1_9' title='bbox 1145 527 1413 599; x_wconf 74' lang='grc' dir='ltr'><strong>ὑπάρχειν</strong></span> <span class='ocrx_word' id='word_1_10' title='bbox 1469 529 1778 598; x_wconf 77' lang='grc' dir='ltr'>ἁμάρτημα</span> <span class='ocrx_word' id='word_1_11' title='bbox 1803 569 1816 591; x_wconf 93' lang='grc'><strong>,</strong></span> <span class='ocrx_word' id='word_1_12' title='bbox 1856 525 1923 578; x_wconf 85' lang='grc' dir='ltr'>δι’</span> <span class='ocrx_word' id='word_1_13' title='bbox 1957 519 2021 578; x_wconf 79' lang='grc' dir='ltr'><strong>οὗ</strong></span> 
     </span>
    </p>
   </div>
   <div class='ocr_carea' id='block_1_4' title="bbox 453 611 2024 687">
    <p class='ocr_par' dir='ltr' id='par_1_4' title="bbox 453 611 2024 687">
     <span class='ocr_line' id='line_1_4' title="bbox 453 611 2024 687; baseline 0.002 -20"><span class='ocrx_word' id='word_1_14' title='bbox 453 613 579 676; x_wconf 71' lang='grc' dir='ltr'>Θεὸς</span> <span class='ocrx_word' id='word_1_15' title='bbox 609 611 903 681; x_wconf 83' lang='grc' dir='ltr'>ἀθετεῖται,</span> <span class='ocrx_word' id='word_1_16' title='bbox 935 616 1029 667; x_wconf 73' lang='grc' dir='ltr'><strong>καὶ</strong></span> <span class='ocrx_word' id='word_1_17' title='bbox 1056 615 1188 679; x_wconf 76' lang='grc' dir='ltr'>Θεὸς</span> <span class='ocrx_word' id='word_1_18' title='bbox 1229 617 1558 686; x_wconf 76' lang='grc' dir='ltr'>ἀτιμάζεται</span> <span class='ocrx_word' id='word_1_19' title='bbox 1595 618 1684 670; x_wconf 72' lang='grc' dir='ltr'><strong>διὰ</strong></span> <span class='ocrx_word' id='word_1_20' title='bbox 1713 617 1811 687; x_wconf 81' lang='grc' dir='ltr'>τῆς</span> <span class='ocrx_word' id='word_1_21' title='bbox 1844 634 2024 686; x_wconf 82' lang='grc' dir='ltr'>παρα-</span> 
     </span>
    </p>
   </div>
   <div class='ocr_carea' id='block_1_5' title="bbox 451 703 2023 780">
    <p class='ocr_par' dir='ltr' id='par_1_5' title="bbox 451 703 2023 780">
     <span class='ocr_line' id='line_1_5' title="bbox 451 703 2023 780; baseline 0.001 -24"><span class='ocrx_word' id='word_1_22' title='bbox 451 705 658 767; x_wconf 73' lang='grc' dir='ltr'>ϐάσεως</span> <span class='ocrx_word' id='word_1_23' title='bbox 709 703 872 759; x_wconf 83' lang='grc' dir='ltr'>θείων</span> <span class='ocrx_word' id='word_1_24' title='bbox 923 706 1319 777; x_wconf 77' lang='grc' dir='ltr'>ὲνταλμάτωνς</span> <span class='ocrx_word' id='word_1_25' title='bbox 1375 709 1492 761; x_wconf 74' lang='grc' dir='ltr'>Κᾶν</span> <span class='ocrx_word' id='word_1_26' title='bbox 1543 709 1652 780; x_wconf 79' lang='grc' dir='ltr'>γὰρ</span> <span class='ocrx_word' id='word_1_27' title='bbox 1707 725 1792 770; x_wconf 88' lang='grc' dir='ltr'><strong>τις</strong></span> <span class='ocrx_word' id='word_1_28' title='bbox 1852 707 2023 778; x_wconf 82' lang='grc' dir='ltr'>ἄνδρα</span> 
     </span>
    </p>
   </div>
   <div class='ocr_carea' id='block_1_6' title="bbox 451 792 2022 868">
    <p class='ocr_par' dir='ltr' id='par_1_6' title="bbox 451 792 2022 868">
     <span class='ocr_line' id='line_1_6' title="bbox 451 792 2022 868; baseline -0.002 -19"><span class='ocrx_word' id='word_1_29' title='bbox 451 792 682 864; x_wconf 77' lang='grc' dir='ltr'><strong>φονεύσῃ</strong></span> <span class='ocrx_word' id='word_1_30' title='bbox 710 834 726 859; x_wconf 96' lang='grc'><strong>,</strong></span> <span class='ocrx_word' id='word_1_31' title='bbox 765 795 862 847; x_wconf 76' lang='grc' dir='ltr'><strong>καὶ</strong></span> <span class='ocrx_word' id='word_1_32' title='bbox 913 794 1112 864; x_wconf 80' lang='grc' dir='ltr'><strong>βρέφος</strong></span> <span class='ocrx_word' id='word_1_33' title='bbox 1166 797 1464 868; x_wconf 77' lang='grc' dir='ltr'><strong>ἀποκτείνῃ</strong></span> <span class='ocrx_word' id='word_1_34' title='bbox 1488 836 1503 859; x_wconf 89' lang='grc'><strong>,</strong></span> <span class='ocrx_word' id='word_1_35' title='bbox 1559 797 1754 867; x_wconf 67' lang='grc' dir='ltr'>φονεὺς</span> <span class='ocrx_word' id='word_1_36' title='bbox 1803 798 2022 860; x_wconf 84' lang='grc' dir='ltr'>πάντως</span> 
     </span>
    </p>
   </div>
   <div class='ocr_carea' id='block_1_7' title="bbox 449 884 2022 955">
    <p class='ocr_par' dir='ltr' id='par_1_7' title="bbox 449 884 2022 955">
     <span class='ocr_line' id='line_1_7' title="bbox 449 884 2022 955; baseline 0.002 -17"><span class='ocrx_word' id='word_1_37' title='bbox 449 884 704 954; x_wconf 57' lang='grc' dir='ltr'>ὑπάρχει,</span> <span class='ocrx_word' id='word_1_38' title='bbox 733 886 826 938; x_wconf 73' lang='grc' dir='ltr'>καὶ</span> <span class='ocrx_word' id='word_1_39' title='bbox 857 885 932 948; x_wconf 86' lang='grc' dir='ltr'>ὡς</span> <span class='ocrx_word' id='word_1_40' title='bbox 962 888 1158 953; x_wconf 83' lang='grc' dir='ltr'>φονεὺς</span> <span class='ocrx_word' id='word_1_41' title='bbox 1186 887 1454 955; x_wconf 84' lang='grc' dir='ltr'>κρίνεται.</span> <span class='ocrx_word' id='word_1_42' title='bbox 1490 888 1615 951; x_wconf 86' lang='grc' dir='ltr'>Πῶς</span> <span class='ocrx_word' id='word_1_43' title='bbox 1643 888 1819 942; x_wconf 85' lang='grc' dir='ltr'>τοίνυν</span> <span class='ocrx_word' id='word_1_44' title='bbox 1844 891 2022 954; x_wconf 84' lang='grc' dir='ltr'>ποιεῖς</span> 
     </span>
    </p>
   </div>
   <div class='ocr_carea' id='block_1_8' title="bbox 449 973 2021 1052">
    <p class='ocr_par' dir='ltr' id='par_1_8' title="bbox 449 973 2021 1052">
     <span class='ocr_line' id='line_1_8' title="bbox 449 973 2021 1052; baseline 0.003 -23"><span class='ocrx_word' id='word_1_45' title='bbox 449 977 506 1029; x_wconf 82' lang='grc' dir='ltr'><strong>τὸ</strong></span> <span class='ocrx_word' id='word_1_46' title='bbox 546 980 832 1047; x_wconf 77' lang='grc' dir='ltr'><strong>πταῖσμα,</strong></span> <span class='ocrx_word' id='word_1_47' title='bbox 877 977 944 1030; x_wconf 86' lang='grc' dir='ltr'>δι’</span> <span class='ocrx_word' id='word_1_48' title='bbox 977 973 1038 1033; x_wconf 72' lang='grc' dir='ltr'>οὗ</span> <span class='ocrx_word' id='word_1_49' title='bbox 1080 979 1304 1052; x_wconf 81' lang='grc' dir='ltr'>ἐκκλεξῃ</span> <span class='ocrx_word' id='word_1_50' title='bbox 1345 981 1446 1052; x_wconf 82' lang='grc' dir='ltr'>τῆς</span> <span class='ocrx_word' id='word_1_51' title='bbox 1482 980 1761 1052; x_wconf 77' lang='grc' dir='ltr'><strong>βασιλείας</strong></span> <span class='ocrx_word' id='word_1_52' title='bbox 1792 981 1900 1036; x_wconf 87' lang='grc' dir='ltr'><strong>τῶν</strong></span> <span class='ocrx_word' id='word_1_53' title='bbox 1934 982 2021 1034; x_wconf 80' lang='grc' dir='ltr'>ού-</span> 
     </span>
    </p>
   </div>
   <div class='ocr_carea' id='block_1_9' title="bbox 451 1084 659 1138">
    <p class='ocr_par' dir='ltr' id='par_1_9' title="bbox 451 1084 659 1138">
     <span class='ocr_line' id='line_1_9' title="bbox 451 1084 659 1138; baseline 0.005 -19"><span class='ocrx_word' id='word_1_54' title='bbox 451 1084 624 1138; x_wconf 84' lang='grc' dir='ltr'>ρανων</span> <span class='ocrx_word' id='word_1_55' title='bbox 643 1085 659 1134; x_wconf 89' lang='grc'><strong>;</strong></span> 
     </span>
    </p>
   </div>
   <div class='ocr_carea' id='block_1_10' title="bbox 955 1249 1512 1316">
    <p class='ocr_par' dir='ltr' id='par_1_10' title="bbox 955 1249 1512 1316">
     <span class='ocr_line' id='line_1_10' title="bbox 955 1249 1512 1316; baseline 0.007 -15"><span class='ocrx_word' id='word_1_56' title='bbox 955 1249 1088 1305; x_wconf 81' lang='lat' dir='ltr'><strong>ME&#39;.</strong></span> <span class='ocrx_word' id='word_1_57' title='bbox 1117 1279 1183 1295; x_wconf 88' lang='lat'><strong>—-</strong></span> <span class='ocrx_word' id='word_1_58' title='bbox 1219 1250 1301 1316; x_wconf 85' lang='grc' dir='ltr'><strong>Τῷ</strong></span> <span class='ocrx_word' id='word_1_59' title='bbox 1330 1250 1512 1316; x_wconf 81' lang='grc' dir='ltr'>αὐτῷ.</span> 
     </span>
    </p>
   </div>
   <div class='ocr_carea' id='block_1_11' title="bbox 519 1339 2021 1414">
    <p class='ocr_par' dir='ltr' id='par_1_11' title="bbox 519 1339 2021 1414">
     <span class='ocr_line' id='line_1_11' title="bbox 519 1339 2021 1414; baseline 0.001 -18"><span class='ocrx_word' id='word_1_60' title='bbox 519 1339 612 1408; x_wconf 77' lang='grc' dir='ltr'><strong>Μὴ</strong></span> <span class='ocrx_word' id='word_1_61' title='bbox 633 1340 891 1408; x_wconf 79' lang='grc' dir='ltr'>γόγγυζε,</span> <span class='ocrx_word' id='word_1_62' title='bbox 925 1342 1180 1412; x_wconf 75' lang='grc' dir='ltr'><strong>ἄνθρωπε</strong></span> <span class='ocrx_word' id='word_1_63' title='bbox 1205 1359 1219 1374; x_wconf 76' lang='grc' dir='ltr'><strong><em>ο</em></strong></span> <span class='ocrx_word' id='word_1_64' title='bbox 1249 1343 1530 1413; x_wconf 80' lang='grc' dir='ltr'>ἀλλότριον</span> <span class='ocrx_word' id='word_1_65' title='bbox 1553 1343 1660 1413; x_wconf 81' lang='grc' dir='ltr'>γὰρ</span> <span class='ocrx_word' id='word_1_66' title='bbox 1693 1344 1924 1414; x_wconf 87' lang='grc' dir='ltr'>μοναχοῦ</span> <span class='ocrx_word' id='word_1_67' title='bbox 1959 1345 2021 1398; x_wconf 72' lang='grc' dir='ltr'>τὸ</span> 
     </span>
    </p>
   </div>
   <div class='ocr_carea' id='block_1_12' title="bbox 451 1431 2017 1509">
    <p class='ocr_par' dir='ltr' id='par_1_12' title="bbox 451 1431 2017 1509">
     <span class='ocr_line' id='line_1_12' title="bbox 451 1431 2017 1509; baseline 0.005 -26"><span class='ocrx_word' id='word_1_68' title='bbox 451 1431 760 1499; x_wconf 78' lang='grc' dir='ltr'>γογγύζειν,</span> <span class='ocrx_word' id='word_1_69' title='bbox 787 1433 890 1486; x_wconf 76' lang='grc' dir='ltr'><strong>κᾶν</strong></span> <span class='ocrx_word' id='word_1_70' title='bbox 922 1434 1082 1504; x_wconf 85' lang='grc' dir='ltr'>μέχρι</span> <span class='ocrx_word' id='word_1_71' title='bbox 1109 1434 1339 1488; x_wconf 84' lang='grc' dir='ltr'>θανάτου</span> <span class='ocrx_word' id='word_1_72' title='bbox 1371 1435 1704 1488; x_wconf 79' lang='grc' dir='ltr'><strong>κινδυνεύειν</strong></span> <span class='ocrx_word' id='word_1_73' title='bbox 1745 1453 1804 1489; x_wconf 89' lang='grc' dir='ltr'><strong>σε</strong></span> <span class='ocrx_word' id='word_1_74' title='bbox 1835 1438 2017 1509; x_wconf 77' lang='grc' dir='ltr'>συμόῇ</span> 
     </span>
    </p>
   </div>
   <div class='ocr_carea' id='block_1_13' title="bbox 450 1524 2019 1598">
    <p class='ocr_par' dir='ltr' id='par_1_13' title="bbox 450 1524 2019 1598">
     <span class='ocr_line' id='line_1_13' title="bbox 450 1524 2019 1598; baseline 0.003 -22"><span class='ocrx_word' id='word_1_75' title='bbox 450 1524 798 1577; x_wconf 68' lang='grc' dir='ltr'><strong>ἐπιτελοῦντα</strong></span> <span class='ocrx_word' id='word_1_76' title='bbox 829 1527 890 1578; x_wconf 83' lang='grc' dir='ltr'><strong>τὸ</strong></span> <span class='ocrx_word' id='word_1_77' title='bbox 934 1526 1355 1596; x_wconf 78' lang='grc' dir='ltr'>ἐπιταττόμενόν</span> <span class='ocrx_word' id='word_1_78' title='bbox 1399 1544 1482 1579; x_wconf 90' lang='grc' dir='ltr'><strong>σοι</strong></span> <span class='ocrx_word' id='word_1_79' title='bbox 1527 1527 1682 1598; x_wconf 64' lang='grc' dir='ltr'>παρὰ</span> <span class='ocrx_word' id='word_1_80' title='bbox 1720 1529 1818 1598; x_wconf 84' lang='grc' dir='ltr'>τῆς</span> <span class='ocrx_word' id='word_1_81' title='bbox 1865 1528 2019 1583; x_wconf 79' lang='grc' dir='ltr'>ἀδελ-</span> 
     </span>
    </p>
   </div>
   <div class='ocr_carea' id='block_1_14' title="bbox 451 1616 2019 1687">
    <p class='ocr_par' dir='ltr' id='par_1_14' title="bbox 451 1616 2019 1687">
     <span class='ocr_line' id='line_1_14' title="bbox 451 1616 2019 1687; baseline 0.003 -21"><span class='ocrx_word' id='word_1_82' title='bbox 451 1616 698 1683; x_wconf 78' lang='grc' dir='ltr'>φότητος.</span> <span class='ocrx_word' id='word_1_83' title='bbox 733 1635 752 1667; x_wconf 78' lang='grc' dir='ltr'>ι</span> <span class='ocrx_word' id='word_1_84' title='bbox 807 1617 864 1669; x_wconf 89' lang='lat'><strong>&#39;0</strong></span> <span class='ocrx_word' id='word_1_85' title='bbox 915 1616 1022 1686; x_wconf 78' lang='grc' dir='ltr'><strong>γὰρ</strong></span> <span class='ocrx_word' id='word_1_86' title='bbox 1079 1617 1267 1686; x_wconf 80' lang='grc' dir='ltr'>ὑμῶν,</span> <span class='ocrx_word' id='word_1_87' title='bbox 1327 1619 1525 1687; x_wconf 72' lang='grc' dir='ltr'>φησιν,</span> <span class='ocrx_word' id='word_1_88' title='bbox 1583 1617 1833 1682; x_wconf 82' lang='grc' dir='ltr'>ἁκούων,</span> <span class='ocrx_word' id='word_1_89' title='bbox 1883 1618 2019 1686; x_wconf 82' lang='grc' dir='ltr'>ἐμοῦ</span> 
     </span>
    </p>
   </div>
   <div class='ocr_carea' id='block_1_15' title="bbox 450 1707 2014 1778">
    <p class='ocr_par' dir='ltr' id='par_1_15' title="bbox 450 1707 2014 1778">
     <span class='ocr_line' id='line_1_15' title="bbox 450 1707 2014 1778; baseline 0 -19"><span class='ocrx_word' id='word_1_90' title='bbox 450 1707 655 1772; x_wconf 73' lang='grc' dir='ltr'>ἀκούει,</span> <span class='ocrx_word' id='word_1_91' title='bbox 677 1709 770 1760; x_wconf 80' lang='grc' dir='ltr'><strong>καὶ</strong></span> <span class='ocrx_word' id='word_1_92' title='bbox 799 1709 827 1762; x_wconf 85' lang='grc' dir='ltr'>ὁ</span> <span class='ocrx_word' id='word_1_93' title='bbox 852 1708 1127 1778; x_wconf 78' lang='grc' dir='ltr'><strong>τολμήσας</strong></span> <span class='ocrx_word' id='word_1_94' title='bbox 1150 1708 1294 1777; x_wconf 83' lang='grc' dir='ltr'>ὑμᾶς</span> <span class='ocrx_word' id='word_1_95' title='bbox 1328 1707 1615 1776; x_wconf 82' lang='grc' dir='ltr'><strong>ἀθετῆσαι,</strong></span> <span class='ocrx_word' id='word_1_96' title='bbox 1640 1708 1740 1777; x_wconf 85' lang='grc' dir='ltr'>ἐμὲ</span> <span class='ocrx_word' id='word_1_97' title='bbox 1764 1708 1966 1761; x_wconf 83' lang='grc' dir='ltr'>ἀθετεῖ.</span> <span class='ocrx_word' id='word_1_98' title='bbox 1996 1727 2014 1759; x_wconf 75' lang='grc' dir='ltr'>ι</span> 
     </span>
    </p>
   </div>
   <div class='ocr_carea' id='block_1_16' title="bbox 1644 313 2463 378">
    <p class='ocr_par' dir='ltr' id='par_1_16' title="bbox 1644 313 2463 378">
     <span class='ocr_line' id='line_1_16' title="bbox 1644 313 2463 378; baseline 0.005 -5"><span class='ocrx_word' id='word_1_99' title='bbox 1644 313 2177 378; x_wconf 78' lang='lat' dir='ltr'><strong>EPIS’I‘OLARUM</strong></span> <span class='ocrx_word' id='word_1_100' title='bbox 2205 316 2352 377; x_wconf 80' lang='lat' dir='ltr'><strong>LIB.</strong></span> <span class='ocrx_word' id='word_1_101' title='bbox 2383 317 2463 377; x_wconf 85' lang='lat' dir='ltr'><strong>ll.</strong></span> 
     </span>
    </p>
   </div>
   <div class='ocr_carea' id='block_1_17' title="bbox 3589 315 3698 379">
    <p class='ocr_par' dir='ltr' id='par_1_17' title="bbox 3589 315 3698 379">
     <span class='ocr_line' id='line_1_17' title="bbox 3589 315 3698 379; baseline -0.009 0"><span class='ocrx_word' id='word_1_102' title='bbox 3589 315 3698 379; x_wconf 70' lang='grc'><strong>218</strong></span> 
     </span>
    </p>
   </div>
   <div class='ocr_carea' id='block_1_18' title="bbox 2414 428 3422 488">
    <p class='ocr_par' dir='ltr' id='par_1_18' title="bbox 2414 428 3422 488">
     <span class='ocr_line' id='line_1_18' title="bbox 2414 428 3422 488; baseline 0.002 -4"><span class='ocrx_word' id='word_1_103' title='bbox 2414 430 2598 488; x_wconf 73' lang='lat' dir='ltr'><strong>XLIV.</strong></span> <span class='ocrx_word' id='word_1_104' title='bbox 2627 460 2694 470; x_wconf 89' lang='lat'><strong>——</strong></span> <span class='ocrx_word' id='word_1_105' title='bbox 2723 428 3026 485; x_wconf 74' lang='lat' dir='ltr'><strong>CVRILI-0</strong></span> <span class='ocrx_word' id='word_1_106' title='bbox 3066 428 3422 486; x_wconf 77' lang='lat' dir='ltr'><strong>MONACHO.</strong></span> 
     </span>
    </p>
   </div>
   <div class='ocr_carea' id='block_1_19' title="bbox 2197 523 3704 593">
    <p class='ocr_par' dir='ltr' id='par_1_19' title="bbox 2197 523 3704 593">
     <span class='ocr_line' id='line_1_19' title="bbox 2197 523 3704 593; baseline 0.003 -16"><span class='ocrx_word' id='word_1_107' title='bbox 2197 524 2446 590; x_wconf 89' lang='lat' dir='ltr'><strong>Quanam</strong></span> <span class='ocrx_word' id='word_1_108' title='bbox 2491 523 2704 577; x_wconf 89' lang='lat' dir='ltr'><strong>ratione</strong></span> <span class='ocrx_word' id='word_1_109' title='bbox 2740 539 2964 592; x_wconf 87' lang='lat' dir='ltr'><strong>parvum</strong></span> <span class='ocrx_word' id='word_1_110' title='bbox 3006 538 3128 578; x_wconf 90' lang='lat' dir='ltr'><strong>esse</strong></span> <span class='ocrx_word' id='word_1_111' title='bbox 3159 530 3444 593; x_wconf 83' lang='lat' dir='ltr'><strong>peccatum</strong></span> <span class='ocrx_word' id='word_1_112' title='bbox 3473 534 3704 581; x_wconf 86' lang='lat' dir='ltr'><strong>conten-</strong></span> 
     </span>
    </p>
   </div>
   <div class='ocr_carea' id='block_1_20' title="bbox 2125 611 3702 683">
    <p class='ocr_par' dir='ltr' id='par_1_20' title="bbox 2125 611 3702 683">
     <span class='ocr_line' id='line_1_20' title="bbox 2125 611 3702 683; baseline -0.003 -15"><span class='ocrx_word' id='word_1_113' title='bbox 2125 615 2210 668; x_wconf 85' lang='lat' dir='ltr'><strong>dis</strong></span> <span class='ocrx_word' id='word_1_114' title='bbox 2235 656 2249 680; x_wconf 95' lang='lat'><strong>,</strong></span> <span class='ocrx_word' id='word_1_115' title='bbox 2281 614 2442 683; x_wconf 83' lang='lat' dir='ltr'><strong>cujus</strong></span> <span class='ocrx_word' id='word_1_116' title='bbox 2474 628 2638 667; x_wconf 82' lang='lat' dir='ltr'><strong>causa</strong></span> <span class='ocrx_word' id='word_1_117' title='bbox 2683 612 2827 666; x_wconf 89' lang='lat' dir='ltr'><strong>Deus</strong></span> <span class='ocrx_word' id='word_1_118' title='bbox 2884 613 3164 681; x_wconf 84' lang='lat' dir='ltr'><strong>abjicitur,</strong></span> <span class='ocrx_word' id='word_1_119' title='bbox 3206 620 3262 666; x_wconf 89' lang='lat' dir='ltr'><strong>et</strong></span> <span class='ocrx_word' id='word_1_120' title='bbox 3295 611 3437 666; x_wconf 86' lang='lat' dir='ltr'><strong>Deus</strong></span> <span class='ocrx_word' id='word_1_121' title='bbox 3486 613 3702 668; x_wconf 67' lang='lat' dir='ltr'><strong>divino.~</strong></span> 
     </span>
    </p>
   </div>
   <div class='ocr_carea' id='block_1_21' title="bbox 2123 704 3706 775">
    <p class='ocr_par' dir='ltr' id='par_1_21' title="bbox 2123 704 3706 775">
     <span class='ocr_line' id='line_1_21' title="bbox 2123 704 3706 775; baseline -0.003 -12"><span class='ocrx_word' id='word_1_122' title='bbox 2123 721 2246 763; x_wconf 89' lang='lat' dir='ltr'><strong>rum</strong></span> <span class='ocrx_word' id='word_1_123' title='bbox 2306 713 2705 775; x_wconf 70' lang='lat' dir='ltr'><strong>prmceptorum</strong></span> <span class='ocrx_word' id='word_1_124' title='bbox 2763 704 3222 774; x_wconf 65' lang='lat' dir='ltr'><strong>praevaricatione</strong></span> <span class='ocrx_word' id='word_1_125' title='bbox 3291 707 3706 760; x_wconf 81' lang='lat' dir='ltr'><strong>contemnitur?</strong></span> 
     </span>
    </p>
   </div>
   <div class='ocr_carea' id='block_1_22' title="bbox 2125 797 3705 868">
    <p class='ocr_par' dir='ltr' id='par_1_22' title="bbox 2125 797 3705 868">
     <span class='ocr_line' id='line_1_22' title="bbox 2125 797 3705 868; baseline -0.001 -14"><span class='ocrx_word' id='word_1_126' title='bbox 2125 800 2252 855; x_wconf 80' lang='lat' dir='ltr'><strong>Sive</strong></span> <span class='ocrx_word' id='word_1_127' title='bbox 2282 800 2430 855; x_wconf 89' lang='lat' dir='ltr'><strong>enim</strong></span> <span class='ocrx_word' id='word_1_128' title='bbox 2464 799 2739 868; x_wconf 93' lang='lat' dir='ltr'><strong>quispiam</strong></span> <span class='ocrx_word' id='word_1_129' title='bbox 2776 797 2954 850; x_wconf 91' lang='lat' dir='ltr'><strong>virum</strong></span> <span class='ocrx_word' id='word_1_130' title='bbox 2997 797 3271 859; x_wconf 90' lang='lat' dir='ltr'><strong>trucidet,</strong></span> <span class='ocrx_word' id='word_1_131' title='bbox 3303 797 3421 852; x_wconf 87' lang='lat' dir='ltr'><strong>sive</strong></span> <span class='ocrx_word' id='word_1_132' title='bbox 3461 799 3705 852; x_wconf 86' lang='lat' dir='ltr'><strong>infantu-</strong></span> 
     </span>
    </p>
   </div>
   <div class='ocr_carea' id='block_1_23' title="bbox 2123 887 3700 956">
    <p class='ocr_par' dir='ltr' id='par_1_23' title="bbox 2123 887 3700 956">
     <span class='ocr_line' id='line_1_23' title="bbox 2123 887 3700 956; baseline -0.002 -10"><span class='ocrx_word' id='word_1_133' title='bbox 2123 892 2234 946; x_wconf 90' lang='lat' dir='ltr'><strong>Ium</strong></span> <span class='ocrx_word' id='word_1_134' title='bbox 2284 892 2605 956; x_wconf 88' lang='lat' dir='ltr'><strong>interimat,</strong></span> <span class='ocrx_word' id='word_1_135' title='bbox 2663 887 2937 943; x_wconf 80' lang='lat' dir='ltr'><strong>homicida</strong></span> <span class='ocrx_word' id='word_1_136' title='bbox 2976 887 3155 942; x_wconf 87' lang='lat' dir='ltr'><strong>modis</strong></span> <span class='ocrx_word' id='word_1_137' title='bbox 3197 888 3456 943; x_wconf 85' lang='lat' dir='ltr'><strong>omnibus</strong></span> <span class='ocrx_word' id='word_1_138' title='bbox 3488 897 3600 952; x_wconf 89' lang='lat' dir='ltr'><strong>est,</strong></span> <span class='ocrx_word' id='word_1_139' title='bbox 3651 903 3700 944; x_wconf 89' lang='lat' dir='ltr'><strong>et</strong></span> 
     </span>
    </p>
   </div>
   <div class='ocr_carea' id='block_1_24' title="bbox 2120 979 3701 1042">
    <p class='ocr_par' dir='ltr' id='par_1_24' title="bbox 2120 979 3701 1042">
     <span class='ocr_line' id='line_1_24' title="bbox 2120 979 3701 1042; baseline -0.003 -4"><span class='ocrx_word' id='word_1_140' title='bbox 2120 985 2291 1039; x_wconf 85' lang='lat' dir='ltr'><strong>veluti</strong></span> <span class='ocrx_word' id='word_1_141' title='bbox 2348 983 2638 1038; x_wconf 72' lang='lat' dir='ltr'><strong>homicida:</strong></span> <span class='ocrx_word' id='word_1_142' title='bbox 2693 981 2812 1036; x_wconf 89' lang='lat' dir='ltr'><strong>dies</strong></span> <span class='ocrx_word' id='word_1_143' title='bbox 2873 980 2950 1034; x_wconf 89' lang='lat' dir='ltr'><strong>illi</strong></span> <span class='ocrx_word' id='word_1_144' title='bbox 3005 979 3226 1042; x_wconf 90' lang='lat' dir='ltr'><strong>dicitur,</strong></span> <span class='ocrx_word' id='word_1_145' title='bbox 3291 987 3346 1033; x_wconf 90' lang='lat' dir='ltr'><strong>et</strong></span> <span class='ocrx_word' id='word_1_146' title='bbox 3385 995 3583 1034; x_wconf 87' lang='lat' dir='ltr'><strong>nomen</strong></span> <span class='ocrx_word' id='word_1_147' title='bbox 3633 981 3701 1034; x_wconf 87' lang='lat' dir='ltr'><strong>ad</strong></span> 
     </span>
    </p>
   </div>
   <div class='ocr_carea' id='block_1_25' title="bbox 2117 1071 3701 1148">
    <p class='ocr_par' dir='ltr' id='par_1_25' title="bbox 2117 1071 3701 1148">
     <span class='ocr_line' id='line_1_25' title="bbox 2117 1071 3701 1148; baseline -0.002 -19"><span class='ocrx_word' id='word_1_148' title='bbox 2117 1077 2335 1148; x_wconf 87' lang='lat' dir='ltr'><strong>judices</strong></span> <span class='ocrx_word' id='word_1_149' title='bbox 2388 1075 2655 1130; x_wconf 74' lang='lat' dir='ltr'><strong>defertur.</strong></span> <span class='ocrx_word' id='word_1_150' title='bbox 2712 1072 2964 1138; x_wconf 86' lang='lat' dir='ltr'><strong>Quanam</strong></span> <span class='ocrx_word' id='word_1_151' title='bbox 3022 1071 3188 1141; x_wconf 82' lang='lat' dir='ltr'><strong>igitur</strong></span> <span class='ocrx_word' id='word_1_152' title='bbox 3243 1072 3457 1126; x_wconf 80' lang='lat' dir='ltr'><strong>ratione</strong></span> <span class='ocrx_word' id='word_1_153' title='bbox 3513 1072 3701 1126; x_wconf 87' lang='lat' dir='ltr'><strong>scelus</strong></span> 
     </span>
    </p>
   </div>
   <div class='ocr_carea' id='block_1_26' title="bbox 2122 1163 3704 1241">
    <p class='ocr_par' dir='ltr' id='par_1_26' title="bbox 2122 1163 3704 1241">
     <span class='ocr_line' id='line_1_26' title="bbox 2122 1163 3704 1241; baseline -0.001 -22"><span class='ocrx_word' id='word_1_154' title='bbox 2122 1178 2314 1241; x_wconf 77' lang='lat' dir='ltr'><strong>patras</strong></span> <span class='ocrx_word' id='word_1_155' title='bbox 2339 1210 2353 1233; x_wconf 90' lang='lat'><strong>,</strong></span> <span class='ocrx_word' id='word_1_156' title='bbox 2393 1183 2494 1239; x_wconf 79' lang='lat' dir='ltr'><strong>pro</strong></span> <span class='ocrx_word' id='word_1_157' title='bbox 2525 1181 2634 1237; x_wconf 88' lang='lat' dir='ltr'><strong>quo</strong></span> <span class='ocrx_word' id='word_1_158' title='bbox 2666 1181 2835 1233; x_wconf 78' lang='lat' dir='ltr'><strong>regno</strong></span> <span class='ocrx_word' id='word_1_159' title='bbox 2870 1165 3136 1218; x_wconf 73' lang='lat' dir='ltr'><strong>cmlorum</strong></span> <span class='ocrx_word' id='word_1_160' title='bbox 3173 1163 3324 1219; x_wconf 88' lang='lat' dir='ltr'><strong>foras</strong></span> <span class='ocrx_word' id='word_1_161' title='bbox 3352 1164 3704 1220; x_wconf 77' lang='lat' dir='ltr'><strong>extruderis?</strong></span> 
     </span>
    </p>
   </div>
   <div class='ocr_carea' id='block_1_27' title="bbox 2662 1256 3157 1311">
    <p class='ocr_par' dir='ltr' id='par_1_27' title="bbox 2662 1256 3157 1311">
     <span class='ocr_line' id='line_1_27' title="bbox 2662 1256 3157 1311; baseline -0.004 0"><span class='ocrx_word' id='word_1_162' title='bbox 2662 1256 2826 1311; x_wconf 71' lang='lat' dir='ltr'><strong>XLV.</strong></span> <span class='ocrx_word' id='word_1_163' title='bbox 2850 1286 2919 1296; x_wconf 86' lang='lat'><strong>--</strong></span> <span class='ocrx_word' id='word_1_164' title='bbox 2951 1256 3157 1309; x_wconf 79' lang='lat' dir='ltr'><strong>Eidem.</strong></span> 
     </span>
    </p>
   </div>
   <div class='ocr_carea' id='block_1_28' title="bbox 2189 1345 3703 1414">
    <p class='ocr_par' dir='ltr' id='par_1_28' title="bbox 2189 1345 3703 1414">
     <span class='ocr_line' id='line_1_28' title="bbox 2189 1345 3703 1414; baseline -0.005 -9"><span class='ocrx_word' id='word_1_165' title='bbox 2189 1351 2268 1407; x_wconf 88' lang='lat' dir='ltr'><strong>Nc</strong></span> <span class='ocrx_word' id='word_1_166' title='bbox 2303 1362 2654 1414; x_wconf 88' lang='lat' dir='ltr'><strong>murmures,</strong></span> <span class='ocrx_word' id='word_1_167' title='bbox 2691 1348 2765 1402; x_wconf 90' lang='lat' dir='ltr'><strong>mi</strong></span> <span class='ocrx_word' id='word_1_168' title='bbox 2803 1348 2969 1400; x_wconf 91' lang='lat' dir='ltr'><strong>homo</strong></span> <span class='ocrx_word' id='word_1_169' title='bbox 3004 1365 3016 1400; x_wconf 93' lang='lat'><strong>:</strong></span> <span class='ocrx_word' id='word_1_170' title='bbox 3055 1359 3236 1413; x_wconf 86' lang='lat' dir='ltr'><strong>neque</strong></span> <span class='ocrx_word' id='word_1_171' title='bbox 3279 1345 3432 1399; x_wconf 91' lang='lat' dir='ltr'><strong>cnim</strong></span> <span class='ocrx_word' id='word_1_172' title='bbox 3473 1345 3703 1399; x_wconf 72' lang='lat' dir='ltr'><strong>addecet</strong></span> 
     </span>
    </p>
   </div>
   <div class='ocr_carea' id='block_1_29' title="bbox 2122 1436 3702 1503">
    <p class='ocr_par' dir='ltr' id='par_1_29' title="bbox 2122 1436 3702 1503">
     <span class='ocr_line' id='line_1_29' title="bbox 2122 1436 3702 1503; baseline -0.006 -4"><span class='ocrx_word' id='word_1_173' title='bbox 2122 1443 2454 1499; x_wconf 89' lang='lat' dir='ltr'><strong>monachum</strong></span> <span class='ocrx_word' id='word_1_174' title='bbox 2493 1441 2889 1503; x_wconf 86' lang='lat' dir='ltr'><strong>murmuratio,</strong></span> <span class='ocrx_word' id='word_1_175' title='bbox 2926 1439 3051 1492; x_wconf 90' lang='lat' dir='ltr'><strong>licet</strong></span> <span class='ocrx_word' id='word_1_176' title='bbox 3075 1436 3310 1492; x_wconf 87' lang='lat' dir='ltr'><strong>evidenti</strong></span> <span class='ocrx_word' id='word_1_177' title='bbox 3342 1437 3466 1490; x_wconf 67' lang='lat' dir='ltr'><strong>vitae</strong></span> <span class='ocrx_word' id='word_1_178' title='bbox 3501 1436 3702 1490; x_wconf 83' lang='lat' dir='ltr'><strong>discri-</strong></span> 
     </span>
    </p>
   </div>
   <div class='ocr_carea' id='block_1_30' title="bbox 2122 1529 3700 1598">
    <p class='ocr_par' dir='ltr' id='par_1_30' title="bbox 2122 1529 3700 1598">
     <span class='ocr_line' id='line_1_30' title="bbox 2122 1529 3700 1598; baseline -0.009 -8"><span class='ocrx_word' id='word_1_179' title='bbox 2122 1535 2300 1597; x_wconf 88' lang='lat' dir='ltr'><strong>mine,</strong></span> <span class='ocrx_word' id='word_1_180' title='bbox 2339 1533 2438 1587; x_wconf 89' lang='lat' dir='ltr'><strong>tibi</strong></span> <span class='ocrx_word' id='word_1_181' title='bbox 2479 1549 2507 1584; x_wconf 78' lang='grc' dir='ltr'><strong>ιι</strong></span> <span class='ocrx_word' id='word_1_182' title='bbox 2549 1532 2895 1585; x_wconf 76' lang='lat' dir='ltr'><strong>fraternitate</strong></span> <span class='ocrx_word' id='word_1_183' title='bbox 2963 1529 3270 1596; x_wconf 87' lang='lat' dir='ltr'><strong>impositum</strong></span> <span class='ocrx_word' id='word_1_184' title='bbox 3329 1529 3700 1598; x_wconf 81' lang='lat' dir='ltr'><strong>peragendum</strong></span> 
     </span>
    </p>
   </div>
   <div class='ocr_carea' id='block_1_31' title="bbox 2121 1619 3699 1692">
    <p class='ocr_par' dir='ltr' id='par_1_31' title="bbox 2121 1619 3699 1692">
     <span class='ocr_line' id='line_1_31' title="bbox 2121 1619 3699 1692; baseline -0.008 -10"><span class='ocrx_word' id='word_1_185' title='bbox 2121 1627 2214 1683; x_wconf 89' lang='lat' dir='ltr'><strong>sit.</strong></span> <span class='ocrx_word' id='word_1_186' title='bbox 2256 1644 2274 1677; x_wconf 75' lang='grc' dir='ltr'><strong>ι</strong></span> <span class='ocrx_word' id='word_1_187' title='bbox 2312 1625 2416 1692; x_wconf 92' lang='lat' dir='ltr'><strong>Qui</strong></span> <span class='ocrx_word' id='word_1_188' title='bbox 2450 1625 2596 1680; x_wconf 90' lang='lat' dir='ltr'><strong>enim</strong></span> <span class='ocrx_word' id='word_1_189' title='bbox 2630 1637 2728 1677; x_wconf 90' lang='lat' dir='ltr'><strong>vos</strong></span> <span class='ocrx_word' id='word_1_190' title='bbox 2758 1621 2910 1675; x_wconf 88' lang='lat' dir='ltr'><strong>audit</strong></span> <span class='ocrx_word' id='word_1_191' title='bbox 2933 1663 2947 1684; x_wconf 88' lang='lat'><strong>,</strong></span> <span class='ocrx_word' id='word_1_192' title='bbox 3004 1622 3118 1684; x_wconf 89' lang='lat' dir='ltr'><strong>ait,</strong></span> <span class='ocrx_word' id='word_1_193' title='bbox 3161 1636 3245 1674; x_wconf 90' lang='lat' dir='ltr'><strong>me</strong></span> <span class='ocrx_word' id='word_1_194' title='bbox 3276 1621 3467 1682; x_wconf 88' lang='lat' dir='ltr'><strong>audit,</strong></span> <span class='ocrx_word' id='word_1_195' title='bbox 3517 1628 3570 1674; x_wconf 90' lang='lat' dir='ltr'><strong>et</strong></span> <span class='ocrx_word' id='word_1_196' title='bbox 3605 1619 3699 1688; x_wconf 93' lang='lat' dir='ltr'><strong>qui</strong></span> 
     </span>
    </p>
   </div>
   <div class='ocr_carea' id='block_1_32' title="bbox 2121 1709 3697 1786">
    <p class='ocr_par' dir='ltr' id='par_1_32' title="bbox 2121 1709 3697 1786">
     <span class='ocr_line' id='line_1_32' title="bbox 2121 1709 3697 1786; baseline -0.004 -17"><span class='ocrx_word' id='word_1_197' title='bbox 2121 1733 2222 1770; x_wconf 89' lang='lat' dir='ltr'><strong>vos</strong></span> <span class='ocrx_word' id='word_1_198' title='bbox 2254 1716 2496 1786; x_wconf 80' lang='lat' dir='ltr'><strong>spernit,</strong></span> <span class='ocrx_word' id='word_1_199' title='bbox 2535 1730 2620 1771; x_wconf 90' lang='lat' dir='ltr'><strong>me</strong></span> <span class='ocrx_word' id='word_1_200' title='bbox 2650 1715 2859 1782; x_wconf 82' lang='lat' dir='ltr'><strong>spernit</strong></span> <span class='ocrx_word' id='word_1_201' title='bbox 2877 1711 2924 1744; x_wconf 77' lang='lat'><strong>“</strong></span> <span class='ocrx_word' id='word_1_202' title='bbox 2960 1732 2979 1764; x_wconf 75' lang='grc' dir='ltr'><strong>ι</strong></span> <span class='ocrx_word' id='word_1_203' title='bbox 3017 1711 3081 1765; x_wconf 82' lang='lat' dir='ltr'><strong>Et</strong></span> <span class='ocrx_word' id='word_1_204' title='bbox 3128 1711 3426 1780; x_wconf 80' lang='lat' dir='ltr'><strong>Apostolus</strong></span> <span class='ocrx_word' id='word_1_205' title='bbox 3457 1709 3644 1763; x_wconf 81' lang='lat' dir='ltr'><strong>scribit</strong></span> <span class='ocrx_word' id='word_1_206' title='bbox 3684 1727 3697 1762; x_wconf 94' lang='lat'>:</span> 
     </span>
    </p>
   </div>
   <div class='ocr_carea' id='block_1_33' title="bbox 451 1785 2047 1874">
    <p class='ocr_par' dir='ltr' id='par_1_33' title="bbox 451 1799 2020 1869">
     <span class='ocr_line' id='line_1_33' title="bbox 451 1799 2020 1869; baseline 0.001 -19"><span class='ocrx_word' id='word_1_207' title='bbox 451 1800 556 1851; x_wconf 78' lang='grc' dir='ltr'>Καὶ</span> <span class='ocrx_word' id='word_1_208' title='bbox 578 1801 606 1852; x_wconf 89' lang='grc' dir='ltr'>ὁ</span> <span class='ocrx_word' id='word_1_209' title='bbox 637 1801 963 1862; x_wconf 84' lang='grc' dir='ltr'>Ἀπόστολος</span> <span class='ocrx_word' id='word_1_210' title='bbox 990 1799 1191 1869; x_wconf 81' lang='grc' dir='ltr'>γράφει</span> <span class='ocrx_word' id='word_1_211' title='bbox 1219 1816 1232 1828; x_wconf 89' lang='grc'><strong>·</strong></span> <span class='ocrx_word' id='word_1_212' title='bbox 1281 1818 1298 1850; x_wconf 81' lang='grc' dir='ltr'>ι</span> <span class='ocrx_word' id='word_1_213' title='bbox 1344 1799 1436 1869; x_wconf 79' lang='grc' dir='ltr'><strong>Μὴ</strong></span> <span class='ocrx_word' id='word_1_214' title='bbox 1478 1800 1800 1868; x_wconf 83' lang='grc' dir='ltr'>γογγύζετε.</span> <span class='ocrx_word' id='word_1_215' title='bbox 1839 1799 2020 1865; x_wconf 84' lang='grc' dir='ltr'>καθώς</span> 
     </span>
    </p>
   </div>
   <div class='ocr_carea' id='block_1_34' title="bbox 2126 1785 3700 1874">
    <p class='ocr_par' dir='ltr' id='par_1_34' title="bbox 2130 1800 3700 1874">
     <span class='ocr_line' id='line_1_34' title="bbox 2130 1800 3700 1874; baseline -0.006 -12"><span class='ocrx_word' id='word_1_216' title='bbox 2130 1830 2147 1862; x_wconf 78' lang='grc' dir='ltr'><strong>ι</strong></span> <span class='ocrx_word' id='word_1_217' title='bbox 2186 1809 2262 1864; x_wconf 77' lang='lat' dir='ltr'><strong>Ne</strong></span> <span class='ocrx_word' id='word_1_218' title='bbox 2295 1807 2775 1871; x_wconf 84' lang='lat' dir='ltr'><strong>murmuraveritis</strong></span> <span class='ocrx_word' id='word_1_219' title='bbox 2801 1845 2814 1867; x_wconf 87' lang='lat'><strong>.</strong></span> <span class='ocrx_word' id='word_1_220' title='bbox 2852 1803 3312 1874; x_wconf 75' lang='lat' dir='ltr'><strong>quemadmodum</strong></span> <span class='ocrx_word' id='word_1_221' title='bbox 3337 1817 3400 1854; x_wconf 83' lang='lat' dir='ltr'><strong>ex</strong></span> <span class='ocrx_word' id='word_1_222' title='bbox 3437 1800 3700 1856; x_wconf 83' lang='lat' dir='ltr'><strong>Israelitis</strong></span> 
     </span>
    </p>
   </div>
   <div class='ocr_carea' id='block_1_35' title="bbox 451 1890 2020 1960">
    <p class='ocr_par' dir='ltr' id='par_1_35' title="bbox 451 1890 2020 1960">
     <span class='ocr_line' id='line_1_35' title="bbox 451 1890 2020 1960; baseline 0.001 -18"><span class='ocrx_word' id='word_1_223' title='bbox 451 1908 589 1954; x_wconf 88' lang='grc' dir='ltr'>τινες</span> <span class='ocrx_word' id='word_1_224' title='bbox 638 1891 749 1943; x_wconf 80' lang='grc' dir='ltr'><strong>τῶν</strong></span> <span class='ocrx_word' id='word_1_225' title='bbox 810 1891 1156 1960; x_wconf 76' lang='grc' dir='ltr'><strong>Ἰσραηλιτῶν</strong></span> <span class='ocrx_word' id='word_1_226' title='bbox 1210 1890 1554 1958; x_wconf 82' lang='grc' dir='ltr'>ἐγόγγυσαν,</span> <span class='ocrx_word' id='word_1_227' title='bbox 1595 1893 1688 1944; x_wconf 69' lang='grc' dir='ltr'><strong>καὶ</strong></span> <span class='ocrx_word' id='word_1_228' title='bbox 1739 1892 2020 1946; x_wconf 83' lang='grc' dir='ltr'>ἀπώλοντο</span> 
     </span>
    </p>
   </div>
   <div class='ocr_carea' id='block_1_36' title="bbox 452 1979 2019 2052">
    <p class='ocr_par' dir='ltr' id='par_1_36' title="bbox 452 1979 2019 2052">
     <span class='ocr_line' id='line_1_36' title="bbox 452 1979 2019 2052; baseline 0.003 -20"><span class='ocrx_word' id='word_1_229' title='bbox 452 1980 554 2032; x_wconf 66' lang='grc' dir='ltr'>ὑπὸ</span> <span class='ocrx_word' id='word_1_230' title='bbox 583 1979 678 2032; x_wconf 78' lang='grc' dir='ltr'>τοῦ</span> <span class='ocrx_word' id='word_1_231' title='bbox 706 1979 1050 2048; x_wconf 78' lang='grc' dir='ltr'>ὀλοθρευτοῦ.</span> <span class='ocrx_word' id='word_1_232' title='bbox 1087 1998 1104 2029; x_wconf 73' lang='grc' dir='ltr'><strong>ι</strong></span> <span class='ocrx_word' id='word_1_233' title='bbox 1148 1979 1212 2032; x_wconf 81' lang='grc' dir='ltr'><strong>Εἰ</strong></span> <span class='ocrx_word' id='word_1_234' title='bbox 1245 1980 1424 2032; x_wconf 78' lang='grc' dir='ltr'><strong>τοίνυν</strong></span> <span class='ocrx_word' id='word_1_235' title='bbox 1475 1980 1655 2050; x_wconf 78' lang='grc' dir='ltr'><strong>βούλει</strong></span> <span class='ocrx_word' id='word_1_236' title='bbox 1705 1984 1780 2052; x_wconf 81' lang='grc' dir='ltr'>μὴ</span> <span class='ocrx_word' id='word_1_237' title='bbox 1820 1983 2019 2038; x_wconf 81' lang='grc' dir='ltr'>ἀπολι-</span> 
     </span>
    </p>
   </div>
   <div class='ocr_carea' id='block_1_37' title="bbox 451 2070 2019 2146">
    <p class='ocr_par' dir='ltr' id='par_1_37' title="bbox 451 2070 2019 2146">
     <span class='ocr_line' id='line_1_37' title="bbox 451 2070 2019 2146; baseline 0.003 -24"><span class='ocrx_word' id='word_1_238' title='bbox 451 2070 611 2136; x_wconf 85' lang='grc' dir='ltr'>σθαι,</span> <span class='ocrx_word' id='word_1_239' title='bbox 653 2072 908 2124; x_wconf 76' lang='grc' dir='ltr'>πέπαυσο</span> <span class='ocrx_word' id='word_1_240' title='bbox 953 2071 1063 2122; x_wconf 86' lang='grc' dir='ltr'><strong>τῶν</strong></span> <span class='ocrx_word' id='word_1_241' title='bbox 1113 2071 1466 2139; x_wconf 80' lang='grc' dir='ltr'><strong>γογγυσμῶν.</strong></span> <span class='ocrx_word' id='word_1_242' title='bbox 1523 2073 1595 2125; x_wconf 84' lang='grc' dir='ltr'><em>Ἦ</em></span> <span class='ocrx_word' id='word_1_243' title='bbox 1641 2072 1760 2136; x_wconf 87' lang='grc' dir='ltr'><strong>πῶς</strong></span> <span class='ocrx_word' id='word_1_244' title='bbox 1818 2075 2019 2146; x_wconf 79' lang='grc' dir='ltr'>δυνήσῃ</span> 
     </span>
    </p>
   </div>
   <div class='ocr_carea' id='block_1_38' title="bbox 452 2160 2018 2232">
    <p class='ocr_par' dir='ltr' id='par_1_38' title="bbox 452 2160 2018 2232">
     <span class='ocr_line' id='line_1_38' title="bbox 452 2160 2018 2232; baseline 0.003 -19"><span class='ocrx_word' id='word_1_245' title='bbox 452 2161 585 2232; x_wconf 63' lang='grc' dir='ltr'>πρὸς</span> <span class='ocrx_word' id='word_1_246' title='bbox 621 2160 826 2230; x_wconf 85' lang='grc' dir='ltr'>Κύριον</span> <span class='ocrx_word' id='word_1_247' title='bbox 853 2161 1181 2214; x_wconf 84' lang='grc' dir='ltr'>διαπετάσαι</span> <span class='ocrx_word' id='word_1_248' title='bbox 1210 2160 1308 2220; x_wconf 73' lang='grc' dir='ltr'>τὰς</span> <span class='ocrx_word' id='word_1_249' title='bbox 1337 2164 1524 2230; x_wconf 82' lang='grc' dir='ltr'>χεῖρας</span> <span class='ocrx_word' id='word_1_250' title='bbox 1542 2201 1558 2226; x_wconf 84' lang='grc'><em>,</em></span> <span class='ocrx_word' id='word_1_251' title='bbox 1601 2164 1696 2216; x_wconf 69' lang='lat' dir='ltr'><strong>xui.</strong></span> <span class='ocrx_word' id='word_1_252' title='bbox 1742 2163 2018 2230; x_wconf 77' lang='grc' dir='ltr'>εὖξασθαι,</span> 
     </span>
    </p>
   </div>
   <div class='ocr_carea' id='block_1_39' title="bbox 450 2247 2018 2322">
    <p class='ocr_par' dir='ltr' id='par_1_39' title="bbox 450 2247 2018 2322">
     <span class='ocr_line' id='line_1_39' title="bbox 450 2247 2018 2322; baseline 0.003 -21"><span class='ocrx_word' id='word_1_253' title='bbox 450 2249 589 2302; x_wconf 72' lang='grc' dir='ltr'>κατὰ</span> <span class='ocrx_word' id='word_1_254' title='bbox 618 2249 718 2318; x_wconf 78' lang='grc' dir='ltr'><strong>τὴν</strong></span> <span class='ocrx_word' id='word_1_255' title='bbox 752 2249 1050 2317; x_wconf 77' lang='grc' dir='ltr'>παράδοσιν</span> <span class='ocrx_word' id='word_1_256' title='bbox 1079 2247 1178 2302; x_wconf 81' lang='grc' dir='ltr'><strong>τοῦ</strong></span> <span class='ocrx_word' id='word_1_257' title='bbox 1219 2249 1542 2302; x_wconf 79' lang='grc' dir='ltr'>Ἀποστόλου</span> <span class='ocrx_word' id='word_1_258' title='bbox 1564 2290 1578 2311; x_wconf 87' lang='grc'><strong>,</strong></span> <span class='ocrx_word' id='word_1_259' title='bbox 1630 2251 1796 2322; x_wconf 76' lang='grc' dir='ltr'>χωρὶς</span> <span class='ocrx_word' id='word_1_260' title='bbox 1831 2253 2018 2322; x_wconf 84' lang='grc' dir='ltr'>ὀργῆς,</span> 
     </span>
    </p>
   </div>
   <div class='ocr_carea' id='block_1_40' title="bbox 444 2339 2014 2415">
    <p class='ocr_par' dir='ltr' id='par_1_40' title="bbox 444 2339 2014 2415">
     <span class='ocr_line' id='line_1_40' title="bbox 444 2339 2014 2415; baseline 0.004 -23"><span class='ocrx_word' id='word_1_261' title='bbox 444 2342 543 2392; x_wconf 82' lang='grc' dir='ltr'><strong>καί</strong></span> <span class='ocrx_word' id='word_1_262' title='bbox 577 2339 945 2409; x_wconf 76' lang='grc' dir='ltr'>διαλογισμῶν</span> <span class='ocrx_word' id='word_1_263' title='bbox 967 2358 980 2370; x_wconf 93' lang='grc'>·</span> <span class='ocrx_word' id='word_1_264' title='bbox 1006 2341 1080 2394; x_wconf 85' lang='grc' dir='ltr'><strong>Τὸ</strong></span> <span class='ocrx_word' id='word_1_265' title='bbox 1109 2339 1217 2411; x_wconf 73' lang='grc' dir='ltr'>γὰρ</span> <span class='ocrx_word' id='word_1_266' title='bbox 1244 2341 1534 2407; x_wconf 70' lang='grc' dir='ltr'>γογγύζειν</span> <span class='ocrx_word' id='word_1_267' title='bbox 1565 2341 1756 2413; x_wconf 81' lang='grc' dir='ltr'>κύημα</span> <span class='ocrx_word' id='word_1_268' title='bbox 1780 2344 2014 2415; x_wconf 77' lang='grc' dir='ltr'><strong>ὑπάρχει</strong></span> 
     </span>
    </p>
   </div>
   <div class='ocr_carea' id='block_1_41' title="bbox 451 2433 954 2503">
    <p class='ocr_par' dir='ltr' id='par_1_41' title="bbox 451 2433 954 2503">
     <span class='ocr_line' id='line_1_41' title="bbox 451 2433 954 2503; baseline -0.006 -15"><span class='ocrx_word' id='word_1_269' title='bbox 451 2433 645 2503; x_wconf 76' lang='grc' dir='ltr'>ὁρτῆς.</span> <span class='ocrx_word' id='word_1_270' title='bbox 949 2481 954 2485; x_wconf 87' lang='grc'>.</span> 
     </span>
    </p>
   </div>
   <div class='ocr_carea' id='block_1_42' title="bbox 755 2523 1714 2598">
    <p class='ocr_par' dir='ltr' id='par_1_42' title="bbox 755 2523 1714 2598">
     <span class='ocr_line' id='line_1_42' title="bbox 755 2523 1714 2598; baseline 0.003 -20"><span class='ocrx_word' id='word_1_271' title='bbox 755 2523 899 2591; x_wconf 62' lang='lat' dir='ltr'><strong>MG&#39;.</strong></span> <span class='ocrx_word' id='word_1_272' title='bbox 927 2553 996 2564; x_wconf 89' lang='lat'><strong>--</strong></span> <span class='ocrx_word' id='word_1_273' title='bbox 1025 2525 1365 2597; x_wconf 77' lang='grc' dir='ltr'><strong>ΗΛΙΟΔΩΡῼ</strong></span> <span class='ocrx_word' id='word_1_274' title='bbox 1404 2527 1714 2598; x_wconf 80' lang='grc' dir='ltr'><strong>ΜΟΝΑΧῼ.</strong></span> 
     </span>
    </p>
   </div>
   <div class='ocr_carea' id='block_1_43' title="bbox 489 2611 2021 2691">
    <p class='ocr_par' dir='ltr' id='par_1_43' title="bbox 489 2611 2021 2691">
     <span class='ocr_line' id='line_1_43' title="bbox 489 2611 2021 2691; baseline 0.006 -26"><span class='ocrx_word' id='word_1_275' title='bbox 489 2611 644 2666; x_wconf 86' lang='grc' dir='ltr'>Ὅσοι</span> <span class='ocrx_word' id='word_1_276' title='bbox 677 2615 777 2683; x_wconf 82' lang='grc' dir='ltr'>μὲν</span> <span class='ocrx_word' id='word_1_277' title='bbox 809 2614 1022 2678; x_wconf 80' lang='grc' dir='ltr'><strong>πολλοῖς</strong></span> <span class='ocrx_word' id='word_1_278' title='bbox 1054 2616 1256 2679; x_wconf 85' lang='grc' dir='ltr'>πόνοις,</span> <span class='ocrx_word' id='word_1_279' title='bbox 1299 2618 1395 2674; x_wconf 74' lang='grc' dir='ltr'>,καὶ</span> <span class='ocrx_word' id='word_1_280' title='bbox 1452 2617 1659 2688; x_wconf 81' lang='grc' dir='ltr'>ἱδρῶσι,</span> <span class='ocrx_word' id='word_1_281' title='bbox 1705 2620 1800 2672; x_wconf 75' lang='grc' dir='ltr'>καὶ</span> <span class='ocrx_word' id='word_1_282' title='bbox 1842 2621 2021 2691; x_wconf 81' lang='grc' dir='ltr'>χρόνῳ</span> 
     </span>
    </p>
   </div>
   <div class='ocr_carea' id='block_1_44' title="bbox 453 2703 2020 2781">
    <p class='ocr_par' dir='ltr' id='par_1_44' title="bbox 453 2703 2020 2781">
     <span class='ocr_line' id='line_1_44' title="bbox 453 2703 2020 2781; baseline 0.004 -25"><span class='ocrx_word' id='word_1_283' title='bbox 453 2703 649 2775; x_wconf 83' lang='grc' dir='ltr'>μακρῷ</span> <span class='ocrx_word' id='word_1_284' title='bbox 694 2705 992 2774; x_wconf 86' lang='grc' dir='ltr'>μαχόμενοι</span> <span class='ocrx_word' id='word_1_285' title='bbox 1012 2707 1132 2772; x_wconf 85' lang='grc' dir='ltr'>ταῖς</span> <span class='ocrx_word' id='word_1_286' title='bbox 1159 2706 1390 2780; x_wconf 79' lang='grc' dir='ltr'>ἡδοναῖς,</span> <span class='ocrx_word' id='word_1_287' title='bbox 1432 2709 1584 2780; x_wconf 87' lang='grc' dir='ltr'>μόλις</span> <span class='ocrx_word' id='word_1_288' title='bbox 1617 2710 1748 2763; x_wconf 90' lang='grc' dir='ltr'><strong>ποτέ</strong></span> <span class='ocrx_word' id='word_1_289' title='bbox 1776 2710 1878 2763; x_wconf 78' lang='grc' dir='ltr'><strong>’τοῦ</strong></span> <span class='ocrx_word' id='word_1_290' title='bbox 1922 2729 2020 2781; x_wconf 83' lang='grc' dir='ltr'>χα-</span> 
     </span>
    </p>
   </div>
   <div class='ocr_carea' id='block_1_45' title="bbox 455 2799 2020 2874">
    <p class='ocr_par' dir='ltr' id='par_1_45' title="bbox 455 2799 2020 2874">
     <span class='ocr_line' id='line_1_45' title="bbox 455 2799 2020 2874; baseline 0.003 -23"><span class='ocrx_word' id='word_1_291' title='bbox 455 2801 714 2872; x_wconf 79' lang='grc' dir='ltr'>ρίσματος</span> <span class='ocrx_word' id='word_1_292' title='bbox 746 2799 1010 2871; x_wconf 79' lang='grc' dir='ltr'><strong>ἐπέτυχον</strong></span> <span class='ocrx_word' id='word_1_293' title='bbox 1054 2801 1156 2871; x_wconf 83' lang='grc' dir='ltr'>τῆς</span> <span class='ocrx_word' id='word_1_294' title='bbox 1205 2801 1472 2865; x_wconf 80' lang='grc' dir='ltr'>ἀπαθείας</span> <span class='ocrx_word' id='word_1_295' title='bbox 1497 2842 1512 2863; x_wconf 88' lang='grc'><strong>,</strong></span> <span class='ocrx_word' id='word_1_296' title='bbox 1548 2801 1760 2867; x_wconf 81' lang='grc' dir='ltr'>τούτοις</span> <span class='ocrx_word' id='word_1_297' title='bbox 1806 2821 2020 2874; x_wconf 81' lang='grc' dir='ltr'>συγχω-</span> 
     </span>
    </p>
   </div>
   <div class='ocr_carea' id='block_1_46' title="bbox 454 2891 2022 2964">
    <p class='ocr_par' dir='ltr' id='par_1_46' title="bbox 454 2891 2022 2964">
     <span class='ocr_line' id='line_1_46' title="bbox 454 2891 2022 2964; baseline 0.003 -20"><span class='ocrx_word' id='word_1_298' title='bbox 454 2894 703 2962; x_wconf 78' lang='grc' dir='ltr'>ρήσωμεν</span> <span class='ocrx_word' id='word_1_299' title='bbox 749 2893 1040 2962; x_wconf 82' lang='grc' dir='ltr'>συντυχίας</span> <span class='ocrx_word' id='word_1_300' title='bbox 1073 2891 1342 2949; x_wconf 82' lang='grc' dir='ltr'>ποιεῖσθαι</span> <span class='ocrx_word' id='word_1_301' title='bbox 1377 2892 1513 2964; x_wconf 84' lang='grc' dir='ltr'>πρὸς</span> <span class='ocrx_word' id='word_1_302' title='bbox 1537 2893 2022 2964; x_wconf 79' lang='grc' dir='ltr'>ἁσκητρίας.”οσοι</span> 
     </span>
    </p>
   </div>
   <div class='ocr_carea' id='block_1_47' title="bbox 451 2981 2018 3055">
    <p class='ocr_par' dir='ltr' id='par_1_47' title="bbox 451 2981 2018 3055">
     <span class='ocr_line' id='line_1_47' title="bbox 451 2981 2018 3055; baseline 0.002 -20"><span class='ocrx_word' id='word_1_303' title='bbox 451 2984 506 3035; x_wconf 79' lang='grc' dir='ltr'>δὲ</span> <span class='ocrx_word' id='word_1_304' title='bbox 540 2984 680 3036; x_wconf 84' lang='grc' dir='ltr'>κατά</span> <span class='ocrx_word' id='word_1_305' title='bbox 711 3000 772 3036; x_wconf 87' lang='grc' dir='ltr'><strong>σε</strong></span> <span class='ocrx_word' id='word_1_306' title='bbox 816 2984 1015 3037; x_wconf 84' lang='grc' dir='ltr'>πάθεσι</span> <span class='ocrx_word' id='word_1_307' title='bbox 1050 2981 1352 3054; x_wconf 78' lang='grc' dir='ltr'>φιληδόνοις</span> <span class='ocrx_word' id='word_1_308' title='bbox 1387 2986 1811 3055; x_wconf 79' lang='grc' dir='ltr'>πεφορτισμένοι</span> <span class='ocrx_word' id='word_1_309' title='bbox 1857 2986 2018 3050; x_wconf 78' lang='grc' dir='ltr'>εἰσὶν,</span> 
     </span>
    </p>
   </div>
   <div class='ocr_carea' id='block_1_48' title="bbox 451 3073 2016 3146">
    <p class='ocr_par' dir='ltr' id='par_1_48' title="bbox 451 3073 2016 3146">
     <span class='ocr_line' id='line_1_48' title="bbox 451 3073 2016 3146; baseline 0.002 -20"><span class='ocrx_word' id='word_1_310' title='bbox 451 3074 817 3145; x_wconf 74' lang='grc' dir='ltr'>εἰργέσθωσαν</span> <span class='ocrx_word' id='word_1_311' title='bbox 837 3076 938 3144; x_wconf 84' lang='grc' dir='ltr'><strong>τῆς</strong></span> <span class='ocrx_word' id='word_1_312' title='bbox 959 3073 1216 3144; x_wconf 83' lang='grc' dir='ltr'>τοιαύτης</span> <span class='ocrx_word' id='word_1_313' title='bbox 1245 3073 1670 3146; x_wconf 74' lang='grc' dir='ltr'>σφαλερωτάτης</span> <span class='ocrx_word' id='word_1_314' title='bbox 1705 3076 2016 3145; x_wconf 70' lang='grc' dir='ltr'>ἐντεύξεως,</span> 
     </span>
    </p>
   </div>
   <div class='ocr_carea' id='block_1_49' title="bbox 453 3166 2020 3238">
    <p class='ocr_par' dir='ltr' id='par_1_49' title="bbox 453 3166 2020 3238">
     <span class='ocr_line' id='line_1_49' title="bbox 453 3166 2020 3238; baseline 0.001 -20"><span class='ocrx_word' id='word_1_315' title='bbox 453 3167 540 3220; x_wconf 78' lang='grc' dir='ltr'>ἵνα</span> <span class='ocrx_word' id='word_1_316' title='bbox 571 3167 644 3237; x_wconf 79' lang='grc' dir='ltr'>μὴ</span> <span class='ocrx_word' id='word_1_317' title='bbox 680 3168 774 3219; x_wconf 74' lang='grc' dir='ltr'><strong>καὶ</strong></span> <span class='ocrx_word' id='word_1_318' title='bbox 804 3166 904 3229; x_wconf 82' lang='grc' dir='ltr'>τὰς</span> <span class='ocrx_word' id='word_1_319' title='bbox 933 3167 1069 3229; x_wconf 81' lang='grc' dir='ltr'>ιδίας</span> <span class='ocrx_word' id='word_1_320' title='bbox 1112 3166 1314 3236; x_wconf 81' lang='grc' dir='ltr'>ψυχὰς,</span> <span class='ocrx_word' id='word_1_321' title='bbox 1347 3167 1442 3220; x_wconf 75' lang='grc' dir='ltr'>καὶ</span> <span class='ocrx_word' id='word_1_322' title='bbox 1471 3166 1571 3229; x_wconf 73' lang='grc' dir='ltr'><strong>τὰς</strong></span> <span class='ocrx_word' id='word_1_323' title='bbox 1604 3167 1890 3238; x_wconf 78' lang='grc' dir='ltr'>ἀλλοτρίας</span> <span class='ocrx_word' id='word_1_324' title='bbox 1939 3171 2020 3232; x_wconf 89' lang='grc' dir='ltr'><strong>είς</strong></span> 
     </span>
    </p>
   </div>
   <div class='ocr_carea' id='block_1_50' title="bbox 455 3259 2017 3330">
    <p class='ocr_par' dir='ltr' id='par_1_50' title="bbox 455 3259 2017 3330">
     <span class='ocr_line' id='line_1_50' title="bbox 455 3259 2017 3330; baseline 0.001 -19"><span class='ocrx_word' id='word_1_325' title='bbox 455 3259 725 3330; x_wconf 76' lang='grc' dir='ltr'>βάραθρον</span> <span class='ocrx_word' id='word_1_326' title='bbox 765 3259 1014 3328; x_wconf 78' lang='grc' dir='ltr'>ῥίψωσιν.</span> <span class='ocrx_word' id='word_1_327' title='bbox 1062 3260 1227 3312; x_wconf 75' lang='grc' dir='ltr'>’Δνευ</span> <span class='ocrx_word' id='word_1_328' title='bbox 1273 3259 1382 3329; x_wconf 82' lang='grc' dir='ltr'>γὰρ</span> <span class='ocrx_word' id='word_1_329' title='bbox 1427 3261 1805 3330; x_wconf 81' lang='grc' dir='ltr'>ἀπαραιτήτου</span> <span class='ocrx_word' id='word_1_330' title='bbox 1853 3261 2017 3324; x_wconf 75' lang='grc' dir='ltr'>τινὸς,</span> 
     </span>
    </p>
   </div>
   <div class='ocr_carea' id='block_1_51' title="bbox 453 3350 2021 3424">
    <p class='ocr_par' dir='ltr' id='par_1_51' title="bbox 453 3350 2021 3424">
     <span class='ocr_line' id='line_1_51' title="bbox 453 3350 2021 3424; baseline 0.001 -21"><span class='ocrx_word' id='word_1_331' title='bbox 453 3353 546 3403; x_wconf 73' lang='grc' dir='ltr'><strong>καὶ</strong></span> <span class='ocrx_word' id='word_1_332' title='bbox 568 3351 902 3418; x_wconf 70' lang='grc' dir='ltr'>οάναγκαίας</span> <span class='ocrx_word' id='word_1_333' title='bbox 932 3351 1144 3424; x_wconf 81' lang='grc' dir='ltr'>χρείας,</span> <span class='ocrx_word' id='word_1_334' title='bbox 1177 3351 1237 3403; x_wconf 82' lang='grc' dir='ltr'>ού</span> <span class='ocrx_word' id='word_1_335' title='bbox 1271 3351 1350 3403; x_wconf 90' lang='grc' dir='ltr'><strong>δεῖ</strong></span> <span class='ocrx_word' id='word_1_336' title='bbox 1385 3350 1604 3420; x_wconf 77' lang='grc' dir='ltr'>βλέπειν</span> <span class='ocrx_word' id='word_1_337' title='bbox 1639 3351 1882 3422; x_wconf 75' lang='grc' dir='ltr'>θηλείας,</span> <span class='ocrx_word' id='word_1_338' title='bbox 1916 3353 2021 3407; x_wconf 81' lang='grc' dir='ltr'><strong>κᾶν</strong></span> 
     </span>
    </p>
   </div>
   <div class='ocr_carea' id='block_1_52' title="bbox 452 3436 2020 3514">
    <p class='ocr_par' dir='ltr' id='par_1_52' title="bbox 452 3436 2020 3514">
     <span class='ocr_line' id='line_1_52' title="bbox 452 3436 2020 3514; baseline 0.003 -20"><span class='ocrx_word' id='word_1_339' title='bbox 452 3441 733 3495; x_wconf 79' lang='grc' dir='ltr'>κανονικαὶ</span> <span class='ocrx_word' id='word_1_340' title='bbox 763 3436 886 3507; x_wconf 78' lang='grc' dir='ltr'>ὦσι,</span> <span class='ocrx_word' id='word_1_341' title='bbox 921 3442 1021 3495; x_wconf 74' lang='grc' dir='ltr'><strong>κᾶν</strong></span> <span class='ocrx_word' id='word_1_342' title='bbox 1055 3441 1336 3512; x_wconf 85' lang='grc' dir='ltr'>κοσμικαί.</span> <span class='ocrx_word' id='word_1_343' title='bbox 1369 3441 1494 3505; x_wconf 88' lang='grc' dir='ltr'>Τοῖς</span> <span class='ocrx_word' id='word_1_344' title='bbox 1523 3442 1581 3495; x_wconf 77' lang='grc' dir='ltr'>δὲ</span> <span class='ocrx_word' id='word_1_345' title='bbox 1617 3444 2020 3514; x_wconf 75' lang='grc' dir='ltr'>προτρέπουσιν</span> 
     </span>
    </p>
   </div>
   <div class='ocr_carea' id='block_1_53' title="bbox 453 3533 2016 3607">
    <p class='ocr_par' dir='ltr' id='par_1_53' title="bbox 453 3533 2016 3607">
     <span class='ocr_line' id='line_1_53' title="bbox 453 3533 2016 3607; baseline 0.004 -22"><span class='ocrx_word' id='word_1_346' title='bbox 453 3534 602 3602; x_wconf 79' lang='grc' dir='ltr'>ἡμᾶς</span> <span class='ocrx_word' id='word_1_347' title='bbox 644 3533 722 3594; x_wconf 83' lang='grc' dir='ltr'>εἰς</span> <span class='ocrx_word' id='word_1_348' title='bbox 765 3533 889 3595; x_wconf 74' lang='grc' dir='ltr'>τοὺς</span> <span class='ocrx_word' id='word_1_349' title='bbox 930 3533 1138 3586; x_wconf 77' lang='grc' dir='ltr'>ἑαυτῶν</span> <span class='ocrx_word' id='word_1_350' title='bbox 1180 3534 1363 3596; x_wconf 84' lang='grc' dir='ltr'>οῖκους</span> <span class='ocrx_word' id='word_1_351' title='bbox 1416 3533 1690 3604; x_wconf 83' lang='grc' dir='ltr'>βιωτικοῖς</span> <span class='ocrx_word' id='word_1_352' title='bbox 1737 3537 2016 3607; x_wconf 76' lang='grc' dir='ltr'>ἀνδράσιν,</span> 
     </span>
    </p>
   </div>
   <div class='ocr_carea' id='block_1_54' title="bbox 452 3623 2020 3696">
    <p class='ocr_par' dir='ltr' id='par_1_54' title="bbox 452 3623 2020 3696">
     <span class='ocr_line' id='line_1_54' title="bbox 452 3623 2020 3696; baseline 0.004 -19"><span class='ocrx_word' id='word_1_353' title='bbox 452 3624 595 3677; x_wconf 82' lang='grc' dir='ltr'>ὥστε</span> <span class='ocrx_word' id='word_1_354' title='bbox 628 3623 768 3694; x_wconf 83' lang='grc' dir='ltr'>ὑπὲρ</span> <span class='ocrx_word' id='word_1_355' title='bbox 796 3624 970 3677; x_wconf 71' lang='grc' dir='ltr'>αὐτῶν</span> <span class='ocrx_word' id='word_1_356' title='bbox 994 3625 1322 3696; x_wconf 84' lang='grc' dir='ltr'>ποιήσασθαι</span> <span class='ocrx_word' id='word_1_357' title='bbox 1357 3628 1687 3696; x_wconf 78' lang='grc' dir='ltr'>προσευχὰς,</span> <span class='ocrx_word' id='word_1_358' title='bbox 1713 3626 1930 3683; x_wconf 80' lang='grc' dir='ltr'>λεκτέον</span> <span class='ocrx_word' id='word_1_359' title='bbox 1959 3631 2020 3684; x_wconf 78' lang='grc' dir='ltr'>τὸ</span> 
     </span>
    </p>
   </div>
   <div class='ocr_carea' id='block_1_55' title="bbox 451 3717 2024 3791">
    <p class='ocr_par' dir='ltr' id='par_1_55' title="bbox 451 3717 2024 3791">
     <span class='ocr_line' id='line_1_55' title="bbox 451 3717 2024 3791; baseline 0.004 -23"><span class='ocrx_word' id='word_1_360' title='bbox 451 3717 544 3770; x_wconf 77' lang='grc' dir='ltr'><strong>τοῦ</strong></span> <span class='ocrx_word' id='word_1_361' title='bbox 584 3717 920 3784; x_wconf 84' lang='grc' dir='ltr'>Εὑαγγελίου</span> <span class='ocrx_word' id='word_1_362' title='bbox 951 3719 1007 3770; x_wconf 85' lang='grc' dir='ltr'><strong>ἐν</strong></span> <span class='ocrx_word' id='word_1_363' title='bbox 1041 3719 1508 3788; x_wconf 82' lang='grc' dir='ltr'>ταπεινοφροσύνῃ</span> <span class='ocrx_word' id='word_1_364' title='bbox 1532 3757 1547 3782; x_wconf 88' lang='grc'><strong>,</strong></span> <span class='ocrx_word' id='word_1_365' title='bbox 1590 3720 1672 3772; x_wconf 84' lang='grc' dir='ltr'><strong>ὅτι</strong></span> <span class='ocrx_word' id='word_1_366' title='bbox 1700 3737 1714 3751; x_wconf 76' lang='grc' dir='ltr'><strong>ο</strong></span> <span class='ocrx_word' id='word_1_367' title='bbox 1759 3722 1873 3773; x_wconf 80' lang='grc' dir='ltr'>Ούκ</span> <span class='ocrx_word' id='word_1_368' title='bbox 1907 3721 2024 3791; x_wconf 71' lang='grc' dir='ltr'>είμὶ</span> 
     </span>
    </p>
   </div>
   <div class='ocr_carea' id='block_1_56' title="bbox 457 3807 2020 3878">
    <p class='ocr_par' dir='ltr' id='par_1_56' title="bbox 457 3807 2020 3878">
     <span class='ocr_line' id='line_1_56' title="bbox 457 3807 2020 3878; baseline 0.004 -19"><span class='ocrx_word' id='word_1_369' title='bbox 457 3807 638 3870; x_wconf 69' lang='grc' dir='ltr'>ἱκανὸς</span> <span class='ocrx_word' id='word_1_370' title='bbox 684 3809 742 3859; x_wconf 87' lang='grc' dir='ltr'><strong>ἐν</strong></span> <span class='ocrx_word' id='word_1_371' title='bbox 789 3808 1030 3878; x_wconf 83' lang='grc' dir='ltr'>ἀρεταῖς,</span> <span class='ocrx_word' id='word_1_372' title='bbox 1068 3807 1152 3860; x_wconf 82' lang='grc' dir='ltr'>ἵνα</span> <span class='ocrx_word' id='word_1_373' title='bbox 1189 3808 1416 3860; x_wconf 76' lang='grc' dir='ltr'>εἰσέλθω</span> <span class='ocrx_word' id='word_1_374' title='bbox 1444 3811 1526 3871; x_wconf 84' lang='grc' dir='ltr'>εἰς</span> <span class='ocrx_word' id='word_1_375' title='bbox 1565 3809 1657 3861; x_wconf 72' lang='grc' dir='ltr'><strong>τὸν</strong></span> <span class='ocrx_word' id='word_1_376' title='bbox 1707 3807 1854 3863; x_wconf 79' lang='grc' dir='ltr'>οἶκόν</span> <span class='ocrx_word' id='word_1_377' title='bbox 1893 3830 2020 3865; x_wconf 81' lang='grc' dir='ltr'><strong>σου⁹</strong></span> 
     </span>
    </p>
   </div>
   <div class='ocr_carea' id='block_1_57' title="bbox 456 3900 2024 3974">
    <p class='ocr_par' dir='ltr' id='par_1_57' title="bbox 456 3900 2024 3974">
     <span class='ocr_line' id='line_1_57' title="bbox 456 3900 2024 3974; baseline 0.004 -22"><span class='ocrx_word' id='word_1_378' title='bbox 456 3900 577 3952; x_wconf 73' lang='grc' dir='ltr'>ἐπεὶ</span> <span class='ocrx_word' id='word_1_379' title='bbox 632 3900 688 3953; x_wconf 86' lang='grc' dir='ltr'><strong>δέ</strong></span> <span class='ocrx_word' id='word_1_380' title='bbox 721 3900 994 3964; x_wconf 85' lang='grc' dir='ltr'>πιστεύεις</span> <span class='ocrx_word' id='word_1_381' title='bbox 1027 3901 1352 3969; x_wconf 84' lang='grc' dir='ltr'>ὡφελεῖσθαι</span> <span class='ocrx_word' id='word_1_382' title='bbox 1389 3901 1456 3955; x_wconf 89' lang='grc' dir='ltr'>δι’</span> <span class='ocrx_word' id='word_1_383' title='bbox 1495 3903 1660 3973; x_wconf 80' lang='grc' dir='ltr'>εὐχῆς</span> <span class='ocrx_word' id='word_1_384' title='bbox 1699 3904 1809 3957; x_wconf 89' lang='grc' dir='ltr'><strong>τῶν</strong></span> <span class='ocrx_word' id='word_1_385' title='bbox 1859 3923 2024 3974; x_wconf 89' lang='grc' dir='ltr'>μονα-</span> 
     </span>
    </p>
   </div>
   <div class='ocr_carea' id='block_1_58' title="bbox 457 3991 2024 4062">
    <p class='ocr_par' dir='ltr' id='par_1_58' title="bbox 457 3991 2024 4062">
     <span class='ocr_line' id='line_1_58' title="bbox 457 3991 2024 4062; baseline 0.004 -18"><span class='ocrx_word' id='word_1_386' title='bbox 457 3991 590 4062; x_wconf 85' lang='grc' dir='ltr'>χῶν,</span> <span class='ocrx_word' id='word_1_387' title='bbox 631 4012 648 4044; x_wconf 81' lang='grc' dir='ltr'><strong>ι</strong></span> <span class='ocrx_word' id='word_1_388' title='bbox 675 3992 913 4062; x_wconf 80' lang='grc' dir='ltr'>γενέσθω</span> <span class='ocrx_word' id='word_1_389' title='bbox 965 4011 1068 4058; x_wconf 87' lang='grc' dir='ltr'>σοι,</span> <span class='ocrx_word' id='word_1_390' title='bbox 1127 3992 1302 4056; x_wconf 85' lang='grc' dir='ltr'>καθὼς</span> <span class='ocrx_word' id='word_1_391' title='bbox 1335 3994 1429 4047; x_wconf 72' lang='grc' dir='ltr'>καὶ</span> <span class='ocrx_word' id='word_1_392' title='bbox 1485 3995 1831 4059; x_wconf 82' lang='grc' dir='ltr'>ἐπίστευσας.</span> <span class='ocrx_word' id='word_1_393' title='bbox 1867 4017 1884 4048; x_wconf 76' lang='grc' dir='ltr'><strong>ι</strong></span> <span class='ocrx_word' id='word_1_394' title='bbox 1917 3999 2024 4051; x_wconf 76' lang='grc' dir='ltr'>Καὶ</span> 
     </span>
    </p>
   </div>
   <div class='ocr_carea' id='block_1_59' title="bbox 457 4085 2025 4158">
    <p class='ocr_par' dir='ltr' id='par_1_59' title="bbox 457 4085 2025 4158">
     <span class='ocr_line' id='line_1_59' title="bbox 457 4085 2025 4158; baseline 0.002 -18"><span class='ocrx_word' id='word_1_395' title='bbox 457 4086 655 4149; x_wconf 84' lang='grc' dir='ltr'>πάντες</span> <span class='ocrx_word' id='word_1_396' title='bbox 707 4086 762 4138; x_wconf 79' lang='grc' dir='ltr'>δὲ</span> <span class='ocrx_word' id='word_1_397' title='bbox 818 4088 868 4138; x_wconf 77' lang='lat' dir='ltr'><strong>oi</strong></span> <span class='ocrx_word' id='word_1_398' title='bbox 917 4085 1240 4152; x_wconf 78' lang='grc' dir='ltr'>ἀγαπῶντες</span> <span class='ocrx_word' id='word_1_399' title='bbox 1289 4085 1386 4157; x_wconf 77' lang='grc' dir='ltr'><strong>τὴν</strong></span> <span class='ocrx_word' id='word_1_400' title='bbox 1433 4087 1705 4158; x_wconf 80' lang='grc' dir='ltr'>ἡμετέραν</span> <span class='ocrx_word' id='word_1_401' title='bbox 1754 4089 2025 4143; x_wconf 78' lang='grc' dir='ltr'>εὐτέλειαν</span> 
     </span>
    </p>
   </div>
   <div class='ocr_carea' id='block_1_60' title="bbox 455 4175 2022 4250">
    <p class='ocr_par' dir='ltr' id='par_1_60' title="bbox 455 4175 2022 4250">
     <span class='ocr_line' id='line_1_60' title="bbox 455 4175 2022 4250; baseline 0.003 -22"><span class='ocrx_word' id='word_1_402' title='bbox 455 4177 692 4246; x_wconf 85' lang='grc' dir='ltr'>πατέρες</span> <span class='ocrx_word' id='word_1_403' title='bbox 741 4177 836 4230; x_wconf 79' lang='grc' dir='ltr'><strong>καὶ</strong></span> <span class='ocrx_word' id='word_1_404' title='bbox 869 4175 1090 4246; x_wconf 76' lang='grc' dir='ltr'>ἀδελφοὶ</span> <span class='ocrx_word' id='word_1_405' title='bbox 1134 4177 1651 4248; x_wconf 81' lang='grc' dir='ltr'>παρακληθήσονται</span> <span class='ocrx_word' id='word_1_406' title='bbox 1700 4180 1833 4250; x_wconf 76' lang='grc' dir='ltr'>παρ’</span> <span class='ocrx_word' id='word_1_407' title='bbox 1889 4180 2022 4250; x_wconf 79' lang='grc' dir='ltr'>ἐμοῦ</span> 
     </span>
    </p>
   </div>
   <div class='ocr_carea' id='block_1_61' title="bbox 457 4268 2028 4341">
    <p class='ocr_par' dir='ltr' id='par_1_61' title="bbox 457 4268 2028 4341">
     <span class='ocr_line' id='line_1_61' title="bbox 457 4268 2028 4341; baseline 0.003 -21"><span class='ocrx_word' id='word_1_408' title='bbox 457 4268 859 4337; x_wconf 82' lang='grc' dir='ltr'>προσεύξασθαι</span> <span class='ocrx_word' id='word_1_409' title='bbox 910 4268 1147 4339; x_wconf 83' lang='grc' dir='ltr'>γνησίως</span> <span class='ocrx_word' id='word_1_410' title='bbox 1188 4269 1327 4340; x_wconf 81' lang='grc' dir='ltr'>ὑπὲρ</span> <span class='ocrx_word' id='word_1_411' title='bbox 1374 4268 1483 4322; x_wconf 89' lang='grc' dir='ltr'><strong>τῶν</strong></span> <span class='ocrx_word' id='word_1_412' title='bbox 1535 4269 1834 4340; x_wconf 82' lang='grc' dir='ltr'>δεηθέντων</span> <span class='ocrx_word' id='word_1_413' title='bbox 1888 4270 2028 4341; x_wconf 55' lang='grc' dir='ltr'>βιωὲ</span> 
     </span>
    </p>
   </div>
   <div class='ocr_carea' id='block_1_62' title="bbox 453 4377 641 4415">
    <p class='ocr_par' dir='ltr' id='par_1_62' title="bbox 453 4377 641 4415">
     <span class='ocr_line' id='line_1_62' title="bbox 453 4377 641 4415; baseline 0.016 -3"><span class='ocrx_word' id='word_1_414' title='bbox 453 4377 619 4413; x_wconf 85' lang='grc' dir='ltr'>τικων</span> <span class='ocrx_word' id='word_1_415' title='bbox 626 4401 641 4415; x_wconf 75' lang='grc' dir='ltr'><strong>ι</strong></span> 
     </span>
    </p>
   </div>
   <div class='ocr_carea' id='block_1_63' title="bbox 2120 1889 3696 1972">
    <p class='ocr_par' dir='ltr' id='par_1_63' title="bbox 2120 1889 3696 1972">
     <span class='ocr_line' id='line_1_63' title="bbox 2120 1889 3696 1972; baseline -0.008 -20"><span class='ocrx_word' id='word_1_416' title='bbox 2120 1903 2212 1972; x_wconf 85' lang='lat' dir='ltr'><strong>qui</strong></span> <span class='ocrx_word' id='word_1_417' title='bbox 2234 1906 2672 1960; x_wconf 83' lang='lat' dir='ltr'><strong>inurinurarunt,</strong></span> <span class='ocrx_word' id='word_1_418' title='bbox 2694 1905 2749 1950; x_wconf 91' lang='lat' dir='ltr'><strong>et</strong></span> <span class='ocrx_word' id='word_1_419' title='bbox 2766 1897 3051 1965; x_wconf 88' lang='lat' dir='ltr'><strong>perierunt</strong></span> <span class='ocrx_word' id='word_1_420' title='bbox 3070 1894 3138 1948; x_wconf 85' lang='lat' dir='ltr'><strong>ab</strong></span> <span class='ocrx_word' id='word_1_421' title='bbox 3150 1893 3580 1948; x_wconf 78' lang='lat' dir='ltr'><strong>exterminatore</strong></span> <span class='ocrx_word' id='word_1_422' title='bbox 3594 1889 3659 1941; x_wconf 75' lang='grc'><strong>⁸⁷.</strong></span> <span class='ocrx_word' id='word_1_423' title='bbox 3675 1908 3696 1940; x_wconf 71' lang='grc' dir='ltr'><strong>ι</strong></span> 
     </span>
    </p>
   </div>
   <div class='ocr_carea' id='block_1_64' title="bbox 2119 1987 3694 2063">
    <p class='ocr_par' dir='ltr' id='par_1_64' title="bbox 2119 1987 3694 2063">
     <span class='ocr_line' id='line_1_64' title="bbox 2119 1987 3694 2063; baseline -0.01 -15"><span class='ocrx_word' id='word_1_424' title='bbox 2119 1993 2308 2063; x_wconf 83' lang='lat' dir='ltr'><strong>Itaque</strong></span> <span class='ocrx_word' id='word_1_425' title='bbox 2339 1993 2383 2047; x_wconf 90' lang='lat' dir='ltr'><strong>si</strong></span> <span class='ocrx_word' id='word_1_426' title='bbox 2420 1991 2497 2044; x_wconf 91' lang='lat' dir='ltr'><strong>tui</strong></span> <span class='ocrx_word' id='word_1_427' title='bbox 2535 1991 2686 2044; x_wconf 84' lang='lat' dir='ltr'><strong>salus</strong></span> <span class='ocrx_word' id='word_1_428' title='bbox 2721 2003 2869 2042; x_wconf 71' lang='lat' dir='ltr'><strong>cura:</strong></span> <span class='ocrx_word' id='word_1_429' title='bbox 2904 1987 2998 2041; x_wconf 89' lang='lat' dir='ltr'><strong>tibi</strong></span> <span class='ocrx_word' id='word_1_430' title='bbox 3029 1994 3113 2041; x_wconf 88' lang='lat' dir='ltr'><strong>est</strong></span> <span class='ocrx_word' id='word_1_431' title='bbox 3135 2026 3150 2048; x_wconf 83' lang='lat'><strong>,</strong></span> <span class='ocrx_word' id='word_1_432' title='bbox 3185 1999 3344 2040; x_wconf 88' lang='lat' dir='ltr'><strong>cessa</strong></span> <span class='ocrx_word' id='word_1_433' title='bbox 3385 1997 3413 2036; x_wconf 89' lang='lat' dir='ltr'><strong>a</strong></span> <span class='ocrx_word' id='word_1_434' title='bbox 3445 1997 3694 2036; x_wconf 90' lang='lat' dir='ltr'><strong>murmu-</strong></span> 
     </span>
    </p>
   </div>
   <div class='ocr_carea' id='block_1_65' title="bbox 2121 2073 3698 2147">
    <p class='ocr_par' dir='ltr' id='par_1_65' title="bbox 2121 2073 3698 2147">
     <span class='ocr_line' id='line_1_65' title="bbox 2121 2073 3698 2147; baseline -0.011 -6"><span class='ocrx_word' id='word_1_435' title='bbox 2121 2085 2458 2141; x_wconf 85' lang='lat' dir='ltr'><strong>ratiouibus.</strong></span> <span class='ocrx_word' id='word_1_436' title='bbox 2494 2079 2593 2135; x_wconf 91' lang='lat' dir='ltr'><strong>Sin</strong></span> <span class='ocrx_word' id='word_1_437' title='bbox 2646 2083 2864 2144; x_wconf 88' lang='lat' dir='ltr'><strong>minus,</strong></span> <span class='ocrx_word' id='word_1_438' title='bbox 2899 2076 3178 2147; x_wconf 87' lang='lat' dir='ltr'><strong>quomodo</strong></span> <span class='ocrx_word' id='word_1_439' title='bbox 3252 2074 3459 2144; x_wconf 88' lang='lat' dir='ltr'><strong>poteris</strong></span> <span class='ocrx_word' id='word_1_440' title='bbox 3489 2073 3552 2125; x_wconf 87' lang='lat' dir='ltr'><strong>ad</strong></span> <span class='ocrx_word' id='word_1_441' title='bbox 3593 2073 3698 2124; x_wconf 80' lang='lat' dir='ltr'><strong>Ilo-</strong></span> 
     </span>
    </p>
   </div>
   <div class='ocr_carea' id='block_1_66' title="bbox 2121 2163 3698 2239">
    <p class='ocr_par' dir='ltr' id='par_1_66' title="bbox 2121 2163 3698 2239">
     <span class='ocr_line' id='line_1_66' title="bbox 2121 2163 3698 2239; baseline -0.008 -11"><span class='ocrx_word' id='word_1_442' title='bbox 2121 2177 2332 2229; x_wconf 91' lang='lat' dir='ltr'><strong>minum</strong></span> <span class='ocrx_word' id='word_1_443' title='bbox 2381 2187 2576 2226; x_wconf 89' lang='lat' dir='ltr'><strong>manus</strong></span> <span class='ocrx_word' id='word_1_444' title='bbox 2630 2168 2987 2239; x_wconf 85' lang='lat' dir='ltr'><strong>protendere,</strong></span> <span class='ocrx_word' id='word_1_445' title='bbox 3027 2179 3330 2235; x_wconf 88' lang='lat' dir='ltr'><strong>precesque</strong></span> <span class='ocrx_word' id='word_1_446' title='bbox 3383 2163 3698 2222; x_wconf 65' lang='lat' dir='ltr'><strong>emundere‘,</strong></span> 
     </span>
    </p>
   </div>
   <div class='ocr_carea' id='block_1_67' title="bbox 2120 2254 3696 2335">
    <p class='ocr_par' dir='ltr' id='par_1_67' title="bbox 2120 2254 3696 2335">
     <span class='ocr_line' id='line_1_67' title="bbox 2120 2254 3696 2335; baseline -0.01 -14"><span class='ocrx_word' id='word_1_447' title='bbox 2120 2275 2179 2321; x_wconf 93' lang='lat' dir='ltr'><strong>ut</strong></span> <span class='ocrx_word' id='word_1_448' title='bbox 2213 2265 2512 2335; x_wconf 85' lang='lat' dir='ltr'><strong>Apostolus</strong></span> <span class='ocrx_word' id='word_1_449' title='bbox 2537 2261 2824 2324; x_wconf 83' lang='lat' dir='ltr'><strong>tradebat,</strong></span> <span class='ocrx_word' id='word_1_450' title='bbox 2852 2259 3063 2328; x_wconf 87' lang='lat' dir='ltr'><strong>absque</strong></span> <span class='ocrx_word' id='word_1_451' title='bbox 3103 2257 3184 2310; x_wconf 89' lang='lat' dir='ltr'><strong>ira</strong></span> <span class='ocrx_word' id='word_1_452' title='bbox 3216 2266 3270 2311; x_wconf 90' lang='lat' dir='ltr'><strong>et</strong></span> <span class='ocrx_word' id='word_1_453' title='bbox 3300 2254 3696 2325; x_wconf 81' lang='lat' dir='ltr'><strong>disputationi-</strong></span> 
     </span>
    </p>
   </div>
   <div class='ocr_carea' id='block_1_68' title="bbox 2120 2347 3663 2422">
    <p class='ocr_par' dir='ltr' id='par_1_68' title="bbox 2120 2347 3663 2422">
     <span class='ocr_line' id='line_1_68' title="bbox 2120 2347 3663 2422; baseline -0.008 -9"><span class='ocrx_word' id='word_1_454' title='bbox 2120 2359 2226 2414; x_wconf 88' lang='lat' dir='ltr'><strong>bus</strong></span> <span class='ocrx_word' id='word_1_455' title='bbox 2254 2357 2344 2410; x_wconf 72' lang='grc'><strong>⁸⁸2</strong></span> <span class='ocrx_word' id='word_1_456' title='bbox 2381 2353 2749 2410; x_wconf 78' lang='lat' dir='ltr'><strong>Murmuratio</strong></span> <span class='ocrx_word' id='word_1_457' title='bbox 2781 2365 3020 2422; x_wconf 86' lang='lat' dir='ltr'><strong>namque</strong></span> <span class='ocrx_word' id='word_1_458' title='bbox 3052 2347 3351 2404; x_wconf 68' lang='lat' dir='ltr'><strong>iracundia:</strong></span> <span class='ocrx_word' id='word_1_459' title='bbox 3383 2347 3528 2401; x_wconf 87' lang='lat' dir='ltr'><strong>fctus</strong></span> <span class='ocrx_word' id='word_1_460' title='bbox 3557 2355 3663 2401; x_wconf 83' lang='lat' dir='ltr'><strong>est.</strong></span> 
     </span>
    </p>
   </div>
   <div class='ocr_carea' id='block_1_69' title="bbox 2268 2528 3556 2611">
    <p class='ocr_par' dir='ltr' id='par_1_69' title="bbox 2268 2528 3556 2611">
     <span class='ocr_line' id='line_1_69' title="bbox 2268 2528 3556 2611; baseline -0.012 -13"><span class='ocrx_word' id='word_1_461' title='bbox 2268 2539 2428 2611; x_wconf 76' lang='lat'><strong>138</strong></span> <span class='ocrx_word' id='word_1_462' title='bbox 2458 2536 2642 2592; x_wconf 71' lang='lat' dir='ltr'><strong>XLVI.</strong></span> <span class='ocrx_word' id='word_1_463' title='bbox 2676 2565 2742 2576; x_wconf 97' lang='lat'><strong>—</strong></span> <span class='ocrx_word' id='word_1_464' title='bbox 2772 2530 3167 2588; x_wconf 78' lang='lat' dir='ltr'><strong>HELIODORO</strong></span> <span class='ocrx_word' id='word_1_465' title='bbox 3207 2528 3556 2584; x_wconf 73' lang='lat' dir='ltr'><strong>MONACIIO.</strong></span> 
     </span>
    </p>
   </div>
   <div class='ocr_carea' id='block_1_70' title="bbox 2193 2619 3702 2701">
    <p class='ocr_par' dir='ltr' id='par_1_70' title="bbox 2193 2619 3702 2701">
     <span class='ocr_line' id='line_1_70' title="bbox 2193 2619 3702 2701; baseline -0.013 -14"><span class='ocrx_word' id='word_1_466' title='bbox 2193 2633 2523 2701; x_wconf 81' lang='lat' dir='ltr'><strong>Quicunque</strong></span> <span class='ocrx_word' id='word_1_467' title='bbox 2578 2627 2769 2683; x_wconf 88' lang='lat' dir='ltr'><strong>multis</strong></span> <span class='ocrx_word' id='word_1_468' title='bbox 2807 2625 3094 2680; x_wconf 85' lang='lat' dir='ltr'><strong>laboribus</strong></span> <span class='ocrx_word' id='word_1_469' title='bbox 3151 2630 3202 2677; x_wconf 90' lang='lat' dir='ltr'><strong>et</strong></span> <span class='ocrx_word' id='word_1_470' title='bbox 3251 2619 3589 2682; x_wconf 82' lang='lat' dir='ltr'><strong>sudoribus,</strong></span> <span class='ocrx_word' id='word_1_471' title='bbox 3648 2623 3702 2669; x_wconf 88' lang='lat' dir='ltr'><strong>et</strong></span> 
     </span>
    </p>
   </div>
   <div class='ocr_carea' id='block_1_71' title="bbox 2121 2709 3698 2793">
    <p class='ocr_par' dir='ltr' id='par_1_71' title="bbox 2121 2709 3698 2793">
     <span class='ocr_line' id='line_1_71' title="bbox 2121 2709 3698 2793; baseline -0.014 -13"><span class='ocrx_word' id='word_1_472' title='bbox 2121 2723 2288 2793; x_wconf 82' lang='lat' dir='ltr'><strong>longo</strong></span> <span class='ocrx_word' id='word_1_473' title='bbox 2349 2729 2595 2790; x_wconf 89' lang='lat' dir='ltr'><strong>tempore</strong></span> <span class='ocrx_word' id='word_1_474' title='bbox 2658 2733 2783 2771; x_wconf 91' lang='lat' dir='ltr'><strong>cum</strong></span> <span class='ocrx_word' id='word_1_475' title='bbox 2842 2713 3219 2784; x_wconf 74' lang='lat' dir='ltr'><strong>voluptatibus</strong></span> <span class='ocrx_word' id='word_1_476' title='bbox 3280 2709 3698 2769; x_wconf 84' lang='lat' dir='ltr'><strong>conﬂictantes,</strong></span> 
     </span>
    </p>
   </div>
   <div class='ocr_carea' id='block_1_72' title="bbox 2121 2801 3701 2882">
    <p class='ocr_par' dir='ltr' id='par_1_72' title="bbox 2121 2801 3701 2882">
     <span class='ocr_line' id='line_1_72' title="bbox 2121 2801 3701 2882; baseline -0.015 -10"><span class='ocrx_word' id='word_1_477' title='bbox 2121 2817 2341 2874; x_wconf 78' lang='lat' dir='ltr'><strong>tandem</strong></span> <span class='ocrx_word' id='word_1_478' title='bbox 2376 2810 2674 2882; x_wconf 87' lang='lat' dir='ltr'><strong>aliquando</strong></span> <span class='ocrx_word' id='word_1_479' title='bbox 2708 2810 2784 2863; x_wconf 91' lang='lat' dir='ltr'><strong>ita</strong></span> <span class='ocrx_word' id='word_1_480' title='bbox 2837 2807 3026 2861; x_wconf 85' lang='lat' dir='ltr'><strong>animo</strong></span> <span class='ocrx_word' id='word_1_481' title='bbox 3074 2801 3378 2873; x_wconf 83' lang='lat' dir='ltr'><strong>comparati</strong></span> <span class='ocrx_word' id='word_1_482' title='bbox 3432 2807 3591 2863; x_wconf 89' lang='lat' dir='ltr'><strong>sunt,</strong></span> <span class='ocrx_word' id='word_1_483' title='bbox 3641 2807 3701 2851; x_wconf 94' lang='lat' dir='ltr'><strong>ut</strong></span> 
     </span>
    </p>
   </div>
   <div class='ocr_carea' id='block_1_73' title="bbox 2123 2891 3703 2976">
    <p class='ocr_par' dir='ltr' id='par_1_73' title="bbox 2123 2891 3703 2976">
     <span class='ocr_line' id='line_1_73' title="bbox 2123 2891 3703 2976; baseline -0.013 -12"><span class='ocrx_word' id='word_1_484' title='bbox 2123 2910 2294 2964; x_wconf 88' lang='lat' dir='ltr'><strong>nullis</strong></span> <span class='ocrx_word' id='word_1_485' title='bbox 2325 2901 2833 2976; x_wconf 71' lang='lat' dir='ltr'><strong>perturbationibus</strong></span> <span class='ocrx_word' id='word_1_486' title='bbox 2864 2902 3335 2955; x_wconf 78' lang='lat' dir='ltr'><strong>commoveantur,</strong></span> <span class='ocrx_word' id='word_1_487' title='bbox 3366 2891 3434 2946; x_wconf 89' lang='lat' dir='ltr'><strong>iis</strong></span> <span class='ocrx_word' id='word_1_488' title='bbox 3473 2905 3569 2959; x_wconf 83' lang='lat' dir='ltr'><strong>per</strong></span> <span class='ocrx_word' id='word_1_489' title='bbox 3601 2903 3703 2943; x_wconf 84' lang='lat' dir='ltr'><strong>nos</strong></span> 
     </span>
    </p>
   </div>
   <div class='ocr_carea' id='block_1_74' title="bbox 2123 2990 3701 3060">
    <p class='ocr_par' dir='ltr' id='par_1_74' title="bbox 2123 2990 3701 3060">
     <span class='ocr_line' id='line_1_74' title="bbox 2123 2990 3701 3060; baseline -0.016 -4"><span class='ocrx_word' id='word_1_490' title='bbox 2123 3001 2361 3056; x_wconf 75' lang='lat' dir='ltr'><strong>facultas</strong></span> <span class='ocrx_word' id='word_1_491' title='bbox 2417 2998 2524 3060; x_wconf 86' lang='lat' dir='ltr'><strong>sit,</strong></span> <span class='ocrx_word' id='word_1_492' title='bbox 2582 2990 3036 3048; x_wconf 85' lang='lat' dir='ltr'><strong>consuetudinem</strong></span> <span class='ocrx_word' id='word_1_493' title='bbox 3100 2998 3519 3051; x_wconf 78' lang='lat' dir='ltr'><strong>sermonemque</strong></span> <span class='ocrx_word' id='word_1_494' title='bbox 3575 2995 3701 3034; x_wconf 87' lang='lat' dir='ltr'><strong>cum</strong></span> 
     </span>
    </p>
   </div>
   <div class='ocr_carea' id='block_1_75' title="bbox 2127 3073 3702 3147">
    <p class='ocr_par' dir='ltr' id='par_1_75' title="bbox 2127 3073 3702 3147">
     <span class='ocr_line' id='line_1_75' title="bbox 2127 3073 3702 3147; baseline -0.015 0"><span class='ocrx_word' id='word_1_495' title='bbox 2127 3090 2454 3147; x_wconf 83' lang='lat' dir='ltr'><strong>mulieribus</strong></span> <span class='ocrx_word' id='word_1_496' title='bbox 2497 3101 2620 3141; x_wconf 82' lang='lat' dir='ltr'><strong>sese</strong></span> <span class='ocrx_word' id='word_1_497' title='bbox 2665 3081 3058 3138; x_wconf 81' lang='lat' dir='ltr'><strong>exercentibus</strong></span> <span class='ocrx_word' id='word_1_498' title='bbox 3105 3077 3332 3131; x_wconf 85' lang='lat' dir='ltr'><strong>habere.</strong></span> <span class='ocrx_word' id='word_1_499' title='bbox 3385 3073 3491 3139; x_wconf 88' lang='lat' dir='ltr'><strong>Qui</strong></span> <span class='ocrx_word' id='word_1_500' title='bbox 3530 3087 3702 3137; x_wconf 87' lang='lat' dir='ltr'><strong>vero,</strong></span> 
     </span>
    </p>
   </div>
   <div class='ocr_carea' id='block_1_76' title="bbox 2129 3166 3707 3240">
    <p class='ocr_par' dir='ltr' id='par_1_76' title="bbox 2129 3166 3707 3240">
     <span class='ocr_line' id='line_1_76' title="bbox 2129 3166 3707 3240; baseline -0.013 -3"><span class='ocrx_word' id='word_1_501' title='bbox 2129 3193 2186 3237; x_wconf 94' lang='lat' dir='ltr'><strong>ut</strong></span> <span class='ocrx_word' id='word_1_502' title='bbox 2217 3188 2335 3234; x_wconf 90' lang='lat' dir='ltr'><strong>tute</strong></span> <span class='ocrx_word' id='word_1_503' title='bbox 2364 3194 2454 3240; x_wconf 88' lang='lat' dir='ltr'><strong>es,</strong></span> <span class='ocrx_word' id='word_1_504' title='bbox 2489 3171 2880 3228; x_wconf 68' lang='lat' dir='ltr'><strong>affectionibus</strong></span> <span class='ocrx_word' id='word_1_505' title='bbox 2913 3170 2978 3223; x_wconf 88' lang='lat' dir='ltr'><strong>ad</strong></span> <span class='ocrx_word' id='word_1_506' title='bbox 3011 3171 3320 3238; x_wconf 86' lang='lat' dir='ltr'><strong>voluptates</strong></span> <span class='ocrx_word' id='word_1_507' title='bbox 3356 3166 3546 3236; x_wconf 90' lang='lat' dir='ltr'><strong>pronis</strong></span> <span class='ocrx_word' id='word_1_508' title='bbox 3577 3180 3707 3216; x_wconf 87' lang='lat' dir='ltr'><strong>unc-</strong></span> 
     </span>
    </p>
   </div>
   <div class='ocr_carea' id='block_1_77' title="bbox 2127 3252 3705 3337">
    <p class='ocr_par' dir='ltr' id='par_1_77' title="bbox 2127 3252 3705 3337">
     <span class='ocr_line' id='line_1_77' title="bbox 2127 3252 3705 3337; baseline -0.016 -6"><span class='ocrx_word' id='word_1_509' title='bbox 2127 3282 2340 3336; x_wconf 87' lang='lat' dir='ltr'><strong>rantur,</strong></span> <span class='ocrx_word' id='word_1_510' title='bbox 2378 3272 2446 3324; x_wconf 86' lang='lat' dir='ltr'><strong>ab</strong></span> <span class='ocrx_word' id='word_1_511' title='bbox 2476 3267 2863 3337; x_wconf 80' lang='lat' dir='ltr'><strong>hujuscemodi</strong></span> <span class='ocrx_word' id='word_1_512' title='bbox 2896 3257 3391 3332; x_wconf 54' lang='lat' dir='ltr'><strong>periculosissin‘iis</strong></span> <span class='ocrx_word' id='word_1_513' title='bbox 3415 3252 3705 3322; x_wconf 83' lang='lat' dir='ltr'><strong>colloquiis</strong></span> 
     </span>
    </p>
   </div>
   <div class='ocr_carea' id='block_1_78' title="bbox 2131 3343 3707 3428">
    <p class='ocr_par' dir='ltr' id='par_1_78' title="bbox 2131 3343 3707 3428">
     <span class='ocr_line' id='line_1_78' title="bbox 2131 3343 3707 3428; baseline -0.018 -8"><span class='ocrx_word' id='word_1_514' title='bbox 2131 3369 2448 3426; x_wconf 82' lang='lat' dir='ltr'><strong>arceantur,</strong></span> <span class='ocrx_word' id='word_1_515' title='bbox 2485 3375 2551 3411; x_wconf 89' lang='lat' dir='ltr'><strong>ne</strong></span> <span class='ocrx_word' id='word_1_516' title='bbox 2579 3355 2830 3428; x_wconf 84' lang='lat' dir='ltr'><strong>pr0prias</strong></span> <span class='ocrx_word' id='word_1_517' title='bbox 2865 3351 3078 3405; x_wconf 89' lang='lat' dir='ltr'><strong>animas</strong></span> <span class='ocrx_word' id='word_1_518' title='bbox 3110 3344 3504 3415; x_wconf 77' lang='lat' dir='ltr'><strong>alienasque&#39;iu</strong></span> <span class='ocrx_word' id='word_1_519' title='bbox 3543 3343 3707 3396; x_wconf 88' lang='lat' dir='ltr'><strong>bara-</strong></span> 
     </span>
    </p>
   </div>
   <div class='ocr_carea' id='block_1_79' title="bbox 2131 3436 3705 3524">
    <p class='ocr_par' dir='ltr' id='par_1_79' title="bbox 2131 3436 3705 3524">
     <span class='ocr_line' id='line_1_79' title="bbox 2131 3436 3705 3524; baseline -0.018 -11"><span class='ocrx_word' id='word_1_520' title='bbox 2131 3459 2315 3513; x_wconf 86' lang='lat' dir='ltr'><strong>thrum</strong></span> <span class='ocrx_word' id='word_1_521' title='bbox 2355 3451 2723 3524; x_wconf 70' lang='lat' dir='ltr'><strong>praecipitent.</strong></span> <span class='ocrx_word' id='word_1_522' title='bbox 2769 3445 2993 3514; x_wconf 83' lang='lat' dir='ltr'><strong>Absque</strong></span> <span class='ocrx_word' id='word_1_523' title='bbox 3016 3443 3161 3498; x_wconf 88' lang='lat' dir='ltr'><strong>enim</strong></span> <span class='ocrx_word' id='word_1_524' title='bbox 3198 3436 3514 3494; x_wconf 81' lang='lat' dir='ltr'><strong>necessario</strong></span> <span class='ocrx_word' id='word_1_525' title='bbox 3562 3449 3705 3497; x_wconf 94' lang='lat' dir='ltr'><strong>usu,</strong></span> 
     </span>
    </p>
   </div>
   <div class='ocr_carea' id='block_1_80' title="bbox 2127 3525 3709 3620">
    <p class='ocr_par' dir='ltr' id='par_1_80' title="bbox 2127 3525 3709 3620">
     <span class='ocr_line' id='line_1_80' title="bbox 2127 3525 3709 3620; baseline -0.018 -14"><span class='ocrx_word' id='word_1_526' title='bbox 2127 3559 2182 3607; x_wconf 86' lang='lat' dir='ltr'><strong>et</strong></span> <span class='ocrx_word' id='word_1_527' title='bbox 2212 3549 2306 3620; x_wconf 91' lang='lat' dir='ltr'><strong>qui</strong></span> <span class='ocrx_word' id='word_1_528' title='bbox 2348 3545 2542 3602; x_wconf 89' lang='lat' dir='ltr'><strong>evitari</strong></span> <span class='ocrx_word' id='word_1_529' title='bbox 2592 3556 2700 3596; x_wconf 92' lang='lat' dir='ltr'><strong>non</strong></span> <span class='ocrx_word' id='word_1_530' title='bbox 2738 3547 2948 3610; x_wconf 80' lang='lat' dir='ltr'><strong>potest,</strong></span> <span class='ocrx_word' id='word_1_531' title='bbox 2984 3535 3274 3598; x_wconf 90' lang='lat' dir='ltr'><strong>mulieres,</strong></span> <span class='ocrx_word' id='word_1_532' title='bbox 3313 3532 3429 3586; x_wconf 83' lang='lat' dir='ltr'><strong>sive</strong></span> <span class='ocrx_word' id='word_1_533' title='bbox 3472 3529 3577 3582; x_wconf 64' lang='lat' dir='ltr'><strong>illac</strong></span> <span class='ocrx_word' id='word_1_534' title='bbox 3605 3525 3709 3581; x_wconf 90' lang='lat' dir='ltr'><strong>sub</strong></span> 
     </span>
    </p>
   </div>
   <div class='ocr_carea' id='block_1_81' title="bbox 2122 3621 3706 3713">
    <p class='ocr_par' dir='ltr' id='par_1_81' title="bbox 2122 3621 3706 3713">
     <span class='ocr_line' id='line_1_81' title="bbox 2122 3621 3706 3713; baseline -0.02 -15"><span class='ocrx_word' id='word_1_535' title='bbox 2122 3643 2310 3713; x_wconf 78' lang='lat' dir='ltr'><strong>regula</strong></span> <span class='ocrx_word' id='word_1_536' title='bbox 2331 3680 2344 3702; x_wconf 83' lang='lat'><strong>.</strong></span> <span class='ocrx_word' id='word_1_537' title='bbox 2379 3639 2497 3693; x_wconf 84' lang='lat' dir='ltr'><strong>sive</strong></span> <span class='ocrx_word' id='word_1_538' title='bbox 2525 3636 2716 3689; x_wconf 77' lang='lat' dir='ltr'><strong>liberae</strong></span> <span class='ocrx_word' id='word_1_539' title='bbox 2748 3632 2916 3685; x_wconf 87' lang='lat' dir='ltr'><strong>vitam</strong></span> <span class='ocrx_word' id='word_1_540' title='bbox 2945 3627 3158 3682; x_wconf 92' lang='lat' dir='ltr'><strong>ducunt</strong></span> <span class='ocrx_word' id='word_1_541' title='bbox 3186 3667 3200 3688; x_wconf 90' lang='lat'><strong>,</strong></span> <span class='ocrx_word' id='word_1_542' title='bbox 3238 3621 3570 3694; x_wconf 67' lang='lat' dir='ltr'><strong>aspiciendae</strong></span> <span class='ocrx_word' id='word_1_543' title='bbox 3601 3631 3706 3713; x_wconf 74' lang='lat' dir='ltr'><strong>non</strong></span> 
     </span>
    </p>
   </div>
   <div class='ocr_carea' id='block_1_82' title="bbox 2125 3710 3707 3788">
    <p class='ocr_par' dir='ltr' id='par_1_82' title="bbox 2125 3710 3707 3788">
     <span class='ocr_line' id='line_1_82' title="bbox 2125 3710 3707 3788; baseline -0.023 0"><span class='ocrx_word' id='word_1_544' title='bbox 2125 3710 2274 3788; x_wconf 81' lang='lat' dir='ltr'><strong>sunt.</strong></span> <span class='ocrx_word' id='word_1_545' title='bbox 2305 3725 2630 3785; x_wconf 84' lang='lat' dir='ltr'><strong>Hominibus</strong></span> <span class='ocrx_word' id='word_1_546' title='bbox 2678 3728 2860 3773; x_wconf 90' lang='lat' dir='ltr'><strong>autem</strong></span> <span class='ocrx_word' id='word_1_547' title='bbox 2908 3715 3311 3775; x_wconf 66' lang='lat' dir='ltr'><strong>saecularibus,</strong></span> <span class='ocrx_word' id='word_1_548' title='bbox 3361 3710 3453 3776; x_wconf 91' lang='lat' dir='ltr'><strong>qui</strong></span> <span class='ocrx_word' id='word_1_549' title='bbox 3503 3720 3603 3758; x_wconf 90' lang='lat' dir='ltr'><strong>nos</strong></span> <span class='ocrx_word' id='word_1_550' title='bbox 3654 3710 3707 3753; x_wconf 79' lang='lat' dir='ltr'><strong>in</strong></span> 
     </span>
    </p>
   </div>
   <div class='ocr_carea' id='block_1_83' title="bbox 2127 3798 3709 3892">
    <p class='ocr_par' dir='ltr' id='par_1_83' title="bbox 2127 3798 3709 3892">
     <span class='ocr_line' id='line_1_83' title="bbox 2127 3798 3709 3892; baseline -0.021 -17"><span class='ocrx_word' id='word_1_551' title='bbox 2127 3821 2382 3892; x_wconf 85' lang='lat' dir='ltr'><strong>proprias</strong></span> <span class='ocrx_word' id='word_1_552' title='bbox 2449 3814 2594 3870; x_wconf 65' lang='lat' dir='ltr'><strong>aedes</strong></span> <span class='ocrx_word' id='word_1_553' title='bbox 2651 3810 2818 3865; x_wconf 88' lang='lat' dir='ltr'><strong>etiam</strong></span> <span class='ocrx_word' id='word_1_554' title='bbox 2877 3807 3235 3861; x_wconf 87' lang='lat' dir='ltr'><strong>adhortantes</strong></span> <span class='ocrx_word' id='word_1_555' title='bbox 3299 3800 3598 3892; x_wconf 75' lang='lat' dir='ltr'><strong>advocant,</strong></span> <span class='ocrx_word' id='word_1_556' title='bbox 3651 3798 3709 3892; x_wconf 78' lang='lat' dir='ltr'><strong>ut</strong></span> 
     </span>
    </p>
   </div>
   <div class='ocr_carea' id='block_1_84' title="bbox 2128 3882 3706 3986">
    <p class='ocr_par' dir='ltr' id='par_1_84' title="bbox 2128 3882 3706 3986">
     <span class='ocr_line' id='line_1_84' title="bbox 2128 3882 3706 3986; baseline -0.022 -19"><span class='ocrx_word' id='word_1_557' title='bbox 2128 3882 2366 3986; x_wconf 42' lang='lat' dir='ltr'><strong>pro-illis</strong></span> <span class='ocrx_word' id='word_1_558' title='bbox 2400 3921 2590 3979; x_wconf 88' lang='lat' dir='ltr'><strong>preces</strong></span> <span class='ocrx_word' id='word_1_559' title='bbox 2621 3905 2730 3957; x_wconf 89' lang='lat' dir='ltr'><strong>Deo</strong></span> <span class='ocrx_word' id='word_1_560' title='bbox 2785 3898 3079 3953; x_wconf 82' lang='lat' dir='ltr'><strong>fundamus</strong></span> <span class='ocrx_word' id='word_1_561' title='bbox 3107 3937 3120 3960; x_wconf 98' lang='lat'><strong>,</strong></span> <span class='ocrx_word' id='word_1_562' title='bbox 3158 3891 3290 3946; x_wconf 90' lang='lat' dir='ltr'><strong>illud</strong></span> <span class='ocrx_word' id='word_1_563' title='bbox 3340 3882 3706 3986; x_wconf 38' lang='lat' dir='ltr'><strong>[Evangelii-iu</strong></span> 
     </span>
    </p>
   </div>
   <div class='ocr_carea' id='block_1_85' title="bbox 2129 3972 3708 4074">
    <p class='ocr_par' dir='ltr' id='par_1_85' title="bbox 2129 3972 3708 4074">
     <span class='ocr_line' id='line_1_85' title="bbox 2129 3972 3708 4074; baseline -0.024 -13"><span class='ocrx_word' id='word_1_564' title='bbox 2129 3972 2435 4074; x_wconf 74' lang='lat' dir='ltr'><strong>dejectione</strong></span> <span class='ocrx_word' id='word_1_565' title='bbox 2465 3997 2631 4052; x_wconf 88' lang='lat' dir='ltr'><strong>animi</strong></span> <span class='ocrx_word' id='word_1_566' title='bbox 2663 3991 2999 4061; x_wconf 86' lang='lat' dir='ltr'><strong>respondere</strong></span> <span class='ocrx_word' id='word_1_567' title='bbox 3032 3985 3298 4040; x_wconf 89' lang='lat' dir='ltr'><strong>debemus</strong></span> <span class='ocrx_word' id='word_1_568' title='bbox 3325 3997 3338 4032; x_wconf 91' lang='lat'>:</span> <span class='ocrx_word' id='word_1_569' title='bbox 3365 3976 3483 4031; x_wconf 80' lang='lat' dir='ltr'><strong>Non</strong></span> <span class='ocrx_word' id='word_1_570' title='bbox 3508 3976 3542 4028; x_wconf 94' lang='lat' dir='ltr'><strong>ii</strong></span> <span class='ocrx_word' id='word_1_571' title='bbox 3577 3972 3708 4026; x_wconf 88' lang='lat' dir='ltr'><strong>mihi</strong></span> 
     </span>
    </p>
   </div>
   <div class='ocr_carea' id='block_1_86' title="bbox 2131 4071 3709 4154">
    <p class='ocr_par' dir='ltr' id='par_1_86' title="bbox 2131 4071 3709 4154">
     <span class='ocr_line' id='line_1_86' title="bbox 2131 4071 3709 4154; baseline -0.021 -5"><span class='ocrx_word' id='word_1_572' title='bbox 2131 4071 2210 4150; x_wconf 29' lang='lat' dir='ltr'><strong>inv</strong></span> <span class='ocrx_word' id='word_1_573' title='bbox 2240 4091 2540 4147; x_wconf 87' lang='lat' dir='ltr'><strong>virtutibus</strong></span> <span class='ocrx_word' id='word_1_574' title='bbox 2584 4096 2911 4154; x_wconf 77' lang='lat' dir='ltr'><strong>progressus</strong></span> <span class='ocrx_word' id='word_1_575' title='bbox 2956 4084 3124 4136; x_wconf 88' lang='lat' dir='ltr'><strong>sunt,</strong></span> <span class='ocrx_word' id='word_1_576' title='bbox 3179 4080 3240 4126; x_wconf 92' lang='lat' dir='ltr'><strong>ut</strong></span> <span class='ocrx_word' id='word_1_577' title='bbox 3284 4071 3505 4124; x_wconf 87' lang='lat' dir='ltr'><strong>domqu</strong></span> <span class='ocrx_word' id='word_1_578' title='bbox 3562 4075 3709 4120; x_wconf 87' lang='lat' dir='ltr'><strong>tuam</strong></span> 
     </span>
    </p>
   </div>
   <div class='ocr_carea' id='block_1_87' title="bbox 2131 4161 3708 4241">
    <p class='ocr_par' dir='ltr' id='par_1_87' title="bbox 2131 4161 3708 4241">
     <span class='ocr_line' id='line_1_87' title="bbox 2131 4161 3708 4241; baseline -0.022 -1"><span class='ocrx_word' id='word_1_579' title='bbox 2131 4187 2405 4241; x_wconf 85' lang='lat' dir='ltr'><strong>introeam</strong></span> <span class='ocrx_word' id='word_1_580' title='bbox 2436 4179 2480 4209; x_wconf 78' lang='lat'><strong>&quot;&#39;</strong></span> <span class='ocrx_word' id='word_1_581' title='bbox 2529 4195 2541 4228; x_wconf 87' lang='lat'><strong>:</strong></span> <span class='ocrx_word' id='word_1_582' title='bbox 2579 4177 2958 4226; x_wconf 87' lang='lat' dir='ltr'><strong>verumtamen</strong></span> <span class='ocrx_word' id='word_1_583' title='bbox 2998 4180 3124 4218; x_wconf 85' lang='lat' dir='ltr'><strong>cum</strong></span> <span class='ocrx_word' id='word_1_584' title='bbox 3158 4162 3212 4217; x_wconf 90' lang='lat' dir='ltr'><strong>id</strong></span> <span class='ocrx_word' id='word_1_585' title='bbox 3269 4161 3448 4216; x_wconf 64' lang='lat' dir='ltr'><strong>certo&#39;</strong></span> <span class='ocrx_word' id='word_1_586' title='bbox 3481 4168 3667 4210; x_wconf 86' lang='lat' dir='ltr'><strong>teneas</strong></span> <span class='ocrx_word' id='word_1_587' title='bbox 3696 4195 3708 4213; x_wconf 91' lang='lat'><strong>,</strong></span> 
     </span>
    </p>
   </div>
   <div class='ocr_carea' id='block_1_88' title="bbox 2132 4247 3712 4336">
    <p class='ocr_par' dir='ltr' id='par_1_88' title="bbox 2132 4247 3712 4336">
     <span class='ocr_line' id='line_1_88' title="bbox 2132 4247 3712 4336; baseline -0.022 -4"><span class='ocrx_word' id='word_1_588' title='bbox 2132 4274 2536 4332; x_wconf 84' lang='lat' dir='ltr'><strong>monachorum</strong></span> <span class='ocrx_word' id='word_1_589' title='bbox 2569 4277 2759 4336; x_wconf 86' lang='lat' dir='ltr'><strong>preces</strong></span> <span class='ocrx_word' id='word_1_590' title='bbox 2790 4259 2887 4312; x_wconf 92' lang='lat' dir='ltr'><strong>tibi</strong></span> <span class='ocrx_word' id='word_1_591' title='bbox 2923 4257 3238 4326; x_wconf 84' lang='lat' dir='ltr'><strong>adjumento</strong></span> <span class='ocrx_word' id='word_1_592' title='bbox 3273 4252 3514 4313; x_wconf 84' lang='lat' dir='ltr'><strong>futuras,</strong></span> <span class='ocrx_word' id='word_1_593' title='bbox 3567 4264 3585 4296; x_wconf 74' lang='grc' dir='ltr'><strong>ι</strong></span> <span class='ocrx_word' id='word_1_594' title='bbox 3621 4247 3712 4299; x_wconf 83' lang='lat' dir='ltr'><strong>fiat</strong></span> 
     </span>
    </p>
   </div>
   <div class='ocr_carea' id='block_1_89' title="bbox 2132 4345 3709 4429">
    <p class='ocr_par' dir='ltr' id='par_1_89' title="bbox 2132 4345 3709 4429">
     <span class='ocr_line' id='line_1_89' title="bbox 2132 4345 3709 4429; baseline -0.022 -7"><span class='ocrx_word' id='word_1_595' title='bbox 2132 4368 2267 4429; x_wconf 90' lang='lat' dir='ltr'><strong>tibi,</strong></span> <span class='ocrx_word' id='word_1_596' title='bbox 2314 4363 2456 4416; x_wconf 88' lang='lat' dir='ltr'><strong>sicut</strong></span> <span class='ocrx_word' id='word_1_597' title='bbox 2493 4353 2777 4412; x_wconf 89' lang='lat' dir='ltr'><strong>credidisti</strong></span> <span class='ocrx_word' id='word_1_598' title='bbox 2800 4350 2868 4404; x_wconf 75' lang='lat'><strong>‘°.</strong></span> <span class='ocrx_word' id='word_1_599' title='bbox 2913 4369 2930 4400; x_wconf 76' lang='grc' dir='ltr'><strong>ι</strong></span> <span class='ocrx_word' id='word_1_600' title='bbox 2972 4348 3033 4402; x_wconf 85' lang='lat' dir='ltr'><strong>Et</strong></span> <span class='ocrx_word' id='word_1_601' title='bbox 3067 4362 3258 4400; x_wconf 90' lang='lat' dir='ltr'><strong>omnes</strong></span> <span class='ocrx_word' id='word_1_602' title='bbox 3304 4345 3396 4414; x_wconf 91' lang='lat' dir='ltr'><strong>qui</strong></span> <span class='ocrx_word' id='word_1_603' title='bbox 3466 4347 3709 4394; x_wconf 88' lang='lat' dir='ltr'><strong>nostram</strong></span> 
     </span>
    </p>
   </div>
   <div class='ocr_carea' id='block_1_90' title="bbox 457 4429 3712 4531">
    <p class='ocr_par' dir='ltr' id='par_1_90' title="bbox 457 4429 3712 4531">
     <span class='ocr_line' id='line_1_90' title="bbox 457 4429 3712 4531; baseline -0.008 -24"><span class='ocrx_word' id='word_1_604' title='bbox 457 4455 720 4509; x_wconf 88' lang='lat' dir='ltr'><strong>vilitatem</strong></span> <span class='ocrx_word' id='word_1_605' title='bbox 760 4455 996 4523; x_wconf 80' lang='lat' dir='ltr'><strong>diligunt</strong></span> <span class='ocrx_word' id='word_1_606' title='bbox 1024 4461 1208 4523; x_wconf 89' lang='lat' dir='ltr'><strong>patres</strong></span> <span class='ocrx_word' id='word_1_607' title='bbox 1244 4453 1555 4525; x_wconf 84' lang='lat' dir='ltr'><strong>fratresque</strong></span> <span class='ocrx_word' id='word_1_608' title='bbox 1580 4495 1593 4520; x_wconf 85' lang='lat'><strong>,</strong></span> <span class='ocrx_word' id='word_1_609' title='bbox 1647 4473 1732 4511; x_wconf 92' lang='lat' dir='ltr'><strong>me</strong></span> <span class='ocrx_word' id='word_1_610' title='bbox 1764 4466 2170 4530; x_wconf 84' lang='lat' dir='ltr'><strong>intercessore,</strong></span> <span class='ocrx_word' id='word_1_611' title='bbox 2209 4475 2308 4531; x_wconf 92' lang='lat' dir='ltr'><strong>pro</strong></span> <span class='ocrx_word' id='word_1_612' title='bbox 2334 4451 2623 4525; x_wconf 84' lang='lat' dir='ltr'><strong>requisitis</strong></span> <span class='ocrx_word' id='word_1_613' title='bbox 2657 4462 2686 4501; x_wconf 90' lang='lat' dir='ltr'><strong>a</strong></span> <span class='ocrx_word' id='word_1_614' title='bbox 2750 4443 3113 4502; x_wconf 66' lang='lat' dir='ltr'><strong>saecularibus</strong></span> <span class='ocrx_word' id='word_1_615' title='bbox 3168 4437 3407 4509; x_wconf 73' lang='lat' dir='ltr'><strong>legitime</strong></span> <span class='ocrx_word' id='word_1_616' title='bbox 3470 4448 3534 4487; x_wconf 89' lang='lat' dir='ltr'><strong>ac</strong></span> <span class='ocrx_word' id='word_1_617' title='bbox 3595 4429 3712 4485; x_wconf 90' lang='lat' dir='ltr'><strong>sin-</strong></span> 
     </span>
    </p>
   </div>
   <div class='ocr_carea' id='block_1_91' title="bbox 459 4545 1281 4615">
    <p class='ocr_par' dir='ltr' id='par_1_91' title="bbox 459 4545 1281 4615">
     <span class='ocr_line' id='line_1_91' title="bbox 459 4545 1281 4615; baseline -0.002 -15"><span class='ocrx_word' id='word_1_618' title='bbox 459 4559 581 4602; x_wconf 83' lang='lat' dir='ltr'><strong>cere</strong></span> <span class='ocrx_word' id='word_1_619' title='bbox 610 4545 780 4601; x_wconf 89' lang='lat' dir='ltr'><strong>Deum</strong></span> <span class='ocrx_word' id='word_1_620' title='bbox 818 4547 1281 4615; x_wconf 89' lang='lat' dir='ltr'><strong>deprecabuntur.</strong></span> 
     </span>
    </p>
   </div>
   <div class='ocr_carea' id='block_1_92' title="bbox 788 4635 1676 4708">
    <p class='ocr_par' dir='ltr' id='par_1_92' title="bbox 788 4635 1676 4708">
     <span class='ocr_line' id='line_1_92' title="bbox 788 4635 1676 4708; baseline 0.003 -20"><span class='ocrx_word' id='word_1_621' title='bbox 788 4635 921 4690; x_wconf 85' lang='lat' dir='ltr'><strong>MZ&#39;.</strong></span> <span class='ocrx_word' id='word_1_622' title='bbox 949 4667 1016 4676; x_wconf 94' lang='lat'><strong>—</strong></span> <span class='ocrx_word' id='word_1_623' title='bbox 1049 4637 1344 4708; x_wconf 79' lang='grc' dir='ltr'><strong>ΛΕΩΝΙΔῌ</strong></span> <span class='ocrx_word' id='word_1_624' title='bbox 1376 4636 1676 4708; x_wconf 64' lang='lat' dir='ltr'><strong>nouam.</strong></span> 
     </span>
    </p>
   </div>
   <div class='ocr_carea' id='block_1_93' title="bbox 528 4723 2032 4801">
    <p class='ocr_par' dir='ltr' id='par_1_93' title="bbox 528 4723 2032 4801">
     <span class='ocr_line' id='line_1_93' title="bbox 528 4723 2032 4801; baseline 0.002 -21"><span class='ocrx_word' id='word_1_625' title='bbox 528 4723 815 4780; x_wconf 80' lang='grc' dir='ltr'>Βέλτιστον</span> <span class='ocrx_word' id='word_1_626' title='bbox 856 4725 952 4780; x_wconf 81' lang='grc' dir='ltr'>νῦν</span> <span class='ocrx_word' id='word_1_627' title='bbox 994 4726 1428 4794; x_wconf 82' lang='grc' dir='ltr'>ἐπιφθέγξασθαί</span> <span class='ocrx_word' id='word_1_628' title='bbox 1483 4745 1565 4779; x_wconf 87' lang='grc' dir='ltr'><strong>σοι</strong></span> <span class='ocrx_word' id='word_1_629' title='bbox 1619 4728 1681 4780; x_wconf 84' lang='grc' dir='ltr'><strong>τὸ</strong></span> <span class='ocrx_word' id='word_1_630' title='bbox 1730 4729 1822 4781; x_wconf 77' lang='grc' dir='ltr'><strong>τοῦ</strong></span> <span class='ocrx_word' id='word_1_631' title='bbox 1871 4731 2032 4801; x_wconf 70' lang='grc' dir='ltr'>’ῐερεο</span> 
     </span>
    </p>
   </div>
   <div class='ocr_carea' id='block_1_94' title="bbox 462 4815 2031 4891">
    <p class='ocr_par' dir='ltr' id='par_1_94' title="bbox 462 4815 2031 4891">
     <span class='ocr_line' id='line_1_94' title="bbox 462 4815 2031 4891; baseline 0.001 -19"><span class='ocrx_word' id='word_1_632' title='bbox 462 4820 585 4889; x_wconf 79' lang='grc' dir='ltr'>μίου</span> <span class='ocrx_word' id='word_1_633' title='bbox 617 4835 633 4849; x_wconf 86' lang='grc'>⁶</span> <span class='ocrx_word' id='word_1_634' title='bbox 681 4839 700 4871; x_wconf 77' lang='grc' dir='ltr'><strong>ι</strong></span> <span class='ocrx_word' id='word_1_635' title='bbox 742 4815 814 4870; x_wconf 80' lang='grc' dir='ltr'><strong><em>Ὦ</em></strong></span> <span class='ocrx_word' id='word_1_636' title='bbox 855 4817 981 4881; x_wconf 65' lang='grc' dir='ltr'>λαδς</span> <span class='ocrx_word' id='word_1_637' title='bbox 1013 4818 1194 4888; x_wconf 76' lang='grc' dir='ltr'>μωρὸς</span> <span class='ocrx_word' id='word_1_638' title='bbox 1243 4818 1336 4870; x_wconf 77' lang='grc' dir='ltr'><strong>καὶ</strong></span> <span class='ocrx_word' id='word_1_639' title='bbox 1377 4819 1652 4889; x_wconf 77' lang='grc' dir='ltr'>ἁκὰρδιος.</span> <span class='ocrx_word' id='word_1_640' title='bbox 1707 4840 1726 4872; x_wconf 74' lang='grc' dir='ltr'>ι</span> <span class='ocrx_word' id='word_1_641' title='bbox 1766 4821 1893 4874; x_wconf 83' lang='grc' dir='ltr'>Δέον</span> <span class='ocrx_word' id='word_1_642' title='bbox 1920 4822 2031 4891; x_wconf 75' lang='grc' dir='ltr'>γὰρ</span> 
     </span>
    </p>
   </div>
   <div class='ocr_carea' id='block_1_95' title="bbox 461 4909 2033 4982">
    <p class='ocr_par' dir='ltr' id='par_1_95' title="bbox 461 4909 2033 4982">
     <span class='ocr_line' id='line_1_95' title="bbox 461 4909 2033 4982; baseline 0.001 -18"><span class='ocrx_word' id='word_1_643' title='bbox 461 4910 812 4982; x_wconf 85' lang='grc' dir='ltr'>αἰσχύνεσθαί</span> <span class='ocrx_word' id='word_1_644' title='bbox 845 4927 904 4963; x_wconf 91' lang='grc' dir='ltr'><strong>σε</strong></span> <span class='ocrx_word' id='word_1_645' title='bbox 939 4911 1030 4962; x_wconf 58' lang='grc' dir='ltr'><strong>ἐπὶ⁵</strong></span> <span class='ocrx_word' id='word_1_646' title='bbox 1059 4912 1170 4973; x_wconf 88' lang='grc' dir='ltr'>τοῖς</span> <span class='ocrx_word' id='word_1_647' title='bbox 1191 4909 1414 4978; x_wconf 81' lang='grc' dir='ltr'>φαύλοις</span> <span class='ocrx_word' id='word_1_648' title='bbox 1446 4910 1757 4981; x_wconf 81' lang='grc' dir='ltr'>πράγμασι,</span> <span class='ocrx_word' id='word_1_649' title='bbox 1796 4913 1889 4965; x_wconf 72' lang='grc' dir='ltr'>καὶ</span> <span class='ocrx_word' id='word_1_650' title='bbox 1913 4915 2033 4976; x_wconf 88' lang='grc' dir='ltr'>ταῖς</span> 
     </span>
    </p>
   </div>
   <div class='ocr_carea' id='block_1_96' title="bbox 463 5001 2031 5074">
    <p class='ocr_par' dir='ltr' id='par_1_96' title="bbox 463 5001 2031 5074">
     <span class='ocr_line' id='line_1_96' title="bbox 463 5001 2031 5074; baseline 0 -18"><span class='ocrx_word' id='word_1_651' title='bbox 463 5003 820 5068; x_wconf 82' lang='grc' dir='ltr'>κενοδοξίαις,</span> <span class='ocrx_word' id='word_1_652' title='bbox 872 5001 964 5053; x_wconf 72' lang='grc' dir='ltr'><strong>καὶ</strong></span> <span class='ocrx_word' id='word_1_653' title='bbox 991 5003 1113 5062; x_wconf 85' lang='grc' dir='ltr'>ταῖς</span> <span class='ocrx_word' id='word_1_654' title='bbox 1147 5001 1576 5072; x_wconf 80' lang='grc' dir='ltr'>ἁθυροστομίαις</span> <span class='ocrx_word' id='word_1_655' title='bbox 1600 5042 1614 5066; x_wconf 89' lang='grc'><strong>,</strong></span> <span class='ocrx_word' id='word_1_656' title='bbox 1665 5003 1785 5054; x_wconf 84' lang='grc' dir='ltr'>τότε</span> <span class='ocrx_word' id='word_1_657' title='bbox 1822 5003 2031 5074; x_wconf 86' lang='grc' dir='ltr'>πλήττῃ</span> 
     </span>
    </p>
   </div>
   <div class='ocr_carea' id='block_1_97' title="bbox 461 5090 2033 5163">
    <p class='ocr_par' dir='ltr' id='par_1_97' title="bbox 461 5090 2033 5163">
     <span class='ocr_line' id='line_1_97' title="bbox 461 5090 2033 5163; baseline -0.001 -18"><span class='ocrx_word' id='word_1_658' title='bbox 461 5095 577 5156; x_wconf 87' lang='grc' dir='ltr'>ταῖς</span> <span class='ocrx_word' id='word_1_659' title='bbox 613 5092 814 5163; x_wconf 74' lang='grc' dir='ltr'>χερσὶ,</span> <span class='ocrx_word' id='word_1_660' title='bbox 856 5092 950 5143; x_wconf 72' lang='grc' dir='ltr'>καὶ</span> <span class='ocrx_word' id='word_1_661' title='bbox 978 5094 1098 5154; x_wconf 86' lang='grc' dir='ltr'>ταῖς</span> <span class='ocrx_word' id='word_1_662' title='bbox 1146 5090 1336 5153; x_wconf 73' lang='grc' dir='ltr'>ἄλλαις</span> <span class='ocrx_word' id='word_1_663' title='bbox 1386 5091 1716 5161; x_wconf 80' lang='grc' dir='ltr'>ἁγερωχίαις</span> <span class='ocrx_word' id='word_1_664' title='bbox 1763 5093 2033 5163; x_wconf 75' lang='grc' dir='ltr'>ἐναϐρύνῃ</span> 
     </span>
    </p>
   </div>
   <div class='ocr_carea' id='block_1_98' title="bbox 469 5182 2035 5254">
    <p class='ocr_par' dir='ltr' id='par_1_98' title="bbox 469 5182 2035 5254">
     <span class='ocr_line' id='line_1_98' title="bbox 469 5182 2035 5254; baseline 0 -18"><span class='ocrx_word' id='word_1_665' title='bbox 469 5183 664 5252; x_wconf 77' lang='grc' dir='ltr'>μᾶλλον</span> <span class='ocrx_word' id='word_1_666' title='bbox 696 5182 911 5245; x_wconf 87' lang='grc' dir='ltr'>τούτοις</span> <span class='ocrx_word' id='word_1_667' title='bbox 934 5223 948 5245; x_wconf 91' lang='grc'><strong>,</strong></span> <span class='ocrx_word' id='word_1_668' title='bbox 999 5185 1093 5235; x_wconf 79' lang='grc' dir='ltr'>καὶ</span> <span class='ocrx_word' id='word_1_669' title='bbox 1136 5183 1343 5254; x_wconf 82' lang='grc' dir='ltr'>τέρπῃ,</span> <span class='ocrx_word' id='word_1_670' title='bbox 1387 5183 1478 5235; x_wconf 73' lang='grc' dir='ltr'><strong>καὶ</strong></span> <span class='ocrx_word' id='word_1_671' title='bbox 1511 5183 1602 5234; x_wconf 74' lang='grc' dir='ltr'><strong>ἐπὶ</strong></span> <span class='ocrx_word' id='word_1_672' title='bbox 1632 5183 1850 5236; x_wconf 79' lang='grc' dir='ltr'>πάντων</span> <span class='ocrx_word' id='word_1_673' title='bbox 1902 5201 2035 5237; x_wconf 78' lang='grc' dir='ltr'>καύο</span> 
     </span>
    </p>
   </div>
   <div class='ocr_carea' id='block_1_99' title="bbox 463 5270 2032 5339">
    <p class='ocr_par' dir='ltr' id='par_1_99' title="bbox 463 5270 2032 5339">
     <span class='ocr_line' id='line_1_99' title="bbox 463 5270 2032 5339; baseline 0.001 -16"><span class='ocrx_word' id='word_1_674' title='bbox 463 5272 644 5339; x_wconf 82' lang='grc' dir='ltr'>χᾶσαι,</span> <span class='ocrx_word' id='word_1_675' title='bbox 678 5270 774 5323; x_wconf 67' lang='grc' dir='ltr'><strong>καὶ</strong></span> <span class='ocrx_word' id='word_1_676' title='bbox 803 5273 1045 5332; x_wconf 86' lang='grc' dir='ltr'>ἐπαινεῖς</span> <span class='ocrx_word' id='word_1_677' title='bbox 1076 5272 1293 5335; x_wconf 78' lang='grc' dir='ltr'>σαυτὸν,</span> <span class='ocrx_word' id='word_1_678' title='bbox 1322 5270 1559 5339; x_wconf 74' lang='grc' dir='ltr'>δαψιλῶς</span> <span class='ocrx_word' id='word_1_679' title='bbox 1592 5270 1858 5336; x_wconf 76' lang='grc' dir='ltr'>δοξάζεις.</span> <span class='ocrx_word' id='word_1_680' title='bbox 1888 5271 2032 5324; x_wconf 63' lang='grc' dir='ltr'>*Αλλ’</span> 
     </span>
    </p>
   </div>
   <div class='ocr_carea' id='block_1_100' title="bbox 468 5362 2031 5434">
    <p class='ocr_par' dir='ltr' id='par_1_100' title="bbox 468 5362 2031 5434">
     <span class='ocr_line' id='line_1_100' title="bbox 468 5362 2031 5434; baseline 0.002 -21"><span class='ocrx_word' id='word_1_681' title='bbox 468 5362 808 5432; x_wconf 79' lang='grc' dir='ltr'>αἰσχύνθητι,</span> <span class='ocrx_word' id='word_1_682' title='bbox 853 5363 1018 5429; x_wconf 72' lang='grc' dir='ltr'>φησὶν</span> <span class='ocrx_word' id='word_1_683' title='bbox 1044 5365 1072 5415; x_wconf 81' lang='grc' dir='ltr'><strong>ὁ</strong></span> <span class='ocrx_word' id='word_1_684' title='bbox 1106 5363 1260 5429; x_wconf 72' lang='grc' dir='ltr'>ἅγιος</span> <span class='ocrx_word' id='word_1_685' title='bbox 1307 5363 1592 5432; x_wconf 84' lang='grc' dir='ltr'>προφήτης</span> <span class='ocrx_word' id='word_1_686' title='bbox 1625 5365 1688 5415; x_wconf 82' lang='grc' dir='ltr'><strong>ἐκ</strong></span> <span class='ocrx_word' id='word_1_687' title='bbox 1740 5363 2031 5434; x_wconf 81' lang='grc' dir='ltr'>προσώπου</span> 
     </span>
    </p>
   </div>
   <div class='ocr_carea' id='block_1_101' title="bbox 465 5451 2033 5525">
    <p class='ocr_par' dir='ltr' id='par_1_101' title="bbox 465 5451 2033 5525">
     <span class='ocr_line' id='line_1_101' title="bbox 465 5451 2033 5525; baseline 0.001 -21"><span class='ocrx_word' id='word_1_688' title='bbox 465 5453 556 5506; x_wconf 83' lang='grc' dir='ltr'>τοῦ</span> <span class='ocrx_word' id='word_1_689' title='bbox 602 5453 762 5519; x_wconf 81' lang='grc' dir='ltr'>Θεοῦ,</span> <span class='ocrx_word' id='word_1_690' title='bbox 817 5453 912 5504; x_wconf 68' lang='grc' dir='ltr'>καὶ</span> <span class='ocrx_word' id='word_1_691' title='bbox 961 5451 1088 5506; x_wconf 79' lang='grc' dir='ltr'>λάθε</span> <span class='ocrx_word' id='word_1_692' title='bbox 1123 5453 1220 5523; x_wconf 81' lang='grc' dir='ltr'>τὴν</span> <span class='ocrx_word' id='word_1_693' title='bbox 1267 5454 1492 5525; x_wconf 83' lang='grc' dir='ltr'>ἀτιμίαν</span> <span class='ocrx_word' id='word_1_694' title='bbox 1528 5471 1651 5521; x_wconf 87' lang='grc' dir='ltr'>σου,</span> <span class='ocrx_word' id='word_1_695' title='bbox 1683 5457 1830 5518; x_wconf 82' lang='grc' dir='ltr'>ὅπως</span> <span class='ocrx_word' id='word_1_696' title='bbox 1859 5455 1924 5508; x_wconf 84' lang='grc' dir='ltr'><strong>ἂν</strong></span> <span class='ocrx_word' id='word_1_697' title='bbox 1955 5457 2033 5519; x_wconf 86' lang='grc' dir='ltr'>εἰς</span> 
     </span>
    </p>
   </div>
   <div class='ocr_carea' id='block_1_102' title="bbox 469 5542 2033 5614">
    <p class='ocr_par' dir='ltr' id='par_1_102' title="bbox 469 5542 2033 5614">
     <span class='ocr_line' id='line_1_102' title="bbox 469 5542 2033 5614; baseline 0.001 -18"><span class='ocrx_word' id='word_1_698' title='bbox 469 5545 818 5613; x_wconf 80' lang='grc' dir='ltr'>συναίσθησιν</span> <span class='ocrx_word' id='word_1_699' title='bbox 845 5542 1036 5610; x_wconf 79' lang='grc' dir='ltr'>ἐλθὼν,</span> <span class='ocrx_word' id='word_1_700' title='bbox 1077 5545 1270 5597; x_wconf 78' lang='grc' dir='ltr'>σαυτὸν</span> <span class='ocrx_word' id='word_1_701' title='bbox 1304 5543 1563 5614; x_wconf 64' lang='grc' dir='ltr'>ἐπιγνῷς,</span> <span class='ocrx_word' id='word_1_702' title='bbox 1609 5547 1701 5598; x_wconf 82' lang='grc' dir='ltr'><strong>καὶ</strong></span> <span class='ocrx_word' id='word_1_703' title='bbox 1731 5545 2033 5612; x_wconf 70' lang='grc' dir='ltr'>καταγνοὺς</span> 
     </span>
    </p>
   </div>
   <div class='ocr_carea' id='block_1_103' title="bbox 538 5684 1470 5752">
    <p class='ocr_par' dir='ltr' id='par_1_103' title="bbox 538 5684 1470 5752">
     <span class='ocr_line' id='line_1_103' title="bbox 538 5684 1470 5752; baseline 0.008 -17"><span class='ocrx_word' id='word_1_704' title='bbox 538 5685 586 5715; x_wconf 69' lang='grc'><strong>⁸⁵</strong></span> <span class='ocrx_word' id='word_1_705' title='bbox 620 5684 753 5738; x_wconf 90' lang='lat' dir='ltr'><strong>Luc.</strong></span> <span class='ocrx_word' id='word_1_706' title='bbox 785 5701 837 5744; x_wconf 75' lang='grc' dir='ltr'><strong>ι,</strong></span> <span class='ocrx_word' id='word_1_707' title='bbox 866 5685 949 5738; x_wconf 88' lang='lat' dir='ltr'><strong>I6.</strong></span> <span class='ocrx_word' id='word_1_708' title='bbox 1026 5687 1066 5718; x_wconf 74' lang='lat'><strong>&quot;7</strong></span> <span class='ocrx_word' id='word_1_709' title='bbox 1095 5689 1113 5741; x_wconf 89' lang='lat' dir='ltr'><strong>l</strong></span> <span class='ocrx_word' id='word_1_710' title='bbox 1146 5688 1270 5742; x_wconf 85' lang='lat' dir='ltr'><strong>Cor.</strong></span> <span class='ocrx_word' id='word_1_711' title='bbox 1310 5707 1359 5752; x_wconf 76' lang='grc' dir='ltr'><strong>ιι,</strong></span> <span class='ocrx_word' id='word_1_712' title='bbox 1395 5691 1470 5741; x_wconf 81' lang='lat' dir='ltr'><strong>I0.</strong></span> 
     </span>
    </p>
   </div>
   <div class='ocr_carea' id='block_1_104' title="bbox 471 5755 956 5818">
    <p class='ocr_par' dir='ltr' id='par_1_104' title="bbox 471 5755 956 5818">
     <span class='ocr_line' id='line_1_104' title="bbox 471 5755 956 5818; baseline 0.002 -10"><span class='ocrx_word' id='word_1_713' title='bbox 471 5755 662 5810; x_wconf 74' lang='lat' dir='ltr'><strong>Ezech.</strong></span> <span class='ocrx_word' id='word_1_714' title='bbox 712 5770 820 5818; x_wconf 72' lang='lat' dir='ltr'><strong>xw,</strong></span> <span class='ocrx_word' id='word_1_715' title='bbox 873 5756 956 5809; x_wconf 72' lang='grc'><strong>52.</strong></span> 
     </span>
    </p>
   </div>
   <div class='ocr_carea' id='block_1_105' title="bbox 2058 4651 2105 4708">
    <p class='ocr_par' dir='ltr' id='par_1_105' title="bbox 2058 4651 2105 4708">
     <span class='ocr_line' id='line_1_105' title="bbox 2058 4651 2105 4708; baseline 0 0"><span class='ocrx_word' id='word_1_716' title='bbox 2058 4651 2105 4708; x_wconf 91' lang='lat' dir='ltr'><strong>D</strong></span> 
     </span>
    </p>
   </div>
   <div class='ocr_carea' id='block_1_106' title="bbox 1552 5683 3102 5755">
    <p class='ocr_par' dir='ltr' id='par_1_106' title="bbox 1552 5683 3102 5755">
     <span class='ocr_line' id='line_1_106' title="bbox 1552 5683 3102 5755; baseline -0.003 -11"><span class='ocrx_word' id='word_1_717' title='bbox 1552 5692 1594 5721; x_wconf 55' lang='grc' dir='ltr'>λδ</span> <span class='ocrx_word' id='word_1_718' title='bbox 1630 5691 1645 5744; x_wconf 92' lang='grc' dir='ltr'><strong>Ι</strong></span> <span class='ocrx_word' id='word_1_719' title='bbox 1680 5690 1915 5746; x_wconf 83' lang='lat' dir='ltr'><strong>Tiutoth.</strong></span> <span class='ocrx_word' id='word_1_720' title='bbox 1947 5707 2004 5755; x_wconf 86' lang='lat' dir='ltr'><strong>ll,</strong></span> <span class='ocrx_word' id='word_1_721' title='bbox 2037 5691 2086 5743; x_wconf 87' lang='grc'><strong>8.</strong></span> <span class='ocrx_word' id='word_1_722' title='bbox 2171 5692 2210 5722; x_wconf 67' lang='grc' dir='ltr'>δ’</span> <span class='ocrx_word' id='word_1_723' title='bbox 2237 5689 2367 5744; x_wconf 81' lang='lat' dir='ltr'><strong>Luc.</strong></span> <span class='ocrx_word' id='word_1_724' title='bbox 2404 5704 2497 5751; x_wconf 59' lang='lat' dir='ltr'><strong>vn,</strong></span> <span class='ocrx_word' id='word_1_725' title='bbox 2529 5688 2579 5740; x_wconf 81' lang='grc'><strong>6.</strong></span> <span class='ocrx_word' id='word_1_726' title='bbox 2615 5687 2658 5716; x_wconf 74' lang='grc' dir='ltr'><strong>⁵ο</strong></span> <span class='ocrx_word' id='word_1_727' title='bbox 2683 5683 3102 5750; x_wconf 77' lang='lat' dir='ltr'><strong>Matlli.VIH,I5.</strong></span> 
     </span>
    </p>
   </div>
   <div class='ocr_carea' id='block_1_107' title="bbox 2404 4613 3443 4683">
    <p class='ocr_par' dir='ltr' id='par_1_107' title="bbox 2404 4613 3443 4683">
     <span class='ocr_line' id='line_1_107' title="bbox 2404 4613 3443 4683; baseline -0.017 0"><span class='ocrx_word' id='word_1_728' title='bbox 2404 4627 2587 4683; x_wconf 72' lang='lat' dir='ltr'><strong>XLVII</strong></span> <span class='ocrx_word' id='word_1_729' title='bbox 2639 4655 2710 4664; x_wconf 78' lang='lat'><strong>—~</strong></span> <span class='ocrx_word' id='word_1_730' title='bbox 2739 4617 3060 4676; x_wconf 65' lang='lat' dir='ltr'><strong>LEONIDIE</strong></span> <span class='ocrx_word' id='word_1_731' title='bbox 3091 4613 3443 4670; x_wconf 77' lang='lat' dir='ltr'><strong>MONACHO.</strong></span> 
     </span>
    </p>
   </div>
   <div class='ocr_carea' id='block_1_108' title="bbox 2207 4702 3713 4794">
    <p class='ocr_par' dir='ltr' id='par_1_108' title="bbox 2207 4702 3713 4794">
     <span class='ocr_line' id='line_1_108' title="bbox 2207 4702 3713 4794; baseline -0.017 -15"><span class='ocrx_word' id='word_1_732' title='bbox 2207 4723 2484 4794; x_wconf 83' lang='lat' dir='ltr'><strong>Optimum</strong></span> <span class='ocrx_word' id='word_1_733' title='bbox 2537 4732 2685 4772; x_wconf 89' lang='lat' dir='ltr'><strong>nunc</strong></span> <span class='ocrx_word' id='word_1_734' title='bbox 2715 4715 2967 4785; x_wconf 90' lang='lat' dir='ltr'><strong>equidem</strong></span> <span class='ocrx_word' id='word_1_735' title='bbox 3008 4720 3090 4766; x_wconf 87' lang='lat' dir='ltr'><strong>est</strong></span> <span class='ocrx_word' id='word_1_736' title='bbox 3115 4749 3129 4772; x_wconf 92' lang='lat'><strong>,</strong></span> <span class='ocrx_word' id='word_1_737' title='bbox 3166 4707 3298 4761; x_wconf 91' lang='lat' dir='ltr'><strong>illud</strong></span> <span class='ocrx_word' id='word_1_738' title='bbox 3332 4706 3428 4760; x_wconf 84' lang='lat' dir='ltr'><strong>tibi</strong></span> <span class='ocrx_word' id='word_1_739' title='bbox 3459 4702 3713 4788; x_wconf 76' lang='lat' dir='ltr'><strong>Jeremize</strong></span> 
     </span>
    </p>
   </div>
   <div class='ocr_carea' id='block_1_109' title="bbox 2128 4796 3707 4880">
    <p class='ocr_par' dir='ltr' id='par_1_109' title="bbox 2128 4796 3707 4880">
     <span class='ocr_line' id='line_1_109' title="bbox 2128 4796 3707 4880; baseline -0.013 -9"><span class='ocrx_word' id='word_1_740' title='bbox 2128 4817 2346 4872; x_wconf 88' lang='lat' dir='ltr'><strong>edicere</strong></span> <span class='ocrx_word' id='word_1_741' title='bbox 2376 4832 2390 4868; x_wconf 88' lang='lat'><strong>:</strong></span> <span class='ocrx_word' id='word_1_742' title='bbox 2422 4831 2439 4864; x_wconf 80' lang='grc' dir='ltr'><strong>ι</strong></span> <span class='ocrx_word' id='word_1_743' title='bbox 2475 4810 2519 4866; x_wconf 90' lang='lat'>0</span> <span class='ocrx_word' id='word_1_744' title='bbox 2547 4811 2746 4880; x_wconf 91' lang='lat' dir='ltr'><strong>popule</strong></span> <span class='ocrx_word' id='word_1_745' title='bbox 2791 4807 2956 4861; x_wconf 91' lang='lat' dir='ltr'><strong>stulte</strong></span> <span class='ocrx_word' id='word_1_746' title='bbox 2981 4810 3035 4859; x_wconf 91' lang='lat' dir='ltr'><strong>et</strong></span> <span class='ocrx_word' id='word_1_747' title='bbox 3066 4815 3263 4855; x_wconf 78' lang='lat' dir='ltr'><strong>excors</strong></span> <span class='ocrx_word' id='word_1_748' title='bbox 3292 4800 3358 4850; x_wconf 83' lang='lat'><strong>&quot;.</strong></span> <span class='ocrx_word' id='word_1_749' title='bbox 3400 4816 3417 4848; x_wconf 74' lang='grc' dir='ltr'><strong>ι</strong></span> <span class='ocrx_word' id='word_1_750' title='bbox 3457 4796 3707 4866; x_wconf 82' lang='lat' dir='ltr'><strong>Namque</strong></span> 
     </span>
    </p>
   </div>
   <div class='ocr_carea' id='block_1_110' title="bbox 2128 4890 3708 4977">
    <p class='ocr_par' dir='ltr' id='par_1_110' title="bbox 2128 4890 3708 4977">
     <span class='ocr_line' id='line_1_110' title="bbox 2128 4890 3708 4977; baseline -0.013 -14"><span class='ocrx_word' id='word_1_751' title='bbox 2128 4923 2252 4963; x_wconf 90' lang='lat' dir='ltr'><strong>cum</strong></span> <span class='ocrx_word' id='word_1_752' title='bbox 2284 4921 2425 4977; x_wconf 83' lang='lat' dir='ltr'><strong>Opus</strong></span> <span class='ocrx_word' id='word_1_753' title='bbox 2454 4915 2602 4960; x_wconf 88' lang='lat' dir='ltr'><strong>esset</strong></span> <span class='ocrx_word' id='word_1_754' title='bbox 2627 4910 2680 4955; x_wconf 89' lang='lat' dir='ltr'><strong>te</strong></span> <span class='ocrx_word' id='word_1_755' title='bbox 2707 4900 2906 4952; x_wconf 83' lang='lat' dir='ltr'><strong>rubore</strong></span> <span class='ocrx_word' id='word_1_756' title='bbox 2936 4892 3178 4950; x_wconf 84' lang='lat' dir='ltr'><strong>suffuudi</strong></span> <span class='ocrx_word' id='word_1_757' title='bbox 3203 4932 3214 4955; x_wconf 87' lang='lat'><strong>,</strong></span> <span class='ocrx_word' id='word_1_758' title='bbox 3248 4890 3318 4943; x_wconf 90' lang='lat' dir='ltr'><strong>ob</strong></span> <span class='ocrx_word' id='word_1_759' title='bbox 3352 4905 3440 4943; x_wconf 89' lang='lat' dir='ltr'><strong>res</strong></span> <span class='ocrx_word' id='word_1_760' title='bbox 3471 4904 3668 4960; x_wconf 89' lang='lat' dir='ltr'><strong>pravas</strong></span> <span class='ocrx_word' id='word_1_761' title='bbox 3693 4929 3708 4951; x_wconf 89' lang='lat'><strong>,</strong></span> 
     </span>
    </p>
   </div>
   <div class='ocr_carea' id='block_1_111' title="bbox 2130 4980 3712 5061">
    <p class='ocr_par' dir='ltr' id='par_1_111' title="bbox 2130 4980 3712 5061">
     <span class='ocr_line' id='line_1_111' title="bbox 2130 4980 3712 5061; baseline -0.01 -13"><span class='ocrx_word' id='word_1_762' title='bbox 2130 5004 2188 5048; x_wconf 89' lang='lat' dir='ltr'><strong>et</strong></span> <span class='ocrx_word' id='word_1_763' title='bbox 2213 4996 2433 5050; x_wconf 87' lang='lat' dir='ltr'><strong>inanem</strong></span> <span class='ocrx_word' id='word_1_764' title='bbox 2477 4991 2755 5061; x_wconf 75' lang='lat' dir='ltr'><strong>gloriam,</strong></span> <span class='ocrx_word' id='word_1_765' title='bbox 2809 4996 2860 5040; x_wconf 92' lang='lat' dir='ltr'><strong>et</strong></span> <span class='ocrx_word' id='word_1_766' title='bbox 2902 4986 3099 5053; x_wconf 70' lang='lat' dir='ltr'><strong>linguae</strong></span> <span class='ocrx_word' id='word_1_767' title='bbox 3131 4980 3521 5049; x_wconf 88' lang='lat' dir='ltr'><strong>petulantiam,</strong></span> <span class='ocrx_word' id='word_1_768' title='bbox 3577 4986 3712 5032; x_wconf 92' lang='lat' dir='ltr'><strong>tunc</strong></span> 
     </span>
    </p>
   </div>
   <div class='ocr_carea' id='block_1_112' title="bbox 2132 5072 3710 5154">
    <p class='ocr_par' dir='ltr' id='par_1_112' title="bbox 2132 5072 3710 5154">
     <span class='ocr_line' id='line_1_112' title="bbox 2132 5072 3710 5154; baseline -0.01 -14"><span class='ocrx_word' id='word_1_769' title='bbox 2132 5087 2389 5142; x_wconf 85' lang='lat' dir='ltr'><strong>manibus</strong></span> <span class='ocrx_word' id='word_1_770' title='bbox 2420 5083 2637 5154; x_wconf 87' lang='lat' dir='ltr'><strong>plaudis</strong></span> <span class='ocrx_word' id='word_1_771' title='bbox 2664 5120 2677 5144; x_wconf 93' lang='lat'><strong>,</strong></span> <span class='ocrx_word' id='word_1_772' title='bbox 2716 5089 2770 5133; x_wconf 86' lang='lat' dir='ltr'><strong>et</strong></span> <span class='ocrx_word' id='word_1_773' title='bbox 2804 5077 2933 5130; x_wconf 87' lang='lat' dir='ltr'><strong>aliis</strong></span> <span class='ocrx_word' id='word_1_774' title='bbox 2967 5090 3062 5144; x_wconf 91' lang='lat' dir='ltr'><strong>per</strong></span> <span class='ocrx_word' id='word_1_775' title='bbox 3096 5082 3148 5127; x_wconf 90' lang='lat' dir='ltr'><strong>te</strong></span> <span class='ocrx_word' id='word_1_776' title='bbox 3179 5072 3476 5126; x_wconf 88' lang='lat' dir='ltr'><strong>insolenter</strong></span> <span class='ocrx_word' id='word_1_777' title='bbox 3501 5073 3668 5142; x_wconf 81' lang='lat' dir='ltr'><strong>gestis</strong></span> <span class='ocrx_word' id='word_1_778' title='bbox 3696 5110 3710 5133; x_wconf 88' lang='lat'><strong>,</strong></span> 
     </span>
    </p>
   </div>
   <div class='ocr_carea' id='block_1_113' title="bbox 2135 5164 3714 5247">
    <p class='ocr_par' dir='ltr' id='par_1_113' title="bbox 2135 5164 3714 5247">
     <span class='ocr_line' id='line_1_113' title="bbox 2135 5164 3714 5247; baseline -0.009 -15"><span class='ocrx_word' id='word_1_779' title='bbox 2135 5178 2390 5247; x_wconf 81' lang='lat' dir='ltr'><strong>superbis</strong></span> <span class='ocrx_word' id='word_1_780' title='bbox 2423 5184 2475 5230; x_wconf 89' lang='lat' dir='ltr'><strong>et</strong></span> <span class='ocrx_word' id='word_1_781' title='bbox 2521 5173 2859 5236; x_wconf 76' lang='lat' dir='ltr'><strong>oblectaris,</strong></span> <span class='ocrx_word' id='word_1_782' title='bbox 2907 5177 2962 5225; x_wconf 90' lang='lat' dir='ltr'><strong>et</strong></span> <span class='ocrx_word' id='word_1_783' title='bbox 2999 5176 3126 5220; x_wconf 88' lang='lat' dir='ltr'><strong>ante</strong></span> <span class='ocrx_word' id='word_1_784' title='bbox 3160 5165 3301 5219; x_wconf 88' lang='lat' dir='ltr'><strong>alios</strong></span> <span class='ocrx_word' id='word_1_785' title='bbox 3331 5164 3506 5234; x_wconf 81' lang='lat' dir='ltr'><strong>iactas</strong></span> <span class='ocrx_word' id='word_1_786' title='bbox 3528 5203 3542 5227; x_wconf 85' lang='lat'><strong>,</strong></span> <span class='ocrx_word' id='word_1_787' title='bbox 3573 5175 3624 5218; x_wconf 88' lang='lat' dir='ltr'><strong>et</strong></span> <span class='ocrx_word' id='word_1_788' title='bbox 3661 5171 3714 5217; x_wconf 86' lang='lat' dir='ltr'><strong>te</strong></span> 
     </span>
    </p>
   </div>
   <div class='ocr_carea' id='block_1_114' title="bbox 2139 5257 3713 5339">
    <p class='ocr_par' dir='ltr' id='par_1_114' title="bbox 2139 5257 3713 5339">
     <span class='ocr_line' id='line_1_114' title="bbox 2139 5257 3713 5339; baseline -0.013 -13"><span class='ocrx_word' id='word_1_789' title='bbox 2139 5269 2298 5339; x_wconf 82' lang='lat'><strong>139</strong></span> <span class='ocrx_word' id='word_1_790' title='bbox 2337 5268 2593 5322; x_wconf 88' lang='lat' dir='ltr'><strong>laudibus</strong></span> <span class='ocrx_word' id='word_1_791' title='bbox 2645 5264 2808 5320; x_wconf 79' lang='lat' dir='ltr'><strong>eﬂ&#39;crs</strong></span> <span class='ocrx_word' id='word_1_792' title='bbox 2833 5305 2851 5328; x_wconf 88' lang='lat'><strong>,</strong></span> <span class='ocrx_word' id='word_1_793' title='bbox 2883 5269 2936 5317; x_wconf 88' lang='lat' dir='ltr'><strong>et</strong></span> <span class='ocrx_word' id='word_1_794' title='bbox 2966 5257 3467 5314; x_wconf 85' lang='lat' dir='ltr'><strong>abundautioribus</strong></span> <span class='ocrx_word' id='word_1_795' title='bbox 3502 5270 3713 5325; x_wconf 74' lang='lat' dir='ltr'><strong>praeco-</strong></span> 
     </span>
    </p>
   </div>
   <div class='ocr_carea' id='block_1_115' title="bbox 2136 5349 3712 5415">
    <p class='ocr_par' dir='ltr' id='par_1_115' title="bbox 2136 5349 3712 5415">
     <span class='ocr_line' id='line_1_115' title="bbox 2136 5349 3712 5415; baseline -0.011 -2"><span class='ocrx_word' id='word_1_796' title='bbox 2136 5362 2246 5414; x_wconf 88' lang='lat' dir='ltr'><strong>niis</strong></span> <span class='ocrx_word' id='word_1_797' title='bbox 2277 5361 2521 5415; x_wconf 77' lang='lat' dir='ltr'><strong>extollis.</strong></span> <span class='ocrx_word' id='word_1_798' title='bbox 2552 5359 2946 5413; x_wconf 82' lang='lat' dir='ltr'><strong>Verumtamen</strong></span> <span class='ocrx_word' id='word_1_799' title='bbox 2987 5353 3184 5406; x_wconf 89' lang='lat' dir='ltr'><strong>rubore</strong></span> <span class='ocrx_word' id='word_1_800' title='bbox 3215 5349 3552 5410; x_wconf 70' lang='lat' dir='ltr'><strong>sull‘undere,</strong></span> <span class='ocrx_word' id='word_1_801' title='bbox 3585 5361 3712 5397; x_wconf 85' lang='lat' dir='ltr'><strong>sau-</strong></span> 
     </span>
    </p>
   </div>
   <div class='ocr_carea' id='block_1_116' title="bbox 2136 5437 3714 5522">
    <p class='ocr_par' dir='ltr' id='par_1_116' title="bbox 2136 5437 3714 5522">
     <span class='ocr_line' id='line_1_116' title="bbox 2136 5437 3714 5522; baseline -0.011 -15"><span class='ocrx_word' id='word_1_802' title='bbox 2136 5463 2260 5508; x_wconf 76' lang='grc' dir='ltr'>ειυς</span> <span class='ocrx_word' id='word_1_803' title='bbox 2293 5452 2558 5522; x_wconf 79' lang='lat' dir='ltr'><strong>pmphela</strong></span> <span class='ocrx_word' id='word_1_804' title='bbox 2609 5467 2674 5504; x_wconf 75' lang='lat' dir='ltr'><strong>ex</strong></span> <span class='ocrx_word' id='word_1_805' title='bbox 2727 5461 2960 5517; x_wconf 88' lang='lat' dir='ltr'><strong>persona</strong></span> <span class='ocrx_word' id='word_1_806' title='bbox 2993 5443 3085 5498; x_wconf 87' lang='lat' dir='ltr'><strong>Dei</strong></span> <span class='ocrx_word' id='word_1_807' title='bbox 3131 5444 3333 5498; x_wconf 90' lang='lat' dir='ltr'><strong>clamat</strong></span> <span class='ocrx_word' id='word_1_808' title='bbox 3367 5459 3380 5492; x_wconf 90' lang='lat'><strong>:</strong></span> <span class='ocrx_word' id='word_1_809' title='bbox 3430 5438 3492 5490; x_wconf 85' lang='lat' dir='ltr'><strong>Et</strong></span> <span class='ocrx_word' id='word_1_810' title='bbox 3524 5437 3714 5503; x_wconf 82' lang='lat' dir='ltr'><strong>accipe</strong></span> 
     </span>
    </p>
   </div>
   <div class='ocr_carea' id='block_1_117' title="bbox 2136 5531 3712 5615">
    <p class='ocr_par' dir='ltr' id='par_1_117' title="bbox 2136 5531 3712 5615">
     <span class='ocr_line' id='line_1_117' title="bbox 2136 5531 3712 5615; baseline -0.013 -17"><span class='ocrx_word' id='word_1_811' title='bbox 2136 5546 2494 5615; x_wconf 89' lang='lat' dir='ltr'><strong>opprobrium</strong></span> <span class='ocrx_word' id='word_1_812' title='bbox 2546 5552 2700 5597; x_wconf 92' lang='lat' dir='ltr'><strong>tuum</strong></span> <span class='ocrx_word' id='word_1_813' title='bbox 2748 5541 2815 5609; x_wconf 83' lang='grc'>⁵²,</span> <span class='ocrx_word' id='word_1_814' title='bbox 2875 5546 2934 5593; x_wconf 91' lang='lat' dir='ltr'><strong>ut</strong></span> <span class='ocrx_word' id='word_1_815' title='bbox 2978 5539 3193 5592; x_wconf 79' lang='lat' dir='ltr'><strong>tandem</strong></span> <span class='ocrx_word' id='word_1_816' title='bbox 3247 5531 3542 5602; x_wconf 84' lang='lat' dir='ltr'><strong>aliquando</strong></span> <span class='ocrx_word' id='word_1_817' title='bbox 3590 5543 3712 5597; x_wconf 85' lang='lat' dir='ltr'><strong>pcr-</strong></span> 
     </span>
    </p>
   </div>
   <div class='ocr_carea' id='block_1_118' title="bbox 3183 5670 3706 5744">
    <p class='ocr_par' dir='ltr' id='par_1_118' title="bbox 3183 5670 3706 5744">
     <span class='ocr_line' id='line_1_118' title="bbox 3183 5670 3706 5744; baseline -0.008 -17"><span class='ocrx_word' id='word_1_818' title='bbox 3183 5685 3220 5715; x_wconf 68' lang='grc' dir='ltr'><strong>δι</strong></span> <span class='ocrx_word' id='word_1_819' title='bbox 3253 5681 3358 5737; x_wconf 69' lang='lat' dir='ltr'><strong>Jm‘,</strong></span> <span class='ocrx_word' id='word_1_820' title='bbox 3396 5697 3447 5744; x_wconf 65' lang='grc' dir='ltr'>γ,</span> <span class='ocrx_word' id='word_1_821' title='bbox 3490 5673 3579 5726; x_wconf 61' lang='grc'><strong>9-1.</strong></span> <span class='ocrx_word' id='word_1_822' title='bbox 3665 5670 3706 5698; x_wconf 57' lang='grc'><strong>⁵³</strong></span> 
     </span>
    </p>
   </div>
  </div>
