4064 6160
413 364 517 434 221

1607 360 2145 427 EPISTULARUM
2186 364 2332 426 LIB.
2377 367 2459 428 ll.

3569 371 3680 435 9.3).

415 480 595 547 λθείης
626 477 843 544 ἄλλοις,
891 478 1077 532 ὁπόσοι
1104 477 1364 541 ἄτακτοι,
1412 478 1505 531 καὶ
1551 480 1811 551 συρφετοὶ
1835 516 1849 541 ,
1886 479 1978 532 καὶ

2084 488 2327 544 guesque
2352 491 2475 530 cum
2499 475 2631 539 sint,
2668 476 2872 531 nullam
2900 477 3118 534 virtutis
3153 478 3420 532 rationem
3449 478 3672 539 habent.

415 573 613 644 βλάκες
629 571 992 641 ὑπάρχοντες,
1017 570 1278 640 οὐδεμίαν
1302 570 1358 622 δὲ
1380 571 1637 640 φροντίδα
1664 571 1764 639 τῆς
1787 572 1987 641 ἀρετῆς

411 666 652 736 ἔχουσιν,
683 661 814 727 ὅλας
841 664 898 716 δὲ
929 661 1028 726 τὰς
1071 661 1284 734 ἡμέρας
1324 661 1424 730 τῆς
1458 660 1607 732 ζωῆς
1653 662 1782 732 περὶ
1815 660 1990 714 ταῦτα

413 756 781 826 ἁδολεσχοῦσι,
811 754 900 808 διὰ
919 755 1019 824 τῆς
1046 753 1343 824 ὲπαρὰτου,
1371 753 1465 806 καὶ
1488 753 1990 822 παρασεσυρμένης

413 848 740 913 κενοδοξίας,
765 848 862 900 τὸν
895 847 1093 919 μικρὸν
1127 848 1289 918 ἄρτον
1317 848 1427 900 τῶν
1454 840 1652 914 ὀλίγων
1680 844 1989 915 ἀνθρώπων

411 942 657 994 ἐπαινεῖν
709 938 871 1008 δῆθεν
928 937 1383 1008 προαιρουμένων
1409 973 1426 1001 ,
1463 936 1849 1007 δουλοπρεπῶς
1901 953 1986 1002 τε,

411 1035 506 1087 καὶ
535 1035 678 1100 ἄγαν
709 1031 1110 1103 βρεφοπρεπῶς
1153 1031 1524 1101 κομιζόμενοι,
1559 1030 1618 1094 ἐξ
1645 1024 1704 1085 οὗ
1739 1030 1812 1100 μὴ
1853 1046 1989 1099 τρα-

411 1126 677 1194 φήσονται
716 1123 779 1176 τὸ
835 1123 1059 1176 σύνολον
1107 1121 1204 1191 τὴν
1243 1122 1456 1191 ψυχὴν,
1499 1119 1635 1174 ἀλλὰ
1683 1121 1777 1174 καὶ
1817 1118 1988 1189 λιμώ-

414 1216 616 1280 ξουσιν.
647 1214 776 1267 Δέον
808 1214 920 1286 γὰρ
947 1215 1178 1284 ζητῆσαι
1211 1212 1362 1283 παρὰ
1396 1211 1492 1265 τοῦ
1521 1211 1654 1265 Θεοῦ
1684 1211 1792 1265 τῶν
1825 1210 1989 1264 δυνά-

413 1323 586 1377 μεων,
633 1306 734 1360 καὶ
759 1305 918 1375 δόξης
952 1304 1212 1376 ἀληθοῦς,
1247 1305 1340 1358 καὶ
1376 1304 1543 1374 τιμῆς
1571 1303 1754 1373 πλήρη
1785 1301 1984 1370 ἄρτον·

409 1401 462 1453 οι
505 1395 564 1452 δὲ
589 1396 905 1451 τούναντίον
941 1398 1303 1468 πράττουσιν,
1357 1399 1422 1449 ὲκ
1473 1394 1744 1464 κοσμικῆς
1797 1393 1991 1462 σοφίας

411 1489 728 1559 ἂνωφελοῧς
770 1489 1007 1560 οίόμενοι
1052 1489 1372 1560 τρέφεσθαι.
1433 1489 1580 1559 Τιμὴ
1623 1488 1682 1541 δὲ
1729 1485 1990 1556 γυναικὸς

411 1582 618 1652 πόρνης
644 1580 777 1634 ὡσεὶ
808 1582 902 1634 καὶ
927 1582 1046 1644 ἐνὸς
1077 1581 1246 1652 ἄρτου
1267 1623 1283 1647 ,
1319 1581 1550 1651 ἀτιμίας
1579 1579 1863 1650 γέμοντας,
1894 1576 1991 1631 καὶ⁸

403 1669 694 1732 ἀσθενείας
723 1669 942 1746 πολλῆς.
977 1670 1050 1722 Σὺ
1076 1669 1135 1722 δέ
1165 1685 1228 1738 γε
1272 1668 1364 1722 τὸν
1413 1668 1522 1720 τῶν
1551 1668 1663 1722 ἄνω
1704 1664 1992 1734 δυνάμεων

408 1762 578 1830 ἄρτον
621 1760 886 1832 διηνεκῶς
923 1761 1150 1832 αἴτησον
1173 1776 1189 1792 ο
1231 1760 1396 1830 ἄρτον
1431 1759 1542 1829 γὰρ
1577 1753 1810 1828 οὐρανοῦ
1828 1797 1844 1822 ,
1893 1754 1989 1810 καὶ

407 1855 573 1924 ἄρτον
599 1852 848 1922 ἀγγέλων
873 1852 1074 1922 ἔφαγεν
1103 1851 1415 1922 ἄνθρωπος,
1444 1871 1464 1902 ι
1497 1852 1604 1914 πᾶς
1633 1850 1783 1911 ὅστις
1815 1847 1984 1901 πνεύ-

411 1961 543 2016 ματι
572 1945 662 2016 ζῇ,
681 1947 774 2000 καὶ
803 1945 1077 2015 πνεύματι
1106 1947 1329 2014 στοιχεῇ
1363 1962 1381 1996 ι
1417 1944 1515 1997 καὶ
1539 1944 1650 2005 τοῖς
1689 1941 1987 2010 ἐκκλησια-

408 2039 618 2100 στικοίς
646 2037 870 2107 θεσμοῖς
903 2035 1308 2102 ἔξακολουθῶν,
1343 2035 1445 2104 τῆς
1473 2033 1669 2101 σοφίας
1711 2032 1812 2100 τῆς
1845 2031 1987 2086 ἄνω·

409 2129 503 2182 θεν
537 2129 946 2201 κατερχομένης
982 2127 1343 2198 μετέσχηκεν.
1380 2128 1582 2196 ’Δρτον
1606 2121 1700 2178 οὖν
1731 2121 1984 2194 οὐρανοῦ,

408 2220 505 2273 καὶ
533 2220 698 2290 ἄρτον
725 2219 974 2288 ἀγγέλων
998 2256 1014 2282 ,
1061 2219 1163 2270 οὐκ
1212 2218 1377 2288 ἄρτον
1405 2214 1662 2284 γυναικὸς
1707 2215 1914 2285 πόρνης
1960 2215 1989 2266 ό

407 2312 653 2376 τοιοῦτος
701 2311 894 2364 ἔσθὶει.
935 2310 1133 2364 Πολλοὶ
1184 2307 1295 2362 τῶν
1337 2307 1634 2378 αἱρετικῶν
1678 2305 1848 2360 πολλὰ
1875 2307 1990 2358 ἐπι-

408 2402 738 2466 συνὲταξαν,
768 2400 882 2455 ἀλλ’
907 2401 1060 2456 οὐδὲν
1081 2400 1389 2471 ὠφέλησαν.
1416 2402 1564 2454 Διότι
1582 2400 1988 2470 ἀνεμοφθόρους

405 2489 565 2561 εἶχον
610 2491 738 2554 τοὺς
777 2491 1036 2563 στάχυας,
1079 2491 1158 2556 ὥς
1183 2509 1347 2562 φησιν
1376 2493 1404 2546 ό
1430 2492 1737 2562 προφήτης,
1766 2491 1986 2561 δράγμα

401 2583 514 2636 οὐκ
546 2582 671 2653 ἔχον
718 2584 872 2653 ίσχὺν
914 2583 1010 2636 τοῦ
1044 2584 1265 2652 ποιῆσαι
1298 2583 1546 2654 ἄλευρον.
1583 2582 1645 2636 Et
1677 2583 1736 2636 δὲ
1766 2583 1986 2654 θαυμά-

406 2673 524 2737 ζειε
554 2675 681 2736 τοὺς
709 2674 1018 2746 γράφοντας
1046 2673 1114 2727 τὰ
1153 2673 1282 2746 ιπη,
1323 2673 1441 2745 ὥρα
1471 2690 1556 2728 σοι
1587 2674 1684 2728 καὶ
1731 2675 1984 2729 mmm—

406 2766 596 2836 νάριον
615 2765 706 2818 τὸν
737 2764 974 2835 δυσσεϐῆ
996 2767 1094 2820 καὶ
1125 2767 1445 2836 καινοτόμον
1469 2766 1790 2837 θαυμάζειν,
1813 2767 1985 2821 πολλὰ

405 2855 530 2911 λίαν
563 2858 933 2928 μετρήσαντα,
973 2859 1067 2912 καὶ
1094 2859 1527 2929 ὲποποιήσαντα,
1557 2859 1653 2912 καὶ
1679 2875 1984 2930 ματαιοπο-

403 2949 671 3020 νήσαντα,
702 2951 798 3003 καὶ
824 2950 990 3003 παντὶ
1017 2949 1198 3022 καιρῷ
1223 2954 1281 3004 ὲν
1312 2949 1494 3019 λόγοις
1527 2951 1778 3020 ἀνοήτοις
1810 2969 1981 3007 καταο

405 3040 684 3111 τριϐέντα,
717 3041 1010 3113 οξδήσαντά
1031 3059 1092 3096 τε
1124 3045 1238 3106 τοῖς
1261 3042 1516 3112 ἀκερδὼι
1551 3043 1660 3096 τῶν
1690 3043 1859 3106 ἐπῶν,
1887 3044 1983 3098 καὶ

2093 568 2188 622 sed
2223 568 2482 623 omnibus
2506 569 2631 624 vita:
2662 585 2778 624 sua
2810 569 3008 626 diebus
3033 573 3178 625 circa
3223 571 3336 626 haec
3363 573 3672 642 incptiunt,

2090 673 2186 728 per
2211 658 2368 730 15.1
2403 661 2798 714 exsecrandum
2824 699 2838 723 ,
2874 677 3070 716 vanam
3112 674 3166 717 et
3195 665 3411 718 inanem
3444 665 3673 735 gloriam

2089 751 2356 820 pusillum
2389 767 2584 827 panem
2614 767 2916 824 paucomm
2942 755 3226 811 hominum
3251 797 3268 821 ,
3300 759 3673 826 laudibusex-

2091 845 2281 900 tollere
2305 860 2461 914 teque
2485 854 2651 914 atque
2694 846 3036 900 stridentium
3063 887 3079 912 ,
3131 862 3422 903 servorum
3468 849 3670 908 instar.

2090 937 2366 1008 nimisque
2401 938 2684 1008 pueriliter
2721 939 3047 1008 deportant,
3083 956 3192 1011 quo
3227 957 3454 1012 prorsus
3491 943 3674 998 anima

2089 1043 2280 1084 eorum
2307 1045 2415 1083 non
2445 1029 2743 1096 nutrietur,
2799 1030 2910 1084 imo
2956 1032 3136 1101 potius
3167 1034 3309 1090 fatue
3334 1035 3671 1090 enecabitur.

2090 1119 2226 1176 Nam
2265 1137 2392 1178 cum
2438 1138 2468 1176 a
2503 1123 2610 1177 Deo
2638 1123 2905 1180 virtutum
2928 1165 2942 1187 ,
2979 1131 3033 1178 et
3065 1140 3209 1180 vera:
3243 1127 3463 1197 gloria.
3493 1136 3546 1182 et
3573 1127 3676 1182 ho-

2094 1214 2249 1268 noris
2281 1214 2500 1283 plenum
2537 1231 2732 1285 partem
2768 1230 2995 1285 poscere
3028 1215 3348 1271 debuissent
3368 1257 3382 1281 ,
3413 1218 3469 1271 hi
3502 1232 3675 1288 oppo-

2087 1306 2254 1361 situm
2293 1306 2541 1374 faciunt,
2596 1324 2663 1362 es
2707 1308 2956 1363 exsulari
3007 1308 3316 1378 sapientia,
3368 1324 3491 1378 qua
3540 1310 3673 1364 nulli

2091 1399 2217 1453 usui
2263 1405 2385 1462 est,
2433 1398 2816 1454 existimantes
2861 1399 2967 1454 sibi
3009 1400 3271 1454 alimenta
3309 1401 3670 1470 suppeditari.

2091 1487 2281 1542 Honor
2313 1501 2445 1542 vero
2474 1488 2722 1543 mulieris
2773 1488 3078 1545 meretricis
3110 1497 3194 1543 est
3242 1490 3384 1544 idem
3418 1503 3480 1544 ac
3512 1488 3677 1546 unius

2091 1575 2248 1643 panis
2301 1575 2639 1645 ignominia,
2687 1583 2740 1630 et
2780 1576 2948 1631 multa
2996 1577 3317 1634 inﬁrmitate
3369 1578 3540 1647 pleni.
3589 1575 3672 1632 'I'u

2091 1677 2258 1733 porro
2278 1679 2644 1734 supernarum
2671 1666 2937 1721 virtutum
2957 1680 3160 1738 panem
3186 1669 3447 1723 continuo
3470 1684 3634 1740 posce
3659 1689 3672 1724 :

2091 1769 2286 1824 panem
2318 1756 2464 1810 enim
2494 1757 2618 1812 cmli
2644 1795 2660 1821 ,
2684 1764 2740 1813 et
2767 1771 2962 1828 panem
2983 1760 3304 1830 angelorum
3337 1761 3504 1816 homo
3526 1776 3678 1815 com-

2094 1845 2204 1899 edit
2232 1845 2301 1909 ⁸⁷,
2341 1865 2360 1898 ι
2395 1847 2486 1916 qui
2523 1847 2721 1917 spiritu
2759 1847 2911 1911 vivit,
2927 1857 2982 1904 et
3020 1850 3214 1918 spiritu
3257 1850 3500 1904 ambulat
3544 1851 3611 1915 ",
3653 1869 3671 1901 ι

2089 1943 2146 1991 et
2179 1936 2579 1994 ecclesiasticis
2610 1939 2822 2010 legibus
2851 1941 3244 2012 obtemperans
3266 1982 3281 2008 ,
3301 1941 3585 2011 sapientiae
3609 1957 3676 1996 ιιι

2087 2028 2202 2083 alto
2237 2028 2581 2086 advenientis
2631 2033 2907 2103 particeps
2939 2031 3017 2086 lit.
3059 2031 3262 2087 Panem
3299 2033 3483 2102 itaque
3509 2033 3634 2087 C(Bli
3658 2076 3674 2096 ,

2089 2127 2143 2174 et
2169 2135 2366 2190 panem
2398 2122 2716 2191 angelorum
2741 2163 2756 2188 ,
2808 2141 2916 2180 non
2965 2141 3162 2195 panem
3199 2126 3448 2180 mulieris
3497 2141 3678 2181 mere-

2090 2213 2244 2268 tricis
2279 2213 2441 2268 homo
2491 2214 2540 2269 is
2585 2215 2844 2271 comedit.
2889 2217 2964 2271 Ex
3016 2217 3291 2273 haereticis
3317 2217 3477 2271 multi
3504 2218 3676 2272 multa

2090 2304 2314 2372 scriptis
2348 2304 2726 2371 tradiderunt,
2759 2321 2885 2377 quin
2925 2317 3104 2364 tamen
3154 2309 3286 2363 nulli
3321 2309 3445 2363 usui
3487 2307 3672 2375 fuere,

2087 2393 2234 2462 quod
2273 2409 2304 2448 a
2340 2403 2503 2450 vento
2551 2405 2846 2467 corruptas
2900 2399 3085 2468 spicas
3116 2399 3426 2454 habuerunt
3451 2437 3466 2464 ,
3507 2407 3567 2452 ut
3599 2398 3676 2452 ait

2089 2487 2353 2555 propheta
2395 2504 2409 2540 :
2443 2486 2753 2558 Manipulus
2787 2506 2896 2545 non
2925 2491 3132 2547 habens
3162 2491 3334 2547 robur
3367 2489 3436 2544 ad
3469 2488 3673 2544 facien-

2081 2577 2210 2631 dam
2242 2577 2472 2633 farinam
2503 2581 2569 2636 ⁸⁸.
2603 2579 2659 2635 Si
2691 2597 2822 2638 vero
2843 2583 2879 2638 ii
2903 2584 3004 2639 tibi
3026 2599 3082 2638 ιιι
3116 2582 3480 2638 admiratione
3509 2591 3670 2646 sunt,

2085 2670 2178 2740 qui
2213 2673 2458 2728 carmina
2512 2676 2886 2744 scripserunt,
2943 2676 3151 2746 poteris
3196 2687 3252 2730 et
3285 2676 3556 2746 impium,
3609 2683 3668 2731 et

2086 2773 2402 2820 novatorem
2457 2765 2862 2836 Apollinarium
2918 2766 3122 2824 habere
3181 2768 3234 2823 in
3275 2766 3670 2831 admiratione,

2081 2853 2176 2922 qui
2215 2857 2623 2928 quamplurima
2661 2859 2907 2916 numeris
2959 2869 3014 2915 et
3047 2860 3294 2915 carmine
3323 2861 3669 2931 composuit,

2081 2950 2137 2996 et
2170 2944 2372 2999 [rustra
2403 2945 2616 3003 labores
2642 2949 2965 3021 insumpsit,
2990 2959 3045 3008 et
3071 2966 3168 3021 per
3192 2959 3366 3006 totum
3402 2967 3514 3006 sua:
3546 2951 3672 3007 vita:

2083 3042 2298 3104 tempus
2354 3037 2409 3092 in
2471 3039 2852 3110 insipientibus
2903 3043 3256 3098 sermonibus
3307 3042 3671 3114 congerendis

405 3128 812 3202 φλεγμήναντα,
847 3134 943 3186 καὶ
970 3133 1330 3203 ὑδεριάσαντα
1359 3135 1472 3197 τοῖς
1491 3133 1796 3205 λογισμοῖς,
1827 3154 1849 3188 t
1885 3135 1980 3188 καὶ

2088 3127 2444 3195 semetipsum
2495 3131 2732 3193 attrivit.
2776 3133 2981 3202 quique
3024 3136 3334 3189 carminum
3383 3134 3670 3190 inutilibus

405 3221 444 3289 ἡ
475 3222 693 3290 γλῶσσα
741 3224 906 3278 αὐτοῦ
943 3223 1157 3279 διῑπλθεν
1201 3225 1298 3279 ἐπὶ
1321 3226 1418 3297 τῆς
1465 3225 1572 3297 γῆς
1599 3265 1615 3294 ,
1645 3245 1668 3280 ι
1707 3226 1784 3291 ὡς
1823 3227 1982 3283 Δαυῒδ

2089 3216 2289 3271 studiis
2321 3216 2613 3286 intumuit,
2666 3225 3022 3288 exastuavit,
3063 3234 3117 3279 et
3162 3227 3318 3296 quasi
3360 3241 3499 3296 aqua
3533 3226 3668 3281 sub-

401 3311 610 3384 ἔλεγεν.

721 3493 805 3548 N'.
831 3521 906 3536 --
929 3493 1346 3550 ΔΡΙΣΤΟΚΛΕΙ
1370 3495 1679 3568 ΜΟΝΔΧῼ.

479 3581 852 3648 Διστασιὰζειν
877 3583 1062 3647 ἔοικας
1087 3585 1223 3656 πρὸς
1249 3586 1462 3651 ἑαυτὸν,
1489 3588 1630 3642 καλὰ
1657 3589 1757 3660 μὲν
1782 3587 1980 3653 λαλῶν,

407 3673 558 3727 κακὰ
583 3675 641 3728 δὲ
673 3676 941 3747 πράττων,
973 3679 1068 3730 καὶ
1093 3678 1302 3733 λυττῶν
1334 3680 1523 3750 ὥσπερ
1573 3683 1624 3734 οἱ
1667 3683 1851 3748 κύνες,
1887 3685 1982 3736 καὶ

407 3764 619 3830 πάντας
647 3766 1004 3822 καθυλακτῶν
1039 3769 1309 3838 ἀφειδῶς,
1361 3772 1456 3825 καὶ
1501 3773 1976 3844 ἁπερυθριάστως.

420 3855 582 3910 una
606 3857 702 3911 νῦν
723 3857 857 3924 γοῦν
879 3859 1196 3930 διόρθωσαι.
1243 3861 1463 3930 ἅδελφὲ,
1501 3864 1651 3927 ὅπως
1680 3864 1757 3935 μὴ
1783 3867 1982 3938 διαμά-

407 3963 608 4014 χωνται
640 3946 707 4002 τὰ
732 3946 875 4017 ἔργα
904 3965 997 4001 σου
1025 3949 1104 4020 τῷ
1143 3949 1325 4020 σεμνῷ
1367 3951 1766 4022 ὲπαγγέλματι.

721 4038 849 4094 rw.
875 4067 950 4082 -—-
975 4039 1302 4112 ΒΙΚΕΝΤΙῼ
1351 4044 1658 4118 saxum.

481 4126 640 4180 Ὅσον
673 4127 847 4194 δοκεῖς
878 4129 938 4183 τὸ
977 4131 1140 4201 σῶμα
1169 4132 1590 4204 σκληραγωγεῖν
1631 4138 1698 4207 τῇ
1733 4137 1979 4210 ἑπιπόνφ

400 4217 503 4273 καὶ
529 4221 836 4293 τραχυτέρᾳ
878 4221 1091 4293 διαίτῃ,
1130 4224 1377 4295 ιτοσοῦτῳ
1413 4226 1612 4294 μᾶλλον
1641 4228 1739 4299 τὴν
1778 4231 1976 4284 σαυτοῦ

401 4310 630 4380 καρδίαν
674 4314 1013 4369 ταπείνωσον
1034 4355 1050 4379 ,
1096 4317 1512 4384 κατευτελίζων,
1563 4322 1655 4374 καὶ
1687 4322 1976 4387 ὲξουδενῶν

397 4403 622 4465 σαυτὸν,
659 4404 749 4458 τνα
795 4405 872 4476 μὴ
907 4409 1008 4477 τῆς
1041 4408 1346 4475 κενοδοξίας
1377 4411 1560 4483 χώραν
1612 4414 1883 4486 λαόοᾶσης
1917 4419 1976 4470 ἐν

2091 3315 2179 3364 tus
2206 3316 2387 3365 cutem
2430 3313 2855 3382 cogitationibus
2895 3315 3118 3372 inﬂatus
3162 3325 3246 3372 est
3281 3334 3296 3371 :
3337 3337 3355 3369 ‹
3393 3328 3448 3372 et
3484 3319 3666 3389 lingua

2083 3399 2208 3470 cjus
2247 3403 2518 3471 percurrit
2553 3420 2718 3475 super
2747 3415 2949 3462 terram
2979 3409 3024 3440 “
3061 3427 3080 3461 ι
3138 3417 3196 3462 ιιι
3231 3408 3396 3463 David
3426 3410 3663 3469 dicebat.

2311 3492 2468 3566 142
2511 3494 2570 3548 L.
2594 3524 2665 3535 —
2689 3495 3058 3553 ARISTOCLI
3098 3498 3452 3556 MONACl-IO.

2157 3581 2238 3638 Tu
2273 3593 2325 3638 te
2352 3585 2470 3655 ipse
2497 3601 2526 3640 a
2565 3588 2856 3658 temetipso
2893 3588 3217 3661 discrepare
3247 3592 3454 3648 videris
3477 3635 3491 3658 ,
3533 3593 3664 3650 dum

2086 3676 2296 3746 optima
2325 3693 2558 3748 quaeque
2605 3664 2839 3751 loquens
2868 3721 2882 3746 ,
2921 3685 3162 3753 pessima
3201 3701 3367 3757 opere
3400 3697 3663 3758 pra-stas,

2084 3776 2137 3822 et
2167 3784 2322 3838 aeque
2347 3782 2410 3823 ac
2441 3786 2607 3826 canes
2635 3811 2650 3837 ,
2683 3771 2736 3826 in
2777 3774 2983 3829 rabiem
3019 3784 3211 3841 actus,
3253 3779 3306 3832 in
3338 3794 3529 3833 omnes
3557 3780 3665 3832 lar-

2083 3861 2223 3929 giter
2253 3862 2520 3933 nulloque
2550 3865 2754 3920 rubore
2787 3865 3032 3923 suﬂ‘usus
3059 3908 3074 3933 ,
3115 3869 3381 3929 oblatras.
3415 3871 3484 3922 At
3519 3887 3664 3926 nunc

2083 3953 2320 4022 teipsum
2353 3956 2570 4026 corrige
2593 3997 2608 4020 ,
2643 3956 2834 4022 ﬁ-ater,
2869 3975 2937 4013 ne
2970 3974 3000 4012 a
3036 3961 3189 4028 gravi
3230 3963 3657 4032 venerandaque

2081 4042 2206 4098 vita:
2234 4052 2342 4100 tua
2371 4045 2626 4101 instituto
2655 4063 2822 4115 opera
2852 4047 3177 4101 dissideant.

2406 4135 2490 4191 LI.
2521 4164 2588 4176 --
2617 4136 2986 4191 VINCENTIO
3022 4137 3343 4196 ASCETJE.

2151 4227 2368 4295 Quanto
2414 4243 2616 4296 corpus
2667 4236 2820 4282 tuum
2879 4229 3241 4285 laboriosiore
3292 4241 3347 4287 et
3381 4233 3661 4302 asperiore

2080 4321 2191 4375 vita
2225 4319 2435 4375 duriter
2461 4331 2524 4374 ac
2556 4320 2782 4374 minime
2811 4321 3155 4392 indulgenter
3182 4321 3277 4377 tibi
3303 4322 3504 4378 videris
3537 4341 3659 4396 per-

2080 4419 2345 4474 tractare,
2401 4418 2552 4466 tanto
2609 4413 2781 4483 magis
2814 4428 2910 4467 cor
2937 4423 3088 4468 tuum
3135 4414 3402 4480 humilia,
3466 4423 3658 4471 temet-

398 4493 508 4559 σοὶ,
544 4495 667 4549 ἀντὶ
693 4497 892 4564 πυροῦ,
929 4499 1116 4571 κνίδην
1161 4502 1406 4574 θερίσῃς,
1449 4506 1544 4558 καὶ
1573 4507 1620 4559 οξ
1647 4507 1808 4560 κόποι
1835 4509 1972 4563 ἀπό-

2084 4505 2258 4574 ipsum
2288 4503 2629 4574 vilipendens
2656 4520 2721 4559 ac
2758 4505 2914 4559 nihili
2951 4505 3157 4564 faciens
3178 4550 3192 4573 ,
3229 4525 3297 4563 ne
3347 4509 3401 4562 in
3435 4518 3486 4563 te
3518 4524 3656 4564 vana

398 4583 608 4642 λυνται.

677 4762 805 4818 NB'.
830 4794 903 4806 -
929 4767 1329 4844 ΠΑΝΗΓΥΡΙῼ
1373 4776 1688 4850 ΜΟΝΑΧῼ.

470 4851 575 4905 Ἕκ
592 4871 755 4909 τινων
773 4859 1025 4927 σημείων
1049 4863 1246 4932 νοήσας
1269 4865 1298 4917 ὁ
1326 4870 1581 4939 πονηρὸς,
1612 4872 1694 4924 δτι
1725 4871 1974 4941 εὐλογίας

391 4939 620 5032 λογικῆς
661 4947 971 5019 τετύχηκας
1014 4952 1107 5006 διὰ
1161 4955 1261 5024 τῆς
1310 4956 1481 5029 καλῆς
1531 4962 1836 5032 ἐργασίας,
1862 4939 1974 5019 ήκαὶ

392 5030 557 5103 χάριν
591 5034 884 5107 οὐρανόθεν
917 5039 1153 5111 εἴληφας
1179 5083 1194 5108 ,
1247 5046 1498 5118 καθάπερ
1541 5030 1575 5103 ό
1612 5030 1837 5116 Ἰακὼϐ,
1879 5055 1974 5108 καὶ

391 5123 598 5218 παντες
623 5128 673 5179 oi
703 5131 945 5198 γνησίως
968 5131 1380 5201 δεδουλευκότες
1409 5140 1548 5210 Θεῷ,
1594 5145 1661 5213 τῇ
1702 5143 1972 5218 βασκανίᾳ

391 5211 626 5284 πληγεὶς
652 5220 684 5271 ό
712 5221 1124 5294 μισάνθρωπος,
1155 5228 1252 5282 καὶ
1280 5211 1736 5304 τετρωμένοςτῷ
1765 5211 1968 5308 φθόνῳ,

394 5309 665 5377 μεγάλους
696 5313 840 5369 κατὰ
883 5317 978 5369 σοῦ
1017 5319 1190 5390 ἀνῆψε
1234 5321 1364 5385 τοὺς
1406 5326 1747 5394 πειρασμοὺς
1781 5326 1970 5396 βουλό·-

391 5417 560 5468 μενος
593 5405 696 5457 καὶ·
726 5406 978 5477 ἐκθλίψαι
1016 5411 1115 5481 τὴν
1148 5413 1436 5482 φιλάρετον
1474 5415 1675 5486 ψυχὴν,
1709 5419 1964 5472 ὑποτιθέ-

391 5491 559 5582 μενός
603 5511 660 5546 τε
704 5499 833 5560 τοὺς
865 5504 1137 5572 πονηροὺς
1176 5504 1494 5575 λογισμοὺς,
1539 5510 1632 5560 καὶ
1665 5510 1798 5579 πρὸς
1828 5511 1966 5582 ἔργα

388 5578 632 5655 βλαϐερὰ
690 5587 920 5658 ἐκϐῆναι
977 5596 1386 5652 κατασπεύδων.
1440 5600 1548 5652 Καὶ
1602 5578 1755 5667 ξένον
1811 5578 1966 5657 οθδεν

465 5759 512 5792 δ’
539 5759 683 5817 Psal.
717 5782 920 5833 Lsxm,
951 5769 1038 5838 ει,
1067 5773 1155 5827 ΞΣ).

1235 5776 1279 5804 ⁸⁸
1304 5776 1478 5832 Galat.
1509 5796 1560 5843 ν,
1592 5780 1679 5834 ‘25.
1763 5781 1804 5811 ³³
1839 5779 1980 5835 Osce
2036 5797 2153 5847 vui,
2192 5780 2239 5832 7.

2076 4596 2248 4665 gloria
2285 4596 2460 4650 locum
2493 4604 2797 4665 occupante
2829 4611 2950 4652 ioco
2985 4597 3243 4655 frumenti
3278 4601 3510 4655 urticam
3541 4617 3658 4656 mc-

2076 4697 2158 4742 tas
2178 4727 2194 4751 ,
2225 4698 2278 4742 et
2312 4687 2528 4742 labores
2557 4688 2878 4757 perdantur.

2362 4777 2467 4832 LII.
2495 4805 2558 4817 --
2591 4777 2992 4835 PANEGYRIO
3028 4781 3373 4838 MONACHO.

2143 4867 2482 4934 Quibusdam
2535 4871 2708 4940 signis
2760 4871 3172 4940 deprehendens
3225 4875 3496 4942 pessimus
3545 4872 3654 4928 dse-

2074 4976 2241 5025 mon,
2304 4973 2357 5016 te
2395 4962 2647 5016 rationali
2711 4963 3088 5018 benedictione
3145 4979 3241 5032 per
3293 4963 3432 5017 bona
3485 4981 3652 5035 opera

2072 5054 2332 5122 potitum,
2409 5054 2762 5122 ceelestisque
2811 5055 3032 5123 gratiae,
3089 5054 3546 5122 quemadmodum
3595 5067 3650 5110 et

2065 5142 2261 5210 Jacob,
2299 5153 2354 5200 et
2383 5160 2606 5210 omnes,
2644 5148 2736 5214 qui
2775 5147 3007 5215 ingenue
3038 5159 3270 5213 vereque
3306 5145 3415 5200 Deo
3446 5147 3649 5202 servie-

2068 5249 2229 5300 runt,
2264 5239 2586 5308 participem
2621 5238 2824 5292 factum
2853 5279 2868 5304 ,
2907 5237 3203 5290 invidentia
3239 5239 3330 5292 illa
3365 5238 3646 5293 hominum

2067 5345 2196 5385 osor
2224 5344 2518 5398 percussus
2539 5371 2553 5395 ,
2590 5338 2641 5384 et
2675 5329 2803 5384 odio
2836 5329 3058 5384 saucius
3088 5329 3333 5400 ingentes
3364 5329 3416 5385 in
3440 5339 3493 5384 te
3523 5337 3647 5386 ten-

2075 5423 2307 5478 tationes
2331 5422 2572 5476 incendit
2599 5462 2613 5486 ,
2649 5436 2715 5475 eo
2749 5437 2916 5490 scopo
2937 5461 2951 5477 .
2985 5428 3043 5472 ut
3071 5422 3306 5475 animam
3349 5422 3644 5476 virtutibus

2073 5513 2310 5569 deditam
2360 5511 2614 5582 dejiciat,
2673 5528 2973 5582 pravasqne
3019 5513 3382 5584 cogitationes
3439 5527 3644 5582 suppo-

2074 5622 2244 5670 ncns,
2296 5613 2350 5659 et
2385 5605 2454 5657 ad
2504 5604 2847 5672 operationes
2899 5604 3089 5660 noxias
3157 5603 3506 5674 compellens.
3557 5603 3642 5655 Nil

2321 5781 2363 5810 “°
2392 5778 2536 5833 Psal.
2583 5794 2751 5844 LXXII,
2789 5781 2840 5834 9.
