4064 6160
383 366 489 432 225
1575 346 2110 413 EPISTGIJXRUM
2149 346 2295 407 LIB.
2338 346 2420 406 Il.
3539 340 3646 406 225

382 479 491 531 τῶν
518 470 835 530 ἀποστόλων
864 466 1166 540 γενόμενοι,
1219 469 1403 535 λύχνοι
1430 463 1575 527 τινὲς
1609 463 1858 533 ὑπῆρχον
1903 460 1962 511 ὲν

2081 471 2155 512 'es
2185 457 2579 527 apostolorum.
2621 454 2860 509 lucerna:
2887 460 3045 508 erant
3088 451 3143 506 i'n
3175 453 3418 508 tem-bris
3451 456 3646 510 lmen-

387 569 576 637 σκοτιᾷ
613 564 914 634 φαίνοντες,
931 563 1029 616 καὶ
1054 560 1281 631 ἀστέρες
1300 556 1584 620 ἀπλανεῖς,
1611 554 1714 624 τὴν
1749 549 1964 620 ἀφεγγῆ

2081 560 2153 603 Lcs
2174 548 2242 614 “,
2275 557 2328 603 et
2350 548 2527 602 stella:
2559 562 2668 602 non
2696 554 2946 602 errantes
2971 546 3260 601 obscuram
3286 544 3410 599 vitae
3446 554 3648 602 nostrae

383 661 477 718 τοῦ
509 655 853 729 ἀνθρωπίνου
886 654 1003 725 βίου
1062 649 1501 718 καταυγάζοντες
1534 645 1725 709 νύκτα,
1757 645 1853 696 καὶ
1880 641 1966 695 λι-

2081 647 2282 695 noctem
2305 640 2786 702 collustrantcs,et
2810 638 3212 708 tranquillitate
3239 637 3461 708 propria
3493 640 3645 693 omni

391 754 567 823 μένων
591 748 847 821 πρόϐολοι
878 747 955 818 τῷ
981 744 1105 800 καθ’
1142 742 1377 804 ἑαυτοὺς
1425 736 1767 809 ἀχειμάστῳ,
1799 735 1969 823 πᾶσιν

388 820 606 905 εὗκολος
633 820 1043 899 ύποδεικνύντες
1074 835 1135 887 τὺ
1165 832 1443 901 διαφυγεῖν
1463 826 1718 889 ἀΰλαὸὦς
1736 824 1836 886 τὰς
1856 820 1968 875 τῶν

389 933 579 988 παθῶν
612 929 939 1004 προσϐολάς.
962 924 1134 1001 Αὐτὸς
1162 924 1221 978 δὲ
1244 920 1514 982 τοσαύτας
1539 917 1716 989 ψυχὰς
1746 916 1968 984 ὑποχει-

393 1028 539 1101 ρίους
571 1023 730 1096 ἔχων,
753 1020 1020 1091 ὲξώρισας
1070 1017 1167 1089 μὲν
1214 1015 1314 1087 τὴν
1350 1011 1572 1084 ἀρετὴν,
1617 1008 1711 1063 καὶ
1752 1004 1971 1101 μακράν

390 1096 763 1187 ἀφυγάδευσας
786 1153 803 1180 ,
836 1110 917 1183 τῷ
948 1111 1011 1164 δὶ
1063 1108 1244 1163 σκότει
1290 1106 1392 1174 τῆς
1422 1101 1708 1173 πονηρίας,
1744 1098 1838 1153 καὶ
1872 1096 1972 1187 τῆς

392 1186 744 1277 κακοηθείας,
792 1203 856 1256 τδ
908 1199 1110 1256 σαυτοῦ
1168 1198 1463 1268 πρόσωπον
1521 1191 1695 1264 ἡδέως
1736 1186 1966 1277 ἐγκαλύ-

393 1275 572 1359 πτεις,
592 1295 687 1348 καὶ
715 1294 797 1356 είς
828 1289 1141 1356 κακοεξίαν,
1174 1289 1269 1353 καὶ
1299 1282 1566 1355 χειμῶνα,
1597 1281 1693 1345 καὶ
1726 1275 1973 1347 ταραχάς

394 1384 708 1445 ἀπαύστους
758 1380 1047 1452 ἐμϐάλλεις
1092 1377 1219 1439 τοὺς
1254 1372 1540 1440 ἀδελφοὺς,
1568 1369 1663 1423 καὶ
1709 1367 1974 1421 ἀπολέσαι

399 1476 647 1538 σπεύδεις
688 1472 816 1537 τοὺς
868 1470 1108 1540 σωθῆναι
1139 1466 1472 1536 ὀφείλοντας.
1516 1462 1627 1516 Καὶ
1662 1460 1745 1523 τίς
1774 1476 1834 1513 σε
1864 1457 1976 1530 ἄρα

398 1567 662 1640 λυτρὼσει
688 1565 786 1635 τῆς
814 1562 1034 1619 αίωνίου
1062 1559 1338 1622 κολάσεως
1355 1554 1644 1627 ;‹Φο6ερδν
1663 1553 1773 1623 γὰρ
1795 1552 1854 1606 τὸ
1874 1554 1976 1621 sp.-

399 1661 583 1714 πεσεῖν
613 1661 694 1722 εις
719 1657 906 1727 χεῖρας
926 1651 1062 1707 Θεοῦ
1093 1651 1314 1716 ζῶντος.
1350 1667 1370 1699 ι

714 1859 728 1868 -
782 1829 917 1883 NH'.
949 1856 1021 1870 —
1044 1826 1248 1898 Almo
1275 1823 1587 1895 MUNAXQ.

483 1921 701 1993 Ἐπειδὴ
723 1921 845 1993 ούχὶ
875 1917 1375 1990 ταπεινοφροσύνης
1426 1916 1604 1987 χάριν,
1644 1913 1780 1969 ἀλλά
1820 1931 1975 1968 κενο-
2034 1918 2053 1985 ’θ

396 2014 578 2080 δοξίας
612 2013 849 2087 μετέρχῃ
877 2013 976 2083 τὴν
996 2011 1326 2079 ἀνάγνωσιν,
1360 2007 1452 2061 διὰ
1475 2006 1634 2061 τοῦτο
1665 2007 1972 2080 παραμένει

402 2123 488 2160 σοι
514 2107 545 2159 ὁ
574 2105 677 2176 τῆς
705 2103 960 2175 πορνείας
1000 2100 1301 2171 πειρασμὸς
1323 2116 1339 2131 ο
1369 2100 1431 2152 οὐ
1459 2098 1568 2170 γάρ
1606 2098 1871 2169 συμφέρει
1898 2097 1976 2170 τῷ

400 2195 599 2266 ἄφρονι
625 2191 831 2264 τρυφὴ,
887 2191 1009 2246 οὐδὲ
1063 2188 1142 2261 τῷ
1184 2188 1550 2259 τετυφωμίνῳ
1579 2188 1640 2241 τὸ
1662 2190 1750 2241 ἀεὶ
1779 2190 1976 2255 ἀναγι-

401 2286 660 2352 νὼσκειν,
693 2285 789 2340 καὶ
809 2281 911 2353 τῆς
936 2280 1238 2352 ὑψητοριας
1264 2279 1577 2335 ἀπολαύειν.
1619 2276 1683 2333 Ἦ
1705 2280 1809 2351 γάρ
1845 2278 1980 2348 γνῶ-

405 2394 493 2441 σις
532 2376 720 2445 φυσιεῖ
755 2373 952 2448 [φυσῖα
964 2372 1012 2444 ἲ]
1038 2374 1128 2427 ἐπὶ
1164 2373 1302 2427 πολὺ
1333 2372 1424 2426 τὸν
1455 2370 1974 2443 ματαιοφρονοῦντα,

404 2465 508 2518 καὶ
537 2460 992 2532 ἀπονενοημένον,
1021 2462 1114 2514 καὶ
1133 2460 1361 2531 βλάπτει
1391 2461 1481 2514 τὸν
1505 2460 1759 2524 ἀλαζόνα,
1788 2458 1978 2529 ὥσπερ

405 2559 440 2610 ὁ
463 2550 607 2618 οἶνος
627 2553 720 2608 τὸν
747 2554 1077 2625 πυρέττοντα
1098 2552 1344 2623 βλάπτει.
1377 2552 1537 2607 Ὥστε
1564 2549 1657 2627 οὖν
1677 2552 1979 2624 κενωθῆναι

404 2644 468 2699 τὸ
486 2644 719 2715 φύσημα
739 2643 837 2713 τῆς
858 2643 1055 2713 ψυχῆς,
1079 2642 1390 2711 ἀναγκαίως
1417 2644 1448 2697 ὁ
1462 2643 1680 2722 ,δαίμων
1708 2643 1978 2714 ἐφέστηκε

405 2736 635 2799 πιέζων,
671 2735 766 2807 καὶ
785 2734 1080 2806 ἐξελέγχων
1108 2734 1199 2788 τὸν
1225 2736 1663 2806 πεφυσιωμένον.
1685 2737 1748 2790 Ei
1768 2736 1825 2790 δὲ
1853 2736 1981 2807 βού-

405 2828 491 2882 λει
518 2826 707 2881 τοῦτον
725 2814 850 2880 ἰδεῖν
879 2825 1071 2880 θᾶττον
1099 2827 1502 2899 ὑποχωροῦντα,
1528 2816 1753 2899 θέλησον
1776 2828 1980 2897 φθάσαι

406 2919 501 2973 τὸν
530 2921 630 2989 τῆς
656 2918 1158 2989 ταπεινοφροσύνης
1197 2918 1594 2973 ἀκατάσειστον
1623 2920 1855 2992 πύργον,
1886 2920 1981 2974 καὶ

410 3013 875 3085 καθοπλισάμενος
902 3016 1024 3078 ταῖς
1081 3014 1430 3085 ἀγρυπνίαις,
1465 3015 1560 3069 καὶ
1602 3017 1726 3079 ταῖς
1757 3014 1983 3078 πολλαῖς

2066 731 2440 786 concitatione
2464 745 2638 785 vacua
2660 741 2916 801 portuum
2959 730 3394 802 prbpugnacula,
3429 729 3646 784 facilem

2068 823 2326 876 omnibus
2363 829 2854 891 pramonstrantcs
2882 821 3049 883 viam,
3084 831 3145 874 ut
3182 821 3302 876 sine
3327 821 3648 876 discrimine

2069 913 2546 984 perturbationum
2581 911 2828 982 impetus
2872 910 3231 966 declinarent.
3260 911 3340 966 Tu
3374 928 3504 968 vero
3534 914 3651 983 ipse

2073 1012 2156 1059 tot
2191 1003 2407 1059 animas
2438 1003 2543 1059 sub
2585 1002 2852 1073 potestate
2891 1003 3102 1058 habens
3150 1004 3341 1057 virtuti
3393 1004 3648 1059 exsilium

2072 1096 2393 1167 imperasti.
2453 1097 2725 1167 longeque
2767 1109 2888 1149 eam
2961 1095 3174 1164 pulsam
3235 1097 3650 1161 exterminasti;

2073 1186 2373 1258 impietatis
2424 1200 2554 1240 vero
2605 1185 2850 1240 tenebris
2904 1193 2961 1239 et
3014 1185 3402 1255 perrersitatis
3455 1185 3649 1241 faciem

2073 1284 2221 1332 tuam
2262 1276 2453 1330 libenti
2494 1276 2682 1329 animo
2723 1274 2999 1345 contegis,
3038 1283 3093 1329 et
3126 1276 3181 1328 in
3233 1290 3438 1344 pravos
3468 1291 3656 1331 mores

2072 1374 2127 1423 et
2147 1373 2529 1437 tempestates,
2561 1364 2615 1420 et
2660 1380 2940 1434 nunquam
2973 1372 3257 1420 cessantes
3312 1364 3506 1420 turbas
3540 1364 3654 1419 ira.

2074 1467 2187 1514 tres
2218 1457 2473 1527 conjicis,
2498 1464 2553 1511 et
2586 1456 2881 1512 salvandos
2917 1456 2970 1510 in
3016 1456 3380 1526 perditionem
3416 1459 3655 1511 maxime

2075 1546 2427 1603 contentione
2466 1544 2773 1615 protrudis.
2838 1544 2901 1599 Et
2956 1547 3082 1615 quis
3133 1554 3186 1598 te
3239 1558 3268 1598 a
3314 1545 3655 1614 sempiterna

2077 1651 2237 1707 poma
2271 1634 2571 1697 liberabit?
2602 1652 2621 1686 ι
2652 1630 3019 1689 Tremendum
3038 1649 3275 1706 namque
3294 1642 3380 1690 cst
3413 1635 3658 1691 incidere

2076 1726 2133 1782 in
2163 1740 2362 1781 manus
2388 1723 2483 1780 Dei
2515 1724 2756 1779 viventis
2782 1723 2850 1776 ".
2893 1742 2913 1775 ι

2416 1814 2597 1869 LVIII.
2631 1845 2704 1856 —-—
2741 1813 2955 1869 AETlO
2985 1814 3343 1871 HONACHO.‘

2143 1906 2596 1977 Quandoquidem
2622 1922 2730 1962 non
2761 1907 3112 1970 humilitatis,
3149 1907 3247 1963 sed
3272 1907 3453 1963 inanis
3470 1908 3661 1979 gloria

2075 2004 2249 2071 gratia
2282 2000 2585 2055 lectionem
2614 2000 2885 2070 capessis,
2914 2007 3202 2071 propterea
3235 2001 3289 2054 in
3322 2009 3375 2055 te
3402 2016 3656 2071 perseve-

2074 2099 2160 2149 rat
2200 2089 2582 2145 fornicationis
2624 2091 2856 2146 teutatio
2889 2108 2903 2143 :
2940 2106 3120 2160 neque
3164 2091 3311 2146 enim
3366 2094 3661 2149 commode

2076 2180 2290 2237 accedit
2326 2180 2611 2249 insipienti
2670 2180 2872 2245 luxus,
2916 2196 3093 2251 ncque
3140 2181 3401 2250 superbia
3468 2180 3658 2235 inﬂato

2076 2279 2341 2343 perpetua
2377 2271 2580 2338 lectio,
2632 2279 2689 2327 et
2722 2271 2982 2327 sublimis
3035 2271 3302 2328 dictionis
3353 2272 3655 2342 possessio.

2075 2364 2331 2435 Coguitio
2370 2362 2643 2433 siquidem
2698 2363 2882 2416 inania
2915 2363 3292 2430 meditantem,
3338 2371 3394 2419 et
3428 2364 3659 2419 demen-

2078 2462 2213 2518 tem,
2257 2470 2322 2508 ac.
2362 2462 2546 2509 mente
2593 2463 2815 2523 captum
2873 2454 3057 2518 inﬂat,
3107 2463 3163 2510 et
3218 2455 3455 2525 superbo
3475 2462 3656 2521 nocet,

2077 2544 2537 2615 quemadmodum
2578 2542 2971 2601 vinuuulebre
3014 2544 3308 2599 laboranti.
3361 2542 3661 2614 Quousque

2079 2641 2264 2710 itaque
2290 2638 2459 2693 animi
2493 2637 2761 2709 superbia
2796 2643 3059 2691 eracuata
3093 2650 3203 2690 non
3242 2643 3360 2698 est,
3404 2650 3663 2691 necessa-

2080 2728 2162 2782 rio
2178 2728 2391 2781 damon
2422 2726 2719 2781 imminens
2739 2724 2957 2796 premit,
2981 2723 3340 2795 inﬂetumque
3359 2726 3656 2795 redarguit.

2082 2817 2140 2872 Si
2164 2832 2298 2872 vero
2323 2816 2593 2889 I‘Gtibi
2616 2819 2670 2872 in
2696 2819 2881 2872 animo
2900 2825 3006 2879 est,
3033 2832 3157 2872 eum
3178 2832 3343 2887 quam
3370 2818 3657 2883 citissime,

2082 2907 2257 2961 solum
2286 2915 2518 2969 vertere,
2552 2906 2776 2971 intueri,
2800 2907 2868 2961 ad
2905 2905 3231 2960 humilitatis
3247 2907 3439 2959 turrim
3470 2907 3663 2961 incon-

2081 3015 2298 3054 cussam
2333 3000 2602 3059 accedito.
2636 3008 2797 3070 teque
2833 3000 3061 3070 vigiliis,
3089 3007 3145 3054 ct
3179 3000 3364 3054 multis
3397 3000 3663 3053 orationi-

412 3109 760 3178 προσευχαῖς,
788 3106 885 3160 καὶ
917 3107 985 3177 τῇ
1018 3105 1127 3160 τῶν
1151 3105 1382 3176 ψαλμῶν
1437 3105 1640 3178 ἐπῳδῇ,
1681 3106 1979 3178 ὀφθαλμοῖς

2084 3090 2208 3150 bus.
2224 3100 2279 3146 et
2305 3091 2638 3159 psalmorum
2661 3098 2846 3154 cantu,
2867 3090 3034 3145 veluti
3056 3099 3337 3144 armatura
3355 3091 3659 3157 instruens,

413 3200 710 3271 θεωρήσεις
736 3198 832 3253 τοῦ
857 3197 1055 3271 ἐχθροῦ
1076 3199 1175 3271 τὴν
1205 3199 1503 3253 ἀπώλειαν.

722 3289 852 3344 ΝΘν.
892 3316 958 3333 —-
1000 3288 1326 3344 XAPITONI
1358 3288 1667 3363 ΜΟΝΑΧῼ.

484 3381 595 3435 Οὐκ
624 3380 772 3434 ἔστιν
800 3380 1043 3452 ἁμαρτία
1073 3381 1135 3434 τδ
1177 3380 1313 3451 πρὸς
1345 3379 1521 3451 βραχὺ
1568 3381 1888 3451 προσελθεῖν
1915 3385 1982 3455 τῇ

415 3471 538 3525 καθ’
561 3472 775 3543 ἡμέραν
822 3475 997 3545 τροφῇ
1052 3473 1108 3525 ἑν
1167 3473 1233 3542 τῇ
1281 3471 1590 3545 τεταγμένῃ
1616 3471 1758 3544 ὥρα.
1786 3473 1904 3546 Χρὴ
1928 3476 1986 3528 δὲ

415 3561 598 3615 λοιπὸν
630 3562 766 3633 μετά
785 3562 849 3617 τὸ
882 3558 1425 3634 προσ-ταπεινωθῆναι
1453 3566 1517 3634 τῇ
1551 3564 1710 3636 χρείᾳ
1758 3565 1852 3618 τοῦ
1888 3563 1988 3618 σώ-

421 3669 611 3723 ματος,
638 3651 807 3719 ὀξέως
851 3653 1017 3707 πάλιν
1072 3654 1153 3715 είς
1208 3651 1300 3705 τον
1345 3651 1571 3723 οὐρανὸν
1619 3652 1821 3724 κοῦφον
1852 3657 1985 3708 ἀνα-

396 3730 660 3813 ’πέμπειν
690 3743 753 3797 τὸ
775 3743 1050 3816 φρόνημα,
1070 3743 1236 3814 μηδὲν
1260 3743 1319 3797 ὲν
1340 3742 1489 3814 αὑτῷ
1511 3745 1987 3818 συνανακουφίζων

417 3836 523 3889 τῶν
545 3834 750 3907 χοῖκῶν
777 3834 1213 3907 φροντισμάτων.

764 3927 840 3983 ει.
874 3957 941 3970 --
974 3928 1269 3998 ΔΔΡΙΑΝῼ
1322 3928 1634 3999 ΜοΝΑΧᾳ.

491 4021 591 4074 Διά
625 4021 681 4077 τί
713 4023 778 4074 ὲκ
826 4020 1026 4090 πολλῆς
1086 4021 1181 4073 καὶ
1238 4020 1470 4091 ἀκαίρου
1533 4018 1816 4091 φροντίδος
1864 4036 1984 4073 κιν-

420 4111 659 4175 δυνεύεις
734 4113 815 4174 είς
888 4110 1146 4164 ἀπιστίαν
1215 4112 1439 4172 πεσεῖν,
1495 4109 1813 4182 προσδοκῶν
1850 4107 1985 4163 Θεοῦ

420 4200 839 4270 ἀγκάταλειψιν,
888 4202 981 4255 καὶ
1035 4199 1142 4253 τῶν
1187 4200 1508 4270 ἐπιτηδείων
1564 4200 1664 4270 τὴν
1718 4198 1982 4271 ἔλλειψιν;

424 4292 607 4363 Ἔχεις
629 4292 741 4364 γάρ
766 4292 831 4367 δὴ
881 4293 1018 4356 τέως
1066 4292 1218 4356 τινὰς
1259 4292 1707 4362 ἐπικουροῦντας,
1761 4291 1985 4363 καὶτῆς

420 4380 617 4465 πολλῆς
661 4396 754 4434 σου
814 4379 1101 4444 ἀσθενείας
1156 4378 1749 4450 ἀντιλαμϐανομένους,
1786 4379 1879 4434 τόν
1922 4396 1983 4433 τε

2086 3180 2261 3237 hostis
2291 3180 2653 3250 perditionem
2688 3179 2864 3235 oculis
2900 3181 3234 3249 conspicies.

2347 3268 2484 3324 ΠΧ.
2509 3299 2580 3311 --
2604 3267 2983 3325 CHARITONI
3032 3267 3389 3326 MONACIIO.

2152 3361 2272 3421 Non
2304 3370 2390 3420 est
2426 3370 2724 3433 peccatum
2755 3377 2850 3431 per
2882 3361 3045 3417 breve
3080 3369 3299 3431 tempus
3343 3361 3662 3431 praescripta

2086 3456 2223 3512 hora
2285 3456 2350 3510 ad
2407 3454 2789 3526 quotidianam
2841 3453 3043 3509 vietum
3100 3452 3381 3509 accedere.
3438 3453 3663 3522 Oportet

2087 3560 2237 3612 vero,
2272 3556 2563 3619 postquam
2594 3562 2654 3602 se
2697 3546 2969 3616 quispiam
3033 3545 3360 3602 necessitate
3413 3545 3662 3616 corporis

2087 3639 2414 3699 humiliavit.
2434 3653 2595 3707 quam
2633 3638 2906 3693 citissime
2936 3654 3154 3694 rursum
3182 3638 3248 3693 ad
3287 3638 3486 3693 caelum
3514 3638 3663 3707 rogi-

2087 3731 2346 3786 tationem
2393 3714 2672 3800 expedire,
2709 3730 2843 3785 nihil
2902 3745 3089 3786 secum
3136 3746 3199 3786 cx
3244 3730 3481 3786 terrenis
3509 3731 3661 3786 curis

2085 3821 2468 3878 attrahentem.
3312 3877 3323 3890 ,

2384 3910 2499 3965 LX.
2532 3944 2605 3954 —-
2637 3909 2942 3967 ADRIANO
2995 3911 3350 3968 MONACIIO.

2157 4003 2431 4069 Quamob
2454 4017 2693 4059 causam.
2718 4017 2782 4057 ex
2814 4003 3039 4056 immani
3074 4005 3497 4074 importunaque
3526 4020 3658 4062 cura

2087 4093 2403 4148 amittendae
2456 4093 2577 4146 ﬁdei
2643 4093 2698 4144 in
2758 4092 3053 4145 discrimen
3107 4093 3296 4158 venis,
3366 4097 3658 4167 suspicans

2088 4184 2255 4238 Deum
2314 4192 2368 4238 te
2418 4184 2850 4245 derelicturum,
2911 4190 2966 4235 et
3010 4185 3320 4236 necessaria
3372 4187 3662 4243 defutura?

2088 4274 2268 4328 llahcs
2307 4272 2452 4327 enim
2491 4272 2544 4326 in
2583 4273 2732 4325 hunc
2764 4269 2906 4324 diem
2942 4271 3262 4338 nonnullos,
3292 4275 3386 4343 qui
3425 4276 3524 4330 tibi
3554 4279 3660 4332 mi-

2089 4368 2348 4430 nistrant,
2382 4371 2438 4419 et
2481 4363 2534 4418 in
2568 4363 2717 4435 gravi
2751 4363 2854 4419 hac
2902 4372 2994 4417 tua
3051 4365 3372 4434 trgritudine
3412 4368 3662 4424 subsidio

421 4456 595 4526 πάντα
618 4469 1223 4549 ἔνδοξον-ἰλλούστριον
1255 4470 1480 4541 Ἥρωνα
1532 4469 1674 4522 πάνυ
1707 4469 1816 4523 ἀπὸ
1847 4487 1986 4543 καρ-

2091 4459 2338 4525 veniunt,
2372 4465 2427 4513 et
2478 4457 2621 4511 inter
2651 4456 2792 4511 alios
2825 4470 3017 4510 omnes
3058 4457 3319 4528 inclytum
3361 4460 3661 4523 illustrem-

420 4562 535 4626 δίας
554 4561 683 4624 τοὺς
718 4560 986 4631 μοναχοὺς
1022 4560 1267 4621 σέϐοντα.
1326 4558 1535 4613 καὶτὸν
1566 4558 1663 4612 τοῦ
1682 4560 1989 4628 ἀγιαντάτου

420 4642 717 4705 ἐπισκόπου
751 4647 1088 4719 ἀδελφιδοῦν,
1139 4648 1235 4700 καὶ
1263 4646 1425 4701 αὑτὸν
1477 4645 1857 4716 φιλομόναχον,
1896 4646 1992 4699 καὶ

418 4742 517 4810 τὴν
540 4740 877 4812 σεμνοτάτην
920 4738 1170 4792 διάκονον
1210 4737 1306 4791 τοῦ
1373 4737 1612 4808 Χριστοῦ
1671 4736 1991 4807 Θεοδούλην.

423 4823 565 4900 Πλὴν
598 4831 695 4885 καὶ
730 4828 952 4892 τούτους
987 4829 1053 4891 ἂν
1074 4827 1201 4900 δόξῃ
1244 4827 1569 4898 τελευτῆσαι
1603 4828 1710 4898 πρὸ
1732 4827 1828 4883 τοῦ
1856 4830 1995 4883 ἀπο-

420 4922 602 4977 θανεῖν
622 4938 708 4987 σε,
731 4920 949 4985 πάντως
976 4919 1190 4991 βλέπων
1219 4920 1247 4973 ὁ
1265 4919 1397 4981 Θεὸς
1429 4919 1490 4971 τὸ
1525 4921 1719 4989 πρᾶον,
1745 4920 1841 4975 καὶ
1860 4920 1995 4990 ησύ-

422 5029 536 5082 χιον
562 5012 855 5083 τῆςψυχῆς
909 5028 1025 5078 σου,
1076 5011 1178 5082 τήν
1228 5026 1287 5062 τε
1326 5008 1777 5080 ἀπραγμοσύνην,
1807 5010 1993 5063 καὶτὸ

420 5102 770 5175 ἀπερίεργον,
810 5103 906 5156 καὶ
927 5103 1026 5173 τὴν
1064 5101 1200 5171 πρὸς
1227 5102 1289 5155 τὸ
1320 5103 1567 5172 κρεῖττον
1586 5100 1795 5171 ἀγαθὴν
1823 5118 1995 5172 προσ-

421 5195 655 5266 εδρείαν,
706 5195 771 5262 ἐξ
827 5195 1112 5267 ἀμηχάνου
1162 5193 1372 5264 πέμψει
1425 5209 1508 5245 σοι
1533 5193 1659 5255 τοὺς
1681 5192 1995 5263 διακονῆσαι

420 5287 561 5358 πρὸς
589 5287 688 5358 τὴν
712 5286 904 5358 χρείαν
941 5286 1275 5355 ὀφείλοντας.
1318 5284 1553 5339 Δύναται
1574 5283 1683 5355 γάρ
1710 5286 1738 5338 ὁ
1773 5284 1903 5348 Θεὸς
1930 5284 1996 5339 ὲκ

419 5379 529 5431 τῶν
563 5377 727 5432 λίθων
750 5378 955 5432 τούτων
982 5378 1253 5449 ἐξεγεῖραι
1304 5378 1428 5441 τοὺς
1460 5376 1757 5448 προθύμως
1786 5377 1995 5449 ὑπηρε-

418 5467 760 5539 τησομένους
784 5470 897 5532 τοῖς
915 5468 1005 5522 τὸν
1036 5470 1244 5541 μονήρη
1281 5467 1699 5540 μετερχομένοις
1726 5467 1859 5538 βίον.
1897 5469 1992 5533 Τίς

421 5566 529 5631 γάρ
551 5559 617 5631 δὴ
645 5559 708 5613 οὐ
742 5560 859 5630 μετ’
892 5560 1101 5624 ἱκεσίας
1135 5560 1333 5631 πολλῆς
1384 5560 1718 5632 χωρηγήσει,
1746 5559 1807 5613 οὐ
1831 5560 1994 5631 μόνον

2085 4566 2191 4620 que
2221 4548 2515 4613 Heronem,
2547 4549 2713 4602 nimis
2747 4564 2812 4602 cx
2846 4549 3012 4603 corde
3044 4550 3329 4604 monachis
3356 4551 3659 4616 addictum,

2086 4653 2137 4699 cl
2176 4642 2512 4698 sanctissimi
2556 4641 2796 4712 episcopi
2828 4657 2892 4696 ex
2937 4641 3106 4695 fratre
3151 4651 3424 4713 nepotem,
3467 4643 3561 4712 qui
3608 4653 3664 4699 et

2086 4736 2205 4806 ipse
2235 4734 2534 4788 monachos
2579 4734 2774 4803 diligit,
2810 4741 2863 4788 et
2892 4735 3415 4789 venerabilissimam
3459 4734 3665 4791 Christi

2088 4824 2460 4878 diaconissam
2491 4820 2850 4879 Theodulam.
2882 4824 2947 4878 Et
2971 4826 3096 4881 licet
3132 4826 3213 4889 hi,
3238 4827 3666 4897 antequamipse

2090 4916 2200 4969 vita
2234 4914 2504 4987 fungaris,
2540 4914 2683 4971 diem
2710 4930 2872 4969 suum
2929 4915 3185 4975 obierint.
3228 4913 3370 4970 Deus
3411 4931 3666 4972 mansue-

2093 5008 2360 5072 tudinem,
2398 5015 2453 5063 et
2478 5008 2720 5078 quietem
2751 5007 2946 5061 anima:
2970 5016 3076 5062 tute
3128 5004 3395 5071 intuitus,
3449 5020 3666 5064 necnon

2088 5100 2566 5169 tranquillitatem,
2591 5106 2645 5154 et
2677 5099 2900 5152 minime
2932 5098 3202 5153 curiosam
3235 5097 3664 5168 simplicitatem,

2089 5191 2437 5262 Optimosque
2465 5189 2534 5245 ad
2562 5190 2791 5245 meliora
2822 5195 3075 5252 conatus,
3096 5203 3162 5243 ex
3191 5189 3486 5259 improviso
3509 5190 3665 5263 15.7

2092 5289 2289 5352 mittet,
2326 5287 2421 5357 qui
2454 5284 2767 5342 necessitati
2791 5293 2897 5355 ιιιαι
2929 5283 3266 5339 ministrent.
3303 5282 3488 5341 Potest
3522 5286 3668 5341 enim

2094 5379 2236 5436 Deus
2266 5393 2330 5435 ex
2364 5378 2636 5449 lapidibus
2660 5377 2814 5432 hisce
2843 5376 3113 5431 suscitare
3134 5377 3200 5442 “,
3234 5376 3329 5446 qui
3359 5377 3668 5432 libentissi-

2101 5486 2189 5526 me
2219 5472 2307 5536 iis,
2333 5471 2428 5542 qui
2473 5469 2830 5525 monasticam
2871 5468 3039 5522 vitam
3078 5471 3506 5536 amplectuntur,
3535 5466 3671 5521 sub~

2103 5563 2368 5618 serviant.
2421 5560 2633 5616 Etenim
2666 5559 2788 5631 quis
2818 5575 2952 5628 non,
2992 5559 3158 5617 etiam
3186 5557 3502 5633 ingentibus
3544 5571 3673 5629 pre-

499 5730 629 5805 *χιι
666 5731 815 5786 ΡιιΓ.
858 5750 897 5799 l,
936 5733 1022 5789 l9.
1099 5733 1143 5767 "
1178 5733 1343 5790 Hebr.
1386 5749 1441 5801 ι,
1477 5733 1566 5788 3i.
1643 5739 1687 5770 “
1710 5736 1899 5792 Matth.
1928 5752 2008 5805 ιιι,
2045 5736 2097 5790 9.
