4064 6160
323 255 423 319 2‘27

1804 249 1865 307 s.
1908 232 2073 310 NILI
2131 216 2148 232 “

3473 248 3580 312 228

326 370 483 423 cibus
517 365 738 428 additis,
785 350 1390 425 nnn‘subministrahit,
1417 363 1542 418 non
1592 368 1804 415 tantum
1833 374 1897 415 ea

2018 361 2072 414 ιὰ
2095 358 2197 428 τῆς
2222 355 2430 428 χρείας,
2457 355 2594 409 ἀλλὰ
2644 354 2735 409 καὶ
2767 355 2837 408 τὰ
2864 354 3002 426 ὑπὲρ
3043 355 3254 425 χρείαν,
3286 357 3398 420 τοῖς
3425 358 3581 413 εὺοε..

325 475 450 532 quae
478 458 807 520 necessaria,
844 457 937 512 sed
968 455 1131 510 etiam
1164 469 1286 524 quae
1315 469 1479 524 supra
1512 454 1691 524 ipsum
1733 467 1896 506 usum

329 559 458 606 sunt
490 550 890 612 abundantius,
945 547 1033 616 pie
1071 554 1126 601 et
1166 546 1411 602 virtuose
1458 543 1805 601 viventibus?
1840 540 1897 599 Si

327 643 472 696 enim
513 639 757 694 homines
789 637 1030 707 barbari,
1063 645 1116 692 et
1153 637 1244 706 qui
1271 638 1398 708 jure
1431 637 1556 691 belli
1580 635 1900 705 Hierosoly-

331 752 417 789 ma
457 745 735 804 cmperunt
767 733 1072 804 Babylonii,
1126 735 1384 789 virtutem
1411 731 1661 788 Jeremire
1683 728 1900 786 reveriti

330 834 478 888 sunt,
513 839 730 880 omnem
763 823 840 888 illi
869 838 1054 879 curam
1086 823 1427 892 corporalem
1473 835 1637 890 quam
1679 819 1900 874 muniti-

330 914 642 970 ceutissime
670 913 1060 978 exhibuerunt,
1092 927 1201 967 nou
1231 912 1409 967 solum
1437 911 1501 966 ad
1541 909 1750 964 victum
1779 921 1904 978 per-
1931 940 1936 944 -

329 997 559 1062 tineutia
591 1005 830 1076 elargiti,
871 1006 966 1060 sed
1002 1019 1152 1070 vasa,
1185 1005 1388 1075 quibus
1429 1004 1608 1062 solent
1644 1001 1905 1058 conviva-

329 1099 543 1155 toribus
583 1096 899 1154 ministrare
943 1115 957 1153 :
1001 1097 1278 1168 quomodo
1309 1096 1367 1158 ii,
1415 1094 1507 1164 qui
1539 1093 1784 1164 ejusdem
1815 1105 1910 1161 ge-

330 1191 479 1246 neris
495 1189 826 1253 sunt,vitam
860 1189 1048 1244 virtuti
1079 1186 1318 1242 deditam
1347 1201 1458 1241 non
1485 1183 1903 1245 reverebuntur,

327 1289 383 1336 ct
413 1281 745 1352 cogitatione
774 1295 870 1350 per
891 1280 1212 1349 disciplinas
1239 1279 1361 1350 plus
1380 1293 1540 1347 quam
1564 1275 1781 1331 barbari
1804 1271 1908 1342 ipsi

331 1372 399 1426 ad
421 1388 604 1429 rerum
632 1373 896 1428 honarum
934 1371 1481 1441 comprehensionem
1511 1367 1820 1436 cxpurgati,
1855 1372 1910 1420 et

332 1467 554 1522 virtutis
581 1465 968 1520 aemulatores?
1003 1463 1155 1518 Licet
1181 1465 1347 1518 enim
1389 1464 1456 1516 ad
1499 1462 1648 1516 illius
1695 1457 1910 1516 exerci-

335 1558 470 1612 tium
499 1558 568 1612 ob
596 1557 890 1612 nonnullas
912 1571 1109 1611 causas
1131 1557 1422 1610 admovere
1455 1570 1515 1610 se
1538 1569 1646 1608 non
1672 1551 1909 1622 possint,

331 1663 450 1702 eam
498 1648 774 1702 honorant
817 1648 1198 1714 nihilominus,
1246 1647 1508 1716 illiusque
1541 1644 1779 1699 athletas
1811 1643 1911 1697 deo

1999 450 2133 513 ϐῶς,
2181 448 2274 502 καὶ
2301 446 2538 518 σεμνῶς,
2589 447 2684 500 καὶ
2737 446 3005 516 ὲναρέτως
3066 446 3306 516 βιοῦσινς
3331 449 3416 500 Εἰ
3473 459 3580 525 γὰρ

1998 540 2276 611 ἄνθρωποι
2333 538 2638 610 βάρϐαροι,
2669 539 2766 592 καὶ
2815 537 3050 608 πολέμου
3126 540 3276 608 νόμῳ
3327 538 3584 603 λαϐόντες

2013 630 2363 702 Ἱεροσόλυμα
2399 631 2448 683 οἱ
2510 629 2864 696 Βαϐυλώνιοι,
2905 631 3006 703 τὴν
3046 631 3247 702 ἀρετὴν
3276 632 3583 704 ᾐδέσθησαν

2000 722 2091 779 τοῦ
2129 721 2408 794 Ἱερεμίου,
2444 723 2540 775 καὶ
2563 724 2743 777 πᾶσαν
2766 721 3069 794 θεραπείαν
3091 725 3367 794 παρέσχον
3397 741 3584 795 σωμα-

2000 813 2159 882 τικὴν
2180 810 2676 882 μεγαλοψυχότατοι,
2695 813 2756 867 οὑ
2779 813 2939 881 μόνον
2958 813 3026 868 τὰ
3047 813 3180 885 πρὸς
3198 813 3404 885 τροφὴν
3419 814 3586 869 δεδυ-

2003 903 2177 969 κότες,
2193 903 2328 956 ἀλλὰ
2345 904 2436 957 καὶ
2463 903 2654 974 σκεύη,
2676 900 2757 967 οἷς
2779 902 2900 968 ἔθος
2925 904 3044 960 ἐστὶ
3069 904 3435 960 διακονεῖσθαι
3461 906 3588 970 τοὺς

2005 999 2387 1070 ἑστιωμένους,
2419 999 2536 1062 πῶς
2569 1000 2668 1052 οὐκ
2716 999 3131 1071 αἱδεσθήσονται
3170 1000 3284 1070 βίον
3329 1002 3584 1071 ἐνάρετον

2004 1094 2055 1146 οί
2093 1091 2376 1164 ὁμόφυλοι,
2416 1092 2512 1147 καὶ
2566 1091 2658 1145 τὸν
2705 1092 2966 1162 λογισμὸν
2997 1093 3061 1146 ὲκ
3106 1093 3356 1158 παιδείας
3385 1094 3586 1164 μᾶλλον

2005 1185 2097 1241 τοῦ
2152 1184 2488 1256 βαρϐαρικοῦ
2558 1184 3065 1256 ’διακεκαθαρμένοι
3138 1187 3280 1256 πρὸς
3331 1187 3432 1256 τὴν
3477 1187 3591 1240 τῶν

2008 1276 2190 1331 καλῶν
2219 1277 2564 1347 κατανόησιν,
2601 1277 2697 1330 καὶ
2725 1275 2929 1347 ἀρετῆς
2954 1275 3192 1346 ζηλωταί
3221 1293 3236 1341 ;
3271 1279 3332 1332 El.
3361 1276 3470 1347 γὰρ
3494 1278 3590 1332 καὶ

2011 1367 2088 1438 μὴ
2108 1367 2424 1437 δεδύνηνται
2452 1366 2659 1437 ταύτης
2704 1367 2944 1437 ἀσκηταὶ
2996 1367 3250 1436 γενέσθαι
3299 1368 3389 1422 διά
3436 1387 3590 1433 τινας

2009 1461 2210 1525 αἰτίας,
2249 1459 2363 1512 ἀλλ’
2385 1457 2478 1512 οὖν
2507 1475 2571 1528 γε
2595 1458 2829 1528 τιμῶσιν
2859 1458 3052 1529 αὐτὴν,
3080 1460 3174 1513 καὶ
3197 1460 3322 1523 τοὺς
3349 1460 3590 1532 ἀθλητὰς

2011 1550 2182 1620 αὐτῆς
2209 1550 2598 1620 θαυμάζουσιν.
2625 1551 2717 1620 Μὴ
2763 1544 2856 1604 οὖν
2905 1549 3076 1604 πολλὰ
3128 1551 3405 1621 φρόντιζε,
3453 1552 3594 1607 ἀλλὰ.

2013 1640 2155 1695 κατὰ
2176 1639 2274 1712 τὴν
2288 1639 2611 1709 παραίνεσιν
2638 1635 2843 1710 Πέτρου
2858 1639 2953 1692 καὶ
2981 1639 3196 1693 Παύλου
3221 1641 3590 1712 γρηγόρησον,

333 1741 600 1794 mirantes
633 1739 859 1794 intentis
888 1740 1066 1796 oculis
1120 1737 1584 1808 contemplemur.
1625 1735 1704 1792 Ne
1742 1735 1910 1806 igitur

2018 1737 2108 1790 καὶ
2135 1735 2306 1804 νῆψον
2335 1735 2415 1797 είς
2477 1733 2806 1805 προσευχὰς,
2836 1735 2932 1788 καὶ
2968 1736 3144 1790 πᾶσάν
3185 1753 3279 1790 σου
3304 1737 3402 1808 τὴν
3431 1738 3590 1809 μέρι-

335 1831 520 1884 multis
544 1829 972 1900 cogitationibus
999 1839 1052 1885 te
1079 1844 1346 1895 maceras,
1378 1827 1496 1894 sed,
1528 1835 1588 1881 ut
1629 1826 1825 1883 Petrus
1856 1833 1910 1882 et
1967 1895 1972 1902 _

337 1922 536 1978 Paulus
567 1921 931 1976 adhortantur
977 1940 990 1976 :
1036 1921 1296 1992 lnvigila,
1333 1929 1386 1975 et
1430 1919 1653 1974 sobrius
1703 1926 1824 1973 esto
1854 1917 1910 1972 in

332 2013 678 2069 orationibus
700 2014 765 2077 θ’,
799 2013 1088 2068 universas
1120 2021 1243 2068 tuas
1276 2010 1640 2082 cogitationes
1665 2011 1720 2065 in
1741 2009 1910 2065 Deum

334 2105 652 2168 remittens;
680 2121 698 2155 ι
720 2101 901 2174 Prope
921 2103 1068 2158 enim
1092 2101 1357 2157 Dominus
1376 2109 1460 2156 est
1477 2100 1543 2156 ⁸⁸.
1576 2119 1596 2153 ι
1633 2099 1734 2156 Et:
1763 2118 1782 2152 ι
1815 2099 1913 2154 Ni-

333 2194 411 2249 hil
447 2194 666 2249 solliciti
694 2194 841 2259 sitis,
882 2193 980 2258 ait,
1021 2192 1116 2248 sed
1152 2193 1207 2246 in
1255 2192 1403 2246 omni
1439 2207 1498 2248 re
1526 2231 1544 2258 ,
1579 2191 1830 2245 oratione
1859 2199 1914 2245 et

335 2296 496 2352 prece
533 2283 808 2352 postulata
844 2290 1025 2337 vestra
1053 2280 1166 2337 Deo
1213 2290 1346 2335 nota
1377 2279 1510 2335 [iant
1537 2281 1616 2347 ‘9;
1652 2298 1670 2332 ι
1709 2286 1764 2334 et
1797 2280 1915 2350 ipse

334 2372 490 2430 vobis
520 2373 575 2426 in
605 2373 860 2428 omnibus
889 2371 1220 2441 providebit.
1270 2371 1338 2425 Et
1377 2385 1599 2424 rursum
1637 2370 1747 2424 alio
1790 2370 1916 2425 loco

335 2462 601 2531 scriptum
635 2470 721 2517 est
756 2479 772 2518 :
804 2459 1080 2530 Respicite
1122 2461 1178 2514 in
1209 2461 1465 2530 antiquas
1502 2461 1909 2530 generationes.

335 2551 472 2617 Quis
499 2550 731 2607 credidit
757 2564 1001 2618 unquam
1031 2546 1284 2612 Domino.
1305 2555 1360 2603 et
1386 2549 1622 2619 neglexit
1648 2548 1801 2604 illum
1828 2549 1918 2604 7°?

341 2639 666 2696 Percurristi
698 2638 813 2695 haec
836 2638 1023 2694 omnia
1056 2657 1068 2692 :
1103 2637 1244 2693 illud
1268 2646 1451 2693 tamen
1501 2637 1559 2692 in
1593 2637 1913 2693 memoriam

339 2729 692 2785 adducimus.
737 2727 927 2784 Daniel
981 2727 1036 2782 in
1072 2727 1211 2783 urbe
1264 2726 1539 2797 Babylone
1595 2727 1650 2783 in
1701 2719 1913 2782 foveam

342 2821 559 2876 leonum
592 2819 896 2889 proiectus.
929 2818 1176 2888 nihilque
1204 2818 1274 2874 ab
1319 2817 1429 2873 illis
1458 2818 1588 2872 mali
1621 2833 1915 2888 perpessus

342 2911 564 2968 sedebat
593 2925 717 2967 cum
759 2909 901 2968 fame
940 2909 1292 2980 depugnans;
1341 2907 1596 2964 Habacue
1631 2924 1763 2965 vero
1796 2924 1920 2979 pro-

2015 1843 2153 1897 μναν
2177 1825 2363 1890 είςτὸν
2395 1825 2530 1880 Θεὸν
2561 1827 2907 1898 ἔπιρρίψαςη
2931 1828 3128 1897 Ἐγγὺς
3149 1831 3258 1901 γὰρ
3281 1830 3308 1881 ὁ
3331 1829 3586 1901 Κύριος,ι

2012 1918 2108 1972 κα).
2135 1935 2154 1970 ι
2182 1917 2367 1990 Μηδὲν
2398 1921 2718 1989 μεριμνᾶτε,
2735 1920 2921 1991 φησὶν,
2939 1921 3128 1978 ἀλλ’ἑν
3144 1924 3304 1978 παντὶ
3335 1925 3406 1994 τῇ
3429 1940 3598 1994 προσ-

2011 2014 2144 2083 ευχῇ
2189 2012 2284 2064 καὶ
2328 2014 2394 2082 τῇ
2421 2012 2604 2084 δεήσει
2631 2013 2708 2066 τά
2729 2014 3010 2085 αἰτήματα
3055 2016 3210 2086 ὑμῶν
3244 2017 3601 2087 γνωριζέσθω

2011 2101 2149 2173 πρὸς
2180 2105 2273 2155 τὸν
2301 2102 2456 2167 Θεὸν,
2493 2122 2512 2158 ι
2545 2103 2638 2156 καὶ
2660 2103 2824 2168 αὐτὸς
2857 2105 2986 2176 ὑ-μτν
3027 2107 3086 2159 ὲν
3117 2109 3250 2160 πᾶσι
3281 2113 3592 2181 προνοήσει.

2013 2194 2123 2248 Καὶ
2153 2193 2314 2249 πάλιν
2345 2195 2403 2246 ιν
2427 2194 2600 2266 ἑτέρῳ
2622 2195 2932 2266 γέγραπται
2961 2213 2978 2228 ·
3023 2197 3358 2268 Ἐμϐλέψατε
3395 2201 3472 2264 είς
3496 2202 3598 2273 ἀρ-

2013 2286 2174 2356 χαίας
2213 2287 2430 2354 γενεάς.
2492 2286 2589 2349 Τίς
2637 2288 2926 2342 ἐπίστευσέ
2991 2306 3122 2345 ποτε
3148 2289 3229 2361 τῷ
3265 2293 3472 2364 Κυρίῳ,
3505 2299 3601 2347 καὶ

2015 2379 2296 2451 ὑπερεῖδεν
2323 2380 2487 2433 αὐτόν
2510 2397 2526 2446 ;
2563 2381 2830 2449 Ἀνέγνως
2860 2383 3039 2437 πάντα
3066 2400 3081 2416 ·
3120 2384 3260 2455 πλὴν
3285 2386 3598 2457 ὑπομνήσο-

2019 2470 2119 2541 μέν
2139 2487 2220 2524 σε.
2251 2471 2450 2542 Δανιὴλ
2472 2473 2530 2524 ἐν
2553 2471 2833 2526 Βαϐυλῶνι
2887 2473 2968 2536 είς
2997 2473 3203 2528 λάκκον
3231 2474 3465 2530 λεόντων
3495 2477 3599 2548 ἑμ-

2017 2561 2371 2632 6ε6λημένος,
2405 2561 2572 2631 μηδὲν
2603 2579 2665 2614 τε
2711 2562 2884 2616 δεινὸν
2911 2563 3194 2628 πεπονθὼς
3234 2565 3339 2618 ὑπὸ
3368 2566 3594 2630 τούτων,

2016 2653 2251 2724 ἐκάθητο
2275 2651 2557 2724 λιμώττων
2576 2669 2590 2684 ·
2626 2654 2942 2725 Ἀθϐακοὺμ
2971 2654 3015 2707 δ’
3036 2656 3064 2709 ὀ
3100 2656 3384 2725 προφήτης
3408 2654 3597 2709 θεόθεν

2017 2741 2349 2808 κελευσθεὶς,
2405 2742 2498 2795 καὶ
2547 2743 2637 2796 ὑπ’
2705 2739 2936 2812 ἆγγέλου
2995 2743 3318 2814 βασταχθεὶς
3362 2745 3472 2800 άπὸ
3499 2745 3600 2816 τῆς

2030 2834 2288 2898 Ἰουδαίας
2326 2836 2405 2897 εἰς
2433 2832 2744 2897 Βαϐυλῶνα,
2768 2836 2863 2888 καὶ
2892 2837 2973 2898 εἰς
3005 2836 3174 2892 αὐτὸν
3211 2837 3322 2890 τῶν
3373 2836 3604 2891 λεόντων

2017 2923 2218 2979 λάκκον
2255 2923 2558 2993 διακομίζει
2581 2923 2643 2980 τὸ
2672 2925 2912 2998 ἄριστον,
2941 2927 3035 2978 καὶ
3064 2927 3230 2997 φησὶν
3261 2927 3604 2998 εὐχαριστῶν

343 3001 526 3072 pheta,
568 3001 646 3056 ita
673 3000 784 3058 Deo
819 3000 1066 3071 iubente,
1117 3009 1172 3056 et
1221 3001 1292 3057 ab
1336 3001 1530 3072 angelo
1564 3001 1816 3060 sublatus
1847 3018 1916 3058 ex

2018 3017 2046 3069 ὁ
2079 3016 2329 3088 μέγιστος
2353 3017 2574 3086 Δανιὴλ,
2608 3035 2627 3068 ι
2653 3016 2959 3088 Ἐμνήσθης
2981 3018 3092 3089 γάρ
3121 3035 3244 3088 μου,
3275 3021 3304 3072 ὁ
3338 3019 3603 3085 Θιὸς,καὶ

344 3093 526 3147 Ῐυίίωῧ
567 3093 620 3147 in
661 3092 1013 3163 Βθδγιοηθω.
1069 3091 1231 3165 148
1273 3100 1330 3148 θι
1383 3094 1440 3148 in
1484 3093 1659 3164 ίρδθιη
1694 3094 1919 3150 leonum
1958 3091 1970 3092 γ
2022 3109 2122 3162 οὐκ
2153 3110 2508 3177 ἐγκατέλιπες
2536 3111 2658 3173 τοὺς
2694 3107 3058 3179 ἐκζητοῦντάς
3099 3129 3176 3164 σε.
3229 3131 3248 3163 ι
3282 3112 3465 3170 Ταῦτα
3491 3113 3607 3166 τοί-

343 3187 555 3239 foveam
575 3182 864 3254 prandium
885 3182 1062 3240 defert
1092 3201 1105 3239 :
1135 3194 1188 3240 et
1220 3184 1296 3240 ait
1323 3185 1530 3254 gratias
1553 3199 1724 3254 agens
1747 3183 1923 3238 maxi—

343 3291 468 3332 mus
501 3275 686 3334 Daniel
722 3295 738 3331 :
775 3294 795 3330 ι
833 3274 1129 3333 Meministi
1181 3274 1326 3331 cnim
1367 3275 1496 3338 mei.
1532 3273 1698 3339 Deus,
1724 3281 1780 3329 et
1807 3289 1919 3331 non

343 3368 685 3438 dereliquisti
716 3375 1024 3437 quaerentes
1063 3374 1117 3421 te
1138 3365 1204 3419 τι.
1249 3384 1269 3418 ι
1307 3363 1433 3422 Hac
1456 3365 1646 3436 igitur,
1681 3372 1738 3421 et
1767 3365 1922 3421 simi-

346 3461 417 3517 lia
449 3468 630 3516 mente
666 3459 944 3524 evolvens,
985 3457 1053 3510 ad
1091 3455 1285 3521 Deum,
1333 3469 1572 3525 eumque
1625 3453 1804 3512 solum
1839 3453 1923 3508 in—

347 3560 623 3608 cessanter
653 3548 983 3617 cogitatione
1011 3547 1267 3615 confuge.

641 3639 782 3695 LXI.
804 3669 871 3680 —-
895 3637 1216 3695 FLORIONI
1260 3634 1618 3694 MONACIIO.
1715 3674 1732 3681 ~-

417 3733 498 3788 Ne
517 3730 861 3802 despondeas
883 3729 1146 3792 animum,
1192 3728 1310 3783 licet
1348 3728 1426 3784 sis
1455 3728 1672 3784 infirma
1710 3727 1924 3784 valetu-

348 3823 496 3887 dine,
525 3822 683 3893 quasi
718 3821 928 3877 nullum
953 3821 1355 3877 consolatorem
1395 3818 1704 3876 habiturus.
1763 3837 1781 3870 ι
1823 3817 1927 3873 Βο-

351 3929 482 3968 num
511 3913 655 3969 enim
680 3921 765 3971 est
793 3926 1017 3982 sperare
1054 3911 1110 3967 in
1153 3910 1470 3975 Dominum,
1513 3923 1676 3979 quam
1706 3923 1928 3980 sperare

349 4006 406 4062 in
430 4004 705 4060 hominem
730 4005 796 4057 τ’.
834 4022 854 4056 ι
895 4001 1053 4057 Viam
1079 4001 1226 4059 enim
1262 4001 1488 4057 omnino
1513 4001 1580 4058 ad
1622 4007 1770 4056 tuam
1797 4016 1929 4057 con-

353 4095 675 4152 solationem
710 4093 854 4150 Deus
879 4093 1236 4164 excogitabit,
1269 4107 1372 4149 nec
1397 4092 1575 4149 deerit
1601 4091 1670 4148 ad
1693 4093 1928 4150 salutem

348 4187 680 4258 eaCOgitatio
703 4187 984 4257 sapientiae
1022 4185 1181 4240 fonti.

598 4277 758 4333 LXII.
787 4305 860 4322 κ-
884 4275 1282 4333 A'IIIANASIO
1331 4272 1688 4330 MONACIIO.

2023 3217 2140 3266 νυν,
2171 3201 2265 3255 καὶ
2307 3204 2376 3254 τά
2410 3201 2632 3256 τοιαῦτα
2663 3202 2805 3256 κατὰ
2847 3203 2970 3257 νοῦν
2992 3203 3317 3272 λαμϐάνων,
3353 3211 3487 3276 πρὸς
3511 3204 3602 3258 τὸν

2022 3290 2176 3357 Θεὸν,
2247 3293 2344 3347 καὶ
2386 3293 2546 3364 μόνον
2617 3293 2974 3359 ἀδιαλείπτως
3025 3298 3095 3366 τῇ
3147 3297 3362 3367 διανοίᾳ
3429 3296 3602 3350 κατά-

2023 3399 2213 3453 φευγε.

2123 3697 2130 3701 .
2222 3680 2232 3688 -
2363 3651 2482 3707 ΞΜ.
2510 3681 2576 3697 --
2606 3653 2928 3706 ΨΛΟΡΙΩΝΙ
2961 3653 3272 3723 ΜΟΝΛΧῼ.

2097 3743 2190 3814 Μὴ
2238 3741 2439 3812 ἀθύμει
2505 3742 2872 3813 ὲξασθενήσας
2917 3745 2976 3797 τὸ
3025 3745 3205 3815 σῶμα,
3246 3745 3323 3808 ὡς
3378 3743 3608 3816 μηδενὸς

2025 3834 2345 3904 τευξόμενος
2369 3835 2462 3888 τοῦ
2496 3835 3047 3907 παραμυθησομένου.
3077 3855 3096 3890 ι
3119 3835 3344 3904 Ἀγαθὸν
3366 3836 3476 3907 γὰρ
3505 3853 3605 3889 πι-

2027 3924 2272 3980 ποιθὲναι
2319 3926 2414 3979 ἐπὶ
2451 3924 2673 3996 Κύριον,
2701 3925 2734 3995 ἢ
2767 3926 3080 3980 πεποιθέναι
3124 3929 3210 3980 ἐπ’
3237 3925 3544 3998 ἄνθρωπον.
3581 3945 3601 3978 a

2029 4014 2202 4085 Πόρον
2251 4013 2360 4085 γὰρ
2389 4015 2607 4077 πάντως
2640 4016 2778 4086 πρὸς
2819 4017 3174 4087 παραμυθίαν
3214 4035 3308 4072 σου
3333 4021 3608 4089 ἐπινοησει

2028 4105 2182 4170 Θεὸς,
2221 4105 2316 4160 καὶ
2343 4105 2443 4160 οὐκ
2489 4105 2760 4178 ἐπιλείψει
2825 4107 2960 4177 πρὸς
2993 4107 3267 4178 σωτηρίαν
3305 4107 3517 4163 ἐπίνοια
3541 4109 3610 4179 τῇ

2032 4197 2182 4266 πηγῇ
2213 4195 2310 4265 τῆς
2341 4197 2556 4264 σοφίας.

2350 4285 2470 4340 EB’.
2500 4316 2570 4330 --
2601 4287 2948 4359 ΑΘΑΝΑΣΙῼ
2982 4289 3294 4359 ΜΟΝΔΧῼ.

424 4371 547 4429 Cito
596 4378 651 4426 te
697 4369 867 4426 reduc
925 4369 982 4424 in
1032 4365 1466 4428 monasterium,
1513 4380 1581 4421 ex
1626 4379 1736 4434 quo
1794 4364 1919 4418 male

2106 4375 2328 4445 Ταχέως
2359 4377 2620 4432 ὲττάνελθε
2654 4379 2735 4442 εἰς
2767 4378 2828 4431 τὸ
2856 4381 3239 4449 μοναστήριον,
3278 4378 3400 4432 ὅθεν
3425 4381 3610 4443 κακῶς

353 4478 612 4534 egressus
675 4478 763 4526 es,
816 4475 886 4517 ne
930 4473 1171 4529 unquam
1205 4463 1359 4516 extra
1401 4455 1678 4512 stabulum
1723 4455 1934 4509 diutius

354 4561 728 4609 commoratus
769 4549 1236 4605 intellectualibus
1266 4547 1464 4602 belluis
1497 4546 1654 4602 cibus
1699 4545 1934 4616 ohjicia-

355 4646 456 4703 ris.
483 4647 540 4701 Si
566 4660 694 4700 vero
713 4644 947 4698 liberare
976 4649 1030 4696 te
1058 4641 1216 4710 culpa
1239 4647 1420 4710 putas,
1448 4639 1680 4708 ideoque
1707 4636 1936 4708 potioris

353 4742 641 4811 cujusdam
675 4738 894 4796 virtutis
922 4736 1332 4806 exspectatione
1359 4748 1391 4790 a
1413 4733 1748 4791 monasterio
1772 4731 1937 4802 longe

356 4850 674 4906 pererrare;
706 4830 1000 4889 recordare
1040 4830 1190 4886 illius
1215 4827 1419 4896 eloquii
1450 4845 1465 4882 :
1503 4825 1601 4883 Est
1646 4827 1732 4881 via
1766 4841 1938 4895 appa-

357 4944 485 4986 rens
507 4928 627 4982 viro
666 4927 810 4982 bona
842 4939 987 4989 esse,
1031 4930 1279 4978 extrema
1302 4935 1432 4976 vero
1463 4919 1611 4975 illius
1652 4925 1820 4986 agunt
1862 4917 1929 4972 ad

357 5018 688 5089 profundum
737 5017 936 5075 inferni
969 5016 1036 5071 ⁷⁸.
1094 5013 1320 5083 Semper
1372 5011 1522 5066 enim
1579 5009 1813 5064 Satanas
1873 5016 1930 5063 ut

360 5113 655 5182 plurimum
699 5110 1125 5169 rationabilibus
1173 5106 1357 5163 causis
1396 5103 1551 5158 illius
1582 5100 1928 5168 insidiarum,

359 5211 522 5274 atque
551 5202 917 5271 improbitatis
951 5203 1267 5270 inexpertos
1297 5195 1632 5266 expiscatu-r.

641 5289 822 5348 LXIII.
850 5322 920 5334 —
951 5287 1253 5349 SYIlIANO
1295 5284 1646 5346 MONACHO.

427 5381 648 5438 Auente
671 5377 1077 5449 prudenterque
1103 5377 1410 5434 monastieo
1440 5374 1632 5432 ordine
1667 5374 1932 5429 utendum

357 5480 443 5529 est
471 5489 486 5527 :
519 5470 779 5543 gymnico
807 5470 1073 5541 siquidem
1121 5468 1438 5530 certamine
1459 5473 1738 5522 certamen
1774 5464 1936 5536 159

436 5603 480 5637 ⁸⁷
509 5610 530 5679 I
562 5607 705 5679 Petr.
745 5624 799 5671 v,
834 5610 896 5675 8;
945 5609 966 5662 ι
1011 5609 1207 5679 Thess.
1242 5627 1296 5674 ν,
1336 5607 1389 5664 6.
1465 5610 1510 5641 ⁸⁸
1542 5607 1775 5679 Philipp.
1807 5621 1880 5675 Iv,
1913 5607 1964 5663 5.

431 5682 477 5714 "
508 5677 656 5734 Psal.
679 5691 844 5746 exvu,
873 5680 930 5735 8.
1005 5680 1052 5712 "
1079 5678 1239 5735 Prov.
1265 5695 1377 5745 xw,
1412 5679 1495 5734 ιε.

2031 4463 2275 4537 ἐξῆλθες,
2301 4467 2375 4537 μή
2407 4485 2536 4521 ποτε
2569 4467 2673 4532 ἔξω
2702 4469 2802 4538 τῆς
2832 4469 3073 4540 μάνδρας
3108 4471 3200 4526 ἐπὶ
3227 4469 3362 4524 πολὺ
3399 4469 3610 4542 διατρίι

2030 4557 2158 4626 ψας,
2195 4557 2389 4628 βρῶμα
2417 4559 2548 4630 γένῃ
2578 4559 2686 4612 τῶν
2715 4560 2922 4628 νοητῶν
2962 4560 3183 4630 θηρίων.
3233 4562 3295 4630 Εἰ
3325 4561 3384 4615 δὲ
3435 4561 3610 4629 λέγοις

2033 4648 2334 4719 προσδοκίᾳ
2379 4649 2688 4719 κρείττονός
2743 4667 2887 4714 τινος
2917 4653 3117 4720 ἀρετῆς
3155 4653 3486 4720 ἀφίστασθαι
3516 4651 3610 4720 τῆς

2035 4739 2226 4809 μονῆς,
2269 4739 2539 4809 μνήσθητι
2577 4739 2672 4794 τοῦ
2726 4742 2968 4805 εἰπόντος
2997 4743 3100 4808 ὅτι,
3151 4743 3329 4797 Ἐστὶν
3373 4744 3490 4807 ὁδὸς
3524 4743 3612 4796 δοο

2033 4831 2209 4886 κοῦσαι
2233 4832 2414 4904 ἀγαθὴ
2468 4832 2605 4888 εῐναι
2645 4835 2820 4905 ἀνδρὶ,
2868 4834 2935 4888 τὰ
2975 4835 3156 4905 μέντοι
3204 4836 3488 4889 τελευταῖα
3515 4835 3612 4888 αὑ·

2035 4925 2135 4994 τῆς
2167 4924 2322 4995 φέρει
2355 4927 2434 4988 τίς
2463 4925 2554 4984 τὸν
2574 4928 2827 4997 πυθμένα
2854 4926 2948 4983 τοῦ
2979 4927 3127 4998 ᾅδου.
3175 4929 3286 4982 ‘As‘t
3315 4928 3423 4997 γὰρ
3460 4929 3488 4980 ὁ
3513 4928 3612 4980 Σα.⁴

2036 5016 2208 5077 τανᾶς
2234 5014 2312 5078 ὡς
2341 5016 2436 5074 ἐπὶ
2462 5016 2522 5068 τὸ
2547 5016 2808 5070 πλεῖστον
2853 5021 2970 5080 ταῖς
3008 5018 3420 5086 εὑλογοφανίαις
3457 5022 3614 5086 am-

2037 5105 2254 5175 στρεύει
2278 5105 2404 5170 τοὺς
2432 5107 2529 5176 τῆς
2560 5107 2973 5178 κακομηχανίας
3001 5108 3167 5162 αὐτοῦ
3213 5107 3289 5179 μὴ
3317 5105 3612 5178 ἐσχηκότας

2035 5212 2123 5249 πει
2131 5213 2250 5266 ραν.

2368 5287 2486 5342 at".
2527 5317 2597 5330 -
2627 5287 2928 5357 ΣὙΡΙΑΝῼ
2967 5289 3281 5360 ΜΟΝΑΧῼ.

2110 5376 2489 5447 Προσεχὸντως
2520 5377 2600 5447 τῷ
2635 5377 2908 5448 μοναδικῷ
2927 5378 3189 5447 τάγματι,
3222 5379 3315 5430 καὶ
3338 5376 3614 5445 meane);

2040 5466 2340 5538 κεχρῆσθαι
2360 5467 2439 5522 δεῖ
2459 5486 2472 5497 ·
2503 5467 2598 5522 τοῦ
2625 5469 2732 5541 γάρ
2763 5469 3030 5538 γυμνικοῦ
3059 5469 3287 5537 ἀγῶνος,
3305 5469 3332 5519 ὸ
3353 5467 3612 5538 ἡμέτερος

2043 5607 2089 5640 ⁸³
2113 5606 2250 5664 Ibid.
2283 5608 2336 5664 6.
2451 5611 2494 5643 7°
2530 5607 2694 5666 Eccli.
2725 5627 2784 5677 ιι,
2816 5611 2898 5678 Η,
2947 5611 3031 5665 l2.
3145 5608 3186 5640 ⁷¹
3227 5607 3361 5660 Dan.
3390 5619 3502 5670 atv,
3529 5601 3619 5658 57.
