4064 6160
3118 255 3205 274 ,η’

425 321 524 383 229
1149 395 1154 400 _
1596 313 1963 375 EPISTOLA‘

2167 313 2316 374 LIB.
2358 314 2446 373 II.
3572 319 3680 391 οπο

425 429 560 494 ἀγὼν
624 426 1050 497 δυσχερέστερός
1111 426 1279 486 ἐστιν,
1317 424 1432 476 ἐκεῖ
1471 422 1569 492 μὲν
1607 423 1715 493 γὰρ
1741 419 1963 494 ἀθλητῶι

2063 471 2064 477 η
2094 428 2343 473 nostrum
2376 417 2716 474 laboriosius
2737 427 2822 474 est
2859 439 2872 472 :
2903 419 2978 474 ibi
3015 421 3158 476 enim
3197 422 3528 478 athletarum
3557 443 3682 483 cor-

426 525 640 588 σώματα
703 517 944 570 κλίνεται
999 515 1290 588 ὀρθοῦσθαι
1324 514 1522 588 ῥᾳδίως
1568 513 1862 582 δυνάμενα,
1907 512 1963 564 ἐν

2096 525 2252 580 pora,
2280 526 2399 580 qua:
2431 509 2580 564 facili
2611 510 2832 582 negotio
2861 511 2998 581 erigi
3040 513 3247 578 valent,
3276 514 3642 569 incurvantur
3668 537 3680 583 ;

419 610 580 665 ταῦθα
608 609 665 662 δὲ
696 609 867 679 ψυχαὶ
903 608 1360 672 καταπίπτουσιν,
1394 605 1458 670 ἃς
1483 605 1630 672 ἅπαξ
1667 601 1963 674 ἀνατραπεί

2095 602 2294 656 anima:
2317 602 2636 667 concidunt,
2671 618 2808 672 quas
2843 603 3013 658 semel
3068 605 3313 661 inversas
3355 624 3439 660 vix
3475 610 3677 679 erigas.

420 717 524 766 σας,
551 701 703 771 μόλις
728 700 878 752 ἐστιν
917 700 1218 768 ἀνεγεῖραι.

685 792 800 844 EA’.
833 821 902 831 —
931 791 1270 862 ΓΡΗΓΟΡΙῼ
1301 787 1702 860 ΗΓΟΥΜΕΝῼ.

2378 781 2560 836 LXIV.
2591 813 2662 822 ——
2693 780 3049 836 GREGOlilO
3087 782 3357 841 ABBATI.

477 883 716 954 Μωῦσῆς
742 884 770 936 6
806 892 977 954 μέγας
1009 881 1338 953 ἱεροφάντης
1380 880 1485 944 ἔξω
1510 879 1608 948 τῆς
1635 875 1963 950 παρεμϐολῆε

2161 875 2377 946 Moyses
2410 891 2640 944 magnus
2671 875 2766 930 ille
2790 891 3076 930 sacrorum
3104 879 3338 934 antistes
3371 888 3524 932 extra
3583 896 3676 935 c.1-

411 974 716 1043 πηξάμενος
747 971 846 1043 τὴν
876 972 1106 1044 σκηνὴν,
1143 971 1319 1044 δηλοῖ,
1373 969 1450 1032 ὡς
1493 968 1712 1040 μακρὰν
1754 966 1963 1039 θορῦδοι

2088 975 2202 1022 stra
2232 966 2659 1029 tabernaculum
2699 969 3041 1022 constituens
3073 969 3119 998 ⁷⁸
3164 970 3382 1034 ἱιιιιιιίι,
3445 972 3600 1042 longe
3644 989 3673 1026 a

411 1065 700 1136 πολεμικοῦ
731 1066 838 1136 χρὴ
871 1064 964 1118 τὸν
991 1064 1310 1117 διδάσκαλον
1344 1059 1506 1127 εἶναι,
1551 1063 1648 1114 καὶ
1675 1061 1862 1132 πόρρω
1890 1060 1963 1114 rei

2085 1059 2325 1114 tttmultu
2357 1057 2552 1112 bellico
2582 1065 2836 1128 oportere
2885 1059 3206 1127 magistrum
3241 1076 3385 1124 esse,
3422 1070 3476 1116 et
3515 1064 3675 1132 longe

408 1159 751 1228 πεφυρμένου
786 1156 1116 1211 ἀπόκεισθαι
1159 1153 1568 1227 στρατοπέδου,
1605 1152 1741 1224 πρὸς
1779 1153 1963 1222 είρηνι·

2085 1150 2155 1206 ab
2187 1150 2405 1219 impuro
2435 1151 2768 1203 commorari
2805 1151 3048 1204 exercitu
3079 1191 3092 1214 ,
3126 1150 3190 1204 ad
3226 1152 3505 1220 paeiflcam
3551 1156 3673 1207 titil-

407 1249 513 1314 κδν,
546 1248 646 1301 καὶ
676 1247 1022 1318 ἀπολέμητον
1063 1239 1406 1316 μεταστάντα
1439 1241 1574 1312 βίον.

2084 1243 2245 1313 loque
2276 1239 2514 1294 tumultu
2549 1239 2745 1295 bellico
2779 1253 3027 1294 vexatam
3079 1244 3218 1294 viam
3268 1249 3669 1302 transvectunt.

761 1337 882 1390 εει.
904 1367 975 1375 -
996 1335 1300 1404 ΘΕΟΔΩΡῼ
1327 1332 1636 1403 nonam.

2331 1331 2489 1386 LXV.
2528 1363 2593 1374 —
2639 1331 3015 1388 THEODORO
3057 1333 3412 1388 MONACIIO.

470 1431 531 1484 Et
558 1428 643 1500 τῷ
672 1427 822 1498 ζυγῷ
852 1427 955 1498 τῆς
983 1424 1342 1496 πανευφήμου
1385 1423 1666 1492 ὑποταγῆς
1685 1460 1700 1484 ,
1738 1421 1831 1474 τὸν
1878 1420 1963 1490 τῆς

2154 1422 2212 1478 Si
2257 1423 2393 1495 jugo
2439 1423 2907 1479 decantatissimte
2953 1423 3280 1479 obedientiat
3336 1425 3532 1480 animae
3563 1435 3670 1480 ture

403 1520 573 1591 ψυχῆς
605 1538 697 1574 σου
731 1519 932 1588 αὐχένα
958 1516 1272 1578 ὐπέκλινας,
1327 1515 1401 1592 μὴ
1435 1511 1963 1584 πολυπραγμονήσεις

2078 1515 2346 1570 cervicem
2383 1514 2709 1579 submisisti,
2746 1529 2813 1568 ne
2843 1514 3044 1569 anxius
3095 1515 3368 1585 nimisque
3411 1517 3670 1572 curiosus

401 1613 493 1674 τάς
511 1612 825 1683 οἰκονομίας
852 1609 945 1664 τοῦ
977 1607 1344 1680 προεστῶτος,
1377 1606 1537 1677 μόνον
1568 1605 1626 1658 δὲ
1657 1605 1725 1658 τά
1748 1605 1963 1656 ἐπιτασ-

2079 1593 2381 1676 superioris
2411 1607 2490 1662 tui
2524 1608 2601 1664 rei
2641 1606 2933 1663 familiaris
2971 1607 3502 1665 administrationem
3534 1627 3668 1665 exa-

366 1760 374 1767 ,
402 1705 603 1773 σύμενά
631 1721 741 1768 σοι,
777 1701 879 1756 κάν
909 1701 1102 1772 βαρέα,
1133 1700 1228 1754 καὶ
1261 1693 1492 1752 ἐπίπονα
1520 1699 1799 1766 τυγχάνοι,
1840 1710 1963 1765 ιιιρο⁴

2079 1701 2290 1766 mines;
2333 1709 2552 1755 tantum
2585 1717 2649 1756 ea
2679 1717 2800 1772 qua:
2830 1701 2925 1755 tibi
2959 1701 3341 1770 imponuntur,
3375 1703 3507 1758 licet
3543 1721 3667 1774 gra-

400 1763 586 1865 θὺμως
613 1763 786 1847 ποιεῖν
814 1763 1106 1856 σπούδαξε.
1135 1793 1208 1845 Τὸ
1245 1793 1354 1863 γὰρ
1388 1763 1850 1862 περιεργάζεσθαι
1875 1763 1963 1851 τὰς

2079 1793 2162 1847 via
2191 1801 2244 1847 et
2277 1793 2554 1850 laboriosa
2588 1795 2728 1856 sint,
2771 1794 2938 1848 alacri
2988 1794 3192 1858 animo,
3228 1806 3284 1849 ut
3324 1794 3533 1852 efficias
3581 1799 3664 1851 in-

398 1888 487 1938 τοῦ
515 1886 836 1940 διδασκάλου
876 1885 1211 1955 οἰκονομίας,
1257 1883 1354 1938 καὶ
1405 1881 1724 1953 δοκιμάζειν
1768 1879 1963 1934 ἐθέλω

2078 1885 2294 1939 (umbe.
2325 1885 2558 1941 Curiose
2582 1901 2819 1955 namque
2851 1885 3095 1950 magistri
3122 1886 3660 1942 administrationum

395 1980 460 2033 τὰ
490 1980 622 2053 παρ’
669 1977 836 2034 αὐτοῦ
889 1977 1367 2047 προστασσόμενα,
1403 1973 1663 2044 ἐμπόδιόν
1702 1973 1817 2026 ἑστι
1873 1971 1963 2040 τῆς

2076 1976 2448 2046 perquisitio,
2529 1985 2584 2031 et
2640 1983 3038 2047 praeceptorum
3095 1977 3242 2031 illius
3296 1979 3549 2056 probatio
3582 1981 3660 2034 tui

396 2071 495 2139 σῆς
553 2067 856 2141 προκοπῆς.
903 2069 980 2121 Οὐ
1028 2067 1136 2136 γὰρ
1169 2067 1233 2136 δὴ
1295 2065 1514 2128 πάντως
1569 2065 1704 2134 ὅπερ
1743 2063 1963 2116 πιθανὸν

2075 2067 2356 2136 profectus
2415 2068 2809 2136 impedimento
2857 2077 2962 2123 est.
3021 2067 3204 2137 Neque
3238 2071 3382 2124 enim
3435 2073 3664 2126 omnino

392 2163 485 2214 καὶ
516 2160 738 2227 εὔλογον
772 2160 1022 2228 φαίνεται
1053 2157 1130 2228 τῷ
1169 2156 1402 2228 ἀπείρῳ,
1428 2153 1590 2207 τοῦτο
1632 2154 1728 2206 καὶ
1760 2152 1963 2223 ἀληθῶς

2073 2158 2218 2229 quod
2255 2173 2386 2214 vero
2413 2158 2596 2214 simile
2660 2173 2724 2212 ac
2776 2159 2979 2214 rationi
3025 2174 3329 2214 eoosonum
3377 2161 3664 2231 itthperto

391 2250 616 2320 εὔλογόν
655 2252 835 2304 ἐστιν·
881 2249 1059 2312 ἄλλως
1100 2247 1208 2318 γὰρ
1246 2248 1276 2300 6
1318 2245 1591 2318 τεχνίτης,
1627 2244 1719 2298 καὶ
1749 2243 1963 2307 ἄλλωςί

2071 2250 2309 2312 videtur,
2360 2249 2463 2303 hoc
2503 2264 2632 2304 vere
2675 2249 2880 2304 rationi
2949 2264 3257 2303 consonum
3333 2257 3438 2303 est.
3490 2251 3664 2306 Aliter

387 2344 787 2414 ἀνεπιστήμων
828 2342 1005 2413 κρίνει
1065 2340 1134 2393 τά
1175 2339 1274 2409 τῆς
1328 2340 1542 2409 τέχνης.
1573 2335 1775 2389 Κανόνι
1805 2335 1912 2406 γὰρ
1944 2336 1973 2388 6

388 2433 497 2502 μὲν
519 2437 586 2503 τῇ
619 2433 903 2503 ἐπιστήμῃ
930 2429 1212 2505 κέχρηται.
1243 2432 1271 2483 6
1298 2429 1356 2484 δὲ
1395 2428 1473 2499 τῷ
1499 2428 1697 2481 εἰκότι-ο
1723 2426 1785 2479 τὸ
1812 2425 1868 2478 δὲ
1897 2428 1972 2479 εί-

383 2519 490 2584 κδς
524 2521 776 2590 ὀλιγάκις
833 2520 932 2590 μὲν
967 2519 1282 2590 στοχάζεται
1337 2518 1439 2588 τῆς
1497 2515 1772 2586 ἀληθείας,
1806 2513 1874 2568 τὰ
1911 2515 1968 2568 δὲ

383 2612 565 2666 πολλά
596 2611 984 2682 ἀποτυγχάνει,
1018 2611 1218 2684 μᾶλλον
1245 2609 1345 2680 τῆς
1375 2609 1668 2682 ὀρθότητος
1705 2607 1841 2679 πρὸς
1869 2608 1968 2678 τὴν

382 2700 606 2772 ἀπάτην
631 2699 752 2770 ἔχον
779 2701 876 2769 τὴν
918 2699 1261 2768 συγγένειαν.

755 2790 888 2858 squ
924 2821 994 2830 —
1021 2791 1243 2860 ΓΑΛΛῼ
1285 2789 1596 2862 ΜΟΝΔΧῼ.

451 2879 522 2933 Τί
548 2898 632 2934 σοι
678 2879 870 2949 δφελος
913 2879 1016 2950 τῆς
1063 2879 1348 2946 ξενιτείας,
1397 2878 1620 2933 καὶτοῦ
1666 2878 1830 2932 πόνου
1863 2878 1966 2949 τῆς

381 2972 694 3042 ἀσκησεως,
744 2971 837 3025 καὶ
882 2971 981 3041 τῆς
1027 2971 1226 3044 πολλῆς
1257 2958 1649 3043 ταλαιπωρίας,
1703 2970 1864 3024 πάλιν
1897 2973 1962 3042 τῇ

381 3063 588 3135 καρδίᾳ
619 3064 697 3126 είς
750 3061 1024 3130 Αἴγυπτον
1071 3061 1443 3136 στρεφομένῳ,
1487 3060 1583 3115 καὶ
1615 3061 1965 3132 καθεκάστην

382 3153 577 3222 σχεδὸν
618 3153 832 3225 ἡμέραν
862 3152 950 3210 διὰ
975 3152 1083 3205 τῶν
1107 3152 1404 3206 επιστολῶν
1434 3155 1546 3218 τοῖς
1559 3154 1777 3215 οίκείοις
1793 3169 1962 3224 προσ-

381 3244 681 3314 ομιλοῦντι,
725 3244 921 3316 καὶτῷ
966 3244 1214 3316 διαπύρῳ
1265 3243 1472 3316 φίλτρῳ
1504 3245 1603 3315 τῆς
1643 3243 1966 3312 συγγενείας

380 3332 854 3404 ἀποσφαλλομένῳ
909 3335 1011 3404 τῆς
1063 3332 1443 3404 τελειότητοςς
1499 3334 1652 3403 Τάχα
1705 3337 1815 3404 γάρ
1863 3335 1964 3386 οὐκ

381 3428 624 3497 ἤκουσας
669 3426 758 3478 τοῦ
794 3427 1000 3496 Κυρίου
1031 3424 1394 3494 ἐπιτιμῶντος
1421 3429 1489 3496 τῇ
1538 3425 1726 3496 Μαρίᾳ.
1760 3427 1818 3478 ἐν
1850 3427 1964 3489 τοῖς

382 3519 706 3587 συγγενέσιν
735 3517 1068 3588 ὲπιζητούσῃ
1098 3516 1281 3583 αὐτὸν,
1308 3517 1405 3570 καὶ
1438 3517 1534 3570 τὸν
1567 3517 1826 3587 φιλοῦντα
1852 3533 1960 3571 πα-

380 3607 545 3678 τέρα,
573 3608 608 3678 ἢ
645 3607 855 3678 μητέρα
878 3609 1019 3678 ὑπὲρ
1041 3609 1223 3674 αὑτὸν,
1260 3609 1541 3679 κρίνοντος
1587 3607 1802 3673 ἀνάξιον
1837 3610 1964 3662 ἑαυ-

377 3698 499 3765 τοῦ,
537 3701 635 3753 καὶ
661 3698 750 3752 διὰ
787 3702 895 3753 τῶν
940 3703 1112 3770 λόγων
1144 3700 1349 3754 τούτων
1393 3699 1680 3774 ἀραρότως
1724 3701 1964 3771 ἔκλειψιν

378 3791 490 3845 τῶν
517 3793 856 3861 συγγενικῶν
883 3793 1273 3865 ὑποτιθεμένου
1305 3792 1560 3862 δεσμῶνς
1607 3793 1668 3846 Et
1697 3793 1830 3866 γοῦν
1861 3810 1963 3846 κα-

377 3883 710 3947 ταλέλοιπας
733 3884 833 3954 τὴν
857 3883 1107 3956 Χαρρὰν,
1139 3886 1277 3955 ὅπερ
1308 3883 1672 3954 ἑρμηνεύεται
1704 3883 1960 3952 τρώγλη,

377 3973 550 4027 τοῦτο
572 3974 628 4027 δὲ
655 3975 902 4045 σημαίνει
932 3975 1032 4039 τάς
1054 3975 1359 4047 αἰσθήσεις,
1391 3977 1484 4029 καὶ
1511 3976 1575 4027 ὲκ
1599 3975 1697 4045 τῆς
1720 3973 1963 4038 κοιλάδος

377 4067 618 4139 Χεϐρὼν
643 4067 879 4138 ἐξῆλθες,
909 4070 1154 4122 τουτέστι
1182 4066 1291 4121 τῶν
1333 4065 1606 4120 ταπεινῶν
1650 4065 1829 4136 ἔργων
1865 4065 1965 4136 τῆς

380 4158 683 4227 ἁμαρτίας,
714 4159 809 4210 καὶ
830 4160 895 4213 ὲκ
920 4159 1018 4227 τῆς
1045 4159 1277 4230 ἐρήμου,
1308 4157 1433 4211 καθ’
1465 4157 1533 4228 ἣν
1566 4156 1805 4225 γίνονται
1829 4155 1966 4209 πλά-

388 4267 495 4315 ναι,
530 4248 761 4304 σπεῦσον
787 4250 1202 4321 μετοικισθῆναι
1236 4249 1378 4305 κατὰ
1414 4250 1550 4312 ,τοὺς
1594 4249 1961 4318 πατριάρχας,

381 4340 463 4402 εἰς
495 4340 771 4410 Δωθαεὶμ,
822 4341 1071 4395 τουτέστι
1101 4343 1180 4404 εἰς
1208 4341 1306 4411 τὴν
1341 4341 1532 4409 ἱκανὴν
1573 4339 1816 4408 ἔκλειψιν
1865 4339 1963 4409 τῆς

2069 2341 2216 2394 enim
2252 2339 2472 2404 artifex,
2510 2348 2564 2394 et
2591 2340 2752 2395 aliter
2779 2340 2916 2396 artis
2951 2339 3200 2408 ignarus,
3235 2355 3299 2395 ea
3353 2357 3476 2411 quae
3520 2344 3657 2398 artis

2070 2439 2220 2492 sunt,
2249 2430 2555 2500 dijttdieat:
2589 2431 2777 2499 regula
2817 2430 2964 2483 enim
3017 2429 3110 2484 ille
3143 2431 3366 2495 quidem
3412 2432 3660 2487 seienter

2069 2523 2265 2587 utitur,
2296 2522 2387 2576 hic
2430 2521 2804 2576 convenienti.
2827 2519 2931 2574 Sed
2957 2521 3434 2578 conveniensraro
3449 2525 3656 2580 verita-

2069 2623 2176 2668 tem
2207 2615 2468 2679 collimat,
2492 2625 2550 2668 ut
2575 2614 2870 2683 plurimum
2894 2627 3020 2666 vero
3035 2611 3102 2666 ab
3126 2629 3188 2667 ea
3219 2613 3460 2682 aberrat,
3481 2618 3658 2686 magis

2069 2707 2132 2760 ad
2150 2713 2564 2776 erroremquam
2589 2706 2654 2758 ad
2674 2704 3406 2768 recti!uilinom,at‘ﬁnitatem
3425 2707 3653 2764 habens.

2281 2796 2440 2867 150
2493 2795 2677 2850 wa.
2722 2825 2790 2836 —
2825 2794 3054 2849 GALLI)
3087 2795 3442 2856 nonanno.

2137 2889 2270 2956 Quis
2306 2891 2404 2943 tibi
2439 2905 2577 2944 usus
2613 2887 2784 2942 fuerit
2826 2890 3331 2958 peregrinationis,
3400 2898 3453 2944 et
3497 2905 3655 2946 excr-

2067 2977 2345 3032 citationis
2390 2977 2705 3040 laboriosa,
2733 2987 2789 3031 et
2837 2987 2945 3032 tam
2992 2979 3254 3034 immanis
3304 2977 3651 3044 afﬂictionis.

2069 3083 2284 3121 rursum
2325 3066 2493 3122 corde
2527 3067 2582 3120 in
2616 3066 2914 3138 Egypttim
2953 3070 3274 3134 revertenti,
3316 3079 3372 3125 et
3419 3070 3655 3140 singulis

2067 3157 2182 3213 fere
2213 3157 2408 3212 diebus
2439 3172 2536 3226 per
2565 3158 2833 3226 epistolas
2887 3157 3259 3215 familiaribus
3293 3163 3648 3232 colloquentl,

2065 3259 2119 3305 et
2178 3249 2395 3305 ardenti
2431 3248 2786 3319 cognationis
2821 3249 3079 3318 cupidine
3107 3265 3134 3303 a
3181 3252 3516 3321 perfectione
3558 3253 3652 3306 de—

2063 3343 2270 3396 erranti
2299 3341 2322 3394 7
2347 3339 2512 3396 Forte
2541 3341 2686 3396 enim
2731 3357 2838 3395 non
2891 3343 3098 3396 audisti
3124 3341 3414 3398 Dominum
3471 3344 3651 3401 Maria;

2064 3432 2526 3500 exprobrantem,
2557 3431 2704 3501 quod
2735 3431 2879 3486 inter
2919 3432 3362 3502 consanguineos
3387 3447 3509 3486 cunt
3561 3433 3648 3486 in-

2063 3523 2376 3592 quireret";
2407 3525 2564 3592 eique
2592 3522 2684 3592 qni
2716 3533 2923 3592 patrem
2957 3531 3009 3576 et
3045 3533 3272 3577 matrem
3322 3523 3444 3594 plus
3481 3540 3646 3594 quam

2064 3612 2217 3669 illum
2269 3623 2502 3678 amaret,
2557 3615 2743 3684 seipse
2791 3614 3076 3685 indignum
3109 3614 3450 3683 jttdicantent
3479 3617 3545 3678 ",
3592 3624 3646 3669 ot

2063 3722 2160 3775 per
2192 3706 2307 3760 haec
2345 3707 2516 3760 verba
2552 3705 2783 3759 firmiter
2825 3707 3363 3776 consanguineorum
3398 3706 3647 3760 vinculo-

2063 3813 2185 3852 rum
2224 3796 2554 3852 solutionem
2618 3799 3068 3867 supponentem?
3117 3798 3303 3866 Itaque
3350 3799 3394 3851 si
3449 3797 3646 3851 dereli-

2063 3889 2232 3957 quisti
2263 3887 2536 3952 Cltarran,
2561 3904 2684 3958 qua:
2722 3891 3116 3959 interpretatur
3154 3889 3331 3950 nidus,
3379 3887 3467 3944 hic
3515 3903 3646 3940 vero

2064 3979 2244 4032 innuit
2277 3995 2510 4046 sensus,
2548 3989 2603 4033 et
2646 3995 2711 4034 cx
2743 3981 2880 4033 valle
2915 3979 3172 4033 Chebron
3218 3977 3404 4032 exiisti
3434 3977 3505 4041 '",
3540 3977 3644 4032 hoc

2075 4078 2246 4124 estex
2285 4071 2505 4124 miseris
2542 4071 2748 4138 peccati
2775 4070 3056 4139 operibus,
3079 4075 3131 4122 et
3155 4083 3217 4121 ex
3248 4067 3466 4123 deserto
3491 4085 3643 4123 erro-

2065 4161 2215 4215 ribus
2241 4160 2503 4224 obnoxio,
2533 4160 2825 4221 contende,
2863 4168 2914 4211 ut
2961 4159 3340 4221 transferaris,
3375 4159 3642 4228 quemad-

2065 4251 2288 4306 modum
2320 4258 2376 4304 et
2404 4249 2753 4319 patriarchae,
2784 4249 2835 4301 in
2870 4249 3120 4302 Dothaim
3146 4249 3213 4310 ³⁷⁸,
3267 4249 3370 4303 hoe
3403 4257 3487 4303 est
3522 4250 3642 4322 suf-

2065 4343 2339 4397 ﬁcientem
2399 4339 2672 4394 deiet-tum
2726 4355 2939 4393 carnem
3002 4339 3328 4395 affectionis.
3389 4338 3640 4395 Dotltaim

381 4431 657 4501 σαρκικῆς
681 4431 1070 4502 προσπαθείας·
1091 4431 1344 4500 Δωθαελμ
1363 4430 1470 4500 γὰρ
1493 4429 1672 4496 ἱκανὴ
1690 4429 1963 4496 ἔκλειψις

2069 4449 2305 4504 namque
2343 4431 2624 4501 sufﬁciens
2691 4431 2918 4502 defectus
2993 4431 3415 4500 interpretatur,
3483 4433 3640 4500 cujus

380 4520 767 4592 ἑρμηνεῦεται,
814 4517 998 4594 ἧσπερ
1034 4522 1310 4592 ἐπιτυχεῖν
1339 4519 1696 4591 ἀγωνίζονται
1730 4519 1954 4584 πάντες,

377 4613 502 4666 ὅσοι
529 4614 808 4686 ὀρέγονται
844 4614 944 4683 τῆς
979 4612 1404 4685 μακαριωτάτης
1438 4611 1724 4673 ἀπαθείας.

411 4726 1018 4780 ΞΖ¹.--ΕΛΕΥΘΕΡΙΩ
1047 4726 1336 4782 ΜΟΝΛΧΩ
1363 4725 1500 4778 ΛΠο
1525 4722 1927 4778 ΝΟΥΜΕΡΩΝ.

452 4879 567 4932 Οὐκ
589 4878 925 4950 ἀποδέχομαί
948 4897 1008 4932 σε
1040 4879 1171 4950 πρὶν
1195 4879 1426 4948 ἐκκόψαι
1451 4878 1519 4932 τὰ
1543 4879 1710 4949 πάθη,
1741 4878 1958 4950 μυρίαις

375 4969 662 5042 χρώμενον
696 4973 1025 5041 συντυχίαις,
1076 4973 1171 5025 καὶ
1205 4971 1498 5043 τραύματα
1554 4971 1646 5022 ἐπὶ
1689 4969 1964 5040 τραύμασι

373 5064 447 5130 τῇ
476 5061 682 5132 διανοίᾳ
705 5062 798 5117 διὰ
837 5063 944 5116 τῶν
968 5062 1272 5135 αἰσθήσεων
1305 5060 1636 5130 σωρεύονται
1661 5101 1674 5122 ,
1727 5061 1824 5112 καὶ
1855 5059 1963 5129 μά-

374 5151 522 5204 λισθ’
569 5154 650 5206 ὅτι
696 5154 755 5219 ἒξ
782 5153 1128 5223 ὴμελημένου
1179 5153 1273 5205 καὶ
1301 5151 1613 5220 ἀκαθάρτου
1655 5149 1769 5219 βίου
1823 5149 1961 5220 προς

373 5242 481 5312 τὴν
527 5243 728 5316 ἀρετὴν
779 5242 876 5296 τοῦ
925 5243 1161 5314 Χριστοῦ
1217 5243 1628 5314 μετοικισθῆναι
1686 5243 1960 5313 προείλου.

373 5334 583 5405 Διόπερ
632 5317 928 5406 θὲράπευέ,
981 5338 1056 5410 μὴ
1087 5337 1272 5406 μέντοι
1319 5334 1520 5400 αὖξανε
1575 5337 1694 5398 ταῖς
1755 5335 1959 5402 ἀφυλά-

372 5440 533 5486 κτοις
589 5426 904 5496 συντυχίαις
950 5428 1017 5480 τᾶι
1051 5429 1332 5499 νοσήματα
1391 5428 1489 5498 τῆς
1523 5427 1720 5497 ψυχῆς.
1771 5427 1956 5481 Ἔοικε

372 5517 495 5587 γὰρ
523 5518 550 5569 6
578 5516 703 5580 νοῦς
727 5517 840 5570 τῶν
878 5518 1202 5588 προσφάτως
1237 5520 1332 5590 τῆς
1363 5520 1559 5584 κακίας
1603 5523 1955 5590 ἀνακεχωρη-

451 5689 699 5746 1"Exod.
734 5704 932 5757 nam,
967 5688 1017 5743 7.
1093 5693 1134 5724 "
1173 5693 1302 5748 Luc.
1348 5708 1406 5759 ιι,
1433 5692 1520 5750 49.
1600 5695 1645 5725 ⁷⁸
1683 5691 1866 5747 Matth.
1906 5711 1960 5761 ιι,

2069 5733 2081 5747 .
2160 5695 2203 5725 ""
2237 5692 2371 5749 Gen.
2405 5707 2506 5758 xu,
2532 5694 2582 5748 4.

2057 4533 2340 4596 compotes
2375 4525 2487 4581 ﬁeri
2521 4525 2878 4589 contendunt,
2913 4525 3229 4596 quicunque
3262 4526 3639 4581 beatissimam

2057 4618 2208 4673 illam
2273 4617 2741 4689 perturbationum
2823 4619 3152 4672 vacuitatem
3213 4620 3638 4688 concupiscunt.

2213 4728 2422 4785 LXV”.
2461 4760 2530 4770 —
2559 4728 3000 4784 ELEUTHERIO
3027 4729 3360 4786 MONACHO
3397 4731 3488 4785 EX

2679 4800 3012 4854 NUMEHIS.

2131 4890 2246 4944 Non
2269 4891 2484 4960 excipio
2504 4899 2575 4955 te,
2606 4892 2655 4943 ni
2679 4893 2830 4960 prius
2852 4891 3292 4960 perturbationes
3317 4890 3634 4954 abscindas.

2058 4979 2148 5046 qui
2177 4978 2481 5031 innumeris
2511 4978 2900 5046 congressibus
2931 4979 3121 5040 uteris,
3143 4986 3195 5028 et
3224 4979 3446 5030 vulnera
3467 4993 3632 5047 super

2056 5069 2284 5122 vulnera
2314 5067 2477 5121 menti
2505 5083 2599 5136 per
2633 5084 2829 5122 sensus
2852 5082 3169 5137 exaggeras,
3198 5081 3371 5134 eoque
3408 5068 3626 5136 potissi-

2058 5175 2231 5223 mum,
2271 5160 2417 5228 quod
2447 5175 2510 5211 ex
2547 5159 2763 5226 alijecto
2795 5169 2848 5213 et
2885 5159 3098 5229 impuro
3128 5158 3248 5210 vitae
3281 5158 3532 5212 instituto
3565 5163 3632 5212 ad

2058 5251 2314 5304 virtutem
2341 5248 2543 5303 Christi
2581 5249 2793 5302 traduci
2826 5248 3078 5316 elegeris.
3103 5245 3448 5316 Quapropter
3476 5247 3628 5316 151

2059 5355 2214 5401 sana,
2268 5356 2378 5393 non
2433 5340 2561 5392 item
2611 5338 2822 5408 adauge
2873 5337 3195 5405 itnprovitlis
3249 5338 3631 5406 congressibus

2062 5429 2412 5500 mgritudines
2440 5429 2654 5482 animae.
2692 5428 2842 5482 Mens
2890 5429 3032 5482 enim
3066 5424 3284 5488 eorum,
3316 5428 3406 5496 qui
3441 5440 3630 5479 recens

2063 5520 2129 5573 ab
2162 5518 2512 5589 improbitate
2542 5525 2910 5581 secesserunt,
2942 5516 3142 5572 similis
3164 5523 3248 5571 est
3275 5514 3492 5584 corpori
3515 5523 3630 5567 tum

2664 5689 2708 5723 "
2743 5690 2876 5746 Gen.
2899 5707 3109 5758 xxxvtt,
3145 5691 3226 5745 l7.
