4064 6160
375 256 473 322 231

1886 255 1949 318 S.
1987 255 2150 318 ΝΠ]

3546 236 3659 302 23⁵2

379 369 620 439 primum
657 382 723 422 ex
766 366 932 438 longo
973 368 1238 438 gravique
1288 368 1483 424 morbo
1532 367 1964 435 convalescenti,

2079 368 2268 432 κότων,
2320 367 2533 438 σώματι
2584 367 2877 438 ἀρξαμένῳ
2939 368 3004 420 ἐκ
3061 366 3278 437 μακρᾶς
3340 365 3651 440 ἀρῤωστέλς

393 457 543 526 quod
574 459 768 528 exigua
799 458 1058 528 quzclihet
1107 460 1329 519 occasio
1383 460 1438 514 in
1487 460 1736 514 morbum
1782 459 1966 515 denuo

383 548 687 618 compellit,
726 551 984 616 tanquam
1028 549 1172 617 quod
1224 549 1469 603 nondum
1523 550 1736 605 viribus
1775 550 1967 605 solidis

379 640 682 694 coaluerat.
729 639 861 692 Nam
917 640 1004 696 his
1067 641 1472 696 intellectuales
1501 625 1647 697 vires
1690 658 1754 697 ac
1797 643 1969 698 robur

382 735 778 788 humescnntet
803 733 1154 800 quatiuntur,
1183 734 1323 788 adeo
1357 743 1418 787 ut
1453 735 1617 790 timor
1651 738 1742 800 sit,
1773 751 1840 790 ne
1871 734 1968 792 de-

380 842 490 880 nuo
512 823 906 883 exsecrandum
949 825 1152 878 malum
1187 825 1418 895 irrepat,
1451 826 1599 895 quod
1642 825 1730 882 sui
1765 834 1965 882 natura

381 919 596 972 noxiam
620 915 990 969 turbationem
1011 916 1064 969 in
1097 916 1319 969 lascivia
1344 919 1588 972 excitare
1637 924 1828 971 natum
1857 919 1964 973 est.

889 1005 1118 1062 LXVI".
1148 1038 1217 1047 —
1245 1007 1454 1062 Eidem.

452 1098 526 1153 Ex
560 1099 708 1154 Dime
740 1097 1060 1153 liliaeJacobi
1103 1099 1333 1154 historia
1363 1100 1792 1163 discito",vere
1817 1115 1971 1169 puei-

379 1193 512 1248 laris
545 1208 609 1245 ac
643 1193 956 1248 mulierosae
987 1193 1184 1245 animae
1213 1206 1498 1261 esse,qua=:
1526 1207 1696 1261 super
1721 1192 1968 1245 habitum

379 1281 666 1352 proprium
712 1288 948 1345 sunt,et
979 1280 1152 1342 vires.
1185 1279 1428 1349 aggredi,
1496 1287 1549 1333 et
1594 1279 1662 1342 ab
1710 1279 1969 1348 opinione

380 1373 447 1425 de
477 1385 537 1425 se
572 1370 693 1439 ipso
721 1380 979 1440 tanquam
1011 1370 1230 1432 idoneo,
1263 1379 1317 1424 et
1348 1377 1478 1440 apto
1514 1379 1840 1442 argumento
1875 1370 1970 1426 de-

379 1461 509 1531 cipi.
544 1459 785 1516 Laudata
816 1462 1090 1533 siquidem
1129 1460 1266 1514 Dina
1290 1462 1399 1515 nisi
1435 1470 1690 1530 prompte
1723 1461 1966 1515 familia-

383 1554 525 1607 rium
551 1569 731 1606 rerum
758 1552 1131 1624 speculatione
1153 1559 1326 1606 semet
1342 1552 1657 1621 spoliasset,
1678 1551 1754 1605 uti
1777 1560 1971 1622 potens

383 1643 547 1706 facta,
577 1644 646 1698 ab
683 1659 874 1698 eorum
929 1643 1294 1698 oblectatione
1353 1656 1464 1695 non
1510 1640 1794 1708 redargui,
1858 1655 1969 1694 non

384 1735 766 1804 intempestive
795 1749 949 1805 pars,
1000 1749 1125 1804 qua:
1158 1731 1451 1803 (lijudicat,
1506 1733 1704 1787 anima:
1766 1733 1972 1788 abolita

386 1827 601 1890 fuisset,
629 1842 658 1880 a
691 1827 974 1883 sensilium
1005 1826 1242 1896 imagine
1271 1826 1530 1889 discissa,
1561 1839 1687 1878 cum
1725 1824 1971 1879 nondum

386 1935 555 1984 sana,
588 1934 866 1990 generosa:
895 1933 956 1973 ac
987 1917 1462 1988 virilicogitationi
1493 1917 1849 1972 assuevisset.

917 2095 1102 2151 LXlX.
1135 2127 1201 2137 -
1228 2099 1438 2150 Eidem.

463 2208 482 2241 ι
518 2188 806 2258 Templum
840 2186 933 2242 Dei
977 2204 1073 2242 vos
1108 2188 1244 2243 estis
1275 2189 1342 2254 ⁸ο,
1379 2205 1397 2238 ι
1440 2186 1620 2256 inquit
1654 2183 1974 2255 Apostolus.

388 2281 466 2336 Ne
500 2281 684 2352 itaque
710 2296 778 2336 ex
807 2279 1107 2334 immundis
1138 2279 1469 2350 imaginibus
1495 2275 1704 2346 aliquid
1737 2278 1788 2329 in
1826 2282 1975 2329 tuam

389 2380 631 2429 mentem
665 2373 892 2443 irrepat,
930 2370 1098 2428 futuri
1139 2371 1332 2440 judicii
1383 2371 1783 2440 cogitationum
1838 2370 1976 2422 retia

389 2464 756 2521 circumcirca
783 2464 1036 2534 corporis
1069 2463 1286 2518 foribus
1329 2462 1576 2532 impliea,
1613 2461 1682 2516 ab
1719 2460 1976 2530 imagini-

392 2562 516 2623 bus,
549 2573 672 2631 qnze
702 2573 801 2627 per
825 2572 1022 2613 sensus
1054 2557 1360 2621 introeunt,
1407 2570 1606 2610 arcens
1654 2553 1980 2610 intellectio-

393 2663 543 2701 nem.
574 2645 632 2700 Si
664 2661 796 2701 vero
836 2645 1208 2700 tentationum
1238 2653 1487 2714 tempore
1515 2653 1784 2699 terrorem
1824 2642 1981 2714 152

393 2738 564 2794 divini
591 2737 785 2806 judicii
811 2735 910 2791 tibi
939 2735 1494 2806 repraesentaverisﬁn
1514 2734 1758 2789 laetitiam
1792 2735 1982 2788 conci-

394 2830 527 2886 disti
561 2846 574 2883 :
606 2837 662 2884 et
695 2827 908 2883 aestima
933 2836 986 2883 te
1014 2827 1255 2883 subiisse
1285 2827 1419 2882 illud
1453 2825 1708 2882 Ochozize
1738 2828 1988 2882 creticu-

400 2924 512 2978 lato
559 2922 845 2988 cadentis,
892 2931 946 2977 et
993 2921 1062 2976 ad
1126 2929 1361 2975 mortem
1425 2934 1606 2989 usque
1654 2919 1984 2989 gravissima

397 3013 584 3070 obruti
621 3012 944 3067 inﬁrmitate
975 3010 1043 3068 ⁸⁸.
1084 3009 1230 3064 Nihil
1262 3011 1413 3066 enim
1479 3009 1829 3072 inﬁrmitate,
1861 3005 1987 3076 quze'

398 3119 465 3160 ex
497 3112 722 3175 peccato
750 3100 952 3166 oritur,
979 3099 1268 3158 crudelius
1307 3109 1403 3154 aut
1453 3098 1824 3169 perniciosius
1873 3105 1978 3152 est.

576 3279 736 3334 LXX.
767 3307 834 3319 -—
857 3276 1134 3334 VICTORI
1173 3273 1801 3330 ARCHIMANDIHTJE.

467 3371 941 3437 Quemadmodum
972 3371 1029 3424 in
1081 3367 1487 3423 certaminibus
1525 3367 1800 3436 gymnicis
1822 3408 1837 3434 9
1865 3383 1979 3437 Ρετ·

401 3472 603 3518 unctus
645 3463 791 3518 facili
858 3462 1080 3529 negotio
1111 3459 1388 3525 dissolvit,
1417 3473 1538 3528 qua:
1565 3458 1634 3512 ab
1671 3457 1780 3514 illis
1812 3474 1989 3514 nexus

402 3572 496 3611 seu
539 3555 758 3608 vincula
809 3561 1242 3623 nuncupantur;
1276 3551 1322 3605 si
1385 3565 1517 3604 vero
1558 3565 1847 3622 respersus
1874 3553 1991 3622 pul-

407 3662 534 3702 vere
562 3644 750 3710 luerit,
785 3642 1086 3698 diltieulter
1131 3641 1439 3697 adversarii
1494 3658 1692 3696 manus
1724 3645 1936 3714 repellit
1972 3661 1987 3698 :

405 3741 477 3792 ita
518 3745 572 3792 et
607 3737 659 3790 in
696 3736 797 3789 hac
830 3736 971 3789 mole
1011 3750 1302 3797 curarum,
1340 3734 1434 3804 qui
1466 3732 1618 3790 curis
1651 3752 1760 3790 non
1808 3752 1992 3791 macc-

403 3837 579 3890 ratur,
609 3843 717 3881 non
752 3827 822 3882 ita
867 3825 1026 3881 facile
1055 3842 1082 3879 a
1111 3813 1333 3880 diabolo
1365 3825 1618 3895 capitur;
1670 3827 1716 3880 si
1767 3842 1896 3880 vero
1933 3841 1991 3882 se

403 3918 555 3976 curis
587 3908 925 3984 oneraverit,
959 3916 1129 3972 veluti
1157 3916 1383 3986 pulvere
1412 3917 1686 3971 levitatem
1719 3919 1994 3988 tranquil-

408 4012 575 4066 litatis
605 4011 804 4066 mentis
838 4022 1177 4078 exasperatis
1202 4048 1217 4073 ,
1249 4008 1545 4064 dilliculter
1578 4023 1639 4064 se
1673 4023 1704 4062 ο
1735 4010 1991 4065 manibus

409 4104 630 4159 Satanas
664 4103 925 4173 explicat.
957 4099 1117 4157 Nunc
1143 4102 1345 4157 etenim
1388 4101 1570 4157 oleum
1619 4103 1992 4172 tranquillita-

409 4206 517 4252 tem
545 4212 670 4252 esse
707 4197 1021 4264 considera,
1053 4196 1336 4266 pulverem
1382 4196 1568 4251 varias
1599 4208 1663 4250 ac
1711 4195 1994 4250 multifor-

409 4304 526 4346 mes
554 4290 847 4360 przesentis
890 4290 1077 4345 saeculi
1116 4304 1302 4342 curas.

638 4379 823 4434 LXXI.
861 4411 932 4422 —
963 4377 1364 4433 DEMOCRITO
1396 4376 1752 4432 MONACHO.

481 4472 539 4527 Si
569 4473 751 4542 planta
773 4479 956 4542 potest
986 4471 1223 4524 fructum
1255 4469 1560 4538 producere
1578 4470 1782 4539 smpius
1811 4477 1996 4525 trans-

410 4564 680 4636 plantata,
699 4551 1001 4616 dummodo
1017 4558 1310 4614 afﬂuenter
1327 4559 1612 4630 irrigetur,
1635 4560 1843 4628 poteris
1868 4571 1921 4616 et
1938 4569 1997 4616 tu

413 4656 651 4709 fructum
685 4649 881 4706 allerre
907 4651 1014 4705 huc
1037 4659 1205 4720 atque
1237 4650 1369 4704 illuc.
1399 4658 1848 4715 transmeans,et
1880 4660 2000 4706 unt-

2069 459 2497 530 ἀναλαμϐάνειν,
2528 451 2680 530 ᾧπερ
2712 459 2806 513 καὶ
2865 458 3039 530 μικρά
3087 476 3167 519 τις
3210 457 3502 527 πρόφασις,
3553 459 3654 527 τῆς

2069 552 2161 606 ἐπὶ
2191 553 2288 623 τὴν
2344 553 2496 606 νόσον
2544 552 2859 615 ἀναλύσεως
2909 550 3056 604 αἰτία
3091 549 3438 612 καθίσταται,
3483 552 3652 617 μήπω

2069 643 2206 714 πρὸς
2243 644 2394 714 ἰσχὺν
2419 643 2689 715 κραταιὰν
2719 641 3079 712 πεπηγμένῳ.
3116 640 3364 694 Πλαδῶσι
3394 639 3504 710 γὰρ
3531 637 3654 692 τού-

2019 805 2026 808 _
2068 753 2180 798 τοις
2205 737 2253 788 οἱ
2282 735 2460 806 νοεροὶ
2483 735 2648 801 τόνοι,
2680 735 2776 788 καὶ
2805 733 3207 804 κραδαίνονται,
3231 730 3305 793 ῶς
3329 731 3446 794 δέος
3485 725 3651 791 εἶναι,

2076 827 2150 900 μὴ
2189 828 2599 900 παλινδρομήσῃ
2650 826 2712 879 τὸ
2743 825 2914 887 πάθος
2956 823 3016 876 τὸ
3061 822 3277 894 μιαρὸν,
3319 822 3560 891 πεφυκὸς
3594 825 3653 876 ἐν

2069 923 2134 993 τῇ
2159 919 2419 990 ἀναχὺσει
2453 916 2850 991 διερεθίζεσθαι
2879 917 2988 969 τῶν
3021 915 3332 969 ἐπιϐλαϐῶν
3365 915 3541 985 ὄχλον.

2577 1009 2703 1064 Ell'.
2737 1040 2808 1049 ——
2843 1008 2924 1075 Τῷ
2949 1007 3132 1073 αὐτῷ.

2154 1104 2248 1158 Ἐκ
2281 1105 2375 1174 τῆς
2407 1102 2546 1154 κατά
2576 1102 2676 1172 τὴν
2699 1101 2888 1154 Δεῖναν
2915 1101 3012 1170 τὴν
3037 1098 3313 1169 θυγατέρα
3333 1096 3427 1150 τοῦ
3455 1097 3657 1152 Ἰακὼϐ

2073 1196 2312 1267 ἱστορίας
2347 1194 2701 1264 παιδεύθητι,
2731 1195 2814 1246 ὃτι
2849 1192 3079 1262 χορικῆς
3111 1191 3261 1244 ἐστὶν
3290 1189 3525 1260 ἀληθῶς,
3561 1193 3655 1246 καὶ

2070 1287 2436 1355 γυναικώδους
2457 1286 2658 1356 ψυχῆς,
2682 1285 2742 1338 τὸ
2771 1285 3037 1355 ἐγχειρεῖν
3059 1284 3170 1345 τοῖς
3193 1281 3334 1352 ὑπὲρ
3363 1282 3459 1349 τὴν
3479 1282 3654 1335 οἰκίαν

2072 1378 2182 1444 ἕξιν
2217 1397 2296 1442 τε,
2331 1378 2426 1431 καὶ
2453 1377 2703 1448 δύναμιν,
2762 1377 2856 1428 καὶ
2890 1373 2995 1428 ὑπὸ
3037 1373 3137 1443 τῆς
3185 1375 3314 1443 περὶ
3360 1371 3552 1426 ἑαυτὸν
3577 1372 3655 1434 ὡς

2076 1469 2263 1523 ἱκανὸν
2289 1467 2610 1539 ὑπολήψεως
2643 1464 3038 1531 ἐξαπατᾶσθαι.
3066 1465 3129 1517 EE
3162 1463 3236 1534 μὴ
3264 1462 3372 1533 γὰρ
3405 1463 3438 1532 ἡ
3462 1462 3657 1531 προλε-

2073 1560 2266 1630 χθεῖσα
2291 1558 2450 1611 Δείνα
2473 1556 2780 1629 προχείρως
2812 1554 3192 1610 ἐπαπεδύσατο
3218 1555 3286 1624 τῇ
3317 1551 3522 1624 θεωρίᾳ
3545 1551 3655 1604 τῶν

2074 1649 2357 1721 ἐγχωρίων
2389 1649 2754 1720 πραγμάτων,
2802 1647 2878 1711 ὡς
2903 1646 3163 1718 ἰσχύουσα
3208 1644 3368 1715 δῆθεν
3410 1644 3655 1715 μηδὸλως

2075 1741 2140 1792 ἐκ
2166 1739 2268 1808 τῆς
2303 1737 2508 1792 τούτων
2538 1736 2862 1807 ἐλεγχθῆναι
2911 1736 3177 1807 τέρψεως,
3224 1735 3323 1787 οὐκ
3349 1733 3416 1786 ἂν
3462 1732 3655 1804 ἀώρως
3693 1733 3700 1738 ’

2077 1830 2344 1902 διεφθάρη
2390 1830 2452 1884 τὸ
2506 1829 2753 1902 κριτικὸν
2785 1829 2881 1899 τῆς
2935 1827 3112 1898 ψυχῆς
3159 1825 3520 1896 κατασχισθέν
3551 1823 3658 1878 ὑπὸ

2074 1922 2174 1993 τῆς
2203 1921 2505 1992 φαντασίας
2533 1921 2642 1974 τῶν
2669 1919 2966 1990 αἰσθητῶν,
2993 1920 3162 1990 μήπω
3189 1918 3506 1985 ὑγιαίνοντι,
3531 1933 3656 1983 γεν-

2077 2015 2211 2088 ναίῳ
2235 2033 2315 2078 τε,
2345 2015 2438 2068 καὶ
2468 2013 2700 2086 ἀνδρείῳ
2724 2012 3038 2084 ὁμιλήσασα
3067 2007 3338 2082 λογισμῷ.

2301 2120 2304 2122 ⁷
2594 2106 2714 2160 ΞΘθ.
2749 2134 2820 2146 --
2850 2104 2936 2170 Τῷ
2963 2103 3144 2170 αὐτῷ.
3664 2170 3669 2174 Ι

2155 2218 2172 2251 ι
2203 2198 2348 2262 Ναδς
2383 2196 2517 2252 Θεοῦ
2563 2198 2722 2267 ὑμεῖς
2769 2199 2914 2262 ἐστε,
2966 2214 2984 2248 ι
3026 2196 3191 2266 φησὶν
3230 2196 3258 2249 ό
3316 2191 3657 2268 Ἀπόστολος.

2089 2291 2176 2355 Ὠς
2205 2289 2273 2344 ἂν
2296 2286 2393 2344 οὖν
2441 2289 2608 2360 μηδὲν
2637 2289 2870 2362 εἰσέρπῃ
2923 2287 3032 2340 τῶν
3063 2286 3391 2358 ἀκαθάρτων
3437 2281 3661 2355 μορφῶν

2079 2383 2160 2445 εἰς
2182 2381 2280 2452 τὴν
2311 2381 2409 2451 σὴν
2429 2381 2688 2444 διάνοιαν,
2713 2379 2908 2434 δίκτυα
2937 2377 3213 2450 λογισμῶν
3237 2381 3338 2450 τῆς
3360 2374 3662 2450 μελλούσης

2081 2474 2316 2548 κρίσεως
2345 2470 2628 2536 διάπλεξον
2659 2472 2780 2534 ταῖς
2819 2469 2914 2524 τοῦ
2963 2467 3214 2541 σώματος
3261 2468 3512 2540 θυρίσιν,
3541 2467 3661 2530 ταῖς

2081 2564 2171 2618 διὰ
2193 2557 2647 2633 τῶν”αίσθήσεων
2693 2562 3103 2633 είσερχομέναις
3142 2561 3344 2614 εἰκόσιν
3384 2558 3663 2630 ἀποτειχί·

2083 2652 2191 2719 ζων
2212 2654 2312 2725 τὴν
2345 2653 2574 2707 ἔννοιαν.
2629 2652 2758 2706 Ἐὰν
2788 2652 2846 2704 δὲ
2875 2652 2934 2706 ἐν
2980 2651 3062 2722 τῷ
3104 2651 3282 2723 καιρῷ
3312 2651 3420 2704 τῶν
3467 2665 3662 2718 πειρα-

2085 2746 2238 2817 σμῶν
2270 2743 2615 2816 παραλογίσῃ
2646 2742 2739 2796 τὸν
2774 2742 2938 2810 φόϐον
2973 2741 3068 2796 τοῦ
3095 2742 3240 2796 θείου
3282 2739 3660 2810 δικαστηρίου,

2085 2836 2384 2898 πέπτωκας
2428 2834 2566 2904 πρὸς
2591 2833 2688 2904 τὴν
2720 2833 2937 2905 ἡδονὴν,
2974 2833 3069 2886 καὶ
3099 2830 3289 2901 νόμιζὲ
3343 2847 3434 2900 μοι
3479 2829 3540 2882 τδ
3567 2829 3662 2882 τοῦ

2098 2924 2338 2996 Ὀχοζίου
2369 2922 2696 2978 πεπονθέναι
2748 2922 3008 2984 πεσόντος
3052 2921 3162 2974 ἀπὸ
3197 2919 3289 2972 τοῦ
3343 2917 3663 2984 δικτυωτοῦ,

2007 3054 2050 3110 C
2087 3018 2183 3072 xei.
2217 3017 2338 3072 λίαν
2367 3013 2787 3088 ηρῤωστηκότος
2810 3012 2972 3084 μέχρι
3009 3010 3258 3066 θανάτου.
3282 3009 3448 3062 Οὐδὲν
3483 3008 3539 3060 δὲ
3564 3025 3666 3079 χαο

2084 3107 2394 3179 λεπὼτερον
2436 3107 2531 3161 καὶ
2578 3104 3012 3176 θανατικώτερον
3034 3104 3132 3174 τῆς
3169 3103 3312 3157 κατά
3340 3103 3443 3175 τὴν
3481 3103 3666 3174 ἀμαρ-

2085 3199 2206 3254 τὶαν
2234 3199 2567 3272 ἀρρωστίας.

2336 3293 2411 3344 O'.
2443 3320 2512 3330 —
2544 3287 2824 3343 BIKTOPI
2873 3287 3420 3358 ΑΡΧῙΜΑΝΔΡΙΤῌ.

2161 3370 2373 3453 ’Ὠσπερ
2401 3379 2626 3434 ἐπὶτῶν
2675 3379 2961 3450 γυμνικῶν
3008 3376 3238 3446 ἀγώνων
3281 3377 3310 3428 ό
3341 3373 3668 3447 ὴλειμμένος

2089 3474 2330 3546 εὐχερῶς
2357 3472 2584 3536 διαλύει,
2616 3470 2687 3524 τὰ
2717 3470 2988 3541 λεγόμενα
3024 3467 3154 3539 παρ’
3199 3466 3372 3542 αὐτῆς
3401 3465 3630 3536 ἀμματα
3649 3505 3667 3529 ,

2091 3570 2139 3621 εί
2166 3567 2224 3620 δὲ
2254 3565 2456 3630 δέξοιτο
2477 3563 2645 3629 κόνιν,
2676 3562 2949 3626 δυσκόλως
2971 3560 3234 3630 ἐκφεύγει
3267 3559 3365 3630 τὴν
3386 3560 3546 3629 χεῖρα
3573 3556 3670 3610 τοῦ

2092 3657 2414 3714 ἀντιπάλου·
2447 3655 2621 3717 οὕτως
2652 3652 2886 3706 ἐνταῦθα
2936 3653 2966 3705 ό
3019 3651 3095 3721 μὴ
3141 3649 3419 3722 μεριμνῶν
3477 3648 3671 3718 δύσλη-

2094 3750 2225 3810 πτός
2255 3746 2476 3818 ἐστι’τῷ
2511 3745 2762 3814 διαϐόλῳ,
2813 3743 3116 3815 φροντίζων
3145 3742 3222 3807 δὲ,
3248 3742 3342 3794 καὶ
3371 3742 3494 3804 ταῖς
3522 3740 3674 3810 μερί-

2097 3859 2258 3914 μναις
2283 3839 2548 3909 καθάπερ
2568 3837 2715 3890 κόνει
2747 3833 3028 3905 τραχύνων
3076 3832 3137 3886 τὺ
3181 3832 3323 3884 λεῖον
3349 3832 3448 3901 τῆς
3474 3832 3673 3901 ἀμερμ

2097 3929 2258 4000 μνίας
2291 3926 2384 3980 τοῦ
2414 3926 2529 3990 νοῦ,
2562 3922 2843 3995 δυσχερῶς
2875 3922 3048 3986 ἐξελεί
3069 3921 3170 3992 τῆς
3197 3919 3292 3973 τοῦ
3324 3921 3540 3974 Σατανᾶ
3566 3938 3676 3991 χει-

2097 4019 2207 4092 ρός.
2251 4018 2468 4072 Ἔλαιον
2499 4017 2606 4088 γάρ
2639 4031 2732 4085 μοι
2760 4013 2856 4066 νῦν
2885 4013 2984 4086 τὴν
3005 4013 3338 4084 ἀμεριμνίαν
3369 4012 3500 4077 νόει,
3529 4013 3674 4065 κόνιν

2091 4111 2149 4166 δὲ
2178 4109 2279 4175 τὰς
2313 4109 2690 4180 ,πολυτρόπους
2717 4106 3006 4178 φροντίδας
3030 4104 3124 4159 τοῦ
3155 4104 3424 4176 παρόντος
3457 4101 3671 4166 αἰῶνος.

2380 4379 2503 4432 οιιο.
2551 4405 2608 4416 -
2634 4372 3038 4444 ΔΙΙΜΟΚΡΙΤῼ
3081 4371 3392 4441 ΜΟΝΑΧῼ.

2178 4468 2303 4522 Ἐὰν
2335 4467 2500 4537 φυτὸν
2531 4465 2733 4536 δυνηθῇ
2763 4465 3186 4535 καρποφορῆσαι
3228 4459 3464 4530 συνεχῶς
3513 4476 3682 4529 μετα-

2099 4561 2484 4630 φυτευόμενον,
2525 4559 2628 4612 κᾶν
2677 4556 2948 4619 πλουσίως
2987 4555 3289 4626 ἀρδεύοιτο,
3341 4552 3548 4624 δυνήσῃ
3589 4552 3682 4604 καὶ

2099 4650 2264 4710 αὐτὸς
2315 4649 2663 4720 δικαιοσύνης
2713 4649 2926 4720 καρπὸν
2984 4650 3234 4716 ἀγαγεῖν,
3281 4647 3409 4718 τῇδε
3458 4647 3681 4700 κάκεῖσε

411 4741 542 4797 bras
563 4747 865 4810 ventosque
901 4753 1271 4811 consequens,
1301 4747 1356 4794 et
1387 4739 1566 4795 locmn
1595 4756 1815 4797 onmem
1850 4741 1980 4796 nulli

2104 4740 2468 4812 μεταϐαίνων,
2505 4741 2600 4794 καὶ
2655 4739 2835 4803 σκιὰς,
2891 4740 2987 4793 καὶ
3030 4740 3268 4810 ἀνέμους
3318 4737 3550 4802 διώκων,
3589 4736 3682 4790 καὶ

414 4832 470 4887 in
497 4834 617 4890 loco
656 4833 876 4890 stabilis
905 4833 1124 4886 curiose
1151 4831 1648 4902 circumspectans.

933 4919 1144 4976 LXXII.
1205 4951 1249 4961 -
1283 4921 1488 4979 Eidem.

490 5013 723 5070 Labrum
743 5014 888 5085 quod
913 5014 1058 5084 apud
1087 5013 1323 5085 Moysem
1347 5024 1454 5074 est.
1474 5013 1648 5069 basim
1669 5012 1906 5068 habebat
1925 5014 1994 5082 ⁸²;

417 5106 562 5175 quod
589 5118 781 5163 ascetm
823 5106 1135 5178 purgationi
1176 5107 1474 5167 stabilitas.
1505 5114 1559 5160 et
1592 5105 1910 5170 tolerantia,
1941 5114 1998 5158 et

423 5198 682 5252 continua
713 5199 965 5262 ﬁrmitas,
999 5207 1050 5254 et
1084 5197 1309 5252 immota
1345 5198 1470 5251 vita:
1511 5197 1652 5250 ratio
1683 5211 1822 5267 Opus
1845 5202 1999 5251 sunt.

529 5309 686 5380 153
727 5307 958 5365 LXXIII.
987 5341 1056 5352 —-
1081 5309 1386 5365 COMASIO
1439 5307 1526 5361 EX
1565 5305 1896 5362 RIIETORE

1040 5380 1391 5434 MONACIIO.

490 5469 816 5528 Colluviem.
846 5477 898 5524 et
936 5470 1178 5526 cinerem
1204 5511 1220 5534 ,
1279 5471 1664 5538 immanesque
1709 5466 1996 5540 gentilium

2103 4833 2278 4886 πάντα
2306 4831 2471 4884 τόπον
2499 4832 2749 4893 ἀστάτως
2773 4831 3292 4901 περιεργάζόμενος.

2617 4923 2736 4980 OB'.
2767 4951 2838 4962 —-
2872 4921 2954 4986 Τῷ
2985 4919 3165 4986 αὐτῷ.

2173 5011 2425 5085 Πλουτὴρ
2451 5012 2478 5065 ὁ
2512 5011 2663 5083 παρὰ
2697 5010 2774 5082 τῷ
2808 5010 3030 5064 Μωῡσεῖ
3057 5011 3213 5081 βάσιν
3261 5006 3442 5082 εἶχεν
3475 5008 3608 5062 διότι
3651 5007 3685 5078 ἡ

2102 5104 2194 5168 τοῦ
2231 5104 2498 5175 κάθαρσις
2533 5104 2726 5175 χρῄζει
2778 5103 3122 5175 ἐδραιότητος
3148 5142 3162 5166 ,
3225 5104 3320 5155 καὶ
3375 5100 3685 5172 καρτερίας.

2105 5195 2200 5249 καὶ
2231 5193 2514 5266 διηνεκοῦς
2537 5195 2798 5256 στάσεως,
2835 5194 2926 5245 καὶ
2961 5191 3256 5246 ἀσαλεύτου
3282 5190 3581 5260 διαγωγῆς.

2177 5310 2296 5362 01".
2351 5338 2394 5348 -
2429 5308 2734 5378 ΚΩΜΑΣΙῼ
2769 5307 2908 5360 Alio
2937 5307 3261 5380 PuromN
3305 5291 3616 5372 animm.

2179 5466 2318 5529 Τοὺς
2363 5467 2651 5537 (popa-rom,
2697 5462 2793 5516 καὶ
2842 5463 2940 5533 τὴν
2967 5462 3211 5527 σποδιὰν,
3265 5460 3360 5515 xci.
3404 5457 3494 5512 τδν
3527 5454 3687 5510 πολύν

497 5639 544 5672 ’³
579 5642 716 5699 Gen.
748 5661 933 5717 xxxiv,
969 5649 1198 5718 passim.
1277 5649 1324 5681 ⁶⁰
1358 5647 1400 5702 ιι
1426 5649 1552 5704 Cor.
1579 5665 1655 5718 vt,
1702 5648 1786 5704 ιο.
1860 5647 1905 5678 ⁸¹
1943 5644 2009 5700 ιν
2047 5643 2179 5716 llcg.
2221 5661 2257 5709 I,
2281 5643 2338 5698 2.
2413 5641 2651 5698 "Exod.
2678 5659 2864 5712 xxxix,
2893 5644 2980 5700 30.
