4064 6160
473 325 571 390 237

981 439 1108 495 ΠΝ.
1146 470 1217 483 -
1247 442 1330 508 Τῷ
1369 444 1549 511 αὐτῷ.

542 523 636 577 ’Δν
666 525 729 578 ἐκ
777 526 868 579 τοῦ
900 526 1095 596 βάθους
1123 531 1221 601 τῆς
1250 535 1474 603 καρδίας
1508 537 1642 608 πρὸς
1685 539 1817 593 Θεὸν
1850 544 2040 597 στενά-

468 613 662 684 Εωμεν,
690 617 1068 672 εἰσακούσεται
1118 624 1333 686 πάντως
1363 664 1378 687 ,
1411 628 1507 680 καὶ
1547 629 1707 695 δείξει
1761 630 2039 703 θαυμάσια

465 707 574 767 τοῖς
603 706 735 771 υἱοῖς
781 707 891 761 τῶν
935 710 1255 781 ἀνθρώπων,
1282 717 1377 770 καὶ
1408 720 1620 788 ποιήσει
1666 720 1766 791 τὴν
1794 724 2038 795 κάμηλον

466 793 733 861 πρόϐατον
772 812 788 828 θ
827 817 846 849 ι
885 798 1034 870 Αὕτη
1068 819 1087 852 ι
1127 803 1257 874 γάρ,
1280 808 1475 876 φησὶν,
1521 812 1592 881 «ἡ
1627 793 1909 878 ἀλλοίωσις
1932 793 2037 885 τῆς

461 884 636 951 δεξιᾶς
655 887 748 942 τοῦ
781 890 1056 962 ’λ’ψίστου.
1083 912 1102 944 ι
1126 896 1404 953 Καίτινων
1418 901 1647 973 ψαλμῶν
1667 906 1883 969 τίτλοι,ι
1911 884 2037 973 Τοῖς

459 976 977 1050 ἀλλοιωθησομένοις
1015 1004 1034 1036 ι
1062 987 1407 1060 ἐγράφησαν.
1446 992 1573 1046 Ἐὰν
1598 996 1775 1049 τοίνυν
1804 998 2031 1053 σπουδά-

462 1084 573 1133 σεις
591 1069 682 1123 διά
705 1071 810 1124 τῶν
837 1074 1048 1143 ἀρετῶν
1088 1077 1287 1147 ἀρέσαι
1315 1081 1393 1152 τῷ
1419 1085 1654 1155 Σωτῆρι,
1682 1092 2032 1161 ἀποφορτίζει

458 1158 547 1211 τὸν
570 1161 761 1230 νοητόν
806 1180 899 1215 σου
933 1165 1054 1217 δνον
1099 1168 1506 1240 ἀχθοφοροῦντα
1536 1179 1649 1238 τοῖς
1671 1177 1909 1247 δαίμοσι,
1938 1182 2033 1233 καὶ

457 1250 632 1321 ἀσαγῆ
682 1256 938 1325 ποιήσας,
988 1258 1241 1313 ἐπιϐαλεῖ
1286 1278 1368 1315 σοι
1429 1264 1497 1318 τά
1558 1267 1665 1320 τῶν
1717 1270 2030 1324 ἀποστόλων

460 1343 926 1412 ἰμάτια,τουτέστι
951 1349 1018 1403 τὰ
1047 1348 1164 1403 θεῖα
1194 1352 1537 1425 παιδεύματά
1556 1376 1615 1411 τε
1645 1362 1740 1413 καὶ
1760 1361 2025 1429 δόγματα,

457 1430 549 1484 καὶ
587 1433 966 1499 ἑπικαθεσθεὶς
1008 1436 1084 1507 τῷ
1115 1439 1198 1492 νοΐ
1249 1458 1341 1493 σου
1389 1441 1579 1515 ὥσπερ
1615 1449 1678 1517 τῇ
1726 1448 1831 1519 δνῳ
1875 1452 2025 1517 ποτὲ,

456 1522 756 1594 εἰσέρχεται
787 1529 880 1580 καὶ
918 1527 1013 1581 νῦν
1047 1532 1126 1594 εἰς
1151 1531 1247 1601 τὴν
1282 1533 1444 1601 ἁγίαν
1490 1537 1644 1592 πόλιν
1669 1539 2027 1611 δοξαζόμενός

453 1626 531 1675 τε,
563 1615 657 1666 καὶ
674 1616 1158 1691 ἀνευφημούμενος
1187 1622 1293 1675 ὑπὸ
1324 1625 1539 1680 πάντων
1562 1627 1809 1696 ἀγγέλων
1841 1633 1934 1685 ἐπὶ
1957 1635 2023 1703 τῇ

455 1704 696 1777 σωτηρίᾳ
728 1705 822 1758 τοῦ
879 1708 1109 1778 ἀλόγου,
1152 1711 1372 1780 λογικοῦ
1420 1718 1713 1787 γενομένου
1763 1721 1853 1775 διὰ
1909 1723 2028 1791 φιλ-

1688 338 2218 403 EPISTOLARUM
2260 343 2403 403 LIB.
2446 345 2469 401 Ι
2481 345 2525 405 I.
3608 348 3711 416 938

2649 457 2881 513 LXXXI.
2924 490 2991 499 —
3031 458 3236 515 Eidem.

2219 545 2277 600 Si
2313 561 2379 600 ex
2417 548 2689 617 profundo
2720 551 2902 605 cordis
2942 552 3008 606 ad
3047 552 3213 606 Deum
3254 553 3703 625 ingenium-imus,

2140 638 2363 692 omnino
2395 640 2668 701 exaudiet,
2701 650 2757 694 et
2787 647 3035 698 ostendet
3069 645 3335 699 mirabilia
3370 645 3495 700 filiis
3529 648 3707 702 benti-

2141 740 2292 789 num,
2320 734 2375 779 et
2408 726 2571 782 faciet
2600 732 2871 785 catnclutn
2902 749 3055 788 ovem
3089 752 3103 790 :
3144 751 3162 784 ι
3194 733 3317 790 Ilaec
3356 755 3372 786 ι
3409 737 3575 803 enim,
3610 741 3705 804 ait,

2136 825 2221 871 est
2278 834 2299 868 ι
2348 820 2583 873 mutatio
2633 823 2871 878 dextera:
2919 823 3133 881 Excelsi
3163 827 3230 882 ".
3279 846 3298 878 ι
3345 827 3409 882 Et
3453 831 3706 884 nonnulli

2137 909 2469 976 psalmorum
2484 912 2763 976 tituli,dis
2777 916 2869 985 qni
2891 917 3275 972 immutantur:
3293 921 3480 990 scripti
3498 922 3703 976 sunt".

2136 997 2478 1070 Quapropter
2503 1004 2550 1058 si
2583 1005 2866 1062 incumbes
2897 1022 2993 1077 per
3024 1010 3259 1065 virtutes
3293 1010 3562 1066 Salvatori
3591 1012 3708 1082 pla-

2135 1103 2280 1153 cere,
2314 1091 2739 1151 intellectualem
2771 1106 2923 1152 tuum
2949 1099 3165 1154 asinum
3196 1114 3337 1156 onus
3368 1103 3706 1158 daemonibus

2135 1186 2445 1247 portantem
2474 1189 2755 1249 exonerat,
2795 1192 2851 1239 et
2892 1186 3093 1242 elitella
3143 1202 3405 1255 excussa,
3461 1192 3707 1260 imponet

2136 1267 2234 1321 tibi
2256 1270 2586 1326 aestiment:
2617 1275 3010 1343 apostolorum,
3046 1276 3151 1333 hoc
3186 1285 3270 1334 est
3296 1278 3509 1335 divinas
3536 1281 3706 1336 disci-

2136 1358 2312 1428 plinas
2345 1370 2399 1416 et
2448 1362 2732 1433 dogmata,
2768 1373 2823 1419 et
2866 1368 3114 1424 assidens
3150 1370 3317 1423 menti
3346 1380 3471 1435 tum,
3515 1388 3704 1441 quent-

2131 1450 2420 1505 admodum
2445 1453 2740 1525 aliquando
2763 1458 2919 1511 asino
2944 1460 3011 1522 θ’,
3040 1461 3229 1514 introit
3251 1470 3302 1515 et
3328 1476 3475 1516 nunc
3494 1463 3545 1516 in
3571 1477 3705 1518 san-

2130 1550 2270 1595 ctam
2305 1544 2583 1600 civitatem
2608 1547 2969 1617 glorificatns,
2998 1551 3364 1622 laudibusque
3397 1554 3704 1610 celebratus

2130 1632 2198 1687 ab
2232 1636 2490 1691 omnibus
2529 1640 2740 1710 angelis
2776 1656 2877 1711 pro
2921 1644 3103 1698 salute
3145 1645 3382 1700 rationis
3437 1646 3699 1716 expertis,

2127 1725 2274 1793 quod
2309 1728 2540 1784 rationis
2565 1744 2789 1802 compos
2826 1732 3029 1789 factum
3068 1745 3153 1791 est
3179 1751 3275 1807 per
3303 1738 3700 1792 humanitatem

453 1793 765 1864 ανθρωπίαν
799 1797 894 1851 τοῦ
929 1800 1250 1866 Κτίςαντος,
1286 1804 1486 1874 μᾶλλον
1516 1806 1572 1860 δὲ
1611 1809 2012 1877 ἀνακτίσαντος.

2130 1816 2427 1884 Creatoris,
2460 1822 2569 1877 imo
2595 1826 2961 1891 renovatoris,
2988 1829 3081 1898 qui
3107 1830 3439 1895 immutavit,
3475 1841 3529 1885 et
3556 1830 3701 1887 refe-

451 1882 841 1951 ἀλλοιώσαντος
897 1906 979 1955 τε,
1007 1891 1101 1944 καὶ
1144 1893 1551 1961 ἀνανεώσαντος
1593 1898 1683 1952 διὰ
1728 1902 1831 1971 τῆς
1884 1907 2024 1973 ἀμε-

451 1973 616 2041 λείας,
630 1978 840 2049 καὶτῆς
861 1980 1066 2053 πλάνης
1088 1981 1264 2054 ψυχὴν
1288 1986 1709 2055 Μλαιωθεῖσαν,
1736 1992 1828 2044 καὶ
1854 2009 2026 2065 παρα-

450 2069 834 2140 τετραμμένην
867 2071 1152 2135 ἑκουσίως.

973 2162 1099 2215 ΠΒ’.
1132 2194 1199 2208 --
1230 2165 1314 2230 Τῷ
1349 2168 1529 2233 αὐτῷ.

515 2251 752 2306 Δύναταί
778 2270 863 2316 τις
910 2253 1007 2306 καὶ
1046 2257 1105 2307 ἐν
1148 2256 1362 2327 σώματι
1399 2259 1475 2312 ὢν
1513 2262 1777 2334 ὑπάρχειν
1808 2268 1903 2322 σὺν
1944 2270 2022 2338 τῷ

446 2341 672 2412 Χριστῷ
733 2343 874 2396 κατά
919 2344 980 2397 τὸ
1024 2347 1312 2417 εἰρημένον
1361 2350 1466 2404 ὑπὸ
1511 2352 1605 2406 τοῦ
1661 2356 2016 2413 Ἀποστόλου·

452 2451 473 2484 ι
516 2432 607 2486 Ζῶ
642 2434 699 2485 δὲ
731 2435 916 2488 οὐκέτι
946 2436 1076 2504 ἐγὼ,
1106 2438 1170 2509 ζῇ
1206 2439 1261 2491 δὲ
1300 2442 1358 2494 ὲν
1398 2443 1523 2512 ἐμοὶ
1547 2446 1803 2517 Χριστός.
1826 2469 1844 2501 ι
1875 2452 2016 2506 Πολὺ

446 2521 505 2574 δὲ
542 2522 743 2592 μᾶλλον
783 2524 1095 2596 ἐκδημήσας
1124 2527 1215 2580 τοῦ
1245 2530 1487 2599 σαρκίου,
1516 2534 1699 2600 καθὼς
1722 2538 1882 2592 πάλιν
1918 2542 2017 2595 αύ-

441 2612 535 2677 τὺς
554 2617 780 2686 γράφει,
803 2617 884 2670 ὅτι
907 2636 926 2668 ι
949 2618 1220 2672 Ἐπιποοῶ
1238 2621 1525 2687 ἀναλῦσαι,
1545 2627 1637 2679 καὶ
1674 2629 1771 2682 σὺν
1795 2631 2016 2703 Χριστῷ

439 2699 602 2758 εἶναι.
636 2724 657 2757 ο
680 2706 745 2759 Ἢ
780 2707 888 2778 γὰρ
913 2707 1059 2778 ψυχὴ
1088 2710 1278 2779 νοητόν
1306 2728 1358 2764 τι
1378 2715 1564 2786 χρῆμα
1592 2713 1726 2773 οὖσα
1746 2699 1860 2775 τῶν.
1887 2699 2013 2794 von:-

438 2795 546 2848 τῶν
578 2797 809 2863 ἐφίεται,
840 2798 916 2861 ὡς
962 2800 1263 2872 ἐμφύσημα
1295 2801 1457 2866 θεῖον,
1487 2808 1582 2860 καὶ
1608 2808 1923 2881 θαυμαστόν
1960 2830 2012 2869 τι

437 2886 779 2978 τυγχάνουσα
802 2887 1223 2978 δημιούργημα·
1255 2894 1564 2967 βαρουμένη
1597 2896 1692 2954 οὖν
1734 2902 1814 2973 τῷ
1841 2906 2013 2978 γηΐνῳ

440 2974 652 3044 σώματι
673 2976 762 3029 διὰ
781 2978 880 3047 τὴν
910 2977 1231 3051 θνητότητα,
1255 2986 1482 3051 εἰκότως
1505 2987 1597 3041 νῦν
1616 2990 1876 3063 ἐπιθυμεῖ
1892 2974 2011 3049 ea;

438 3066 667 3137 λυθῆναι
689 3109 704 3134 ,
734 3068 1077 3140 εἰλικρινῶς,
1109 3072 1202 3129 καὶ
1250 3077 1568 3148 ἀμερίμνως
1591 3121 1607 3146 ,
1650 3083 1743 3136 καὶ
1791 3085 2011 3154 ἀφόϐως

440 3158 668 3213 θανάτου
692 3164 927 3215 συνεῖναι
944 3164 1019 3233 τῷ
1036 3164 1300 3237 Δεσπότῃ,
1318 3168 1622 3223 ἀναλύσασα
1644 3173 1752 3226 ἀπὸ
1771 3175 1863 3228 τοῦ
1890 3176 2014 3248 θνη-

437 3251 551 3317 τοῦ,
569 3254 663 3306 ἐπὶ
680 3253 744 3306 τὸ
760 3253 1027 3309 ἀθάνατόν
1054 3273 1135 3322 τε,
1149 3257 1245 3312 καὶ
1262 3258 1710 3328 ἀτρεπτον.Μετά
1724 3265 1780 3318 δὲ
1800 3267 1900 3338 τὴν
1917 3269 2012 3322 νῦν

437 3344 608 3410 λύσιν,
637 3348 696 3399 ὲν
725 3350 790 3418 τῇ
823 3349 1151 3415 ἀναστάσει,
1184 3349 1456 3421 ἄφθαρτον
1493 3354 1587 3407 καὶ
1634 3355 1902 3414 ἀθάνατον
1950 3361 2012 3415 τὺ

442 3437 567 3491 ῑδ.ον
615 3438 775 3509 σῶμα
814 3440 1163 3494 ἀπολαῦοῦσα
1199 3443 1534 3515 ζωοποιηθὲν
1557 3448 1636 3518 τῷ
1670 3450 1812 3521 ἁγίῳ
1845 3452 2013 3508 Πνεύ-

439 3544 590 3597 ματι,
623 3528 1015 3593 συνδιαιωνίζει
1047 3531 1231 3585 λοιπὸν
1253 3536 1317 3603 τῇ
1351 3535 1536 3607 ἀλύτῳ
1565 3539 1895 3614 εὐφροσύνῃ,
1915 3544 2010 3597 καὶ

436 3622 505 3689 τῇ
536 3621 916 3691 μακαριότητι,
950 3622 1044 3674 καὶ
1078 3623 1140 3693 τῇ
1182 3624 1581 3699 άναμαρτησίᾳ.
1610 3632 1702 3683 Δεῖ
1732 3633 1842 3702 γάρ
1874 3636 2010 3688 ἀπο-

440 3712 777 3783 καταστῆναί
806 3731 864 3766 σε
898 3716 991 3767 ἐπὶ
1027 3716 1127 3786 τὴν
1175 3718 1424 3788 καθαρὰν
1466 3720 1649 3789 φύσιν,
1682 3723 1803 3794 ἦτοι
1835 3725 2003 3793 θείαν,

439 3808 528 3859 καὶ
557 3808 986 3877 ἀγήρω,ἄλυπόν
1016 3826 1096 3875 τε,
1124 3812 1218 3863 καὶ
1248 3812 1426 3881 πάσης
1457 3815 1735 3882 φροντίδος
1764 3818 2007 3888 ἀπηλλα·

440 3898 642 3970 γμένην
675 3900 1031 3955 κατάστασιν.

962 4100 1085 4155 ΠΡ.
1120 4132 1186 4141 -
1220 4100 1301 4167 Τῷ
1324 4101 1500 4168 αὐτῷ.

506 4210 629 4267 Εἰσί
656 4228 802 4277 τινες
847 4212 1234 4279 καταστάσεις,
1263 4215 1359 4268 καὶ
1404 4214 1548 4281 ἕξεις
1588 4215 1649 4269 ἰν
1694 4215 2002 4292 ἀνθρώποις

434 4304 689 4377 καθαραὶ,
723 4303 865 4357 ὥστε
896 4304 990 4358 τὸν
1031 4305 1131 4375 μὲν
1173 4305 1326 4375 ἡλίου
1355 4307 1573 4377 ιπέχειν
1604 4308 1793 4374 τόπον,
1823 4309 1916 4364 τὸν
1942 4310 2000 4364 δὲ

434 4399 682 4471 σελήνης,
713 4396 808 4450 τὸν
826 4396 883 4449 δὲ
913 4396 1170 4468 ἀστέρος*
1192 4399 1285 4450 καὶ
1314 4397 1445 4460 τδοις
1467 4398 1533 4451 ἀν
1561 4415 1684 4451 τινα
1710 4400 1999 4472 ἄνθρωπον

2127 1908 2203 1962 cit
2232 1920 2454 1981 propter
2480 1916 2865 1985 negligentiam
2915 1929 2968 1972 et
3008 1935 3253 1974 errorem
3283 1922 3519 1974 animam
3551 1922 3702 1979 inve-

2129 2008 2379 2066 teratam,
2409 2013 2463 2058 et
2504 2015 2700 2077 sponte
2718 2009 3006 2064 distortum
3036 2017 3198 2079 atque
3231 2009 3522 2066 deﬂexam.

2606 2173 2865 2229 LXXXII.
2888 2205 2952 2217 -—
2983 2175 3191 2232 Eidem.

2194 2257 2377 2317 Potest
2388 2262 2677 2334 quisquam
2695 2280 2858 2331 unus,
2878 2266 3005 2320 licet
3026 2267 3078 2321 in
3092 2268 3422 2337 corporesit,
3433 2284 3558 2325 esse
3573 2284 3696 2325 cum

2124 2346 2372 2413 Christo,
2394 2360 2453 2405 ut
2484 2352 3057 2425 tradiditApostolus:
3084 2354 3273 2424 tVivo,
3296 2359 3408 2429 jam
3436 2374 3545 2414 non
3571 2375 3696 2431 ego,

2120 2438 2255 2492 vivit
2277 2454 2406 2496 vero
2428 2439 2482 2496 in
2514 2456 2600 2497 me
2622 2441 2875 2501 Christus
2891 2446 2957 2501 ’⁸.
2981 2464 3000 2498 ο
3040 2446 3146 2502 Sed
3175 2448 3349 2518 magis
3382 2450 3685 2523 magisque,

2119 2529 2165 2583 si
2186 2546 2250 2584 ex
2277 2533 2609 2603 corpusculo
2627 2537 2946 2605 excesserit,
2968 2545 3030 2593 ut
3054 2553 3249 2596 rursus
3275 2540 3416 2595 idem
3450 2543 3645 2598 scribit
3671 2560 3689 2599 :

2124 2640 2141 2672 ι
2165 2621 2336 2690 Cupio
2356 2622 2604 2692 dissolvi,
2620 2636 2675 2682 et
2699 2643 2823 2684 esse
2836 2643 2962 2685 cum
2977 2629 3198 2686 Christo
3212 2632 3278 2686 ”.
3290 2650 3310 2683 ι
3328 2631 3522 2688 Anima
3541 2634 3688 2690 enim

2116 2729 2239 2768 cum
2258 2715 2624 2774 intellectuale
2638 2718 2768 2790 quid
2781 2720 2876 2787 sit,
2894 2721 3281 2779 intellectualia
3298 2738 3518 2795 quoque
3534 2740 3705 2797 appe-

2118 2802 2200 2867 tit,
2222 2812 2482 2874 tanquam
2500 2820 2621 2875 quae
2636 2807 2971 2878 spiraculum
2994 2810 3260 2877 divinum,
3284 2820 3339 2867 et
3355 2811 3695 2869 admirabilis

2113 2892 2358 2963 quaedam
2372 2905 2620 2953 creatura
2634 2899 3113 2971 sit.Praagravata]
3128 2901 3239 2973 58
3250 2903 3692 2973 itaqueterrestri

2113 2999 2345 3055 corpore
2390 2996 2617 3060 propter
2668 2995 3082 3060 mortalitatem,
3121 2995 3247 3065 jure
3293 2997 3491 3053 merito
3543 3013 3694 3055 nunc

2113 3076 2458 3147 concupiscit
2493 3094 2591 3149 per
2617 3090 2849 3138 mortem
2888 3085 3139 3149 dissolvi,
3163 3094 3218 3143 et
3249 3087 3484 3157 sincere,
3513 3097 3571 3145 et
3594 3104 3687 3147 se-

2039 3155 2085 3217 C
2116 3179 2272 3231 cure,
2307 3176 2362 3223 et
2390 3168 2662 3240 intrepide
2689 3187 2798 3227 una
2828 3188 2955 3229 cum
2983 3174 3217 3233 Domino
3241 3193 3387 3244 esse,
3415 3196 3445 3235 a
3469 3155 3686 3237 mortali

2115 3253 2221 3309 hoc
2252 3257 2307 3312 in
2329 3257 2639 3317 immortale
2665 3270 2719 3317 et
2756 3262 3094 3321 immutabile
3118 3270 3377 3324 resoluta.
3397 3269 3527 3326 Post
3546 3271 3688 3326 hanc

2114 3362 2244 3404 vero
2287 3349 2641 3417 solutionem,
2706 3353 2760 3407 in
2823 3356 3230 3411 resurrectione
3278 3360 3683 3428 incorruptum,

2113 3446 2275 3507 atque
2301 3440 2611 3497 immortale
2645 3443 2929 3512 proprium
2951 3459 3157 3515 corpus
3179 3447 3453 3519 recipiens
3472 3446 3683 3519 Spiritu

2112 3533 2307 3579 sancto
2352 3527 2694 3583 viviilcatum
2749 3544 2857 3584 una
2905 3531 3071 3587 simul
3124 3533 3181 3587 in
3228 3543 3506 3605 posterum
3554 3551 3682 3592 cum

2111 3616 2391 3674 insolubili
2430 3620 2637 3687 laetitia,
2670 3630 2725 3676 et
2753 3622 3047 3693 beatitate,
3096 3633 3152 3681 et
3191 3626 3469 3697 inculpata
3517 3628 3682 3683 inno-

2110 3713 2309 3779 centia,
2348 3729 2470 3783 quae
2493 3715 2668 3770 amitti
2703 3731 2812 3771 non
2845 3727 3041 3788 potest,
3074 3727 3358 3789 perennat.
3389 3719 3681 3776 Reducen-

2109 3803 2212 3856 dus
2237 3806 2379 3859 enim
2410 3821 2469 3861 es
2500 3807 2566 3861 ad
2597 3823 2826 3877 puram,
2867 3811 2951 3865 vel
2997 3810 3239 3867 divinam
3261 3855 3277 3880 ,
3305 3823 3361 3869 et
3398 3829 3679 3885 nunquam

2110 3905 2484 3950 senescentem
2517 3907 2799 3965 naturam,
2835 3916 3054 3957 necnon
3091 3903 3161 3957 ab
3186 3904 3335 3958 omni
3363 3906 3588 3961 tristitia
3619 3914 3678 3960 et

2104 3996 2237 4039 cura
2270 3987 2566 4043 immunem
2598 4004 2662 4044 ac
2695 4006 2923 4045 vacuam
2959 3992 3371 4052 conditionem.

2599 4100 2882 4155 LXXXIII.
2910 4124 2979 4141 --
3006 4101 3215 4156 Eidem.

2175 4206 2319 4264 Sunt
2350 4209 2597 4280 quadam
2624 4211 2969 4267 conditiones
3004 4220 3061 4266 et
3093 4210 3314 4268 habitus
3331 4213 3477 4269 inter
3496 4215 3676 4271 homi-

2100 4316 2202 4359 nes
2231 4302 2377 4373 puri,
2413 4300 2553 4357 adeo
2580 4310 2639 4357 ut
2668 4300 2757 4356 hic
2790 4302 3015 4374 quidem
3063 4305 3244 4360 locum
3286 4306 3470 4360 teneat
3513 4307 3671 4372 solis,

2102 4394 2244 4449 alius
2268 4393 2432 4460 lunae,
2469 4392 2609 4449 alius
2656 4393 2853 4450 stellae.
2885 4390 2952 4449 Et
2977 4393 3190 4452 videbis
3216 4411 3349 4453 sane
3382 4401 3678 4456 nonnemi—

429 4487 570 4561 ὓπερ
592 4488 685 4542 τὸν
714 4487 1035 4559 Σολομῶντα
1063 4487 1319 4552 πολλάκις
1344 4487 1728 4560 δεδοξασμένον
1764 4492 1829 4563 τῇ
1857 4492 1996 4546 ἄνω-

2114 4502 2222 4540 ιοιη
2260 4484 2553 4542 Salomone
2572 4487 2692 4559 ipso
2716 4478 3092 4558 smpenumero
3115 4498 3353 4561 superna
3382 4488 3673 4562 prudentia

429 4580 518 4633 θεν
565 4576 845 4651 φρονήσει,
884 4578 1107 4653 ὕστερον
1148 4579 1205 4633 δὲ
1231 4579 1322 4634 διὰ
1359 4579 1453 4635 τοῦ
1492 4581 1877 4647 ἀπονυστάξαι,
1905 4584 2003 4638 καὶ

429 4670 775 4741 χαυνωθῆναι
823 4667 925 4739 τῆς
977 4671 1289 4741 προσοχῆς,
1336 4671 1835 4742 ἑγκαταλειφθέντα
1895 4672 2002 4729 ύπδ

427 4759 582 4822 θεοῦ,
612 4761 708 4814 καὶ
756 4757 1166 4829 ἀποδυσάμενον
1197 4761 1299 4831 τήν
1334 4777 1396 4814 τι
1434 4762 1743 4826 εὐλάϐειαν,
1777 4763 1872 4817 καὶ
1905 4765 1999 4818 τὸν

426 4848 587 4915 φάεον
612 4846 706 4901 τοῦ
737 4846 1080 4919 Κρείττονος,
1120 4847 1215 4901 καὶ
1252 4850 1723 4904 καταπεπτωκότα
1760 4852 1841 4914 εἰς
1870 4853 1999 4906 ἀσέ-

424 4939 597 5003 δειαν,
641 4940 740 4994 καὶ
789 4939 1067 5010 ἁμαρτίας
1119 4940 1378 5011 μεγάλας,
1437 4940 1575 4994 ὥστε
1625 4941 1884 4996 δύνασθαί
1935 4961 1995 4997 σε

423 5028 621 5095 λέγειν,
648 5029 731 5082 ὅτι
778 5028 1043 5099 διετράπη
1069 5031 1098 5082 ὁ
1134 5029 1284 5100 ἣλιος
1322 5029 1504 5083 πεσὼν
1544 5032 1672 5101 παρ’
1704 5032 1897 5088 ἐλπίδα
1917 5036 1997 5098 εἰς

423 5117 865 5190 ἀθεμιτουργίας.
910 5121 1123 5174 Γίνεται
1167 5121 1276 5193 γὰρ
1320 5120 1552 5176 τοιαῦτα
1583 5122 1868 5189 πολλάκις,
1902 5126 1995 5179 καὶ

422 5211 532 5273 τοῖς
586 5210 894 5274 σπουδαίοις
932 5210 1160 5282 ὕστερον
1214 5229 1345 5265 ποτε
1372 5213 1458 5267 διὰ
1486 5213 1585 5284 τῆς
1612 5214 1870 5284 ἀμελείας
1906 5234 1999 5285 γε-

423 5301 799 5370 γυμνωμένοις
833 5302 933 5371 τῆς
976 5304 1218 5372 φρουρᾶς
1271 5303 1365 5356 τοῦ
1427 5305 1582 5373 άγίου
1639 5307 1990 5379 Πνεύματος,

423 5391 803 5456 ἀναϐαίνοντος
850 5393 940 5445 τοῦ
971 5393 1441 5466 Ναϐουχοδονόσορ
1476 5398 1562 5450 ἐπ’
1587 5398 1783 5463 αὐτοὺς
1808 5402 1864 5454 ὲν
1895 5420 1991 5455 πο·

419 5479 586 5552 λέμῳ,
614 5485 709 5536 καὶ
759 5483 858 5553 τὴν
892 5483 986 5553 μὲν
1022 5482 1174 5536 πόλιν
1208 5486 1503 5554 ρηγνύντος
1531 5488 1617 5541 διὰ
1663 5492 1992 5562 μηχανημά-

420 5590 523 5628 των
557 5573 884 5637 σατανικῶν,
909 5576 998 5628 τὸν
1027 5578 1081 5630 δὲ
1124 5578 1367 5648 βασιλέα,
1401 5578 1491 5632 τὸν
1539 5580 1661 5633 νοῦν
1709 5600 1870 5653 φημι,
1910 5586 1974 5638 ὲκ

2097 4578 2476 4648 ειοιὶοείοι-εηι
2506 4594 2522 4633 ι
2556 4580 2931 4650 postmodum,
2985 4582 3132 4653 quod
3179 4582 3518 4649 domitarit,
3548 4595 3604 4641 et
3641 4599 3671 4639 a

2095 4667 2449 4723 contentione
2479 4667 2569 4723 illa
2598 4668 2897 4742 quidquam
2940 4670 3244 4736 demiserit,
3280 4672 3610 4728 derelictum
3638 4689 3668 4727 a
3753 4691 3767 4702 ·

2096 4758 2229 4823 Deo,
2262 4765 2317 4812 et
2347 4758 2571 4828 pietate,
2605 4768 2660 4815 et
2694 4758 2914 4816 Domini
2949 4769 3096 4816 metu
3134 4762 3448 4831 spoliatum,
3475 4763 3530 4818 in
3570 4763 3672 4819 im-

2097 4849 2351 4919 pietatem
2382 4858 2437 4906 et
2480 4850 2721 4922 ingentia
2761 4852 2972 4908 scelera
3000 4853 3355 4923 prolapsum;
3393 4860 3452 4908 ut
3489 4855 3670 4925 possis

2094 4940 2316 4998 dicere:
2351 4942 2664 4999 Conversus
2696 4956 2780 4999 εει
2813 4943 2895 4999 sol
2916 4983 2931 5009 ,
2970 4952 3165 5011 praeter
3196 4947 3663 5013 exspectationem

2096 5034 2150 5087 in
2184 5032 2450 5090 nefandas
2486 5034 2808 5104 iniquitates
2836 5034 3114 5105 delapsus.
3137 5034 3409 5089 Eveniunt
3434 5052 3670 5107 namque

2096 5124 2401 5194 saepissime
2466 5124 2709 5187 similia,
2765 5123 2931 5178 etiam
2976 5122 3170 5178 virtuti
3224 5114 3617 5181 addictissimis
3652 5168 3666 5193 ,

2097 5215 2326 5286 posthac
2357 5222 2582 5284 propter
2610 5214 3000 5283 negligentiam
3045 5214 3294 5269 custodia
3329 5218 3504 5272 sancti
3540 5217 3671 5289 Spi-

2099 5308 2240 5361 ritus
2269 5304 2579 5368 denudatis,
2615 5304 2941 5359 ascendente
2972 5304 3037 5358 ad
3074 5305 3221 5374 ipsos
3237 5304 3671 5363 Nabuchodono-

2102 5412 2249 5461 sore,
2293 5407 2347 5451 et
2384 5396 2586 5450 bellant
2632 5394 2922 5459 intercute,
2967 5402 3020 5448 et
3067 5397 3254 5451 urbem
3289 5399 3507 5467 quidem
3556 5413 3671 5451 ma-

2101 5490 2278 5545 chinis
2304 5490 2561 5542 satanicis
2593 5486 2920 5555 disjicientc,
2950 5503 3129 5556 regem
3159 5497 3362 5551 autem,
3406 5497 3667 5550 mentem,

2103 5582 2342 5650 inquam,
2380 5578 2835 5649 quemadmodum
2870 5577 3213 5641 Sedeehiam,
3247 5589 3576 5641 excaecauit),
3611 5585 3666 5630 et

485 5712 531 5746 "
561 5711 710 5767 Psal.
742 5725 928 5779 LXXVI,
972 5714 1054 5767 ll.
1131 5716 1175 5747 9“
1198 5713 1340 5770 Psal.
1372 5733 1483 5783 th,
1542 5735 1728 5785 LXVIII,
1762 5736 1947 5774 ωιτη.
2035 5720 2078 5752 ³⁷
2120 5718 2307 5771 Matth.
2341 5732 2452 5778 XXI,
2490 5720 2539 5768 7.
2619 5716 2662 5746 “3
2694 5716 2868 5772 Galat.
2904 5718 3073 5779 11,530,
3154 5722 3196 5749 9“
3226 5718 3455 5785 l'lzilipp.
3492 5735 3526 5778 I,
3560 5716 3647 5765 9F».
