4064 6160
261 254 369 317 239

1746 248 1805 308 S.
1846 247 2010 308 NILI

3415 243 3520 309 240

259 371 402 424 lilios
436 366 801 437 compedibus
841 364 1120 433 alligante,
1170 372 1221 417 et
1264 363 1319 416 in
1356 360 1687 433 Babylonem
1727 361 1829 415 sub

1947 356 2262 426 τυφλούντος
2285 356 2472 428 ὥσπερ
2495 357 2584 410 τὸν
2610 358 2887 422 Σεδεκίαν,
2919 356 3011 411 καλ¹
3042 354 3236 419 παῖδας
3259 355 3521 426 δεσμοῦν-

255 459 512 531 allegoria
557 470 867 527 expressam
902 452 1060 523 159
1093 452 1432 509 abducente:
1466 461 1659 507 sancta
1704 465 1831 505 vero

256 548 452 611 David,
498 555 552 601 et
591 544 925 606 Salomonis,
959 550 1015 596 et
1052 548 1401 611 posterorum
1448 554 1637 611 regum
1697 538 1832 592 diri-

256 640 458 705 piente,
497 652 616 708 quae
652 638 705 689 in
734 632 1009 688 thesauris
1043 632 1258 698 cordis,
1299 640 1353 685 ct
1392 631 1601 700 reliqua
1641 631 1832 685 multis

255 729 614 800 temporibus,
649 726 1008 795 impensoque
1047 724 1235 778 labore
1257 730 1313 778 et
1341 722 1526 778 studio
1552 735 1833 790 compara-

255 833 332 887 ta,
364 832 417 877 et
442 820 737 882 conducta,
767 825 821 871 et
859 817 1218 882 concinnata;
1254 814 1518 884 templum
1551 812 1643 866 Dei
1674 813 1831 865 inva-

255 915 417 970 dente
433 912 828 979 elﬁcienteque,
860 916 919 964 ut
947 924 976 962 a
1009 909 1258 979 profanis
1284 907 1516 980 pedibus
1539 904 1834 961 conculce-

260 1002 760 1072 illr"’.AudiViqllc
798 1000 1149 1055 Psalmodum
1183 1007 1473 1071 propterea
1504 999 1833 1052 clamantem

259 1100 311 1151 in
356 1095 581 1150 ﬂetibus
611 1095 631 1124 ³
673 1112 685 1146 :
731 1092 992 1146 Miserere
1049 1091 1191 1154 mei,
1243 1089 1389 1160 quod
1449 1088 1605 1143 multi
1655 1102 1830 1157 oppu-

251 1193 419 1255 gnant
442 1199 528 1237 me
560 1182 630 1236 ab
654 1182 872 1237 excelso
900 1181 1201 1244 daemones,
1236 1189 1291 1233 et
1314 1178 1710 1233 conculcantes
1745 1190 1831 1229 me

255 1292 349 1345 per
371 1284 543 1330 totam
579 1275 745 1329 diem.
784 1272 1054 1338 Quoniam
1086 1272 1388 1325 ascendere
1424 1269 1604 1324 fecisti
1641 1268 1830 1322 inimi-

253 1383 349 1422 cos
382 1381 536 1421 meos
571 1380 737 1434 super
774 1371 942 1434 caput
985 1379 1187 1415 meum.
1227 1361 1289 1414 Et
1318 1362 1611 1417 Jeremiam
1644 1362 1835 1431 lugen-

255 1473 362 1512 tem
392 1477 405 1513 :
437 1457 734 1511 Dominans
765 1463 925 1508 antea
958 1469 1056 1522 per
1093 1453 1231 1507 bene
1260 1461 1413 1523 gesta
1448 1452 1652 1513 anima,
1684 1464 1831 1504 nunc

252 1551 374 1618 jure
418 1549 545 1602 belli
596 1555 757 1617 capta
806 1546 948 1598 facta
991 1553 1075 1597 est
1125 1544 1230 1597 sub
1285 1543 1558 1607 tributo",
1613 1542 1833 1595 diabolo

258 1641 503 1695 serviens
536 1638 590 1692 in
624 1638 887 1708 peccatis.
919 1634 1296 1690 Nihilominus
1320 1637 1413 1705 qui
1454 1636 1507 1688 in
1543 1635 1658 1689 haec
1691 1635 1832 1687 mala

258 1734 470 1795 incidit,
495 1732 540 1787 si
570 1731 640 1786 ob
663 1730 918 1799 pusillum
947 1727 1190 1781 animum
1222 1728 1287 1781 ad
1324 1728 1484 1782 linem
1509 1741 1682 1796 usque
1716 1740 1841 1780 sese

256 1846 367 1884 non
394 1827 720 1891 deseruerit,
747 1824 840 1880 sed
866 1824 1190 1896 pomitentia
1225 1822 1430 1877 ductus
1460 1823 1525 1875 ad
1547 1822 1841 1877 Dominum

260 1923 424 1976 fuerit
453 1933 772 1981 conversus,
798 1926 852 1971 et
877 1929 1097 1971 rursum
1119 1921 1327 1968 veteres
1359 1928 1421 1967 ac
1444 1928 1572 1967 vere
1600 1912 1846 1982 philoso-

262 2015 449 2083 phicas
476 2011 719 2067 actiones
742 2008 809 2063 de
836 2021 977 2061 novo
1008 2004 1296 2076 perfecerit
1330 2023 1344 2058 :
1369 2003 1549 2059 denuo
1572 2005 1637 2058 ad
1666 2005 1842 2073 ipsum

264 2103 475 2157 Domini
504 2100 674 2172 gratia
724 2094 1054 2167 regreditur,
1095 2093 1350 2162 dicetque
1388 2092 1455 2146 de
1487 2092 1589 2146 hoc
1626 2106 1844 2160 quoque

261 2193 638 2264 propheticum
689 2187 965 2257 eloquium
1015 2202 1029 2239 :
1070 2182 1355 2247 Revertar,
1404 2189 1460 2237 et
1502 2181 1843 2236 reacdificabo

262 2283 675 2340 tabernaculum
712 2277 900 2341 David,
924 2276 1067 2346 quod
1090 2276 1366 2330 ceciderat
1426 2316 1441 2342 ,
1476 2280 1528 2328 et
1560 2273 1844 2329 confessas

263 2379 436 2448 ipsius
474 2391 562 2430 res
599 2373 857 2445 praeclare
904 2379 1120 2441 gestas,
1160 2378 1211 2423 et
1242 2369 1458 2422 divinas
1502 2368 1845 2438 largitiones,

262 2467 645 2521 ctinteriorem
675 2460 1066 2532 cognitionem,
1100 2466 1153 2512 et
1173 2458 1428 2527 dirigam,
1452 2465 1505 2512 et
1528 2452 1862 2512 exstruant”:

269 2580 288 2608 ι
330 2560 392 2612 Et
441 2558 547 2613 crit
579 2554 882 2609 novissima
926 2550 1099 2621 gloria
1141 2550 1431 2619 plusquam
1475 2549 1673 2619 prima,
1715 2548 1848 2601 dicit

267 2652 528 2707 Dominus
568 2646 918 2714 omnipotens
949 2644 990 2696 ⁸.
1032 2660 1050 2692 ι
1085 2640 1212 2694 Πίου
1251 2656 1383 2694 vero
1425 2639 1619 2709 scripsi
1667 2639 1732 2693 ad
1781 2653 1845 2692 ea

265 2759 385 2814 quae
419 2745 471 2795 in
508 2737 737 2809 epistola
763 2746 853 2789 tua
877 2733 1325 2793 continebantur,
1360 2730 1771 2801 respondentia.

1940 468 2050 514 τος,
2094 452 2185 503 καὶ
2216 451 2295 513 εἰς
2327 450 2621 504 Βαϐυλῶνα
2648 451 2745 521 τὴν
2774 448 3254 520 ἀλληγορουμένην
3280 448 3514 516 ἀπάγον-

1939 559 2050 608 τος,
2075 542 2143 594 τὰ
2173 543 2231 596 δὲ
2264 542 2396 611 ἆγια
2423 540 2606 606 Δαυῒδ,
2628 542 2722 594 καὶ
2752 524 3112 610 Σολομῶντος,
3136 539 3229 592 καὶ
3259 539 3368 594 τῶν
3399 540 3525 609 ἑξῆς

1942 632 2205 702 βασιλέων
2232 674 2246 701 ,
2271 632 2681 703 λαμϐάνοντος,
2713 632 2779 686 τά
2832 633 2891 684 ὲν
2925 634 3037 694 τοῖς
3085 631 3381 701 θησαυροῖς
3426 633 3526 700 τῆς

1941 721 2188 791 καρδίας,
2225 723 2319 776 καὶ
2361 722 2429 775 τά
2461 723 2590 792 ἑξῆς
2610 764 2625 789 ,
2652 722 2721 775 τά
2752 721 2966 785 πολλοῖς
3010 721 3222 792 χρόνοις
3253 723 3392 792 μετά
3421 741 3524 777 κα-

1944 815 2133 884 μάτου,
2161 815 2255 867 καὶ
2289 815 2524 883 σπουδῆς
2557 813 2906 885 πορισθέντα,
2938 815 3032 868 καὶ
3061 815 3523 884 συγκομισθέντα,

1941 905 2033 956 καὶ
2079 904 2623 970 κατασκευασθέντα,
2672 905 3067 976 ὲμπυρίζοντος
3119 906 3210 958 τὸν
3245 907 3370 959 ναὸν
3430 906 3523 958 τοῦ

1940 998 2174 1068 Κυρίου,
2194 999 2288 1050 καὶ
2306 998 2815 1068 παρασκευάζοντος
2835 996 2940 1051 ὑπὸ
2965 996 3206 1066 βεϐήλων
3234 997 3523 1050 πατεῖσθαι

1942 1089 2263 1143 ποδῶν.Κα“ι
2289 1090 2496 1159 ἥκουσα
2517 1090 2612 1143 τοῦ
2643 1088 2950 1158 Ψαλμῳδοῦ
2982 1088 3073 1141 διά
3099 1088 3257 1142 τοῦτο
3290 1089 3525 1153 βοῶντος

1941 1179 1998 1229 ἐν
2045 1177 2326 1247 ὀδυρμοῖς’
2359 1197 2377 1229 ι
2435 1178 2687 1248 Ἐλέησόν
2725 1195 2825 1248 με,
2865 1198 2882 1229 ι
2922 1178 3003 1231 ὅτι
3045 1177 3231 1231 πολλοὶ
3268 1180 3317 1232 οἱ
3365 1180 3521 1233 πολε-

1946 1269 2170 1340 μοῦντες
2205 1286 2271 1339 με
2317 1270 2426 1322 dtu-4‘;
2455 1270 2622 1340 ὕψους
2646 1270 2919 1340 δαίμονες,
2958 1272 3051 1325 καὶ
3084 1271 3525 1335 καταπατοῦντες

1943 1379 2011 1431 με
2049 1361 2176 1430 ὅλην
2204 1362 2303 1430 τὴν
2332 1362 2566 1437 ἡμέραν,
2597 1363 2729 1415 διότι
2763 1363 3100 1427 ἐπεϐίϐασας
3141 1364 3267 1427 τοὺς
3294 1363 3525 1435 ἐχθρούς

1945 1467 2046 1518 μου
2072 1451 2163 1501 ἐπὶ
2217 1450 2317 1520 τὴν
2358 1451 2600 1521 κεφαλήν
2637 1469 2738 1521 μου
2763 1468 2776 1481 ·
2812 1455 2907 1506 καλ⁵
2945 1452 3041 1506 τοῦ
3095 1455 3359 1525 Ἱερεμὶου
3395 1455 3527 1525 θρην

1939 1541 2151 1605 νοῦντος
2163 1584 2174 1604 ,
2193 1544 2274 1594 ὅτι
2295 1544 2358 1593 ’Λ
2372 1560 2495 1612 ρχου
2505 1561 2570 1595 σα
2597 1544 2783 1617 πρώην
2800 1544 2887 1597 διὰ
2900 1545 3341 1616 κατορθωμάτων
3356 1547 3523 1617 ψυχὴ,

1942 1628 2038 1681 νῦν
2063 1629 2213 1698 νόμῳ
2251 1629 2491 1700 πολέμου
2523 1629 2810 1700 ληφθεῖσα,
2844 1632 3075 1703 ἐγενήθη
3109 1633 3190 1696 εἰς
3234 1633 3417 1705 φόρον,
3449 1635 3528 1702 τῷ

1886 1719 2185 1790 ηδιαϐόλῳ
2231 1720 2618 1790 λειτουργοῦσα
2670 1723 2727 1774 ὲν
2774 1724 2888 1785 τοῖς
2940 1721 3324 1793 ἁμαρτήμασι.
3380 1724 3527 1795 Πλὴν

1952 1812 2032 1863 ὅτι
2060 1814 2086 1863 ό
2114 1814 2224 1874 τοῖς
2264 1811 2527 1875 τοιούτοις
2580 1814 2770 1876 κακοῖς
2800 1814 3238 1884 περιπεπτωκὼς
3262 1856 3276 1880 ,
3322 1815 3417 1869 ὲάν
3454 1816 3528 1887 μὴ

1956 1902 2065 1955 ἀπὸ
2098 1903 2465 1973 μικροψυχίας
2495 1905 2845 1976 ἀπευδοκήσῃ
2895 1907 2976 1969 είς
3008 1906 3161 1970 τέλος
3183 1945 3199 1972 ,
3247 1907 3385 1961 ἀλλά
3432 1926 3528 1978 με-

1950 1992 2280 2062 ταμεληθεὶς
2302 1992 2605 2064 ἐπιστρέψῃ
2632 1993 2766 2064 πρὸς
2784 1993 3007 2065 Κύριον,
3043 1995 3137 2048 καὶ
3162 2001 3531 2068 νεαροποιήσῃ

1947 2083 2046 2146 τὰς
2109 2084 2344 2154 ἀρχαίας
2392 2085 2799 2154 ὲμφιλοσόφους
2854 2085 3122 2156 πράξεις,
3161 2088 3527 2159 ἐπανέρχεται

1948 2176 2112 2229 πάλιν
2138 2176 2276 2246 πρὸς
2299 2177 2464 2230 αὑτὸν
2488 2179 2520 2249 ή
2549 2178 2856 2248 Δεσποτικὴ
2883 2180 3063 2251 χάρις,
3083 2180 3178 2233 καὶ
3210 2182 3407 2251 φράσει
3436 2184 3529 2235 καὶ

1950 2268 2083 2337 περὶ
2107 2267 2300 2320 τούτου
2330 2267 2390 2320 τὸ
2420 2268 2758 2340 προφητικὸν
2784 2269 2986 2338 λόγιον,
3031 2271 3114 2324 ὅτι
3157 2272 3526 2343 Ἀναστρέψω,

1952 2362 2045 2414 καὶ
2084 2362 2494 2434 ἀνοικοδομήσω
2554 2363 2653 2433 τὴν
2701 2364 2906 2435 σκηνὴν
2956 2364 3118 2417 Δαυῒδ
3161 2365 3261 2435 τὴν
3313 2382 3531 2417 πεπτω-

1949 2456 2113 2508 κυῖαν
2138 2495 2153 2521 ,
2183 2455 2277 2507 καὶ
2310 2455 2379 2507 τὰ
2416 2456 2852 2527 κατεσκαμμένα
2889 2457 3062 2526 αὐτῆς
3103 2442 3525 2529 κατορθώματα,

1951 2546 2047 2597 καὶ
2083 2544 2201 2598 θεῖα
2231 2547 2558 2616 δωρήματα,
2597 2549 2692 2601 καὶ
2722 2548 2924 2617 γνῶσιν
2971 2550 3071 2620 τὴν
3108 2550 3403 2620 ἐσωτέραν,
3434 2550 3528 2601 καὶ

1954 2637 2269 2708 ἀνορθώσω,
2318 2641 2409 2691 καὶ
2445 2640 2887 2711 ἀνοικοδομήσωο
2939 2661 2958 2693 ι
3000 2642 3111 2695 Καὶ
3158 2640 3307 2695 ἔσται
3337 2642 3369 2710 ή
3404 2640 3529 2703 δόξα

1950 2732 1983 2799 ή
2016 2729 2223 2799 ἐσχάτη
2260 2730 2399 2800 ὑπὲρ
2442 2730 2539 2801 τὴν
2583 2732 2839 2803 πρώτην,
2881 2733 3028 2801 λέγει
3074 2733 3281 2803 Κύριος
3332 2749 3529 2786 παντο-

268 2836 509 2905 κράτωρ.
547 2849 565 2882 ι
610 2826 943 2896 Γεγράφηκα
976 2825 1031 2877 δὲ
1067 2822 1259 2886 ταῦτα,
1292 2821 1367 2884 ὡς
1396 2822 1532 2891 πρὸς
1591 2820 1659 2874 τὰ
1731 2819 2075 2891 ὲμφερόμενα
2126 2823 2192 2891 τῇ
2231 2821 2484 2892 ἐπιστολῇ
2520 2839 2614 2875 σου
2649 2824 2931 2895 ὑπερέχων
2969 2823 3281 2894 ἀπόκρισιν.

512 2920 799 2978 LXXXIV.
824 2948 891 2962 --
913 2917 1215 2974 ONESIMO
1240 2915 1592 2972 MONACHO.

338 3020 393 3073 Si
430 3032 658 3089 prorsus
679 3015 789 3069 Deo
820 3011 1119 3078 existimet,
1157 3011 1251 3080 qui
1292 3011 1345 3064 in
1371 3012 1660 3080 praesentia
1689 3009 1841 3065 dives

2276 2919 2401 2972 mn
2432 2948 2501 2959 —
2532 2907 2844 2990 οΝιιΣΊΜι)
2891 2919 3203 2989 ΜΟΝΑΧῼ.

2020 3012 2085 3064 El
2119 3011 2254 3073 ὅλως
2293 3010 2371 3080 τῷ
2401 3010 2520 3081 Θεῷ
2564 3010 2776 3080 νομίζει
2824 3012 2852 3063 ὀ
2885 3011 3025 3066 κατά
3060 3012 3122 3064 τὸ
3155 3012 3329 3082 παρὸν
3367 3011 3529 3064 πλού-

268 3120 373 3173 est,
431 3124 557 3180 erga
609 3116 663 3162 te
708 3103 1054 3161 liberalitatis
1102 3102 1333 3173 gratiam
1392 3100 1610 3166 olTerre,
1669 3103 1842 3156 multo

1952 3120 2085 3167 σιος,
2117 3102 2476 3173 προκομίζειν
2505 3103 2604 3174 τὴν
2637 3103 2798 3174 χάριν
2846 3105 2946 3173 τῆς
2984 3104 3065 3167 εἰς
3101 3102 3160 3156 σὲ
3193 3103 3528 3174 φιλοτιμίας,

271 3200 444 3269 magis
467 3199 558 3253 hic
577 3194 854 3251 exhortari
878 3200 931 3248 te
951 3192 1132 3252 debet,
1161 3198 1325 3261 atque
1350 3191 1510 3261 160
1536 3190 1843 3259 deprecari,

270 3303 329 3349 ut
368 3292 608 3363 digneris
635 3289 916 3358 accipere:
960 3301 1138 3355 neque
1166 3285 1308 3339 enim
1354 3298 1384 3337 a
1429 3292 1483 3338 te
1521 3294 1846 3354 exspectan-

270 3384 396 3438 dum
421 3392 523 3448 est,
549 3391 606 3436 ut
625 3395 803 3451 roges.
829 3377 1030 3431 Verum
1058 3377 1293 3430 hominis
1314 3374 1579 3444 jactantia
1607 3376 1843 3442 cognita,

272 3492 338 3530 ne
378 3475 552 3540 illum,
599 3469 971 3540 Corybantum
1019 3481 1169 3521 more
1217 3465 1564 3531 delirantcm,
1598 3479 1848 3520 sermone

271 3565 534 3637 digneris.

528 3651 789 3708 LXXXV.
820 3682 890 3692 —
921 3648 1201 3705 FAUSTO
1248 3647 1601 3704 MONACHO.

343 3745 525 3802 Vestis
564 3761 628 3800 ex
661 3745 786 3814 pilis
818 3752 872 3798 et
904 3745 1105 3809 lacera,
1151 3741 1375 3796 omnino
1404 3742 1615 3811 pusilla:
1643 3756 1706 3795 ac
1744 3741 1848 3794 hu-

273 3838 421 3892 milis
453 3836 660 3905 indiget
686 3834 1036 3905 cogitationis
1063 3851 1076 3886 :
1110 3830 1246 3902 justi
1279 3831 1423 3885 enim
1451 3832 1657 3901 proprii
1685 3846 1851 3885 aemu-

272 3931 474 3983 latione
500 3926 711 3981 Domini
732 3928 899 3996 magis
917 3933 1176 3995 exoptant
1201 3924 1585 3978 humilitatem.
1616 3923 1851 3978 Verum-

280 4030 457 4075 tamen
508 4020 552 4071 si
606 4027 663 4072 tu
714 4017 1025 4079 insolescis,
1066 4026 1119 4069 et
1151 4016 1438 4070 altercaris
1477 4017 1742 4086 quotidie,
1800 4024 1852 4071 et

275 4113 412 4168 alios
439 4110 605 4166 czedis
642 4109 980 4175 verberibus,
1017 4115 1071 4162 et
1099 4119 1280 4164 mente
1304 4117 1495 4178 captos
1517 4124 1579 4163 ac
1607 4109 1851 4165 furentes

276 4202 546 4259 imitaris:
581 4216 742 4270 quam
788 4200 860 4254 ob
902 4214 1124 4255 causam
1182 4216 1249 4256 ex
1297 4201 1424 4271 pilis
1474 4202 1850 4257 indumentum

278 4303 591 4349 contextum
634 4302 842 4363 gestas,
875 4291 1122 4361 Opinioni
1154 4306 1220 4345 ac
1258 4292 1353 4346 fini
1393 4300 1489 4344 tuo
1521 4291 1854 4348 adversatus?

282 4387 480 4440 ‘c'crum
499 4383 750 4438 solitaria
782 4383 891 4436 vita
920 4381 1206 4435 veritatem
1226 4388 1280 4434 et
1303 4379 1574 4448 justitiam
1599 4380 1851 4445 amplecti

1950 3189 2106 3259 οὗτος
2156 3196 2353 3265 μᾶλλον
2406 3198 2674 3266 χρεωστεῖ
2718 3196 3059 3266 παρακαλεῖν
3118 3213 3216 3262 σε,
3271 3197 3368 3250 καὶ
3421 3198 3530 3250 ἱκε-

1948 3289 2124 3341 τεύειν
2175 3287 2309 3354 πρὸς
2351 3287 2412 3339 τὸ
2472 3287 2656 3341 λαϐεῖν
2696 3287 2959 3357 θελῆσαι,
3018 3288 3077 3340 ού
3111 3287 3219 3359 γάρ
3263 3287 3326 3359 δὴ
3382 3289 3531 3359 παρά

1954 3378 2047 3430 σοῦ
2099 3378 2389 3448 ἀναμένειν
2441 3378 2643 3449 δέησιν.
2697 3378 2858 3432 Ὅθεν
2912 3378 3075 3447 γνοὺς
3125 3379 3224 3450 τὴν
3281 3379 3376 3433 τοῦ
3437 3381 3531 3432 ἀν-

1949 3470 2074 3540 δρὸς
2128 3470 2405 3541 βλακείαν,
2456 3470 2591 3542 μηδὲ
2631 3471 2793 3539 λόγου
2836 3470 3096 3538 ἀξιώσειέ
3123 3472 3215 3524 τὸν
3256 3473 3528 3543 κορυϐαν-

1951 3577 2174 3615 τιωντα.

2304 3655 2427 3707 HE’.
2459 3682 2527 3694 —-
2552 3654 2820 3725 ΦΑΥΣΤῼ
2863 3655 3175 3727 ΜΟΝΑΧῼ.

2020 3747 2093 3800 Τὸ
2135 3747 2375 3819 τρίχινον
2427 3746 2642 3817 φόρεμα
2687 3748 2858 3799 δεῖται
2909 3747 3129 3810 πάντως
3184 3748 3525 3820 φρονήματος

1950 3837 2209 3892 ταπεινοῦ
2236 3856 2248 3867 ·
2296 3839 2408 3902 τοῖς
2462 3839 2571 3910 γὰρ
2616 3838 2845 3903 δικαίοις
2890 3838 3090 3909 μᾶλλον
3125 3838 3437 3911 πεπόθηται
3492 3842 3525 3909 ἡ

1951 3929 2442 4003 ταπεινοφροσύνη,
2476 3930 2835 4001 μιμουμένοις
2860 3928 2950 3983 τὸν
2988 3930 3202 3984 ἑαυτῶν
3231 3932 3527 4000 Δεσπότην.

1954 4024 2016 4076 Εἰ
2051 4022 2106 4075 δὲ
2152 4022 2484 4094 ἀλαζονεύῃ.
2518 4022 2611 4074 καὶ
2659 4022 2807 4092 μάχῃ
2842 4020 2964 4075 καθ’
2999 4022 3258 4094 ἑκάστην,
3312 4022 3408 4076 καὶ
3442 4021 3532 4075 τύ-

1954 4133 2109 4178 πτεις
2146 4115 2320 4181 τινὰς,
2350 4115 2596 4178 καὶτοὺς
2631 4113 3043 4184 φρενήτιῶντας
3070 4115 3350 4185 ἀπομιμῇ,
3386 4114 3530 4174 τίνος

1953 4207 2112 4276 χάριν
2164 4207 2259 4259 καὶ
2329 4206 2390 4259 τὸ
2435 4206 2674 4277 τρίχινον
2730 4208 2958 4275 φορεῖς;
3032 4206 3374 4276 Ἀσύμὸατον
3422 4206 3531 4275 γὰρ

1954 4298 2159 4367 ἔνδυμα
2196 4299 2263 4367 τῇ
2294 4294 2487 4367 γνώμῃ
2515 4313 2528 4325 ·
2560 4298 2588 4348 ὁ
2611 4296 2666 4350 δὲ
2699 4298 2942 4368 μονήρης
2989 4297 3105 4367 βίος
3141 4298 3241 4365 τὴν
3268 4297 3529 4368 ἀλήθειαν

1955 4389 2049 4442 καὶ
2081 4388 2178 4458 τὴν
2209 4388 2554 4459 δικαιοσύνην
2590 4389 2903 4457 φιλοκαλεῖν
2952 4389 3192 4458 ὀφείλει,
3249 4389 3347 4457 οὐχ
3393 4387 3528 4440 ὑπό·

295 4478 451 4541 ιώρι,
492 4490 601 4529 non
631 4472 1000 4537 histrioniam,
1029 4479 1082 4527 et
1118 4486 1362 4538 scenam,
1389 4478 1441 4525 et
1471 4471 1675 4524 larvam
1709 4472 1842 4526 veri-

1959 4495 2140 4547 κρισιν
2163 4518 2177 4542 ,
2226 4478 2321 4531 καὶ
2364 4478 2590 4548 σκηνὴν,
2631 4478 2724 4532 καὶ
2751 4483 3093 4551 προσωπεῖον
3117 4481 3217 4551 τῆς
3249 4478 3526 4550 ἀληθείας,

299 4564 402 4618 alis
432 4570 486 4617 ct
512 4560 759 4632 iustitiae.

755 4647 1040 4704 LXXXVI.
1072 4680 1143 4690 —
1166 4647 1370 4703 Eidem.

351 4764 368 4794 ς
403 4743 667 4807 Ostende,
691 4743 788 4809 ait,
818 4741 1253 4798 misericordiam
1286 4749 1431 4795 tuam
1465 4743 1850 4814 cognoscenti-

315 4850 375 4886 us
412 4842 465 4887 te
493 4835 536 4885 ⁷.
568 4852 585 4885 ι
611 4833 717 4899 Qui
745 4833 915 4897 enim,
936 4841 1009 4911 _ut
1036 4839 1121 4899 tu,
1150 4829 1463 4901 cognitione
1502 4831 1851 4903 delinquunt,

316 4924 622 4979 ravioribtts
658 4923 840 4993 poenis
873 4922 1276 4979 ntultabuntur.
1305 4923 1616 4994 Augescere
1643 4925 1847 4995 itaque,

294 5014 605 5082 wzemlique
628 5016 800 5086 magis
834 5031 898 5071 ac
927 5016 1098 5088 magis
1124 5016 1564 5091 misericordiam
1589 5033 1778 5095 exora.

280 5120 589 5173 LXXXVII.
632 5151 698 5162 —-
742 5124 1163 5181 ALEXANDRU
1222 5125 1843 5183 ᾹΒΟΗΙΜᾹΝΟΒΙΤᾹΞ.

350 5230 572 5286 Noctem
649 5234 867 5288 illuncm
935 5242 1184 5293 humanm
1251 5240 1378 5294 vitae
1438 5240 1850 5296 innumerorum

283 5324 542 5389 przcclare
590 5332 863 5385 gestorum
910 5330 1214 5386 facinorum
1266 5332 1436 5386 radiis
1484 5334 1848 5395 collustrans,

283 5414 559 5479 quomodo
589 5415 637 5463 in
673 5417 975 5473 rmlcstiutn
1012 5424 1327 5490 angelorum
1358 5424 1483 5480 albo
1507 5442 1616 5480 non
1643 5427 1853 5482 enitue-

286 5504 384 5559 τῆς,
435 5514 557 5551 cum
619 5502 1118 5574 inrorruptihililms
1170 5513 1279 5566 illis
1344 5514 1496 5585 161
1555 5517 1851 5574 virtutibus

1960 4569 2055 4623 καὶ
2085 4570 2183 4639 τῆς
2204 4569 2573 4639 δικαιοσύνης.

2452 4661 2591 4726 ΗΕΓ.
2618 4691 2688 4701 -
2734 4661 2817 4726 Τῷ
2855 4663 3034 4728 αὐτῷ.

2037 4770 2055 4802 ι
2083 4749 2439 4821 Παράτεινον,
2474 4752 2664 4821 φησὶν,
2682 4752 2745 4806 τὸ
2768 4753 2918 4817 ἔλεός
2949 4771 3042 4807 σου
3065 4756 3178 4819 τοῖς
3201 4754 3528 4824 γινώσκουσί

1961 4860 2039 4896 σε.
2081 4862 2100 4894 ι
2129 4845 2191 4895 Οἱ
2217 4842 2326 4912 γὰρ
2376 4841 2577 4910 γνώσει
2616 4845 3021 4914 ἁμαρτάνοντες
3059 4847 3203 4901 κατά
3249 4864 3332 4914 σε,
3371 4846 3532 4917 χαλε-

1962 4932 2212 5002 πωτέρας
2251 4931 2528 4999 τεύξονται
2558 4933 2852 4999 κολάσεως.
2888 4935 3307 5008 Μεγαλυνθῆναι
3330 4939 3466 4992 τοίνι
3483 4955 3529 5002 ν,

1960 5026 2051 5077 καὶ
2078 5025 2376 5098 ἐκταθῆναι
2406 5028 2544 5096 ἄγαν
2577 5029 2668 5083 τὸν
2698 5028 2848 5084 ἔλεον
2887 5030 3213 5101 πρεσϐεύου.

2127 5139 2252 5193 ΠΖι.
2281 5171 2348 5182 -
2378 5140 2784 5213 ΑΛΕΞΑΝΔΡῼ
2813 5143 3360 5217 ΑΡΧΙΜΑΝΔΡΙΤῌ.

2032 5250 2144 5317 Τὴν
2169 5251 2384 5324 ἀφεγγῆ
2412 5252 2582 5306 νύκτα
2610 5253 2702 5307 τοῦ
2737 5252 3083 5326 ἀνθρωπίνου
3115 5255 3254 5326 βίου,
3285 5259 3405 5320 ταῖς
3432 5257 3535 5307 ’.ὧν

1965 5341 2175 5410 μυρίων
2221 5342 2727 5416 ἀνδραγαθημάτων
2778 5364 2868 5399 σου
2917 5348 3101 5400 ἀκτῖσι
3149 5347 3530 5416 καταυγάζων,

1960 5432 2075 5495 πῶς
2109 5432 2205 5502 τὴν
2248 5435 2356 5488 τῶν
2400 5438 2738 5507 ἐπουρανίων
2785 5439 3033 5508 ἀγγέλων
3082 5441 3410 5508 καταλόγοις
3459 5439 3532 5509 μὴ

1962 5524 2440 5597 συναριθμηθείης,
2480 5528 2837 5599 ἀμιλλόμενος
2872 5533 2991 5594 ταῖς
3040 5531 3343 5601 ἀφθάρτοις
3395 5529 3535 5581 ὲκεί-

364 5638 425 5664 ¹ι²
464 5632 522 5685 IV
554 5632 682 5702 Reg.
722 5654 840 5699 xxv,
882 5644 897 5694 l
936 5660 1085 5717 seqq.
1164 5647 1457 5719 'Psal.t.v,
1493 5654 1543 5711 l.
1620 5656 1639 5687 ‘
1670 5655 1842 5712 Threr

1980 5662 2027 5714 l.
2104 5664 2519 5733 'Anwsxx,ll.
2600 5669 2776 5742 ‘Agg.
2815 5688 2872 5738 ιι,
2909 5672 2987 5726 lO.
3068 5668 3530 5735 'Psal.xxxv,ll.
