4064 6160
477 335 580 401 241

1683 347 2214 411 EPISTOLARUM
2253 351 2397 411 LIB.
2423 353 2504 412 II.

3610 357 3716 419 2-ξὲ

461 469 576 515 ναις
599 451 906 524 δυνάμεσι,
941 456 1002 508 τὸ
1029 455 1271 530 φθαρτὸν
1303 456 1496 526 τοῦτο,
1531 459 1628 510 καὶ
1657 459 1902 524 εὐτελὲς,
1937 461 2023 514 καῖ

2137 461 2502 526 contendens,
2531 461 2656 516 licet
2684 464 3031 535 corruptibili
3064 463 3188 530 hoc,
3223 474 3277 520 et
3308 466 3428 531 vili,
3481 475 3534 522 et
3568 484 3672 522 met

459 543 647 616 Θνητὸν
671 547 1054 618 περικείμενος
1085 548 1281 618 σκῆνος
1307 566 1321 615 ;

645 635 778 691 HH'.
809 668 879 680 —-
917 639 1263 694 ΦΡΟΝΤΩΝΙ
1303 641 1848 715 ΑΡΧΙΜΑΝΔΡΠᾘ.

408 800 414 806 _
535 727 773 781 Ἐπαινῶ
807 746 902 783 σου
943 730 1010 784 τὰ
1056 730 1184 802 ῥόδα
1224 732 1334 786 τῶν
1371 731 1635 804 θεοφίλων
1681 735 1890 803 λόγων,
1926 735 2030 788 κᾶν

411 807 419 820 ’
459 818 552 882 τὰς
581 821 782 890 μικρὰς
801 819 1042 884 ἀκάνθας
1066 822 1174 876 τῶν
1206 824 1480 894 εὐκαίρων
1505 826 1744 896 ἐλέγχων
1774 826 2030 898 παρέπη-

459 909 572 972 ξσς.
601 909 941 980 ὑπερεθίζων
976 913 1156 982 ἡμῶν,
1192 915 1270 979 ῶς
1299 915 1364 969 ἄν
1394 933 1478 980 τις
1507 919 1672 979 εἴποι,
1719 918 1812 970 καὶ
1847 935 2028 988 παρα-

459 997 668 1062 κνίζων,
693 999 785 1052 τὸν
809 1000 945 1070 πρὸς
967 1001 1066 1073 τὴν
1091 1005 1190 1074 σὴν
1211 1006 1386 1068 ὁσίαν,
1415 1009 1507 1060 καὶ
1535 1007 1804 1078 άειφεγγῆ
1827 1007 2028 1078 ψυχὴν.

457 1088 736 1156 ἄσϐεστον,
763 1091 858 1144 καὶ
890 1092 1202 1164 ἀμάραντον
1229 1096 1428 1168 ἔρωτα.

803 1273 932 1328 Πθο.
965 1249 1032 1314 -ζ
1059 1276 1310 1347 ΑΡΣΙΜ)
1361 1279 1674 1349 ΜοΝΑΧᾳ,

528 1363 696 1416 Ὅταν
727 1367 855 1418 ποτὲ
883 1365 1119 1438 δυνηθῇς
1144 1369 1442 1440 ὲκριζῶσαι
1473 1371 1651 1424 πάντα
1681 1371 1746 1424 τὰ
1785 1371 2028 1442 ὀλέθρια,

2131 555 2228 608 tali
2261 569 2494 624 corpore
2517 556 3026 614 circumvestiaris?

2184 645 2511 704 LXXXVIII.
2545 679 2614 691 —
2649 647 3003 705 FRONTONI
3037 649 3659 709 ARCIIIMANDRITAI.

2204 739 2534 795 Sermonum
2571 750 2792 797 tuorum
2833 742 2946 799 Deo
2990 753 3274 816 gratorum
3325 761 3481 802 rosas
3525 747 3712 814 laudo,

2133 830 2260 884 licet
2298 840 2846 902 peropportunarum
2885 835 3340 906 redargutionum
3379 853 3574 908 parvas
3602 839 3714 907 spi-

2131 935 2230 976 nas
2289 922 2510 994 inligas,
2572 924 2939 982 exstimulans
3001 937 3276 993 nostrum,
3331 939 3387 982 ut
3441 931 3711 999 quispiam

2130 1012 2358 1079 diceret,
2407 1023 2571 1087 atque
2632 1017 2924 1082 vellicaus,
2985 1035 3112 1090 erga
3161 1029 3311 1074 tuam
3359 1030 3605 1076 sanctam
3660 1032 3713 1076 et

2130 1121 2412 1176 nunquam
2443 1107 2649 1163 lumine
2681 1125 2907 1164 vacuam
2941 1112 3202 1179 animam,
3233 1114 3627 1168 inexstiuctum
3658 1123 3711 1166 et

2132 1212 2239 1250 non
2271 1208 2704 1255 marcescentetn
2732 1215 2999 1256 antorem.

2383 1287 2674 1346 LXXXIX.
2709 1321 2778 1332 —
2806 1291 3062 1348 AllSINO
3107 1293 3460 1349 MONACIIO.

2201 1383 2339 1437 Cum
2391 1384 2659 1454 temporis
2690 1386 2937 1455 potueris
2975 1387 3264 1443 universas
3313 1387 3508 1442 noxias
3538 1394 3592 1441 et
3619 1387 3675 1441 In

457 1454 545 1508 καί
598 1455 838 1529 μανιώδη
894 1459 1072 1529 πάθη,
1125 1461 1431 1530 τηνικαῦτα
1494 1463 1688 1516 σαυτὸν
1743 1463 1924 1528 ἐπίδος
1963 1468 2023 1536 τῇ

2134 1477 2308 1530 riosas
2341 1475 2779 1546 perturbationes
2816 1479 3142 1548 exstirpare,
3177 1487 3310 1534 tunc
3345 1479 3567 1534 domum
3619 1489 3698 1532 te-

459 1545 660 1618 θεωρίᾳ
691 1548 799 1600 τῶν
831 1549 1051 1620 ὑψηλῶν
1081 1554 1392 1622 νοημάτων.
1437 1555 1497 1607 Εί
1529 1555 1584 1608 δὲ
1632 1556 1736 1628 πρὸ
1771 1555 1864 1608 τοῦ
1897 1574 2023 1610 κατ-

2132 1566 2426 1638 metipsum
2451 1568 2774 1623 sublimium
2805 1570 3310 1624 considerationum
3341 1571 3706 1641 speculatinni

456 1639 822 1705 αγωνίσασθαι
857 1643 985 1706 τοὺς
1024 1643 1315 1715 πολεμίους
1357 1646 1653 1716 δαίμονας,
1702 1647 2023 1718 τολμήσειας

2130 1663 2286 1718 dede.
2316 1662 2373 1716 Si
2409 1678 2540 1718 vero
2571 1671 2696 1716 ante
2728 1665 3071 1719 adversarios
3098 1664 3372 1719 dannones
3407 1664 3708 1719 dehellatos

455 1731 868 1803 διαϐιασάμενος
895 1733 1160 1804 ἀναϐῆναι
1199 1739 1280 1801 είς
1321 1739 1383 1791 τὸ
1415 1738 1540 1809 ὅρος
1563 1743 1714 1808 παρὰ
1740 1739 1801 1792 τὸ
1836 1740 2023 1794 δοκοῦν

2131 1771 2298 1810 ausus
2334 1755 2502 1811 fueris
2533 1772 2626 1826 per
2657 1757 2764 1811 vim
2797 1757 2849 1810 in
2883 1767 3122 1810 montem
3157 1757 3475 1819 ascendere,
3513 1765 3706 1825 praeter

454 1822 528 1893 τῷ
569 1824 696 1890 θείῳ
741 1825 1038 1897 βουλήματι
1065 1867 1078 1892 ,
1113 1829 1174 1882 οὐ
1216 1831 1380 1902 τεύξῃ
1430 1831 1722 1901 βοηθείας,
1759 1832 1854 1885 καὶ
1884 1848 2023 1902 συμ-

2129 1847 2179 1901 id
2214 1847 2360 1918 quod
2397 1822 2596 1902 divina:
2632 1849 2898 1902 voluntati
2925 1849 3253 1902 colluhitum
3295 1858 3412 1910 est,
3443 1822 3706 1900 auxilium

456 1915 658 1985 μαχίας
685 1917 847 1983 Θεοῦ,
889 1918 983 1972 καὶ
1013 1920 1319 1990 τρώσουσίν
1352 1939 1410 1974 σε
1452 1924 1500 1976 οί
1539 1924 1725 1993 ἐχθροὶ
1773 1924 2023 1996 καθάπερ

2129 1947 2183 1993 et
2215 1938 2532 2008 prmsidium
2590 1938 2683 1993 Dei
2729 1954 2836 1992 non
2867 1938 3158 1993 invenies:
3192 1947 3247 1993 et
3294 1939 3618 1993 sauciahunt
3657 1944 3712 1988 te

452 2010 503 2059 αί
537 2009 814 2078 μέλισσαι.

985 2105 1056 2174 ιζ.
1085 2137 1149 2147 -
1180 2107 1263 2172 Τῷ
1309 2110 1491 2176 αὐτῷ.

524 2190 710 2246 Ἀλλοι
740 2195 1086 2266 καθεκάστην
1112 2201 1223 2261 τοῖς
1256 2200 1437 2264 πόνοις
1468 2203 1566 2273 τὴν
1598 2207 1824 2276 καρδίαν
1855 2210 2028 2280 δαμά-

451 2278 627 2343 Const,
667 2283 760 2336 καὶ
800 2285 1058 2355 ὲκτήκειν
1098 2290 1166 2358 τῇ
1199 2289 1492 2362 ἐγκρατείᾳ
1535 2278 2025 2361 σπουδάζουσα-Σὺ

451 2367 616 2462 ﬁeri}
648 2372 1005 2444 πολυτροφίᾳ,
1039 2377 1133 2428 καὶ
1166 2380 1284 2442 ταῖς
1325 2382 1692 2452 οἰνοφλυγίαις
1721 2389 1860 2442 κατὰ
1893 2407 2024 2462 σαρ-

455 2459 569 2511 κῶν
602 2461 816 2516 ἑαυτῶν
846 2466 1080 2536 ῥαγῆναι
1108 2469 1459 2536 κινδυνεύεις.

776 2571 891 2638 ιιιὶν.
923 2604 989 2616 --
1019 2575 1398 2650 ΔΜΦΙΛΟΧΙῼ
1421 2582 1729 2657 ΜΟΝΑΧῼ.

520 2683 587 2734 Τί
637 2688 811 2755 πτοῇ,
867 2686 973 2740 ὑπὸ
1025 2687 1119 2741 τοῦ
1165 2689 1476 2761 πνεύματος
1515 2697 1617 2766 τῆς
1667 2698 2027 2772 βλασφημίας

449 2771 844 2844 κεντούμενος;
903 2778 1187 2849 Μνήσθητι
1237 2781 1319 2834 ὅτι
1371 2787 1614 2855 χρισθεὶς
1659 2790 1689 2842 ὀ
1755 2771 2026 2862 μακάριος

453 2862 613 2914 Δαυῖδ
643 2863 719 2934 τῷ
749 2867 1000 2938 μυστικῷ
1029 2869 1216 2940 ἐλαίῳ,
1242 2873 1403 2938 εὐθὺς
1429 2875 1520 2929 τὸν
1555 2878 1748 2945 Σαοὺλ,
1782 2884 1874 2936 καὶ
1907 2885 2030 2938 ἐπίο

452 2953 637 3009 ϐουλον
667 2951 855 3028 ηὗρεν.

959 3049 1071 3116 ιβ’.
1108 3081 1176 3092 -
1213 3051 1298 3117 Τῷ
1329 3053 1490 3119 αὑτῷ

532 3135 688 3240 ἶΔλλὰ
715 3138 809 3240 xu}
849 3141 913 3192 σὺ
961 3139 1209 3210 ἀοράτως
1253 3143 1513 3215 ἑχρίσθης
1537 3185 1552 3210 ,
1601 3150 1916 3220 προσελθὼν
1948 3152 2024 3222 τῷ
2051 3185 2094 3240 C

2128 2030 2318 2085 hostes
2345 2030 2804 2100 quemadmodum
2841 2046 2993 2101 apes.

2708 2121 2818 2175 XC.
2850 2151 2918 2162 —
2951 2121 3153 2175 Eidem.

2201 2209 2507 2264 Laboribus
2536 2210 2780 2280 quotidie
2814 2225 2910 2264 cor
2949 2210 3040 2262 alii
3071 2208 3414 2280 perdomant.
3443 2221 3494 2264 et
3527 2209 3701 2264 conti-

2132 2300 2332 2353 nentia:
2360 2299 2544 2354 studio
2569 2315 2629 2354 se
2660 2311 2940 2354 macerant
2970 2319 2984 2353 :
3020 2308 3077 2354 tu
3112 2308 3292 2354 autem
3318 2299 3708 2355 abundantiori

2130 2390 2484 2458 eﬂ‘usiorique
2547 2392 2692 2444 victu
2743 2398 2797 2443 et
2838 2389 3199 2445 ebrietatibus
3245 2404 3448 2460 corpus
3503 2389 3700 2460 impin-

2130 2494 2324 2548 guans,
2357 2479 2623 2549 disrumpi
2659 2477 3010 2549 perielitaris.

2271 2593 2426 2664 162
2453 2593 2592 2648 XCI.
2624 2624 2688 2634 -
2720 2593 3186 2651 AMPIIILOCIIIO
3219 2593 3569 2650 MONACIIO.

2199 2702 2339 2766 Quid
2373 2703 2563 2756 tremis
2597 2702 2806 2767 animo,
2847 2703 2979 2758 dum
3021 2721 3052 2758 a
3096 2705 3455 2774 blasphemiae
3505 2702 3708 2771 spiritu

2131 2791 2430 2859 pungeris?
2470 2789 2778 2844 Recordare
2823 2792 2970 2861 quod
3025 2791 3220 2846 beatus
3258 2791 3428 2845 David
3471 2790 3707 2860 mystit-o

2129 2880 2250 2934 oleo
2282 2879 2904 2948 pertinetus'confcstitn
2930 2879 3152 2935 Saulem
3210 2919 3224 2945 ,
3253 2888 3307 2936 et
3329 2879 3704 2938 insidiatorem

2132 2971 2356 3027 Invenit.

2682 3059 2840 3114 XCII.
2867 3092 2936 3102 --
2959 3059 3162 3116 Eidem.

2200 3147 2306 3203 Sed
2335 3160 2389 3202 et
2423 3159 2479 3202 tu
2513 3163 2731 3218 quoque
2755 3150 3102 3206 invisibiliter
3139 3160 3342 3208 unctus
3367 3167 3449 3218 es,
3481 3166 3604 3207 cum
3636 3153 3706 3208 ad

453 3227 689 3298 σχήματι
735 3231 812 3302 τῷ
859 3235 1066 3305 σεμνῷ.
1106 3237 1330 3308 Χρίσμα
1379 3241 1491 3308 ἐγὼ
1544 3243 1686 3298 θεῖον
1724 3246 1875 3299 καλῶ
1924 3248 2020 3318 τὴν

2127 3239 2498 3293 venerandum
2532 3239 2778 3293 habitum
2807 3241 3116 3296 accessisti.
3149 3241 3261 3312 Ego
3292 3258 3460 3312 porro
3485 3242 3703 3298 unctio-

453 3322 786 3378 ἐπελθοῦσαν
821 3343 901 3380 σοι
936 3328 1096 3399 χάριν
1126 3329 1220 3383 τοῦ
1249 3333 1405 3399 ἁγίου
1437 3336 1769 3406 Πνεύματος.

763 3511 876 3576 μιν.
909 3541 978 3554 -.
1013 3513 1337 3586 Atourztu
1365 3517 1678 3590 ΜυΝΔΧῼ.

532 3599 855 3667 Ἀναγκαῖον
887 3604 983 3657 καλ⁵
1021 3606 1166 3674 ἡμᾶς
1219 3607 1585 3679 μιμουμένους
1613 3612 1703 3664 τὸν
1746 3613 2016 3684 Ἀδραάμ,

447 3690 548 3762 τὴν
579 3691 687 3744 τῶν
712 3692 1038 3764 ἀκροθινίων
1064 3695 1300 3769 δεκάτην
1322 3700 1653 3771 προσφέρειν
1681 3703 1762 3774 τῷ
1790 3705 1980 3777 Κυρίῳ
2003 3725 2014 3739 ·

448 3781 588 3852 αὕτη
614 3783 660 3836 δ’
689 3782 757 3848 ἂν
788 3783 871 3855 εἴη
916 3785 1026 3839 τῶν
1057 3786 1188 3840 δέκα
1237 3789 1467 3842 ἐντολῶν
1510 3792 1542 3860 ή
1587 3791 2016 3864 ὑπερανὲχουσα,

457 3892 476 3923 ι
513 3875 601 3942 ἀφ’
630 3869 752 3944 ﬁge
784 3877 944 3946 νόμος
973 3878 1258 3950 κρὲμεται,
1296 3882 1390 3934 καὶ
1433 3883 1482 3934 oi
1522 3885 1802 3954 προφῆται
1828 3903 1843 3915 ·
1866 3905 2020 3941 τουτ-

456 3964 572 4016 έστι
603 3965 662 4018 τὸ
690 3967 972 4037 ἀγαπῆσαι
1015 3968 1106 4020 τὸν
1157 3969 1290 4023 Θεὸν
1325 3971 1385 4035 ἐξ
1423 3972 1551 4042 ὅλης
1592 3972 1792 4042 ψυχῆς,
1826 3977 1918 4030 καὶ
1961 3978 2020 4041 ἐξ

450 4055 578 4125 ὅλης
611 4056 911 4125 δυνάμεως.
950 4078 968 4111 ι
1012 4059 1296 4132 Πλήρωμα
1330 4062 1441 4135 γάρ
1463 4065 1628 4134 νόμου
1659 4065 1759 4134 τὴν
1791 4067 2015 4138 ἀγάπην

449 4146 684 4218 ὁρίζεται
723 4149 752 4200 ὁ
781 4149 921 4213 θεῖος
963 4151 1306 4214 Ἀπόστολος.

727 4241 838 4304 ιιΑν.
870 4266 940 4280 ρ-
966 4241 1362 4313 ΔΡΑΚΟΝΤΙῼ
1403 4245 1714 4316 ΜΟΝΑΧῼ.

519 4327 626 4397 Τὴν
659 4329 758 4398 μὲν
803 4329 913 4382 τῶν
947 4331 1154 4400 νοητῶν
1183 4334 1496 4401 Αἰγυπτίων
1535 4336 1760 4390 ὄπισθεν
1795 4339 2022 4395 διὼκουυ

447 4433 546 4470 σαν
596 4421 852 4490 στρατιὰν
887 4425 1248 4488 κατοπτεύεις
1273 4465 1286 4488 ,
1339 4429 1433 4480 καὶ
1465 4429 1563 4497 τὴν
1605 4429 1884 4485 θάλασσαν
1916 4435 2017 4504 ἐμ·-

2126 3348 2247 3386 nem
2278 3330 2518 3386 divinam
2547 3346 2703 3397 voco,
2732 3331 3110 3387 advenientem
3137 3334 3237 3389 tibi
3269 3334 3499 3405 gratiam
3533 3332 3707 3405 Spirio

2123 3434 2210 3479 tus
2245 3424 2442 3478 sancti.

2405 3513 2593 3571 XCIII.
2624 3545 2690 3556 -—
2721 3515 3042 3573 DIONYSIO
3065 3509 3419 3573 MONACIIO.

2189 3607 2427 3662 Necesse
2474 3616 2559 3662 est
2599 3623 2702 3662 nos
2739 3608 3063 3663 :emulantes
3091 3607 3370 3664 Abraham
3401 3609 3703 3679 spoliorum

2121 3697 2390 3752 decimam
2435 3696 2670 3752 Domino
2702 3698 2900 3753 oﬂ‘erre
2927 3700 2971 3762 ',
3004 3714 3126 3769 qua:
3157 3699 3322 3754 fuerit
3353 3700 3594 3770 primum
3622 3703 3704 3754 in-

2121 3794 2203 3841 ter
2247 3785 2434 3842 decem
2474 3797 2740 3858 praecepta
2780 3788 2958 3842 locum
3007 3805 3321 3859 occupans,
3366 3807 3431 3845 ex
3461 3808 3566 3861 qua
3617 3792 3702 3844 lex

2122 3879 2338 3945 pendet,
2368 3885 2422 3932 et
2458 3879 2734 3948 prophetae
2769 3897 2782 3931 :
2823 3877 3057 3946 Diligere
3086 3895 3281 3948 nempe
3302 3877 3467 3931 Deum
3497 3893 3561 3933 ex
3588 3885 3704 3931 toto

2121 3969 2306 4029 corde,
2339 3978 2392 4023 et
2419 3986 2481 4024 ex
2507 3971 2636 4024 totis
2665 3971 2878 4024 viribus
2912 3970 2976 4022 '°.
3001 3989 3019 4020 ι
3043 3969 3513 4039 tiomplementum
3557 3970 3701 4021 enim

2124 4060 2256 4129 legis
2291 4059 2512 4114 divinus
2547 4061 2845 4130 Apostolus
2887 4060 3236 4114 dilectionem
3265 4075 3390 4114 esse
3414 4059 3603 4116 deﬁnit
3633 4061 3698 4097 “-

2361 4240 2544 4296 XCIV.
2575 4271 2640 4281 -ο
2677 4238 3070 4295 DRACONTIO
3100 4239 3449 4296 MONACIIO.

2192 4327 2648 4384 lntellectualium
2679 4326 3065 4398 Aﬂgyptiorum
3110 4337 3259 4384 retro
3288 4339 3337 4384 te
3365 4343 3698 4399 persequen-

2123 4436 2228 4478 tem
2261 4423 2563 4476 evercitum
2603 4419 2858 4486 intueris,
2899 4427 2953 4474 et
3001 4429 3128 4476 ante
3165 4435 3314 4476 mare
3349 4435 3700 4490 spumescen-

446 4509 680 4578 προσθεν
709 4513 1039 4584 ἀφροφόρων
1071 4516 1165 4567 καὶ
1204 4517 1545 4586 παμμιάρων
1577 4521 1784 4586 παθῶν,
1828 4524 1920 4577 τὸν
1959 4526 2015 4578 δὲ

2124 4519 2258 4570 timn
2315 4513 2891 4580 exsecrandarumque
2950 4515 3460 4584 perturbationum;
3528 4509 3697 4566 Deum

446 4597 582 4656 Θεὸν
609 4601 1052 4670 ὑπερασπίζοντά
1104 4623 1233 4670 σου,
1271 4608 1366 4661 καὶ
1415 4609 1634 4681 ἀοράτῳ
1687 4613 1872 4684 χειρὶ,
1922 4616 2016 4668 καὶ

449 4688 690 4760 βραχίονι
738 4693 928 4765 ὑψηλῷ
973 4697 1100 4760 τοὺς
1133 4698 1363 4768 ἐχθροὺς
1392 4699 1734 4771 ἀμυνόμενον
1761 4744 1776 4770 ,
1807 4706 1900 4758 καὶ⁹
1931 4705 2016 4770 ἐξ·

445 4783 766 4853 αιρούμενόν
797 4803 856 4838 σε
888 4789 988 4840 οὐκ
1019 4787 1247 4860 ἐνθυμῇ.

725 4877 835 4936 ιε’.
861 4908 932 4920 -
963 4879 1377 4953 mensurae
1413 4885 1722 4956 ΜΟΝΑΧῼ.

521 4984 539 5015 ι
575 4967 684 5019 Καὶ
717 4968 842 5021 ἔθου
889 4969 1042 5032 τόξον
1073 4971 1310 5041 χαλκοῦν
1358 4976 1484 5038 τοὺς
1516 4978 1804 5047 βραχίονας
1837 4999 1956 5050 μου,
1991 5001 2009 5032 ›

440 5054 562 5124 οὑλὶ
595 5055 748 5121 τόξον
775 5059 1020 5127 κήρινον,
1053 5061 1300 5126 ὑπεῖκον,
1325 5063 1421 5116 καὶ
1453 5065 1731 5119 ὑπενδίδον
1760 5072 1869 5133 τοῖς
1899 5070 2014 5123 δαί-

444 5158 588 5209 μοσι,
628 5145 854 5208 καὶτοῖς
882 5147 1130 5215 πάθεσιν,
1174 5151 1376 5216 εὐθέως
1418 5156 1525 5208 ἀπὸ
1561 5156 1784 5224 πρώτης
1815 5161 2018 5228 συμϐο-

439 5231 538 5300 λῆς
581 5233 861 5302 κλώμενον
889 5237 949 5288 ὲν
979 5237 1222 5311 πολέμῳ,
1254 5240 1390 5296 ἀλλὰ
1421 5243 1578 5308 τόξον
1611 5244 1865 5314 χαλκοῦν.
1892 5250 2014 5320 Χρὴ

437 5322 549 5390 γὰρ
586 5325 791 5394 στερρὰ
831 5327 926 5380 καὶ
969 5329 1226 5384 ἁνένδοτα
1271 5334 1575 5402 κτήσασθαι
1622 5336 1770 5406 παρὰ
1807 5339 2014 5409 Κυρίου

434 5411 579 5464 ὅπλα
625 5414 841 5480 πολλοῖς
887 5417 1142 5489 πολέμοις
1184 5421 1294 5475 τῶν
1337 5425 1595 5479 ἐναντίων
1641 5430 2010 5500 ἀντιπαρατά-

435 5500 658 5571 ξασθαι,
697 5507 793 5560 xui
819 5507 1104 5580 διαρκέσαι
1131 5512 1420 5586 δυνάμενα.

506 5729 530 5762 ⁸
569 5727 590 5783 I
623 5727 759 5800 Reg.
801 5733 1009 5794 xvt.l5.
1085 5736 1104 5765 '
1143 5735 1274 5792 Gen.
1310 5754 1419 5808 xlv,
1449 5740 1539 5795 20.

2124 4617 2301 4662 autem
2333 4614 2787 4676 propugnantem,
2811 4613 2864 4660 et
2884 4605 3144 4662 invisibili
3176 4621 3362 4669 manu,
3395 4613 3447 4659 et
3473 4603 3701 4659 brachio

2123 4701 2342 4754 excelso
2385 4701 2575 4754 hostes
2606 4699 2985 4765 ulciscentem,
3017 4706 3071 4753 et
3117 4698 3440 4754 liberantem
3486 4705 3558 4759 te,
3601 4693 3700 4751 tibi

2124 4793 2306 4845 animo
2319 4807 2426 4845 non
2444 4801 2822 4862 reprtesentas.

2341 4881 2496 4952 163
2536 4880 2694 4934 XCV.
2727 4878 3092 4936 (ZLEOBULO
3133 4875 3483 4934 MONACIIO.

2203 4991 2219 5022 ι
2257 4971 2321 5024 Et
2351 4973 2580 5040 posuisti
2623 4971 2875 5040 sagittam
2908 4985 3104 5024 aeream
3133 4967 3358 5023 brachia
3391 4983 3508 5020 mea
3536 4968 3581 4999 “
3608 4985 3622 5022 :
3671 4987 3688 5018 ι

2118 5080 2226 5116 non
2257 5066 2511 5132 sagittam
2557 5077 2776 5117 ceream
2813 5061 3127 5127 cedentem,
3156 5075 3221 5113 ac
3251 5061 3397 5117 vires
3431 5059 3696 5118 daemoni-

2119 5155 2224 5209 bus
2263 5153 2696 5216 submittentem,
2743 5162 2796 5207 et
2849 5150 3382 5222 perturbationibus,
3433 5168 3556 5222 quae
3585 5161 3696 5207 sta-

2119 5249 2213 5298 tim
2263 5247 2316 5298 in
2359 5247 2478 5314 ipso
2515 5245 2690 5314 primo
2736 5245 2940 5314 impetu
2971 5243 3114 5296 inter
3157 5244 3508 5314 pugnandum
3543 5243 3694 5296 fran-

2117 5346 2295 5406 gatur;
2349 5335 2442 5389 srd
2503 5337 2758 5404 sagittam
2809 5349 3030 5387 aeream.
3080 5331 3325 5404 Namque
3381 5349 3410 5388 a
3462 5334 3694 5389 Domino
3769 5329 3778 5338 ’

2123 5441 2272 5478 arma
2309 5425 2680 5494 comparanda
2712 5433 2840 5479 sunt
2867 5423 3044 5478 valida
3076 5432 3132 5479 et
3173 5426 3528 5490 inconcussa,
3570 5438 3691 5494 qua:

2122 5517 2312 5572 multis
2357 5517 2797 5570 adversariorum
2862 5517 3180 5572 incursibus
3236 5532 3357 5570 sese
3411 5522 3690 5588 opponant

2078 5635 2087 5646 ι
2119 5615 2283 5677 atque
2317 5611 2596 5662 resistant.

1648 5743 1688 5774 ¹⁰
1725 5743 1913 5798 Matth.
1949 5758 2084 5808 xx”,
2126 5745 2210 5806 57,
2262 5745 2337 5800 i0.

2423 5745 2461 5776 ¹¹
2501 5743 2658 5799 Rom.
2703 5763 2821 5811 xm,
2868 5748 2952 5804 I3.
3033 5749 3075 5779 ¹¹
3108 5748 3250 5804 I'sal.
3290 5748 3536 5813 xvn,55.
