  <div class='ocr_page' id='page_1' title='image "/cluster/home/n/w/nwhite01/storage/ocr_20150623/79/mdp.39015051890492/130.png"; bbox 0 0 4064 6160; ppageno 0'>
   <div class='ocr_carea' id='block_1_1' title="bbox 433 368 538 436">
    <p class='ocr_par' dir='ltr' id='par_1_1' title="bbox 433 368 538 436">
     <span class='ocr_line' id='line_1_1' title="bbox 433 368 538 436; baseline -0.048 -1"><span class='ocrx_word' id='word_1_1' title='bbox 433 368 538 436; x_wconf 63' lang='grc' dir='ltr'><strong>ἳίΰ</strong></span> 
     </span>
    </p>
   </div>
   <div class='ocr_carea' id='block_1_2' title="bbox 1652 341 2494 424">
    <p class='ocr_par' dir='ltr' id='par_1_2' title="bbox 1652 341 2494 424">
     <span class='ocr_line' id='line_1_2' title="bbox 1652 341 2494 424; baseline -0.006 1"><span class='ocrx_word' id='word_1_2' title='bbox 1652 341 2189 424; x_wconf 67' lang='lat' dir='ltr'><strong>EPlS’t‘OLA-BUM’</strong></span> <span class='ocrx_word' id='word_1_3' title='bbox 2226 361 2371 420; x_wconf 88' lang='lat' dir='ltr'><strong>LlB.</strong></span> <span class='ocrx_word' id='word_1_4' title='bbox 2409 357 2494 420; x_wconf 92' lang='lat' dir='ltr'><strong>II.</strong></span> 
     </span>
    </p>
   </div>
   <div class='ocr_carea' id='block_1_3' title="bbox 3585 355 3654 420">
    <p class='ocr_par' dir='ltr' id='par_1_3' title="bbox 3585 355 3654 420">
     <span class='ocr_line' id='line_1_3' title="bbox 3585 355 3654 420; baseline 0 0"><span class='ocrx_word' id='word_1_5' title='bbox 3585 355 3654 420; x_wconf 58' lang='lat' dir='ltr'><strong>Si</strong></span> 
     </span>
    </p>
   </div>
   <div class='ocr_carea' id='block_1_4' title="bbox 438 463 2030 548">
    <p class='ocr_par' dir='ltr' id='par_1_4' title="bbox 438 471 2014 548">
     <span class='ocr_line' id='line_1_4' title="bbox 438 471 2014 548; baseline -0.005 -18"><span class='ocrx_word' id='word_1_6' title='bbox 438 475 511 548; x_wconf 78' lang='grc' dir='ltr'>μὴ</span> <span class='ocrx_word' id='word_1_7' title='bbox 565 473 922 545; x_wconf 77' lang='grc' dir='ltr'><strong>ἀποκαλυφθῇ</strong></span> <span class='ocrx_word' id='word_1_8' title='bbox 963 473 997 544; x_wconf 77' lang='grc' dir='ltr'><strong>η</strong></span> <span class='ocrx_word' id='word_1_9' title='bbox 1055 472 1408 544; x_wconf 79' lang='grc' dir='ltr'><strong>ἀσχημοσύνη</strong></span> <span class='ocrx_word' id='word_1_10' title='bbox 1461 489 1554 525; x_wconf 89' lang='grc' dir='ltr'><strong>σου</strong></span> <span class='ocrx_word' id='word_1_11' title='bbox 1591 471 1657 525; x_wconf 83' lang='grc' dir='ltr'><strong>δι’</strong></span> <span class='ocrx_word' id='word_1_12' title='bbox 1712 471 2014 541; x_wconf 73' lang='grc' dir='ltr'>ἐγκαταλη-</span> 
     </span>
    </p>
   </div>
   <div class='ocr_carea' id='block_1_5' title="bbox 2134 463 3691 548">
    <p class='ocr_par' dir='ltr' id='par_1_5' title="bbox 2134 463 3691 538">
     <span class='ocr_line' id='line_1_5' title="bbox 2134 463 3691 538; baseline 0 -17"><span class='ocrx_word' id='word_1_13' title='bbox 2134 466 2370 523; x_wconf 71' lang='lat' dir='ltr'><strong>&#39;ormitas</strong></span> <span class='ocrx_word' id='word_1_14' title='bbox 2423 467 2722 532; x_wconf 77' lang='lat' dir='ltr'><strong>reveletur;</strong></span> <span class='ocrx_word' id='word_1_15' title='bbox 2761 472 2816 522; x_wconf 85' lang='lat' dir='ltr'><strong>et</strong></span> <span class='ocrx_word' id='word_1_16' title='bbox 2851 473 2983 522; x_wconf 89' lang='lat' dir='ltr'><strong>tunc</strong></span> <span class='ocrx_word' id='word_1_17' title='bbox 3027 474 3404 538; x_wconf 76' lang='lat' dir='ltr'><strong>cognoscent,</strong></span> <span class='ocrx_word' id='word_1_18' title='bbox 3445 463 3540 532; x_wconf 89' lang='lat' dir='ltr'><strong>ait,</strong></span> <span class='ocrx_word' id='word_1_19' title='bbox 3598 467 3691 523; x_wconf 88' lang='lat' dir='ltr'><strong>ubi</strong></span> 
     </span>
    </p>
   </div>
   <div class='ocr_carea' id='block_1_6' title="bbox 432 555 2030 636">
    <p class='ocr_par' dir='ltr' id='par_1_6' title="bbox 432 563 2007 636">
     <span class='ocr_line' id='line_1_6' title="bbox 432 563 2007 636; baseline -0.001 -18"><span class='ocrx_word' id='word_1_20' title='bbox 432 565 602 636; x_wconf 73' lang='grc' dir='ltr'>ψεωςο</span> <span class='ocrx_word' id='word_1_21' title='bbox 635 565 728 618; x_wconf 74' lang='grc' dir='ltr'>καὶ</span> <span class='ocrx_word' id='word_1_22' title='bbox 757 565 878 618; x_wconf 85' lang='grc' dir='ltr'>τότε</span> <span class='ocrx_word' id='word_1_23' title='bbox 910 563 1232 634; x_wconf 81' lang='grc' dir='ltr'><strong>γνώσονται,</strong></span> <span class='ocrx_word' id='word_1_24' title='bbox 1269 565 1424 636; x_wconf 70' lang='grc' dir='ltr'>φησὶ,</span> <span class='ocrx_word' id='word_1_25' title='bbox 1466 564 1567 618; x_wconf 81' lang='grc' dir='ltr'><strong>ποῦ</strong></span> <span class='ocrx_word' id='word_1_26' title='bbox 1597 566 1745 618; x_wconf 78' lang='grc' dir='ltr'>ἐστιν</span> <span class='ocrx_word' id='word_1_27' title='bbox 1771 565 1947 618; x_wconf 77' lang='grc' dir='ltr'>αὐτῶν</span> <span class='ocrx_word' id='word_1_28' title='bbox 1973 565 2007 632; x_wconf 79' lang='grc' dir='ltr'><strong>ἡ</strong></span> 
     </span>
    </p>
   </div>
   <div class='ocr_carea' id='block_1_7' title="bbox 2134 555 2710 636">
    <p class='ocr_par' dir='ltr' id='par_1_7' title="bbox 2134 555 2710 613">
     <span class='ocr_line' id='line_1_7' title="bbox 2134 555 2710 613; baseline -0.002 -1"><span class='ocrx_word' id='word_1_29' title='bbox 2134 567 2196 612; x_wconf 68' lang='grc' dir='ltr'><strong>ἐι</strong></span> <span class='ocrx_word' id='word_1_30' title='bbox 2223 573 2415 613; x_wconf 87' lang='lat' dir='ltr'><strong>eorum</strong></span> <span class='ocrx_word' id='word_1_31' title='bbox 2457 555 2710 611; x_wconf 86' lang='lat' dir='ltr'><strong>materia.</strong></span> 
     </span>
    </p>
   </div>
   <div class='ocr_carea' id='block_1_8' title="bbox 435 657 555 728">
    <p class='ocr_par' dir='ltr' id='par_1_8' title="bbox 435 657 555 728">
     <span class='ocr_line' id='line_1_8' title="bbox 435 657 555 728; baseline 0 -18"><span class='ocrx_word' id='word_1_32' title='bbox 435 657 555 728; x_wconf 76' lang='grc' dir='ltr'>ὕλη.</span> 
     </span>
    </p>
   </div>
   <div class='ocr_carea' id='block_1_9' title="bbox 758 749 1670 821">
    <p class='ocr_par' dir='ltr' id='par_1_9' title="bbox 758 749 1670 821">
     <span class='ocr_line' id='line_1_9' title="bbox 758 749 1670 821; baseline 0 -19"><span class='ocrx_word' id='word_1_33' title='bbox 758 749 837 803; x_wconf 87' lang='lat' dir='ltr'><strong>P&#39;.</strong></span> <span class='ocrx_word' id='word_1_34' title='bbox 870 779 940 788; x_wconf 91' lang='lat'><strong><em>—</em></strong></span> <span class='ocrx_word' id='word_1_35' title='bbox 972 749 1326 821; x_wconf 74' lang='grc' dir='ltr'><strong>ΛΔΜΠᾹΔΙῼ</strong></span> <span class='ocrx_word' id='word_1_36' title='bbox 1361 749 1670 820; x_wconf 77' lang='grc' dir='ltr'><strong>ΜΟΝΑΧῼ.</strong></span> 
     </span>
    </p>
   </div>
   <div class='ocr_carea' id='block_1_10' title="bbox 505 841 2012 915">
    <p class='ocr_par' dir='ltr' id='par_1_10' title="bbox 505 841 2012 915">
     <span class='ocr_line' id='line_1_10' title="bbox 505 841 2012 915; baseline -0.001 -17"><span class='ocrx_word' id='word_1_37' title='bbox 505 842 580 898; x_wconf 82' lang='grc' dir='ltr'>Ού</span> <span class='ocrx_word' id='word_1_38' title='bbox 638 843 796 912; x_wconf 87' lang='grc' dir='ltr'>μόνον</span> <span class='ocrx_word' id='word_1_39' title='bbox 818 844 848 898; x_wconf 84' lang='grc' dir='ltr'><strong>ό</strong></span> <span class='ocrx_word' id='word_1_40' title='bbox 907 841 1108 906; x_wconf 81' lang='grc' dir='ltr'><strong>Ἰούδας</strong></span> <span class='ocrx_word' id='word_1_41' title='bbox 1155 843 1248 897; x_wconf 80' lang='grc' dir='ltr'><strong>τὸν</strong></span> <span class='ocrx_word' id='word_1_42' title='bbox 1299 843 1507 915; x_wconf 81' lang='grc' dir='ltr'>Κύριον</span> <span class='ocrx_word' id='word_1_43' title='bbox 1571 841 1853 914; x_wconf 87' lang='grc' dir='ltr'>προύδωκε</span> <span class='ocrx_word' id='word_1_44' title='bbox 1901 841 2012 896; x_wconf 82' lang='grc' dir='ltr'><strong>τῶν</strong></span> 
     </span>
    </p>
   </div>
   <div class='ocr_carea' id='block_1_11' title="bbox 439 933 2012 1004">
    <p class='ocr_par' dir='ltr' id='par_1_11' title="bbox 439 933 2012 1004">
     <span class='ocr_line' id='line_1_11' title="bbox 439 933 2012 1004; baseline -0.004 -14"><span class='ocrx_word' id='word_1_45' title='bbox 439 935 595 990; x_wconf 80' lang='grc' dir='ltr'><strong>θείων</strong></span> <span class='ocrx_word' id='word_1_46' title='bbox 623 933 910 1004; x_wconf 74' lang='grc' dir='ltr'><strong>χριμάτων</strong></span> <span class='ocrx_word' id='word_1_47' title='bbox 935 935 1380 1004; x_wconf 81' lang='grc' dir='ltr'><strong>καταφρονήσας,</strong></span> <span class='ocrx_word' id='word_1_48' title='bbox 1413 935 1550 987; x_wconf 72' lang='grc' dir='ltr'>ἀλλὰ</span> <span class='ocrx_word' id='word_1_49' title='bbox 1575 935 1684 1004; x_wconf 83' lang='grc' dir='ltr'>γὰρ</span> <span class='ocrx_word' id='word_1_50' title='bbox 1727 934 1820 988; x_wconf 75' lang='grc' dir='ltr'>καὶ</span> <span class='ocrx_word' id='word_1_51' title='bbox 1853 934 1902 987; x_wconf 82' lang='lat' dir='ltr'><strong>oi</strong></span> <span class='ocrx_word' id='word_1_52' title='bbox 1936 934 2012 1003; x_wconf 84' lang='grc' dir='ltr'>μὴ</span> 
     </span>
    </p>
   </div>
   <div class='ocr_carea' id='block_1_12' title="bbox 439 1024 2016 1098">
    <p class='ocr_par' dir='ltr' id='par_1_12' title="bbox 439 1024 2016 1098">
     <span class='ocr_line' id='line_1_12' title="bbox 439 1024 2016 1098; baseline -0.004 -16"><span class='ocrx_word' id='word_1_53' title='bbox 439 1024 770 1098; x_wconf 73' lang='grc' dir='ltr'>πληροῦντες</span> <span class='ocrx_word' id='word_1_54' title='bbox 809 1024 880 1080; x_wconf 83' lang='grc' dir='ltr'>τὰ</span> <span class='ocrx_word' id='word_1_55' title='bbox 929 1025 1048 1080; x_wconf 79' lang='grc' dir='ltr'>θεῖα</span> <span class='ocrx_word' id='word_1_56' title='bbox 1076 1026 1476 1098; x_wconf 77' lang='grc' dir='ltr'><strong>προστάγματα</strong></span> <span class='ocrx_word' id='word_1_57' title='bbox 1505 1027 1843 1096; x_wconf 75' lang='grc' dir='ltr'>Χριστιανοὶ,</span> <span class='ocrx_word' id='word_1_58' title='bbox 1883 1041 2016 1095; x_wconf 84' lang='grc' dir='ltr'>προ-</span> 
     </span>
    </p>
   </div>
   <div class='ocr_carea' id='block_1_13' title="bbox 438 1115 2014 1190">
    <p class='ocr_par' dir='ltr' id='par_1_13' title="bbox 438 1115 2014 1190">
     <span class='ocr_line' id='line_1_13' title="bbox 438 1115 2014 1190; baseline -0.004 -16"><span class='ocrx_word' id='word_1_59' title='bbox 438 1119 585 1174; x_wconf 86' lang='grc' dir='ltr'>δόται</span> <span class='ocrx_word' id='word_1_60' title='bbox 633 1117 962 1186; x_wconf 74' lang='grc' dir='ltr'>λογίζονται,</span> <span class='ocrx_word' id='word_1_61' title='bbox 1011 1116 1507 1190; x_wconf 72' lang='grc' dir='ltr'>καταφρονοῦντες,</span> <span class='ocrx_word' id='word_1_62' title='bbox 1544 1117 1640 1170; x_wconf 75' lang='grc' dir='ltr'>καὶ</span> <span class='ocrx_word' id='word_1_63' title='bbox 1689 1115 2014 1178; x_wconf 72' lang='grc' dir='ltr'>αύθαδιαζόο</span> 
     </span>
    </p>
   </div>
   <div class='ocr_carea' id='block_1_14' title="bbox 443 1207 2016 1284">
    <p class='ocr_par' dir='ltr' id='par_1_14' title="bbox 443 1207 2016 1284">
     <span class='ocr_line' id='line_1_14' title="bbox 443 1207 2016 1284; baseline -0.003 -19"><span class='ocrx_word' id='word_1_64' title='bbox 443 1227 618 1284; x_wconf 87' lang='grc' dir='ltr'>μενοι,</span> <span class='ocrx_word' id='word_1_65' title='bbox 657 1211 754 1264; x_wconf 79' lang='grc' dir='ltr'><strong>καὶ</strong></span> <span class='ocrx_word' id='word_1_66' title='bbox 808 1213 924 1274; x_wconf 87' lang='grc' dir='ltr'>τοῖς</span> <span class='ocrx_word' id='word_1_67' title='bbox 973 1209 1199 1274; x_wconf 74' lang='grc' dir='ltr'>οἰκείοις</span> <span class='ocrx_word' id='word_1_68' title='bbox 1245 1211 1499 1282; x_wconf 76' lang='grc' dir='ltr'>πονηροῖς</span> <span class='ocrx_word' id='word_1_69' title='bbox 1537 1207 2016 1274; x_wconf 79' lang='grc' dir='ltr'>ὲξακολουθοῦντες</span> 
     </span>
    </p>
   </div>
   <div class='ocr_carea' id='block_1_15' title="bbox 440 1302 763 1374">
    <p class='ocr_par' dir='ltr' id='par_1_15' title="bbox 440 1302 763 1374">
     <span class='ocr_line' id='line_1_15' title="bbox 440 1302 763 1374; baseline -0.003 -19"><span class='ocrx_word' id='word_1_70' title='bbox 440 1302 569 1374; x_wconf 79' lang='grc' dir='ltr'>θελη</span> <span class='ocrx_word' id='word_1_71' title='bbox 577 1315 763 1374; x_wconf 86' lang='grc' dir='ltr'>μασιν.</span> 
     </span>
    </p>
   </div>
   <div class='ocr_carea' id='block_1_16' title="bbox 949 1389 1506 1457">
    <p class='ocr_par' dir='ltr' id='par_1_16' title="bbox 949 1389 1506 1457">
     <span class='ocr_line' id='line_1_16' title="bbox 949 1389 1506 1457; baseline -0.004 -11"><span class='ocrx_word' id='word_1_72' title='bbox 949 1391 1075 1446; x_wconf 73' lang='lat' dir='ltr'><strong>I’A&#39;.</strong></span> <span class='ocrx_word' id='word_1_73' title='bbox 1103 1421 1174 1432; x_wconf 91' lang='lat'><strong>—-</strong></span> <span class='ocrx_word' id='word_1_74' title='bbox 1213 1391 1297 1457; x_wconf 82' lang='grc' dir='ltr'><strong>Τῷ</strong></span> <span class='ocrx_word' id='word_1_75' title='bbox 1325 1389 1506 1456; x_wconf 75' lang='grc' dir='ltr'>αὐτῷ.</span> 
     </span>
    </p>
   </div>
   <div class='ocr_carea' id='block_1_17' title="bbox 525 1479 2018 1554">
    <p class='ocr_par' dir='ltr' id='par_1_17' title="bbox 525 1479 2018 1554">
     <span class='ocr_line' id='line_1_17' title="bbox 525 1479 2018 1554; baseline -0.005 -15"><span class='ocrx_word' id='word_1_76' title='bbox 525 1484 584 1539; x_wconf 85' lang='grc'><strong>’0</strong></span> <span class='ocrx_word' id='word_1_77' title='bbox 615 1484 705 1538; x_wconf 68' lang='grc' dir='ltr'><strong>διὰ</strong></span> <span class='ocrx_word' id='word_1_78' title='bbox 735 1483 828 1537; x_wconf 87' lang='grc' dir='ltr'><strong>τδν</strong></span> <span class='ocrx_word' id='word_1_79' title='bbox 867 1483 1034 1554; x_wconf 82' lang='grc' dir='ltr'>φόϐον</span> <span class='ocrx_word' id='word_1_80' title='bbox 1066 1483 1162 1536; x_wconf 88' lang='grc' dir='ltr'><strong>τοῦ</strong></span> <span class='ocrx_word' id='word_1_81' title='bbox 1213 1483 1350 1536; x_wconf 86' lang='grc' dir='ltr'>Θεοῦ</span> <span class='ocrx_word' id='word_1_82' title='bbox 1393 1483 1588 1536; x_wconf 79' lang='grc' dir='ltr'>ἑαυτὸν</span> <span class='ocrx_word' id='word_1_83' title='bbox 1635 1479 1907 1546; x_wconf 77' lang='grc' dir='ltr'><strong>ὑποτάξας</strong></span> <span class='ocrx_word' id='word_1_84' title='bbox 1951 1483 2018 1550; x_wconf 77' lang='grc' dir='ltr'>τῇ</span> 
     </span>
    </p>
   </div>
   <div class='ocr_carea' id='block_1_18' title="bbox 443 1569 2020 1645">
    <p class='ocr_par' dir='ltr' id='par_1_18' title="bbox 443 1569 2020 1645">
     <span class='ocr_line' id='line_1_18' title="bbox 443 1569 2020 1645; baseline -0.004 -17"><span class='ocrx_word' id='word_1_85' title='bbox 443 1575 552 1628; x_wconf 86' lang='grc' dir='ltr'><strong>τῶν</strong></span> <span class='ocrx_word' id='word_1_86' title='bbox 578 1574 1032 1644; x_wconf 82' lang='grc' dir='ltr'>συνασκουμὲνων</span> <span class='ocrx_word' id='word_1_87' title='bbox 1059 1573 1355 1645; x_wconf 79' lang='grc' dir='ltr'>ὑπηρεσίᾳ,</span> <span class='ocrx_word' id='word_1_88' title='bbox 1395 1573 1492 1626; x_wconf 80' lang='grc' dir='ltr'>ἐὰν</span> <span class='ocrx_word' id='word_1_89' title='bbox 1532 1571 1760 1641; x_wconf 78' lang='grc' dir='ltr'>ὕστερον</span> <span class='ocrx_word' id='word_1_90' title='bbox 1789 1569 2020 1640; x_wconf 73' lang='grc' dir='ltr'>ἄρξηται</span> 
     </span>
    </p>
   </div>
   <div class='ocr_carea' id='block_1_19' title="bbox 446 1661 2022 1738">
    <p class='ocr_par' dir='ltr' id='par_1_19' title="bbox 446 1661 2022 1738">
     <span class='ocr_line' id='line_1_19' title="bbox 446 1661 2022 1738; baseline -0.004 -18"><span class='ocrx_word' id='word_1_91' title='bbox 446 1665 865 1738; x_wconf 86' lang='grc' dir='ltr'>σκληρύνεσθαι,</span> <span class='ocrx_word' id='word_1_92' title='bbox 915 1666 1010 1719; x_wconf 75' lang='grc' dir='ltr'>καὶ</span> <span class='ocrx_word' id='word_1_93' title='bbox 1058 1661 1602 1736; x_wconf 74' lang='grc' dir='ltr'>ὑπερηφανεύεσθαι,</span> <span class='ocrx_word' id='word_1_94' title='bbox 1651 1661 1746 1715; x_wconf 80' lang='grc' dir='ltr'>καὶ</span> <span class='ocrx_word' id='word_1_95' title='bbox 1796 1663 2022 1731; x_wconf 78' lang='grc' dir='ltr'>κρατεῖν</span> 
     </span>
    </p>
   </div>
   <div class='ocr_carea' id='block_1_20' title="bbox 446 1749 2022 1826">
    <p class='ocr_par' dir='ltr' id='par_1_20' title="bbox 446 1749 2022 1826">
     <span class='ocr_line' id='line_1_20' title="bbox 446 1749 2022 1826; baseline -0.004 -18"><span class='ocrx_word' id='word_1_96' title='bbox 446 1754 686 1826; x_wconf 83' lang='grc' dir='ltr'>ἀργύρια</span> <span class='ocrx_word' id='word_1_97' title='bbox 714 1755 807 1808; x_wconf 74' lang='grc' dir='ltr'>επὶ</span> <span class='ocrx_word' id='word_1_98' title='bbox 853 1753 995 1825; x_wconf 84' lang='grc' dir='ltr'>λόγῳ</span> <span class='ocrx_word' id='word_1_99' title='bbox 1050 1753 1185 1825; x_wconf 73' lang='grc' dir='ltr'>ἰδίῳ,</span> <span class='ocrx_word' id='word_1_100' title='bbox 1215 1749 1370 1816; x_wconf 78' lang='grc' dir='ltr'>οὗτος</span> <span class='ocrx_word' id='word_1_101' title='bbox 1421 1753 1552 1816; x_wconf 76' lang='grc' dir='ltr'>τοὺς</span> <span class='ocrx_word' id='word_1_102' title='bbox 1602 1749 1781 1813; x_wconf 83' lang='grc' dir='ltr'>θείους</span> <span class='ocrx_word' id='word_1_103' title='bbox 1821 1749 2022 1819; x_wconf 88' lang='grc' dir='ltr'>νόμους</span> 
     </span>
    </p>
   </div>
   <div class='ocr_carea' id='block_1_21' title="bbox 2341 755 3379 828">
    <p class='ocr_par' dir='ltr' id='par_1_21' title="bbox 2341 755 3379 828">
     <span class='ocr_line' id='line_1_21' title="bbox 2341 755 3379 828; baseline 0.003 -15"><span class='ocrx_word' id='word_1_104' title='bbox 2341 822 2344 828; x_wconf 51' lang='grc'><strong>,</strong></span> <span class='ocrx_word' id='word_1_105' title='bbox 2425 757 2486 814; x_wconf 89' lang='lat' dir='ltr'><strong>c.</strong></span> <span class='ocrx_word' id='word_1_106' title='bbox 2524 787 2593 798; x_wconf 91' lang='grc'><strong><em>-</em></strong></span> <span class='ocrx_word' id='word_1_107' title='bbox 2627 755 2980 813; x_wconf 73' lang='lat' dir='ltr'><strong>LAupAoio</strong></span> <span class='ocrx_word' id='word_1_108' title='bbox 3021 757 3379 816; x_wconf 78' lang='lat' dir='ltr'><strong>MONACHO.</strong></span> 
     </span>
    </p>
   </div>
   <div class='ocr_carea' id='block_1_22' title="bbox 2183 849 3695 910">
    <p class='ocr_par' dir='ltr' id='par_1_22' title="bbox 2183 849 3695 910">
     <span class='ocr_line' id='line_1_22' title="bbox 2183 849 3695 910; baseline 0.004 -7"><span class='ocrx_word' id='word_1_109' title='bbox 2183 849 2305 904; x_wconf 83' lang='lat' dir='ltr'><strong>Non</strong></span> <span class='ocrx_word' id='word_1_110' title='bbox 2360 859 2572 905; x_wconf 87' lang='lat' dir='ltr'><strong>tantum</strong></span> <span class='ocrx_word' id='word_1_111' title='bbox 2629 849 2800 905; x_wconf 79' lang='lat' dir='ltr'><strong>Judas</strong></span> <span class='ocrx_word' id='word_1_112' title='bbox 2856 849 3146 906; x_wconf 85' lang='lat' dir='ltr'><strong>Dominum</strong></span> <span class='ocrx_word' id='word_1_113' title='bbox 3203 852 3430 908; x_wconf 86' lang='lat' dir='ltr'><strong>tradidit</strong></span> <span class='ocrx_word' id='word_1_114' title='bbox 3487 852 3695 910; x_wconf 79' lang='lat' dir='ltr'><strong>divinis</strong></span> 
     </span>
    </p>
   </div>
   <div class='ocr_carea' id='block_1_23' title="bbox 2117 937 3696 1013">
    <p class='ocr_par' dir='ltr' id='par_1_23' title="bbox 2117 937 3696 1013">
     <span class='ocr_line' id='line_1_23' title="bbox 2117 937 3696 1013; baseline 0.003 -19"><span class='ocrx_word' id='word_1_115' title='bbox 2117 938 2320 1008; x_wconf 75' lang='lat' dir='ltr'><strong>spretis</strong></span> <span class='ocrx_word' id='word_1_116' title='bbox 2359 937 2624 1008; x_wconf 87' lang='lat' dir='ltr'><strong>judieiis,</strong></span> <span class='ocrx_word' id='word_1_117' title='bbox 2678 938 2772 993; x_wconf 86' lang='lat' dir='ltr'><strong>sed</strong></span> <span class='ocrx_word' id='word_1_118' title='bbox 2812 946 2867 992; x_wconf 90' lang='lat' dir='ltr'><strong>et</strong></span> <span class='ocrx_word' id='word_1_119' title='bbox 2913 939 3006 1007; x_wconf 91' lang='lat' dir='ltr'><strong>qui</strong></span> <span class='ocrx_word' id='word_1_120' title='bbox 3051 939 3234 993; x_wconf 81' lang='lat' dir='ltr'><strong>divina</strong></span> <span class='ocrx_word' id='word_1_121' title='bbox 3278 950 3545 1013; x_wconf 68' lang='lat' dir='ltr'><strong>praecepta</strong></span> <span class='ocrx_word' id='word_1_122' title='bbox 3582 955 3696 998; x_wconf 86' lang='lat' dir='ltr'><strong>non</strong></span> 
     </span>
    </p>
   </div>
   <div class='ocr_carea' id='block_1_24' title="bbox 2119 1027 3696 1106">
    <p class='ocr_par' dir='ltr' id='par_1_24' title="bbox 2119 1027 3696 1106">
     <span class='ocr_line' id='line_1_24' title="bbox 2119 1027 3696 1106; baseline 0.006 -24"><span class='ocrx_word' id='word_1_123' title='bbox 2119 1029 2422 1100; x_wconf 89' lang='lat' dir='ltr'><strong>adimpleut</strong></span> <span class='ocrx_word' id='word_1_124' title='bbox 2462 1027 2796 1093; x_wconf 86' lang='lat' dir='ltr'><strong>Christiani,</strong></span> <span class='ocrx_word' id='word_1_125' title='bbox 2827 1027 3142 1100; x_wconf 76' lang='lat' dir='ltr'><strong>proditores</strong></span> <span class='ocrx_word' id='word_1_126' title='bbox 3186 1039 3535 1101; x_wconf 82' lang='lat' dir='ltr'><strong>reputantur,</strong></span> <span class='ocrx_word' id='word_1_127' title='bbox 3571 1047 3696 1106; x_wconf 80' lang='lat' dir='ltr'><strong>pes-</strong></span> 
     </span>
    </p>
   </div>
   <div class='ocr_carea' id='block_1_25' title="bbox 2119 1117 3699 1196">
    <p class='ocr_par' dir='ltr' id='par_1_25' title="bbox 2119 1117 3699 1196">
     <span class='ocr_line' id='line_1_25' title="bbox 2119 1117 3699 1196; baseline 0.004 -21"><span class='ocrx_word' id='word_1_128' title='bbox 2119 1121 2468 1182; x_wconf 85' lang='lat' dir='ltr'><strong>sumdantes,</strong></span> <span class='ocrx_word' id='word_1_129' title='bbox 2502 1127 2557 1174; x_wconf 91' lang='lat' dir='ltr'><strong>et</strong></span> <span class='ocrx_word' id='word_1_130' title='bbox 2601 1117 2961 1189; x_wconf 73' lang='lat' dir='ltr'><strong>pertinaciter</strong></span> <span class='ocrx_word' id='word_1_131' title='bbox 2997 1121 3340 1187; x_wconf 88' lang='lat' dir='ltr'><strong>resistentes,</strong></span> <span class='ocrx_word' id='word_1_132' title='bbox 3381 1131 3434 1179; x_wconf 87' lang='lat' dir='ltr'><strong>et</strong></span> <span class='ocrx_word' id='word_1_133' title='bbox 3460 1124 3699 1196; x_wconf 82' lang='lat' dir='ltr'><strong>propriis</strong></span> 
     </span>
    </p>
   </div>
   <div class='ocr_carea' id='block_1_26' title="bbox 2119 1211 3128 1282">
    <p class='ocr_par' dir='ltr' id='par_1_26' title="bbox 2119 1211 3128 1282">
     <span class='ocr_line' id='line_1_26' title="bbox 2119 1211 3128 1282; baseline 0.005 -16"><span class='ocrx_word' id='word_1_134' title='bbox 2119 1213 2304 1282; x_wconf 85' lang='lat' dir='ltr'><strong>pravis</strong></span> <span class='ocrx_word' id='word_1_135' title='bbox 2333 1211 2776 1267; x_wconf 87' lang='lat' dir='ltr'><strong>obsecundantcs</strong></span> <span class='ocrx_word' id='word_1_136' title='bbox 2804 1211 3128 1271; x_wconf 86' lang='lat' dir='ltr'><strong>desideriis.</strong></span> 
     </span>
    </p>
   </div>
   <div class='ocr_carea' id='block_1_27' title="bbox 2689 1388 3127 1444">
    <p class='ocr_par' dir='ltr' id='par_1_27' title="bbox 2689 1388 3127 1444">
     <span class='ocr_line' id='line_1_27' title="bbox 2689 1388 3127 1444; baseline 0 0"><span class='ocrx_word' id='word_1_137' title='bbox 2689 1388 2774 1444; x_wconf 91' lang='lat' dir='ltr'><strong>CI.</strong></span> <span class='ocrx_word' id='word_1_138' title='bbox 2818 1420 2884 1432; x_wconf 90' lang='lat'>—</span> <span class='ocrx_word' id='word_1_139' title='bbox 2921 1389 3127 1444; x_wconf 80' lang='lat' dir='ltr'><strong>Eidem.</strong></span> 
     </span>
    </p>
   </div>
   <div class='ocr_carea' id='block_1_28' title="bbox 2193 1475 3701 1549">
    <p class='ocr_par' dir='ltr' id='par_1_28' title="bbox 2193 1475 3701 1549">
     <span class='ocr_line' id='line_1_28' title="bbox 2193 1475 3701 1549; baseline 0.003 -19"><span class='ocrx_word' id='word_1_140' title='bbox 2193 1478 2296 1543; x_wconf 82' lang='lat' dir='ltr'><strong>Qui</strong></span> <span class='ocrx_word' id='word_1_141' title='bbox 2333 1475 2533 1532; x_wconf 82' lang='lat' dir='ltr'><strong>timore</strong></span> <span class='ocrx_word' id='word_1_142' title='bbox 2564 1476 2659 1534; x_wconf 79' lang='lat' dir='ltr'><strong>Dei</strong></span> <span class='ocrx_word' id='word_1_143' title='bbox 2701 1479 3062 1549; x_wconf 81' lang='lat' dir='ltr'><strong>semetipsum</strong></span> <span class='ocrx_word' id='word_1_144' title='bbox 3093 1481 3471 1535; x_wconf 80' lang='lat' dir='ltr'><strong>exercentium</strong></span> <span class='ocrx_word' id='word_1_145' title='bbox 3509 1496 3567 1536; x_wconf 82' lang='lat' dir='ltr'><strong>se</strong></span> <span class='ocrx_word' id='word_1_146' title='bbox 3600 1481 3701 1534; x_wconf 80' lang='lat' dir='ltr'><strong>mL-</strong></span> 
     </span>
    </p>
   </div>
   <div class='ocr_carea' id='block_1_29' title="bbox 2124 1566 3702 1640">
    <p class='ocr_par' dir='ltr' id='par_1_29' title="bbox 2124 1566 3702 1640">
     <span class='ocr_line' id='line_1_29' title="bbox 2124 1566 3702 1640; baseline 0.001 -20"><span class='ocrx_word' id='word_1_147' title='bbox 2124 1567 2354 1621; x_wconf 86' lang='lat' dir='ltr'><strong>nisterio</strong></span> <span class='ocrx_word' id='word_1_148' title='bbox 2395 1566 2631 1630; x_wconf 81' lang='lat' dir='ltr'><strong>addixit,</strong></span> <span class='ocrx_word' id='word_1_149' title='bbox 2680 1568 2726 1624; x_wconf 91' lang='lat' dir='ltr'><strong>si</strong></span> <span class='ocrx_word' id='word_1_150' title='bbox 2762 1575 2951 1638; x_wconf 90' lang='lat' dir='ltr'><strong>postea</strong></span> <span class='ocrx_word' id='word_1_151' title='bbox 2996 1569 3352 1626; x_wconf 89' lang='lat' dir='ltr'><strong>indurescere</strong></span> <span class='ocrx_word' id='word_1_152' title='bbox 3392 1569 3610 1640; x_wconf 84' lang='lat' dir='ltr'><strong>incipit,</strong></span> <span class='ocrx_word' id='word_1_153' title='bbox 3647 1578 3702 1624; x_wconf 89' lang='lat' dir='ltr'><strong>et</strong></span> 
     </span>
    </p>
   </div>
   <div class='ocr_carea' id='block_1_30' title="bbox 2124 1656 3698 1732">
    <p class='ocr_par' dir='ltr' id='par_1_30' title="bbox 2124 1656 3698 1732">
     <span class='ocr_line' id='line_1_30' title="bbox 2124 1656 3698 1732; baseline 0.004 -22"><span class='ocrx_word' id='word_1_154' title='bbox 2124 1656 2484 1725; x_wconf 84' lang='lat' dir='ltr'><strong>insolescere,</strong></span> <span class='ocrx_word' id='word_1_155' title='bbox 2508 1673 2640 1712; x_wconf 88' lang='lat' dir='ltr'><strong>num</strong></span> <span class='ocrx_word' id='word_1_156' title='bbox 2651 1673 2879 1728; x_wconf 88' lang='lat' dir='ltr'><strong>mosque</strong></span> <span class='ocrx_word' id='word_1_157' title='bbox 2904 1660 3120 1716; x_wconf 84' lang='lat' dir='ltr'><strong>ratione</strong></span> <span class='ocrx_word' id='word_1_158' title='bbox 3142 1663 3363 1731; x_wconf 81' lang='lat' dir='ltr'><strong>prOpria</strong></span> <span class='ocrx_word' id='word_1_159' title='bbox 3397 1661 3698 1732; x_wconf 88' lang='lat' dir='ltr'><strong>possidere.</strong></span> 
     </span>
    </p>
   </div>
   <div class='ocr_carea' id='block_1_31' title="bbox 2125 1747 3704 1822">
    <p class='ocr_par' dir='ltr' id='par_1_31' title="bbox 2125 1747 3704 1822">
     <span class='ocr_line' id='line_1_31' title="bbox 2125 1747 3704 1822; baseline 0.004 -21"><span class='ocrx_word' id='word_1_160' title='bbox 2125 1747 2215 1801; x_wconf 84' lang='lat' dir='ltr'><strong>hic</strong></span> <span class='ocrx_word' id='word_1_161' title='bbox 2261 1747 2482 1804; x_wconf 83' lang='lat' dir='ltr'><strong>divinas</strong></span> <span class='ocrx_word' id='word_1_162' title='bbox 2532 1748 2679 1820; x_wconf 73' lang='lat' dir='ltr'><strong>leges</strong></span> <span class='ocrx_word' id='word_1_163' title='bbox 2733 1759 3114 1822; x_wconf 72' lang='lat' dir='ltr'><strong>transgressus</strong></span> <span class='ocrx_word' id='word_1_164' title='bbox 3151 1759 3256 1814; x_wconf 88' lang='lat' dir='ltr'><strong>est,</strong></span> <span class='ocrx_word' id='word_1_165' title='bbox 3293 1763 3350 1806; x_wconf 88' lang='lat' dir='ltr'><strong>et</strong></span> <span class='ocrx_word' id='word_1_166' title='bbox 3388 1751 3611 1822; x_wconf 73' lang='lat' dir='ltr'><strong>abiecit,</strong></span> <span class='ocrx_word' id='word_1_167' title='bbox 3648 1763 3704 1807; x_wconf 88' lang='lat' dir='ltr'><strong>et</strong></span> 
     </span>
    </p>
   </div>
   <div class='ocr_carea' id='block_1_32' title="bbox 445 1819 2030 1916">
    <p class='ocr_par' dir='ltr' id='par_1_32' title="bbox 445 1819 2016 1916">
     <span class='ocr_line' id='line_1_32' title="bbox 445 1819 2016 1916; baseline -0.004 -17"><span class='ocrx_word' id='word_1_168' title='bbox 445 1819 684 1916; x_wconf 67' lang='grc' dir='ltr'>παρέδη,</span> <span class='ocrx_word' id='word_1_169' title='bbox 709 1845 802 1899; x_wconf 75' lang='grc' dir='ltr'>καὶ</span> <span class='ocrx_word' id='word_1_170' title='bbox 851 1819 1328 1916; x_wconf 78' lang='grc' dir='ltr'>παρηγκωνίσατο,</span> <span class='ocrx_word' id='word_1_171' title='bbox 1363 1843 1599 1914; x_wconf 51' lang='lat' dir='ltr'><strong>uomat</strong></span> <span class='ocrx_word' id='word_1_172' title='bbox 1637 1858 1697 1895; x_wconf 89' lang='grc' dir='ltr'><strong>τε</strong></span> <span class='ocrx_word' id='word_1_173' title='bbox 1742 1840 1844 1904; x_wconf 83' lang='grc' dir='ltr'>τὰς</span> <span class='ocrx_word' id='word_1_174' title='bbox 1889 1856 2016 1892; x_wconf 85' lang='grc' dir='ltr'>συν-</span> 
     </span>
    </p>
   </div>
   <div class='ocr_carea' id='block_1_33' title="bbox 2134 1819 3702 1916">
    <p class='ocr_par' dir='ltr' id='par_1_33' title="bbox 2134 1819 3702 1913">
     <span class='ocr_line' id='line_1_33' title="bbox 2134 1819 3702 1913; baseline 0.005 -24"><span class='ocrx_word' id='word_1_175' title='bbox 2134 1835 2354 1906; x_wconf 76' lang='lat' dir='ltr'><strong>ltndera,</strong></span> <span class='ocrx_word' id='word_1_176' title='bbox 2397 1850 2453 1897; x_wconf 83' lang='lat' dir='ltr'><strong>et</strong></span> <span class='ocrx_word' id='word_1_177' title='bbox 2485 1819 2920 1897; x_wconf 69' lang='lat' dir='ltr'><strong>renuntiationis</strong></span> <span class='ocrx_word' id='word_1_178' title='bbox 2960 1849 3016 1896; x_wconf 87' lang='lat' dir='ltr'><strong>ct</strong></span> <span class='ocrx_word' id='word_1_179' title='bbox 3045 1819 3702 1913; x_wconf 36' lang='lat' dir='ltr'><strong>submissionis&#39;profes-</strong></span> 
     </span>
    </p>
   </div>
   <div class='ocr_carea' id='block_1_34' title="bbox 445 1931 2018 2008">
    <p class='ocr_par' dir='ltr' id='par_1_34' title="bbox 445 1931 2018 2008">
     <span class='ocr_line' id='line_1_34' title="bbox 445 1931 2018 2008; baseline -0.004 -18"><span class='ocrx_word' id='word_1_180' title='bbox 445 1937 638 2008; x_wconf 80' lang='grc' dir='ltr'>θήκας,</span> <span class='ocrx_word' id='word_1_181' title='bbox 671 1939 769 1992; x_wconf 79' lang='grc' dir='ltr'>καὶ</span> <span class='ocrx_word' id='word_1_182' title='bbox 821 1937 920 2008; x_wconf 83' lang='grc' dir='ltr'>τὴν</span> <span class='ocrx_word' id='word_1_183' title='bbox 971 1936 1284 2006; x_wconf 81' lang='grc' dir='ltr'>ὁμολογίαν,</span> <span class='ocrx_word' id='word_1_184' title='bbox 1314 1936 1416 2006; x_wconf 80' lang='grc' dir='ltr'>τῆς</span> <span class='ocrx_word' id='word_1_185' title='bbox 1469 1952 1528 1988; x_wconf 89' lang='grc' dir='ltr'><strong>τε</strong></span> <span class='ocrx_word' id='word_1_186' title='bbox 1579 1933 1880 2004; x_wconf 66' lang='grc' dir='ltr'>ἀπσταγῆς,</span> <span class='ocrx_word' id='word_1_187' title='bbox 1922 1931 2018 1985; x_wconf 70' lang='grc' dir='ltr'>καὶ</span> 
     </span>
    </p>
   </div>
   <div class='ocr_carea' id='block_1_35' title="bbox 444 2025 2020 2098">
    <p class='ocr_par' dir='ltr' id='par_1_35' title="bbox 444 2025 2020 2098">
     <span class='ocr_line' id='line_1_35' title="bbox 444 2025 2020 2098; baseline -0.001 -19"><span class='ocrx_word' id='word_1_188' title='bbox 444 2027 546 2096; x_wconf 82' lang='grc' dir='ltr'>τῆς</span> <span class='ocrx_word' id='word_1_189' title='bbox 571 2026 890 2094; x_wconf 80' lang='grc' dir='ltr'>ύποταξίας,</span> <span class='ocrx_word' id='word_1_190' title='bbox 923 2028 1019 2081; x_wconf 76' lang='grc' dir='ltr'>καὶ</span> <span class='ocrx_word' id='word_1_191' title='bbox 1046 2027 1262 2096; x_wconf 83' lang='grc' dir='ltr'>λέγεται</span> <span class='ocrx_word' id='word_1_192' title='bbox 1294 2025 1581 2098; x_wconf 80' lang='grc' dir='ltr'>προδότης,</span> <span class='ocrx_word' id='word_1_193' title='bbox 1605 2025 1878 2097; x_wconf 73' lang='grc' dir='ltr'><strong>προέδωκε</strong></span> <span class='ocrx_word' id='word_1_194' title='bbox 1911 2025 2020 2096; x_wconf 81' lang='grc' dir='ltr'><strong>γὰρ</strong></span> 
     </span>
    </p>
   </div>
   <div class='ocr_carea' id='block_1_36' title="bbox 443 2118 1164 2190">
    <p class='ocr_par' dir='ltr' id='par_1_36' title="bbox 443 2118 1164 2190">
     <span class='ocr_line' id='line_1_36' title="bbox 443 2118 1164 2190; baseline 0.001 -20"><span class='ocrx_word' id='word_1_195' title='bbox 443 2118 539 2172; x_wconf 78' lang='grc' dir='ltr'>τὸν</span> <span class='ocrx_word' id='word_1_196' title='bbox 562 2118 957 2190; x_wconf 79' lang='grc' dir='ltr'>προφθάσαντα</span> <span class='ocrx_word' id='word_1_197' title='bbox 983 2119 1164 2187; x_wconf 86' lang='grc' dir='ltr'>λόγον.</span> 
     </span>
    </p>
   </div>
   <div class='ocr_carea' id='block_1_37' title="bbox 643 2205 1822 2278">
    <p class='ocr_par' dir='ltr' id='par_1_37' title="bbox 643 2205 1822 2278">
     <span class='ocr_line' id='line_1_37' title="bbox 643 2205 1822 2278; baseline -0.003 -15"><span class='ocrx_word' id='word_1_198' title='bbox 643 2209 767 2264; x_wconf 82' lang='lat' dir='ltr'><strong>PB’.</strong></span> <span class='ocrx_word' id='word_1_199' title='bbox 798 2239 866 2251; x_wconf 89' lang='lat'><strong>-—</strong></span> <span class='ocrx_word' id='word_1_200' title='bbox 900 2209 1242 2278; x_wconf 78' lang='grc' dir='ltr'><strong>ΕΥΣΤΑΘΙῼ</strong></span> <span class='ocrx_word' id='word_1_201' title='bbox 1277 2205 1822 2278; x_wconf 79' lang='grc' dir='ltr'><strong>ΑΡΧΙΜΑΝΔΡῙἸᾚ.</strong></span> 
     </span>
    </p>
   </div>
   <div class='ocr_carea' id='block_1_38' title="bbox 533 2296 2022 2369">
    <p class='ocr_par' dir='ltr' id='par_1_38' title="bbox 533 2296 2022 2369">
     <span class='ocr_line' id='line_1_38' title="bbox 533 2296 2022 2369; baseline -0.005 -15"><span class='ocrx_word' id='word_1_202' title='bbox 533 2299 807 2369; x_wconf 84' lang='grc' dir='ltr'>Ὀγκῶδες</span> <span class='ocrx_word' id='word_1_203' title='bbox 829 2301 1086 2355; x_wconf 81' lang='grc' dir='ltr'>θυλάκιον</span> <span class='ocrx_word' id='word_1_204' title='bbox 1122 2299 1427 2362; x_wconf 83' lang='grc' dir='ltr'>σπουδαίως</span> <span class='ocrx_word' id='word_1_205' title='bbox 1452 2297 1780 2367; x_wconf 84' lang='grc' dir='ltr'>φιλοκαλεϊς,</span> <span class='ocrx_word' id='word_1_206' title='bbox 1804 2297 1897 2350; x_wconf 71' lang='grc' dir='ltr'>καὶ</span> <span class='ocrx_word' id='word_1_207' title='bbox 1925 2296 2022 2366; x_wconf 79' lang='grc' dir='ltr'>τῆς</span> 
     </span>
    </p>
   </div>
   <div class='ocr_carea' id='block_1_39' title="bbox 450 2389 2022 2462">
    <p class='ocr_par' dir='ltr' id='par_1_39' title="bbox 450 2389 2022 2462">
     <span class='ocr_line' id='line_1_39' title="bbox 450 2389 2022 2462; baseline -0.001 -18"><span class='ocrx_word' id='word_1_208' title='bbox 450 2392 658 2462; x_wconf 76' lang='grc' dir='ltr'>σαρκὸς</span> <span class='ocrx_word' id='word_1_209' title='bbox 687 2391 749 2444; x_wconf 82' lang='grc' dir='ltr'>τὸ</span> <span class='ocrx_word' id='word_1_210' title='bbox 783 2393 942 2453; x_wconf 82' lang='grc' dir='ltr'>λίπος</span> <span class='ocrx_word' id='word_1_211' title='bbox 974 2390 1271 2462; x_wconf 80' lang='grc' dir='ltr'>προθύμως</span> <span class='ocrx_word' id='word_1_212' title='bbox 1309 2393 1591 2462; x_wconf 78' lang='grc' dir='ltr'>περιποιῇ,</span> <span class='ocrx_word' id='word_1_213' title='bbox 1632 2390 1785 2460; x_wconf 88' lang='grc' dir='ltr'>δίκην</span> <span class='ocrx_word' id='word_1_214' title='bbox 1813 2389 2022 2461; x_wconf 69' lang='grc' dir='ltr'>ὄρνιθος</span> 
     </span>
    </p>
   </div>
   <div class='ocr_carea' id='block_1_40' title="bbox 454 2479 2024 2551">
    <p class='ocr_par' dir='ltr' id='par_1_40' title="bbox 454 2479 2024 2551">
     <span class='ocr_line' id='line_1_40' title="bbox 454 2479 2024 2551; baseline -0.003 -16"><span class='ocrx_word' id='word_1_215' title='bbox 454 2479 684 2544; x_wconf 81' lang='grc' dir='ltr'>σιτίζων</span> <span class='ocrx_word' id='word_1_216' title='bbox 725 2481 920 2534; x_wconf 82' lang='grc' dir='ltr'>σαυτὸν</span> <span class='ocrx_word' id='word_1_217' title='bbox 967 2483 1026 2534; x_wconf 82' lang='grc' dir='ltr'>ὲν</span> <span class='ocrx_word' id='word_1_218' title='bbox 1075 2481 1250 2551; x_wconf 84' lang='grc' dir='ltr'><strong>σκότῳ</strong></span> <span class='ocrx_word' id='word_1_219' title='bbox 1287 2481 1386 2550; x_wconf 86' lang='grc' dir='ltr'>τῆς</span> <span class='ocrx_word' id='word_1_220' title='bbox 1429 2479 1670 2549; x_wconf 83' lang='grc' dir='ltr'>ἀγνοίας.</span> <span class='ocrx_word' id='word_1_221' title='bbox 1707 2481 1816 2534; x_wconf 79' lang='grc' dir='ltr'><strong>Καὶ</strong></span> <span class='ocrx_word' id='word_1_222' title='bbox 1863 2479 2024 2532; x_wconf 85' lang='grc' dir='ltr'>ποίαν</span> 
     </span>
    </p>
   </div>
   <div class='ocr_carea' id='block_1_41' title="bbox 453 2570 2024 2644">
    <p class='ocr_par' dir='ltr' id='par_1_41' title="bbox 453 2570 2024 2644">
     <span class='ocr_line' id='line_1_41' title="bbox 453 2570 2024 2644; baseline -0.001 -19"><span class='ocrx_word' id='word_1_223' title='bbox 453 2572 566 2642; x_wconf 78' lang='grc' dir='ltr'>ἄρα</span> <span class='ocrx_word' id='word_1_224' title='bbox 612 2571 926 2643; x_wconf 72' lang='grc' dir='ltr'>παρρησίαν</span> <span class='ocrx_word' id='word_1_225' title='bbox 965 2572 1239 2644; x_wconf 77' lang='grc' dir='ltr'>εὑρήσεις,</span> <span class='ocrx_word' id='word_1_226' title='bbox 1297 2572 1426 2625; x_wconf 81' lang='grc' dir='ltr'>ὅταν</span> <span class='ocrx_word' id='word_1_227' title='bbox 1475 2571 1605 2644; x_wconf 79' lang='grc' dir='ltr'>ἔλθῃ</span> <span class='ocrx_word' id='word_1_228' title='bbox 1650 2571 1679 2625; x_wconf 86' lang='grc' dir='ltr'><strong>ό</strong></span> <span class='ocrx_word' id='word_1_229' title='bbox 1713 2570 1912 2642; x_wconf 85' lang='grc' dir='ltr'>κρίνων</span> <span class='ocrx_word' id='word_1_230' title='bbox 1956 2571 2024 2624; x_wconf 75' lang='grc' dir='ltr'><strong>τὰ</strong></span> 
     </span>
    </p>
   </div>
   <div class='ocr_carea' id='block_1_42' title="bbox 452 2661 791 2732">
    <p class='ocr_par' dir='ltr' id='par_1_42' title="bbox 452 2661 791 2732">
     <span class='ocr_line' id='line_1_42' title="bbox 452 2661 791 2732; baseline 0 -20"><span class='ocrx_word' id='word_1_231' title='bbox 452 2661 753 2732; x_wconf 82' lang='grc' dir='ltr'>σύμπαντα</span> <span class='ocrx_word' id='word_1_232' title='bbox 776 2677 791 2726; x_wconf 87' lang='lat'><strong>;</strong></span> 
     </span>
    </p>
   </div>
   <div class='ocr_carea' id='block_1_43' title="bbox 789 2747 1681 2823">
    <p class='ocr_par' dir='ltr' id='par_1_43' title="bbox 789 2747 1681 2823">
     <span class='ocr_line' id='line_1_43' title="bbox 789 2747 1681 2823; baseline 0.002 -19"><span class='ocrx_word' id='word_1_233' title='bbox 789 2751 908 2804; x_wconf 65' lang='lat' dir='ltr'><strong>pr.</strong></span> <span class='ocrx_word' id='word_1_234' title='bbox 931 2780 1000 2792; x_wconf 84' lang='lat'><strong><em>—</em></strong></span> <span class='ocrx_word' id='word_1_235' title='bbox 1026 2747 1333 2822; x_wconf 75' lang='grc' dir='ltr'><strong>ΕΥΜΑΘΙῼ</strong></span> <span class='ocrx_word' id='word_1_236' title='bbox 1373 2751 1681 2823; x_wconf 73' lang='grc' dir='ltr'><strong>ΜοΝΑΧῃ.</strong></span> 
     </span>
    </p>
   </div>
   <div class='ocr_carea' id='block_1_44' title="bbox 524 2841 2028 2916">
    <p class='ocr_par' dir='ltr' id='par_1_44' title="bbox 524 2841 2028 2916">
     <span class='ocr_line' id='line_1_44' title="bbox 524 2841 2028 2916; baseline -0.001 -19"><span class='ocrx_word' id='word_1_237' title='bbox 524 2843 644 2897; x_wconf 84' lang='grc' dir='ltr'>Ὀτ“</span> <span class='ocrx_word' id='word_1_238' title='bbox 690 2841 757 2898; x_wconf 74' lang='grc' dir='ltr'>ἄν</span> <span class='ocrx_word' id='word_1_239' title='bbox 790 2859 932 2906; x_wconf 88' lang='grc' dir='ltr'>τινες</span> <span class='ocrx_word' id='word_1_240' title='bbox 985 2842 1096 2897; x_wconf 85' lang='grc' dir='ltr'><strong>τῶν</strong></span> <span class='ocrx_word' id='word_1_241' title='bbox 1143 2842 1389 2911; x_wconf 77' lang='grc' dir='ltr'>ἀδελφῶν</span> <span class='ocrx_word' id='word_1_242' title='bbox 1441 2844 1548 2916; x_wconf 80' lang='grc' dir='ltr'>πρὸ</span> <span class='ocrx_word' id='word_1_243' title='bbox 1587 2845 1686 2915; x_wconf 79' lang='grc' dir='ltr'>τῆς</span> <span class='ocrx_word' id='word_1_244' title='bbox 1713 2844 1824 2897; x_wconf 81' lang='grc' dir='ltr'><strong>τῶν</strong></span> <span class='ocrx_word' id='word_1_245' title='bbox 1865 2845 2028 2914; x_wconf 85' lang='grc' dir='ltr'>μολυ-</span> 
     </span>
    </p>
   </div>
   <div class='ocr_carea' id='block_1_45' title="bbox 457 2931 2028 3007">
    <p class='ocr_par' dir='ltr' id='par_1_45' title="bbox 457 2931 2028 3007">
     <span class='ocr_line' id='line_1_45' title="bbox 457 2931 2028 3007; baseline 0 -19"><span class='ocrx_word' id='word_1_246' title='bbox 457 2935 678 3004; x_wconf 78' lang='grc' dir='ltr'>σμάτων</span> <span class='ocrx_word' id='word_1_247' title='bbox 727 2931 1023 2997; x_wconf 79' lang='grc' dir='ltr'>παντελοῦς</span> <span class='ocrx_word' id='word_1_248' title='bbox 1052 2933 1393 3006; x_wconf 80' lang='grc' dir='ltr'>καθάρσεως,</span> <span class='ocrx_word' id='word_1_249' title='bbox 1434 2936 1529 2989; x_wconf 68' lang='grc' dir='ltr'>καὶ</span> <span class='ocrx_word' id='word_1_250' title='bbox 1555 2935 1656 3003; x_wconf 86' lang='grc' dir='ltr'><strong>τῆς</strong></span> <span class='ocrx_word' id='word_1_251' title='bbox 1691 2936 2028 3007; x_wconf 81' lang='grc' dir='ltr'>τελεωτέρας</span> 
     </span>
    </p>
   </div>
   <div class='ocr_carea' id='block_1_46' title="bbox 454 3023 2027 3094">
    <p class='ocr_par' dir='ltr' id='par_1_46' title="bbox 454 3023 2027 3094">
     <span class='ocr_line' id='line_1_46' title="bbox 454 3023 2027 3094; baseline 0 -18"><span class='ocrx_word' id='word_1_252' title='bbox 454 3023 620 3088; x_wconf 74' lang='grc' dir='ltr'>ἕξεως</span> <span class='ocrx_word' id='word_1_253' title='bbox 647 3023 922 3078; x_wconf 82' lang='grc' dir='ltr'>διδάσκειν</span> <span class='ocrx_word' id='word_1_254' title='bbox 951 3023 1344 3094; x_wconf 74' lang='grc' dir='ltr'>ἐπιχειροῦσιν,</span> <span class='ocrx_word' id='word_1_255' title='bbox 1373 3025 1675 3094; x_wconf 87' lang='grc' dir='ltr'>τηνικαῦτα</span> <span class='ocrx_word' id='word_1_256' title='bbox 1700 3026 1748 3076; x_wconf 83' lang='grc' dir='ltr'>οἱ</span> <span class='ocrx_word' id='word_1_257' title='bbox 1775 3024 2027 3094; x_wconf 78' lang='grc' dir='ltr'>δαίμονες</span> 
     </span>
    </p>
   </div>
   <div class='ocr_carea' id='block_1_47' title="bbox 458 3111 2028 3184">
    <p class='ocr_par' dir='ltr' id='par_1_47' title="bbox 458 3111 2028 3184">
     <span class='ocr_line' id='line_1_47' title="bbox 458 3111 2028 3184; baseline -0.001 -18"><span class='ocrx_word' id='word_1_258' title='bbox 458 3113 726 3182; x_wconf 82' lang='grc' dir='ltr'>γελῶντες</span> <span class='ocrx_word' id='word_1_259' title='bbox 755 3113 890 3184; x_wconf 79' lang='grc' dir='ltr'>πρὸς</span> <span class='ocrx_word' id='word_1_260' title='bbox 937 3113 1164 3176; x_wconf 77' lang='grc' dir='ltr'>ἑαυτοὺς</span> <span class='ocrx_word' id='word_1_261' title='bbox 1192 3113 1498 3166; x_wconf 88' lang='grc' dir='ltr'>διανεύουσι</span> <span class='ocrx_word' id='word_1_262' title='bbox 1527 3112 1754 3166; x_wconf 85' lang='grc' dir='ltr'>τοιαῦτα</span> <span class='ocrx_word' id='word_1_263' title='bbox 1783 3111 2028 3184; x_wconf 78' lang='grc' dir='ltr'>ὁμιλοῦν-</span> 
     </span>
    </p>
   </div>
   <div class='ocr_carea' id='block_1_48' title="bbox 454 3193 2029 3275">
    <p class='ocr_par' dir='ltr' id='par_1_48' title="bbox 454 3193 2029 3275">
     <span class='ocr_line' id='line_1_48' title="bbox 454 3193 2029 3275; baseline 0.001 -21"><span class='ocrx_word' id='word_1_264' title='bbox 454 3215 568 3266; x_wconf 81' lang='grc' dir='ltr'>τες,</span> <span class='ocrx_word' id='word_1_265' title='bbox 630 3203 724 3256; x_wconf 74' lang='grc' dir='ltr'>καὶ</span> <span class='ocrx_word' id='word_1_266' title='bbox 780 3202 1054 3268; x_wconf 70' lang='grc' dir='ltr'><strong>λέγοντες⁸</strong></span> <span class='ocrx_word' id='word_1_267' title='bbox 1105 3193 1274 3266; x_wconf 71' lang='grc' dir='ltr'>Οὗτος</span> <span class='ocrx_word' id='word_1_268' title='bbox 1329 3201 1408 3272; x_wconf 80' lang='grc' dir='ltr'><strong>τῷ</strong></span> <span class='ocrx_word' id='word_1_269' title='bbox 1464 3202 1796 3275; x_wconf 81' lang='grc' dir='ltr'>προσήκοντι</span> <span class='ocrx_word' id='word_1_270' title='bbox 1851 3201 2029 3273; x_wconf 78' lang='grc' dir='ltr'>καιρῷ</span> 
     </span>
    </p>
   </div>
   <div class='ocr_carea' id='block_1_49' title="bbox 455 3289 2031 3363">
    <p class='ocr_par' dir='ltr' id='par_1_49' title="bbox 455 3289 2031 3363">
     <span class='ocr_line' id='line_1_49' title="bbox 455 3289 2031 3363; baseline 0.001 -19"><span class='ocrx_word' id='word_1_271' title='bbox 455 3291 723 3363; x_wconf 79' lang='grc' dir='ltr'>ἡμέτερον</span> <span class='ocrx_word' id='word_1_272' title='bbox 742 3292 1031 3361; x_wconf 85' lang='grc' dir='ltr'>γενήσεται</span> <span class='ocrx_word' id='word_1_273' title='bbox 1055 3291 1320 3360; x_wconf 82' lang='grc' dir='ltr'>λάφυρον,</span> <span class='ocrx_word' id='word_1_274' title='bbox 1343 3289 1615 3344; x_wconf 84' lang='grc' dir='ltr'>νουθετεῖν</span> <span class='ocrx_word' id='word_1_275' title='bbox 1643 3291 1858 3360; x_wconf 78' lang='grc' dir='ltr'>τολμῶν</span> <span class='ocrx_word' id='word_1_276' title='bbox 1883 3293 2031 3360; x_wconf 83' lang='grc' dir='ltr'>παρὰ</span> 
     </span>
    </p>
   </div>
   <div class='ocr_carea' id='block_1_50' title="bbox 456 3382 2030 3455">
    <p class='ocr_par' dir='ltr' id='par_1_50' title="bbox 456 3382 2030 3455">
     <span class='ocr_line' id='line_1_50' title="bbox 456 3382 2030 3455; baseline -0.002 -18"><span class='ocrx_word' id='word_1_277' title='bbox 456 3382 681 3454; x_wconf 79' lang='grc' dir='ltr'>γνώμην</span> <span class='ocrx_word' id='word_1_278' title='bbox 711 3383 942 3455; x_wconf 84' lang='grc' dir='ltr'>Κυρίου.</span> <span class='ocrx_word' id='word_1_279' title='bbox 967 3384 1165 3454; x_wconf 77' lang='grc' dir='ltr'>Διόπερ</span> <span class='ocrx_word' id='word_1_280' title='bbox 1193 3383 1268 3454; x_wconf 81' lang='grc' dir='ltr'>μὴ</span> <span class='ocrx_word' id='word_1_281' title='bbox 1295 3382 1610 3452; x_wconf 79' lang='grc' dir='ltr'>θελήσωμεν</span> <span class='ocrx_word' id='word_1_282' title='bbox 1636 3383 2030 3452; x_wconf 75' lang='grc' dir='ltr'>όμφακίζοντες</span> 
     </span>
    </p>
   </div>
   <div class='ocr_carea' id='block_1_51' title="bbox 455 3471 2032 3545">
    <p class='ocr_par' dir='ltr' id='par_1_51' title="bbox 455 3471 2032 3545">
     <span class='ocr_line' id='line_1_51' title="bbox 455 3471 2032 3545; baseline 0 -19"><span class='ocrx_word' id='word_1_283' title='bbox 455 3474 561 3535; x_wconf 64' lang='grc' dir='ltr'>ἔτι,</span> <span class='ocrx_word' id='word_1_284' title='bbox 593 3475 686 3528; x_wconf 70' lang='grc' dir='ltr'><strong>καὶ</strong></span> <span class='ocrx_word' id='word_1_285' title='bbox 748 3475 958 3545; x_wconf 81' lang='grc' dir='ltr'>μήποτε</span> <span class='ocrx_word' id='word_1_286' title='bbox 1017 3475 1280 3545; x_wconf 79' lang='grc' dir='ltr'>πέπειρον</span> <span class='ocrx_word' id='word_1_287' title='bbox 1326 3473 1418 3526; x_wconf 79' lang='grc' dir='ltr'>τὸν</span> <span class='ocrx_word' id='word_1_288' title='bbox 1470 3471 1663 3544; x_wconf 79' lang='grc' dir='ltr'>βότρυν</span> <span class='ocrx_word' id='word_1_289' title='bbox 1701 3473 2032 3542; x_wconf 79' lang='grc' dir='ltr'>κτησάμενοι</span> 
     </span>
    </p>
   </div>
   <div class='ocr_carea' id='block_1_52' title="bbox 458 3563 2036 3636">
    <p class='ocr_par' dir='ltr' id='par_1_52' title="bbox 458 3563 2036 3636">
     <span class='ocr_line' id='line_1_52' title="bbox 458 3563 2036 3636; baseline 0.001 -20"><span class='ocrx_word' id='word_1_290' title='bbox 458 3563 752 3627; x_wconf 83' lang='grc' dir='ltr'>νουθετεῖν,</span> <span class='ocrx_word' id='word_1_291' title='bbox 802 3565 897 3619; x_wconf 70' lang='grc' dir='ltr'>καὶ</span> <span class='ocrx_word' id='word_1_292' title='bbox 943 3565 1220 3618; x_wconf 81' lang='grc' dir='ltr'>διδάσκειν</span> <span class='ocrx_word' id='word_1_293' title='bbox 1253 3563 1493 3636; x_wconf 75' lang='grc' dir='ltr'>ἑτέρους,</span> <span class='ocrx_word' id='word_1_294' title='bbox 1527 3563 1613 3616; x_wconf 83' lang='grc' dir='ltr'>ἵνα</span> <span class='ocrx_word' id='word_1_295' title='bbox 1671 3564 1746 3634; x_wconf 80' lang='grc' dir='ltr'>μὴ</span> <span class='ocrx_word' id='word_1_296' title='bbox 1781 3564 1890 3616; x_wconf 84' lang='grc' dir='ltr'>τῶν</span> <span class='ocrx_word' id='word_1_297' title='bbox 1920 3564 2036 3618; x_wconf 86' lang='grc' dir='ltr'>δαι-</span> 
     </span>
    </p>
   </div>
   <div class='ocr_carea' id='block_1_53' title="bbox 463 3649 1261 3722">
    <p class='ocr_par' dir='ltr' id='par_1_53' title="bbox 463 3649 1261 3722">
     <span class='ocr_line' id='line_1_53' title="bbox 463 3649 1261 3722; baseline 0.003 -20"><span class='ocrx_word' id='word_1_298' title='bbox 463 3649 644 3718; x_wconf 81' lang='grc' dir='ltr'>μόνων</span> <span class='ocrx_word' id='word_1_299' title='bbox 676 3650 960 3722; x_wconf 84' lang='grc' dir='ltr'>γενώμεθα</span> <span class='ocrx_word' id='word_1_300' title='bbox 991 3653 1261 3719; x_wconf 80' lang='grc' dir='ltr'>παίγνιον.</span> 
     </span>
    </p>
   </div>
   <div class='ocr_carea' id='block_1_54' title="bbox 797 3743 1694 3814">
    <p class='ocr_par' dir='ltr' id='par_1_54' title="bbox 797 3743 1694 3814">
     <span class='ocr_line' id='line_1_54' title="bbox 797 3743 1694 3814; baseline 0 -18"><span class='ocrx_word' id='word_1_301' title='bbox 797 3743 912 3797; x_wconf 68' lang='lat' dir='ltr'><strong>PN.</strong></span> <span class='ocrx_word' id='word_1_302' title='bbox 937 3769 1003 3782; x_wconf 90' lang='lat'><em>--</em></span> <span class='ocrx_word' id='word_1_303' title='bbox 1037 3744 1348 3813; x_wconf 72' lang='grc' dir='ltr'><strong>ΕΥΦΗΜΙῼ</strong></span> <span class='ocrx_word' id='word_1_304' title='bbox 1386 3743 1694 3814; x_wconf 79' lang='grc' dir='ltr'><strong>ΜΟΝΑΧῼ.</strong></span> 
     </span>
    </p>
   </div>
   <div class='ocr_carea' id='block_1_55' title="bbox 543 3829 2036 3904">
    <p class='ocr_par' dir='ltr' id='par_1_55' title="bbox 543 3829 2036 3904">
     <span class='ocr_line' id='line_1_55' title="bbox 543 3829 2036 3904; baseline -0.001 -17"><span class='ocrx_word' id='word_1_305' title='bbox 543 3834 602 3887; x_wconf 86' lang='lat'><strong>&#39;0</strong></span> <span class='ocrx_word' id='word_1_306' title='bbox 631 3829 1000 3903; x_wconf 67' lang='grc' dir='ltr'>πεντηκοστὸς</span> <span class='ocrx_word' id='word_1_307' title='bbox 1053 3835 1314 3904; x_wconf 76' lang='grc' dir='ltr'>τέταρτος</span> <span class='ocrx_word' id='word_1_308' title='bbox 1369 3832 1583 3901; x_wconf 80' lang='grc' dir='ltr'>ψαλμὺς</span> <span class='ocrx_word' id='word_1_309' title='bbox 1631 3833 1908 3904; x_wconf 81' lang='grc' dir='ltr'>μέμνηται</span> <span class='ocrx_word' id='word_1_310' title='bbox 1941 3831 2036 3901; x_wconf 74' lang='grc' dir='ltr'>φό-</span> 
     </span>
    </p>
   </div>
   <div class='ocr_carea' id='block_1_56' title="bbox 461 3926 2034 3998">
    <p class='ocr_par' dir='ltr' id='par_1_56' title="bbox 461 3926 2034 3998">
     <span class='ocr_line' id='line_1_56' title="bbox 461 3926 2034 3998; baseline -0.001 -20"><span class='ocrx_word' id='word_1_311' title='bbox 461 3926 580 3990; x_wconf 83' lang='grc' dir='ltr'>6ου,</span> <span class='ocrx_word' id='word_1_312' title='bbox 607 3927 830 3998; x_wconf 70' lang='grc' dir='ltr'>τρόμου,</span> <span class='ocrx_word' id='word_1_313' title='bbox 868 3928 963 3981; x_wconf 69' lang='grc' dir='ltr'><strong>καὶ</strong></span> <span class='ocrx_word' id='word_1_314' title='bbox 998 3927 1220 3992; x_wconf 83' lang='grc' dir='ltr'>σκότους</span> <span class='ocrx_word' id='word_1_315' title='bbox 1253 3926 1702 3998; x_wconf 58' lang='grc' dir='ltr'>ἁμαρτημάτων</span> <span class='ocrx_word' id='word_1_316' title='bbox 1745 3945 1763 3978; x_wconf 78' lang='grc' dir='ltr'><strong>ι</strong></span> <span class='ocrx_word' id='word_1_317' title='bbox 1795 3927 1902 3978; x_wconf 77' lang='grc' dir='ltr'><strong>Καὶ</strong></span> <span class='ocrx_word' id='word_1_318' title='bbox 1952 3927 2034 3988; x_wconf 85' lang='grc' dir='ltr'><strong>τίς</strong></span> 
     </span>
    </p>
   </div>
   <div class='ocr_carea' id='block_1_57' title="bbox 462 4014 2037 4090">
    <p class='ocr_par' dir='ltr' id='par_1_57' title="bbox 462 4014 2037 4090">
     <span class='ocr_line' id='line_1_57' title="bbox 462 4014 2037 4090; baseline -0.002 -21"><span class='ocrx_word' id='word_1_319' title='bbox 462 4014 627 4069; x_wconf 79' lang='grc' dir='ltr'>δώσει</span> <span class='ocrx_word' id='word_1_320' title='bbox 662 4034 772 4086; x_wconf 81' lang='grc' dir='ltr'>μοι,</span> <span class='ocrx_word' id='word_1_321' title='bbox 828 4019 978 4088; x_wconf 73' lang='grc' dir='ltr'>φησὶ,</span> <span class='ocrx_word' id='word_1_322' title='bbox 1017 4019 1296 4090; x_wconf 83' lang='grc' dir='ltr'>πτέρυγας</span> <span class='ocrx_word' id='word_1_323' title='bbox 1324 4017 1508 4081; x_wconf 71' lang='grc' dir='ltr'>καθὼς</span> <span class='ocrx_word' id='word_1_324' title='bbox 1549 4018 1900 4086; x_wconf 68' lang='grc' dir='ltr'>περιστερᾶς,</span> <span class='ocrx_word' id='word_1_325' title='bbox 1943 4016 2037 4068; x_wconf 78' lang='grc' dir='ltr'>καὶ</span> 
     </span>
    </p>
   </div>
   <div class='ocr_carea' id='block_1_58' title="bbox 474 4106 2038 4180">
    <p class='ocr_par' dir='ltr' id='par_1_58' title="bbox 474 4106 2038 4180">
     <span class='ocr_line' id='line_1_58' title="bbox 474 4106 2038 4180; baseline -0.001 -19"><span class='ocrx_word' id='word_1_326' title='bbox 474 4107 906 4180; x_wconf 84' lang='grc' dir='ltr'>πετασθήσομαι,</span> <span class='ocrx_word' id='word_1_327' title='bbox 943 4129 962 4161; x_wconf 70' lang='grc' dir='ltr'><strong>ι</strong></span> <span class='ocrx_word' id='word_1_328' title='bbox 1012 4110 1108 4163; x_wconf 79' lang='grc' dir='ltr'>καὶ</span> <span class='ocrx_word' id='word_1_329' title='bbox 1147 4108 1530 4180; x_wconf 78' lang='grc' dir='ltr'>ὑπερϐήσομαι</span> <span class='ocrx_word' id='word_1_330' title='bbox 1582 4107 1652 4160; x_wconf 83' lang='grc' dir='ltr'>τὰ</span> <span class='ocrx_word' id='word_1_331' title='bbox 1719 4106 2038 4176; x_wconf 69' lang='grc' dir='ltr'>ἐνοχλοῦντα</span> 
     </span>
    </p>
   </div>
   <div class='ocr_carea' id='block_1_59' title="bbox 463 4195 2039 4269">
    <p class='ocr_par' dir='ltr' id='par_1_59' title="bbox 463 4195 2039 4269">
     <span class='ocr_line' id='line_1_59' title="bbox 463 4195 2039 4269; baseline 0 -21"><span class='ocrx_word' id='word_1_332' title='bbox 463 4196 633 4262; x_wconf 79' lang='grc' dir='ltr'>κακὰ,</span> <span class='ocrx_word' id='word_1_333' title='bbox 664 4199 760 4252; x_wconf 74' lang='grc' dir='ltr'>καὶ</span> <span class='ocrx_word' id='word_1_334' title='bbox 815 4200 1008 4267; x_wconf 80' lang='grc' dir='ltr'>φθάσω</span> <span class='ocrx_word' id='word_1_335' title='bbox 1059 4199 1196 4269; x_wconf 78' lang='grc' dir='ltr'>πρὸς</span> <span class='ocrx_word' id='word_1_336' title='bbox 1241 4199 1332 4252; x_wconf 75' lang='grc' dir='ltr'>τὸν</span> <span class='ocrx_word' id='word_1_337' title='bbox 1361 4197 1516 4260; x_wconf 81' lang='grc' dir='ltr'>Θεὸν,</span> <span class='ocrx_word' id='word_1_338' title='bbox 1556 4198 1653 4250; x_wconf 74' lang='grc' dir='ltr'>καὶ</span> <span class='ocrx_word' id='word_1_339' title='bbox 1699 4195 2039 4248; x_wconf 84' lang='grc' dir='ltr'>καταπαύσω</span> 
     </span>
    </p>
   </div>
   <div class='ocr_carea' id='block_1_60' title="bbox 465 4285 2038 4359">
    <p class='ocr_par' dir='ltr' id='par_1_60' title="bbox 465 4285 2038 4359">
     <span class='ocr_line' id='line_1_60' title="bbox 465 4285 2038 4359; baseline -0.001 -19"><span class='ocrx_word' id='word_1_340' title='bbox 465 4289 603 4358; x_wconf 77' lang='grc' dir='ltr'>πρὸς</span> <span class='ocrx_word' id='word_1_341' title='bbox 649 4287 836 4354; x_wconf 81' lang='grc' dir='ltr'>αὐτὸν,</span> <span class='ocrx_word' id='word_1_342' title='bbox 866 4289 962 4342; x_wconf 75' lang='grc' dir='ltr'>καὶ</span> <span class='ocrx_word' id='word_1_343' title='bbox 1009 4288 1540 4359; x_wconf 82' lang='grc' dir='ltr'>προσαναπαύσομαι</span> <span class='ocrx_word' id='word_1_344' title='bbox 1579 4285 1659 4356; x_wconf 80' lang='grc' dir='ltr'><strong>τῷ</strong></span> <span class='ocrx_word' id='word_1_345' title='bbox 1695 4286 1810 4356; x_wconf 78' lang='grc' dir='ltr'>ἰδίῳ</span> <span class='ocrx_word' id='word_1_346' title='bbox 1850 4286 2038 4356; x_wconf 80' lang='grc' dir='ltr'>φιλαν-</span> 
     </span>
    </p>
   </div>
   <div class='ocr_carea' id='block_1_61' title="bbox 463 4373 2040 4450">
    <p class='ocr_par' dir='ltr' id='par_1_61' title="bbox 463 4373 2040 4450">
     <span class='ocr_line' id='line_1_61' title="bbox 463 4373 2040 4450; baseline -0.002 -21"><span class='ocrx_word' id='word_1_347' title='bbox 463 4377 670 4448; x_wconf 82' lang='grc' dir='ltr'>θρώπῳ</span> <span class='ocrx_word' id='word_1_348' title='bbox 699 4377 984 4450; x_wconf 72' lang='grc' dir='ltr'>Δεσπότης</span> <span class='ocrx_word' id='word_1_349' title='bbox 1014 4377 1187 4439; x_wconf 79' lang='grc' dir='ltr'>Αὐτὸς</span> <span class='ocrx_word' id='word_1_350' title='bbox 1215 4377 1325 4446; x_wconf 83' lang='grc' dir='ltr'>γάρ</span> <span class='ocrx_word' id='word_1_351' title='bbox 1359 4379 1506 4429; x_wconf 75' lang='grc' dir='ltr'>ἐστιν</span> <span class='ocrx_word' id='word_1_352' title='bbox 1535 4378 1567 4446; x_wconf 83' lang='grc' dir='ltr'>ἡ</span> <span class='ocrx_word' id='word_1_353' title='bbox 1597 4374 1902 4436; x_wconf 80' lang='grc' dir='ltr'>ἀνάπαυσις</span> <span class='ocrx_word' id='word_1_354' title='bbox 1929 4373 2040 4426; x_wconf 79' lang='grc' dir='ltr'><strong>τῶν</strong></span> 
     </span>
    </p>
   </div>
   <div class='ocr_carea' id='block_1_62' title="bbox 475 4468 2037 4542">
    <p class='ocr_par' dir='ltr' id='par_1_62' title="bbox 475 4468 2037 4542">
     <span class='ocr_line' id='line_1_62' title="bbox 475 4468 2037 4542; baseline -0.002 -20"><span class='ocrx_word' id='word_1_355' title='bbox 475 4471 533 4522; x_wconf 81' lang='grc' dir='ltr'>ἑν</span> <span class='ocrx_word' id='word_1_356' title='bbox 558 4472 672 4534; x_wconf 82' lang='grc' dir='ltr'>τοῖς</span> <span class='ocrx_word' id='word_1_357' title='bbox 707 4469 1000 4541; x_wconf 78' lang='grc' dir='ltr'>μοχθηροῖς</span> <span class='ocrx_word' id='word_1_358' title='bbox 1037 4469 1224 4542; x_wconf 72' lang='grc' dir='ltr'>ἱδρῶσι</span> <span class='ocrx_word' id='word_1_359' title='bbox 1260 4470 1361 4539; x_wconf 81' lang='grc' dir='ltr'>τῆς</span> <span class='ocrx_word' id='word_1_360' title='bbox 1389 4469 1666 4540; x_wconf 83' lang='grc' dir='ltr'>ἁμαρτίας</span> <span class='ocrx_word' id='word_1_361' title='bbox 1702 4468 2037 4536; x_wconf 74' lang='grc' dir='ltr'>κεκοπιημέο</span> 
     </span>
    </p>
   </div>
   <div class='ocr_carea' id='block_1_63' title="bbox 464 4555 2037 4629">
    <p class='ocr_par' dir='ltr' id='par_1_63' title="bbox 464 4555 2037 4629">
     <span class='ocr_line' id='line_1_63' title="bbox 464 4555 2037 4629; baseline 0 -19"><span class='ocrx_word' id='word_1_362' title='bbox 464 4575 570 4610; x_wconf 82' lang='grc' dir='ltr'><strong>νων</strong></span> <span class='ocrx_word' id='word_1_363' title='bbox 594 4576 609 4590; x_wconf 80' lang='grc'><em>’</em></span> <span class='ocrx_word' id='word_1_364' title='bbox 641 4559 768 4612; x_wconf 80' lang='grc' dir='ltr'>ὅθεν</span> <span class='ocrx_word' id='word_1_365' title='bbox 800 4559 928 4629; x_wconf 78' lang='grc' dir='ltr'>βοᾷο</span> <span class='ocrx_word' id='word_1_366' title='bbox 965 4577 983 4610; x_wconf 78' lang='lat' dir='ltr'><strong>r</strong></span> <span class='ocrx_word' id='word_1_367' title='bbox 1013 4557 1178 4613; x_wconf 84' lang='grc' dir='ltr'>Δεῦτε</span> <span class='ocrx_word' id='word_1_368' title='bbox 1209 4558 1344 4627; x_wconf 88' lang='grc' dir='ltr'>πρός</span> <span class='ocrx_word' id='word_1_369' title='bbox 1379 4575 1467 4628; x_wconf 89' lang='grc' dir='ltr'><strong>με,</strong></span> <span class='ocrx_word' id='word_1_370' title='bbox 1492 4558 1694 4620; x_wconf 77' lang='grc' dir='ltr'>πάντες</span> <span class='ocrx_word' id='word_1_371' title='bbox 1723 4559 1773 4610; x_wconf 88' lang='grc' dir='ltr'>οἱ</span> <span class='ocrx_word' id='word_1_372' title='bbox 1803 4555 2037 4610; x_wconf 73' lang='grc' dir='ltr'>κοπιῶν·</span> 
     </span>
    </p>
   </div>
   <div class='ocr_carea' id='block_1_64' title="bbox 466 4647 2030 4721">
    <p class='ocr_par' dir='ltr' id='par_1_64' title="bbox 466 4647 2030 4721">
     <span class='ocr_line' id='line_1_64' title="bbox 466 4647 2030 4721; baseline -0.001 -23"><span class='ocrx_word' id='word_1_373' title='bbox 466 4665 556 4710; x_wconf 78' lang='grc' dir='ltr'><strong>τις</strong></span> <span class='ocrx_word' id='word_1_374' title='bbox 602 4651 700 4702; x_wconf 78' lang='grc' dir='ltr'>καὶ</span> <span class='ocrx_word' id='word_1_375' title='bbox 762 4650 1208 4721; x_wconf 83' lang='grc' dir='ltr'>πεφορτισμένοι.</span> <span class='ocrx_word' id='word_1_376' title='bbox 1261 4647 1416 4717; x_wconf 87' lang='grc' dir='ltr'><strong>κάγὼ</strong></span> <span class='ocrx_word' id='word_1_377' title='bbox 1465 4647 1766 4702; x_wconf 86' lang='grc' dir='ltr'>ἀναπαύσω</span> <span class='ocrx_word' id='word_1_378' title='bbox 1813 4648 1975 4716; x_wconf 78' lang='grc' dir='ltr'>ὑμᾶς.</span> <span class='ocrx_word' id='word_1_379' title='bbox 2013 4665 2030 4697; x_wconf 78' lang='grc' dir='ltr'><strong>ι</strong></span> 
     </span>
    </p>
   </div>
   <div class='ocr_carea' id='block_1_65' title="bbox 465 4737 2039 4808">
    <p class='ocr_par' dir='ltr' id='par_1_65' title="bbox 465 4737 2039 4808">
     <span class='ocr_line' id='line_1_65' title="bbox 465 4737 2039 4808; baseline 0.001 -19"><span class='ocrx_word' id='word_1_380' title='bbox 465 4737 636 4800; x_wconf 68' lang='grc' dir='ltr'>Εἰδὼς</span> <span class='ocrx_word' id='word_1_381' title='bbox 667 4739 848 4793; x_wconf 83' lang='grc' dir='ltr'>τοίνυν</span> <span class='ocrx_word' id='word_1_382' title='bbox 878 4741 906 4792; x_wconf 87' lang='grc' dir='ltr'><strong>ό</strong></span> <span class='ocrx_word' id='word_1_383' title='bbox 945 4739 1130 4800; x_wconf 82' lang='grc' dir='ltr'>Δαυῒδ,</span> <span class='ocrx_word' id='word_1_384' title='bbox 1173 4739 1228 4791; x_wconf 90' lang='grc' dir='ltr'><strong>τί</strong></span> <span class='ocrx_word' id='word_1_385' title='bbox 1254 4739 1321 4792; x_wconf 79' lang='grc' dir='ltr'>δι’</span> <span class='ocrx_word' id='word_1_386' title='bbox 1359 4739 1480 4792; x_wconf 76' lang='grc' dir='ltr'>ὅλου</span> <span class='ocrx_word' id='word_1_387' title='bbox 1504 4739 1594 4792; x_wconf 89' lang='grc' dir='ltr'><strong>τοῦ</strong></span> <span class='ocrx_word' id='word_1_388' title='bbox 1643 4737 1857 4808; x_wconf 71' lang='grc' dir='ltr'>ψαλμοῦ</span> <span class='ocrx_word' id='word_1_389' title='bbox 1882 4738 2039 4790; x_wconf 75' lang='grc' dir='ltr'>λελά-</span> 
     </span>
    </p>
   </div>
   <div class='ocr_carea' id='block_1_66' title="bbox 465 4826 2040 4900">
    <p class='ocr_par' dir='ltr' id='par_1_66' title="bbox 465 4826 2040 4900">
     <span class='ocr_line' id='line_1_66' title="bbox 465 4826 2040 4900; baseline 0.003 -21"><span class='ocrx_word' id='word_1_390' title='bbox 465 4826 621 4897; x_wconf 84' lang='grc' dir='ltr'>ληκε,</span> <span class='ocrx_word' id='word_1_391' title='bbox 653 4831 748 4882; x_wconf 78' lang='grc' dir='ltr'>καὶ</span> <span class='ocrx_word' id='word_1_392' title='bbox 785 4829 1120 4900; x_wconf 77' lang='grc' dir='ltr'>ὀμματώσας</span> <span class='ocrx_word' id='word_1_393' title='bbox 1162 4829 1288 4892; x_wconf 81' lang='grc' dir='ltr'>τοὺς</span> <span class='ocrx_word' id='word_1_394' title='bbox 1319 4827 1777 4899; x_wconf 76' lang='grc' dir='ltr'>ἀγωνιζομένους,</span> <span class='ocrx_word' id='word_1_395' title='bbox 1815 4831 1907 4883; x_wconf 79' lang='grc' dir='ltr'><strong>καὶ</strong></span> <span class='ocrx_word' id='word_1_396' title='bbox 1934 4847 2040 4884; x_wconf 88' lang='grc' dir='ltr'>πα-</span> 
     </span>
    </p>
   </div>
   <div class='ocr_carea' id='block_1_67' title="bbox 469 4918 2042 4990">
    <p class='ocr_par' dir='ltr' id='par_1_67' title="bbox 469 4918 2042 4990">
     <span class='ocr_line' id='line_1_67' title="bbox 469 4918 2042 4990; baseline 0 -20"><span class='ocrx_word' id='word_1_397' title='bbox 469 4919 816 4988; x_wconf 68' lang='grc' dir='ltr'>ρασκευάσας</span> <span class='ocrx_word' id='word_1_398' title='bbox 848 4919 922 4990; x_wconf 82' lang='grc' dir='ltr'>μὴ</span> <span class='ocrx_word' id='word_1_399' title='bbox 956 4918 1357 4988; x_wconf 82' lang='grc' dir='ltr'>ἀπογινώσκειν</span> <span class='ocrx_word' id='word_1_400' title='bbox 1388 4921 1538 4983; x_wconf 84' lang='grc' dir='ltr'>ποτὲ,</span> <span class='ocrx_word' id='word_1_401' title='bbox 1575 4923 1654 4982; x_wconf 80' lang='grc' dir='ltr'><strong>εἰς</strong></span> <span class='ocrx_word' id='word_1_402' title='bbox 1684 4919 1872 4972; x_wconf 76' lang='grc' dir='ltr'>ἐλπίδα</span> <span class='ocrx_word' id='word_1_403' title='bbox 1911 4921 2042 4988; x_wconf 60' lang='grc' dir='ltr'>ἀγα.</span> 
     </span>
    </p>
   </div>
   <div class='ocr_carea' id='block_1_68' title="bbox 466 5007 1314 5079">
    <p class='ocr_par' dir='ltr' id='par_1_68' title="bbox 466 5007 1314 5079">
     <span class='ocr_line' id='line_1_68' title="bbox 466 5007 1314 5079; baseline 0.004 -19"><span class='ocrx_word' id='word_1_404' title='bbox 466 5007 568 5079; x_wconf 75' lang='grc' dir='ltr'>θὴν</span> <span class='ocrx_word' id='word_1_405' title='bbox 597 5009 686 5062; x_wconf 81' lang='grc' dir='ltr'>τὸν</span> <span class='ocrx_word' id='word_1_406' title='bbox 721 5009 935 5079; x_wconf 66' lang='grc' dir='ltr'>ψαλμὸν</span> <span class='ocrx_word' id='word_1_407' title='bbox 975 5010 1314 5064; x_wconf 82' lang='grc' dir='ltr'>καταπαύει.⁸</span> 
     </span>
    </p>
   </div>
   <div class='ocr_carea' id='block_1_69' title="bbox 985 5101 1524 5167">
    <p class='ocr_par' dir='ltr' id='par_1_69' title="bbox 985 5101 1524 5167">
     <span class='ocr_line' id='line_1_69' title="bbox 985 5101 1524 5167; baseline 0 -13"><span class='ocrx_word' id='word_1_408' title='bbox 985 5102 1112 5156; x_wconf 71' lang='lat' dir='ltr'><strong>Pb&quot;.</strong></span> <span class='ocrx_word' id='word_1_409' title='bbox 1137 5133 1202 5143; x_wconf 86' lang='grc'><strong><em>-</em></strong></span> <span class='ocrx_word' id='word_1_410' title='bbox 1232 5101 1314 5167; x_wconf 75' lang='grc' dir='ltr'><strong>Τῷ</strong></span> <span class='ocrx_word' id='word_1_411' title='bbox 1344 5101 1524 5166; x_wconf 81' lang='grc' dir='ltr'>αὐτῷ.</span> 
     </span>
    </p>
   </div>
   <div class='ocr_carea' id='block_1_70' title="bbox 555 5189 2045 5262">
    <p class='ocr_par' dir='ltr' id='par_1_70' title="bbox 555 5189 2045 5262">
     <span class='ocr_line' id='line_1_70' title="bbox 555 5189 2045 5262; baseline -0.001 -18"><span class='ocrx_word' id='word_1_412' title='bbox 555 5189 681 5244; x_wconf 83' lang='grc' dir='ltr'><strong>Ἐὰν</strong></span> <span class='ocrx_word' id='word_1_413' title='bbox 730 5193 890 5262; x_wconf 82' lang='grc' dir='ltr'>ἡμεῖς</span> <span class='ocrx_word' id='word_1_414' title='bbox 934 5193 1146 5255; x_wconf 84' lang='grc' dir='ltr'>ἀόκνως</span> <span class='ocrx_word' id='word_1_415' title='bbox 1203 5193 1512 5262; x_wconf 82' lang='grc' dir='ltr'>ὲκτελῶμεν</span> <span class='ocrx_word' id='word_1_416' title='bbox 1569 5193 1628 5243; x_wconf 70' lang='grc' dir='ltr'>τὸ</span> <span class='ocrx_word' id='word_1_417' title='bbox 1680 5193 2045 5261; x_wconf 73' lang='grc' dir='ltr'>πνευματικὸν</span> 
     </span>
    </p>
   </div>
   <div class='ocr_carea' id='block_1_71' title="bbox 467 5280 2045 5353">
    <p class='ocr_par' dir='ltr' id='par_1_71' title="bbox 467 5280 2045 5353">
     <span class='ocr_line' id='line_1_71' title="bbox 467 5280 2045 5353; baseline 0.001 -20"><span class='ocrx_word' id='word_1_418' title='bbox 467 5280 654 5350; x_wconf 71' lang='grc' dir='ltr'>ἔργον,</span> <span class='ocrx_word' id='word_1_419' title='bbox 687 5285 781 5336; x_wconf 73' lang='grc' dir='ltr'>καὶ</span> <span class='ocrx_word' id='word_1_420' title='bbox 823 5283 1197 5353; x_wconf 77' lang='grc' dir='ltr'>φροντίζωμεν</span> <span class='ocrx_word' id='word_1_421' title='bbox 1243 5283 1522 5352; x_wconf 73' lang='grc' dir='ltr'>νηφόντως</span> <span class='ocrx_word' id='word_1_422' title='bbox 1559 5283 1657 5353; x_wconf 70' lang='grc' dir='ltr'>τὴν</span> <span class='ocrx_word' id='word_1_423' title='bbox 1703 5299 2045 5352; x_wconf 76' lang='grc' dir='ltr'>κεχρεωστη-</span> 
     </span>
    </p>
   </div>
   <div class='ocr_carea' id='block_1_72' title="bbox 471 5373 2045 5444">
    <p class='ocr_par' dir='ltr' id='par_1_72' title="bbox 471 5373 2045 5444">
     <span class='ocr_line' id='line_1_72' title="bbox 471 5373 2045 5444; baseline 0 -20"><span class='ocrx_word' id='word_1_424' title='bbox 471 5373 644 5442; x_wconf 77' lang='grc' dir='ltr'>μένην</span> <span class='ocrx_word' id='word_1_425' title='bbox 669 5376 802 5444; x_wconf 77' lang='grc' dir='ltr'>ἡμῖν</span> <span class='ocrx_word' id='word_1_426' title='bbox 837 5373 931 5428; x_wconf 76' lang='grc' dir='ltr'><strong>τοῦ</strong></span> <span class='ocrx_word' id='word_1_427' title='bbox 955 5375 1178 5438; x_wconf 84' lang='grc' dir='ltr'>κανόνος</span> <span class='ocrx_word' id='word_1_428' title='bbox 1204 5376 1296 5428; x_wconf 83' lang='grc' dir='ltr'><strong>τοῦ</strong></span> <span class='ocrx_word' id='word_1_429' title='bbox 1331 5379 1501 5427; x_wconf 87' lang='grc' dir='ltr'>ποιεῖν</span> <span class='ocrx_word' id='word_1_430' title='bbox 1531 5374 1852 5444; x_wconf 79' lang='grc' dir='ltr'>ὑπηρεσίαν,</span> <span class='ocrx_word' id='word_1_431' title='bbox 1887 5375 2045 5443; x_wconf 69' lang='grc' dir='ltr'>δῆλον</span> 
     </span>
    </p>
   </div>
   <div class='ocr_carea' id='block_1_73' title="bbox 467 5463 2042 5536">
    <p class='ocr_par' dir='ltr' id='par_1_73' title="bbox 467 5463 2042 5536">
     <span class='ocr_line' id='line_1_73' title="bbox 467 5463 2042 5536; baseline 0 -20"><span class='ocrx_word' id='word_1_432' title='bbox 467 5464 555 5517; x_wconf 78' lang='grc' dir='ltr'>ὅτι</span> <span class='ocrx_word' id='word_1_433' title='bbox 583 5463 764 5533; x_wconf 77' lang='grc' dir='ltr'>πολλῷ</span> <span class='ocrx_word' id='word_1_434' title='bbox 804 5465 962 5518; x_wconf 73' lang='grc' dir='ltr'>πλέον</span> <span class='ocrx_word' id='word_1_435' title='bbox 1001 5466 1030 5518; x_wconf 84' lang='grc' dir='ltr'>ὁ</span> <span class='ocrx_word' id='word_1_436' title='bbox 1068 5466 1198 5528; x_wconf 74' lang='grc' dir='ltr'>Θεὸς</span> <span class='ocrx_word' id='word_1_437' title='bbox 1239 5467 1538 5536; x_wconf 78' lang='grc' dir='ltr'>φροντίζων</span> <span class='ocrx_word' id='word_1_438' title='bbox 1593 5465 1751 5534; x_wconf 70' lang='grc' dir='ltr'>ἡμῶν</span> <span class='ocrx_word' id='word_1_439' title='bbox 1785 5465 2042 5536; x_wconf 76' lang='grc' dir='ltr'>διεγείρει</span> 
     </span>
    </p>
   </div>
   <div class='ocr_carea' id='block_1_74' title="bbox 468 5554 2043 5628">
    <p class='ocr_par' dir='ltr' id='par_1_74' title="bbox 468 5554 2043 5628">
     <span class='ocr_line' id='line_1_74' title="bbox 468 5554 2043 5628; baseline 0.006 -26"><span class='ocrx_word' id='word_1_440' title='bbox 468 5554 652 5624; x_wconf 57' lang='grc' dir='ltr'>ᾁυχὰς</span> <span class='ocrx_word' id='word_1_441' title='bbox 705 5555 1098 5620; x_wconf 72' lang='grc' dir='ltr'>εὐσεϐεστάτας</span> <span class='ocrx_word' id='word_1_442' title='bbox 1146 5561 1278 5628; x_wconf 69' lang='grc' dir='ltr'>πρὶς</span> <span class='ocrx_word' id='word_1_443' title='bbox 1324 5561 1382 5610; x_wconf 71' lang='grc' dir='ltr'>τὸ</span> <span class='ocrx_word' id='word_1_444' title='bbox 1422 5559 1596 5611; x_wconf 73' lang='grc' dir='ltr'>πάντα</span> <span class='ocrx_word' id='word_1_445' title='bbox 1645 5557 1712 5610; x_wconf 75' lang='grc' dir='ltr'><strong>τὰ</strong></span> <span class='ocrx_word' id='word_1_446' title='bbox 1761 5557 1895 5628; x_wconf 60' lang='grc' dir='ltr'>πρὸς</span> <span class='ocrx_word' id='word_1_447' title='bbox 1946 5561 2043 5620; x_wconf 64' lang='grc' dir='ltr'>τὰς</span> 
     </span>
    </p>
   </div>
   <div class='ocr_carea' id='block_1_75' title="bbox 550 5731 1546 5796">
    <p class='ocr_par' dir='ltr' id='par_1_75' title="bbox 550 5731 1546 5796">
     <span class='ocr_line' id='line_1_75' title="bbox 550 5731 1546 5796; baseline 0.005 -12"><span class='ocrx_word' id='word_1_448' title='bbox 550 5732 592 5766; x_wconf 68' lang='grc' dir='ltr'><strong>’τ</strong></span> <span class='ocrx_word' id='word_1_449' title='bbox 623 5731 772 5784; x_wconf 82' lang='lat' dir='ltr'><strong>Psal.</strong></span> <span class='ocrx_word' id='word_1_450' title='bbox 801 5746 908 5796; x_wconf 81' lang='lat' dir='ltr'><strong>Ltv,</strong></span> <span class='ocrx_word' id='word_1_451' title='bbox 945 5732 996 5784; x_wconf 85' lang='grc'><strong>’1.</strong></span> <span class='ocrx_word' id='word_1_452' title='bbox 1077 5733 1114 5762; x_wconf 82' lang='grc'><strong>¹⁸</strong></span> <span class='ocrx_word' id='word_1_453' title='bbox 1137 5732 1180 5784; x_wconf 73' lang='grc' dir='ltr'><strong>Μ</strong></span> <span class='ocrx_word' id='word_1_454' title='bbox 1203 5735 1296 5786; x_wconf 70' lang='grc' dir='ltr'>ιιιίι</span> <span class='ocrx_word' id='word_1_455' title='bbox 1351 5751 1424 5793; x_wconf 66' lang='lat' dir='ltr'><strong>st,</strong></span> <span class='ocrx_word' id='word_1_456' title='bbox 1455 5735 1546 5789; x_wconf 60' lang='grc' dir='ltr'><strong>Ἠ.</strong></span> 
     </span>
    </p>
   </div>
   <div class='ocr_carea' id='block_1_76' title="bbox 2129 1932 3702 2004">
    <p class='ocr_par' dir='ltr' id='par_1_76' title="bbox 2129 1932 3702 2004">
     <span class='ocr_line' id='line_1_76' title="bbox 2129 1932 3702 2004; baseline -0.001 -17"><span class='ocrx_word' id='word_1_457' title='bbox 2129 1933 2339 1988; x_wconf 86' lang='lat' dir='ltr'><strong>sionem</strong></span> <span class='ocrx_word' id='word_1_458' title='bbox 2399 1933 2658 2001; x_wconf 76' lang='lat' dir='ltr'><strong>violavit,</strong></span> <span class='ocrx_word' id='word_1_459' title='bbox 2730 1933 3047 2003; x_wconf 87' lang='lat' dir='ltr'><strong>diciturque</strong></span> <span class='ocrx_word' id='word_1_460' title='bbox 3113 1933 3380 2004; x_wconf 90' lang='lat' dir='ltr'><strong>proditor.</strong></span> <span class='ocrx_word' id='word_1_461' title='bbox 3451 1932 3702 1989; x_wconf 85' lang='lat' dir='ltr'><strong>Prodidit</strong></span> 
     </span>
    </p>
   </div>
   <div class='ocr_carea' id='block_1_77' title="bbox 2127 2025 3570 2097">
    <p class='ocr_par' dir='ltr' id='par_1_77' title="bbox 2127 2025 3570 2097">
     <span class='ocr_line' id='line_1_77' title="bbox 2127 2025 3570 2097; baseline -0.001 -16"><span class='ocrx_word' id='word_1_462' title='bbox 2127 2026 2296 2090; x_wconf 90' lang='lat' dir='ltr'><strong>enim,</strong></span> <span class='ocrx_word' id='word_1_463' title='bbox 2331 2040 2497 2094; x_wconf 87' lang='lat' dir='ltr'><strong>quam</strong></span> <span class='ocrx_word' id='word_1_464' title='bbox 2525 2027 2680 2096; x_wconf 86' lang='lat' dir='ltr'><strong>prius</strong></span> <span class='ocrx_word' id='word_1_465' title='bbox 2725 2025 3011 2097; x_wconf 80' lang='lat' dir='ltr'><strong>amplexus</strong></span> <span class='ocrx_word' id='word_1_466' title='bbox 3043 2026 3243 2094; x_wconf 80' lang='lat' dir='ltr'><strong>fuerat,</strong></span> <span class='ocrx_word' id='word_1_467' title='bbox 3283 2025 3570 2080; x_wconf 86' lang='lat' dir='ltr'><strong>rationem.</strong></span> 
     </span>
    </p>
   </div>
   <div class='ocr_carea' id='block_1_78' title="bbox 2134 2205 3701 2282">
    <p class='ocr_par' dir='ltr' id='par_1_78' title="bbox 2134 2205 3701 2282">
     <span class='ocr_line' id='line_1_78' title="bbox 2134 2205 3701 2282; baseline 0.003 -21"><span class='ocrx_word' id='word_1_468' title='bbox 2134 2212 2296 2282; x_wconf 70' lang='lat'><strong>166</strong></span> <span class='ocrx_word' id='word_1_469' title='bbox 2322 2241 2394 2254; x_wconf 79' lang='lat'><strong>—-</strong></span> <span class='ocrx_word' id='word_1_470' title='bbox 2423 2209 2531 2265; x_wconf 86' lang='lat' dir='ltr'><strong>CII.</strong></span> <span class='ocrx_word' id='word_1_471' title='bbox 2555 2239 2625 2251; x_wconf 93' lang='lat'><strong>-—</strong></span> <span class='ocrx_word' id='word_1_472' title='bbox 2646 2207 3046 2266; x_wconf 81' lang='lat' dir='ltr'><strong>EUSTATIIIO</strong></span> <span class='ocrx_word' id='word_1_473' title='bbox 3076 2205 3701 2265; x_wconf 70' lang='lat' dir='ltr'><strong>ARCIIIMANDRITA‘I.</strong></span> 
     </span>
    </p>
   </div>
   <div class='ocr_carea' id='block_1_79' title="bbox 2200 2300 3708 2370">
    <p class='ocr_par' dir='ltr' id='par_1_79' title="bbox 2200 2300 3708 2370">
     <span class='ocr_line' id='line_1_79' title="bbox 2200 2300 3708 2370; baseline -0.003 -14"><span class='ocrx_word' id='word_1_474' title='bbox 2200 2301 2524 2357; x_wconf 90' lang='lat' dir='ltr'><strong>Tumcntem</strong></span> <span class='ocrx_word' id='word_1_475' title='bbox 2563 2303 2844 2357; x_wconf 85' lang='lat' dir='ltr'><strong>sacculum</strong></span> <span class='ocrx_word' id='word_1_476' title='bbox 2891 2300 3180 2370; x_wconf 78' lang='lat' dir='ltr'><strong>diligenter</strong></span> <span class='ocrx_word' id='word_1_477' title='bbox 3223 2301 3382 2363; x_wconf 85' lang='lat' dir='ltr'><strong>colis,</strong></span> <span class='ocrx_word' id='word_1_478' title='bbox 3415 2300 3708 2368; x_wconf 87' lang='lat' dir='ltr'><strong>carnisque</strong></span> 
     </span>
    </p>
   </div>
   <div class='ocr_carea' id='block_1_80' title="bbox 2131 2391 3710 2464">
    <p class='ocr_par' dir='ltr' id='par_1_80' title="bbox 2131 2391 3710 2464">
     <span class='ocr_line' id='line_1_80' title="bbox 2131 2391 3710 2464; baseline -0.003 -16"><span class='ocrx_word' id='word_1_479' title='bbox 2131 2391 2516 2464; x_wconf 75' lang='lat' dir='ltr'><strong>pinguedinem</strong></span> <span class='ocrx_word' id='word_1_480' title='bbox 2546 2393 2802 2446; x_wconf 89' lang='lat' dir='ltr'><strong>alacriter</strong></span> <span class='ocrx_word' id='word_1_481' title='bbox 2837 2407 3103 2458; x_wconf 84' lang='lat' dir='ltr'><strong>procuras</strong></span> <span class='ocrx_word' id='word_1_482' title='bbox 3125 2432 3140 2457; x_wconf 95' lang='lat'><strong>,</strong></span> <span class='ocrx_word' id='word_1_483' title='bbox 3187 2392 3422 2461; x_wconf 89' lang='lat' dir='ltr'><strong>tcipsum</strong></span> <span class='ocrx_word' id='word_1_484' title='bbox 3461 2405 3615 2461; x_wconf 71' lang='lat' dir='ltr'><strong>teque</strong></span> <span class='ocrx_word' id='word_1_485' title='bbox 3641 2406 3710 2444; x_wconf 87' lang='lat' dir='ltr'><strong>ac</strong></span> 
     </span>
    </p>
   </div>
   <div class='ocr_carea' id='block_1_81' title="bbox 2131 2477 3704 2550">
    <p class='ocr_par' dir='ltr' id='par_1_81' title="bbox 2131 2477 3704 2550">
     <span class='ocr_line' id='line_1_81' title="bbox 2131 2477 3704 2550; baseline -0.002 -16"><span class='ocrx_word' id='word_1_486' title='bbox 2131 2481 2249 2535; x_wconf 87' lang='lat' dir='ltr'><strong>avis</strong></span> <span class='ocrx_word' id='word_1_487' title='bbox 2279 2479 2601 2535; x_wconf 87' lang='lat' dir='ltr'><strong>intenebris</strong></span> <span class='ocrx_word' id='word_1_488' title='bbox 2633 2479 2962 2550; x_wconf 78' lang='lat' dir='ltr'><strong>ignorantia:</strong></span> <span class='ocrx_word' id='word_1_489' title='bbox 3001 2480 3271 2535; x_wconf 78' lang='lat' dir='ltr'><strong>nutriens.</strong></span> <span class='ocrx_word' id='word_1_490' title='bbox 3314 2477 3378 2532; x_wconf 84' lang='lat' dir='ltr'><strong>Et</strong></span> <span class='ocrx_word' id='word_1_491' title='bbox 3409 2494 3704 2549; x_wconf 83' lang='lat' dir='ltr'><strong>quamnam</strong></span> 
     </span>
    </p>
   </div>
   <div class='ocr_carea' id='block_1_82' title="bbox 2133 2571 3706 2642">
    <p class='ocr_par' dir='ltr' id='par_1_82' title="bbox 2133 2571 3706 2642">
     <span class='ocr_line' id='line_1_82' title="bbox 2133 2571 3706 2642; baseline -0.001 -18"><span class='ocrx_word' id='word_1_492' title='bbox 2133 2573 2230 2625; x_wconf 88' lang='lat' dir='ltr'><strong>tibi</strong></span> <span class='ocrx_word' id='word_1_493' title='bbox 2263 2572 2569 2626; x_wconf 88' lang='lat' dir='ltr'><strong>libertatem</strong></span> <span class='ocrx_word' id='word_1_494' title='bbox 2605 2571 2826 2626; x_wconf 89' lang='lat' dir='ltr'><strong>dicendi</strong></span> <span class='ocrx_word' id='word_1_495' title='bbox 2856 2572 3228 2642; x_wconf 80' lang='lat' dir='ltr'><strong>comparabis,</strong></span> <span class='ocrx_word' id='word_1_496' title='bbox 3268 2587 3392 2626; x_wconf 89' lang='lat' dir='ltr'><strong>cum</strong></span> <span class='ocrx_word' id='word_1_497' title='bbox 3426 2571 3518 2642; x_wconf 87' lang='lat' dir='ltr'><strong>qui</strong></span> <span class='ocrx_word' id='word_1_498' title='bbox 3559 2571 3706 2642; x_wconf 81' lang='lat' dir='ltr'><strong>judi-</strong></span> 
     </span>
    </p>
   </div>
   <div class='ocr_carea' id='block_1_83' title="bbox 2135 2657 2790 2719">
    <p class='ocr_par' dir='ltr' id='par_1_83' title="bbox 2135 2657 2790 2719">
     <span class='ocr_line' id='line_1_83' title="bbox 2135 2657 2790 2719; baseline 0 -4"><span class='ocrx_word' id='word_1_499' title='bbox 2135 2669 2226 2717; x_wconf 67' lang='grc' dir='ltr'><strong>σοι</strong></span> <span class='ocrx_word' id='word_1_500' title='bbox 2245 2657 2429 2718; x_wconf 77' lang='lat' dir='ltr'><strong>omnia</strong></span> <span class='ocrx_word' id='word_1_501' title='bbox 2461 2663 2790 2719; x_wconf 80' lang='lat' dir='ltr'><strong>advenerit?</strong></span> 
     </span>
    </p>
   </div>
   <div class='ocr_carea' id='block_1_84' title="bbox 2405 2751 3438 2809">
    <p class='ocr_par' dir='ltr' id='par_1_84' title="bbox 2405 2751 3438 2809">
     <span class='ocr_line' id='line_1_84' title="bbox 2405 2751 3438 2809; baseline 0 -1"><span class='ocrx_word' id='word_1_502' title='bbox 2405 2751 2537 2808; x_wconf 89' lang='lat' dir='ltr'><strong>CIII.</strong></span> <span class='ocrx_word' id='word_1_503' title='bbox 2571 2785 2644 2795; x_wconf 93' lang='lat'><strong>--</strong></span> <span class='ocrx_word' id='word_1_504' title='bbox 2685 2751 3048 2809; x_wconf 72' lang='lat' dir='ltr'><strong>EUMATIIIO</strong></span> <span class='ocrx_word' id='word_1_505' title='bbox 3084 2751 3438 2808; x_wconf 77' lang='lat' dir='ltr'><strong>MONACIIO.</strong></span> 
     </span>
    </p>
   </div>
   <div class='ocr_carea' id='block_1_85' title="bbox 2201 2842 3706 2916">
    <p class='ocr_par' dir='ltr' id='par_1_85' title="bbox 2201 2842 3706 2916">
     <span class='ocr_line' id='line_1_85' title="bbox 2201 2842 3706 2916; baseline 0.001 -19"><span class='ocrx_word' id='word_1_506' title='bbox 2201 2842 2338 2897; x_wconf 87' lang='lat' dir='ltr'><strong>Cum</strong></span> <span class='ocrx_word' id='word_1_507' title='bbox 2377 2861 2444 2900; x_wconf 80' lang='lat' dir='ltr'><strong>ex</strong></span> <span class='ocrx_word' id='word_1_508' title='bbox 2496 2845 2760 2900; x_wconf 75' lang='lat' dir='ltr'><strong>fratribus</strong></span> <span class='ocrx_word' id='word_1_509' title='bbox 2800 2846 3073 2911; x_wconf 88' lang='lat' dir='ltr'><strong>nonnulli,</strong></span> <span class='ocrx_word' id='word_1_510' title='bbox 3130 2854 3424 2916; x_wconf 79' lang='lat' dir='ltr'><strong>antequam</strong></span> <span class='ocrx_word' id='word_1_511' title='bbox 3480 2847 3706 2900; x_wconf 89' lang='lat' dir='ltr'><strong>omnino</strong></span> 
     </span>
    </p>
   </div>
   <div class='ocr_carea' id='block_1_86' title="bbox 2136 2934 3707 3006">
    <p class='ocr_par' dir='ltr' id='par_1_86' title="bbox 2136 2934 3707 3006">
     <span class='ocr_line' id='line_1_86' title="bbox 2136 2934 3707 3006; baseline 0.004 -19"><span class='ocrx_word' id='word_1_512' title='bbox 2136 2935 2330 2989; x_wconf 82' lang='lat' dir='ltr'><strong>sordes</strong></span> <span class='ocrx_word' id='word_1_513' title='bbox 2359 2934 2659 3005; x_wconf 85' lang='lat' dir='ltr'><strong>deponant,</strong></span> <span class='ocrx_word' id='word_1_514' title='bbox 2695 2946 2751 2991; x_wconf 89' lang='lat' dir='ltr'><strong>et</strong></span> <span class='ocrx_word' id='word_1_515' title='bbox 2781 2936 3132 3006; x_wconf 83' lang='lat' dir='ltr'><strong>perfectioris</strong></span> <span class='ocrx_word' id='word_1_516' title='bbox 3162 2939 3387 2994; x_wconf 86' lang='lat' dir='ltr'><strong>habitus</strong></span> <span class='ocrx_word' id='word_1_517' title='bbox 3415 2939 3707 3006; x_wconf 82' lang='lat' dir='ltr'><strong>participes</strong></span> 
     </span>
    </p>
   </div>
   <div class='ocr_carea' id='block_1_87' title="bbox 2137 3025 3710 3098">
    <p class='ocr_par' dir='ltr' id='par_1_87' title="bbox 2137 3025 3710 3098">
     <span class='ocr_line' id='line_1_87' title="bbox 2137 3025 3710 3098; baseline 0.003 -20"><span class='ocrx_word' id='word_1_518' title='bbox 2137 3025 2288 3090; x_wconf 81' lang='lat' dir='ltr'><strong>ﬁant,</strong></span> <span class='ocrx_word' id='word_1_519' title='bbox 2318 3026 2518 3081; x_wconf 88' lang='lat' dir='ltr'><strong>docere</strong></span> <span class='ocrx_word' id='word_1_520' title='bbox 2547 3028 2961 3098; x_wconf 79' lang='lat' dir='ltr'><strong>aggrediuntur,</strong></span> <span class='ocrx_word' id='word_1_521' title='bbox 3001 3037 3132 3082; x_wconf 90' lang='lat' dir='ltr'><strong>tunc</strong></span> <span class='ocrx_word' id='word_1_522' title='bbox 3157 3027 3432 3084; x_wconf 63' lang='lat' dir='ltr'><strong>daemones</strong></span> <span class='ocrx_word' id='word_1_523' title='bbox 3457 3045 3562 3082; x_wconf 88' lang='lat' dir='ltr'><strong>non</strong></span> <span class='ocrx_word' id='word_1_524' title='bbox 3587 3028 3710 3082; x_wconf 86' lang='lat' dir='ltr'><strong>sine</strong></span> 
     </span>
    </p>
   </div>
   <div class='ocr_carea' id='block_1_88' title="bbox 2138 3116 3710 3186">
    <p class='ocr_par' dir='ltr' id='par_1_88' title="bbox 2138 3116 3710 3186">
     <span class='ocr_line' id='line_1_88' title="bbox 2138 3116 3710 3186; baseline 0.003 -18"><span class='ocrx_word' id='word_1_525' title='bbox 2138 3117 2274 3172; x_wconf 86' lang='lat' dir='ltr'><strong>risu.</strong></span> <span class='ocrx_word' id='word_1_526' title='bbox 2321 3117 2463 3170; x_wconf 86' lang='lat' dir='ltr'><strong>inter</strong></span> <span class='ocrx_word' id='word_1_527' title='bbox 2507 3132 2564 3171; x_wconf 90' lang='lat' dir='ltr'><strong>se</strong></span> <span class='ocrx_word' id='word_1_528' title='bbox 2603 3116 2831 3172; x_wconf 87' lang='lat' dir='ltr'><strong>nutibus</strong></span> <span class='ocrx_word' id='word_1_529' title='bbox 2864 3117 3131 3182; x_wconf 82' lang='lat' dir='ltr'><strong>indicant,</strong></span> <span class='ocrx_word' id='word_1_530' title='bbox 3174 3117 3289 3172; x_wconf 70' lang='lat' dir='ltr'><strong>bwc</strong></span> <span class='ocrx_word' id='word_1_531' title='bbox 3329 3117 3710 3186; x_wconf 85' lang='lat' dir='ltr'><strong>colloquentes</strong></span> 
     </span>
    </p>
   </div>
   <div class='ocr_carea' id='block_1_89' title="bbox 2136 3204 3706 3278">
    <p class='ocr_par' dir='ltr' id='par_1_89' title="bbox 2136 3204 3706 3278">
     <span class='ocr_line' id='line_1_89' title="bbox 2136 3204 3706 3278; baseline 0.001 -19"><span class='ocrx_word' id='word_1_532' title='bbox 2136 3206 2536 3274; x_wconf 82' lang='lat' dir='ltr'><strong>dicentesque;</strong></span> <span class='ocrx_word' id='word_1_533' title='bbox 2579 3204 2678 3260; x_wconf 86' lang='lat' dir='ltr'><strong>llic</strong></span> <span class='ocrx_word' id='word_1_534' title='bbox 2733 3215 3046 3277; x_wconf 90' lang='lat' dir='ltr'><strong>opportuno</strong></span> <span class='ocrx_word' id='word_1_535' title='bbox 3095 3215 3340 3278; x_wconf 79' lang='lat' dir='ltr'><strong>tempore</strong></span> <span class='ocrx_word' id='word_1_536' title='bbox 3379 3217 3566 3262; x_wconf 86' lang='lat' dir='ltr'><strong>nostra</strong></span> <span class='ocrx_word' id='word_1_537' title='bbox 3603 3210 3706 3262; x_wconf 81' lang='lat' dir='ltr'><strong>erit</strong></span> 
     </span>
    </p>
   </div>
   <div class='ocr_carea' id='block_1_90' title="bbox 2132 3293 3710 3366">
    <p class='ocr_par' dir='ltr' id='par_1_90' title="bbox 2132 3293 3710 3366">
     <span class='ocr_line' id='line_1_90' title="bbox 2132 3293 3710 3366; baseline 0.002 -20"><span class='ocrx_word' id='word_1_538' title='bbox 2132 3293 2338 3365; x_wconf 68' lang='lat' dir='ltr'><strong>praeda,</strong></span> <span class='ocrx_word' id='word_1_539' title='bbox 2368 3309 2493 3350; x_wconf 90' lang='lat' dir='ltr'><strong>cum</strong></span> <span class='ocrx_word' id='word_1_540' title='bbox 2530 3302 2730 3366; x_wconf 65' lang='lat' dir='ltr'><strong>praeter</strong></span> <span class='ocrx_word' id='word_1_541' title='bbox 2760 3304 2996 3352; x_wconf 86' lang='lat' dir='ltr'><strong>mentem</strong></span> <span class='ocrx_word' id='word_1_542' title='bbox 3025 3294 3242 3351; x_wconf 89' lang='lat' dir='ltr'><strong>Domini</strong></span> <span class='ocrx_word' id='word_1_543' title='bbox 3270 3298 3412 3352; x_wconf 90' lang='lat' dir='ltr'><strong>alios</strong></span> <span class='ocrx_word' id='word_1_544' title='bbox 3437 3297 3710 3352; x_wconf 83' lang='lat' dir='ltr'><strong>instruere</strong></span> 
     </span>
    </p>
   </div>
   <div class='ocr_carea' id='block_1_91' title="bbox 2133 3384 3708 3457">
    <p class='ocr_par' dir='ltr' id='par_1_91' title="bbox 2133 3384 3708 3457">
     <span class='ocr_line' id='line_1_91' title="bbox 2133 3384 3708 3457; baseline 0.001 -19"><span class='ocrx_word' id='word_1_545' title='bbox 2133 3384 2319 3440; x_wconf 78' lang='lat' dir='ltr'><strong>audet.</strong></span> <span class='ocrx_word' id='word_1_546' title='bbox 2362 3385 2730 3457; x_wconf 80' lang='lat' dir='ltr'><strong>Quapropter,</strong></span> <span class='ocrx_word' id='word_1_547' title='bbox 2771 3402 2843 3442; x_wconf 88' lang='lat' dir='ltr'><strong>ne</strong></span> <span class='ocrx_word' id='word_1_548' title='bbox 2889 3386 3074 3442; x_wconf 86' lang='lat' dir='ltr'><strong>acerbi</strong></span> <span class='ocrx_word' id='word_1_549' title='bbox 3113 3385 3313 3452; x_wconf 84' lang='lat' dir='ltr'><strong>adhuc,</strong></span> <span class='ocrx_word' id='word_1_550' title='bbox 3348 3402 3448 3442; x_wconf 88' lang='lat' dir='ltr'><strong>nec</strong></span> <span class='ocrx_word' id='word_1_551' title='bbox 3493 3395 3708 3440; x_wconf 83' lang='lat' dir='ltr'><strong>matura</strong></span> 
     </span>
    </p>
   </div>
   <div class='ocr_carea' id='block_1_92' title="bbox 2134 3478 3712 3550">
    <p class='ocr_par' dir='ltr' id='par_1_92' title="bbox 2134 3478 3712 3550">
     <span class='ocr_line' id='line_1_92' title="bbox 2134 3478 3712 3550; baseline 0.001 -19"><span class='ocrx_word' id='word_1_552' title='bbox 2134 3492 2235 3532; x_wconf 87' lang='lat' dir='ltr'><strong>uva</strong></span> <span class='ocrx_word' id='word_1_553' title='bbox 2262 3489 2579 3548; x_wconf 87' lang='lat' dir='ltr'><strong>comparata</strong></span> <span class='ocrx_word' id='word_1_554' title='bbox 2613 3479 2992 3544; x_wconf 85' lang='lat' dir='ltr'><strong>adhortemur,</strong></span> <span class='ocrx_word' id='word_1_555' title='bbox 3042 3478 3292 3550; x_wconf 83' lang='lat' dir='ltr'><strong>aliosque</strong></span> <span class='ocrx_word' id='word_1_556' title='bbox 3325 3479 3670 3535; x_wconf 82' lang='lat' dir='ltr'><strong>instruamus</strong></span> <span class='ocrx_word' id='word_1_557' title='bbox 3692 3518 3712 3540; x_wconf 78' lang='lat'><strong>,</strong></span> 
     </span>
    </p>
   </div>
   <div class='ocr_carea' id='block_1_93' title="bbox 2135 3567 3160 3640">
    <p class='ocr_par' dir='ltr' id='par_1_93' title="bbox 2135 3567 3160 3640">
     <span class='ocr_line' id='line_1_93' title="bbox 2135 3567 3160 3640; baseline 0 -18"><span class='ocrx_word' id='word_1_558' title='bbox 2135 3585 2202 3623; x_wconf 84' lang='lat' dir='ltr'><strong>ne</strong></span> <span class='ocrx_word' id='word_1_559' title='bbox 2239 3568 2584 3625; x_wconf 65' lang='lat' dir='ltr'><strong>daemonibus</strong></span> <span class='ocrx_word' id='word_1_560' title='bbox 2613 3567 2779 3623; x_wconf 90' lang='lat' dir='ltr'><strong>ludus</strong></span> <span class='ocrx_word' id='word_1_561' title='bbox 2809 3568 3160 3640; x_wconf 85' lang='lat' dir='ltr'><strong>objiciamur.</strong></span> 
     </span>
    </p>
   </div>
   <div class='ocr_carea' id='block_1_94' title="bbox 2404 3742 3426 3800">
    <p class='ocr_par' dir='ltr' id='par_1_94' title="bbox 2404 3742 3426 3800">
     <span class='ocr_line' id='line_1_94' title="bbox 2404 3742 3426 3800; baseline -0.002 0"><span class='ocrx_word' id='word_1_562' title='bbox 2404 3744 2536 3800; x_wconf 82' lang='lat' dir='ltr'><strong>CIV.</strong></span> <span class='ocrx_word' id='word_1_563' title='bbox 2577 3775 2644 3788; x_wconf 88' lang='lat'><strong>—--</strong></span> <span class='ocrx_word' id='word_1_564' title='bbox 2676 3742 3033 3799; x_wconf 81' lang='lat' dir='ltr'><strong>EUPIIEMIO</strong></span> <span class='ocrx_word' id='word_1_565' title='bbox 3069 3742 3426 3800; x_wconf 72' lang='lat' dir='ltr'><strong>MONACIIO.</strong></span> 
     </span>
    </p>
   </div>
   <div class='ocr_carea' id='block_1_95' title="bbox 2207 3832 3702 3904">
    <p class='ocr_par' dir='ltr' id='par_1_95' title="bbox 2207 3832 3702 3904">
     <span class='ocr_line' id='line_1_95' title="bbox 2207 3832 3702 3904; baseline 0.003 -20"><span class='ocrx_word' id='word_1_566' title='bbox 2207 3832 2707 3904; x_wconf 77' lang='lat' dir='ltr'><strong>Quinquagesimus</strong></span> <span class='ocrx_word' id='word_1_567' title='bbox 2754 3842 2989 3902; x_wconf 89' lang='lat' dir='ltr'><strong>quartus</strong></span> <span class='ocrx_word' id='word_1_568' title='bbox 3047 3835 3288 3903; x_wconf 87' lang='lat' dir='ltr'><strong>psalmus</strong></span> <span class='ocrx_word' id='word_1_569' title='bbox 3333 3843 3542 3892; x_wconf 88' lang='lat' dir='ltr'><strong>metus,</strong></span> <span class='ocrx_word' id='word_1_570' title='bbox 3589 3842 3702 3888; x_wconf 51' lang='lat' dir='ltr'><strong>tre-</strong></span> 
     </span>
    </p>
   </div>
   <div class='ocr_carea' id='block_1_96' title="bbox 2139 3923 3714 3995">
    <p class='ocr_par' dir='ltr' id='par_1_96' title="bbox 2139 3923 3714 3995">
     <span class='ocr_line' id='line_1_96' title="bbox 2139 3923 3714 3995; baseline 0.001 -20"><span class='ocrx_word' id='word_1_571' title='bbox 2139 3926 2307 3978; x_wconf 82' lang='lat' dir='ltr'><strong>moris</strong></span> <span class='ocrx_word' id='word_1_572' title='bbox 2327 3934 2381 3979; x_wconf 87' lang='lat' dir='ltr'><strong>et</strong></span> <span class='ocrx_word' id='word_1_573' title='bbox 2402 3925 2753 3980; x_wconf 87' lang='lat' dir='ltr'><strong>tenebrarum</strong></span> <span class='ocrx_word' id='word_1_574' title='bbox 2777 3933 3124 3995; x_wconf 88' lang='lat' dir='ltr'><strong>peccatorum</strong></span> <span class='ocrx_word' id='word_1_575' title='bbox 3153 3924 3400 3978; x_wconf 90' lang='lat' dir='ltr'><strong>meminit</strong></span> <span class='ocrx_word' id='word_1_576' title='bbox 3425 3941 3437 3976; x_wconf 92' lang='lat'>:</span> <span class='ocrx_word' id='word_1_577' title='bbox 3465 3943 3482 3974; x_wconf 79' lang='grc' dir='ltr'><strong>ι</strong></span> <span class='ocrx_word' id='word_1_578' title='bbox 3512 3923 3571 3976; x_wconf 80' lang='lat' dir='ltr'><strong>Et</strong></span> <span class='ocrx_word' id='word_1_579' title='bbox 3589 3925 3714 3992; x_wconf 87' lang='lat' dir='ltr'><strong>quis</strong></span> 
     </span>
    </p>
   </div>
   <div class='ocr_carea' id='block_1_97' title="bbox 2138 4011 3715 4083">
    <p class='ocr_par' dir='ltr' id='par_1_97' title="bbox 2138 4011 3715 4083">
     <span class='ocr_line' id='line_1_97' title="bbox 2138 4011 3715 4083; baseline 0 -19"><span class='ocrx_word' id='word_1_580' title='bbox 2138 4011 2290 4064; x_wconf 80' lang='lat' dir='ltr'><strong>dabit</strong></span> <span class='ocrx_word' id='word_1_581' title='bbox 2313 4011 2470 4079; x_wconf 89' lang='lat' dir='ltr'><strong>mihi,</strong></span> <span class='ocrx_word' id='word_1_582' title='bbox 2495 4013 2593 4077; x_wconf 89' lang='lat' dir='ltr'><strong>ait,</strong></span> <span class='ocrx_word' id='word_1_583' title='bbox 2617 4028 2828 4083; x_wconf 81' lang='lat' dir='ltr'><strong>pennas</strong></span> <span class='ocrx_word' id='word_1_584' title='bbox 2847 4015 2990 4067; x_wconf 88' lang='lat' dir='ltr'><strong>sicut</strong></span> <span class='ocrx_word' id='word_1_585' title='bbox 3015 4013 3280 4066; x_wconf 73' lang='lat' dir='ltr'><strong>columba:</strong></span> <span class='ocrx_word' id='word_1_586' title='bbox 3298 4020 3346 4064; x_wconf 87' lang='lat' dir='ltr'><strong>et</strong></span> <span class='ocrx_word' id='word_1_587' title='bbox 3371 4011 3586 4077; x_wconf 83' lang='lat' dir='ltr'><strong>volabo,</strong></span> <span class='ocrx_word' id='word_1_588' title='bbox 3615 4031 3632 4063; x_wconf 78' lang='grc' dir='ltr'><strong>ι</strong></span> <span class='ocrx_word' id='word_1_589' title='bbox 3661 4024 3715 4066; x_wconf 83' lang='lat' dir='ltr'><strong>et</strong></span> 
     </span>
    </p>
   </div>
   <div class='ocr_carea' id='block_1_98' title="bbox 2142 4101 3712 4169">
    <p class='ocr_par' dir='ltr' id='par_1_98' title="bbox 2142 4101 3712 4169">
     <span class='ocr_line' id='line_1_98' title="bbox 2142 4101 3712 4169; baseline 0.005 -21"><span class='ocrx_word' id='word_1_590' title='bbox 2142 4103 2486 4169; x_wconf 73' lang='lat' dir='ltr'><strong>pertransibo</strong></span> <span class='ocrx_word' id='word_1_591' title='bbox 2541 4102 2658 4156; x_wconf 72' lang='lat' dir='ltr'><strong>bzec</strong></span> <span class='ocrx_word' id='word_1_592' title='bbox 2722 4105 2953 4156; x_wconf 88' lang='lat' dir='ltr'><strong>molesta</strong></span> <span class='ocrx_word' id='word_1_593' title='bbox 3013 4103 3177 4163; x_wconf 85' lang='lat' dir='ltr'><strong>mala,</strong></span> <span class='ocrx_word' id='word_1_594' title='bbox 3228 4108 3282 4154; x_wconf 88' lang='lat' dir='ltr'><strong>et</strong></span> <span class='ocrx_word' id='word_1_595' title='bbox 3333 4101 3590 4156; x_wconf 84' lang='lat' dir='ltr'><strong>accedam</strong></span> <span class='ocrx_word' id='word_1_596' title='bbox 3647 4105 3712 4161; x_wconf 84' lang='lat' dir='ltr'><strong>ad</strong></span> 
     </span>
    </p>
   </div>
   <div class='ocr_carea' id='block_1_99' title="bbox 2145 4192 3715 4261">
    <p class='ocr_par' dir='ltr' id='par_1_99' title="bbox 2145 4192 3715 4261">
     <span class='ocr_line' id='line_1_99' title="bbox 2145 4192 3715 4261; baseline 0.001 -17"><span class='ocrx_word' id='word_1_597' title='bbox 2145 4193 2336 4256; x_wconf 79' lang='lat' dir='ltr'><strong>Deum,</strong></span> <span class='ocrx_word' id='word_1_598' title='bbox 2372 4199 2425 4245; x_wconf 91' lang='lat' dir='ltr'><strong>et</strong></span> <span class='ocrx_word' id='word_1_599' title='bbox 2453 4193 2738 4261; x_wconf 85' lang='lat' dir='ltr'><strong>quiescam</strong></span> <span class='ocrx_word' id='word_1_600' title='bbox 2778 4192 2833 4245; x_wconf 85' lang='lat' dir='ltr'><strong>in</strong></span> <span class='ocrx_word' id='word_1_601' title='bbox 2874 4193 3016 4261; x_wconf 90' lang='lat' dir='ltr'><strong>ipso,</strong></span> <span class='ocrx_word' id='word_1_602' title='bbox 3057 4199 3112 4245; x_wconf 87' lang='lat' dir='ltr'><strong>et</strong></span> <span class='ocrx_word' id='word_1_603' title='bbox 3153 4206 3262 4244; x_wconf 82' lang='lat' dir='ltr'><strong>una</strong></span> <span class='ocrx_word' id='word_1_604' title='bbox 3297 4205 3420 4244; x_wconf 92' lang='lat' dir='ltr'><strong>cum</strong></span> <span class='ocrx_word' id='word_1_605' title='bbox 3458 4207 3577 4247; x_wconf 82' lang='lat' dir='ltr'><strong>meo</strong></span> <span class='ocrx_word' id='word_1_606' title='bbox 3611 4193 3715 4246; x_wconf 88' lang='lat' dir='ltr'><strong>bu-</strong></span> 
     </span>
    </p>
   </div>
   <div class='ocr_carea' id='block_1_100' title="bbox 2143 4282 3720 4353">
    <p class='ocr_par' dir='ltr' id='par_1_100' title="bbox 2143 4282 3720 4353">
     <span class='ocr_line' id='line_1_100' title="bbox 2143 4282 3720 4353; baseline 0.001 -15"><span class='ocrx_word' id='word_1_607' title='bbox 2143 4297 2304 4338; x_wconf 89' lang='lat' dir='ltr'><strong>mano</strong></span> <span class='ocrx_word' id='word_1_608' title='bbox 2330 4283 2568 4339; x_wconf 89' lang='lat' dir='ltr'><strong>Domino</strong></span> <span class='ocrx_word' id='word_1_609' title='bbox 2596 4285 2937 4353; x_wconf 85' lang='lat' dir='ltr'><strong>requiescam</strong></span> <span class='ocrx_word' id='word_1_610' title='bbox 2969 4283 3048 4336; x_wconf 70' lang='lat'><strong>&quot;‘2</strong></span> <span class='ocrx_word' id='word_1_611' title='bbox 3071 4282 3188 4352; x_wconf 89' lang='lat' dir='ltr'><strong>Ipse</strong></span> <span class='ocrx_word' id='word_1_612' title='bbox 3219 4282 3364 4336; x_wconf 90' lang='lat' dir='ltr'><strong>enim</strong></span> <span class='ocrx_word' id='word_1_613' title='bbox 3389 4289 3475 4337; x_wconf 89' lang='lat' dir='ltr'><strong>est</strong></span> <span class='ocrx_word' id='word_1_614' title='bbox 3497 4285 3720 4352; x_wconf 82' lang='lat' dir='ltr'><strong>requies</strong></span> 
     </span>
    </p>
   </div>
   <div class='ocr_carea' id='block_1_101' title="bbox 2140 4372 3720 4444">
    <p class='ocr_par' dir='ltr' id='par_1_101' title="bbox 2140 4372 3720 4444">
     <span class='ocr_line' id='line_1_101' title="bbox 2140 4372 3720 4444; baseline -0.002 -16"><span class='ocrx_word' id='word_1_615' title='bbox 2140 4391 2330 4428; x_wconf 79' lang='lat' dir='ltr'><strong>eorum</strong></span> <span class='ocrx_word' id='word_1_616' title='bbox 2355 4418 2368 4442; x_wconf 90' lang='lat'><strong>,</strong></span> <span class='ocrx_word' id='word_1_617' title='bbox 2411 4375 2504 4442; x_wconf 88' lang='lat' dir='ltr'><strong>qui</strong></span> <span class='ocrx_word' id='word_1_618' title='bbox 2541 4389 2600 4429; x_wconf 85' lang='lat' dir='ltr'><strong>se.</strong></span> <span class='ocrx_word' id='word_1_619' title='bbox 2639 4373 2907 4444; x_wconf 76' lang='lat' dir='ltr'><strong>improbis</strong></span> <span class='ocrx_word' id='word_1_620' title='bbox 2944 4373 3151 4442; x_wconf 79' lang='lat' dir='ltr'><strong>peccati</strong></span> <span class='ocrx_word' id='word_1_621' title='bbox 3196 4372 3490 4428; x_wconf 86' lang='lat' dir='ltr'><strong>sudoribus</strong></span> <span class='ocrx_word' id='word_1_622' title='bbox 3525 4373 3720 4426; x_wconf 80' lang='lat' dir='ltr'><strong>defati-</strong></span> 
     </span>
    </p>
   </div>
   <div class='ocr_carea' id='block_1_102' title="bbox 2067 4463 3718 4560">
    <p class='ocr_par' dir='ltr' id='par_1_102' title="bbox 2067 4463 3718 4560">
     <span class='ocr_line' id='line_1_102' title="bbox 2067 4463 3718 4560; baseline 0.001 -44"><span class='ocrx_word' id='word_1_623' title='bbox 2067 4504 2115 4560; x_wconf 70' lang='grc' dir='ltr'>υ</span> <span class='ocrx_word' id='word_1_624' title='bbox 2143 4476 2361 4534; x_wconf 53' lang='lat' dir='ltr'><strong>gerunt.</strong></span> <span class='ocrx_word' id='word_1_625' title='bbox 2396 4464 2536 4520; x_wconf 83' lang='lat' dir='ltr'><strong>Hinc</strong></span> <span class='ocrx_word' id='word_1_626' title='bbox 2565 4465 2768 4520; x_wconf 88' lang='lat' dir='ltr'><strong>clamat</strong></span> <span class='ocrx_word' id='word_1_627' title='bbox 2811 4484 2822 4518; x_wconf 93' lang='lat'><strong>:</strong></span> <span class='ocrx_word' id='word_1_628' title='bbox 2868 4483 2886 4516; x_wconf 82' lang='grc' dir='ltr'><strong>ι</strong></span> <span class='ocrx_word' id='word_1_629' title='bbox 2935 4463 3124 4519; x_wconf 84' lang='lat' dir='ltr'><strong>Venite</strong></span> <span class='ocrx_word' id='word_1_630' title='bbox 3155 4465 3221 4519; x_wconf 87' lang='lat' dir='ltr'><strong>ad</strong></span> <span class='ocrx_word' id='word_1_631' title='bbox 3253 4481 3358 4523; x_wconf 86' lang='lat' dir='ltr'><strong>me.</strong></span> <span class='ocrx_word' id='word_1_632' title='bbox 3402 4480 3592 4519; x_wconf 84' lang='lat' dir='ltr'><strong>omnes</strong></span> <span class='ocrx_word' id='word_1_633' title='bbox 3622 4466 3718 4533; x_wconf 88' lang='lat' dir='ltr'><strong>qui</strong></span> 
     </span>
    </p>
   </div>
   <div class='ocr_carea' id='block_1_103' title="bbox 2145 4555 3714 4628">
    <p class='ocr_par' dir='ltr' id='par_1_103' title="bbox 2145 4555 3714 4628">
     <span class='ocr_line' id='line_1_103' title="bbox 2145 4555 3714 4628; baseline -0.003 -16"><span class='ocrx_word' id='word_1_634' title='bbox 2145 4561 2434 4623; x_wconf 81' lang='lat' dir='ltr'><strong>laboratis,</strong></span> <span class='ocrx_word' id='word_1_635' title='bbox 2469 4565 2524 4628; x_wconf 84' lang='lat' dir='ltr'><strong>et</strong></span> <span class='ocrx_word' id='word_1_636' title='bbox 2561 4558 2778 4612; x_wconf 86' lang='lat' dir='ltr'><strong>onerati</strong></span> <span class='ocrx_word' id='word_1_637' title='bbox 2831 4559 2986 4624; x_wconf 88' lang='lat' dir='ltr'><strong>estis,</strong></span> <span class='ocrx_word' id='word_1_638' title='bbox 3038 4568 3094 4612; x_wconf 92' lang='lat' dir='ltr'><strong>et</strong></span> <span class='ocrx_word' id='word_1_639' title='bbox 3136 4573 3236 4624; x_wconf 82' lang='lat' dir='ltr'><strong>ego</strong></span> <span class='ocrx_word' id='word_1_640' title='bbox 3275 4557 3515 4612; x_wconf 85' lang='lat' dir='ltr'><strong>reﬁciam</strong></span> <span class='ocrx_word' id='word_1_641' title='bbox 3561 4555 3714 4626; x_wconf 72' lang='lat'><strong>167</strong></span> 
     </span>
    </p>
   </div>
   <div class='ocr_carea' id='block_1_104' title="bbox 2145 4647 3716 4720">
    <p class='ocr_par' dir='ltr' id='par_1_104' title="bbox 2145 4647 3716 4720">
     <span class='ocr_line' id='line_1_104' title="bbox 2145 4647 3716 4720; baseline -0.002 -18"><span class='ocrx_word' id='word_1_642' title='bbox 2145 4667 2243 4704; x_wconf 74' lang='lat' dir='ltr'><strong>ms</strong></span> <span class='ocrx_word' id='word_1_643' title='bbox 2278 4651 2340 4703; x_wconf 70' lang='grc' dir='ltr'>η.</span> <span class='ocrx_word' id='word_1_644' title='bbox 2381 4669 2398 4702; x_wconf 76' lang='grc' dir='ltr'><strong>ι</strong></span> <span class='ocrx_word' id='word_1_645' title='bbox 2430 4650 2613 4716; x_wconf 84' lang='lat' dir='ltr'><strong>Quare</strong></span> <span class='ocrx_word' id='word_1_646' title='bbox 2659 4649 2825 4704; x_wconf 86' lang='lat' dir='ltr'><strong>David</strong></span> <span class='ocrx_word' id='word_1_647' title='bbox 2855 4665 2979 4704; x_wconf 82' lang='lat' dir='ltr'><strong>cum</strong></span> <span class='ocrx_word' id='word_1_648' title='bbox 3009 4651 3174 4720; x_wconf 88' lang='lat' dir='ltr'><strong>probe</strong></span> <span class='ocrx_word' id='word_1_649' title='bbox 3209 4656 3424 4704; x_wconf 85' lang='lat' dir='ltr'><strong>teneret</strong></span> <span class='ocrx_word' id='word_1_650' title='bbox 3447 4647 3716 4718; x_wconf 83' lang='lat' dir='ltr'><strong>quidquid</strong></span> 
     </span>
    </p>
   </div>
   <div class='ocr_carea' id='block_1_105' title="bbox 2150 4739 3728 4812">
    <p class='ocr_par' dir='ltr' id='par_1_105' title="bbox 2150 4739 3728 4812">
     <span class='ocr_line' id='line_1_105' title="bbox 2150 4739 3728 4812; baseline -0.001 -18"><span class='ocrx_word' id='word_1_651' title='bbox 2150 4759 2242 4809; x_wconf 58' lang='lat' dir='ltr'><strong>per</strong></span> <span class='ocrx_word' id='word_1_652' title='bbox 2291 4748 2470 4796; x_wconf 87' lang='lat' dir='ltr'><strong>totum</strong></span> <span class='ocrx_word' id='word_1_653' title='bbox 2525 4742 2797 4812; x_wconf 84' lang='lat' dir='ltr'><strong>psalmum</strong></span> <span class='ocrx_word' id='word_1_654' title='bbox 2849 4742 3218 4806; x_wconf 86' lang='lat' dir='ltr'><strong>disscrucrat,</strong></span> <span class='ocrx_word' id='word_1_655' title='bbox 3269 4751 3326 4795; x_wconf 90' lang='lat' dir='ltr'><strong>et</strong></span> <span class='ocrx_word' id='word_1_656' title='bbox 3380 4739 3728 4794; x_wconf 85' lang='lat' dir='ltr'><strong>certantibus</strong></span> 
     </span>
    </p>
   </div>
   <div class='ocr_carea' id='block_1_106' title="bbox 2148 4831 3723 4903">
    <p class='ocr_par' dir='ltr' id='par_1_106' title="bbox 2148 4831 3723 4903">
     <span class='ocr_line' id='line_1_106' title="bbox 2148 4831 3723 4903; baseline 0.001 -20"><span class='ocrx_word' id='word_1_657' title='bbox 2148 4833 2342 4887; x_wconf 79' lang='lat' dir='ltr'><strong>m-ulos</strong></span> <span class='ocrx_word' id='word_1_658' title='bbox 2381 4831 2598 4896; x_wconf 84' lang='lat' dir='ltr'><strong>iudens,</strong></span> <span class='ocrx_word' id='word_1_659' title='bbox 2636 4842 2689 4887; x_wconf 89' lang='lat' dir='ltr'><strong>et</strong></span> <span class='ocrx_word' id='word_1_660' title='bbox 2734 4848 3055 4903; x_wconf 71' lang='lat' dir='ltr'><strong>prteparans</strong></span> <span class='ocrx_word' id='word_1_661' title='bbox 3105 4832 3173 4886; x_wconf 84' lang='lat' dir='ltr'><strong>ad</strong></span> <span class='ocrx_word' id='word_1_662' title='bbox 3215 4847 3498 4899; x_wconf 86' lang='lat' dir='ltr'><strong>nunquam</strong></span> <span class='ocrx_word' id='word_1_663' title='bbox 3539 4831 3723 4884; x_wconf 86' lang='lat' dir='ltr'><strong>animo</strong></span> 
     </span>
    </p>
   </div>
   <div class='ocr_carea' id='block_1_107' title="bbox 2149 4921 3630 4994">
    <p class='ocr_par' dir='ltr' id='par_1_107' title="bbox 2149 4921 3630 4994">
     <span class='ocr_line' id='line_1_107' title="bbox 2149 4921 3630 4994; baseline -0.001 -18"><span class='ocrx_word' id='word_1_664' title='bbox 2149 4924 2626 4994; x_wconf 72' lang='lat' dir='ltr'><strong>«lcspondentlum,</strong></span> <span class='ocrx_word' id='word_1_665' title='bbox 2653 4925 2710 4979; x_wconf 88' lang='lat' dir='ltr'><strong>in</strong></span> <span class='ocrx_word' id='word_1_666' title='bbox 2738 4925 2882 4980; x_wconf 88' lang='lat' dir='ltr'><strong>bona</strong></span> <span class='ocrx_word' id='word_1_667' title='bbox 2913 4940 3012 4994; x_wconf 90' lang='lat' dir='ltr'><strong>spe</strong></span> <span class='ocrx_word' id='word_1_668' title='bbox 3055 4924 3266 4994; x_wconf 88' lang='lat' dir='ltr'><strong>psalmo</strong></span> <span class='ocrx_word' id='word_1_669' title='bbox 3298 4923 3456 4976; x_wconf 84' lang='lat' dir='ltr'><strong>tinem</strong></span> <span class='ocrx_word' id='word_1_670' title='bbox 3482 4921 3630 4975; x_wconf 78' lang='lat' dir='ltr'><strong>facit.</strong></span> 
     </span>
    </p>
   </div>
   <div class='ocr_carea' id='block_1_108' title="bbox 2709 5103 3170 5160">
    <p class='ocr_par' dir='ltr' id='par_1_108' title="bbox 2709 5103 3170 5160">
     <span class='ocr_line' id='line_1_108' title="bbox 2709 5103 3170 5160; baseline -0.009 0"><span class='ocrx_word' id='word_1_671' title='bbox 2709 5104 2819 5160; x_wconf 78' lang='lat' dir='ltr'><strong>CV.</strong></span> <span class='ocrx_word' id='word_1_672' title='bbox 2859 5137 2927 5146; x_wconf 92' lang='lat'><strong>-—</strong></span> <span class='ocrx_word' id='word_1_673' title='bbox 2965 5103 3170 5157; x_wconf 82' lang='lat' dir='ltr'><strong>Eidem.</strong></span> 
     </span>
    </p>
   </div>
   <div class='ocr_carea' id='block_1_109' title="bbox 2221 5189 3723 5264">
    <p class='ocr_par' dir='ltr' id='par_1_109' title="bbox 2221 5189 3723 5264">
     <span class='ocr_line' id='line_1_109' title="bbox 2221 5189 3723 5264; baseline -0.003 -15"><span class='ocrx_word' id='word_1_674' title='bbox 2221 5195 2277 5249; x_wconf 91' lang='lat' dir='ltr'><strong>Si</strong></span> <span class='ocrx_word' id='word_1_675' title='bbox 2316 5211 2418 5251; x_wconf 87' lang='lat' dir='ltr'><strong>nos</strong></span> <span class='ocrx_word' id='word_1_676' title='bbox 2451 5195 2708 5250; x_wconf 83' lang='lat' dir='ltr'><strong>alacriter</strong></span> <span class='ocrx_word' id='word_1_677' title='bbox 2739 5195 3026 5264; x_wconf 83' lang='lat' dir='ltr'><strong>spiritualc</strong></span> <span class='ocrx_word' id='word_1_678' title='bbox 3055 5207 3194 5260; x_wconf 88' lang='lat' dir='ltr'><strong>opus</strong></span> <span class='ocrx_word' id='word_1_679' title='bbox 3223 5189 3557 5259; x_wconf 83' lang='lat' dir='ltr'><strong>perlicimus,</strong></span> <span class='ocrx_word' id='word_1_680' title='bbox 3597 5208 3723 5262; x_wconf 86' lang='lat' dir='ltr'><strong>pru-</strong></span> 
     </span>
    </p>
   </div>
   <div class='ocr_carea' id='block_1_110' title="bbox 2151 5282 3721 5355">
    <p class='ocr_par' dir='ltr' id='par_1_110' title="bbox 2151 5282 3721 5355">
     <span class='ocr_line' id='line_1_110' title="bbox 2151 5282 3721 5355; baseline -0.003 -18"><span class='ocrx_word' id='word_1_681' title='bbox 2151 5290 2453 5355; x_wconf 75' lang='lat' dir='ltr'><strong>denterque</strong></span> <span class='ocrx_word' id='word_1_682' title='bbox 2509 5285 2864 5354; x_wconf 84' lang='lat' dir='ltr'><strong>exsequimnr</strong></span> <span class='ocrx_word' id='word_1_683' title='bbox 2921 5282 3202 5342; x_wconf 81' lang='lat' dir='ltr'><strong>debitum,</strong></span> <span class='ocrx_word' id='word_1_684' title='bbox 3255 5283 3400 5350; x_wconf 86' lang='lat' dir='ltr'><strong>quod</strong></span> <span class='ocrx_word' id='word_1_685' title='bbox 3445 5298 3472 5334; x_wconf 91' lang='lat' dir='ltr'><strong>a</strong></span> <span class='ocrx_word' id='word_1_686' title='bbox 3534 5292 3721 5337; x_wconf 82' lang='lat' dir='ltr'><strong>samta</strong></span> 
     </span>
    </p>
   </div>
   <div class='ocr_carea' id='block_1_111' title="bbox 2153 5371 3722 5446">
    <p class='ocr_par' dir='ltr' id='par_1_111' title="bbox 2153 5371 3722 5446">
     <span class='ocr_line' id='line_1_111' title="bbox 2153 5371 3722 5446; baseline -0.003 -17"><span class='ocrx_word' id='word_1_687' title='bbox 2153 5376 2339 5446; x_wconf 78' lang='lat' dir='ltr'><strong>regula</strong></span> <span class='ocrx_word' id='word_1_688' title='bbox 2375 5376 2533 5431; x_wconf 89' lang='lat' dir='ltr'><strong>nobis</strong></span> <span class='ocrx_word' id='word_1_689' title='bbox 2575 5374 2897 5442; x_wconf 86' lang='lat' dir='ltr'><strong>imponitur,</strong></span> <span class='ocrx_word' id='word_1_690' title='bbox 2939 5371 3330 5439; x_wconf 80' lang='lat' dir='ltr'><strong>ministerium,</strong></span> <span class='ocrx_word' id='word_1_691' title='bbox 3367 5373 3722 5426; x_wconf 81' lang='lat' dir='ltr'><strong>manifestum</strong></span> 
     </span>
    </p>
   </div>
   <div class='ocr_carea' id='block_1_112' title="bbox 2153 5457 3724 5529">
    <p class='ocr_par' dir='ltr' id='par_1_112' title="bbox 2153 5457 3724 5529">
     <span class='ocr_line' id='line_1_112' title="bbox 2153 5457 3724 5529; baseline -0.004 -14"><span class='ocrx_word' id='word_1_692' title='bbox 2153 5473 2256 5523; x_wconf 86' lang='lat' dir='ltr'><strong>est,</strong></span> <span class='ocrx_word' id='word_1_693' title='bbox 2312 5462 2483 5514; x_wconf 87' lang='lat' dir='ltr'><strong>multo</strong></span> <span class='ocrx_word' id='word_1_694' title='bbox 2538 5460 2708 5529; x_wconf 81' lang='lat' dir='ltr'><strong>magis</strong></span> <span class='ocrx_word' id='word_1_695' title='bbox 2763 5457 2929 5509; x_wconf 67' lang='lat' dir='ltr'><strong>lli-um</strong></span> <span class='ocrx_word' id='word_1_696' title='bbox 2989 5457 3149 5512; x_wconf 88' lang='lat' dir='ltr'><strong>nobis</strong></span> <span class='ocrx_word' id='word_1_697' title='bbox 3211 5472 3398 5511; x_wconf 87' lang='lat' dir='ltr'><strong>curam</strong></span> <span class='ocrx_word' id='word_1_698' title='bbox 3447 5467 3724 5526; x_wconf 77' lang='lat' dir='ltr'><strong>gerentem</strong></span> 
     </span>
    </p>
   </div>
   <div class='ocr_carea' id='block_1_113' title="bbox 2155 5549 3723 5623">
    <p class='ocr_par' dir='ltr' id='par_1_113' title="bbox 2155 5549 3723 5623">
     <span class='ocr_line' id='line_1_113' title="bbox 2155 5549 3723 5623; baseline -0.003 -19"><span class='ocrx_word' id='word_1_699' title='bbox 2155 5555 2396 5606; x_wconf 70' lang='lat' dir='ltr'><strong>excitare</strong></span> <span class='ocrx_word' id='word_1_700' title='bbox 2434 5553 2712 5623; x_wconf 71' lang='lat' dir='ltr'><strong>piissimus</strong></span> <span class='ocrx_word' id='word_1_701' title='bbox 2761 5549 2974 5605; x_wconf 67' lang='lat' dir='ltr'><strong>autimas</strong></span> <span class='ocrx_word' id='word_1_702' title='bbox 3019 5549 3084 5604; x_wconf 84' lang='lat' dir='ltr'><strong>ad</strong></span> <span class='ocrx_word' id='word_1_703' title='bbox 3131 5549 3539 5618; x_wconf 81' lang='lat' dir='ltr'><strong>nobisomnia,</strong></span> <span class='ocrx_word' id='word_1_704' title='bbox 3578 5565 3723 5618; x_wconf 66' lang='grc' dir='ltr'>(μηκ-</span> 
     </span>
    </p>
   </div>
  </div>
