4064 6160
411 278 514 340 947

1874 293 1937 356 S.
1979 294 2144 357 NILI

3555 306 3663 369 248

405 404 625 460 cunque
652 405 791 461 opus
828 391 1050 454 fuerint,
1081 392 1574 452 subministranda.
1607 395 1765 465 Quod
1794 399 1842 457 si
1872 415 1966 457 nos

2076 404 2270 474 χρείας
2301 404 2619 474 διακονῆσαι
2651 405 2802 475 ἡμῖν.
2844 404 2971 461 Ἐὰν
2999 405 3245 478 δέὴμείς
3266 407 3538 481 ὀκνῶμεν,
3563 417 3656 469 καὶ

403 479 756 548 negligimus,
788 479 1107 549 nullamque
1138 481 1325 546 deiis,
1369 485 1464 554 qui
1498 500 1558 540 se
1589 487 1657 542 ad
1691 489 1975 560 spirituale

400 584 541 638 Opus
582 566 901 642 acei'ngunt,
929 586 1118 627 curam
1166 576 1430 643 gerimus,
1480 594 1721 649 quanam
1758 585 1974 641 ratione

403 663 471 717 de
500 663 655 717 nobis
684 676 872 716 curam
905 662 1093 719 haberi
1128 666 1416 722 volumus?

725 752 856 808 CVI.
892 784 962 793 —
995 754 1262 813 MARINO
1298 759 1652 818 MONACHO.

470 840 552 896 Ne
604 857 840 897 maerore
894 850 995 898 tuo
1042 855 1096 900 te
1144 860 1430 915 maceres,
1484 866 1662 920 neque
1720 854 1971 909 tabescas

401 933 594 998 miser,
634 934 1014 1003 magnitudine
1040 938 1403 994 tentationum
1442 957 1759 1011 oppressus,
1792 961 1972 1015 neque

398 1020 693 1091 obstupeas
719 1025 984 1092 pondere,
1008 1034 1064 1081 et
1092 1028 1269 1097 spissa
1293 1029 1613 1100 irruptione,
1649 1042 1703 1088 et
1731 1036 1965 1103 excidio,

397 1118 451 1165 et
489 1111 913 1182 depopulatione
956 1116 1407 1173 intellectualium
1455 1121 1836 1180 barbarorum.
1880 1125 1970 1180 Et-

395 1205 541 1259 enim
571 1220 879 1275 speramus,
905 1210 952 1262 si
979 1224 1103 1262 eum
1130 1211 1429 1279 gratiarum
1456 1212 1672 1269 actione
1691 1216 1971 1270 sustinue-

398 1295 594 1358 rimus,
628 1294 860 1350 salutem
902 1299 1078 1370 magis
1120 1314 1185 1352 ex
1228 1300 1489 1364 inimicis,
1530 1310 1585 1356 et
1626 1320 1692 1357 ex
1742 1306 1829 1371 iis,
1875 1309 1967 1376 qui

399 1398 502 1440 nos
533 1383 662 1439 odio
699 1384 901 1442 habent
930 1387 995 1451 ‘9,
1027 1390 1380 1458 conquirere.
1697 1388 1707 1399 ’

921 1476 1078 1532 CVII.
1122 1509 1190 1519 —
1231 1479 1436 1535 Eidem.

467 1564 633 1637 Plaga
678 1582 799 1621 mea
848 1569 1060 1635 valida,
1106 1572 1181 1626 ait
1211 1570 1479 1630 Jeremias
1522 1577 1792 1646 propheta
1824 1580 1871 1609 ¹⁰
1902 1596 1968 1633 ex

396 1648 630 1728 persona
656 1671 842 1713 nostra
869 1668 1060 1716 texens
1086 1662 1503 1721 lamentationes
1529 1686 1542 1717 :
1579 1675 1640 1722 ut
1668 1669 1798 1738 quid
1824 1686 1965 1740 pra:-

400 1749 581 1803 valent
622 1750 807 1815 nobis,
851 1753 945 1821 qui
982 1769 1083 1809 nos
1109 1756 1481 1810 conti-istaut?
1513 1759 1733 1823 coxisti,
1766 1769 1820 1814 et
1851 1778 1959 1814 non

396 1842 695 1911 pepercisti
725 1844 791 1898 ".
833 1843 1219 1915 Arcltimagiro
1259 1862 1496 1917 namque
1536 1849 1962 1917 Nalmzardano,

395 1938 451 1982 et
501 1929 599 1993 iis,
658 1931 818 2004 168
865 1933 961 2001 qui
1015 1948 1139 1987 cum
1186 1949 1250 1988 eo
1298 1943 1495 2001 erant,
1545 1938 1843 1994 tradidisti.
1904 1940 1966 1994 Et

396 2015 653 2073 llabacuc
675 2020 892 2074 dicebat
911 2023 978 2075 ad
1005 2020 1313 2076 Dominum.
1338 2021 1408 2078 Ut
1430 2025 1561 2095 quid
1584 2027 1718 2084 siles
1739 2030 1967 2086 videns?

395 2117 450 2163 et
473 2108 678 2179 impius
712 2110 941 2182 deglutit
969 2112 1208 2180 justum,
1243 2122 1300 2167 et
1333 2116 1537 2172 toleras
1569 2119 1654 2171 "?

902 2198 1080 2255 CVIlI.
1125 2232 1196 2242 -ο
1235 2202 1442 2257 Eidem.

464 2286 582 2341 Non
628 2295 839 2343 tantum
877 2304 1218 2363 peccatores,
1261 2294 1356 2349 sed
1396 2298 1489 2365 qui
1528 2299 1694 2354 etiam
1726 2302 1965 2359 maxime

392 2379 556 2436 bonis
586 2382 853 2452 operibus
889 2398 1111 2454 operam
1157 2403 1361 2444 navare
1397 2390 1667 2456 nituntur,
1711 2408 1964 2463 saepenu-

395 2485 548 2525 mero
601 2471 950 2538 deseruntur,
1004 2483 1061 2528 ut
1106 2480 1448 2549 patientiam,
1500 2490 1555 2535 et
1613 2483 1961 2539 tolerantiam

395 2561 705 2627 addiscant,
744 2575 796 2618 et
824 2565 1137 2634 superbiam
1186 2568 1377 2626 vitent.
1417 2570 1481 2623 Et
1512 2572 1800 2642 Scriptura
1836 2578 1913 2628 ait
1947 2597 1958 2630 :

402 2671 419 2703 ι
456 2650 570 2707 Sub
599 2653 781 2723 impiis
825 2656 1031 2711 cadunt
1060 2661 1379 2731 prmscripto
1416 2673 1678 2733 tempore,
1711 2676 1766 2721 et
1800 2668 1962 2723 intel-

393 2742 656 2799 lectuales
672 2745 815 2802 aedes
835 2747 902 2800 ab
920 2749 1101 2817 impiis
1117 2749 1538 2809 devastantur”.
1554 2774 1571 2806 ι
1583 2756 1958 2829 Rursumque:

398 2854 416 2885 ι
442 2829 659 2901 Justus,
682 2837 776 2900 ait,
809 2837 878 2890 ab
896 2837 1080 2907 impiis
1114 2840 1393 2896 deridetur
1421 2843 1467 2875 ’τι
1491 2863 1504 2911 ;
1532 2876 1598 2885 -
1619 2846 1782 2914 Deus,
1819 2848 1963 2904 Deus

395 2944 587 2995 meus,
622 2932 845 2986 attende
874 2922 1126 2998 mibi,lut
1162 2934 1291 3006 quid
1317 2936 1654 3010 dereliquisti
1699 2957 1785 2999 me
1817 2943 1900 2997 "2’
1939 2966 1957 2997 ›

394 3019 461 3073 Et
490 3021 620 3077 alibi
672 3024 940 3093 scriptum
970 3034 1051 3082 est
1088 3046 1100 3080 :
1145 3046 1162 3079 ι
1204 3029 1424 3085 Gratias
1475 3047 1577 3103 ago
1624 3034 1744 3100 tibi,
1793 3036 1959 3103 Deus,
1989 3071 2034 3131 ϐ

390 3112 539 3181 quod
587 3116 909 3184 percussisti
961 3133 1067 3179 me,
1110 3129 1162 3174 et
1200 3124 1444 3175 arertisti
1501 3124 1695 3181 faciem
1749 3134 1896 3182 tuam
1931 3145 1959 3182 a

391 3220 498 3270 tne,
539 3214 593 3259 et
627 3213 753 3275 post
802 3207 917 3262 haec
968 3210 1317 3267 misereberis
1364 3215 1490 3270 mei.
1535 3237 1553 3266 ι
1584 3216 1650 3270 Ει
1700 3234 1958 3274 rursum:

395 3313 413 3346 ι
458 3292 704 3361 Quantas
755 3299 1046 3355 ostendisti
1092 3301 1222 3355 mihi
1274 3303 1685 3370 tribulationes,
1737 3310 1960 3373 multas,

388 3398 443 3442 et
472 3389 668 3451 malas,
716 3396 770 3443 et
801 3405 1057 3447 reversus
1095 3392 1382 3448 vivificasti
1420 3410 1526 3459 me,
1556 3404 1609 3450 et
1647 3414 1712 3451 ex
1745 3401 1962 3470 abyssis
1999 3430 2005 3435 ’

389 3484 550 3532 terra:
574 3479 810 3535 eduxisti
836 3497 920 3536 me
941 3483 969 3545 ?,
996 3481 1372 3553 lliultiplicasti
1417 3501 1585 3556 super
1618 3503 1705 3543 me
1749 3494 1965 3561 magni-

389 3567 637 3624 tudinem
665 3578 834 3637 tuam,
873 3578 927 3626 et
969 3587 1226 3631 reversus
1265 3576 1589 3633 consolatus
1615 3593 1675 3634 es
1712 3595 1799 3636 me
1822 3581 1886 3636 ²⁶.
1937 3602 1957 3634 ι

931 3838 1065 3896 CIX.
1108 3871 1179 3880 —
1213 3840 1419 3897 Eidem.

462 3930 717 4001 lugentes
748 3930 1108 4001 aegritudines
1129 3933 1549 4003 despicatiouis,
1577 3941 1633 3989 et
1653 3934 1959 4004 jactantiae,

389 4031 445 4076 et
475 4021 710 4090 propriae
728 4021 1174 4087 existimationis,
1198 4030 1253 4078 et
1283 4024 1545 4080 similiqu
1575 4025 1631 4079 in
1667 4024 1877 4082 intimis
1899 4041 1963 4081 ac

390 4113 693 4169 latentibus
749 4113 1125 4183 penetralibus
1185 4114 1616 4180 abscondentes,
1668 4119 1960 4173 hominum

389 4205 703 4279 plerosque,
736 4218 950 4273 nosque
988 4205 1254 4276 metipsos
1297 4206 1600 4277 saepissime
1642 4224 1738 4280 per
1769 4209 1964 4265 incon-

390 4296 745 4352 siderantiam
777 4296 1038 4353 fallimus.
1073 4296 1179 4352 Sed
1212 4313 1445 4368 magnus
1491 4301 1801 4357 animarum
1862 4316 1963 4355 no-

2078 491 2372 563 ἀμελῶμεν
2403 493 2513 546 τῶν
2558 494 2959 548 ἐπιϐαλλόντων
2995 497 3072 567 τῷ
3122 502 3480 573 πνευματικῷ
3513 506 3655 577 πρά.

2078 597 2270 650 γματι,
2302 582 2420 647 πῶς
2450 581 2709 653 ἀξιοῦμεν
2737 584 3153 655 φροντίζεσθαι;

2413 782 2551 847 Ρεῖ⁰⁸
2586 812 2653 822 -‹
2685 785 2952 856 ΜΔΡΙΝῼ
2989 787 3300 858 ΜΟΝΑΧῼ.

2143 870 2425 941 Μηδαμῶς
2468 872 2809 944 δυσχεραινε,
2849 876 2984 946 μηδέ
3022 877 3303 950 δυσφόρει,
3344 884 3412 952 τῇ
3468 901 3649 957 παρα-

2071 963 2225 1015 τάσει
2267 964 2373 1016 τῶν
2400 965 2722 1034 πειρασμῶν
2758 966 3099 1036 πιεζόμενος,
3137 969 3271 1040 μηδὲ
3312 971 3522 1037 ξενίξου
3556 979 3649 1030 ἐπὶ

2072 1052 2150 1122 τῷ
2181 1052 2357 1124 βάρει,
2391 1056 2486 1111 καὶ
2510 1058 2576 1126 τῇ
2628 1060 2796 1127 συχνῇ
2831 1057 3097 1124 ἐπιθέσει,
3130 1061 3226 1114 καὶ
3263 1065 3328 1132 τῇ
3371 1065 3646 1139 ἐκπορθή-

2074 1160 2176 1207 σει,
2219 1145 2308 1200 καὶ
2348 1145 2528 1211 διώξει
2558 1146 2664 1200 τῶν
2722 1147 2927 1218 νοητῶν
2973 1149 3285 1222 βαρϐάρων.
3323 1154 3647 1227 Ἑλπίζομεν

2071 1234 2199 1303 γὰρ,
2233 1235 2327 1287 ἐὰν
2372 1237 2489 1305 μετ’
2534 1238 2883 1307 εὐχαριστίας
2925 1240 3323 1313 ὑπομείνωμεν,
3374 1249 3647 1318 σωτηρίαν

2075 1324 2274 1392 μᾶλλον
2301 1327 2364 1377 ἐκ
2398 1328 2505 1380 τῶν
2556 1328 2768 1398 ἐχθρῶν
2798 1330 3107 1401 εὑρίσκειν,
3133 1336 3230 1388 καὶ
3277 1334 3386 1389 τῶν
3424 1339 3643 1408 μισούν-

2069 1431 2177 1468 των
2206 1417 2373 1486 ἡμᾶς.

2596 1509 2709 1562 PZ'.
2730 1539 2799 1548 —
2832 1510 2914 1576 Τῷ
2936 1512 3117 1578 αὐτῷ.

2152 1595 2217 1648 Ἡ
2247 1597 2425 1669 πλήγη
2454 1616 2555 1669 μου
2582 1600 2797 1670 στερεὰ,
2831 1604 2994 1672 φησὶν
3030 1605 3300 1677 Ἱερεμίας
3331 1612 3641 1681 προφήτης,

2071 1685 2130 1749 ἐξ
2161 1687 2427 1758 ἡμετέρου
2465 1689 2758 1761 προσώπου
2792 1693 2920 1756 τοὺς
2946 1694 3215 1766 ὀδυρμοὺς
3247 1698 3487 1767 ὑφαίνων
3512 1717 3528 1733 ο
3554 1702 3641 1756 ἵνα

2067 1776 2120 1826 τί
2151 1775 2201 1827 οἱ
2233 1775 2526 1844 λυποῦντες
2558 1796 2624 1848 με
2657 1780 3009 1851 κατισχύουσί
3041 1802 3143 1855 μου
3169 1803 3183 1851 ;
3215 1787 3639 1860 ἐμαγείρευσας,

2072 1864 2167 1916 καὶ
2194 1866 2294 1918 οὑκ
2338 1868 2560 1935 ἐφείσω.
2592 1866 2681 1938 Τῷ
2709 1871 2817 1941 γὰρ
2844 1875 3225 1948 ἀρχιμαγείρῳ
3254 1876 3644 1951 Ναϐουζαρδάν

2071 1966 2160 2020 με,
2195 1953 2421 2018 καὶτοῖς
2450 1958 2586 2024 ἀμφ’
2605 1957 2767 2011 αὑτὸν
2790 1958 3114 2026 ἐκδέδωκας.
3132 1962 3243 2023 Kal
3264 1965 3293 2017 6
3318 1965 3643 2038 Ἀμὸακοὺμ

2069 2043 2202 2112 πρὸς
2238 2043 2439 2114 Κύριον
2484 2044 2668 2114 ἔλεγεν
2691 2065 2703 2078 υ
2729 2047 2850 2102 Ἵνα
2895 2048 2949 2102 τί
2980 2054 3349 2125 παρασιωπᾷς
3400 2054 3638 2125 βλέπων,

2065 2135 2147 2187 ὃτι
2175 2135 2203 2187 6
2233 2135 2436 2208 ἀσεϐὴς
2450 2139 2748 2193 καταπίνει
2772 2140 2864 2194 τὸν
2888 2140 3117 2211 δίκαιον,
3152 2146 3246 2199 καὶ
3269 2145 3468 2219 ἀνέχῃ;

2579 2229 2707 2286 PH’.
2729 2259 2800 2269 -
2832 2229 2917 2295 Τῷ
2946 2232 3126 2299 αὐτῷ.

2137 2317 2212 2368 Οὐ
2253 2317 2414 2387 μόνον
2446 2318 2765 2390 ἁμαρτωλοὶ
2794 2319 3092 2392 ἄνθρωποι,
3128 2326 3263 2381 ἀλλά
3312 2330 3405 2383 καὶ
3429 2332 3477 2382 οἱ
3511 2330 3635 2385 λίαν

2067 2405 2247 2475 πάσης
2264 2407 2629 2479 ἀνδραγαθίας
2651 2409 2974 2480 ἀντέχεσθαι
3005 2414 3353 2482 σπεύδοντες,
3377 2419 3637 2486 πολλάκις

2065 2497 2653 2567 ἐγκαταλιμπάνονται,
2704 2501 2841 2570 πρός
2873 2519 2934 2556 τε
2968 2502 3029 2557 τὸ
3069 2504 3387 2579 διδαχθῆναι
3431 2511 3637 2581 ὑπομοη

2064 2587 2181 2655 νὴν,
2212 2588 2305 2640 καὶ
2351 2590 2665 2660 καρτερίαν,
2698 2592 2790 2644 καὶ
2824 2594 2957 2664 πρὸς
2993 2597 3310 2668 ἀποτροπὴν
3346 2600 3445 2669 τῆς
3472 2602 3637 2671 ὑπερ»

2065 2680 2353 2747 ηφανείας·
2389 2681 2482 2734 καὶ
2514 2679 2589 2746 ὥς
2636 2700 2800 2754 φησιν
2828 2686 2860 2754 ἡ
2895 2686 3086 2758 Γραφή
3107 2707 3120 2719 -
3157 2707 3175 2738 ι
3203 2689 3504 2744 Πίπτουσιν
3533 2693 3635 2745 ὑπὸ

2063 2772 2175 2832 τοῖς
2219 2770 2440 2839 ἀνόμοις
2480 2774 2670 2844 χρόνον
2718 2775 2938 2839 τακτὸν,
2990 2779 3089 2831 καὶ
3118 2779 3246 2842 τοὺς
3301 2781 3528 2851 νοητοὺς
3559 2783 3636 2835 οἴ·

2065 2878 2193 2925 κους
2242 2863 2632 2935 ἐκπορθοῦνται
2679 2867 2782 2919 ὑπὸ
2832 2868 3070 2939 ἀνόμων.
3106 2888 3124 2921 ι
3148 2871 3258 2924 Kal
3284 2871 3444 2927 πάλιν
3468 2889 3483 2904 ·
3519 2890 3540 2926 ι
3579 2875 3636 2928 '0

2063 2952 2288 3018 δίκαιος,
2320 2955 2508 3025 φησιν,
2540 2956 2647 3009 ὑπὸ
2689 2957 2795 3011 τῶν
2828 2958 3044 3030 ἀνόμων
3075 2961 3463 3030 καταγελᾶται.
3482 2992 3552 3001 -
3578 2962 3636 3018 '(‘

2065 3044 2219 3109 Θεὸς,
2249 3046 2277 3097 6
2303 3044 2432 3108 Θεός
2472 3062 2595 3116 μου,
2643 3048 2879 3119 πρόσχες
2912 3065 3023 3119 μοι,
3059 3050 3146 3103 ἵνα
3185 3050 3237 3103 τί
3282 3051 3627 3118 ἐγκατέλιπε.

2070 3152 2166 3206 με;
2200 3154 2218 3187 ι
2265 3137 2374 3191 Kal
2420 3138 2580 3192 πάλιν
2631 3140 2980 3210 γέγραπταιο
3033 3160 3052 3192 ε
3100 3141 3423 3214 Εὑχαριστῶ
3478 3159 3581 3206 σοι,
3608 3146 3636 3196 6

2065 3226 2221 3293 Θεὸς,
2256 3226 2338 3280 ὅτι
2371 3228 2647 3295 ἐπάταξάς
2691 3248 2779 3301 με,
2816 3232 2910 3285 καὶ
2967 3232 3319 3303 ἀπέστρεψας
3376 3234 3439 3286 τὸ
3471 3235 3637 3305 πρόσ-

2064 3317 2211 3369 ωπόν
2253 3334 2343 3370 σου
2377 3318 2470 3373 ἀπ’
2509 3319 2666 3389 ἐμοῦ,
2700 3322 2792 3373 καὶ
2841 3322 2980 3389 μετὰ
3014 3320 3185 3375 ταῦτα
3223 3324 3465 3395 ἐλεήσεις
3498 3341 3583 3393 με.
3610 3342 3629 3375 ι

2065 3410 2174 3462 Kal
2218 3409 2407 3464 πάλινο
2439 3430 2455 3462 ι
2484 3411 2652 3475 Ὅσας
2695 3412 2901 3477 ἔδειξάς
2937 3430 3027 3483 μοι
3054 3413 3259 3484 θλίψεις
3294 3414 3512 3480 πολλὰς,
3542 3416 3637 3468 καὶ

2065 3501 2261 3567 κακὰς,
2298 3503 2390 3555 καὶ
2424 3502 2755 3572 ἐπιστρέψας
2779 3502 3147 3572 ὲξωοποίησάς
3186 3520 3277 3573 με,
3301 3504 3396 3556 καὶ
3437 3504 3501 3556 ἐκ
3527 3503 3634 3556 τῶν

2064 3590 2315 3645 ἀϐύσσων
2337 3592 2432 3663 τῆς
2462 3592 2565 3662 γῆς
2593 3593 2863 3664 ἀνήγαγες
2895 3609 2997 3663 ps;
3032 3592 3405 3657 Ἑπλεώνασας
3432 3595 3516 3646 ἐπ’
3535 3595 3633 3663 ἐμὲ

2063 3680 2163 3749 τὴν
2195 3680 2581 3751 μεγαλωσύνην
2614 3698 2727 3748 σου,
2771 3684 2865 3736 καὶ
2896 3683 3226 3754 ἐπιστρέψας
3258 3683 3635 3754 παρεκάλεσάς

2069 3786 2157 3839 με.
2191 3790 2209 3822 ι

2575 3862 2697 3917 ΡΘ’.
2730 3894 2799 3907 ——-
2827 3864 2912 3930 Τῷ
2936 3862 3116 3930 αὐτῷ.

2134 3952 2362 4022 Μεγάλα
2388 3955 2668 4025 νοσήματα
2699 3955 3020 4027 ὑπεροψίας,
3056 3956 3150 4010 καὶ
3177 3955 3369 4024 τύφου,
3400 3953 3494 4008 καὶ
3516 3954 3633 4024 οἰή-

2068 4062 2225 4110 σεως,
2259 4046 2355 4100 καὶ
2405 4048 2515 4101 τῶν
2562 4047 2817 4102 τοιούτων
2857 4049 2915 4101 ἐν
2955 4050 3070 4111 τοῖς
3110 4047 3373 4118 κρυπτοῖς
3421 4044 3633 4115 ἔχοντες

2064 4136 2352 4207 ταμιείοις,
2386 4136 2513 4201 τοὺς
2558 4137 2786 4202 πολλοὺς
2815 4137 2924 4192 τῶν
2961 4137 3299 4209 ἀνθρώπων,
3341 4134 3434 4190 καὶ
3487 4134 3633 4205 ἡμᾶς

2066 4226 2265 4291 αὑτοὺς
2302 4227 2560 4292 πολλάκις
2606 4227 2941 4299 λανθάνομεν
2969 4229 3058 4282 διὰ
3106 4227 3168 4281 τὸ
3209 4227 3629 4283 ἀνεπίσκεπτον.

2079 4319 2215 4373 Ἀλλ’
2255 4321 2285 4373 6
2336 4319 2511 4389 μέγας
2566 4320 2675 4373 τῶν
2705 4319 2893 4390 ψυχῶν
2936 4319 3093 4391 ἡμῶν
3147 4317 3331 4389 ἰατρὸς
3364 4313 3494 4379 οἶδε,
3516 4313 3631 4375 πῶς

391 4397 632 4446 strarum
665 4388 910 4443 medicus
932 4389 1149 4443 abunde
1179 4391 1638 4460 novit,quomodo
1667 4392 1960 4448 abscondi-

2067 4388 2459 4481 ἐπιμελήσεται
2493 4411 2600 4465 τῶν
2633 4388 2899 4483 κρυφίων.
2952 4388 3045 4481 Μὴ
3080 4405 3174 4464 οὖν
3213 4388 3630 4477 ἀγανακτῶμεν,

393 4478 466 4533 tis
521 4491 681 4545 opem
740 4473 901 4529 ferat.
945 4473 1025 4532 Ne
1068 4476 1236 4548 igitur
1286 4492 1427 4547 :rgre
1474 4476 1740 4545 feramus,
1784 4495 1960 4550 neque

392 4567 634 4623 animum
654 4564 1113 4635 despondeamus,
1138 4582 1314 4637 neque
1336 4567 1713 4636 desperemus,
1739 4576 1961 4638 propter

388 4679 473 4726 ea,
500 4675 624 4732 quae
646 4660 805 4717 nobis
826 4673 935 4713 non
962 4660 1266 4731 incongrue
1290 4659 1553 4717 Dominus
1585 4662 1829 4718 adducit.

846 4752 1005 4825 169
1042 4753 1154 4809 CX.
1192 4784 1264 4797 -
1304 4754 1510 4809 Eidem.

461 4847 613 4903 Multi
650 4849 705 4903 in
748 4848 1038 4918 prtesentis
1085 4848 1269 4907 saeculi
1312 4847 1717 4903 valetudinario
1760 4847 1963 4904 inﬁrmi

386 4939 596 5008 iacent,
636 4952 689 4996 et
740 4941 833 4994 alii
883 4939 1224 4995 resolutione
1264 4956 1563 4996 nervorum
1604 4940 1962 4995 infestantur.

391 5032 603 5096 Quibus
631 5032 890 5088 omnibus
917 5046 1027 5086 non
1059 5048 1164 5085 una
1192 5032 1465 5087 medicina
1490 5032 1763 5102 congruit,
1790 5047 1966 5101 neque

393 5125 610 5179 confert
640 5126 895 5182 omnibus
929 5143 1039 5181 una
1068 5128 1373 5196 eademque.
1419 5142 1607 5180 mensa
1636 5144 1648 5180 ε
1684 5128 1963 5196 prapriam

392 5217 543 5270 enim
592 5214 789 5283 cuique
836 5227 890 5271 et
938 5216 1291 5283 medicinam,
1348 5228 1403 5274 et
1451 5219 1631 5274 victus
1688 5219 1962 5273 rationem

394 5303 644 5359 medicus
669 5304 931 5373 assignat.

927 5399 1065 5455 CXI.
1106 5429 1176 5443 -—-
1217 5397 1427 5454 Eidem.

462 5482 586 5545 llic,
617 5483 715 5547 ait,
745 5495 980 5554 tegrotus
1027 5491 1187 5576 melle
1236 5490 1578 5560 frequentius
1623 5491 1961 5560 permulcea—

460 5616 503 5645 ⁸³
544 5616 673 5696 Ιι-ιιθ.
707 5621 857 5696 [ηῌ.
901 5627 976 5696 Α¹⁰
1003 5626 1113 5682 Jer.
1138 5646 1227 5696 xv,
1256 5630 1343 5684 18.
1421 5633 1460 5664 ²¹
1489 5629 1688 5686 'I‘ltren.
1724 5645 1785 5696 tt,
1825 5629 1913 5685 21.

2080 5628 2289 5685 llabac.
2331 5643 2370 5696 l,
2402 5630 2488 5684 l5.
2527 5629 2571 5660 "
2597 5626 2700 5683 Job
2720 5642 2816 5692 xu,
2856 5626 2910 5681 5.
2986 5624 3031 5656 "
3060 5620 3195 5676 Ibid.
3233 5619 3284 5673 ι.

415 5701 538 5749 xm,
575 5687 624 5737 l.
719 5688 761 5717 "
792 5689 936 5746 Psal.
970 5711 1095 5758 tu,
1124 5687 1225 5762 90,,
1255 5701 1348 5759 ‘Zl.

2069 4502 2205 4573 μηδέ
2254 4501 2677 4573 μικροψυχῶμεν
2698 4541 2713 4566 ,
2774 4503 2872 4555 καὶ
2920 4488 3380 4570 ἀποδυσπετῶμεν
3429 4497 3516 4567 ἐφ’
3551 4488 3631 4558 οἷς

2064 4595 2198 4664 ἡμῖν
2232 4594 2583 4664 ἁρμοζόντως
2618 4596 2816 4664 ἐπάγει
2849 4596 2878 4647 6
2911 4592 3136 4664 Κύριος.

2590 4772 2695 4826 Pl'.
2718 4801 2787 4811 —
2819 4769 2901 4836 Τῷ
2929 4768 3108 4834 αὐτῷ.

2139 4860 2326 4914 Πολλοὶ
2381 4862 2439 4915 ἐν
2478 4863 2556 4933 τῷ
2608 4862 2943 4932 νοσοκομείῳ
2991 4860 3087 4914 τοῦ
3136 4859 3402 4930 παρόντος
3441 4855 3631 4919 αἰῶνος

2066 4953 2405 5024 ὑπάρχουσιν
2433 4954 2730 5026 ἄρρωστοι,
2766 4955 2861 5008 καὶ
2889 4951 3273 5023 παραλυτικοί.
3306 4950 3380 5005 Οὑ
3412 4949 3542 5003 πᾶσι
3574 4945 3631 4999 δέ

2064 5045 2097 5112 ἡ
2124 5041 2261 5112 αὑτὴ
2290 5041 2521 5114 ἁρμόζει
2556 5044 2864 5115 φαρμακία,
2899 5042 2960 5096 οὑ
2990 5041 3047 5094 δέ
3077 5042 3242 5094 πᾶσιν
3270 5041 3304 5110 ὴ
3337 5037 3476 5108 αὑτὴ
3500 5052 3632 5104 συμ-

2064 5134 2317 5189 ϐάλλεται
2347 5135 2611 5207 τράπεζα.
2638 5134 2816 5203 Ἄλλῳ
2856 5133 2963 5203 γὰρ
2991 5132 3167 5195 ἄλλως
3193 5131 3291 5202 τὴν
3321 5127 3631 5200 περιωδίανι

2064 5226 2156 5279 καὶ
2179 5228 2275 5296 τὴν
2305 5226 2512 5280 δίαιταν
2542 5224 2839 5295 προσφέρει
2866 5226 2894 5276 6
2929 5223 3132 5291 ἱατρός.

2558 5398 2706 5453 ΡΙΑ’.
2734 5428 2801 5438 -
2846 5396 2929 5451 Τῶ
2961 5394 3139 5460 αὐτῷ.

2141 5484 2331 5555 Οὗτος,
2363 5490 2550 5562 φησὶν,
2583 5493 2612 5543 ὁ
2655 5492 2937 5563 ἄρρωστος
2980 5488 3059 5560 τῷ
3091 5486 3262 5558 μέλιτι
3305 5475 3627 5551 παρηγορεί-

3381 5616 3427 5646 ’⁵
3454 5612 3603 5671 Psal.
