  <div class='ocr_page' id='page_1' title='image "/cluster/home/n/w/nwhite01/storage/ocr_20150623/79/mdp.39015051890492/132.png"; bbox 0 0 4064 6160; ppageno 0'>
   <div class='ocr_carea' id='block_1_1' title="bbox 397 417 495 478">
    <p class='ocr_par' dir='ltr' id='par_1_1' title="bbox 397 417 495 478">
     <span class='ocr_line' id='line_1_1' title="bbox 397 417 495 478; baseline 0 0"><span class='ocrx_word' id='word_1_1' title='bbox 397 417 495 478; x_wconf 70' lang='grc' dir='ltr'>,ετιο</span> 
     </span>
    </p>
   </div>
   <div class='ocr_carea' id='block_1_2' title="bbox 1602 401 2437 467">
    <p class='ocr_par' dir='ltr' id='par_1_2' title="bbox 1602 401 2437 467">
     <span class='ocr_line' id='line_1_2' title="bbox 1602 401 2437 467; baseline -0.011 1"><span class='ocrx_word' id='word_1_2' title='bbox 1602 404 2132 467; x_wconf 76' lang='lat' dir='ltr'><strong>EPISTULABUM</strong></span> <span class='ocrx_word' id='word_1_3' title='bbox 2176 402 2321 462; x_wconf 83' lang='lat' dir='ltr'><strong>LIB.</strong></span> <span class='ocrx_word' id='word_1_4' title='bbox 2355 401 2437 459; x_wconf 88' lang='lat' dir='ltr'><strong>ll.</strong></span> 
     </span>
    </p>
   </div>
   <div class='ocr_carea' id='block_1_3' title="bbox 3542 395 3650 455">
    <p class='ocr_par' dir='ltr' id='par_1_3' title="bbox 3542 395 3650 455">
     <span class='ocr_line' id='line_1_3' title="bbox 3542 395 3650 455; baseline 0.009 -1"><span class='ocrx_word' id='word_1_5' title='bbox 3542 395 3650 455; x_wconf 73' lang='lat'><strong>250</strong></span> 
     </span>
    </p>
   </div>
   <div class='ocr_carea' id='block_1_4' title="bbox 396 500 1997 591">
    <p class='ocr_par' dir='ltr' id='par_1_4' title="bbox 396 515 1997 591">
     <span class='ocr_line' id='line_1_4' title="bbox 396 515 1997 591; baseline -0.006 -12"><span class='ocrx_word' id='word_1_6' title='bbox 396 525 503 579; x_wconf 87' lang='grc' dir='ltr'><strong>σθω</strong></span> <span class='ocrx_word' id='word_1_7' title='bbox 541 522 892 591; x_wconf 82' lang='grc' dir='ltr'>πυκνότερον,</span> <span class='ocrx_word' id='word_1_8' title='bbox 928 521 1019 573; x_wconf 84' lang='grc' dir='ltr'><strong>καί</strong></span> <span class='ocrx_word' id='word_1_9' title='bbox 1052 520 1207 581; x_wconf 77' lang='grc' dir='ltr'>ἄλλος</span> <span class='ocrx_word' id='word_1_10' title='bbox 1237 522 1301 589; x_wconf 79' lang='grc' dir='ltr'>τῇ</span> <span class='ocrx_word' id='word_1_11' title='bbox 1349 518 1545 588; x_wconf 77' lang='grc' dir='ltr'>πικρίᾳ</span> <span class='ocrx_word' id='word_1_12' title='bbox 1577 517 1669 570; x_wconf 75' lang='grc' dir='ltr'>τοῦ</span> <span class='ocrx_word' id='word_1_13' title='bbox 1705 515 1952 584; x_wconf 63' lang='grc' dir='ltr'>ἀψινθίου</span> <span class='ocrx_word' id='word_1_14' title='bbox 1986 538 1997 570; x_wconf 73' lang='grc' dir='ltr'><strong>ι</strong></span> 
     </span>
    </p>
   </div>
   <div class='ocr_carea' id='block_1_5' title="bbox 2102 500 3649 591">
    <p class='ocr_par' dir='ltr' id='par_1_5' title="bbox 2102 500 3649 575">
     <span class='ocr_line' id='line_1_5' title="bbox 2102 500 3649 575; baseline -0.005 -10"><span class='ocrx_word' id='word_1_15' title='bbox 2102 527 2181 575; x_wconf 88' lang='grc' dir='ltr'>ιι-;</span> <span class='ocrx_word' id='word_1_16' title='bbox 2241 509 2388 565; x_wconf 89' lang='lat' dir='ltr'><strong>alius</strong></span> <span class='ocrx_word' id='word_1_17' title='bbox 2433 506 2698 564; x_wconf 75' lang='lat' dir='ltr'><strong>absinthii</strong></span> <span class='ocrx_word' id='word_1_18' title='bbox 2758 504 3010 559; x_wconf 89' lang='lat' dir='ltr'><strong>amaritie</strong></span> <span class='ocrx_word' id='word_1_19' title='bbox 3065 500 3453 572; x_wconf 86' lang='lat' dir='ltr'><strong>astringatur;</strong></span> <span class='ocrx_word' id='word_1_20' title='bbox 3503 503 3649 557; x_wconf 85' lang='lat' dir='ltr'><strong>alius</strong></span> 
     </span>
    </p>
   </div>
   <div class='ocr_carea' id='block_1_6' title="bbox 394 608 1957 685">
    <p class='ocr_par' dir='ltr' id='par_1_6' title="bbox 394 608 1957 685">
     <span class='ocr_line' id='line_1_6' title="bbox 394 608 1957 685; baseline -0.006 -17"><span class='ocrx_word' id='word_1_21' title='bbox 394 611 852 685; x_wconf 78' lang='grc' dir='ltr'>περαστυφούσθω</span> <span class='ocrx_word' id='word_1_22' title='bbox 884 654 898 678; x_wconf 94' lang='grc'><strong>,</strong></span> <span class='ocrx_word' id='word_1_23' title='bbox 950 614 1045 665; x_wconf 70' lang='grc' dir='ltr'><strong>καὶ</strong></span> <span class='ocrx_word' id='word_1_24' title='bbox 1127 612 1311 682; x_wconf 79' lang='grc' dir='ltr'>ἕτερος</span> <span class='ocrx_word' id='word_1_25' title='bbox 1368 612 1464 679; x_wconf 74' lang='grc' dir='ltr'><strong>τῆς</strong></span> <span class='ocrx_word' id='word_1_26' title='bbox 1526 609 1618 663; x_wconf 76' lang='grc' dir='ltr'><strong>τού</strong></span> <span class='ocrx_word' id='word_1_27' title='bbox 1668 608 1957 678; x_wconf 78' lang='grc' dir='ltr'>ἐλλεϐόρου</span> 
     </span>
    </p>
   </div>
   <div class='ocr_carea' id='block_1_7' title="bbox 394 699 1960 775">
    <p class='ocr_par' dir='ltr' id='par_1_7' title="bbox 394 699 1960 775">
     <span class='ocr_line' id='line_1_7' title="bbox 394 699 1960 775; baseline -0.004 -18"><span class='ocrx_word' id='word_1_28' title='bbox 394 702 610 775; x_wconf 77' lang='grc' dir='ltr'>ἀηδείας</span> <span class='ocrx_word' id='word_1_29' title='bbox 655 705 927 774; x_wconf 75' lang='grc' dir='ltr'><strong>μετεχέτω</strong></span> <span class='ocrx_word' id='word_1_30' title='bbox 952 746 966 769; x_wconf 91' lang='grc'><strong>,</strong></span> <span class='ocrx_word' id='word_1_31' title='bbox 1009 703 1100 755; x_wconf 50' lang='grc' dir='ltr'>καὶ.</span> <span class='ocrx_word' id='word_1_32' title='bbox 1137 701 1294 755; x_wconf 78' lang='grc' dir='ltr'>ἄλλον</span> <span class='ocrx_word' id='word_1_33' title='bbox 1330 700 1501 764; x_wconf 73' lang='grc' dir='ltr'>ἄλλως</span> <span class='ocrx_word' id='word_1_34' title='bbox 1550 699 1777 762; x_wconf 85' lang='grc' dir='ltr'>δεόντως</span> <span class='ocrx_word' id='word_1_35' title='bbox 1827 715 1960 768; x_wconf 88' lang='grc' dir='ltr'>μετ-</span> 
     </span>
    </p>
   </div>
   <div class='ocr_carea' id='block_1_8' title="bbox 398 794 1375 869">
    <p class='ocr_par' dir='ltr' id='par_1_8' title="bbox 398 794 1375 869">
     <span class='ocr_line' id='line_1_8' title="bbox 398 794 1375 869; baseline -0.008 -21"><span class='ocrx_word' id='word_1_36' title='bbox 398 794 655 864; x_wconf 72' lang='grc' dir='ltr'>ἔλθωμεν.</span> <span class='ocrx_word' id='word_1_37' title='bbox 1360 852 1375 869; x_wconf 28' lang='grc' dir='ltr'><strong>χ</strong></span> 
     </span>
    </p>
   </div>
   <div class='ocr_carea' id='block_1_9' title="bbox 900 880 1462 946">
    <p class='ocr_par' dir='ltr' id='par_1_9' title="bbox 900 880 1462 946">
     <span class='ocr_line' id='line_1_9' title="bbox 900 880 1462 946; baseline -0.004 -11"><span class='ocrx_word' id='word_1_38' title='bbox 900 881 1045 935; x_wconf 84' lang='lat' dir='ltr'><strong>PIB&#39;.</strong></span> <span class='ocrx_word' id='word_1_39' title='bbox 1080 913 1150 921; x_wconf 93' lang='lat'><strong>—</strong></span> <span class='ocrx_word' id='word_1_40' title='bbox 1176 880 1258 946; x_wconf 83' lang='grc' dir='ltr'><strong>Τῷ</strong></span> <span class='ocrx_word' id='word_1_41' title='bbox 1282 880 1462 945; x_wconf 78' lang='grc' dir='ltr'>αὐτῷ.</span> 
     </span>
    </p>
   </div>
   <div class='ocr_carea' id='block_1_10' title="bbox 461 969 1967 1045">
    <p class='ocr_par' dir='ltr' id='par_1_10' title="bbox 461 969 1967 1045">
     <span class='ocr_line' id='line_1_10' title="bbox 461 969 1967 1045; baseline -0.005 -17"><span class='ocrx_word' id='word_1_42' title='bbox 461 976 523 1028; x_wconf 76' lang='lat' dir='ltr'><strong>El</strong></span> <span class='ocrx_word' id='word_1_43' title='bbox 554 973 745 1027; x_wconf 80' lang='grc' dir='ltr'>πολλαὶ</span> <span class='ocrx_word' id='word_1_44' title='bbox 782 974 940 1043; x_wconf 69' lang='grc' dir='ltr'>μοναὶ</span> <span class='ocrx_word' id='word_1_45' title='bbox 979 974 1126 1045; x_wconf 71' lang='grc' dir='ltr'>παρὰ</span> <span class='ocrx_word' id='word_1_46' title='bbox 1158 972 1236 1043; x_wconf 83' lang='grc' dir='ltr'><strong>τῷ</strong></span> <span class='ocrx_word' id='word_1_47' title='bbox 1281 974 1458 1042; x_wconf 66' lang='grc' dir='ltr'>Πατρὶ</span> <span class='ocrx_word' id='word_1_48' title='bbox 1495 972 1654 1041; x_wconf 80' lang='grc' dir='ltr'>τάχα,</span> <span class='ocrx_word' id='word_1_49' title='bbox 1696 970 1793 1024; x_wconf 68' lang='grc' dir='ltr'>καὶ</span> <span class='ocrx_word' id='word_1_50' title='bbox 1835 969 1967 1021; x_wconf 88' lang='grc' dir='ltr'>πολ-</span> 
     </span>
    </p>
   </div>
   <div class='ocr_carea' id='block_1_11' title="bbox 399 1061 1973 1135">
    <p class='ocr_par' dir='ltr' id='par_1_11' title="bbox 399 1061 1973 1135">
     <span class='ocr_line' id='line_1_11' title="bbox 399 1061 1973 1135; baseline -0.004 -15"><span class='ocrx_word' id='word_1_51' title='bbox 399 1066 512 1130; x_wconf 77' lang='grc' dir='ltr'>λαῖς</span> <span class='ocrx_word' id='word_1_52' title='bbox 534 1066 871 1135; x_wconf 77' lang='grc' dir='ltr'>οἰκονομίαις</span> <span class='ocrx_word' id='word_1_53' title='bbox 901 1066 1252 1127; x_wconf 77' lang='grc' dir='ltr'><strong>δεσποτικαῖς</strong></span> <span class='ocrx_word' id='word_1_54' title='bbox 1279 1062 1711 1132; x_wconf 77' lang='grc' dir='ltr'><strong>διοικηθήσεται,</strong></span> <span class='ocrx_word' id='word_1_55' title='bbox 1736 1062 1833 1115; x_wconf 67' lang='grc' dir='ltr'><strong>καὶ</strong></span> <span class='ocrx_word' id='word_1_56' title='bbox 1858 1061 1973 1113; x_wconf 86' lang='grc' dir='ltr'>δια-</span> 
     </span>
    </p>
   </div>
   <div class='ocr_carea' id='block_1_12' title="bbox 399 1154 1455 1231">
    <p class='ocr_par' dir='ltr' id='par_1_12' title="bbox 399 1154 1455 1231">
     <span class='ocr_line' id='line_1_12' title="bbox 399 1154 1455 1231; baseline -0.007 -17"><span class='ocrx_word' id='word_1_57' title='bbox 399 1161 679 1231; x_wconf 75' lang='grc' dir='ltr'>τεθήτεται</span> <span class='ocrx_word' id='word_1_58' title='bbox 702 1157 764 1210; x_wconf 69' lang='grc' dir='ltr'>τὸ</span> <span class='ocrx_word' id='word_1_59' title='bbox 791 1158 949 1225; x_wconf 85' lang='grc' dir='ltr'>γένος</span> <span class='ocrx_word' id='word_1_60' title='bbox 978 1157 1091 1209; x_wconf 87' lang='grc' dir='ltr'><strong>τῶν</strong></span> <span class='ocrx_word' id='word_1_61' title='bbox 1128 1154 1455 1225; x_wconf 85' lang='grc' dir='ltr'>ἀνθρώπων.</span> 
     </span>
    </p>
   </div>
   <div class='ocr_carea' id='block_1_13' title="bbox 892 1242 1478 1310">
    <p class='ocr_par' dir='ltr' id='par_1_13' title="bbox 892 1242 1478 1310">
     <span class='ocr_line' id='line_1_13' title="bbox 892 1242 1478 1310; baseline -0.005 -10"><span class='ocrx_word' id='word_1_62' title='bbox 892 1248 1040 1302; x_wconf 79' lang='lat' dir='ltr'><strong>PII&quot;.</strong></span> <span class='ocrx_word' id='word_1_63' title='bbox 1071 1276 1141 1286; x_wconf 90' lang='lat'><strong>——</strong></span> <span class='ocrx_word' id='word_1_64' title='bbox 1186 1244 1271 1310; x_wconf 83' lang='grc' dir='ltr'><strong>Τῷ</strong></span> <span class='ocrx_word' id='word_1_65' title='bbox 1298 1242 1478 1309; x_wconf 80' lang='grc' dir='ltr'>αὐτῷ.</span> 
     </span>
    </p>
   </div>
   <div class='ocr_carea' id='block_1_14' title="bbox 468 1334 1976 1411">
    <p class='ocr_par' dir='ltr' id='par_1_14' title="bbox 468 1334 1976 1411">
     <span class='ocr_line' id='line_1_14' title="bbox 468 1334 1976 1411; baseline -0.007 -13"><span class='ocrx_word' id='word_1_66' title='bbox 468 1340 655 1407; x_wconf 69' lang='grc' dir='ltr'>Οὗτος,</span> <span class='ocrx_word' id='word_1_67' title='bbox 707 1340 863 1411; x_wconf 66' lang='grc' dir='ltr'>φησι,</span> <span class='ocrx_word' id='word_1_68' title='bbox 900 1341 966 1409; x_wconf 78' lang='grc' dir='ltr'>τῇ</span> <span class='ocrx_word' id='word_1_69' title='bbox 1018 1337 1208 1406; x_wconf 79' lang='grc' dir='ltr'>τέρψει</span> <span class='ocrx_word' id='word_1_70' title='bbox 1236 1336 1343 1389; x_wconf 84' lang='grc' dir='ltr'><strong>τῶν</strong></span> <span class='ocrx_word' id='word_1_71' title='bbox 1395 1337 1607 1407; x_wconf 82' lang='grc' dir='ltr'><strong>ἀρετῶν</strong></span> <span class='ocrx_word' id='word_1_72' title='bbox 1632 1376 1645 1399; x_wconf 97' lang='grc'><strong>,</strong></span> <span class='ocrx_word' id='word_1_73' title='bbox 1678 1334 1976 1402; x_wconf 76' lang='grc' dir='ltr'>διεξαγὲτω</span> 
     </span>
    </p>
   </div>
   <div class='ocr_carea' id='block_1_15' title="bbox 400 1426 1975 1503">
    <p class='ocr_par' dir='ltr' id='par_1_15' title="bbox 400 1426 1975 1503">
     <span class='ocr_line' id='line_1_15' title="bbox 400 1426 1975 1503; baseline -0.007 -15"><span class='ocrx_word' id='word_1_74' title='bbox 400 1436 491 1488; x_wconf 59' lang='grc' dir='ltr'>τὶν</span> <span class='ocrx_word' id='word_1_75' title='bbox 527 1434 660 1503; x_wconf 78' lang='grc' dir='ltr'>βίον,</span> <span class='ocrx_word' id='word_1_76' title='bbox 689 1431 918 1503; x_wconf 84' lang='grc' dir='ltr'>χαίρων,</span> <span class='ocrx_word' id='word_1_77' title='bbox 962 1429 1056 1482; x_wconf 72' lang='grc' dir='ltr'><strong>καὶ</strong></span> <span class='ocrx_word' id='word_1_78' title='bbox 1101 1427 1572 1498; x_wconf 80' lang='grc' dir='ltr'>διευθυνούμενος,</span> <span class='ocrx_word' id='word_1_79' title='bbox 1625 1428 1718 1481; x_wconf 71' lang='grc' dir='ltr'><strong>καὶ</strong></span> <span class='ocrx_word' id='word_1_80' title='bbox 1761 1429 1789 1480; x_wconf 84' lang='grc' dir='ltr'><strong>ὁ</strong></span> <span class='ocrx_word' id='word_1_81' title='bbox 1818 1426 1975 1489; x_wconf 81' lang='grc' dir='ltr'>ἄλλος</span> 
     </span>
    </p>
   </div>
   <div class='ocr_carea' id='block_1_16' title="bbox 401 1516 1978 1595">
    <p class='ocr_par' dir='ltr' id='par_1_16' title="bbox 401 1516 1978 1595">
     <span class='ocr_line' id='line_1_16' title="bbox 401 1516 1978 1595; baseline -0.006 -18"><span class='ocrx_word' id='word_1_82' title='bbox 401 1528 462 1595; x_wconf 81' lang='grc' dir='ltr'>τῇ</span> <span class='ocrx_word' id='word_1_83' title='bbox 505 1523 838 1592; x_wconf 82' lang='grc' dir='ltr'>στυφότητι,</span> <span class='ocrx_word' id='word_1_84' title='bbox 869 1522 961 1574; x_wconf 75' lang='grc' dir='ltr'><strong>καὶ</strong></span> <span class='ocrx_word' id='word_1_85' title='bbox 988 1522 1054 1590; x_wconf 85' lang='grc' dir='ltr'>τῇ</span> <span class='ocrx_word' id='word_1_86' title='bbox 1094 1519 1366 1589; x_wconf 66' lang='grc' dir='ltr'>αὐστηρία</span> <span class='ocrx_word' id='word_1_87' title='bbox 1405 1518 1516 1571; x_wconf 87' lang='grc' dir='ltr'><strong>τῶν</strong></span> <span class='ocrx_word' id='word_1_88' title='bbox 1542 1516 1978 1585; x_wconf 68' lang='grc' dir='ltr'>ὲγκαταλείψεων</span> 
     </span>
    </p>
   </div>
   <div class='ocr_carea' id='block_1_17' title="bbox 403 1604 1980 1683">
    <p class='ocr_par' dir='ltr' id='par_1_17' title="bbox 403 1604 1980 1683">
     <span class='ocr_line' id='line_1_17' title="bbox 403 1604 1980 1683; baseline -0.007 -15"><span class='ocrx_word' id='word_1_89' title='bbox 403 1612 644 1683; x_wconf 84' lang='grc' dir='ltr'>συνεχῶς</span> <span class='ocrx_word' id='word_1_90' title='bbox 675 1611 1088 1680; x_wconf 77' lang='grc' dir='ltr'><strong>παιδευόμενος,</strong></span> <span class='ocrx_word' id='word_1_91' title='bbox 1136 1608 1231 1662; x_wconf 74' lang='grc' dir='ltr'>καὶ</span> <span class='ocrx_word' id='word_1_92' title='bbox 1275 1608 1489 1661; x_wconf 80' lang='grc' dir='ltr'>πενθῶν</span> <span class='ocrx_word' id='word_1_93' title='bbox 1524 1608 1660 1678; x_wconf 84' lang='grc' dir='ltr'>πρὸς</span> <span class='ocrx_word' id='word_1_94' title='bbox 1703 1604 1980 1677; x_wconf 76' lang='grc' dir='ltr'><strong>σωτηρίαν</strong></span> 
     </span>
    </p>
   </div>
   <div class='ocr_carea' id='block_1_18' title="bbox 404 1696 1980 1771">
    <p class='ocr_par' dir='ltr' id='par_1_18' title="bbox 404 1696 1980 1771">
     <span class='ocr_line' id='line_1_18' title="bbox 404 1696 1980 1771; baseline -0.006 -15"><span class='ocrx_word' id='word_1_95' title='bbox 404 1702 666 1767; x_wconf 74' lang='grc' dir='ltr'>ὶλκέσθω,</span> <span class='ocrx_word' id='word_1_96' title='bbox 712 1702 872 1764; x_wconf 84' lang='grc' dir='ltr'>ἄλλος</span> <span class='ocrx_word' id='word_1_97' title='bbox 913 1702 980 1771; x_wconf 80' lang='grc' dir='ltr'>τῇ</span> <span class='ocrx_word' id='word_1_98' title='bbox 1038 1698 1295 1769; x_wconf 64' lang='grc' dir='ltr'>εὐστοχίᾳ</span> <span class='ocrx_word' id='word_1_99' title='bbox 1347 1698 1439 1751; x_wconf 75' lang='grc' dir='ltr'><strong>ἐπὶ</strong></span> <span class='ocrx_word' id='word_1_100' title='bbox 1483 1697 1544 1751; x_wconf 81' lang='grc' dir='ltr'><strong>τὸ</strong></span> <span class='ocrx_word' id='word_1_101' title='bbox 1597 1696 1980 1766; x_wconf 77' lang='grc' dir='ltr'>ἐπιτυγχάνειν</span> 
     </span>
    </p>
   </div>
   <div class='ocr_carea' id='block_1_19' title="bbox 403 1787 1984 1864">
    <p class='ocr_par' dir='ltr' id='par_1_19' title="bbox 403 1787 1984 1864">
     <span class='ocr_line' id='line_1_19' title="bbox 403 1787 1984 1864; baseline -0.006 -17"><span class='ocrx_word' id='word_1_102' title='bbox 403 1793 668 1864; x_wconf 79' lang='grc' dir='ltr'>διηνεκῶς</span> <span class='ocrx_word' id='word_1_103' title='bbox 693 1791 804 1844; x_wconf 88' lang='grc' dir='ltr'><strong>τῶν</strong></span> <span class='ocrx_word' id='word_1_104' title='bbox 860 1790 1000 1845; x_wconf 84' lang='grc' dir='ltr'>κατὰ</span> <span class='ocrx_word' id='word_1_105' title='bbox 1054 1790 1327 1860; x_wconf 75' lang='grc' dir='ltr'>βούλησιν,</span> <span class='ocrx_word' id='word_1_106' title='bbox 1359 1791 1452 1843; x_wconf 78' lang='grc' dir='ltr'><strong>καὶ</strong></span> <span class='ocrx_word' id='word_1_107' title='bbox 1490 1788 1713 1847; x_wconf 74' lang='grc' dir='ltr'>σκοπὸν,</span> <span class='ocrx_word' id='word_1_108' title='bbox 1760 1787 1984 1856; x_wconf 77' lang='grc' dir='ltr'>εὐφραι-</span> 
     </span>
    </p>
   </div>
   <div class='ocr_carea' id='block_1_20' title="bbox 403 1876 1979 1953">
    <p class='ocr_par' dir='ltr' id='par_1_20' title="bbox 403 1876 1979 1953">
     <span class='ocr_line' id='line_1_20' title="bbox 403 1876 1979 1953; baseline -0.005 -18"><span class='ocrx_word' id='word_1_109' title='bbox 403 1881 579 1935; x_wconf 80' lang='grc' dir='ltr'>νέσθω</span> <span class='ocrx_word' id='word_1_110' title='bbox 609 1882 701 1935; x_wconf 77' lang='grc' dir='ltr'>ἐπὶ</span> <span class='ocrx_word' id='word_1_111' title='bbox 730 1884 794 1953; x_wconf 78' lang='grc' dir='ltr'>τῇ</span> <span class='ocrx_word' id='word_1_112' title='bbox 832 1881 1028 1953; x_wconf 74' lang='grc' dir='ltr'>εὐωδία</span> <span class='ocrx_word' id='word_1_113' title='bbox 1072 1880 1483 1951; x_wconf 78' lang='grc' dir='ltr'>ἀνεμποδίστως</span> <span class='ocrx_word' id='word_1_114' title='bbox 1514 1878 1607 1932; x_wconf 76' lang='grc' dir='ltr'>τοῦ</span> <span class='ocrx_word' id='word_1_115' title='bbox 1641 1876 1979 1949; x_wconf 76' lang='grc' dir='ltr'>προσκαίρου</span> 
     </span>
    </p>
   </div>
   <div class='ocr_carea' id='block_1_21' title="bbox 405 1970 1985 2042">
    <p class='ocr_par' dir='ltr' id='par_1_21' title="bbox 405 1970 1985 2042">
     <span class='ocr_line' id='line_1_21' title="bbox 405 1970 1985 2042; baseline -0.004 -16"><span class='ocrx_word' id='word_1_116' title='bbox 405 1973 523 2042; x_wconf 79' lang='grc' dir='ltr'>βίου</span> <span class='ocrx_word' id='word_1_117' title='bbox 546 1975 647 2042; x_wconf 81' lang='grc' dir='ltr'><strong>τὴν</strong></span> <span class='ocrx_word' id='word_1_118' title='bbox 672 1974 792 2026; x_wconf 80' lang='grc' dir='ltr'>ὁδὸν</span> <span class='ocrx_word' id='word_1_119' title='bbox 825 1972 1212 2042; x_wconf 83' lang='grc' dir='ltr'>πορευόμενος,</span> <span class='ocrx_word' id='word_1_120' title='bbox 1234 1972 1331 2024; x_wconf 69' lang='grc' dir='ltr'><strong>καὶ</strong></span> <span class='ocrx_word' id='word_1_121' title='bbox 1357 1972 1545 2042; x_wconf 70' lang='grc' dir='ltr'>ἕτερος</span> <span class='ocrx_word' id='word_1_122' title='bbox 1577 1970 1790 2040; x_wconf 82' lang='grc' dir='ltr'>μυρίοις</span> <span class='ocrx_word' id='word_1_123' title='bbox 1819 1984 1985 2038; x_wconf 84' lang='grc' dir='ltr'>προσ-</span> 
     </span>
    </p>
   </div>
   <div class='ocr_carea' id='block_1_22' title="bbox 403 2059 1984 2135">
    <p class='ocr_par' dir='ltr' id='par_1_22' title="bbox 403 2059 1984 2135">
     <span class='ocr_line' id='line_1_22' title="bbox 403 2059 1984 2135; baseline -0.004 -18"><span class='ocrx_word' id='word_1_124' title='bbox 403 2065 709 2135; x_wconf 81' lang='grc' dir='ltr'>κόμμασιν,</span> <span class='ocrx_word' id='word_1_125' title='bbox 766 2066 861 2118; x_wconf 78' lang='grc' dir='ltr'><strong>καὶ</strong></span> <span class='ocrx_word' id='word_1_126' title='bbox 914 2063 1179 2132; x_wconf 67' lang='grc' dir='ltr'>θλίψεσιν,</span> <span class='ocrx_word' id='word_1_127' title='bbox 1227 2064 1323 2117; x_wconf 69' lang='grc' dir='ltr'>καὶ</span> <span class='ocrx_word' id='word_1_128' title='bbox 1374 2063 1596 2126; x_wconf 84' lang='grc' dir='ltr'>λύπαις,</span> <span class='ocrx_word' id='word_1_129' title='bbox 1651 2061 1809 2131; x_wconf 83' lang='grc' dir='ltr'><strong>μόγις</strong></span> <span class='ocrx_word' id='word_1_130' title='bbox 1853 2059 1984 2111; x_wconf 82' lang='grc' dir='ltr'>ποτὲ</span> 
     </span>
    </p>
   </div>
   <div class='ocr_carea' id='block_1_23' title="bbox 404 2150 1984 2226">
    <p class='ocr_par' dir='ltr' id='par_1_23' title="bbox 404 2150 1984 2226">
     <span class='ocr_line' id='line_1_23' title="bbox 404 2150 1984 2226; baseline -0.001 -18"><span class='ocrx_word' id='word_1_131' title='bbox 404 2155 748 2226; x_wconf 74' lang='grc' dir='ltr'>ἐλευθερίαν,</span> <span class='ocrx_word' id='word_1_132' title='bbox 786 2155 883 2208; x_wconf 72' lang='grc' dir='ltr'><strong>καὶ</strong></span> <span class='ocrx_word' id='word_1_133' title='bbox 908 2154 1247 2225; x_wconf 78' lang='grc' dir='ltr'>τελεωτάτην</span> <span class='ocrx_word' id='word_1_134' title='bbox 1277 2153 1601 2223; x_wconf 80' lang='grc' dir='ltr'>ἀπαλλαγὴν</span> <span class='ocrx_word' id='word_1_135' title='bbox 1648 2151 1759 2205; x_wconf 79' lang='grc' dir='ltr'><strong>τῶν</strong></span> <span class='ocrx_word' id='word_1_136' title='bbox 1799 2150 1984 2206; x_wconf 84' lang='grc' dir='ltr'>κακῶν</span> 
     </span>
    </p>
   </div>
   <div class='ocr_carea' id='block_1_24' title="bbox 402 2242 1985 2317">
    <p class='ocr_par' dir='ltr' id='par_1_24' title="bbox 402 2242 1985 2317">
     <span class='ocr_line' id='line_1_24' title="bbox 402 2242 1985 2317; baseline -0.004 -18"><span class='ocrx_word' id='word_1_137' title='bbox 402 2247 730 2317; x_wconf 71' lang='grc' dir='ltr'>ἐκδεχέσθω.</span> <span class='ocrx_word' id='word_1_138' title='bbox 775 2246 917 2316; x_wconf 87' lang='grc' dir='ltr'>Ἐγὼ</span> <span class='ocrx_word' id='word_1_139' title='bbox 949 2246 1062 2317; x_wconf 83' lang='grc' dir='ltr'>γὰρ</span> <span class='ocrx_word' id='word_1_140' title='bbox 1100 2247 1163 2299; x_wconf 80' lang='grc' dir='ltr'>τὺ</span> <span class='ocrx_word' id='word_1_141' title='bbox 1196 2245 1474 2314; x_wconf 77' lang='grc' dir='ltr'>συμφέρον</span> <span class='ocrx_word' id='word_1_142' title='bbox 1502 2242 1724 2312; x_wconf 79' lang='grc' dir='ltr'>ἑκάστῳ</span> <span class='ocrx_word' id='word_1_143' title='bbox 1762 2242 1985 2293; x_wconf 77' lang='grc' dir='ltr'>ἐπίστα-</span> 
     </span>
    </p>
   </div>
   <div class='ocr_carea' id='block_1_25' title="bbox 405 2332 1988 2409">
    <p class='ocr_par' dir='ltr' id='par_1_25' title="bbox 405 2332 1988 2409">
     <span class='ocr_line' id='line_1_25' title="bbox 405 2332 1988 2409; baseline -0.004 -17"><span class='ocrx_word' id='word_1_144' title='bbox 405 2357 510 2409; x_wconf 87' lang='grc' dir='ltr'><strong>μαι</strong></span> <span class='ocrx_word' id='word_1_145' title='bbox 542 2341 619 2403; x_wconf 86' lang='grc' dir='ltr'>ὡς</span> <span class='ocrx_word' id='word_1_146' title='bbox 645 2339 927 2409; x_wconf 82' lang='grc' dir='ltr'>περιέπων</span> <span class='ocrx_word' id='word_1_147' title='bbox 964 2339 1030 2391; x_wconf 80' lang='grc' dir='ltr'>τὰ</span> <span class='ocrx_word' id='word_1_148' title='bbox 1057 2337 1284 2408; x_wconf 74' lang='grc' dir='ltr'>κρύφια,</span> <span class='ocrx_word' id='word_1_149' title='bbox 1314 2336 1406 2389; x_wconf 74' lang='grc' dir='ltr'>καὶ</span> <span class='ocrx_word' id='word_1_150' title='bbox 1441 2337 1672 2398; x_wconf 76' lang='grc' dir='ltr'>ἕκαστος</span> <span class='ocrx_word' id='word_1_151' title='bbox 1719 2332 1988 2404; x_wconf 79' lang='grc' dir='ltr'>ἁρμοδίως</span> 
     </span>
    </p>
   </div>
   <div class='ocr_carea' id='block_1_26' title="bbox 401 2426 1582 2500">
    <p class='ocr_par' dir='ltr' id='par_1_26' title="bbox 401 2426 1582 2500">
     <span class='ocr_line' id='line_1_26' title="bbox 401 2426 1582 2500; baseline -0.003 -18"><span class='ocrx_word' id='word_1_152' title='bbox 401 2430 551 2500; x_wconf 59' lang='grc' dir='ltr'>πρὸς</span> <span class='ocrx_word' id='word_1_153' title='bbox 584 2431 647 2482; x_wconf 59' lang='lat' dir='ltr'><strong>ea</strong></span> <span class='ocrx_word' id='word_1_154' title='bbox 678 2430 961 2500; x_wconf 76' lang='grc' dir='ltr'>συμφέρον</span> <span class='ocrx_word' id='word_1_155' title='bbox 985 2431 1052 2499; x_wconf 82' lang='grc' dir='ltr'>τῇ</span> <span class='ocrx_word' id='word_1_156' title='bbox 1084 2428 1226 2498; x_wconf 74' lang='grc' dir='ltr'>ψυχῇ</span> <span class='ocrx_word' id='word_1_157' title='bbox 1256 2426 1582 2481; x_wconf 83' lang='grc' dir='ltr'>διοικείσθω.</span> 
     </span>
    </p>
   </div>
   <div class='ocr_carea' id='block_1_27' title="bbox 715 2517 1684 2589">
    <p class='ocr_par' dir='ltr' id='par_1_27' title="bbox 715 2517 1684 2589">
     <span class='ocr_line' id='line_1_27' title="bbox 715 2517 1684 2589; baseline -0.005 -16"><span class='ocrx_word' id='word_1_158' title='bbox 715 2521 861 2574; x_wconf 75' lang='grc' dir='ltr'><strong>ΡιΔν.</strong></span> <span class='ocrx_word' id='word_1_159' title='bbox 888 2550 959 2559; x_wconf 91' lang='grc'><strong>-</strong></span> <span class='ocrx_word' id='word_1_160' title='bbox 977 2519 1325 2589; x_wconf 75' lang='grc' dir='ltr'>ΝιιιΑΝΔΡο</span> <span class='ocrx_word' id='word_1_161' title='bbox 1361 2517 1684 2587; x_wconf 82' lang='grc' dir='ltr'><strong>ΣΤΥΛΙΤῌ.</strong></span> 
     </span>
    </p>
   </div>
   <div class='ocr_carea' id='block_1_28' title="bbox 490 2605 1990 2681">
    <p class='ocr_par' dir='ltr' id='par_1_28' title="bbox 490 2605 1990 2681">
     <span class='ocr_line' id='line_1_28' title="bbox 490 2605 1990 2681; baseline -0.004 -19"><span class='ocrx_word' id='word_1_162' title='bbox 490 2631 510 2662; x_wconf 73' lang='grc' dir='ltr'><strong>ι</strong></span> <span class='ocrx_word' id='word_1_163' title='bbox 547 2613 661 2681; x_wconf 82' lang='grc' dir='ltr'>Οὐχ</span> <span class='ocrx_word' id='word_1_164' title='bbox 692 2609 942 2664; x_wconf 81' lang='grc' dir='ltr'>ὁ·έαυτὸν</span> <span class='ocrx_word' id='word_1_165' title='bbox 978 2609 1240 2662; x_wconf 87' lang='grc' dir='ltr'>συνιστῶν</span> <span class='ocrx_word' id='word_1_166' title='bbox 1263 2610 1380 2660; x_wconf 80' lang='grc' dir='ltr'>ἐστι</span> <span class='ocrx_word' id='word_1_167' title='bbox 1405 2607 1648 2677; x_wconf 78' lang='grc' dir='ltr'>δόκιμος,</span> <span class='ocrx_word' id='word_1_168' title='bbox 1680 2605 1793 2657; x_wconf 84' lang='grc' dir='ltr'>ἀλλ’</span> <span class='ocrx_word' id='word_1_169' title='bbox 1821 2607 1990 2674; x_wconf 85' lang='grc' dir='ltr'>ὅνπερ</span> 
     </span>
    </p>
   </div>
   <div class='ocr_carea' id='block_1_29' title="bbox 404 2695 1989 2770">
    <p class='ocr_par' dir='ltr' id='par_1_29' title="bbox 404 2695 1989 2770">
     <span class='ocr_line' id='line_1_29' title="bbox 404 2695 1989 2770; baseline -0.005 -16"><span class='ocrx_word' id='word_1_170' title='bbox 404 2700 699 2769; x_wconf 84' lang='grc' dir='ltr'>συνίστησι</span> <span class='ocrx_word' id='word_1_171' title='bbox 746 2699 968 2770; x_wconf 86' lang='grc' dir='ltr'>Κύριος.</span> <span class='ocrx_word' id='word_1_172' title='bbox 996 2729 1067 2738; x_wconf 90' lang='grc'><strong>--</strong></span> <span class='ocrx_word' id='word_1_173' title='bbox 1109 2698 1220 2751; x_wconf 76' lang='grc' dir='ltr'><strong>Καὶ</strong></span> <span class='ocrx_word' id='word_1_174' title='bbox 1259 2699 1287 2749; x_wconf 88' lang='grc' dir='ltr'>ὁ</span> <span class='ocrx_word' id='word_1_175' title='bbox 1326 2695 1496 2765; x_wconf 72' lang='grc' dir='ltr'>ὑψῶν,</span> <span class='ocrx_word' id='word_1_176' title='bbox 1541 2697 1728 2764; x_wconf 69' lang='grc' dir='ltr'>φησιν,</span> <span class='ocrx_word' id='word_1_177' title='bbox 1776 2695 1989 2761; x_wconf 75' lang='grc' dir='ltr'>ἑαυτὸν,</span> 
     </span>
    </p>
   </div>
   <div class='ocr_carea' id='block_1_30' title="bbox 401 2788 1995 2861">
    <p class='ocr_par' dir='ltr' id='par_1_30' title="bbox 401 2788 1995 2861">
     <span class='ocr_line' id='line_1_30' title="bbox 401 2788 1995 2861; baseline -0.005 -15"><span class='ocrx_word' id='word_1_178' title='bbox 401 2790 905 2861; x_wconf 83' lang='grc' dir='ltr'>ταπεινωθήσεται.</span> <span class='ocrx_word' id='word_1_179' title='bbox 937 2809 956 2842; x_wconf 74' lang='grc' dir='ltr'><strong>ι</strong></span> <span class='ocrx_word' id='word_1_180' title='bbox 1006 2790 1078 2842; x_wconf 82' lang='grc' dir='ltr'><strong>Σὺ</strong></span> <span class='ocrx_word' id='word_1_181' title='bbox 1121 2789 1176 2841; x_wconf 77' lang='grc' dir='ltr'>δὲ</span> <span class='ocrx_word' id='word_1_182' title='bbox 1227 2788 1393 2858; x_wconf 80' lang='grc' dir='ltr'>μηδὲν</span> <span class='ocrx_word' id='word_1_183' title='bbox 1442 2788 1799 2859; x_wconf 85' lang='grc' dir='ltr'>κατορθώσας</span> <span class='ocrx_word' id='word_1_184' title='bbox 1836 2790 1995 2839; x_wconf 78' lang='grc' dir='ltr'>ἐπαι-</span> 
     </span>
    </p>
   </div>
   <div class='ocr_carea' id='block_1_31' title="bbox 404 2876 1993 2953">
    <p class='ocr_par' dir='ltr' id='par_1_31' title="bbox 404 2876 1993 2953">
     <span class='ocr_line' id='line_1_31' title="bbox 404 2876 1993 2953; baseline -0.004 -18"><span class='ocrx_word' id='word_1_185' title='bbox 404 2883 674 2953; x_wconf 89' lang='grc' dir='ltr'>νούμενον</span> <span class='ocrx_word' id='word_1_186' title='bbox 707 2882 962 2953; x_wconf 83' lang='grc' dir='ltr'>πρᾶγμα.</span> <span class='ocrx_word' id='word_1_187' title='bbox 1003 2880 1098 2932; x_wconf 73' lang='grc' dir='ltr'><strong>καὶ</strong></span> <span class='ocrx_word' id='word_1_188' title='bbox 1136 2878 1360 2948; x_wconf 67' lang='grc' dir='ltr'>ὓψωσας</span> <span class='ocrx_word' id='word_1_189' title='bbox 1396 2877 1623 2931; x_wconf 75' lang='grc' dir='ltr'>σεαυτὸν</span> <span class='ocrx_word' id='word_1_190' title='bbox 1663 2878 1748 2946; x_wconf 76' lang='grc' dir='ltr'><strong>ἐφ’</strong></span> <span class='ocrx_word' id='word_1_191' title='bbox 1788 2876 1993 2945; x_wconf 70' lang='grc' dir='ltr'>ὑψηλοῦ</span> 
     </span>
    </p>
   </div>
   <div class='ocr_carea' id='block_1_32' title="bbox 400 2968 1996 3041">
    <p class='ocr_par' dir='ltr' id='par_1_32' title="bbox 400 2968 1996 3041">
     <span class='ocr_line' id='line_1_32' title="bbox 400 2968 1996 3041; baseline -0.006 -14"><span class='ocrx_word' id='word_1_192' title='bbox 400 2973 505 3028; x_wconf 80' lang='grc' dir='ltr'>τοῦ</span> <span class='ocrx_word' id='word_1_193' title='bbox 542 2973 756 3036; x_wconf 86' lang='grc' dir='ltr'>στύλου,</span> <span class='ocrx_word' id='word_1_194' title='bbox 809 2972 906 3026; x_wconf 78' lang='grc' dir='ltr'><strong>καὶ</strong></span> <span class='ocrx_word' id='word_1_195' title='bbox 955 2970 1134 3041; x_wconf 80' lang='grc' dir='ltr'>βούλει</span> <span class='ocrx_word' id='word_1_196' title='bbox 1182 2971 1453 3039; x_wconf 73' lang='grc' dir='ltr'>μεγίστων</span> <span class='ocrx_word' id='word_1_197' title='bbox 1488 2968 1780 3038; x_wconf 82' lang='grc' dir='ltr'>τυγχάνειν</span> <span class='ocrx_word' id='word_1_198' title='bbox 1826 2968 1996 3037; x_wconf 84' lang='grc' dir='ltr'>εύφη-</span> 
     </span>
    </p>
   </div>
   <div class='ocr_carea' id='block_1_33' title="bbox 408 3060 1999 3137">
    <p class='ocr_par' dir='ltr' id='par_1_33' title="bbox 408 3060 1999 3137">
     <span class='ocr_line' id='line_1_33' title="bbox 408 3060 1999 3137; baseline -0.004 -16"><span class='ocrx_word' id='word_1_199' title='bbox 408 3066 581 3137; x_wconf 87' lang='grc' dir='ltr'>μιῶν.</span> <span class='ocrx_word' id='word_1_200' title='bbox 610 3064 774 3118; x_wconf 76' lang='grc' dir='ltr'>Ἀλλὰ</span> <span class='ocrx_word' id='word_1_201' title='bbox 803 3064 1040 3135; x_wconf 75' lang='grc' dir='ltr'>πρόσεχε</span> <span class='ocrx_word' id='word_1_202' title='bbox 1088 3062 1289 3133; x_wconf 82' lang='grc' dir='ltr'>σαυτῷ,</span> <span class='ocrx_word' id='word_1_203' title='bbox 1327 3063 1541 3132; x_wconf 81' lang='grc' dir='ltr'>μήποτε</span> <span class='ocrx_word' id='word_1_204' title='bbox 1575 3060 1810 3115; x_wconf 79' lang='grc' dir='ltr'>ἐνταῦθα</span> <span class='ocrx_word' id='word_1_205' title='bbox 1846 3062 1999 3133; x_wconf 82' lang='grc' dir='ltr'>παρὰ</span> 
     </span>
    </p>
   </div>
   <div class='ocr_carea' id='block_1_34' title="bbox 2069 592 3653 667">
    <p class='ocr_par' dir='ltr' id='par_1_34' title="bbox 2069 592 3653 667">
     <span class='ocr_line' id='line_1_34' title="bbox 2069 592 3653 667; baseline -0.004 -13"><span class='ocrx_word' id='word_1_206' title='bbox 2069 599 2340 655; x_wconf 87' lang='lat' dir='ltr'><strong>hellebori</strong></span> <span class='ocrx_word' id='word_1_207' title='bbox 2389 598 2700 653; x_wconf 74' lang='lat' dir='ltr'><strong>molestiam</strong></span> <span class='ocrx_word' id='word_1_208' title='bbox 2747 595 3063 667; x_wconf 90' lang='lat' dir='ltr'><strong>partieipet,</strong></span> <span class='ocrx_word' id='word_1_209' title='bbox 3108 600 3163 649; x_wconf 86' lang='lat' dir='ltr'><strong>et</strong></span> <span class='ocrx_word' id='word_1_210' title='bbox 3195 592 3319 647; x_wconf 90' lang='lat' dir='ltr'><strong>aliis</strong></span> <span class='ocrx_word' id='word_1_211' title='bbox 3348 593 3459 647; x_wconf 80' lang='lat' dir='ltr'><strong>alio</strong></span> <span class='ocrx_word' id='word_1_212' title='bbox 3488 605 3653 663; x_wconf 81' lang='lat' dir='ltr'><strong>atque</strong></span> 
     </span>
    </p>
   </div>
   <div class='ocr_carea' id='block_1_35' title="bbox 2071 686 3522 760">
    <p class='ocr_par' dir='ltr' id='par_1_35' title="bbox 2071 686 3522 760">
     <span class='ocr_line' id='line_1_35' title="bbox 2071 686 3522 760; baseline -0.002 -16"><span class='ocrx_word' id='word_1_213' title='bbox 2071 691 2179 746; x_wconf 88' lang='lat' dir='ltr'><strong>alio</strong></span> <span class='ocrx_word' id='word_1_214' title='bbox 2205 690 2368 746; x_wconf 86' lang='lat' dir='ltr'><strong>modo</strong></span> <span class='ocrx_word' id='word_1_215' title='bbox 2405 704 2506 760; x_wconf 89' lang='lat' dir='ltr'><strong>pro</strong></span> <span class='ocrx_word' id='word_1_216' title='bbox 2548 689 2626 746; x_wconf 85' lang='lat' dir='ltr'><strong>rei</strong></span> <span class='ocrx_word' id='word_1_217' title='bbox 2649 686 2955 758; x_wconf 74' lang='lat' dir='ltr'><strong>indigentia</strong></span> <span class='ocrx_word' id='word_1_218' title='bbox 2980 700 3140 756; x_wconf 81' lang='lat' dir='ltr'><strong>opem</strong></span> <span class='ocrx_word' id='word_1_219' title='bbox 3175 696 3522 756; x_wconf 75' lang='lat' dir='ltr'><strong>praestamus.</strong></span> 
     </span>
    </p>
   </div>
   <div class='ocr_carea' id='block_1_36' title="bbox 2589 887 3109 946">
    <p class='ocr_par' dir='ltr' id='par_1_36' title="bbox 2589 887 3109 946">
     <span class='ocr_line' id='line_1_36' title="bbox 2589 887 3109 946; baseline -0.004 -1"><span class='ocrx_word' id='word_1_220' title='bbox 2589 889 2754 946; x_wconf 74' lang='lat' dir='ltr'><strong>CXII.</strong></span> <span class='ocrx_word' id='word_1_221' title='bbox 2793 918 2865 930; x_wconf 92' lang='lat'><strong>--</strong></span> <span class='ocrx_word' id='word_1_222' title='bbox 2901 887 3109 944; x_wconf 78' lang='lat' dir='ltr'><strong>Eidem.</strong></span> 
     </span>
    </p>
   </div>
   <div class='ocr_carea' id='block_1_37' title="bbox 2145 979 3648 1052">
    <p class='ocr_par' dir='ltr' id='par_1_37' title="bbox 2145 979 3648 1052">
     <span class='ocr_line' id='line_1_37' title="bbox 2145 979 3648 1052; baseline -0.007 -12"><span class='ocrx_word' id='word_1_223' title='bbox 2145 985 2200 1040; x_wconf 88' lang='lat' dir='ltr'><strong>Si</strong></span> <span class='ocrx_word' id='word_1_224' title='bbox 2239 1003 2258 1035; x_wconf 74' lang='grc' dir='ltr'><strong>ι</strong></span> <span class='ocrx_word' id='word_1_225' title='bbox 2299 985 2483 1039; x_wconf 70' lang='lat' dir='ltr'><strong>multae</strong></span> <span class='ocrx_word' id='word_1_226' title='bbox 2531 982 2846 1038; x_wconf 85' lang='lat' dir='ltr'><strong>mansiones</strong></span> <span class='ocrx_word' id='word_1_227' title='bbox 2889 981 3032 1052; x_wconf 91' lang='lat' dir='ltr'><strong>apud</strong></span> <span class='ocrx_word' id='word_1_228' title='bbox 3080 981 3298 1035; x_wconf 89' lang='lat' dir='ltr'><strong>Patrem</strong></span> <span class='ocrx_word' id='word_1_229' title='bbox 3343 986 3474 1034; x_wconf 89' lang='lat' dir='ltr'><strong>sunt</strong></span> <span class='ocrx_word' id='word_1_230' title='bbox 3522 979 3590 1043; x_wconf 77' lang='grc'><strong>’⁷,</strong></span> <span class='ocrx_word' id='word_1_231' title='bbox 3627 997 3648 1030; x_wconf 79' lang='grc' dir='ltr'><strong>ι</strong></span> 
     </span>
    </p>
   </div>
   <div class='ocr_carea' id='block_1_38' title="bbox 2075 1071 3656 1140">
    <p class='ocr_par' dir='ltr' id='par_1_38' title="bbox 2075 1071 3656 1140">
     <span class='ocr_line' id='line_1_38' title="bbox 2075 1071 3656 1140; baseline -0.007 -8"><span class='ocrx_word' id='word_1_232' title='bbox 2075 1076 2310 1132; x_wconf 80' lang='lat' dir='ltr'><strong>fortasse</strong></span> <span class='ocrx_word' id='word_1_233' title='bbox 2342 1086 2396 1130; x_wconf 88' lang='lat' dir='ltr'><strong>et</strong></span> <span class='ocrx_word' id='word_1_234' title='bbox 2426 1075 2614 1130; x_wconf 90' lang='lat' dir='ltr'><strong>multis</strong></span> <span class='ocrx_word' id='word_1_235' title='bbox 2656 1072 3196 1129; x_wconf 76' lang='lat' dir='ltr'><strong>administrationum</strong></span> <span class='ocrx_word' id='word_1_236' title='bbox 3233 1071 3526 1140; x_wconf 74' lang='lat' dir='ltr'><strong>generibus</strong></span> <span class='ocrx_word' id='word_1_237' title='bbox 3556 1084 3656 1139; x_wconf 86' lang='lat' dir='ltr'><strong>gu-</strong></span> 
     </span>
    </p>
   </div>
   <div class='ocr_carea' id='block_1_39' title="bbox 2075 1161 3419 1233">
    <p class='ocr_par' dir='ltr' id='par_1_39' title="bbox 2075 1161 3419 1233">
     <span class='ocr_line' id='line_1_39' title="bbox 2075 1161 3419 1233; baseline -0.006 -11"><span class='ocrx_word' id='word_1_238' title='bbox 2075 1167 2418 1231; x_wconf 87' lang='lat' dir='ltr'><strong>bernabitur,</strong></span> <span class='ocrx_word' id='word_1_239' title='bbox 2452 1174 2507 1220; x_wconf 90' lang='lat' dir='ltr'><strong>et</strong></span> <span class='ocrx_word' id='word_1_240' title='bbox 2532 1164 2857 1233; x_wconf 90' lang='lat' dir='ltr'><strong>disponetur</strong></span> <span class='ocrx_word' id='word_1_241' title='bbox 2887 1177 3062 1233; x_wconf 88' lang='lat' dir='ltr'><strong>genus</strong></span> <span class='ocrx_word' id='word_1_242' title='bbox 3093 1161 3419 1215; x_wconf 88' lang='lat' dir='ltr'><strong>lmmanum.</strong></span> 
     </span>
    </p>
   </div>
   <div class='ocr_carea' id='block_1_40' title="bbox 2588 1253 3130 1312">
    <p class='ocr_par' dir='ltr' id='par_1_40' title="bbox 2588 1253 3130 1312">
     <span class='ocr_line' id='line_1_40' title="bbox 2588 1253 3130 1312; baseline -0.006 0"><span class='ocrx_word' id='word_1_243' title='bbox 2588 1256 2775 1312; x_wconf 80' lang='lat' dir='ltr'><strong>CXllI.</strong></span> <span class='ocrx_word' id='word_1_244' title='bbox 2814 1285 2885 1296; x_wconf 89' lang='lat'><strong>——</strong></span> <span class='ocrx_word' id='word_1_245' title='bbox 2921 1253 3130 1309; x_wconf 81' lang='lat' dir='ltr'><strong>Eidem.</strong></span> 
     </span>
    </p>
   </div>
   <div class='ocr_carea' id='block_1_41' title="bbox 2148 1343 3657 1415">
    <p class='ocr_par' dir='ltr' id='par_1_41' title="bbox 2148 1343 3657 1415">
     <span class='ocr_line' id='line_1_41' title="bbox 2148 1343 3657 1415; baseline -0.007 -10"><span class='ocrx_word' id='word_1_246' title='bbox 2148 1351 2271 1415; x_wconf 86' lang='lat' dir='ltr'><strong>llic,</strong></span> <span class='ocrx_word' id='word_1_247' title='bbox 2314 1350 2413 1414; x_wconf 90' lang='lat' dir='ltr'><strong>ait,</strong></span> <span class='ocrx_word' id='word_1_248' title='bbox 2447 1350 2719 1403; x_wconf 77' lang='lat' dir='ltr'><strong>virtutum</strong></span> <span class='ocrx_word' id='word_1_249' title='bbox 2762 1347 3129 1402; x_wconf 69' lang='lat' dir='ltr'><strong>oblectatione</strong></span> <span class='ocrx_word' id='word_1_250' title='bbox 3171 1345 3337 1399; x_wconf 79' lang='lat' dir='ltr'><strong>vitam</strong></span> <span class='ocrx_word' id='word_1_251' title='bbox 3383 1343 3657 1412; x_wconf 81' lang='lat' dir='ltr'><strong>transigat</strong></span> 
     </span>
    </p>
   </div>
   <div class='ocr_carea' id='block_1_42' title="bbox 2079 1432 3656 1519">
    <p class='ocr_par' dir='ltr' id='par_1_42' title="bbox 2079 1432 3656 1519">
     <span class='ocr_line' id='line_1_42' title="bbox 2079 1432 3656 1519; baseline -0.004 -24"><span class='ocrx_word' id='word_1_252' title='bbox 2079 1442 2348 1519; x_wconf 77' lang='lat' dir='ltr'><strong>gaudens,</strong></span> <span class='ocrx_word' id='word_1_253' title='bbox 2391 1447 2447 1493; x_wconf 90' lang='lat' dir='ltr'><strong>et</strong></span> <span class='ocrx_word' id='word_1_254' title='bbox 2493 1440 2653 1493; x_wconf 88' lang='lat' dir='ltr'><strong>bouis</strong></span> <span class='ocrx_word' id='word_1_255' title='bbox 2710 1437 2980 1503; x_wconf 71' lang='lat' dir='ltr'><strong>afﬂuens;</strong></span> <span class='ocrx_word' id='word_1_256' title='bbox 3024 1437 3166 1491; x_wconf 89' lang='lat' dir='ltr'><strong>alius</strong></span> <span class='ocrx_word' id='word_1_257' title='bbox 3220 1432 3656 1503; x_wconf 79' lang='lat' dir='ltr'><strong>astringentibus</strong></span> 
     </span>
    </p>
   </div>
   <div class='ocr_carea' id='block_1_43' title="bbox 2080 1524 3656 1601">
    <p class='ocr_par' dir='ltr' id='par_1_43' title="bbox 2080 1524 3656 1601">
     <span class='ocr_line' id='line_1_43' title="bbox 2080 1524 3656 1601; baseline -0.006 -17"><span class='ocrx_word' id='word_1_258' title='bbox 2080 1533 2454 1601; x_wconf 82' lang='lat' dir='ltr'><strong>ausierisqtte,</strong></span> <span class='ocrx_word' id='word_1_259' title='bbox 2508 1530 2654 1600; x_wconf 87' lang='lat' dir='ltr'><strong>quod</strong></span> <span class='ocrx_word' id='word_1_260' title='bbox 2712 1530 2876 1584; x_wconf 86' lang='lat' dir='ltr'><strong>rebus</strong></span> <span class='ocrx_word' id='word_1_261' title='bbox 2924 1528 3256 1583; x_wconf 86' lang='lat' dir='ltr'><strong>necessariis</strong></span> <span class='ocrx_word' id='word_1_262' title='bbox 3309 1524 3656 1587; x_wconf 79' lang='lat' dir='ltr'><strong>destituitur,</strong></span> 
     </span>
    </p>
   </div>
   <div class='ocr_carea' id='block_1_44' title="bbox 2081 1616 3657 1691">
    <p class='ocr_par' dir='ltr' id='par_1_44' title="bbox 2081 1616 3657 1691">
     <span class='ocr_line' id='line_1_44' title="bbox 2081 1616 3657 1691; baseline -0.008 -15"><span class='ocrx_word' id='word_1_263' title='bbox 2081 1622 2398 1691; x_wconf 77' lang='lat' dir='ltr'><strong>frequenter</strong></span> <span class='ocrx_word' id='word_1_264' title='bbox 2432 1620 2763 1681; x_wconf 86' lang='lat' dir='ltr'><strong>instruatur,</strong></span> <span class='ocrx_word' id='word_1_265' title='bbox 2786 1633 3136 1686; x_wconf 62' lang='lat' dir='ltr'><strong>maerensque</strong></span> <span class='ocrx_word' id='word_1_266' title='bbox 3158 1616 3227 1669; x_wconf 87' lang='lat' dir='ltr'><strong>ad</strong></span> <span class='ocrx_word' id='word_1_267' title='bbox 3248 1616 3480 1671; x_wconf 85' lang='lat' dir='ltr'><strong>salutem</strong></span> <span class='ocrx_word' id='word_1_268' title='bbox 3506 1627 3657 1666; x_wconf 89' lang='lat' dir='ltr'><strong>com-</strong></span> 
     </span>
    </p>
   </div>
   <div class='ocr_carea' id='block_1_45' title="bbox 2083 1708 3661 1785">
    <p class='ocr_par' dir='ltr' id='par_1_45' title="bbox 2083 1708 3661 1785">
     <span class='ocr_line' id='line_1_45' title="bbox 2083 1708 3661 1785; baseline -0.007 -18"><span class='ocrx_word' id='word_1_269' title='bbox 2083 1714 2349 1785; x_wconf 83' lang='lat' dir='ltr'><strong>pellatur;</strong></span> <span class='ocrx_word' id='word_1_270' title='bbox 2376 1712 2517 1764; x_wconf 90' lang='lat' dir='ltr'><strong>alius</strong></span> <span class='ocrx_word' id='word_1_271' title='bbox 2556 1710 2901 1772; x_wconf 79' lang='lat' dir='ltr'><strong>dexteritate,</strong></span> <span class='ocrx_word' id='word_1_272' title='bbox 2936 1708 3080 1778; x_wconf 86' lang='lat' dir='ltr'><strong>quod</strong></span> <span class='ocrx_word' id='word_1_273' title='bbox 3115 1722 3332 1777; x_wconf 87' lang='lat' dir='ltr'><strong>semper</strong></span> <span class='ocrx_word' id='word_1_274' title='bbox 3354 1718 3661 1774; x_wconf 87' lang='lat' dir='ltr'><strong>consequa-</strong></span> 
     </span>
    </p>
   </div>
   <div class='ocr_carea' id='block_1_46' title="bbox 2085 1792 3659 1873">
    <p class='ocr_par' dir='ltr' id='par_1_46' title="bbox 2085 1792 3659 1873">
     <span class='ocr_line' id='line_1_46' title="bbox 2085 1792 3659 1873; baseline -0.008 -15"><span class='ocrx_word' id='word_1_275' title='bbox 2085 1814 2173 1858; x_wconf 92' lang='lat' dir='ltr'><strong>tur</strong></span> <span class='ocrx_word' id='word_1_276' title='bbox 2200 1817 2262 1857; x_wconf 89' lang='lat' dir='ltr'><strong>ea</strong></span> <span class='ocrx_word' id='word_1_277' title='bbox 2288 1818 2411 1873; x_wconf 78' lang='lat' dir='ltr'><strong>qua:</strong></span> <span class='ocrx_word' id='word_1_278' title='bbox 2444 1800 2655 1864; x_wconf 87' lang='lat' dir='ltr'><strong>iubent,</strong></span> <span class='ocrx_word' id='word_1_279' title='bbox 2689 1807 2743 1853; x_wconf 93' lang='lat' dir='ltr'><strong>et</strong></span> <span class='ocrx_word' id='word_1_280' title='bbox 2771 1799 2990 1852; x_wconf 80' lang='lat' dir='ltr'><strong>fuerunt</strong></span> <span class='ocrx_word' id='word_1_281' title='bbox 3014 1798 3068 1851; x_wconf 91' lang='lat' dir='ltr'><strong>in</strong></span> <span class='ocrx_word' id='word_1_282' title='bbox 3106 1798 3315 1861; x_wconf 88' lang='lat' dir='ltr'><strong>animo,</strong></span> <span class='ocrx_word' id='word_1_283' title='bbox 3337 1793 3571 1865; x_wconf 78' lang='lat' dir='ltr'><strong>gaudeat</strong></span> <span class='ocrx_word' id='word_1_284' title='bbox 3604 1792 3659 1846; x_wconf 92' lang='lat' dir='ltr'><strong>in</strong></span> 
     </span>
    </p>
   </div>
   <div class='ocr_carea' id='block_1_47' title="bbox 2086 1883 3661 1956">
    <p class='ocr_par' dir='ltr' id='par_1_47' title="bbox 2086 1883 3661 1956">
     <span class='ocr_line' id='line_1_47' title="bbox 2086 1883 3661 1956; baseline -0.008 -8"><span class='ocrx_word' id='word_1_285' title='bbox 2086 1893 2244 1948; x_wconf 89' lang='lat' dir='ltr'><strong>bouis</strong></span> <span class='ocrx_word' id='word_1_286' title='bbox 2288 1892 2569 1956; x_wconf 84' lang='lat' dir='ltr'><strong>odoribus,</strong></span> <span class='ocrx_word' id='word_1_287' title='bbox 2620 1890 2740 1943; x_wconf 89' lang='lat' dir='ltr'><strong>sine</strong></span> <span class='ocrx_word' id='word_1_288' title='bbox 2790 1888 2900 1941; x_wconf 92' lang='lat' dir='ltr'><strong>ullo</strong></span> <span class='ocrx_word' id='word_1_289' title='bbox 2958 1887 3371 1956; x_wconf 87' lang='lat' dir='ltr'><strong>impedimento,</strong></span> <span class='ocrx_word' id='word_1_290' title='bbox 3427 1883 3661 1950; x_wconf 81' lang='lat' dir='ltr'><strong>hujusce</strong></span> 
     </span>
    </p>
   </div>
   <div class='ocr_carea' id='block_1_48' title="bbox 2085 1975 3661 2051">
    <p class='ocr_par' dir='ltr' id='par_1_48' title="bbox 2085 1975 3661 2051">
     <span class='ocr_line' id='line_1_48' title="bbox 2085 1975 3661 2051; baseline -0.008 -11"><span class='ocrx_word' id='word_1_291' title='bbox 2085 1987 2209 2040; x_wconf 65' lang='lat' dir='ltr'><strong>vita:</strong></span> <span class='ocrx_word' id='word_1_292' title='bbox 2233 1985 2375 2037; x_wconf 84' lang='lat' dir='ltr'><strong>viam</strong></span> <span class='ocrx_word' id='word_1_293' title='bbox 2391 1983 2717 2051; x_wconf 77' lang='lat' dir='ltr'><strong>trajiciens;</strong></span> <span class='ocrx_word' id='word_1_294' title='bbox 2743 1981 2885 2034; x_wconf 81' lang='lat' dir='ltr'><strong>alius</strong></span> <span class='ocrx_word' id='word_1_295' title='bbox 2910 1978 3213 2033; x_wconf 88' lang='lat' dir='ltr'><strong>innumeris</strong></span> <span class='ocrx_word' id='word_1_296' title='bbox 3242 1975 3661 2037; x_wconf 70' lang='lat' dir='ltr'><strong>offensionibus,</strong></span> 
     </span>
    </p>
   </div>
   <div class='ocr_carea' id='block_1_49' title="bbox 2086 2061 3663 2135">
    <p class='ocr_par' dir='ltr' id='par_1_49' title="bbox 2086 2061 3663 2135">
     <span class='ocr_line' id='line_1_49' title="bbox 2086 2061 3663 2135; baseline -0.01 -8"><span class='ocrx_word' id='word_1_297' title='bbox 2086 2082 2138 2127; x_wconf 90' lang='lat' dir='ltr'><strong>et</strong></span> <span class='ocrx_word' id='word_1_298' title='bbox 2173 2072 2590 2135; x_wconf 86' lang='lat' dir='ltr'><strong>alllictiouihus,</strong></span> <span class='ocrx_word' id='word_1_299' title='bbox 2629 2078 2681 2124; x_wconf 86' lang='lat' dir='ltr'><strong>et</strong></span> <span class='ocrx_word' id='word_1_300' title='bbox 2724 2068 3058 2125; x_wconf 63' lang='lat' dir='ltr'><strong>iuuaret-ibus</strong></span> <span class='ocrx_word' id='word_1_301' title='bbox 3103 2065 3323 2118; x_wconf 85' lang='lat' dir='ltr'><strong>tandem</strong></span> <span class='ocrx_word' id='word_1_302' title='bbox 3373 2061 3533 2132; x_wconf 76' lang='lat'><strong>170</strong></span> <span class='ocrx_word' id='word_1_303' title='bbox 3568 2062 3663 2113; x_wconf 89' lang='lat' dir='ltr'><strong>ali-</strong></span> 
     </span>
    </p>
   </div>
   <div class='ocr_carea' id='block_1_50' title="bbox 2088 2151 3666 2234">
    <p class='ocr_par' dir='ltr' id='par_1_50' title="bbox 2088 2151 3666 2234">
     <span class='ocr_line' id='line_1_50' title="bbox 2088 2151 3666 2234; baseline -0.009 -17"><span class='ocrx_word' id='word_1_304' title='bbox 2088 2163 2311 2234; x_wconf 84' lang='lat' dir='ltr'><strong>quando</strong></span> <span class='ocrx_word' id='word_1_305' title='bbox 2346 2162 2652 2215; x_wconf 88' lang='lat' dir='ltr'><strong>libertatem</strong></span> <span class='ocrx_word' id='word_1_306' title='bbox 2701 2167 2755 2213; x_wconf 90' lang='lat' dir='ltr'><strong>et</strong></span> <span class='ocrx_word' id='word_1_307' title='bbox 2790 2157 3099 2211; x_wconf 82' lang='lat' dir='ltr'><strong>absolutam</strong></span> <span class='ocrx_word' id='word_1_308' title='bbox 3140 2154 3412 2207; x_wconf 87' lang='lat' dir='ltr'><strong>malorum</strong></span> <span class='ocrx_word' id='word_1_309' title='bbox 3457 2151 3666 2205; x_wconf 79' lang='lat' dir='ltr'><strong>devita-</strong></span> 
     </span>
    </p>
   </div>
   <div class='ocr_carea' id='block_1_51' title="bbox 2090 2240 3664 2318">
    <p class='ocr_par' dir='ltr' id='par_1_51' title="bbox 2090 2240 3664 2318">
     <span class='ocr_line' id='line_1_51' title="bbox 2090 2240 3664 2318; baseline -0.008 -13"><span class='ocrx_word' id='word_1_310' title='bbox 2090 2254 2295 2306; x_wconf 89' lang='lat' dir='ltr'><strong>tionem</strong></span> <span class='ocrx_word' id='word_1_311' title='bbox 2330 2251 2528 2305; x_wconf 88' lang='lat' dir='ltr'><strong>habeat</strong></span> <span class='ocrx_word' id='word_1_312' title='bbox 2570 2265 2584 2303; x_wconf 89' lang='lat'><strong>:</strong></span> <span class='ocrx_word' id='word_1_313' title='bbox 2618 2263 2719 2318; x_wconf 85' lang='lat' dir='ltr'><strong>ego</strong></span> <span class='ocrx_word' id='word_1_314' title='bbox 2748 2246 2893 2301; x_wconf 88' lang='lat' dir='ltr'><strong>enim</strong></span> <span class='ocrx_word' id='word_1_315' title='bbox 2930 2245 3228 2316; x_wconf 85' lang='lat' dir='ltr'><strong>unicuique</strong></span> <span class='ocrx_word' id='word_1_316' title='bbox 3264 2242 3417 2295; x_wconf 87' lang='lat' dir='ltr'><strong>utilia</strong></span> <span class='ocrx_word' id='word_1_317' title='bbox 3440 2248 3564 2311; x_wconf 87' lang='lat' dir='ltr'><strong>apte</strong></span> <span class='ocrx_word' id='word_1_318' title='bbox 3598 2240 3664 2293; x_wconf 76' lang='lat' dir='ltr'><strong>ad</strong></span> 
     </span>
    </p>
   </div>
   <div class='ocr_carea' id='block_1_52' title="bbox 2091 2335 3113 2397">
    <p class='ocr_par' dir='ltr' id='par_1_52' title="bbox 2091 2335 3113 2397">
     <span class='ocr_line' id='line_1_52' title="bbox 2091 2335 3113 2397; baseline -0.008 -1"><span class='ocrx_word' id='word_1_319' title='bbox 2091 2344 2382 2397; x_wconf 80' lang='lat' dir='ltr'><strong>utilitatem</strong></span> <span class='ocrx_word' id='word_1_320' title='bbox 2424 2341 2617 2395; x_wconf 83' lang='lat' dir='ltr'><strong>anima:</strong></span> <span class='ocrx_word' id='word_1_321' title='bbox 2651 2335 3113 2393; x_wconf 79' lang='lat' dir='ltr'><strong>accommodabo.</strong></span> 
     </span>
    </p>
   </div>
   <div class='ocr_carea' id='block_1_53' title="bbox 2343 2507 3416 2575">
    <p class='ocr_par' dir='ltr' id='par_1_53' title="bbox 2343 2507 3416 2575">
     <span class='ocr_line' id='line_1_53' title="bbox 2343 2507 3416 2575; baseline -0.013 0"><span class='ocrx_word' id='word_1_322' title='bbox 2343 2518 2529 2575; x_wconf 78' lang='lat' dir='ltr'><strong>CXIV.</strong></span> <span class='ocrx_word' id='word_1_323' title='bbox 2570 2548 2641 2558; x_wconf 93' lang='lat'><strong>-—</strong></span> <span class='ocrx_word' id='word_1_324' title='bbox 2679 2511 3034 2572; x_wconf 78' lang='lat' dir='ltr'><strong>NICANDBO</strong></span> <span class='ocrx_word' id='word_1_325' title='bbox 3072 2507 3416 2566; x_wconf 66' lang='lat' dir='ltr'><strong>STYLITIE.</strong></span> 
     </span>
    </p>
   </div>
   <div class='ocr_carea' id='block_1_54' title="bbox 2169 2598 3673 2683">
    <p class='ocr_par' dir='ltr' id='par_1_54' title="bbox 2169 2598 3673 2683">
     <span class='ocr_line' id='line_1_54' title="bbox 2169 2598 3673 2683; baseline -0.01 -17"><span class='ocrx_word' id='word_1_326' title='bbox 2169 2634 2187 2666; x_wconf 78' lang='grc' dir='ltr'><strong>ι</strong></span> <span class='ocrx_word' id='word_1_327' title='bbox 2226 2611 2343 2666; x_wconf 81' lang='lat' dir='ltr'><strong>Non</strong></span> <span class='ocrx_word' id='word_1_328' title='bbox 2380 2612 2473 2683; x_wconf 87' lang='lat' dir='ltr'><strong>qui</strong></span> <span class='ocrx_word' id='word_1_329' title='bbox 2502 2612 2746 2681; x_wconf 81' lang='lat' dir='ltr'><strong>seipsum</strong></span> <span class='ocrx_word' id='word_1_330' title='bbox 2782 2604 3154 2670; x_wconf 88' lang='lat' dir='ltr'><strong>commendat,</strong></span> <span class='ocrx_word' id='word_1_331' title='bbox 3179 2602 3275 2658; x_wconf 90' lang='lat' dir='ltr'><strong>sed</strong></span> <span class='ocrx_word' id='word_1_332' title='bbox 3297 2615 3458 2671; x_wconf 87' lang='lat' dir='ltr'><strong>quem</strong></span> <span class='ocrx_word' id='word_1_333' title='bbox 3494 2598 3673 2654; x_wconf 87' lang='lat' dir='ltr'><strong>Domi-</strong></span> 
     </span>
    </p>
   </div>
   <div class='ocr_carea' id='block_1_55' title="bbox 2095 2693 3674 2769">
    <p class='ocr_par' dir='ltr' id='par_1_55' title="bbox 2095 2693 3674 2769">
     <span class='ocr_line' id='line_1_55' title="bbox 2095 2693 3674 2769; baseline -0.011 -7"><span class='ocrx_word' id='word_1_334' title='bbox 2095 2722 2200 2762; x_wconf 88' lang='lat' dir='ltr'><strong>nus</strong></span> <span class='ocrx_word' id='word_1_335' title='bbox 2250 2703 2619 2768; x_wconf 83' lang='lat' dir='ltr'><strong>commendat,</strong></span> <span class='ocrx_word' id='word_1_336' title='bbox 2659 2700 2925 2769; x_wconf 90' lang='lat' dir='ltr'><strong>probatus</strong></span> <span class='ocrx_word' id='word_1_337' title='bbox 2981 2708 3066 2753; x_wconf 91' lang='lat' dir='ltr'><strong>est</strong></span> <span class='ocrx_word' id='word_1_338' title='bbox 3101 2696 3167 2750; x_wconf 78' lang='lat'><strong>“.</strong></span> <span class='ocrx_word' id='word_1_339' title='bbox 3204 2694 3394 2760; x_wconf 84' lang='lat' dir='ltr'><strong>-—Qui</strong></span> <span class='ocrx_word' id='word_1_340' title='bbox 3430 2693 3575 2747; x_wconf 89' lang='lat' dir='ltr'><strong>enim</strong></span> <span class='ocrx_word' id='word_1_341' title='bbox 3613 2706 3674 2746; x_wconf 87' lang='lat' dir='ltr'><strong>se</strong></span> 
     </span>
    </p>
   </div>
   <div class='ocr_carea' id='block_1_56' title="bbox 2094 2785 3668 2863">
    <p class='ocr_par' dir='ltr' id='par_1_56' title="bbox 2094 2785 3668 2863">
     <span class='ocr_line' id='line_1_56' title="bbox 2094 2785 3668 2863; baseline -0.007 -13"><span class='ocrx_word' id='word_1_342' title='bbox 2094 2798 2321 2863; x_wconf 76' lang='lat' dir='ltr'><strong>exaltat,</strong></span> <span class='ocrx_word' id='word_1_343' title='bbox 2356 2796 2455 2862; x_wconf 85' lang='lat' dir='ltr'><strong>ait,</strong></span> <span class='ocrx_word' id='word_1_344' title='bbox 2492 2793 2871 2847; x_wconf 87' lang='lat' dir='ltr'><strong>humiliabitur</strong></span> <span class='ocrx_word' id='word_1_345' title='bbox 2897 2791 2962 2846; x_wconf 62' lang='grc'><strong>’9,</strong></span> <span class='ocrx_word' id='word_1_346' title='bbox 3003 2808 3022 2841; x_wconf 78' lang='grc' dir='ltr'><strong>ι</strong></span> <span class='ocrx_word' id='word_1_347' title='bbox 3062 2793 3131 2842; x_wconf 83' lang='lat' dir='ltr'><strong>At</strong></span> <span class='ocrx_word' id='word_1_348' title='bbox 3170 2796 3249 2853; x_wconf 90' lang='lat' dir='ltr'><strong>tu,</strong></span> <span class='ocrx_word' id='word_1_349' title='bbox 3276 2790 3369 2858; x_wconf 87' lang='lat' dir='ltr'><strong>qui</strong></span> <span class='ocrx_word' id='word_1_350' title='bbox 3413 2785 3551 2840; x_wconf 90' lang='lat' dir='ltr'><strong>nihil</strong></span> <span class='ocrx_word' id='word_1_351' title='bbox 3580 2800 3668 2839; x_wconf 83' lang='lat' dir='ltr'><strong>ce-</strong></span> 
     </span>
    </p>
   </div>
   <div class='ocr_carea' id='block_1_57' title="bbox 2096 2877 3676 2955">
    <p class='ocr_par' dir='ltr' id='par_1_57' title="bbox 2096 2877 3676 2955">
     <span class='ocr_line' id='line_1_57' title="bbox 2096 2877 3676 2955; baseline -0.01 -11"><span class='ocrx_word' id='word_1_352' title='bbox 2096 2889 2423 2944; x_wconf 89' lang='lat' dir='ltr'><strong>lebrandum</strong></span> <span class='ocrx_word' id='word_1_353' title='bbox 2484 2886 2567 2941; x_wconf 75' lang='lat' dir='ltr'><strong>vel</strong></span> <span class='ocrx_word' id='word_1_354' title='bbox 2622 2884 2925 2955; x_wconf 79' lang='lat' dir='ltr'><strong>gloriosum</strong></span> <span class='ocrx_word' id='word_1_355' title='bbox 2983 2880 3291 2952; x_wconf 79' lang='lat' dir='ltr'><strong>perfecisti,</strong></span> <span class='ocrx_word' id='word_1_356' title='bbox 3352 2877 3447 2933; x_wconf 88' lang='lat' dir='ltr'><strong>sed</strong></span> <span class='ocrx_word' id='word_1_357' title='bbox 3508 2890 3676 2946; x_wconf 87' lang='lat' dir='ltr'><strong>super</strong></span> 
     </span>
    </p>
   </div>
   <div class='ocr_carea' id='block_1_58' title="bbox 2098 2969 3680 3045">
    <p class='ocr_par' dir='ltr' id='par_1_58' title="bbox 2098 2969 3680 3045">
     <span class='ocr_line' id='line_1_58' title="bbox 2098 2969 3680 3045; baseline -0.009 -8"><span class='ocrx_word' id='word_1_358' title='bbox 2098 2981 2372 3037; x_wconf 81' lang='lat' dir='ltr'><strong>excelsam</strong></span> <span class='ocrx_word' id='word_1_359' title='bbox 2395 2979 2707 3033; x_wconf 88' lang='lat' dir='ltr'><strong>columnam</strong></span> <span class='ocrx_word' id='word_1_360' title='bbox 2741 2975 3094 3045; x_wconf 89' lang='lat' dir='ltr'><strong>temetipsum</strong></span> <span class='ocrx_word' id='word_1_361' title='bbox 3130 2971 3410 3033; x_wconf 74' lang='lat' dir='ltr'><strong>exaltasli,</strong></span> <span class='ocrx_word' id='word_1_362' title='bbox 3444 2969 3680 3037; x_wconf 86' lang='lat' dir='ltr'><strong>ideoque</strong></span> 
     </span>
    </p>
   </div>
   <div class='ocr_carea' id='block_1_59' title="bbox 2102 3064 3672 3143">
    <p class='ocr_par' dir='ltr' id='par_1_59' title="bbox 2102 3064 3672 3143">
     <span class='ocr_line' id='line_1_59' title="bbox 2102 3064 3672 3143; baseline -0.008 -16"><span class='ocrx_word' id='word_1_363' title='bbox 2102 3074 2349 3143; x_wconf 83' lang='lat' dir='ltr'><strong>ingentes</strong></span> <span class='ocrx_word' id='word_1_364' title='bbox 2371 3070 2561 3125; x_wconf 88' lang='lat' dir='ltr'><strong>laudes</strong></span> <span class='ocrx_word' id='word_1_365' title='bbox 2585 3077 2637 3124; x_wconf 88' lang='lat' dir='ltr'><strong>et</strong></span> <span class='ocrx_word' id='word_1_366' title='bbox 2665 3068 2936 3138; x_wconf 74' lang='lat' dir='ltr'><strong>praeconia</strong></span> <span class='ocrx_word' id='word_1_367' title='bbox 2961 3064 3298 3119; x_wconf 83' lang='lat' dir='ltr'><strong>consectaris</strong></span> <span class='ocrx_word' id='word_1_368' title='bbox 3318 3070 3372 3116; x_wconf 89' lang='lat' dir='ltr'><strong>et</strong></span> <span class='ocrx_word' id='word_1_369' title='bbox 3397 3073 3672 3127; x_wconf 83' lang='lat' dir='ltr'><strong>aucupas;</strong></span> 
     </span>
    </p>
   </div>
   <div class='ocr_carea' id='block_1_60' title="bbox 401 3152 1997 3235">
    <p class='ocr_par' dir='ltr' id='par_1_60' title="bbox 401 3152 1997 3227">
     <span class='ocr_line' id='line_1_60' title="bbox 401 3152 1997 3227; baseline -0.004 -16"><span class='ocrx_word' id='word_1_370' title='bbox 401 3156 724 3227; x_wconf 84' lang='grc' dir='ltr'>ἀνθρώπων</span> <span class='ocrx_word' id='word_1_371' title='bbox 758 3154 1027 3226; x_wconf 59' lang='grc' dir='ltr'>φθαρτῶν</span> <span class='ocrx_word' id='word_1_372' title='bbox 1063 3152 1323 3225; x_wconf 84' lang='grc' dir='ltr'>ὰρκατῶς</span> <span class='ocrx_word' id='word_1_373' title='bbox 1360 3152 1669 3216; x_wconf 73' lang='grc' dir='ltr'>ἐπαινεθεὶς</span> <span class='ocrx_word' id='word_1_374' title='bbox 1707 3152 1910 3221; x_wconf 83' lang='grc' dir='ltr'>ἀρτίως</span> <span class='ocrx_word' id='word_1_375' title='bbox 1937 3152 1997 3205; x_wconf 79' lang='grc' dir='ltr'><strong>τὸ</strong></span> 
     </span>
    </p>
   </div>
   <div class='ocr_carea' id='block_1_61' title="bbox 2102 3152 3684 3235">
    <p class='ocr_par' dir='ltr' id='par_1_61' title="bbox 2104 3153 3684 3229">
     <span class='ocr_line' id='line_1_61' title="bbox 2104 3153 3684 3229; baseline -0.013 -9"><span class='ocrx_word' id='word_1_376' title='bbox 2104 3165 2325 3221; x_wconf 86' lang='lat' dir='ltr'><strong>attende</strong></span> <span class='ocrx_word' id='word_1_377' title='bbox 2352 3164 2469 3226; x_wconf 89' lang='lat' dir='ltr'><strong>tibi,</strong></span> <span class='ocrx_word' id='word_1_378' title='bbox 2504 3177 2572 3216; x_wconf 91' lang='lat' dir='ltr'><strong>ne</strong></span> <span class='ocrx_word' id='word_1_379' title='bbox 2602 3175 2843 3229; x_wconf 86' lang='lat' dir='ltr'><strong>unquam</strong></span> <span class='ocrx_word' id='word_1_380' title='bbox 2892 3158 2982 3211; x_wconf 89' lang='lat' dir='ltr'><strong>hic</strong></span> <span class='ocrx_word' id='word_1_381' title='bbox 3016 3157 3084 3209; x_wconf 88' lang='lat' dir='ltr'><strong>ab</strong></span> <span class='ocrx_word' id='word_1_382' title='bbox 3146 3153 3460 3209; x_wconf 89' lang='lat' dir='ltr'><strong>hominibus</strong></span> <span class='ocrx_word' id='word_1_383' title='bbox 3491 3165 3684 3205; x_wconf 85' lang='lat' dir='ltr'><strong>eorru-</strong></span> 
     </span>
    </p>
   </div>
   <div class='ocr_carea' id='block_1_62' title="bbox 402 3240 2002 3313">
    <p class='ocr_par' dir='ltr' id='par_1_62' title="bbox 402 3240 2002 3313">
     <span class='ocr_line' id='line_1_62' title="bbox 402 3240 2002 3313; baseline -0.001 -18"><span class='ocrx_word' id='word_1_384' title='bbox 402 3242 728 3311; x_wconf 76' lang='grc' dir='ltr'>τηνικαῦτα</span> <span class='ocrx_word' id='word_1_385' title='bbox 790 3241 941 3313; x_wconf 84' lang='grc' dir='ltr'>παρὰ</span> <span class='ocrx_word' id='word_1_386' title='bbox 1004 3241 1097 3294; x_wconf 83' lang='grc' dir='ltr'>τοῦ</span> <span class='ocrx_word' id='word_1_387' title='bbox 1155 3240 1433 3311; x_wconf 79' lang='grc' dir='ltr'>ἀφθάρτου</span> <span class='ocrx_word' id='word_1_388' title='bbox 1489 3240 1625 3294; x_wconf 79' lang='grc' dir='ltr'>Θεοῦ</span> <span class='ocrx_word' id='word_1_389' title='bbox 1676 3241 2002 3312; x_wconf 78' lang='grc' dir='ltr'>ταλανισθῇς</span> 
     </span>
    </p>
   </div>
   <div class='ocr_carea' id='block_1_63' title="bbox 401 3331 2004 3405">
    <p class='ocr_par' dir='ltr' id='par_1_63' title="bbox 401 3331 2004 3405">
     <span class='ocr_line' id='line_1_63' title="bbox 401 3331 2004 3405; baseline 0 -20"><span class='ocrx_word' id='word_1_390' title='bbox 401 3331 621 3396; x_wconf 79' lang='grc' dir='ltr'>ἀθλίως</span> <span class='ocrx_word' id='word_1_391' title='bbox 651 3332 783 3405; x_wconf 87' lang='grc' dir='ltr'>παρ’</span> <span class='ocrx_word' id='word_1_392' title='bbox 804 3332 1024 3395; x_wconf 82' lang='grc' dir='ltr'>ἐλπίδας</span> <span class='ocrx_word' id='word_1_393' title='bbox 1048 3348 1059 3360; x_wconf 87' lang='grc'><strong>·</strong></span> <span class='ocrx_word' id='word_1_394' title='bbox 1097 3332 1234 3385; x_wconf 86' lang='grc' dir='ltr'>διότι</span> <span class='ocrx_word' id='word_1_395' title='bbox 1277 3332 1417 3403; x_wconf 83' lang='grc' dir='ltr'>ὑπὲρ</span> <span class='ocrx_word' id='word_1_396' title='bbox 1450 3331 1548 3403; x_wconf 80' lang='grc' dir='ltr'><strong>τὴν</strong></span> <span class='ocrx_word' id='word_1_397' title='bbox 1578 3332 1735 3399; x_wconf 82' lang='grc' dir='ltr'>ἀξίαν</span> <span class='ocrx_word' id='word_1_398' title='bbox 1770 3332 2004 3387; x_wconf 77' lang='grc' dir='ltr'>ἐνταῦθα</span> 
     </span>
    </p>
   </div>
   <div class='ocr_carea' id='block_1_64' title="bbox 403 3424 1556 3496">
    <p class='ocr_par' dir='ltr' id='par_1_64' title="bbox 403 3424 1556 3496">
     <span class='ocr_line' id='line_1_64' title="bbox 403 3424 1556 3496; baseline 0.001 -19"><span class='ocrx_word' id='word_1_399' title='bbox 403 3425 761 3496; x_wconf 70' lang='grc' dir='ltr'>ἐνεφορήθης</span> <span class='ocrx_word' id='word_1_400' title='bbox 800 3425 908 3478; x_wconf 86' lang='grc' dir='ltr'><strong>τῶν</strong></span> <span class='ocrx_word' id='word_1_401' title='bbox 941 3424 1296 3494; x_wconf 83' lang='grc' dir='ltr'>ἀνθρωπίνων</span> <span class='ocrx_word' id='word_1_402' title='bbox 1329 3426 1556 3495; x_wconf 88' lang='grc' dir='ltr'>κρότων.</span> 
     </span>
    </p>
   </div>
   <div class='ocr_carea' id='block_1_65' title="bbox 926 3601 1499 3668">
    <p class='ocr_par' dir='ltr' id='par_1_65' title="bbox 926 3601 1499 3668">
     <span class='ocr_line' id='line_1_65' title="bbox 926 3601 1499 3668; baseline 0.002 -12"><span class='ocrx_word' id='word_1_403' title='bbox 926 3604 1071 3656; x_wconf 80' lang='lat' dir='ltr'><strong>PIE&#39;.</strong></span> <span class='ocrx_word' id='word_1_404' title='bbox 1094 3629 1166 3642; x_wconf 91' lang='lat'><strong>-—</strong></span> <span class='ocrx_word' id='word_1_405' title='bbox 1204 3601 1289 3668; x_wconf 81' lang='grc' dir='ltr'><strong>Τῷ</strong></span> <span class='ocrx_word' id='word_1_406' title='bbox 1318 3602 1499 3668; x_wconf 78' lang='grc' dir='ltr'>αὐτῷ.</span> 
     </span>
    </p>
   </div>
   <div class='ocr_carea' id='block_1_66' title="bbox 487 3693 2009 3765">
    <p class='ocr_par' dir='ltr' id='par_1_66' title="bbox 487 3693 2009 3765">
     <span class='ocr_line' id='line_1_66' title="bbox 487 3693 2009 3765; baseline 0.002 -19"><span class='ocrx_word' id='word_1_407' title='bbox 487 3693 743 3746; x_wconf 73' lang='grc' dir='ltr'>Ἄτοπον</span> <span class='ocrx_word' id='word_1_408' title='bbox 770 3693 834 3747; x_wconf 84' lang='grc' dir='ltr'>ἂν</span> <span class='ocrx_word' id='word_1_409' title='bbox 858 3694 941 3764; x_wconf 72' lang='grc' dir='ltr'>εἴη</span> <span class='ocrx_word' id='word_1_410' title='bbox 970 3695 1054 3763; x_wconf 74' lang='grc' dir='ltr'><strong>ἐφ’</strong></span> <span class='ocrx_word' id='word_1_411' title='bbox 1079 3693 1283 3764; x_wconf 72' lang='grc' dir='ltr'><strong>ὑψηλοῦ</strong></span> <span class='ocrx_word' id='word_1_412' title='bbox 1309 3695 1410 3765; x_wconf 80' lang='grc' dir='ltr'>μὲν</span> <span class='ocrx_word' id='word_1_413' title='bbox 1438 3694 1533 3748; x_wconf 81' lang='grc' dir='ltr'>τοῦ</span> <span class='ocrx_word' id='word_1_414' title='bbox 1556 3697 1731 3760; x_wconf 84' lang='grc' dir='ltr'>κίονος</span> <span class='ocrx_word' id='word_1_415' title='bbox 1756 3696 2009 3749; x_wconf 79' lang='grc' dir='ltr'>ἵστασθαι</span> 
     </span>
    </p>
   </div>
   <div class='ocr_carea' id='block_1_67' title="bbox 400 3786 2011 3860">
    <p class='ocr_par' dir='ltr' id='par_1_67' title="bbox 400 3786 2011 3860">
     <span class='ocr_line' id='line_1_67' title="bbox 400 3786 2011 3860; baseline 0.001 -18"><span class='ocrx_word' id='word_1_416' title='bbox 400 3789 492 3860; x_wconf 81' lang='grc' dir='ltr'>τῷ</span> <span class='ocrx_word' id='word_1_417' title='bbox 533 3786 760 3859; x_wconf 85' lang='grc' dir='ltr'>σώματι</span> <span class='ocrx_word' id='word_1_418' title='bbox 804 3791 915 3852; x_wconf 86' lang='grc' dir='ltr'>τοῖς</span> <span class='ocrx_word' id='word_1_419' title='bbox 950 3790 1085 3842; x_wconf 82' lang='grc' dir='ltr'>πᾶσι</span> <span class='ocrx_word' id='word_1_420' title='bbox 1130 3790 1456 3860; x_wconf 87' lang='grc' dir='ltr'>φαινόμενον</span> <span class='ocrx_word' id='word_1_421' title='bbox 1503 3789 1730 3856; x_wconf 73' lang='grc' dir='ltr'>ἔνδοξον,</span> <span class='ocrx_word' id='word_1_422' title='bbox 1763 3790 1915 3844; x_wconf 82' lang='grc' dir='ltr'>κάτω</span> <span class='ocrx_word' id='word_1_423' title='bbox 1952 3790 2011 3844; x_wconf 78' lang='grc' dir='ltr'>δὲ</span> 
     </span>
    </p>
   </div>
   <div class='ocr_carea' id='block_1_68' title="bbox 401 3876 2012 3949">
    <p class='ocr_par' dir='ltr' id='par_1_68' title="bbox 401 3876 2012 3949">
     <span class='ocr_line' id='line_1_68' title="bbox 401 3876 2012 3949; baseline -0.001 -17"><span class='ocrx_word' id='word_1_424' title='bbox 401 3882 536 3941; x_wconf 82' lang='grc' dir='ltr'>τοῖς</span> <span class='ocrx_word' id='word_1_425' title='bbox 579 3879 863 3948; x_wconf 82' lang='grc' dir='ltr'>λογισμοῖς</span> <span class='ocrx_word' id='word_1_426' title='bbox 894 3876 1177 3948; x_wconf 84' lang='grc' dir='ltr'>σύρεσθαι,</span> <span class='ocrx_word' id='word_1_427' title='bbox 1217 3878 1385 3949; x_wconf 83' lang='grc' dir='ltr'>μηδὲν</span> <span class='ocrx_word' id='word_1_428' title='bbox 1424 3878 1575 3945; x_wconf 79' lang='grc' dir='ltr'>ἄξιον</span> <span class='ocrx_word' id='word_1_429' title='bbox 1606 3878 1714 3932; x_wconf 85' lang='grc' dir='ltr'><strong>τῶν</strong></span> <span class='ocrx_word' id='word_1_430' title='bbox 1745 3877 2012 3948; x_wconf 81' lang='grc' dir='ltr'>οὐρανίων</span> 
     </span>
    </p>
   </div>
   <div class='ocr_carea' id='block_1_69' title="bbox 403 3967 2013 4039">
    <p class='ocr_par' dir='ltr' id='par_1_69' title="bbox 403 3967 2013 4039">
     <span class='ocr_line' id='line_1_69' title="bbox 403 3967 2013 4039; baseline -0.002 -17"><span class='ocrx_word' id='word_1_431' title='bbox 403 3969 782 4039; x_wconf 79' lang='grc' dir='ltr'>πραγμάτων</span> <span class='ocrx_word' id='word_1_432' title='bbox 835 3968 1164 4021; x_wconf 86' lang='grc' dir='ltr'>διανοεῖσθαι</span> <span class='ocrx_word' id='word_1_433' title='bbox 1198 3968 1545 4038; x_wconf 82' lang='grc' dir='ltr'>βουλόμενον,</span> <span class='ocrx_word' id='word_1_434' title='bbox 1592 3967 1756 4038; x_wconf 87' lang='grc' dir='ltr'>μόνον</span> <span class='ocrx_word' id='word_1_435' title='bbox 1805 3967 1861 4020; x_wconf 83' lang='grc' dir='ltr'>δὲ</span> <span class='ocrx_word' id='word_1_436' title='bbox 1895 3970 2013 4032; x_wconf 88' lang='grc' dir='ltr'>ταῖς</span> 
     </span>
    </p>
   </div>
   <div class='ocr_carea' id='block_1_70' title="bbox 404 4058 2014 4132">
    <p class='ocr_par' dir='ltr' id='par_1_70' title="bbox 404 4058 2014 4132">
     <span class='ocr_line' id='line_1_70' title="bbox 404 4058 2014 4132; baseline -0.001 -21"><span class='ocrx_word' id='word_1_437' title='bbox 404 4059 684 4129; x_wconf 73' lang='grc' dir='ltr'>γυναιξὶν</span> <span class='ocrx_word' id='word_1_438' title='bbox 710 4059 878 4129; x_wconf 77' lang='grc' dir='ltr'>ἡδέως</span> <span class='ocrx_word' id='word_1_439' title='bbox 919 4058 1329 4132; x_wconf 81' lang='grc' dir='ltr'>προσλαλοῦντα</span> <span class='ocrx_word' id='word_1_440' title='bbox 1364 4061 1422 4110; x_wconf 84' lang='grc' dir='ltr'>ὲν</span> <span class='ocrx_word' id='word_1_441' title='bbox 1458 4062 1580 4122; x_wconf 82' lang='grc' dir='ltr'>ταῖς</span> <span class='ocrx_word' id='word_1_442' title='bbox 1610 4058 1847 4129; x_wconf 75' lang='grc' dir='ltr'>ἡμέραις</span> <span class='ocrx_word' id='word_1_443' title='bbox 1881 4059 2014 4112; x_wconf 86' lang='grc' dir='ltr'>ταύ-</span> 
     </span>
    </p>
   </div>
   <div class='ocr_carea' id='block_1_71' title="bbox 400 4147 2016 4222">
    <p class='ocr_par' dir='ltr' id='par_1_71' title="bbox 400 4147 2016 4222">
     <span class='ocr_line' id='line_1_71' title="bbox 400 4147 2016 4222; baseline -0.002 -17"><span class='ocrx_word' id='word_1_444' title='bbox 400 4168 575 4214; x_wconf 83' lang='grc' dir='ltr'>ταις.</span> <span class='ocrx_word' id='word_1_445' title='bbox 611 4150 807 4222; x_wconf 79' lang='grc' dir='ltr'>Πρώην</span> <span class='ocrx_word' id='word_1_446' title='bbox 851 4150 1085 4222; x_wconf 81' lang='grc' dir='ltr'>μὲνγὰρ</span> <span class='ocrx_word' id='word_1_447' title='bbox 1141 4153 1256 4215; x_wconf 87' lang='grc' dir='ltr'>τοῖς</span> <span class='ocrx_word' id='word_1_448' title='bbox 1313 4150 1572 4220; x_wconf 82' lang='grc' dir='ltr'>ἀνδράσιν</span> <span class='ocrx_word' id='word_1_449' title='bbox 1596 4151 1658 4202; x_wconf 84' lang='grc' dir='ltr'>ὲκ</span> <span class='ocrx_word' id='word_1_450' title='bbox 1709 4147 2016 4219; x_wconf 87' lang='grc' dir='ltr'>προθυμίας</span> 
     </span>
    </p>
   </div>
   <div class='ocr_carea' id='block_1_72' title="bbox 403 4238 2018 4310">
    <p class='ocr_par' dir='ltr' id='par_1_72' title="bbox 403 4238 2018 4310">
     <span class='ocr_line' id='line_1_72' title="bbox 403 4238 2018 4310; baseline 0 -18"><span class='ocrx_word' id='word_1_451' title='bbox 403 4238 731 4309; x_wconf 74' lang='grc' dir='ltr'>ὲφθέγγου,</span> <span class='ocrx_word' id='word_1_452' title='bbox 762 4239 855 4294; x_wconf 80' lang='grc' dir='ltr'>νῦν</span> <span class='ocrx_word' id='word_1_453' title='bbox 877 4241 934 4294; x_wconf 83' lang='grc' dir='ltr'>δὲ</span> <span class='ocrx_word' id='word_1_454' title='bbox 958 4241 1033 4305; x_wconf 83' lang='grc' dir='ltr'>ὡς</span> <span class='ocrx_word' id='word_1_455' title='bbox 1058 4241 1150 4293; x_wconf 75' lang='grc' dir='ltr'><strong>ἐπὶ</strong></span> <span class='ocrx_word' id='word_1_456' title='bbox 1176 4241 1237 4293; x_wconf 87' lang='grc' dir='ltr'><strong>τὸ</strong></span> <span class='ocrx_word' id='word_1_457' title='bbox 1264 4241 1515 4294; x_wconf 80' lang='grc' dir='ltr'>πλεῖστον</span> <span class='ocrx_word' id='word_1_458' title='bbox 1534 4240 1604 4294; x_wconf 82' lang='grc' dir='ltr'>τὰ</span> <span class='ocrx_word' id='word_1_459' title='bbox 1623 4240 1825 4309; x_wconf 86' lang='grc' dir='ltr'>γύναια</span> <span class='ocrx_word' id='word_1_460' title='bbox 1856 4257 2018 4310; x_wconf 89' lang='grc' dir='ltr'>προσ-</span> 
     </span>
    </p>
   </div>
   <div class='ocr_carea' id='block_1_73' title="bbox 400 4328 2019 4405">
    <p class='ocr_par' dir='ltr' id='par_1_73' title="bbox 400 4328 2019 4405">
     <span class='ocr_line' id='line_1_73' title="bbox 400 4328 2019 4405; baseline -0.001 -19"><span class='ocrx_word' id='word_1_461' title='bbox 400 4333 585 4405; x_wconf 72' lang='grc' dir='ltr'><strong>δέχῃ.</strong></span> <span class='ocrx_word' id='word_1_462' title='bbox 629 4331 847 4402; x_wconf 81' lang='grc' dir='ltr'>Ἐπειδὴ</span> <span class='ocrx_word' id='word_1_463' title='bbox 865 4328 1012 4403; x_wconf 81' lang='grc' dir='ltr'><strong>οὖνὴ</strong></span> <span class='ocrx_word' id='word_1_464' title='bbox 1049 4332 1239 4403; x_wconf 82' lang='grc' dir='ltr'>Γραφὴ</span> <span class='ocrx_word' id='word_1_465' title='bbox 1274 4332 1363 4385; x_wconf 82' lang='grc' dir='ltr'><strong>τὸν</strong></span> <span class='ocrx_word' id='word_1_466' title='bbox 1391 4332 1514 4400; x_wconf 74' lang='grc' dir='ltr'>ὅφιν</span> <span class='ocrx_word' id='word_1_467' title='bbox 1543 4332 1894 4395; x_wconf 75' lang='grc' dir='ltr'>καταδικάζει</span> <span class='ocrx_word' id='word_1_468' title='bbox 1925 4332 2019 4397; x_wconf 64' lang='grc' dir='ltr'><strong>ἐπὶ</strong></span> 
     </span>
    </p>
   </div>
   <div class='ocr_carea' id='block_1_74' title="bbox 2106 3239 3684 3328">
    <p class='ocr_par' dir='ltr' id='par_1_74' title="bbox 2106 3239 3684 3328">
     <span class='ocr_line' id='line_1_74' title="bbox 2106 3239 3684 3328; baseline -0.013 -18"><span class='ocrx_word' id='word_1_469' title='bbox 2106 3256 2284 3328; x_wconf 90' lang='lat' dir='ltr'><strong>ptioni</strong></span> <span class='ocrx_word' id='word_1_470' title='bbox 2342 3253 2597 3309; x_wconf 79' lang='lat' dir='ltr'><strong>obnoxiis</strong></span> <span class='ocrx_word' id='word_1_471' title='bbox 2630 3249 2924 3305; x_wconf 87' lang='lat' dir='ltr'><strong>immodice</strong></span> <span class='ocrx_word' id='word_1_472' title='bbox 2972 3246 3259 3309; x_wconf 86' lang='lat' dir='ltr'><strong>laudatus,</strong></span> <span class='ocrx_word' id='word_1_473' title='bbox 3308 3244 3496 3297; x_wconf 87' lang='lat' dir='ltr'><strong>eodem</strong></span> <span class='ocrx_word' id='word_1_474' title='bbox 3563 3239 3684 3306; x_wconf 85' lang='lat' dir='ltr'><strong>ipso</strong></span> 
     </span>
    </p>
   </div>
   <div class='ocr_carea' id='block_1_75' title="bbox 2108 3336 3687 3417">
    <p class='ocr_par' dir='ltr' id='par_1_75' title="bbox 2108 3336 3687 3417">
     <span class='ocr_line' id='line_1_75' title="bbox 2108 3336 3687 3417; baseline -0.015 -13"><span class='ocrx_word' id='word_1_475' title='bbox 2108 3360 2352 3417; x_wconf 89' lang='lat' dir='ltr'><strong>tempore</strong></span> <span class='ocrx_word' id='word_1_476' title='bbox 2382 3345 2450 3398; x_wconf 91' lang='lat' dir='ltr'><strong>ab</strong></span> <span class='ocrx_word' id='word_1_477' title='bbox 2499 3341 2902 3410; x_wconf 85' lang='lat' dir='ltr'><strong>incorruptibili</strong></span> <span class='ocrx_word' id='word_1_478' title='bbox 2941 3338 3047 3393; x_wconf 87' lang='lat' dir='ltr'><strong>Deo</strong></span> <span class='ocrx_word' id='word_1_479' title='bbox 3074 3336 3239 3389; x_wconf 82' lang='lat' dir='ltr'><strong>miser</strong></span> <span class='ocrx_word' id='word_1_480' title='bbox 3274 3343 3466 3403; x_wconf 55' lang='lat' dir='ltr'><strong>praeter</strong></span> <span class='ocrx_word' id='word_1_481' title='bbox 3491 3343 3687 3398; x_wconf 78' lang='lat' dir='ltr'><strong>exspe-</strong></span> 
     </span>
    </p>
   </div>
   <div class='ocr_carea' id='block_1_76' title="bbox 2108 3420 3688 3502">
    <p class='ocr_par' dir='ltr' id='par_1_76' title="bbox 2108 3420 3688 3502">
     <span class='ocr_line' id='line_1_76' title="bbox 2108 3420 3688 3502; baseline -0.013 -7"><span class='ocrx_word' id='word_1_482' title='bbox 2108 3440 2402 3495; x_wconf 89' lang='lat' dir='ltr'><strong>ctationem</strong></span> <span class='ocrx_word' id='word_1_483' title='bbox 2428 3434 2702 3496; x_wconf 88' lang='lat' dir='ltr'><strong>habearis,</strong></span> <span class='ocrx_word' id='word_1_484' title='bbox 2721 3431 2867 3502; x_wconf 91' lang='lat' dir='ltr'><strong>quod</strong></span> <span class='ocrx_word' id='word_1_485' title='bbox 2899 3442 3069 3500; x_wconf 86' lang='lat' dir='ltr'><strong>supra</strong></span> <span class='ocrx_word' id='word_1_486' title='bbox 3096 3427 3289 3481; x_wconf 87' lang='lat' dir='ltr'><strong>merita</strong></span> <span class='ocrx_word' id='word_1_487' title='bbox 3316 3424 3404 3479; x_wconf 91' lang='lat' dir='ltr'><strong>hic</strong></span> <span class='ocrx_word' id='word_1_488' title='bbox 3430 3420 3688 3476; x_wconf 87' lang='lat' dir='ltr'><strong>humanis</strong></span> 
     </span>
    </p>
   </div>
   <div class='ocr_carea' id='block_1_77' title="bbox 2110 3523 2936 3602">
    <p class='ocr_par' dir='ltr' id='par_1_77' title="bbox 2110 3523 2936 3602">
     <span class='ocr_line' id='line_1_77' title="bbox 2110 3523 2936 3602; baseline -0.013 -16"><span class='ocrx_word' id='word_1_489' title='bbox 2110 3530 2396 3602; x_wconf 87' lang='lat' dir='ltr'><strong>plausibus</strong></span> <span class='ocrx_word' id='word_1_490' title='bbox 2424 3535 2476 3584; x_wconf 89' lang='lat' dir='ltr'><strong>te</strong></span> <span class='ocrx_word' id='word_1_491' title='bbox 2502 3523 2936 3582; x_wconf 77' lang='lat' dir='ltr'><strong>exsaturaveris.</strong></span> 
     </span>
    </p>
   </div>
   <div class='ocr_carea' id='block_1_78' title="bbox 2642 3611 3162 3673">
    <p class='ocr_par' dir='ltr' id='par_1_78' title="bbox 2642 3611 3162 3673">
     <span class='ocr_line' id='line_1_78' title="bbox 2642 3611 3162 3673; baseline -0.013 -1"><span class='ocrx_word' id='word_1_492' title='bbox 2642 3615 2804 3673; x_wconf 79' lang='lat' dir='ltr'><strong>CXV.</strong></span> <span class='ocrx_word' id='word_1_493' title='bbox 2845 3646 2916 3656; x_wconf 93' lang='lat'><strong>—</strong></span> <span class='ocrx_word' id='word_1_494' title='bbox 2954 3611 3162 3667; x_wconf 82' lang='lat' dir='ltr'><strong>Eidem.</strong></span> 
     </span>
    </p>
   </div>
   <div class='ocr_carea' id='block_1_79' title="bbox 2184 3699 3693 3774">
    <p class='ocr_par' dir='ltr' id='par_1_79' title="bbox 2184 3699 3693 3774">
     <span class='ocr_line' id='line_1_79' title="bbox 2184 3699 3693 3774; baseline -0.015 -3"><span class='ocrx_word' id='word_1_495' title='bbox 2184 3712 2498 3770; x_wconf 84' lang='lat' dir='ltr'><strong>Absurdum</strong></span> <span class='ocrx_word' id='word_1_496' title='bbox 2545 3701 2679 3765; x_wconf 81' lang='lat' dir='ltr'><strong>sane</strong></span> <span class='ocrx_word' id='word_1_497' title='bbox 2713 3706 2882 3762; x_wconf 77' lang='lat' dir='ltr'><strong>fuerit</strong></span> <span class='ocrx_word' id='word_1_498' title='bbox 2921 3717 3155 3774; x_wconf 90' lang='lat' dir='ltr'><strong>corpore</strong></span> <span class='ocrx_word' id='word_1_499' title='bbox 3196 3702 3250 3756; x_wconf 91' lang='lat' dir='ltr'><strong>in</strong></span> <span class='ocrx_word' id='word_1_500' title='bbox 3289 3699 3505 3755; x_wconf 79' lang='lat' dir='ltr'><strong>excelsa</strong></span> <span class='ocrx_word' id='word_1_501' title='bbox 3545 3702 3693 3751; x_wconf 87' lang='lat' dir='ltr'><strong>stare</strong></span> 
     </span>
    </p>
   </div>
   <div class='ocr_carea' id='block_1_80' title="bbox 2114 3786 3689 3868">
    <p class='ocr_par' dir='ltr' id='par_1_80' title="bbox 2114 3786 3689 3868">
     <span class='ocr_line' id='line_1_80' title="bbox 2114 3786 3689 3868; baseline -0.014 -7"><span class='ocrx_word' id='word_1_502' title='bbox 2114 3806 2370 3861; x_wconf 88' lang='lat' dir='ltr'><strong>columna</strong></span> <span class='ocrx_word' id='word_1_503' title='bbox 2410 3802 2668 3859; x_wconf 88' lang='lat' dir='ltr'><strong>omnibus</strong></span> <span class='ocrx_word' id='word_1_504' title='bbox 2701 3798 3060 3868; x_wconf 87' lang='lat' dir='ltr'><strong>conspicuum</strong></span> <span class='ocrx_word' id='word_1_505' title='bbox 3099 3803 3152 3849; x_wconf 92' lang='lat' dir='ltr'><strong>et</strong></span> <span class='ocrx_word' id='word_1_506' title='bbox 3184 3793 3510 3863; x_wconf 83' lang='lat' dir='ltr'><strong>gloriosum,</strong></span> <span class='ocrx_word' id='word_1_507' title='bbox 3548 3786 3689 3841; x_wconf 79' lang='lat' dir='ltr'><strong>infra</strong></span> 
     </span>
    </p>
   </div>
   <div class='ocr_carea' id='block_1_81' title="bbox 2114 3878 3695 3966">
    <p class='ocr_par' dir='ltr' id='par_1_81' title="bbox 2114 3878 3695 3966">
     <span class='ocr_line' id='line_1_81' title="bbox 2114 3878 3695 3966; baseline -0.013 -16"><span class='ocrx_word' id='word_1_508' title='bbox 2114 3913 2246 3953; x_wconf 76' lang='lat' dir='ltr'><strong>vero</strong></span> <span class='ocrx_word' id='word_1_509' title='bbox 2268 3894 2696 3966; x_wconf 85' lang='lat' dir='ltr'><strong>cogitationibus</strong></span> <span class='ocrx_word' id='word_1_510' title='bbox 2735 3890 2973 3952; x_wconf 89' lang='lat' dir='ltr'><strong>detrahi,</strong></span> <span class='ocrx_word' id='word_1_511' title='bbox 3005 3888 3142 3942; x_wconf 91' lang='lat' dir='ltr'><strong>nihil</strong></span> <span class='ocrx_word' id='word_1_512' title='bbox 3172 3883 3495 3939; x_wconf 83' lang='lat' dir='ltr'><strong>coelestibus</strong></span> <span class='ocrx_word' id='word_1_513' title='bbox 3526 3878 3695 3931; x_wconf 86' lang='lat' dir='ltr'><strong>rebus</strong></span> 
     </span>
    </p>
   </div>
   <div class='ocr_carea' id='block_1_82' title="bbox 2115 3968 3693 4058">
    <p class='ocr_par' dir='ltr' id='par_1_82' title="bbox 2115 3968 3693 4058">
     <span class='ocr_line' id='line_1_82' title="bbox 2115 3968 3693 4058; baseline -0.015 -15"><span class='ocrx_word' id='word_1_514' title='bbox 2115 3988 2340 4058; x_wconf 88' lang='lat' dir='ltr'><strong>dignum</strong></span> <span class='ocrx_word' id='word_1_515' title='bbox 2369 3984 2896 4056; x_wconf 86' lang='lat' dir='ltr'><strong>apprehendentem,</strong></span> <span class='ocrx_word' id='word_1_516' title='bbox 2934 3975 3314 4033; x_wconf 89' lang='lat' dir='ltr'><strong>tantummodo</strong></span> <span class='ocrx_word' id='word_1_517' title='bbox 3349 3985 3472 4025; x_wconf 92' lang='lat' dir='ltr'><strong>cum</strong></span> <span class='ocrx_word' id='word_1_518' title='bbox 3502 3968 3693 4022; x_wconf 89' lang='lat' dir='ltr'><strong>mulie-</strong></span> 
     </span>
    </p>
   </div>
   <div class='ocr_carea' id='block_1_83' title="bbox 2116 4062 3693 4135">
    <p class='ocr_par' dir='ltr' id='par_1_83' title="bbox 2116 4062 3693 4135">
     <span class='ocr_line' id='line_1_83' title="bbox 2116 4062 3693 4135; baseline -0.016 0"><span class='ocrx_word' id='word_1_519' title='bbox 2116 4081 2274 4135; x_wconf 88' lang='lat' dir='ltr'><strong>ribus</strong></span> <span class='ocrx_word' id='word_1_520' title='bbox 2326 4079 2567 4133; x_wconf 81' lang='lat' dir='ltr'><strong>suaviter</strong></span> <span class='ocrx_word' id='word_1_521' title='bbox 2630 4076 2719 4128; x_wconf 87' lang='lat' dir='ltr'><strong>his</strong></span> <span class='ocrx_word' id='word_1_522' title='bbox 2779 4072 2974 4126; x_wconf 87' lang='lat' dir='ltr'><strong>diebus</strong></span> <span class='ocrx_word' id='word_1_523' title='bbox 3032 4067 3455 4130; x_wconf 80' lang='lat' dir='ltr'><strong>colloquentem.</strong></span> <span class='ocrx_word' id='word_1_524' title='bbox 3520 4062 3693 4112; x_wconf 81' lang='lat' dir='ltr'><strong>Antea</strong></span> 
     </span>
    </p>
   </div>
   <div class='ocr_carea' id='block_1_84' title="bbox 2117 4146 3695 4225">
    <p class='ocr_par' dir='ltr' id='par_1_84' title="bbox 2117 4146 3695 4225">
     <span class='ocr_line' id='line_1_84' title="bbox 2117 4146 3695 4225; baseline -0.018 -1"><span class='ocrx_word' id='word_1_525' title='bbox 2117 4171 2262 4225; x_wconf 88' lang='lat' dir='ltr'><strong>enim</strong></span> <span class='ocrx_word' id='word_1_526' title='bbox 2292 4167 2548 4221; x_wconf 88' lang='lat' dir='ltr'><strong>homines</strong></span> <span class='ocrx_word' id='word_1_527' title='bbox 2575 4161 2768 4217; x_wconf 87' lang='lat' dir='ltr'><strong>sedulo</strong></span> <span class='ocrx_word' id='word_1_528' title='bbox 2805 4152 3202 4225; x_wconf 88' lang='lat' dir='ltr'><strong>alloqueharis,</strong></span> <span class='ocrx_word' id='word_1_529' title='bbox 3234 4164 3382 4203; x_wconf 89' lang='lat' dir='ltr'><strong>nunc</strong></span> <span class='ocrx_word' id='word_1_530' title='bbox 3425 4156 3483 4201; x_wconf 88' lang='lat' dir='ltr'><strong>ut</strong></span> <span class='ocrx_word' id='word_1_531' title='bbox 3523 4146 3695 4215; x_wconf 89' lang='lat' dir='ltr'><strong>pluri-</strong></span> 
     </span>
    </p>
   </div>
   <div class='ocr_carea' id='block_1_85' title="bbox 2124 4237 3696 4318">
    <p class='ocr_par' dir='ltr' id='par_1_85' title="bbox 2124 4237 3696 4318">
     <span class='ocr_line' id='line_1_85' title="bbox 2124 4237 3696 4318; baseline -0.018 -2"><span class='ocrx_word' id='word_1_532' title='bbox 2124 4276 2271 4316; x_wconf 91' lang='lat' dir='ltr'><strong>mum</strong></span> <span class='ocrx_word' id='word_1_533' title='bbox 2314 4255 2673 4312; x_wconf 88' lang='lat' dir='ltr'><strong>mulierculas</strong></span> <span class='ocrx_word' id='word_1_534' title='bbox 2713 4248 2941 4318; x_wconf 82' lang='lat' dir='ltr'><strong>excipis.</strong></span> <span class='ocrx_word' id='word_1_535' title='bbox 2993 4243 3129 4299; x_wconf 91' lang='lat' dir='ltr'><strong>Cum</strong></span> <span class='ocrx_word' id='word_1_536' title='bbox 3184 4241 3368 4309; x_wconf 89' lang='lat' dir='ltr'><strong>itaque</strong></span> <span class='ocrx_word' id='word_1_537' title='bbox 3410 4237 3696 4307; x_wconf 87' lang='lat' dir='ltr'><strong>Scriptura</strong></span> 
     </span>
    </p>
   </div>
   <div class='ocr_carea' id='block_1_86' title="bbox 2121 4334 3701 4421">
    <p class='ocr_par' dir='ltr' id='par_1_86' title="bbox 2121 4334 3701 4421">
     <span class='ocr_line' id='line_1_86' title="bbox 2121 4334 3701 4421; baseline -0.017 -14"><span class='ocrx_word' id='word_1_538' title='bbox 2121 4357 2427 4421; x_wconf 88' lang='lat' dir='ltr'><strong>serpentem</strong></span> <span class='ocrx_word' id='word_1_539' title='bbox 2479 4343 2832 4403; x_wconf 87' lang='lat' dir='ltr'><strong>condemnet,</strong></span> <span class='ocrx_word' id='word_1_540' title='bbox 2866 4347 2927 4392; x_wconf 93' lang='lat' dir='ltr'><strong>ut</strong></span> <span class='ocrx_word' id='word_1_541' title='bbox 2964 4334 3118 4390; x_wconf 91' lang='lat' dir='ltr'><strong>humi</strong></span> <span class='ocrx_word' id='word_1_542' title='bbox 3160 4338 3336 4402; x_wconf 87' lang='lat' dir='ltr'><strong>repat,</strong></span> <span class='ocrx_word' id='word_1_543' title='bbox 3384 4337 3701 4394; x_wconf 81' lang='lat' dir='ltr'><strong>terramque</strong></span> 
     </span>
    </p>
   </div>
   <div class='ocr_carea' id='block_1_87' title="bbox 400 4419 1997 4513">
    <p class='ocr_par' dir='ltr' id='par_1_87' title="bbox 400 4421 1997 4493">
     <span class='ocr_line' id='line_1_87' title="bbox 400 4421 1997 4493; baseline -0.001 -19"><span class='ocrx_word' id='word_1_544' title='bbox 400 4424 519 4492; x_wconf 82' lang='grc' dir='ltr'>τῆς</span> <span class='ocrx_word' id='word_1_545' title='bbox 562 4422 677 4492; x_wconf 84' lang='grc' dir='ltr'>γῆς</span> <span class='ocrx_word' id='word_1_546' title='bbox 733 4422 1027 4493; x_wconf 89' lang='grc' dir='ltr'>σύρεσθαι,</span> <span class='ocrx_word' id='word_1_547' title='bbox 1072 4423 1167 4475; x_wconf 75' lang='grc' dir='ltr'><strong>καὶ</strong></span> <span class='ocrx_word' id='word_1_548' title='bbox 1209 4423 1312 4490; x_wconf 76' lang='grc' dir='ltr'>γῆν</span> <span class='ocrx_word' id='word_1_549' title='bbox 1364 4421 1631 4476; x_wconf 86' lang='grc' dir='ltr'>σιτεῖσθαι</span> <span class='ocrx_word' id='word_1_550' title='bbox 1685 4423 1802 4485; x_wconf 73' lang='grc' dir='ltr'>ἀεὶ,</span> <span class='ocrx_word' id='word_1_551' title='bbox 1857 4422 1997 4491; x_wconf 58' lang='grc' dir='ltr'>βλέπέ</span> 
     </span>
    </p>
   </div>
   <div class='ocr_carea' id='block_1_88' title="bbox 2102 4419 3698 4513">
    <p class='ocr_par' dir='ltr' id='par_1_88' title="bbox 2122 4419 3698 4513">
     <span class='ocr_line' id='line_1_88' title="bbox 2122 4419 3698 4513; baseline -0.02 -13"><span class='ocrx_word' id='word_1_552' title='bbox 2122 4419 2340 4513; x_wconf 83' lang='lat' dir='ltr'><strong>semper</strong></span> <span class='ocrx_word' id='word_1_553' title='bbox 2370 4439 2698 4509; x_wconf 87' lang='lat' dir='ltr'><strong>depascatur</strong></span> <span class='ocrx_word' id='word_1_554' title='bbox 2722 4434 2790 4495; x_wconf 82' lang='grc' dir='ltr'>⁸ο,</span> <span class='ocrx_word' id='word_1_555' title='bbox 2822 4446 2954 4486; x_wconf 80' lang='lat' dir='ltr'><strong>cave</strong></span> <span class='ocrx_word' id='word_1_556' title='bbox 2986 4443 3056 4484; x_wconf 88' lang='lat' dir='ltr'><strong>ne</strong></span> <span class='ocrx_word' id='word_1_557' title='bbox 3088 4436 3145 4481; x_wconf 92' lang='lat' dir='ltr'><strong>tu</strong></span> <span class='ocrx_word' id='word_1_558' title='bbox 3185 4419 3698 4479; x_wconf 74' lang='lat' dir='ltr'><strong>condemnationem</strong></span> 
     </span>
    </p>
   </div>
   <div class='ocr_carea' id='block_1_89' title="bbox 406 4510 1997 4603">
    <p class='ocr_par' dir='ltr' id='par_1_89' title="bbox 406 4514 1997 4587">
     <span class='ocr_line' id='line_1_89' title="bbox 406 4514 1997 4587; baseline 0 -20"><span class='ocrx_word' id='word_1_559' title='bbox 406 4515 494 4585; x_wconf 83' lang='grc' dir='ltr'>μή</span> <span class='ocrx_word' id='word_1_560' title='bbox 507 4530 653 4567; x_wconf 78' lang='grc' dir='ltr'>ποτε</span> <span class='ocrx_word' id='word_1_561' title='bbox 694 4515 792 4584; x_wconf 82' lang='grc' dir='ltr'><strong>τὴν</strong></span> <span class='ocrx_word' id='word_1_562' title='bbox 839 4514 1141 4584; x_wconf 87' lang='grc' dir='ltr'>καταδίκην</span> <span class='ocrx_word' id='word_1_563' title='bbox 1168 4515 1331 4578; x_wconf 79' lang='grc' dir='ltr'>αὐτὸς</span> <span class='ocrx_word' id='word_1_564' title='bbox 1362 4516 1610 4587; x_wconf 80' lang='grc' dir='ltr'>πληροῖς,</span> <span class='ocrx_word' id='word_1_565' title='bbox 1650 4514 1825 4585; x_wconf 88' lang='grc' dir='ltr'>χαμαί</span> <span class='ocrx_word' id='word_1_566' title='bbox 1858 4532 1918 4567; x_wconf 87' lang='grc' dir='ltr'><strong>τε</strong></span> <span class='ocrx_word' id='word_1_567' title='bbox 1948 4518 1997 4585; x_wconf 61' lang='grc' dir='ltr'>τῇ</span> 
     </span>
    </p>
   </div>
   <div class='ocr_carea' id='block_1_90' title="bbox 2102 4510 3703 4603">
    <p class='ocr_par' dir='ltr' id='par_1_90' title="bbox 2123 4510 3703 4603">
     <span class='ocr_line' id='line_1_90' title="bbox 2123 4510 3703 4603; baseline -0.019 -13"><span class='ocrx_word' id='word_1_568' title='bbox 2123 4510 2270 4590; x_wconf 83' lang='lat' dir='ltr'><strong>illam</strong></span> <span class='ocrx_word' id='word_1_569' title='bbox 2311 4532 2624 4603; x_wconf 83' lang='lat' dir='ltr'><strong>persolvas,</strong></span> <span class='ocrx_word' id='word_1_570' title='bbox 2657 4524 2810 4581; x_wconf 92' lang='lat' dir='ltr'><strong>humi</strong></span> <span class='ocrx_word' id='word_1_571' title='bbox 2851 4518 3285 4593; x_wconf 88' lang='lat' dir='ltr'><strong>cogitationibus</strong></span> <span class='ocrx_word' id='word_1_572' title='bbox 3325 4527 3544 4583; x_wconf 90' lang='lat' dir='ltr'><strong>repens,</strong></span> <span class='ocrx_word' id='word_1_573' title='bbox 3587 4516 3703 4562; x_wconf 90' lang='lat' dir='ltr'><strong>ter-</strong></span> 
     </span>
    </p>
   </div>
   <div class='ocr_carea' id='block_1_91' title="bbox 401 4604 2017 4676">
    <p class='ocr_par' dir='ltr' id='par_1_91' title="bbox 401 4604 2017 4676">
     <span class='ocr_line' id='line_1_91' title="bbox 401 4604 2017 4676; baseline -0.001 -18"><span class='ocrx_word' id='word_1_574' title='bbox 401 4605 649 4675; x_wconf 80' lang='grc' dir='ltr'>διανοίᾳ</span> <span class='ocrx_word' id='word_1_575' title='bbox 694 4604 918 4676; x_wconf 72' lang='grc' dir='ltr'>ἕρπων,</span> <span class='ocrx_word' id='word_1_576' title='bbox 966 4605 1062 4657; x_wconf 70' lang='grc' dir='ltr'><strong>καὶ</strong></span> <span class='ocrx_word' id='word_1_577' title='bbox 1115 4607 1242 4669; x_wconf 80' lang='grc' dir='ltr'>τοὺς</span> <span class='ocrx_word' id='word_1_578' title='bbox 1301 4607 1522 4676; x_wconf 77' lang='grc' dir='ltr'>γηϊνούς</span> <span class='ocrx_word' id='word_1_579' title='bbox 1576 4606 1769 4669; x_wconf 86' lang='grc' dir='ltr'>λόγους</span> <span class='ocrx_word' id='word_1_580' title='bbox 1818 4605 2017 4667; x_wconf 80' lang='grc' dir='ltr'>παντὸς</span> 
     </span>
    </p>
   </div>
   <div class='ocr_carea' id='block_1_92' title="bbox 398 4695 2017 4767">
    <p class='ocr_par' dir='ltr' id='par_1_92' title="bbox 398 4695 2017 4767">
     <span class='ocr_line' id='line_1_92' title="bbox 398 4695 2017 4767; baseline 0.001 -19"><span class='ocrx_word' id='word_1_581' title='bbox 398 4695 657 4750; x_wconf 84' lang='grc' dir='ltr'>ἐσθίων.</span> <span class='ocrx_word' id='word_1_582' title='bbox 693 4695 859 4749; x_wconf 83' lang='grc' dir='ltr'>Ἀλλά</span> <span class='ocrx_word' id='word_1_583' title='bbox 879 4695 974 4748; x_wconf 75' lang='grc' dir='ltr'>καὶ</span> <span class='ocrx_word' id='word_1_584' title='bbox 1001 4695 1101 4764; x_wconf 81' lang='grc' dir='ltr'>τῆς</span> <span class='ocrx_word' id='word_1_585' title='bbox 1130 4696 1513 4767; x_wconf 81' lang='grc' dir='ltr'>χαμαιρεποῦς</span> <span class='ocrx_word' id='word_1_586' title='bbox 1540 4695 1842 4760; x_wconf 81' lang='grc' dir='ltr'>κενοδοξίας</span> <span class='ocrx_word' id='word_1_587' title='bbox 1863 4696 2017 4750; x_wconf 77' lang='grc' dir='ltr'>οὐδὲν</span> 
     </span>
    </p>
   </div>
   <div class='ocr_carea' id='block_1_93' title="bbox 396 4785 794 4857">
    <p class='ocr_par' dir='ltr' id='par_1_93' title="bbox 396 4785 794 4857">
     <span class='ocr_line' id='line_1_93' title="bbox 396 4785 794 4857; baseline 0.005 -18"><span class='ocrx_word' id='word_1_588' title='bbox 396 4785 672 4854; x_wconf 83' lang='grc' dir='ltr'>γηῖνὼτε</span> <span class='ocrx_word' id='word_1_589' title='bbox 681 4804 794 4857; x_wconf 87' lang='grc' dir='ltr'>ρον.</span> 
     </span>
    </p>
   </div>
   <div class='ocr_carea' id='block_1_94' title="bbox 671 4877 1768 4952">
    <p class='ocr_par' dir='ltr' id='par_1_94' title="bbox 671 4877 1768 4952">
     <span class='ocr_line' id='line_1_94' title="bbox 671 4877 1768 4952; baseline 0.001 -21"><span class='ocrx_word' id='word_1_590' title='bbox 671 4879 835 4945; x_wconf 68' lang='lat' dir='ltr'><strong>qu&#39;.</strong></span> <span class='ocrx_word' id='word_1_591' title='bbox 856 4904 936 4919; x_wconf 77' lang='lat'><strong>-—-</strong></span> <span class='ocrx_word' id='word_1_592' title='bbox 955 4877 1285 4950; x_wconf 75' lang='grc' dir='ltr'><strong>ΘΕΟΔΟΣΙᾼ</strong></span> <span class='ocrx_word' id='word_1_593' title='bbox 1307 4880 1768 4952; x_wconf 72' lang='grc' dir='ltr'><strong>ἰΜΟΝΑΖΟΥΣῌ.</strong></span> 
     </span>
    </p>
   </div>
   <div class='ocr_carea' id='block_1_95' title="bbox 482 4967 2019 5042">
    <p class='ocr_par' dir='ltr' id='par_1_95' title="bbox 482 4967 2019 5042">
     <span class='ocr_line' id='line_1_95' title="bbox 482 4967 2019 5042; baseline 0.001 -20"><span class='ocrx_word' id='word_1_594' title='bbox 482 4967 659 5037; x_wconf 83' lang='grc' dir='ltr'>Γυνὴ</span> <span class='ocrx_word' id='word_1_595' title='bbox 684 4969 744 5021; x_wconf 83' lang='grc' dir='ltr'><strong>τὸ</strong></span> <span class='ocrx_word' id='word_1_596' title='bbox 774 4969 938 5039; x_wconf 89' lang='grc' dir='ltr'>σῶμα</span> <span class='ocrx_word' id='word_1_597' title='bbox 979 4971 1291 5042; x_wconf 84' lang='grc' dir='ltr'>τυγχάνεις,</span> <span class='ocrx_word' id='word_1_598' title='bbox 1333 4970 1439 5024; x_wconf 84' lang='grc' dir='ltr'><strong>κᾶν</strong></span> <span class='ocrx_word' id='word_1_599' title='bbox 1462 4969 1641 5040; x_wconf 81' lang='grc' dir='ltr'>θέλῃς,</span> <span class='ocrx_word' id='word_1_600' title='bbox 1674 4971 1784 5023; x_wconf 88' lang='grc' dir='ltr'><strong>κᾶν</strong></span> <span class='ocrx_word' id='word_1_601' title='bbox 1822 4970 1897 5042; x_wconf 83' lang='grc' dir='ltr'>μὴ</span> <span class='ocrx_word' id='word_1_602' title='bbox 1932 4971 2019 5024; x_wconf 86' lang='grc' dir='ltr'>θέ-</span> 
     </span>
    </p>
   </div>
   <div class='ocr_carea' id='block_1_96' title="bbox 391 5058 2019 5135">
    <p class='ocr_par' dir='ltr' id='par_1_96' title="bbox 391 5058 2019 5135">
     <span class='ocr_line' id='line_1_96' title="bbox 391 5058 2019 5135; baseline -0.001 -19"><span class='ocrx_word' id='word_1_603' title='bbox 391 5063 535 5135; x_wconf 84' lang='grc' dir='ltr'>λῃς.</span> <span class='ocrx_word' id='word_1_604' title='bbox 582 5058 856 5114; x_wconf 86' lang='grc' dir='ltr'>Πέπαυσο</span> <span class='ocrx_word' id='word_1_605' title='bbox 883 5060 1061 5115; x_wconf 70' lang='grc' dir='ltr'>τοίνυν</span> <span class='ocrx_word' id='word_1_606' title='bbox 1091 5062 1215 5125; x_wconf 80' lang='grc' dir='ltr'>τοὺς</span> <span class='ocrx_word' id='word_1_607' title='bbox 1238 5062 1437 5132; x_wconf 69' lang='grc' dir='ltr'>ἄνδρας</span> <span class='ocrx_word' id='word_1_608' title='bbox 1459 5060 1782 5115; x_wconf 84' lang='grc' dir='ltr'>διδάσκουσα</span> <span class='ocrx_word' id='word_1_609' title='bbox 1811 5062 1903 5114; x_wconf 81' lang='grc' dir='ltr'>ἐπὶ</span> <span class='ocrx_word' id='word_1_610' title='bbox 1922 5063 2019 5132; x_wconf 80' lang='grc' dir='ltr'>τῆς</span> 
     </span>
    </p>
   </div>
   <div class='ocr_carea' id='block_1_97' title="bbox 390 5149 2019 5225">
    <p class='ocr_par' dir='ltr' id='par_1_97' title="bbox 390 5149 2019 5225">
     <span class='ocr_line' id='line_1_97' title="bbox 390 5149 2019 5225; baseline -0.001 -17"><span class='ocrx_word' id='word_1_611' title='bbox 390 5150 736 5222; x_wconf 72' lang='grc' dir='ltr'>ἐκκλησίας</span> <span class='ocrx_word' id='word_1_612' title='bbox 767 5168 782 5184; x_wconf 76' lang='grc' dir='ltr'><strong>ο</strong></span> <span class='ocrx_word' id='word_1_613' title='bbox 821 5152 1045 5225; x_wconf 83' lang='grc' dir='ltr'>αίσχρδν</span> <span class='ocrx_word' id='word_1_614' title='bbox 1103 5154 1210 5224; x_wconf 84' lang='grc' dir='ltr'>γὰρ</span> <span class='ocrx_word' id='word_1_615' title='bbox 1247 5155 1405 5207; x_wconf 82' lang='grc' dir='ltr'>τοῦτο</span> <span class='ocrx_word' id='word_1_616' title='bbox 1457 5149 1591 5206; x_wconf 76' lang='grc' dir='ltr'>εἶναι</span> <span class='ocrx_word' id='word_1_617' title='bbox 1630 5154 1658 5204; x_wconf 84' lang='grc' dir='ltr'><strong>ὁ</strong></span> <span class='ocrx_word' id='word_1_618' title='bbox 1704 5154 2019 5218; x_wconf 83' lang='grc' dir='ltr'>Ἀπόστολος</span> 
     </span>
    </p>
   </div>
   <div class='ocr_carea' id='block_1_98' title="bbox 390 5239 2021 5314">
    <p class='ocr_par' dir='ltr' id='par_1_98' title="bbox 390 5239 2021 5314">
     <span class='ocr_line' id='line_1_98' title="bbox 390 5239 2021 5314; baseline -0.001 -17"><span class='ocrx_word' id='word_1_619' title='bbox 390 5239 694 5313; x_wconf 75' lang='grc' dir='ltr'>φανερῶς</span> <span class='ocrx_word' id='word_1_620' title='bbox 719 5242 1056 5311; x_wconf 82' lang='grc' dir='ltr'>ἀπεφήνατο,</span> <span class='ocrx_word' id='word_1_621' title='bbox 1113 5243 1217 5296; x_wconf 83' lang='grc' dir='ltr'><strong>κᾶν</strong></span> <span class='ocrx_word' id='word_1_622' title='bbox 1264 5244 1521 5314; x_wconf 83' lang='grc' dir='ltr'>μυριάκις</span> <span class='ocrx_word' id='word_1_623' title='bbox 1549 5242 1713 5312; x_wconf 79' lang='grc' dir='ltr'>λέγῃς</span> <span class='ocrx_word' id='word_1_624' title='bbox 1738 5243 1835 5312; x_wconf 82' lang='grc' dir='ltr'>τῆς</span> <span class='ocrx_word' id='word_1_625' title='bbox 1865 5242 2021 5313; x_wconf 74' lang='grc' dir='ltr'>θηλυο</span> 
     </span>
    </p>
   </div>
   <div class='ocr_carea' id='block_1_99' title="bbox 386 5333 2020 5407">
    <p class='ocr_par' dir='ltr' id='par_1_99' title="bbox 386 5333 2020 5407">
     <span class='ocr_line' id='line_1_99' title="bbox 386 5333 2020 5407; baseline -0.004 -17"><span class='ocrx_word' id='word_1_626' title='bbox 386 5334 700 5407; x_wconf 83' lang='grc' dir='ltr'>δριώδους</span> <span class='ocrx_word' id='word_1_627' title='bbox 751 5333 921 5399; x_wconf 72' lang='grc' dir='ltr'>ἕξεως</span> <span class='ocrx_word' id='word_1_628' title='bbox 972 5334 1188 5404; x_wconf 76' lang='grc' dir='ltr'>μακρὰν</span> <span class='ocrx_word' id='word_1_629' title='bbox 1234 5336 1481 5404; x_wconf 80' lang='grc' dir='ltr'>ἀπέχειν,</span> <span class='ocrx_word' id='word_1_630' title='bbox 1528 5335 1756 5388; x_wconf 73' lang='grc' dir='ltr'>καὶτῶν</span> <span class='ocrx_word' id='word_1_631' title='bbox 1814 5335 2020 5405; x_wconf 81' lang='grc' dir='ltr'>ἀνδρῶν</span> 
     </span>
    </p>
   </div>
   <div class='ocr_carea' id='block_1_100' title="bbox 388 5423 2022 5497">
    <p class='ocr_par' dir='ltr' id='par_1_100' title="bbox 388 5423 2022 5497">
     <span class='ocr_line' id='line_1_100' title="bbox 388 5423 2022 5497; baseline 0 -17"><span class='ocrx_word' id='word_1_632' title='bbox 388 5425 712 5497; x_wconf 80' lang='grc' dir='ltr'>ὑπάρχειν</span> <span class='ocrx_word' id='word_1_633' title='bbox 732 5423 966 5493; x_wconf 84' lang='grc' dir='ltr'>σεαυτὴν</span> <span class='ocrx_word' id='word_1_634' title='bbox 1010 5425 1389 5495; x_wconf 72' lang='grc' dir='ltr'>στερροτέραν,</span> <span class='ocrx_word' id='word_1_635' title='bbox 1418 5427 1557 5479; x_wconf 77' lang='grc' dir='ltr'>κατὰ</span> <span class='ocrx_word' id='word_1_636' title='bbox 1588 5426 1675 5478; x_wconf 77' lang='grc' dir='ltr'>τὸν</span> <span class='ocrx_word' id='word_1_637' title='bbox 1699 5425 1791 5478; x_wconf 77' lang='grc' dir='ltr'>τοῦ</span> <span class='ocrx_word' id='word_1_638' title='bbox 1820 5428 2022 5497; x_wconf 83' lang='grc' dir='ltr'>παρθέ-</span> 
     </span>
    </p>
   </div>
   <div class='ocr_carea' id='block_1_101' title="bbox 385 5514 1218 5588">
    <p class='ocr_par' dir='ltr' id='par_1_101' title="bbox 385 5514 1218 5588">
     <span class='ocr_line' id='line_1_101' title="bbox 385 5514 1218 5588; baseline -0.004 -15"><span class='ocrx_word' id='word_1_639' title='bbox 385 5536 497 5573; x_wconf 78' lang='grc' dir='ltr'><strong>νου</strong></span> <span class='ocrx_word' id='word_1_640' title='bbox 523 5515 904 5588; x_wconf 75' lang='grc' dir='ltr'>φρονήματος</span> <span class='ocrx_word' id='word_1_641' title='bbox 930 5514 1218 5586; x_wconf 76' lang='grc' dir='ltr'>ἐδρασμόν.</span> 
     </span>
    </p>
   </div>
   <div class='ocr_carea' id='block_1_102' title="bbox 470 5712 980 5773">
    <p class='ocr_par' dir='ltr' id='par_1_102' title="bbox 470 5712 980 5773">
     <span class='ocr_line' id='line_1_102' title="bbox 470 5712 980 5773; baseline -0.016 -2"><span class='ocrx_word' id='word_1_642' title='bbox 470 5720 524 5750; x_wconf 83' lang='grc'>³⁷</span> <span class='ocrx_word' id='word_1_643' title='bbox 560 5715 748 5770; x_wconf 80' lang='lat' dir='ltr'><strong>Joan.</strong></span> <span class='ocrx_word' id='word_1_644' title='bbox 781 5729 894 5773; x_wconf 82' lang='lat' dir='ltr'><strong>xw,</strong></span> <span class='ocrx_word' id='word_1_645' title='bbox 925 5712 980 5764; x_wconf 76' lang='lat'><strong>9..</strong></span> 
     </span>
    </p>
   </div>
   <div class='ocr_carea' id='block_1_103' title="bbox 399 5782 985 5847">
    <p class='ocr_par' dir='ltr' id='par_1_103' title="bbox 399 5782 985 5847">
     <span class='ocr_line' id='line_1_103' title="bbox 399 5782 985 5847; baseline -0.012 -7"><span class='ocrx_word' id='word_1_646' title='bbox 399 5792 442 5828; x_wconf 64' lang='grc' dir='ltr'><strong><em>υ</em></strong></span> <span class='ocrx_word' id='word_1_647' title='bbox 478 5789 504 5843; x_wconf 85' lang='grc' dir='ltr'><strong>ι</strong></span> <span class='ocrx_word' id='word_1_648' title='bbox 546 5787 711 5841; x_wconf 73' lang='lat' dir='ltr'><strong>Cor.</strong></span> <span class='ocrx_word' id='word_1_649' title='bbox 742 5798 860 5847; x_wconf 70' lang='lat' dir='ltr'><strong>xiv,</strong></span> <span class='ocrx_word' id='word_1_650' title='bbox 895 5782 985 5834; x_wconf 77' lang='grc'><strong>55.</strong></span> 
     </span>
    </p>
   </div>
   <div class='ocr_carea' id='block_1_104' title="bbox 1084 5714 1552 5781">
    <p class='ocr_par' dir='ltr' id='par_1_104' title="bbox 1084 5714 1552 5781">
     <span class='ocr_line' id='line_1_104' title="bbox 1084 5714 1552 5781; baseline 0.004 -12"><span class='ocrx_word' id='word_1_651' title='bbox 1084 5714 1128 5745; x_wconf 72' lang='grc'><strong>’⁸</strong></span> <span class='ocrx_word' id='word_1_652' title='bbox 1163 5714 1200 5768; x_wconf 94' lang='lat' dir='ltr'><strong>ll</strong></span> <span class='ocrx_word' id='word_1_653' title='bbox 1230 5716 1354 5772; x_wconf 76' lang='lat' dir='ltr'><strong>Cor.</strong></span> <span class='ocrx_word' id='word_1_654' title='bbox 1387 5733 1438 5781; x_wconf 71' lang='grc' dir='ltr'><strong>κ,</strong></span> <span class='ocrx_word' id='word_1_655' title='bbox 1472 5718 1552 5771; x_wconf 83' lang='grc'><strong>18.</strong></span> 
     </span>
    </p>
   </div>
   <div class='ocr_carea' id='block_1_105' title="bbox 1661 5705 3083 5783">
    <p class='ocr_par' dir='ltr' id='par_1_105' title="bbox 1661 5705 3083 5783">
     <span class='ocr_line' id='line_1_105' title="bbox 1661 5705 3083 5783; baseline -0.009 -12"><span class='ocrx_word' id='word_1_656' title='bbox 1661 5717 1911 5771; x_wconf 68' lang='lat' dir='ltr'><strong>&quot;Matth.</strong></span> <span class='ocrx_word' id='word_1_657' title='bbox 1952 5731 2111 5783; x_wconf 75' lang='lat' dir='ltr'><strong>xxtn,</strong></span> <span class='ocrx_word' id='word_1_658' title='bbox 2161 5717 2257 5781; x_wconf 76' lang='lat' dir='ltr'><strong>ll;</strong></span> <span class='ocrx_word' id='word_1_659' title='bbox 2300 5714 2431 5767; x_wconf 73' lang='lat' dir='ltr'><strong>Luc.</strong></span> <span class='ocrx_word' id='word_1_660' title='bbox 2474 5726 2584 5775; x_wconf 73' lang='lat' dir='ltr'><strong>MV,</strong></span> <span class='ocrx_word' id='word_1_661' title='bbox 2624 5708 2679 5763; x_wconf 87' lang='lat' dir='ltr'><strong>ll</strong></span> <span class='ocrx_word' id='word_1_662' title='bbox 2712 5717 2761 5763; x_wconf 79' lang='lat' dir='ltr'><strong>et</strong></span> <span class='ocrx_word' id='word_1_663' title='bbox 2804 5722 2956 5773; x_wconf 77' lang='lat' dir='ltr'><strong>xvnt,</strong></span> <span class='ocrx_word' id='word_1_664' title='bbox 2999 5705 3083 5760; x_wconf 81' lang='grc' dir='ltr'><strong>Η.</strong></span> 
     </span>
    </p>
   </div>
   <div class='ocr_carea' id='block_1_106' title="bbox 2122 4598 3698 4695">
    <p class='ocr_par' dir='ltr' id='par_1_106' title="bbox 2122 4598 3698 4695">
     <span class='ocr_line' id='line_1_106' title="bbox 2122 4598 3698 4695; baseline -0.022 -12"><span class='ocrx_word' id='word_1_665' title='bbox 2122 4598 2403 4695; x_wconf 80' lang='lat' dir='ltr'><strong>renosque</strong></span> <span class='ocrx_word' id='word_1_666' title='bbox 2446 4632 2732 4678; x_wconf 89' lang='lat' dir='ltr'><strong>sermones</strong></span> <span class='ocrx_word' id='word_1_667' title='bbox 2776 4620 3045 4685; x_wconf 87' lang='lat' dir='ltr'><strong>perpetuo</strong></span> <span class='ocrx_word' id='word_1_668' title='bbox 3084 4606 3401 4663; x_wconf 89' lang='lat' dir='ltr'><strong>comedens.</strong></span> <span class='ocrx_word' id='word_1_669' title='bbox 3432 4598 3698 4669; x_wconf 86' lang='lat' dir='ltr'><strong>Equidem</strong></span> 
     </span>
    </p>
   </div>
   <div class='ocr_carea' id='block_1_107' title="bbox 2123 4694 3700 4784">
    <p class='ocr_par' dir='ltr' id='par_1_107' title="bbox 2123 4694 3700 4784">
     <span class='ocr_line' id='line_1_107' title="bbox 2123 4694 3700 4784; baseline -0.02 -12"><span class='ocrx_word' id='word_1_670' title='bbox 2123 4718 2276 4772; x_wconf 87' lang='lat' dir='ltr'><strong>humi</strong></span> <span class='ocrx_word' id='word_1_671' title='bbox 2312 4719 2538 4784; x_wconf 77' lang='lat' dir='ltr'><strong>repente</strong></span> <span class='ocrx_word' id='word_1_672' title='bbox 2574 4705 2879 4762; x_wconf 87' lang='lat' dir='ltr'><strong>ambitione</strong></span> <span class='ocrx_word' id='word_1_673' title='bbox 2923 4701 3062 4756; x_wconf 88' lang='lat' dir='ltr'><strong>nihil</strong></span> <span class='ocrx_word' id='word_1_674' title='bbox 3102 4697 3279 4768; x_wconf 87' lang='lat' dir='ltr'><strong>magis</strong></span> <span class='ocrx_word' id='word_1_675' title='bbox 3320 4705 3558 4750; x_wconf 88' lang='lat' dir='ltr'><strong>terreum</strong></span> <span class='ocrx_word' id='word_1_676' title='bbox 3598 4694 3700 4742; x_wconf 85' lang='lat' dir='ltr'><strong>est.</strong></span> 
     </span>
    </p>
   </div>
   <div class='ocr_carea' id='block_1_108' title="bbox 2297 4865 3540 4959">
    <p class='ocr_par' dir='ltr' id='par_1_108' title="bbox 2297 4865 3540 4959">
     <span class='ocr_line' id='line_1_108' title="bbox 2297 4865 3540 4959; baseline -0.024 -11"><span class='ocrx_word' id='word_1_677' title='bbox 2297 4888 2452 4959; x_wconf 79' lang='grc'><strong>17],</strong></span> <span class='ocrx_word' id='word_1_678' title='bbox 2489 4884 2755 4942; x_wconf 78' lang='lat' dir='ltr'><strong>CXVI.—-</strong></span> <span class='ocrx_word' id='word_1_679' title='bbox 2784 4874 3198 4935; x_wconf 77' lang='lat' dir='ltr'><strong>TllEODOSUE</strong></span> <span class='ocrx_word' id='word_1_680' title='bbox 3237 4865 3540 4925; x_wconf 82' lang='lat' dir='ltr'><strong>MONIALI.</strong></span> 
     </span>
    </p>
   </div>
   <div class='ocr_carea' id='block_1_109' title="bbox 2196 4954 3710 5041">
    <p class='ocr_par' dir='ltr' id='par_1_109' title="bbox 2196 4954 3710 5041">
     <span class='ocr_line' id='line_1_109' title="bbox 2196 4954 3710 5041; baseline -0.02 -3"><span class='ocrx_word' id='word_1_681' title='bbox 2196 4983 2320 5038; x_wconf 82' lang='lat' dir='ltr'><strong>Sive</strong></span> <span class='ocrx_word' id='word_1_682' title='bbox 2358 4979 2517 5041; x_wconf 81' lang='lat' dir='ltr'><strong>velis,</strong></span> <span class='ocrx_word' id='word_1_683' title='bbox 2549 4976 2667 5032; x_wconf 85' lang='lat' dir='ltr'><strong>sive</strong></span> <span class='ocrx_word' id='word_1_684' title='bbox 2706 4973 2871 5033; x_wconf 89' lang='lat' dir='ltr'><strong>nolis,</strong></span> <span class='ocrx_word' id='word_1_685' title='bbox 2929 4981 3162 5037; x_wconf 88' lang='lat' dir='ltr'><strong>corpore</strong></span> <span class='ocrx_word' id='word_1_686' title='bbox 3190 4961 3390 5017; x_wconf 88' lang='lat' dir='ltr'><strong>mulier</strong></span> <span class='ocrx_word' id='word_1_687' title='bbox 3427 4973 3509 5012; x_wconf 91' lang='lat' dir='ltr'><strong>es.</strong></span> <span class='ocrx_word' id='word_1_688' title='bbox 3540 4954 3710 5010; x_wconf 87' lang='lat' dir='ltr'><strong>Cessa</strong></span> 
     </span>
    </p>
   </div>
   <div class='ocr_carea' id='block_1_110' title="bbox 2131 5056 3710 5145">
    <p class='ocr_par' dir='ltr' id='par_1_110' title="bbox 2131 5056 3710 5145">
     <span class='ocr_line' id='line_1_110' title="bbox 2131 5056 3710 5145; baseline -0.02 -14"><span class='ocrx_word' id='word_1_689' title='bbox 2131 5078 2301 5145; x_wconf 89' lang='lat' dir='ltr'><strong>igitur</strong></span> <span class='ocrx_word' id='word_1_690' title='bbox 2361 5070 2679 5128; x_wconf 91' lang='lat' dir='ltr'><strong>hominibus</strong></span> <span class='ocrx_word' id='word_1_691' title='bbox 2718 5068 2773 5119; x_wconf 90' lang='lat' dir='ltr'><strong>in</strong></span> <span class='ocrx_word' id='word_1_692' title='bbox 2839 5061 3074 5118; x_wconf 85' lang='lat' dir='ltr'><strong>ecclesia</strong></span> <span class='ocrx_word' id='word_1_693' title='bbox 3132 5056 3251 5110; x_wconf 78' lang='lat' dir='ltr'><strong>vias</strong></span> <span class='ocrx_word' id='word_1_694' title='bbox 3311 5058 3710 5123; x_wconf 67' lang='lat' dir='ltr'><strong>praeceptorum</strong></span> 
     </span>
    </p>
   </div>
   <div class='ocr_carea' id='block_1_111' title="bbox 2128 5139 3713 5231">
    <p class='ocr_par' dir='ltr' id='par_1_111' title="bbox 2128 5139 3713 5231">
     <span class='ocr_line' id='line_1_111' title="bbox 2128 5139 3713 5231; baseline -0.021 -10"><span class='ocrx_word' id='word_1_695' title='bbox 2128 5139 2340 5221; x_wconf 66' lang='lat' dir='ltr'><strong>tradere</strong></span> <span class='ocrx_word' id='word_1_696' title='bbox 2376 5181 2390 5217; x_wconf 91' lang='lat'><strong>:</strong></span> <span class='ocrx_word' id='word_1_697' title='bbox 2430 5171 2590 5231; x_wconf 88' lang='lat' dir='ltr'><strong>turpe</strong></span> <span class='ocrx_word' id='word_1_698' title='bbox 2623 5157 2768 5211; x_wconf 91' lang='lat' dir='ltr'><strong>enim</strong></span> <span class='ocrx_word' id='word_1_699' title='bbox 2798 5152 2853 5207; x_wconf 92' lang='lat' dir='ltr'><strong>id</strong></span> <span class='ocrx_word' id='word_1_700' title='bbox 2893 5164 3015 5205; x_wconf 89' lang='lat' dir='ltr'><strong>esse</strong></span> <span class='ocrx_word' id='word_1_701' title='bbox 3047 5142 3344 5216; x_wconf 88' lang='lat' dir='ltr'><strong>Apostolus</strong></span> <span class='ocrx_word' id='word_1_702' title='bbox 3393 5139 3573 5209; x_wconf 88' lang='lat' dir='ltr'><strong>palam</strong></span> <span class='ocrx_word' id='word_1_703' title='bbox 3622 5150 3713 5191; x_wconf 84' lang='lat' dir='ltr'><strong>as-</strong></span> 
     </span>
    </p>
   </div>
   <div class='ocr_carea' id='block_1_112' title="bbox 2128 5227 3716 5316">
    <p class='ocr_par' dir='ltr' id='par_1_112' title="bbox 2128 5227 3716 5316">
     <span class='ocr_line' id='line_1_112' title="bbox 2128 5227 3716 5316; baseline -0.02 -4"><span class='ocrx_word' id='word_1_704' title='bbox 2128 5254 2456 5312; x_wconf 76' lang='lat' dir='ltr'><strong>severavit&quot;</strong></span> <span class='ocrx_word' id='word_1_705' title='bbox 2481 5269 2496 5316; x_wconf 84' lang='lat'><strong>;</strong></span> <span class='ocrx_word' id='word_1_706' title='bbox 2526 5227 2683 5304; x_wconf 26' lang='lat' dir='ltr'><strong>ilicet</strong></span> <span class='ocrx_word' id='word_1_707' title='bbox 2714 5244 2911 5299; x_wconf 90' lang='lat' dir='ltr'><strong>millies</strong></span> <span class='ocrx_word' id='word_1_708' title='bbox 2937 5237 3142 5294; x_wconf 81' lang='lat' dir='ltr'><strong>dixeris</strong></span> <span class='ocrx_word' id='word_1_709' title='bbox 3179 5248 3208 5286; x_wconf 89' lang='lat' dir='ltr'><strong>a</strong></span> <span class='ocrx_word' id='word_1_710' title='bbox 3263 5231 3497 5287; x_wconf 80' lang='lat' dir='ltr'><strong>feminea</strong></span> <span class='ocrx_word' id='word_1_711' title='bbox 3529 5227 3716 5285; x_wconf 89' lang='lat' dir='ltr'><strong>condi-</strong></span> 
     </span>
    </p>
   </div>
   <div class='ocr_carea' id='block_1_113' title="bbox 2128 5322 3712 5414">
    <p class='ocr_par' dir='ltr' id='par_1_113' title="bbox 2128 5322 3712 5414">
     <span class='ocr_line' id='line_1_113' title="bbox 2128 5322 3712 5414; baseline -0.019 -10"><span class='ocrx_word' id='word_1_712' title='bbox 2128 5353 2275 5405; x_wconf 91' lang='lat' dir='ltr'><strong>tione</strong></span> <span class='ocrx_word' id='word_1_713' title='bbox 2332 5356 2383 5402; x_wconf 90' lang='lat' dir='ltr'><strong>te</strong></span> <span class='ocrx_word' id='word_1_714' title='bbox 2418 5348 2577 5414; x_wconf 70' lang='lat' dir='ltr'><strong>longe</strong></span> <span class='ocrx_word' id='word_1_715' title='bbox 2655 5342 2868 5401; x_wconf 81' lang='lat' dir='ltr'><strong>abesse,</strong></span> <span class='ocrx_word' id='word_1_716' title='bbox 2905 5341 2958 5388; x_wconf 91' lang='lat' dir='ltr'><strong>et</strong></span> <span class='ocrx_word' id='word_1_717' title='bbox 3018 5327 3339 5384; x_wconf 85' lang='lat' dir='ltr'><strong>hominibus</strong></span> <span class='ocrx_word' id='word_1_718' title='bbox 3410 5322 3712 5380; x_wconf 88' lang='lat' dir='ltr'><strong>secundum</strong></span> 
     </span>
    </p>
   </div>
   <div class='ocr_carea' id='block_1_114' title="bbox 2132 5415 3553 5509">
    <p class='ocr_par' dir='ltr' id='par_1_114' title="bbox 2132 5415 3553 5509">
     <span class='ocr_line' id='line_1_114' title="bbox 2132 5415 3553 5509; baseline -0.02 -16"><span class='ocrx_word' id='word_1_719' title='bbox 2132 5438 2389 5509; x_wconf 83' lang='lat' dir='ltr'><strong>virgineae</strong></span> <span class='ocrx_word' id='word_1_720' title='bbox 2419 5431 2771 5504; x_wconf 81' lang='lat' dir='ltr'><strong>cogitationis</strong></span> <span class='ocrx_word' id='word_1_721' title='bbox 2827 5423 3182 5481; x_wconf 86' lang='lat' dir='ltr'><strong>stabilitatem</strong></span> <span class='ocrx_word' id='word_1_722' title='bbox 3212 5415 3553 5472; x_wconf 78' lang='lat' dir='ltr'><strong>validiorem.</strong></span> 
     </span>
    </p>
   </div>
   <div class='ocr_carea' id='block_1_115' title="bbox 3191 5690 3714 5761">
    <p class='ocr_par' dir='ltr' id='par_1_115' title="bbox 3191 5690 3714 5761">
     <span class='ocr_line' id='line_1_115' title="bbox 3191 5690 3714 5761; baseline -0.019 -8"><span class='ocrx_word' id='word_1_723' title='bbox 3191 5702 3233 5732; x_wconf 70' lang='grc' dir='ltr'><strong>³ο</strong></span> <span class='ocrx_word' id='word_1_724' title='bbox 3274 5698 3409 5753; x_wconf 88' lang='lat' dir='ltr'><strong>Gen.</strong></span> <span class='ocrx_word' id='word_1_725' title='bbox 3456 5709 3541 5761; x_wconf 86' lang='grc' dir='ltr'>ιιι,</span> <span class='ocrx_word' id='word_1_726' title='bbox 3621 5690 3714 5747; x_wconf 71' lang='grc'><strong>14.</strong></span> 
     </span>
    </p>
   </div>
  </div>
