4064 6160
407 296 510 360 251

648 405 856 464 CXVII.
890 435 957 447 --
986 404 1375 464 THEOPHILO
1408 407 1756 463 MONACHO.

1870 298 1931 357 S.
1973 299 2137 359 NILI

1999 416 2046 471 Α

471 498 572 565 Nc.
600 505 662 552 ut
692 512 751 568 se
803 509 927 552 sors
956 498 1167 562 tulerit,
1217 505 1272 552 et
1307 500 1426 554 sine
1489 499 1693 569 praevio
1732 484 2000 553 examine

3548 295 3661 359 2:32

2411 409 2555 463 PlZ’.
2583 438 2650 448 -~
2668 407 2958 479 ΘΕΟΦΙΔῼ
2984 405 3298 475 ΜΟΝΑΧῼ.

2161 502 2252 574 Μὴ
2289 502 2364 565 ὡς
2398 501 2573 572 ἔτυχε,
2610 503 2704 554 καὶ
2730 501 3107 560 ἀϐασανίστως
3139 494 3513 569 μετατιθῶμεν
3536 496 3661 553 ἑαυ-

404 606 506 646 nos
539 605 605 645 ex
631 588 769 643 locis
817 588 871 641 in
901 587 1005 641 alia
1041 587 1158 641 loca
1193 600 1622 644 transmutemus
1656 605 1670 653 ;
1710 590 1819 642 imo
1854 603 1974 641 cum

2091 594 2211 657 τοὺς
2262 594 2368 647 ἀπὸ
2408 593 2588 646 τόπων
2644 594 2722 655 εἰς
2790 592 3007 655 τόπους,
3046 589 3243 660 μᾶλλον
3278 590 3336 642 δὲ
3372 590 3661 662 στήκωμεν

402 680 663 751 patientia
697 676 1070 733 consistamus
1121 686 1363 743 orantes,
1398 685 1457 731 ut
1514 686 1738 733 sanctus
1768 676 1982 747 Moyses

401 769 473 824 ad
540 768 819 823 lsraelitas
859 766 1039 820 aiebat
1065 785 1079 822 :
1109 785 1127 818 ι
1163 766 1335 833 State,
1364 767 1579 831 audete,
1616 784 1686 821 ne
1720 766 1984 830 timentis,

404 864 458 913 et
498 855 749 910 videbitis
781 854 1051 910 auxilium
1091 871 1121 909 a
1153 856 1284 920 Deo,
1316 862 1462 926 quod
1488 857 1735 911 facturus
1765 862 1852 911 est
1886 870 1983 910 vo-

416 947 504 1002 bis
524 947 586 1000 ".
624 965 644 998 ι

676 1077 980 1134 CXVlll.--
995 1076 1405 1133 ANASTASUE
1430 1075 1706 1132 VIRGINI.

470 1164 727 1224 Gratulor
759 1170 881 1235 tibi,
907 1170 1053 1238 quod
1096 1177 1191 1223 tua
1223 1170 1331 1222 vita
1357 1169 1488 1222 luna
1516 1169 1752 1223 lucidior
1790 1183 1896 1234 est,
1928 1178 1990 1224 et

400 1263 460 1310 tu
497 1256 564 1311 de
605 1257 780 1327 teipsa
818 1258 1121 1313 humillime
1149 1259 1342 1313 sentis.
1395 1257 1647 1328 Namque
1686 1258 1828 1313 inter
1876 1274 1990 1313 ma-

401 1347 550 1404 xime
578 1348 920 1401 admirabilia
943 1347 1280 1403 censendum
1309 1355 1414 1413 est,
1433 1349 1671 1402 animam
1690 1348 1744 1401 in
1771 1355 1990 1402 terreno

407 1450 642 1507 corpore
690 1421 1006 1507 angelorum
1076 1438 1523 1507 incorporeorum
1563 1438 1694 1492 vitae
1721 1437 1989 1491 rationem

402 1544 681 1584 exercere.
721 1532 783 1584 Et
814 1532 921 1585 tale
949 1529 1083 1600 quid
1118 1530 1274 1584 innui
1313 1529 1647 1599 suspicabar
1698 1543 1824 1583 cum
1856 1530 1991 1589 dici-

413 1629 506 1676 tur
541 1639 554 1674 :
597 1640 616 1672 ε
640 1619 905 1677 Fundasti
944 1633 1165 1687 terram,
1201 1629 1255 1675 et
1300 1629 1620 1691 permanet;
1663 1631 1755 1674 tua
1784 1619 1994 1675 descri-

2093 685 2214 755 μεθ’
2246 682 2522 754 ὑπομονῆς
2550 683 2994 755 προσευχόμενοι,
3033 680 3214 744 καθὼς
3244 679 3427 750 ἔλεγεν
3459 682 3488 735 ὁ
3509 682 3663 749 ἆγιος

2089 777 2309 844 Μοῦσῆς
2343 776 2473 845 πρὸς
2510 777 2631 838 τοὺς
2660 774 3017 844 Ἰσραηλίτας,
3055 791 3074 825 ι
3105 773 3363 843 Στήκετε,
3384 772 3656 842 θαρσεῖτε,

2093 867 2169 937 μὴ
2199 867 2468 937 φοϐεῖσθε,
2498 867 2592 918 καὶ
2635 866 2829 934 ὄψεσθε
2876 865 2975 936 τὴν
3012 865 3163 935 παρὰ
3192 862 3285 918 τοῦ
3308 864 3513 935 Κυρίου
3533 864 3662 936 βοή-

2091 957 2261 1025 θειαν,
2292 960 2357 1029 ἦν
2395 959 2610 1028 ποιήσει
2640 959 2786 1029 ὑμῖν.
2822 975 2840 1008 ι

2339 1071 2493 1123 Ριιιι.
2525 1100 2592 1109 -
2632 1069 3019 1139 ΑΝΑΣΤΔΣΙᾼ
3070 1069 3410 1138 ΠΑΡΘΕΝῼ.

2162 1161 2406 1232 Εὐφημῶ
2439 1177 2496 1214 σε
2538 1161 2677 1231 ὑπὲρ
2707 1161 2804 1229 τὴν
2830 1160 3058 1229 σελήνην
3089 1160 3166 1230 τῷ
3196 1159 3297 1229 βίῳ
3349 1161 3663 1230 λαμπρυνο-

2095 1255 2282 1325 μένην,
2329 1254 2424 1306 καὶ
2472 1251 3004 1322 ταπεινοφρονοῦσαν
3034 1248 3504 1320 ὑπερϐαλλόντως.
3540 1251 3665 1304 Τῶν

2091 1344 2199 1415 γὰρ
2225 1343 2670 1415 παραδοξοτάτων
2698 1342 2765 1397 ἂν
2793 1343 2879 1411 εἴη
2915 1341 3130 1412 βλέπειν
3157 1340 3333 1413 ψυχὴν
3371 1342 3430 1394 ὲν
3449 1342 3660 1410 σώματι

2092 1437 2265 1507 γηΐνῳ
2314 1436 2589 1489 πολιτείαν
2642 1422 2980 1500 ὲξασκόῦσαν
3043 1433 3291 1501 ἀγγέλων
3333 1432 3657 1503 ἀσωμάτων.

2093 1528 2204 1580 Καὶ
2238 1526 2476 1581 τοιοῦτον
2502 1525 2612 1595 ἐγὼ
2631 1525 2838 1597 ηκουσά
2858 1543 2988 1580 ποτε
3009 1520 3147 1579 εἶναι
3175 1524 3238 1577 τὸ
3256 1522 3657 1594 γεγραμμένον,

2093 1619 2173 1672 ὅτι
2206 1637 2225 1669 ι
2248 1618 2641 1688 Ἑθεμελίωσας
2661 1616 2759 1688 τὴν
2779 1618 2903 1687 γῆν,
2925 1618 3020 1671 καὶ
3051 1615 3311 1687 διαμένει.
3325 1613 3403 1684 Τῇ
3420 1614 3662 1678 διατάξει

402 1712 590 1780 ptione
614 1724 894 1775 permanet
917 1714 1036 1768 dies
1059 1713 1125 1766 ⁸³.
1161 1732 1179 1764 ι
1202 1711 1324 1767 Dies
1356 1713 1647 1781 siquidem,
1673 1713 1769 1777 ait,
1788 1712 1988 1766 intelli-

2098 1727 2191 1763 σου
2220 1709 2461 1780 διαμένει
2488 1712 2520 1781 ἡ
2547 1709 2749 1781 ἡμέρα.
2796 1727 2816 1760 ι
2852 1708 3097 1779 Ἦμέραν
3143 1707 3271 1778 γὰρ,
3304 1708 3490 1776 φησιν,
3530 1708 3663 1777 ἡμῖν

405 1802 584 1871 gentia
619 1811 704 1857 est
724 1804 997 1859 luminosa
1019 1804 1309 1874 virginitas
1331 1804 1387 1857 in
1410 1805 1629 1857 mortali
1651 1802 1990 1874 corpusculo

408 1894 648 1955 tirmata,
671 1902 725 1946 et
750 1895 1018 1949 Altissimi
1044 1895 1269 1949 dextera
1304 1893 1551 1948 fundata.
1572 1894 1676 1949 Sed
1696 1895 1990 1964 deprecare

406 1993 509 2047 pro
543 1995 648 2043 me,
674 1996 872 2049 sponsa
908 1982 1277 2049 immaculata,
1304 1981 1504 2053 Regem
1536 1983 1837 2044 Christum,
1870 1984 1992 2036 diu-

406 2070 591 2124 turnis
619 2080 673 2125 et
707 2072 1001 2128 indefessis
1025 2074 1324 2141 laboribus,
1354 2083 1411 2129 et
1440 2090 1650 2129 morum
1682 2083 1990 2144 temperan-

406 2159 503 2220 tia,
547 2169 659 2214 tum
722 2163 939 2232 vigiliis,
996 2164 1254 2236 lacrymis
1303 2166 1526 2234 irriguis
1586 2175 1639 2220 et
1690 2165 1991 2221 innumeris

403 2248 525 2304 aliis
567 2250 723 2321 172
756 2254 1014 2322 praeclare
1051 2252 1247 2324 gestis;
1290 2256 1612 2320 libertatem,
1662 2271 1783 2326 quae
1812 2255 1990 2312 verbis

402 2339 631 2407 exprimi
721 2344 931 2411 nequit,
1000 2345 1192 2413 adepta
1243 2346 1385 2414 apud
1426 2346 1705 2413 invisum,
1770 2347 1986 2400 intami.

403 2440 591 2484 natum
612 2441 970 2503 sanctumque
995 2450 1278 2504 sponsum.

615 2537 874 2594 CXIX.—
900 2539 1206 2597 RHEGINO
1228 2542 1843 2600 ARCHIMANDRITAB.

476 2634 711 2691 Mundus
766 2639 956 2694 mundi
1006 2649 1063 2693 ιιι
1107 2656 1168 2696 es
1196 2658 1210 2706 ;
1238 2655 1572 2713 quapropter
1611 2646 1667 2699 in
1700 2645 1990 2714 temetipso

407 2730 719 2777 creaturam
765 2728 1077 2782 universam
1129 2731 1298 2784 veluti
1337 2732 1391 2785 in
1441 2734 1666 2803 speculo
1723 2734 1989 2789 meditare

408 2824 464 2871 et
490 2818 676 2871 omnia
707 2818 762 2871 in
808 2813 1156 2889 temetipsum
1182 2820 1470 2878 referendo
1512 2825 1801 2879 considera
1841 2843 1852 2877 :
1891 2840 1988 2878 nec

407 2922 530 2978 qua:
555 2918 709 2962 extra
741 2917 887 2971 sunt,
926 2911 1139 2966 intuere
1173 2929 1188 2978 ;
1218 2914 1410 2969 oculos
1450 2915 1518 2967 ad
1558 2915 1823 2969 interiora
1849 2930 1986 2969 con-

2092 1800 2305 1866 νοητέον
2356 1801 2454 1872 τὴν
2515 1800 2774 1872 φωτοειδῆ
2816 1800 3140 1871 παρθενίαν,
3192 1798 3554 1869 ὲδραζομένην
3603 1798 3664 1849 ὲν

2090 1891 2168 1961 τῷ
2196 1891 2373 1963 θνητῷ
2400 1892 2628 1963 σαρκίῳ,
2665 1893 2761 1946 καὶ
2801 1891 3221 1963 θεμελιουμένην
3266 1893 3334 1962 τῇ
3387 1891 3534 1960 δεξιᾷ
3565 1888 3663 1941 τοῦ

2104 1983 2378 2053 Ὑψίστου.
2420 1984 2560 2037 Ἀλλ’
2598 1983 2901 2054 ὑπερεύχου
2936 2001 3049 2054 μοι,
3088 1983 3287 2053 ἅμωμε
3333 1981 3537 2052 νύμφη,
3566 1979 3662 2033 τοῦ

2093 2074 2354 2145 βασιλέως
2409 2075 2669 2145 Χριστοῦ,
2724 2075 2903 2146 πολλῷ
2929 2075 3127 2146 χρόνῳ,
3152 2075 3247 2127 καὶ⁸
3271 2074 3453 2136 πόνοις
3477 2074 3663 2141 ἀκαμ-

2092 2166 2238 2231 πὲσι,
2276 2167 2371 2219 καὶ
2413 2167 2725 2239 μετριότητι
2779 2166 3019 2238 τρόπων,
3062 2166 3158 2220 καὶ
3188 2163 3536 2235 ἀγρυπνίαις,
3571 2162 3666 2217 δά-

2091 2275 2255 2329 κρυσι
2277 2258 2690 2327 ψεκαζομένοις,
2728 2259 2960 2321 καὶτοῖς
2985 2257 3164 2321 ἄλλοις
3199 2256 3431 2328 μυρίοις,
3472 2271 3666 2325 κατορ-

2091 2349 2325 2419 θώμασι,
2378 2349 2687 2421 παρρησίαν
2742 2350 2978 2422 ἄρρητον
3028 2349 3356 2420 κεκτημένη,
3387 2346 3525 2419 πρὸς
3570 2346 3666 2400 τὸν

2091 2442 2340 2511 ἀόρατον,
2374 2442 2466 2496 καὶ
2496 2442 2814 2512 ἁμόλυντον,
2838 2443 2931 2495 καὶ
2961 2442 3114 2510 ἅγιον
3143 2442 3394 2512 νυμφίον.

2321 2550 2470 2605 ΡΙΘ’.
2499 2580 2569 2591 —-
2596 2551 2853 2622 ΡΗΓῙΝῼ
2882 2551 3431 2621 ΑΡΧΙΜΑΝΔΡΙἸᾘ.

2160 2641 2379 2709 Κόσμος
2422 2643 2626 2712 κόσμου
2685 2644 2982 2713 ὑπάρχειςο
3026 2641 3317 2713 τοιγαροῦν
3355 2642 3414 2694 ἐν
3455 2640 3661 2710 σεαυτῷ

2090 2729 2187 2797 τὴν
2203 2728 2376 2781 κτίσιν
2397 2732 2576 2784 πᾶσαν
2599 2732 2920 2794 κατόπτευε,
2952 2731 3048 2785 καὶ
3074 2731 3145 2785 τὰ
3164 2732 3340 2786 πάντα
3368 2733 3447 2795 εἰς
3474 2728 3662 2784 ἑαυτὸν

2092 2818 2281 2871 ἐννόει.
2322 2819 2412 2890 Μὴ
2474 2818 2635 2889 βλέπε
2684 2820 2821 2890 πρὸς
2848 2820 2917 2874 τὰ
2943 2820 3079 2887 ἔξω,
3127 2821 3416 2874 σύννευσον
3439 2822 3573 2892 πρὸς
3594 2820 3663 2874 τὰ

2090 2908 2218 2972 ἔσω,
2249 2908 2547 2979 σύστρεψον
2566 2910 2656 2964 τὸν
2671 2910 2797 2964 νοῦν
2817 2911 2934 2964 ὅλον
2967 2913 3047 2974 είς
3074 2910 3134 2964 τὸ
3160 2911 3343 2982 νοερὸν
3362 2910 3463 2980 τῆς
3488 2910 3663 2981 ψυχῆς

407 3004 583 3059 verte,
609 2996 664 3049 in
705 2996 1074 3052 intellectuale
1117 3003 1312 3056 animae
1338 3018 1479 3072 penu
1513 3014 1743 3059 mentem
1769 3019 1985 3059 omnem

2091 3004 2353 3069 ταμιεῖον,
2415 3000 2699 3057 ἁνείδωλον
2747 3001 2827 3072 τῷ
2878 3001 3070 3074 Κυρίῳ
3135 3003 3229 3056 τὸν
3293 3002 3422 3056 ναὸν
3476 3001 3664 3072 εὑτρὲ-

407 3094 682 3149 converte,
713 3093 766 3139 et
810 3087 929 3142 sine
969 3102 1153 3143 rerum
1202 3090 1535 3163 imaginibus
1594 3093 1852 3162 templum
1883 3092 1984 3149 Do-
2014 3062 2056 3119 C
2091 3106 2268 3143 πισον-

410 3176 562 3230 mino
590 3191 855 3246 praepara.

685 3287 849 3343 €XX.
881 3319 944 3328 —
972 3289 1395 3346 ALEXANDRO
1423 3292 1774 3348 MONACHO.

480 3375 722 3434 Servatus
761 3395 922 3434 serva
970 3382 1210 3434 animam
1258 3390 1432 3448 tuam,
1484 3399 1585 3437 nec
1616 3386 1776 3440 malis
1816 3394 1990 3441 retro-

409 3468 571 3530 actis,
602 3470 802 3536 quibus
834 3470 973 3524 bene
1006 3471 1431 3539 abrenuntiasti,
1453 3483 1690 3529 mentem
1719 3475 1941 3531 adverte
1970 3495 1984 3532 :

412 3557 468 3609 in
525 3566 762 3609 montem
793 3557 1301 3625 perturbationibus
1351 3574 1581 3614 vacuum
1641 3562 1895 3628 ascende,
1923 3580 1990 3618 ne

410 3649 710 3718 aliquando
739 3665 845 3703 una
874 3666 997 3705 cum
1027 3652 1233 3706 mundo
1269 3663 1560 3723 peccatore
1610 3656 1734 3727 igne
1785 3660 1987 3729 sempi-

411 3748 572 3795 terno
597 3738 1105 3809 comprehendaris.

964 3855 1149 3910 CXXI.
1177 3856 1464 3913 —Et'dem.

475 3943 602 3998 Haec
642 3944 739 3997 tibi
776 3959 805 3997 a
853 3945 1083 4002 Domino
1140 3948 1431 4019 deprecare
1466 3970 1478 4005 :
1517 3949 1702 4023 Aperi,
1738 3953 1981 4022 Domine,

2369 3297 2498 3350 PK'.
2528 3325 2598 3335 -
2634 3296 3035 3369 ΑΛΕΞΑΝΔΡῼ
3074 3298 3383 3368 ΜΟΝΑΧῼ.

2161 3384 2356 3450 Σώξων
2392 3387 2532 3451 σῶζε
2555 3387 2653 3459 τὴν
2684 3388 2907 3442 σεαυτοῦ
2934 3389 3112 3459 ψυχήν
3132 3405 3147 3421 ·
3207 3390 3281 3460 μὴ
3330 3388 3660 3459 περιϐλέπου

2090 3480 2168 3540 εἰς
2200 3478 2269 3530 τὰ
2292 3478 2466 3532 ὀπίσω
2511 3479 2675 3541 κακὰ,
2708 3474 2901 3551 οἷσπερ
2931 3481 3024 3533 καὶ
3054 3480 3236 3542 καλῶς
3266 3480 3547 3547 ἀπετάξω·
3583 3482 3662 3544 είς

2089 3570 2149 3621 τὸ
2176 3569 2300 3639 ὅρος
2324 3570 2421 3639 τῆς
2473 3569 2739 3634 ἀπαθείας
2782 3572 3082 3642 ἁνάδραμε,
3119 3573 3327 3642 μήποτε
3369 3589 3662 3644 συμπαρα-

2089 3662 2299 3733 ληφθῇς
2328 3661 2407 3732 τῷ
2427 3662 2735 3733 ἁμαρτωλῷ
2775 3665 2964 3733 κόσμῳ
2991 3665 3069 3727 είς
3096 3662 3156 3716 τὸ
3185 3663 3295 3734 πῦρ
3321 3664 3382 3717 τὸ
3421 3663 3658 3717 αἰώνιον.

2563 3867 2739 3919 PKA'.
2777 3895 2845 3906 --
2894 3864 2978 3931 Τῷ
3005 3865 3182 3931 αὐτῷ.

2156 3958 2394 4013 Τοιαῦτα
2450 3954 2610 4028 εὔχου
2661 3958 2799 4028 πρὸς
2860 3957 2950 4011 τὸν
2997 3957 3236 4028 Κύριον·
3295 3956 3561 4026 Ἀνοιξον,
3615 3955 3669 4013 ὦ

406 4037 627 4089 divitem
660 4044 809 4090 tuam
858 4054 1078 4093 manum
1105 4040 1172 4106 “,
1210 4048 1262 4096 et
1316 4041 1604 4111 spirituale
1656 4046 1981 4102 beneficium

2091 4052 2352 4117 Δέσποτα,
2375 4050 2473 4118 τὴν
2499 4049 2760 4102 πλουσίαν
2786 4065 2881 4100 σου
2921 4051 3080 4118 χεῖρα
3104 4051 3184 4110 εἰς
3208 4050 3473 4120 χορηγίαν
3502 4068 3661 4104 πνευ-

406 4128 718 4196 suppedita,
774 4137 829 4182 et
881 4131 1136 4198 qumlibet
1196 4134 1567 4198 amarissima,
1627 4144 1681 4191 et
1735 4138 1978 4193 crudelis

2091 4142 2324 4212 ματικῆς
2384 4140 2732 4212 εὐεργεσίας,
2793 4140 2888 4193 καὶ
2946 4141 3096 4193 πᾶσα
3143 4142 3493 4211 πικροτάτη,
3570 4144 3661 4196 καὶ

406 4218 610 4279 anima,
647 4219 1107 4287 quemadmodum
1160 4231 1216 4276 et
1246 4238 1389 4292 mea,
1420 4226 1738 4296 implebitur
1790 4228 1979 4297 probi-

2091 4234 2296 4304 ἀπηνὴς
2317 4233 2485 4303 ψυχὴ,
2516 4231 2763 4302 καθάπερ
2795 4233 2887 4285 καὶ
2917 4233 2949 4302 ἡ
2976 4230 3105 4302 ἐμὴ,
3132 4231 3500 4304 πλησθήσεται
3527 4251 3661 4304 χρη-

406 4318 534 4376 tate,
561 4317 615 4363 et
653 4309 875 4364 ell‘erata
906 4323 1273 4368 mansuescet.
1323 4315 1477 4370 Licet
1509 4318 1652 4371 enim
1687 4334 1784 4387 per
1819 4319 1983 4374 breve

2091 4326 2373 4394 στότητος,
2409 4325 2501 4377 καὶ
2543 4325 2575 4393 ἠ
2607 4323 2999 4391 ἐξαγριωθείσα
3061 4324 3500 4395 ήμερωθήσεται.
3546 4325 3661 4379 Κᾶν

406 4411 621 4470 tempus
652 4402 721 4455 ob
743 4417 915 4455 meam
944 4405 1231 4472 segnitiem
1260 4404 1556 4461 derelictus
1586 4410 1688 4460 sim
1720 4427 1734 4462 :
1762 4425 1979 4464 verum-

2092 4418 2200 4487 γὰρ
2236 4388 2399 4486 ⁷’πρὸς
2458 4388 2660 4487 ext-{'09
2706 4388 3130 4486 evxarsleiqﬂqu
3179 4388 3271 4470 διὰ
3311 4388 3446 4486 ’τὴν
3496 4418 3665 4487 ἐμαυ-

405 4500 588 4546 tznneu
644 4500 931 4561 postquam
967 4494 1129 4546 etiam
1186 4494 1555 4567 dereliquisti,
1613 4508 1769 4569 potes
1797 4500 1978 4555 denuo

2091 4508 2175 4561 τοῦ
2216 4508 2501 4578 νωχελίαν,
2530 4485 2542 4498 ’
2570 4507 2707 4561 ἀλλὰ
2737 4507 2890 4579 δύνῃ,
2936 4508 3028 4560 καὶ
3085 4509 3223 4577 μετὰ
3270 4508 3370 4579 τὴν
3430 4510 3663 4576 ἐγκατά-

403 4584 654 4637 emit‘tere
701 4582 963 4651 Spiritum
1018 4594 1268 4639 sanctum
1299 4626 1314 4649 ,
1356 4596 1407 4641 et
1451 4603 1625 4641 meam
1666 4598 1977 4660 corruptam

2091 4601 2274 4668 λειψιν,
2334 4598 2710 4659 ἐξαποστεῖλαι
2761 4601 2920 4653 πάλιν
2963 4600 3022 4653 τὸ
3066 4599 3291 4670 Πνεῦμα
3371 4601 3432 4653 τὸ
3485 4601 3658 4669 ἅγιον,

404 4682 605 4728 terram
640 4688 905 4729 renovare
941 4693 953 4729 :
985 4684 1039 4728 ut
1066 4685 1197 4730 tunc
1238 4677 1394 4747 1'73
1422 4680 1728 4734 consoleris
1760 4683 1816 4734 in
1843 4698 1976 4752 ope-

2091 4694 2171 4745 mi
2200 4691 2544 4745 ἀνακαινίσαι
2595 4692 2695 4763 τὴν
2746 4692 3207 4762 κατεφθαρμένην
3256 4710 3361 4762 μου
3417 4693 3542 4762 γῆν,
3576 4693 3663 4746 ἵνα

406 4763 557 4817 ribus
589 4764 720 4828 tuis,
762 4778 887 4817 cum
917 4764 1216 4819 defecerint
1241 4781 1270 4821 c
1304 4776 1447 4821 terra
1485 4781 1819 4838 peccatores,
1872 4774 1972 4829 hoc

2091 4786 2192 4840 τότε
2206 4783 2509 4855 εύφρανθῇς
2539 4784 2631 4837 ἐπὶ
2645 4787 2755 4848 τοῖς
2768 4784 2947 4856 ἔργοις
2974 4802 3089 4848 σου,
3102 4784 3462 4840 ἐκλειπόντων
3487 4788 3661 4856 ἁμαρ-

404 4860 485 4906 est
512 4853 819 4907 daemonum
847 4857 1134 4927 praestigiae
1158 4873 1187 4912 e
1224 4860 1391 4913 corde
1422 4875 1563 4916 meo.
1595 4860 1807 4917 Similia
1831 4867 1975 4920 enim

2091 4877 2266 4930 πωλῶν
2299 4876 2404 4930 ἀπὸ
2432 4876 2527 4946 τῆς
2562 4876 2685 4945 γῆς,
2713 4878 2960 4929 τουτέστι
3000 4876 3108 4930 τῶν
3152 4877 3483 4947 δαιμονικών
3516 4893 3658 4947 μαγ-

406 4945 667 4998 nonnulla
702 4959 871 5014 prope
903 4944 1063 4999 linem
1121 4948 1268 5002 tertii
1322 4957 1377 5004 et
1430 4953 1715 5006 centesimi
1779 4955 1974 5022 psalmi

2091 4969 2435 5037 γανευμάτων
2462 4968 2568 5020 ἀπὸ
2598 4969 2694 5038 τῆς
2723 4968 2948 5040 καρδίας
2983 4986 3105 5038 μου.
3140 4968 3376 5022 Τοιαῦτα
3406 4969 3515 5039 γάρ
3542 4986 3659 5022 τινα

405 5029 550 5087 dicta
578 5047 702 5089 esse
741 5038 1165 5107 comperiemus.

2091 5062 2385 5129 εὑρήσομεν
2434 5059 2696 5129 εἰρημένα
2729 5061 2864 5130 πρὸς
2914 5065 2996 5135 τῷ
3054 5061 3199 5113 τέλει
3236 5058 3659 5114 τοῦ-ἑκατοστοῦ

2085 5151 2265 5221 τρίτου
2296 5151 2530 5220 ψαλμοῦ.

2578 5244 2750 5298 ΡΚΒ’.
2774 5277 2842 5286 -
2881 5242 2967 5310 Τῷ
2992 5244 3170 5308 αὐτῷ.

2160 5334 2223 5387 Εἰ
2252 5335 2527 5405 λυποῦμεν
2576 5334 2666 5390 τὸν
2698 5335 2830 5389 Θεὸν
2873 5334 3365 5405 καταφρονοῦντες,
3408 5334 3502 5387 καὶ
3530 5338 3667 5404 ἁμε-

2089 5426 2325 5489 λοῦντες,
2370 5427 2758 5496 σπουδάσωμεν
2823 5428 3022 5497 μᾶλλον
3076 5428 3341 5498 εὐφρᾶναι
3404 5426 3568 5481 αὑτὸν
3598 5423 3665 5477 δι’

2090 5518 2425 5586 ἐπιμελείας,
2449 5520 2535 5572 καὶ
2572 5518 2953 5590 ἁγαθοεργίας.

940 5235 1152 5292 CXXII.
1190 5239 1397 5295 Eidem.

478 5324 536 5379 Si
569 5322 736 5379 Deum
758 5339 991 5384 moerere
1012 5328 1296 5394 allicimus,
1316 5347 1440 5386 cum
1466 5336 1777 5402 spernimus
1803 5346 1864 5386 ac
1889 5347 1977 5387 ne-

405 5415 680 5485 gligimus,
698 5417 1079 5477 incumbamus
1114 5424 1297 5492 potius
1330 5440 1452 5479 eum
1478 5425 1753 5480 oblectare
1778 5440 1874 5495 per
1893 5425 1981 5477 di-

409 5504 695 5573 ligentiam
727 5515 780 5562 et
806 5507 948 5563 bona
988 5525 1174 5579 Opera.

482 5681 523 5714 "
566 5683 734 5737 Exod.
766 5701 878 5749 XIV,
910 5688 989 5741 l3.
1069 5692 1111 5721 ⁸³
1149 5690 1290 5746 ΡεΑΙ.
1336 5709 1527 5761 cum,
1566 5695 1652 5758 90,
1688 5695 1773 5749 91.
1854 5697 1893 5728 "
1922 5695 1988 5751 I‘s

2100 5710 2219 5762 Cttt,
2250 5696 2340 5751 28.
