4064 6160
400 382 508 448 Συ3

465 584 637 652 Φησὶν
662 586 695 652 ἡ
738 583 1041 653 προφητεία
1065 598 1077 615 '
1109 603 1127 634 ι
1152 583 1226 635 Τὸ
1256 582 1399 654 ὕδωρ
1427 586 1525 655 τῆς
1545 586 1812 657 Νευριεὶμ
1841 586 1968 656 ἔρη-

395 690 497 744 μον
534 672 706 737 ἔσται,
765 673 859 726 καὶ
919 672 1345 744 ξηρανθήσεται,
1380 676 1476 729 καὶ
1509 677 1537 728 ὁ
1565 677 1758 746 χόρτος
1798 677 1969 747 αὐτῆς

392 766 503 828 πᾶς
530 763 801 834 ἐκλείψειθ
836 765 1028 835 χόρτος
1070 766 1181 835 γὰρ
1227 764 1389 838 ξηρὸς
1424 767 1524 821 οὐκ
1553 768 1728 823 ἔσται.
1773 788 1792 820 ι
1823 768 1966 820 Νευ-

396 854 546 925 pulp.
574 854 936 925 ἑρμηνεύεται
992 855 1327 924 ψευδοδοξία.
1379 858 1476 911 Ἐκ
1538 859 1832 930 προχείρου
1869 858 1969 930 μὲν

391 941 487 1001 οὖν
510 947 716 1016 ἑκάστη
736 946 946 1017 αἵρεσις
988 946 1215 1002 νοείσθω
1247 948 1622 1019 ἐρημουμένη,
1649 949 1742 1003 καὶ
1783 948 1972 1019 ξηραι-

392 1033 592 1105 νομένη
612 1034 705 1089 διὰ
748 1034 851 1098 τὰς
876 1035 1227 1101 διδασκαλίας
1253 1037 1364 1091 τῶν
1410 1037 1849 1111 ὀρθοτομοῦντων
1876 1037 1970 1091 τὸν

393 1123 552 1192 λόγον
579 1125 679 1195 τῆς
706 1124 985 1195 ἀληθείας.
1018 1125 1165 1198 Πλὴν
1190 1127 1272 1180 ὅτι
1296 1128 1394 1182 καὶ
1421 1128 1458 1199 η
1499 1128 1745 1200 ἁμαρτία
1782 1126 1972 1197 ψευδο-

392 1212 544 1277 δοξία
569 1213 737 1268 ἐστίν·
761 1214 935 1268 δοκῶν
966 1215 1077 1285 γάρ
1103 1231 1188 1278 τις
1218 1214 1280 1269 τὸ
1315 1215 1390 1287 μὴ
1432 1215 1616 1277 καλὸν,
1648 1214 1969 1285 μετέρχεται

393 1301 597 1374 τούτῳ*
623 1302 764 1357 ἐπὰν
794 1303 853 1358 δὲ
877 1306 912 1375 ἠ
943 1304 1190 1376 ἁμαρτία
1221 1305 1545 1376 καταργηθῇ
1576 1304 1664 1358 διὰ
1677 1305 1777 1374 τῆς
1802 1320 1969 1374 μετα-

393 1392 563 1459 νοίας,
588 1394 747 1465 δῆλον
777 1396 861 1449 δτι
891 1395 1163 1468 ἐξηράνθη
1178 1397 1208 1450 ό
1225 1395 1444 1467 χόρτος·
1468 1397 1595 1450 ὅταν
1608 1395 1665 1449 δὲ
1694 1396 1791 1450 καὶ
1810 1394 1970 1458 αὐτὸς

393 1484 421 1536 ό
446 1482 611 1557 ξηρὸς
635 1485 828 1556 χόρτος
853 1487 919 1541 ὲκ
947 1485 1123 1541 ποδῶν
1174 1487 1422 1557 γένηται,
1471 1485 1755 1542 ἀπώλοντο
1783 1485 1879 1540 καὶ
1910 1485 1969 1539 αἱ

399 1573 613 1644 μνῆμαι
643 1574 752 1628 τῶν
777 1574 963 1639 κακῶς
985 1575 1408 1647 πεπραγμένων.

708 1757 879 1812 PKA'.
917 1786 986 1796 —
1014 1756 1308 1826 ΕΥΛΥΣΙῼ
1334 1755 1645 1825 ΜΟΝΔΧῼ.

1603 389 2139 451 EPISTULARUM
2180 395 2325 452 LIB.
2365 396 2443 454 II.

866 493 1031 545 PKI".
1062 522 1129 534 -—
1173 490 1256 556 Τῷ
1304 492 1481 558 αὐτῷ.
1988 505 2034 559 Α

3539 408 3646 471 254

2575 501 2802 556 CXXIII.
2833 505 3113 561 -—Eidem.

2146 588 2481 645 Vaticinium
2520 592 2594 645 ait
2628 612 2641 646 :
2683 614 2701 644 ι
2734 593 2890 664 Aqua
2927 596 3170 651 Neuriim
3210 598 3314 653 erit
3337 599 3650 669 deserta,et

2074 678 2476 744 exsiccabitur,
2511 690 2565 737 et
2631 682 2796 739 herba
2851 686 3022 754 ipsius
3078 689 3329 744 universa
3373 692 3585 748 deﬁciet
3630 712 3648 748 :

2076 770 2241 825 herba
2266 772 2409 825 enim
2440 774 2585 828 sicca
2615 790 2723 828 non
2758 777 2861 829 erit
2882 778 2978 830 ³⁸.»
2998 778 3244 833 Neuriim
3276 790 3427 835 notat
3455 782 3648 838 falsam

2074 863 2143 918 de
2171 863 2336 919 rebus
2365 865 2703 936 opinionem.
2730 866 2785 921 In
2808 880 3064 938 promptu
3098 871 3281 941 itaque
3306 888 3648 943 quaecunque

2076 951 2302 1008 haeresis
2326 953 2688 1025 intelligatur,
2721 971 2843 1026 qua
2891 957 3194 1023 desolatur,
3224 970 3278 1015 et
3308 977 3522 1026 eorum,
3556 965 3651 1035 qui

2075 1054 2222 1100 recte
2246 1045 2474 1100 verbum
2506 1047 2756 1104 veritatis
2786 1055 3143 1118 pertractant,
3177 1051 3435 1107 doctrina
3475 1056 3655 1110 exsic-

2074 1143 2253 1191 catur.
2274 1133 2646 1194 Nihilominus
2708 1140 2873 1195 etiam
2902 1148 2958 1195 et
2987 1149 3269 1211 peccatum
3303 1141 3439 1198 falsa
3466 1145 3655 1213 epinio

2075 1223 2241 1280 fuerit
2272 1242 2287 1279 :
2344 1240 2583 1296 namque
2620 1241 2896 1285 nonnemo
2932 1231 3079 1300 quod
3139 1232 3341 1286 bonum
3395 1246 3506 1287 non
3545 1244 3653 1301 est,

2074 1325 2135 1371 ut
2179 1317 2381 1372 bonum
2435 1319 2870 1388 apprehendens,
2905 1323 3040 1376 illud
3097 1325 3357 1391 consequi
3413 1324 3598 1378 studet
3620 1342 3652 1392 ⁸ς

2075 1419 2202 1459 cum
2263 1420 2392 1461 vero
2432 1418 2718 1475 peccatum
2754 1424 2849 1478 per
2890 1411 3270 1480 pmnitentiam
3332 1411 3654 1481 abrogatum

2075 1495 2256 1559 fuerit,
2305 1495 2653 1552 manifestum
2681 1496 2741 1552 ﬁt
2791 1498 3017 1554 herbam
3059 1501 3388 1555 exsiccatam
3452 1500 3655 1565 fuisse;

2075 1601 2202 1640 cum
2225 1600 2357 1641 vero
2384 1597 2437 1640 et
2458 1586 2576 1657 ipsa
2604 1586 2774 1642 herba
2789 1588 2936 1643 sicca
2954 1588 3021 1645 de
3045 1590 3226 1645 medio
3239 1590 3455 1646 sublata
3473 1590 3657 1658 fuerit,

2078 1680 2352 1734 memoriae
2382 1694 2573 1734 eorum
2591 1694 2711 1749 quae
2732 1696 2896 1748 prave
2912 1691 3061 1750 gesta
3084 1690 3233 1742 sunt.
3259 1683 3656 1752 deperduntur.

2354 1768 2983 1827 CXXIV.—EULYSIO
3026 1772 3375 1829 MONACHO.

469 1865 610 1921 Οὔτε
644 1869 679 1938 η
708 1867 898 1937 ἀρετὴ,
928 1865 1052 1920 οὔτε
1102 1868 1136 1936 ἡ
1177 1866 1344 1920 κακία
1373 1865 1522 1936 μένει
1552 1863 1968 1936 ἀμετάπτωτος,

2144 1858 2333 1929 Neque
2366 1861 2563 1926 virtus,
2620 1877 2799 1932 neque
2862 1864 3072 1917 malitia
3116 1873 3365 1919 remanet
3397 1873 3658 1918 constans

396 1957 491 2010 καὶ
520 1957 797 2025 ἀκίνητος,
832 1956 1018 2026 ἐπειδὴ
1061 1956 1447 2026 ὲθελότρεπτόν
1489 1958 1606 2007 ἐστι
1634 1953 1975 2025 ἀνθρώπινον

392 2046 572 2113 γένος.
647 2047 857 2116 Ὀνπερ
922 2046 1100 2098 τοίνυν
1153 2044 1560 2114 ὑπολαμϐάνεις
1610 2045 1701 2097 τὸν
1750 2045 1975 2115 ἀδελφὸν

391 2134 767 2203 ἁμελὲστατον
829 2129 991 2197 εἶναι,
1015 2134 1186 2205 ὅνπερ
1222 2134 1462 2203 νομίζεις
1511 2133 1832 2203 ἁμαρτωλὸν
1876 2136 1977 2188 ὑπο

389 2224 607 2295 ἄρχειν,
662 2227 764 2279 οὐκ
814 2221 985 2290 οἶδας,
1024 2227 1235 2296 μήποτε
1287 2224 1411 2278 καθ’
1455 2224 1645 2278 ἑαυτὸν
1696 2225 1973 2291 στενάξας,

387 2316 488 2370 καὶ
523 2316 995 2386 μεταϐαλλόμενος
1016 2317 1110 2369 επὶ
1134 2317 1196 2369 τὺ
1220 2318 1487 2386 κρεῖττον,
1523 2315 1674 2386 παρὰ
1719 2315 1837 2386 Θεῷ
1867 2316 1975 2370 σώ-

385 2403 573 2468 ζεται.
607 2406 681 2457 Σὺ
714 2406 770 2458 δὲ
789 2405 1001 2474 ἀγονῶν
1022 2405 1312 2470 εὐτελίζεις
1343 2406 1596 2469 πολλάκις
1607 2406 1699 2459 τὸν
1719 2406 1974 2473 τοιοῦτον,

385 2499 496 2553 καὶ
516 2497 806 2568 λοιδορεῖς,
855 2497 947 2551 καὶ
1012 2498 1223 2569 πικρῶς
1254 2498 1598 2569 κατακρίνεις
1625 2498 1731 2552 τὸν
1752 2497 1889 2568 ὑπὲρ
1914 2498 1976 2552 σὲ

394 2586 723 2657 σωζόμενον
752 2588 1054 2659 ἄνθρωπον.

610 2862 619 2867 _
891 2788 1064 2841 PKE’.
1098 2818 1158 2828 —
1197 2788 1278 2854 Τῷ
1300 2788 1479 2855 αὐτῷ.

463 2877 655 2932 Κακία
686 2878 882 2932 κακίαν
914 2881 1223 2948 ἐφέλκεται,
1263 2882 1357 2934 καὶ
1389 2882 1558 2946 πάθος
1590 2882 1751 2936 πάθει
1777 2882 1973 2936 πολλά-

387 2987 481 3033 κις
512 2970 871 3023 συνάπτεταισ
907 2972 1144 3041 συγγενῆ
1171 2971 1277 3043 γὰρ
1304 2972 1571 3045 ἀλλήλων,
1602 2974 1697 3026 καὶ¹
1734 2972 1975 3044 συνεργὰ

387 3061 462 3115 τὰ
494 3059 679 3130 φαῦλα
700 3060 1067 3132 καθέστηκεν.

880 3169 1072 3239 PII-7'.
1096 3199 1165 3210 -—
1198 3168 1283 3234 Τῷ
1312 3169 1492 3236 αὐτῷ.

461 3260 546 3314 Τὸ
577 3259 779 3328 πλῆθος
798 3261 907 3314 τῶν
941 3263 1069 3333 παρ’
1096 3259 1253 3333 ἡμῶν
1289 3260 1584 3334 δρωμένων
1606 3260 1844 3330 ψεκτῶς,
1874 3260 1975 3329 τὴν

387 3351 622 3403 πάντων
660 3348 879 3419 χείρονα
929 3350 1040 3403 τῶν
1094 3350 1278 3403 κακῶν
1343 3350 1676 3414 κενοδοξίαν,
1730 3350 1824 3404 καὶ
1886 3348 1976 3403 τὸν

387 3439 573 3507 τῦφον
615 3438 873 3503 πολλάκις
918 3442 983 3493 ὲκ
1040 3441 1142 3510 τῆς
1175 3441 1508 3512 ἀναλγησίας
1547 3442 1885 3512 ὲπισύρεται.
1919 3440 1979 3493 ’0

383 3531 445 3583 δέ
497 3547 569 3598 γε
627 3531 809 3595 πάσας
862 3532 1347 3604 ἐκκεκομόωμένος
1402 3533 1824 3602 ἁπαραλείπτως
1879 3534 1979 3595 τὰς

382 3619 628 3689 ἀρετὰς,
654 3620 926 3689 ἀλλότριον
946 3621 1138 3674 ἑαυτὸν
1153 3623 1484 3693 καταστήσει
1500 3623 1599 3691 τῆς
1620 3623 1866 3692 ἀνοήτου,
1887 3621 1979 3673 καὶ.

385 3711 624 3781 μωρᾶς,
640 3709 736 3762 καὶ
757 3710 960 3781 σαθρᾶς
978 3712 1301 3778 κενοδοξίας,
1318 3711 1521 3766 καὶτοῦ
1547 3712 1771 3783 ματαίου
1786 3713 1974 3779 τύφου.

577 3819 746 3874 PKZ'.
770 3849 839 3863 —-
867 3821 1204 3893 ΦΙΛΟΞΕΝῼ
1255 3823 1797 3892 ΑΡΧΙΜΑΝΔΡΙΊᾘ.

470 3912 767 3981 Ἀληθινὸν
804 3912 916 3983 ἐγὼ
942 3914 1329 3986 προσαγορεύω
1374 3916 1578 3968 ἐκεῖνον
1615 3912 1976 3983 Ἰσραηλίτην,

378 4004 485 4056 τὸν
522 4001 625 4056 διὰ
652 4006 748 4075 τῆς
774 4003 1008 4076 θεωρίας
1058 4006 1311 4059 ἁπάντων
1356 4004 1464 4058 τῶν
1504 4004 1841 4073 κτισμάτων,
1872 4001 1980 4055 τῶν

376 4112 443 4148 τε
483 4094 573 4165 μὴ
638 4095 974 4167 φαινομένων
1018 4096 1283 4166 βλέποντα
1311 4095 1401 4149 τὸν
1448 4095 1555 4148 τῶν
1585 4094 1719 4149 ὅλων
1754 4091 1979 4163 ποιητὴν

378 4187 552 4241 Θεόν.

731 4278 913 4332 PKil'.
943 4308 1015 4319 —
1039 4278 1311 4349 ΕΛΠΙΔΙῼ
1336 4279 1644 4349 ΜΟΝΑΧῼ.

464 4389 485 4421 σ
524 4368 749 4432 Πάντα,
791 4370 945 4441 φησὶ,
988 4370 1202 4442 καθαρὰ
1249 4372 1361 4433 τοῖς
1413 4371 1691 4440 καθαροῖς,
1732 4391 1750 4423 ι
1790 4374 1901 4429 τοῖς
1925 4374 1982 4426 δὲ

378 4459 681 4525 ἀπίστοις,
706 4461 800 4513 καὶ
854 4461 1147 4531 ὲμπαθέσι,
1182 4460 1623 4531 φιλαμαρτὴμοσί
1652 4479 1732 4524 τε,
1766 4463 1860 4515 καὶ
1890 4480 1984 4531 με-

380 4552 788 4621 μολυσμένοις,
818 4554 996 4607 πάντα
1024 4550 1325 4624 ἀκάθαρτα,
1349 4553 1442 4605 καὶ
1472 4552 1680 4622 πονηρὰ
1710 4553 1980 4621 φαίνεται,

375 4646 478 4699 καὶ
496 4645 700 4699 πάντα
719 4645 917 4707 αὐτοὺς
939 4644 1074 4713 πρὸς
1085 4644 1359 4715 ἁμαρτίαν
1382 4643 1609 4709 ὲξὲλκει,
1626 4644 1737 4697 είτε
1767 4644 1979 4716 βρῶμα,

374 4738 495 4790 εἴτε
529 4737 723 4807 πόμα,
754 4735 866 4788 εἴτε
894 4735 1131 4805 φόρεμα,
1164 4735 1274 4788 εἴτε
1312 4737 1497 4801 τόπος,
1539 4737 1647 4790 εἴτε
1696 4739 1905 4807 χρόνος,
1948 4739 1981 4808 ἢ

374 4827 725 4898 πρόσωπον,
760 4825 793 4895 ἢ
842 4826 1094 4895 πρᾶγμα,
1134 4825 1167 4895 ἢ
1199 4824 1402 4895 ὁμιλία,
1440 4824 1473 4894 ἦ
1510 4825 1747 4895 βλέμμα,
1783 4827 1815 4898 ἢ
1847 4825 1981 4896 ἁφὴ,

374 4920 407 4989 ἢ
433 4920 754 4988 ὄσφρησις,
788 4917 822 4987 ἢ
851 4918 1007 4987 ἀκοὴ,
1044 4917 1076 4986 ἢ
1108 4915 1317 4984 γεῦσις,
1341 4917 1447 4968 πᾶν
1477 4916 1776 4987 συλλήϐδην
1811 4918 1984 4970 εἰπεῖν

373 5009 664 5081 πρᾶγμα,
692 5006 726 5076 ἦ
750 5003 960 5076 εἷδο;,ἣ
993 5006 1220 5076 κίνημα,
1247 5006 1379 5058 ὠθεῖ
1398 5008 1523 5069 τοὺς
1549 5008 1820 5070 τοιούτους
1851 5008 1985 5078 πρὸς

372 5099 712 5170 ἁμαρτίαν,
744 5099 835 5150 καὶ
884 5099 1200 5151 ἐκκαλεῖται
1261 5098 1398 5165 πρὸς
1454 5096 1551 5167 τὴν
1617 5098 1981 5167 παρανομίαν.

374 5192 611 5258 Ὠσπερ
645 5187 963 5241 τούναντίον
1026 5189 1152 5250 τοὺς
1198 5189 1448 5251 πιστοὺς,
1499 5189 1595 5240 καὶ
1644 5188 1858 5255 ἁγνοὺς,
1890 5189 1985 5242 καὶ

370 5282 677 5342 εὐλαϐεῖς,
738 5280 829 5330 καὶ
892 5277 1061 5339 σώους
1088 5279 1150 5330 τὸ
1178 5278 1455 5347 φρόνημα,
1502 5280 1678 5331 πάντα
1731 5278 1985 5349 διεγείρει

370 5374 520 5444 πρὸς
592 5370 965 5438 εὐχαριστίαν
1017 5369 1173 5431 Θεοῦ,
1201 5371 1294 5421 καὶ
1331 5369 1605 5439 ἄπληστον
1636 5370 1982 5439 ὑμνολογίαν,

373 5464 471 5518 καὶ
502 5462 873 5532 χειραγωγεῖ
927 5461 1061 5530 πρὸς
1090 5462 1270 5512 πᾶσαν
1315 5460 1678 5532 δικαιοσύνην,
1723 5463 1816 5515 καὶ
1862 5478 1983 5532 νοη-

375 5551 617 5621 ματίζει
648 5546 798 5615 πρὸς
828 5548 927 5618 τὴν
958 5549 1167 5602 τελείαν
1201 5550 1498 5604 εὐσέϐειαν.

439 5789 487 5821 ³⁵
534 5793 655 5847 lsa.
690 5802 792 5853 xv,
816 5789 869 5841 6.
945 5789 987 5819 ³⁸
1018 5788 1103 5843 Tit
1150 5807 1189 5851 l,
1220 5792 1295 5844 ιδ.

2077 1962 2131 2005 et
2167 1951 2567 2019 immutabilis;
2627 1952 3077 2023 quandoquidem
3124 1970 3300 2023 genus
3355 1954 3656 2007 humanum

2076 2050 2271 2111 sponte
2306 2056 2407 2097 sua
2438 2042 2715 2097 immutari
2739 2054 3119 2114 comparatum
3145 2052 3249 2099 est.
3270 2042 3444 2110 Quem
3469 2045 3658 2113 itaque

2075 2145 2142 2185 ex
2174 2131 2435 2187 fratribus
2492 2133 3017 2205 negligentissimum
3065 2137 3372 2200 existimas,
3418 2135 3576 2208 174
3602 2144 3659 2191 et

2076 2224 2326 2294 opinaris
2356 2235 2702 2295 peccatorem
2735 2241 2878 2288 esse.
2904 2228 3088 2284 nescis
3120 2245 3188 2282 an
3235 2229 3534 2297 aliquando
3567 2228 3658 2283 ille

2076 2314 2223 2368 intra
2267 2328 2331 2389 se
2382 2315 2788 2384 ingemiscens,
2841 2324 2896 2370 et
2950 2318 3005 2371 in
3044 2318 3241 2372 melius
3296 2318 3654 2377 immutatus.

2076 2405 2223 2475 apud
2270 2404 2439 2460 Deum
2474 2408 2737 2462 salvetur.
2774 2407 2841 2462 Et
2879 2417 2935 2463 tu
2968 2409 3231 2476 ignorans
3277 2408 3440 2463 talem
3476 2409 3656 2462 homi-

2070 2509 2201 2548 nem
2233 2510 2614 2565 saepenumero
2648 2497 2808 2551 nihili
2840 2497 3020 2563 ducis,
3053 2507 3109 2553 et
3134 2497 3404 2551 conviciis
3432 2510 3657 2562 oneras,

2075 2592 2129 2640 et
2159 2586 2372 2641 duriter
2395 2587 2724 2651 contemnis,
2760 2588 2855 2658 qui
2888 2595 3071 2642 tamen
3110 2588 3318 2658 potius,
3371 2601 3534 2657 quam
3568 2594 3654 2650 tu,

2076 2677 2340 2731 salvetur.

2602 2783 2891 2839 CXXV.—
2913 2782 3126 2844 Eidem.

2144 2876 2350 2931 Malitia
2376 2875 2636 2930 malitiam
2679 2877 2925 2943 attrahit,
2957 2884 3011 2931 et
3038 2876 3379 2946 perturbatio
3409 2877 3653 2947 saepissi-

2074 2971 2163 3023 l'ne
2178 2965 2949 3037 perturbationiconjungitur
2977 2984 2991 3020 :
3023 2981 3187 3037 prava
3203 2965 3477 3036 siquidem
3506 2967 3656 3035 ejus-

2074 3060 2200 3140 dem
2222 3060 2439 3132 generis
2469 3065 2620 3125 sunt,
2651 3067 2705 3113 et
2734 3059 2839 3112 sibi
2873 3059 3103 3113 invicem
3134 3060 3413 3131 suppetias
3445 3055 3653 3114 ferunt.

2569 3164 2807 3220 CXXVI.
2842 3163 2964 3219 -Ε
2968 3167 3123 3221 idem.

2148 3256 2372 3320 Eorum,
2405 3273 2526 3326 quae
2555 3271 2583 3309 a
2624 3256 2787 3314 nobis
2826 3258 3121 3312 criminose
3150 3264 3436 3327 geruntur,
3469 3257 3653 3326 cepia,

2080 3350 2345 3406 malorum
2402 3351 2643 3406 omnium
2677 3350 2969 3420 pessimam
2998 3348 3318 3418 jactantiam
3376 3356 3430 3401 et
3464 3362 3658 3415 super-

2080 3443 2223 3497 biam
2255 3459 2398 3512 stepe
2428 3458 2496 3498 ex
2534 3442 2851 3510 stupiditate
2901 3441 3178 3496 contrahit
3204 3458 3219 3508 ;
3245 3441 3337 3510 qui
3378 3455 3510 3496 vero
3536 3454 3658 3494 etn-

2079 3534 2242 3587 nibus
2282 3534 2500 3588 abunde
2560 3541 2644 3587 est
2705 3532 3006 3587 virtutibus
3060 3539 3380 3595 exornatus,
3414 3531 3652 3585 alienum

2080 3639 2139 3677 se
2167 3638 2195 3676 a
2224 3623 2498 3689 demente,
2538 3623 2706 3678 stulta
2756 3631 2811 3678 et
2835 3622 3037 3679 detrita
3085 3621 3377 3693 jactantia,
3402 3627 3457 3676 et
3500 3619 3655 3675 inani

2080 3722 2293 3768 tumore
2312 3716 2631 3769 constituet.

2149 3821 2404 3876 CXXVII.
2431 3852 2501 3862 —
2529 3820 2925 3877 PHILOXENO
2960 3817 3579 3876 ARCIIIMANDIIITA‘J.

2150 3913 2270 3982 Ipse
2294 3928 2395 3983 ego
2416 3928 2539 3968 vere
2561 3928 2879 3982 germanum
2913 3912 3218 3966 lsraelitam
3246 3911 3477 3962 dixerim
3508 3922 3655 3971 eum,

2080 4005 2171 4075 qui
2205 4019 2300 4072 per
2348 4005 2594 4058 omnium
2625 4012 3030 4068 creaturarum,
3075 4002 3191 4055 sive
3219 4000 3323 4053 illae
3374 3998 3661 4051 obtutibus

2083 4103 2324 4169 pateant,
2360 4097 2475 4150 sive
2511 4096 2566 4149 in
2597 4094 2855 4148 clanculo
2913 4094 3140 4155 lateant,
3199 4088 3655 4158 speculationem,

2084 4186 2330 4243 omnium
2369 4185 2536 4239 Deum
2569 4192 2850 4237 auctorem
2882 4183 3147 4235 intuetur.

2395 4270 3022 4330 CXXVIII.—-ELPIDIO
3048 4266 3401 4324 MONACHO.

2162 4390 2179 4420 ι
2206 4367 2421 4435 Omnia,
2454 4367 2655 4436 inquit,
2689 4363 2893 4418 munda
2924 4361 3144 4415 mundis
3170 4360 3248 4426 ³⁶;
3293 4378 3312 4411 ι
3350 4355 3660 4411 inﬁdelibus

2087 4472 2267 4515 autem
2301 4467 2358 4515 et
2410 4458 2594 4529 pravis
2648 4454 3038 4510 aﬂcctionihus
3098 4452 3321 4518 deditis,
3362 4450 3661 4519 pronisque

2091 4553 2247 4623 175
2279 4552 2344 4605 ad
2380 4550 2740 4620 peccandum,
2798 4559 2851 4603 et
2887 4546 3192 4616 inquinatis
3220 4544 3399 4599 omnia
3449 4542 3657 4606 impura

2086 4660 2360 4716 pravaque
2383 4642 2705 4712 judicantur
2731 4659 2744 4707 ;
2774 4640 3069 4707 omniaque
3104 4653 3200 4692 eos
3228 4636 3293 4691 ad
3320 4632 3656 4705 peccandum

2086 4737 2439 4806 compellunt,
2471 4735 2587 4789 sive
2620 4734 2778 4788 cibus
2823 4733 2915 4797 sit,
2953 4731 3069 4785 sive
3099 4736 3290 4797 potus,
3332 4728 3446 4781 sive
3496 4722 3658 4776 indu-

2088 4836 2350 4889 mentum,
2400 4827 2514 4880 sive
2563 4826 2741 4886 locus,
2793 4826 2908 4879 sive
2961 4831 3200 4891 tempus,
3236 4821 3352 4873 sive
3388 4828 3646 4886 persona,

2088 4921 2205 4975 sive
2238 4934 2397 4987 opus,
2428 4918 2543 4971 sive
2562 4917 2920 4985 colloquium,
2956 4915 3073 4969 sive
3106 4915 3283 4974 visus,
3313 4908 3427 4963 sive
3454 4913 3658 4965 tactus,

2083 5014 2197 5068 sive
2226 5012 2511 5075 odoratus,
2545 5009 2659 5064 sive
2684 5008 2914 5071 auditio,
2938 5006 3053 5059 sive
3077 5011 3293 5072 gustus,
3322 5006 3376 5053 et
3409 5005 3464 5051 ut
3492 4996 3659 5050 verbo

2081 5106 2362 5168 extricem,
2393 5104 2759 5173 quodcunque
2806 5097 2940 5153 illud
2976 5098 3070 5163 sit,
3093 5096 3207 5149 sive
3263 5091 3490 5159 species,
3546 5089 3659 5144 sive

2083 5197 2455 5261 motus,ltosce
2472 5194 2538 5247 ad
2563 5202 2782 5263 peccata
2813 5189 3137 5260 praecipitat,
3160 5194 3214 5240 et
3237 5183 3304 5238 ad
3328 5184 3657 5250 impietatem

2082 5283 2897 5352 adhortatur.Quemadmodum
2919 5287 3141 5334 econtra
3163 5277 3430 5340 tideles,et
3453 5282 3657 5338 castos,

2084 5386 2136 5432 et
2163 5378 2302 5447 pios,
2326 5384 2379 5430 et
2410 5375 2612 5429 mentis
2636 5379 2918 5442 compotes
2956 5369 3139 5422 omnia
3194 5366 3261 5421 ad
3286 5365 3521 5435 agendas
3553 5362 3660 5415 Deo

2091 5468 2317 5536 gratias,
2349 5474 2402 5520 et
2439 5479 2724 5534 nunquam
2756 5468 3067 5517 cessantem
3100 5457 3472 5513 laudationem
3503 5453 3655 5506 exci-

2097 5566 2229 5617 tant,
2266 5567 2318 5610 et
2356 5557 2419 5608 ad
2445 5557 2754 5609 universam
2783 5549 3050 5620 justitiam
3092 5548 3322 5607 ducunt,
3353 5551 3405 5596 et
3435 5540 3500 5593 ad
3544 5540 3659 5607 pic-

2099 5652 2259 5699 latent
2297 5645 2538 5698 numeris
2570 5643 2822 5697 omnibus
2858 5639 3164 5692 absolutam
3206 5636 3347 5688 viam
3382 5635 3653 5684 sternunt.
