4064 6160
415 313 524 378 255

648 423 884 481 CXXIX.
912 456 980 465 -—
1004 421 1361 478 NEMERTIO
1402 418 1757 477 .IIONACIIO.

491 517 702 588 Saepius
731 527 784 572 te
807 515 1022 570 timoris
1054 515 1285 585 spiritus
1315 513 1640 584 perquisivit
1666 554 1680 577 ,
1710 528 1812 569 nec
1843 513 1998 567 inve-

420 608 505 664 nit
551 628 560 660 :
602 605 848 662 nondum
881 605 1024 660 enim
1058 605 1137 658 illi
1174 604 1554 660 instituendus
1607 605 1843 659 traditus
1884 604 2001 658 fue-

418 714 532 754 ras.
563 698 630 751 At
664 712 810 751 nunc
848 704 899 751 te
932 697 1182 765 invenit,
1224 705 1279 752 et
1311 705 1473 751 noctu
1502 696 1700 766 dieque
1721 710 2000 765 nunquam

2116 698 2192 751 νῦν
2222 696 2279 751 δέ
2302 713 2360 748 σε
2381 689 2535 767 ηὗρε,
2570 695 2666 746 καὶ
2726 689 3073 761 ὲκταράττει,
3137 684 3431 755 παννύχιόν
3483 701 3541 736 τε
3585 685 3685 736 καὶ
3784 752 3791 767 ς

2102 787 2462 858 πανημέριον.
2498 784 2656 838 Ἀλλὰ
2711 784 2785 854 μὴ
2840 781 3156 851 ἁθυμήσῃς,
3197 777 3491 847 ὑπόμεινον
3534 775 3593 829 δὲ
3615 776 3686 827 δι’
3781 775 3787 845 ξ

2103 880 2266 950 εὐχῆς
2294 877 2386 930 τὸν
2421 877 2647 946 Κύριον,
2712 871 3050 944 προσδοκῶν,
3107 870 3255 932 ὅπως
3306 867 3558 939 ἐξέληταί
3598 884 3686 928 σε,
3780 872 3783 879 ³

2105 948 2345 1040 συνεχῶς
2374 968 2661 1024 κατέναντι
2688 965 2797 1020 τῶν
2830 961 3127 1036 ὀφθαλμῶν
3162 959 3327 1015 αὐτοῦ
3380 958 3688 1031 φυρόμενον

419 786 792 842 intermittens
838 789 1158 841 conturbat.
1190 787 1580 841 Verumtamen
1637 801 1705 842 ne
1766 788 2002 856 despon-

421 879 589 941 deas,
638 876 733 931 sed
766 878 984 933 sustine
1031 878 1519 947 deprecationibus
1559 877 1849 932 Dominum
1903 892 2001 931 ex-

418 978 681 1039 spectans
701 1010 717 1035 ,
743 977 803 1024 ut
831 977 883 1026 te
906 970 1224 1041 frequenter
1248 979 1373 1027 ante
1398 970 1571 1041 ipsius
1602 970 1794 1025 oculos
1826 970 2003 1040 lacry-

419 1060 525 1114 mis
557 1060 867 1114 madentem
902 1061 1123 1129 eripiat.

945 1150 1162 1206 CXXX.
1184 1179 1255 1193 ——
1280 1150 1486 1204 Eidem.

494 1241 797 1296 Asseveras
835 1249 889 1295 te
927 1243 1106 1296 solum
1158 1257 1392 1312 prorsus
1420 1259 1536 1297 non
1584 1256 1745 1313 posse
1794 1242 1849 1295 in
1888 1241 2002 1296 cel-

423 1336 535 1389 lula
567 1333 795 1403 degere,
845 1342 1044 1403 prater
1078 1334 1553 1403 exspectationem
1590 1334 1866 1388 immenso
1897 1333 2007 1387 dm-

424 1425 609 1480 monis
644 1432 793 1479 metu
826 1439 1149 1493 Oppressum
1176 1464 1191 1488 ,
1231 1433 1358 1493 post
1388 1424 1689 1477 maximum
1727 1424 2007 1477 abrenun-

422 1520 679 1575 tiationis
711 1527 927 1589 tempus
977 1526 1033 1574 et
1065 1519 1369 1573 solitariam
1409 1519 1463 1572 in
1496 1517 1718 1572 deserto
1764 1531 2003 1583 moram;

425 1612 641 1666 ascisce
670 1625 802 1679 ergo
837 1611 938 1665 tibi
984 1608 1080 1664 Dei
1131 1616 1406 1663 amantem
1429 1649 1443 1671 ,
1500 1608 1760 1678 piumque
1789 1608 1966 1661 vit-um
1994 1645 2008 1670 ,

426 1702 520 1770 qui
555 1718 660 1756 una
696 1709 882 1756 tecum
923 1702 1235 1765 inhabitet,
1268 1702 1547 1770 simulque
1570 1715 1761 1769 preces
1795 1700 2004 1762 fundat,

1905 311 1965 368 S.
2009 307 2172 369 NILI

2026 431 2075 483 Α

3571 297 3677 362 256

2383 416 2557 471 exe.
2587 443 2656 456 --
2682 412 3047 481 ΝΗΜΕΡΤΙῼ
3079 410 3393 479 ΜΟΝΑΧῼ.

2184 512 2445 582 Ἐζήτησέ
2476 529 2534 564 σε
2566 509 2828 572 πολλάκις
2867 509 2927 561 τὸ
2953 507 3170 576 πνεῦμα
3209 505 3311 573 τῆς
3331 503 3554 566 δειλίας.
3586 505 3680 556 καὶ

2100 606 2199 676 οὐχ
2224 600 2377 676 ηὗρε,
2400 603 2535 656 διότι
2566 601 2720 656 οὔπω
2748 597 3000 668 ἐξεδόθης
3028 596 3161 667 πρὸς
3176 594 3488 666 γυμνασίαν
3508 595 3680 664 αὐτῷ’

2102 1064 2354 1133 δάκρυσα

2617 1148 2744 1205 ΡΛ’.
2783 1180 2852 1190 -
2883 1149 2969 1214 Τῷ
2995 1146 3171 1213 αὐτῷ.

2176 1246 2240 1298 Εἰ
2273 1244 2410 1304 ὅλως
2443 1240 2622 1304 λέγεις
2674 1239 2872 1310 μηκέτι
2916 1238 3180 1292 δύνασθαι
3212 1237 3390 1307 μόνως
3419 1235 3598 1299 διάξαι
3629 1237 3688 1288 έν

2106 1337 2182 1408 τῷ
2214 1335 2431 1406 κελλίῳ,
2474 1335 2773 1401 νικώμενος
2834 1331 2966 1402 παρ’
3008 1330 3228 1391 ἐλπίδας
3258 1329 3338 1400 τῷ
3395 1330 3688 1399 ἁμετρὴτῳ

2107 1428 2257 1498 φόϐῳ
2288 1426 2382 1480 τοῦ
2417 1425 2719 1496 δαιμονίου,
2774 1424 2911 1494 μετὰ
2959 1420 3213 1475 τοσοῦτον
3267 1425 3367 1491 τῆς
3408 1419 3689 1488 ἀπαγωγῆς

2107 1520 2319 1590 χρόνον,
2354 1518 2448 1571 καὶ
2498 1516 2599 1587 τῆς
2652 1515 2969 1585 καταμόνας
3002 1515 3090 1566 ἐπ’
3120 1511 3355 1582 ἐρημίας
3381 1511 3685 1582 διατριϐῆς,

2110 1606 2419 1679 προσλαϐοῦ
2450 1607 2543 1660 νῦν
2572 1623 2696 1660 τινα
2730 1605 2977 1674 θεοφιλῆ,
3011 1605 3104 1657 καὶ
3134 1603 3341 1672 εὐλαϐῆ
3381 1601 3686 1671 ἄνθρωπον,

2111 1698 2205 1749 καὶ
2233 1694 2548 1748 συνοικείτω
2576 1711 2679 1756 σοι,
2708 1693 2801 1746 καὶ
2860 1692 3222 1763 συνευχέσθω,
3261 1691 3574 1761 συψσλλέτω
3604 1706 3686 1753 τε,

425 1800 479 1844 et
509 1793 800 1853 concinet,
838 1798 894 1845 et
914 1790 1118 1860 vigiliis
1145 1791 1307 1861 176
1333 1791 1683 1851 imtnoretur,
1721 1806 2009 1859 quousque

2116 1787 2207 1841 καὶ
2236 1785 2686 1854 συναγρυπνείτω
2723 1785 2883 1854 μέχρι
2922 1785 3021 1853 τῆς
3058 1801 3116 1836 τε
3151 1783 3299 1845 θείας
3333 1781 3687 1853 ἀντιλήψεως,

427 1879 673 1932 divinum
706 1878 971 1932 auxilium
1010 1876 1326 1944 advenerit,
1360 1879 1762 1949 itnprobusque
1793 1878 2013 1936 daemon

430 1971 790 2027 abscesserit.

933 2062 1170 2117 CXXXI.
1202 2093 1273 2104 —-
1308 2064 1515 2119 Eidem.

500 2152 665 2207 Certe
696 2153 831 2206 mihi
875 2154 1136 2219 suadeor,
1167 2169 1267 2210 nec
1298 2156 1444 2210 ullus
1470 2157 1662 2210 hmsito
1690 2196 1705 2219 ,
1743 2171 1838 2226 per
1875 2156 2013 2211 divi-

424 2259 556 2298 num
591 2245 846 2313 angelum
889 2244 1191 2299 daunouem
1220 2248 1508 2314 expulsum
1541 2247 1660 2303 fore
1686 2248 2009 2319 fugandum.

423 2334 694 2389 Dominus
733 2334 1009 2403 siquidem
1055 2336 1265 2405 virgam
1303 2348 1658 2407 peccatorum
1696 2338 2009 2394 daemonum

425 2441 594 2496 super
626 2433 834 2481 sortem
864 2426 1144 2494 justorum
1202 2426 1245 2457 ³⁷
1302 2443 1517 2499 semper
1543 2429 1871 2485 debacchari
1905 2447 2012 2486 non

428 2518 595 2573 sinet.
620 2515 917 2586 Propterea
940 2515 1112 2570 dicit:
1145 2535 1162 2566 ι
1187 2516 1526 2587 Exspectans
1556 2524 1875 2589 exspectavi
1910 2524 2013 2577 Do-

427 2608 639 2662 minum
663 2648 678 2673 ,
709 2608 803 2678 qui
837 2607 1199 2661 tentationem
1233 2609 1456 2675 intulit,
1487 2622 1541 2667 et
1575 2612 1810 2667 attendit
1844 2614 2010 2679 mihi,

429 2708 483 2753 et
515 2699 795 2754 exaudivit
828 2713 1021 2768 preces
1052 2714 1203 2756 meas
1226 2699 1292 2754 ³⁸.
1336 2720 1354 2752 ι

914 2883 1178 2940 CXXXII.
1214 2917 1284 2925 —
1313 2885 1524 2943 Eidem.

502 2974 582 3028 En
619 2974 717 3028 tibi
738 2975 917 3044 gratia
941 3014 955 3037 ,
1010 2982 1065 3030 et
1099 2975 1302 3030 virtute
1330 3014 1345 3038 ,
1376 2984 1432 3030 et
1478 2976 1818 3033 humanitate
1846 2994 2004 3049 super

2114 1878 2211 1934 καὶ
2240 1876 2338 1940 τῆς
2377 1875 2693 1937 άπελάσεως
2724 1873 2815 1927 τοῦ
2835 1873 3074 1944 πονηροῦ
3107 1873 3380 1942 δαίμονος.

2600 2064 2771 2118 ΡΛΑ’.
2805 2092 2879 2104 -
2914 2063 3000 2130 Τῷ
3027 2062 3206 2128 αὐτῷ.

2185 2157 2518 2227 Πὲπεισμαι,
2552 2158 2647 2210 καὶ
2694 2157 3211 2228 πεπληροιρόρημαι,
3259 2154 3340 2206 ὅτι
3370 2153 3699 2222 ἐκστήσετάι

2115 2251 2223 2303 ἀπὸ
2252 2248 2346 2302 σοῦ
2372 2248 2710 2319 φυγαδευθὲν
2738 2249 2832 2303 διὰ
2857 2248 3011 2316 ἁγίου
3034 2245 3266 2314 ἀγγέλου
3287 2244 3347 2297 τὸ
3372 2243 3473 2313 τῆς
3494 2243 3701 2306 δειλίας

2113 2343 2410 2413 δαιμόνιον.
2469 2343 2582 2394 Οὐκ
2621 2342 2822 2410 ἀφήσει
2877 2341 2987 2408 γὰρ
3036 2338 3240 2409 Κύριος
3279 2335 3544 2406 διηνεκῶς
3598 2336 3701 2405 τὴν

2118 2435 2314 2505 ῥάϐδον
2347 2431 2455 2486 τῶν
2508 2431 2848 2503 ἁμαρτωλῶν
2908 2430 3199 2500 δαιμόνων,
3238 2428 3330 2480 ἐπὶ
3372 2426 3462 2480 τὸν
3491 2425 3698 2494 κλῆρον

2112 2522 2222 2577 τῶν
2281 2521 2505 2574 δικαίων
2547 2520 2869 2591 ἀνθρώπων.
2932 2519 3132 2588 Διόπερ
3200 2516 3349 2584 λέγει
3377 2532 3389 2545 ·
3448 2532 3466 2565 t
3537 2513 3699 2566 Ὑπο-

2118 2614 2293 2684 μένων
2342 2613 2612 2683 ὑπέμεινα
2664 2613 2757 2665 τὸν
2814 2610 3017 2682 Κύριον
3057 2609 3146 2661 τὸν
3203 2606 3548 2675 ἐπαγαγόντα
3608 2622 3698 2675 μοι

2112 2704 2204 2758 τὸν
2237 2703 2562 2775 πειρασμὸν,
2598 2702 2691 2756 καὶ
2718 2703 2984 2773 προσέσχε
3015 2717 3126 2770 μοι,
3159 2699 3253 2751 καὶ
3280 2699 3565 2769 εἰσήκουσε
3599 2700 3699 2767 τῆς

2113 2795 2346 2863 δεήσεως
2379 2812 2501 2866 μου.
2550 2814 2568 2847 ι

2610 2887 2779 2939 PAB’.
2808 2916 2878 2926 -—
2914 2884 2997 2950 Τῷ
3022 2884 3203 2950 αὐτῷ.

2197 2978 2329 3030 Ἰδοὺ
2355 2980 2420 3048 τῇ
2450 2978 2653 3047 χάριτι,
2696 2978 2789 3030 καὶ
2850 2979 2915 3046 τῇ
2972 2976 3224 3045 δυνάμει,
3264 2975 3357 3029 καὶ
3416 2978 3481 3045 τῇ
3514 2973 3702 3042 φιλανο

430 3066 615 3122 omnia
643 3065 849 3119 Christi
887 3065 981 3120 Dei
1028 3066 1271 3132 excelsi,
1306 3074 1433 3120 octo
1475 3068 1744 3122 mensium
1770 3071 2007 3139 spatium

2116 3068 2140 3119 θ
2147 3066 2328 3138 ρωπίᾳ
2340 3068 2382 3118 Χ
2391 3067 2575 3137 ριστόῦ
2589 3066 2681 3119 τοῦ
2700 3066 3038 3135 πανυψίστου
3063 3065 3197 3118 Θεοῦ
3218 3066 3526 3136 όκτάμηνος
3557 3079 3699 3131 παρ-

432 3166 886 3228 prartergressum
923 3165 1041 3219 est,
1085 3165 1138 3213 et
1187 3158 1630 3228 improbissimus
1663 3160 1892 3230 spiritus
1928 3160 2013 3216 fu-

432 3257 593 3319 gatus
634 3255 718 3303 est
766 3266 779 3302 :
831 3261 886 3303 et
924 3259 979 3303 tu
1010 3249 1195 3305 denuo
1235 3252 1429 3305 cellam
1468 3252 1622 3308 solus
1657 3252 2014 3309 confidentis-

440 3339 578 3394 sime
610 3339 912 3394 inhabitas.

649 3433 934 3490 CXXXIII.
962 3466 1029 3478 -
1060 3435 1402 3491 PALLADIO
1443 3436 1799 3494 MONACIIO.

510 3522 584 3576 Ut
619 3525 853 3589 videris,
882 3522 1177 3610 Jguatham
1207 3525 1393 3581 Saulis
1421 3527 1590 3581 filium
1627 3529 1825 3597 spiritu
1857 3544 2019 3583 aemu-

435 3612 590 3665 Iaris.
646 3612 742 3665 Ille
778 3613 1085 3681 siquidem,
1124 3624 1183 3669 ut
1235 3615 1467 3669 historia
1514 3616 1774 3682 traditur,
1830 3618 2016 3674 dixit:

442 3720 461 3751 ι
490 3698 818 3755 Summitate
840 3704 1041 3773 sceptri
1072 3704 1174 3758 mei
1204 3706 1420 3774 gustavi
1448 3706 1514 3761 de
1536 3708 1725 3769 melle,
1758 3717 1811 3762 et
1834 3708 2018 3764 vident

436 3789 584 3841 oculi
626 3789 730 3841 mei
755 3789 818 3842 ⁸ο.
866 3809 883 3841 ›
930 3793 994 3843 At
1040 3803 1097 3846 tu
1151 3792 1348 3862 spiritu
1399 3794 1788 3850 intellectualis
1835 3797 2013 3851 mellis

436 3878 713 3947 particeps
745 3878 928 3935 factus
967 3881 1281 3935 divinorum
1317 3897 1630 3938 sermonum
1653 3926 1667 3948 ,
1710 3886 1872 3940 melle
1903 3887 2022 3957 ipso

437 3970 754 4022 suaviorum
779 4010 793 4034 ,
826 3971 1005 4025 oculis
1037 3972 1235 4026 animae
1284 3972 1439 4028 vides
1486 3990 1608 4043 quae
1638 3991 1668 4029 a
1695 3977 1882 4032 multis
1914 3994 2020 4031 non

441 4060 515 4112 ita
574 4058 735 4113 facile
788 4059 1213 4130 dignoscuntur.
1269 4064 1411 4118 Hinc
1460 4066 1703 4133 quaeris,
1744 4081 1909 4136 quam
1952 4068 2021 4123 ob

439 4163 662 4204 causam
698 4149 750 4203 in
786 4153 1106 4208 summitate
1135 4154 1318 4209 baculi
1342 4153 1581 4211 Iacobus
1613 4156 1928 4212 adoravcrit
1952 4159 2025 4208 ⁸ο.

823 4337 979 4407 177
1021 4339 1307 4394 cxxxw.
1333 4370 1402 4384 ρ-
1438 4340 1645 4395 Eidem.

2113 3159 2298 3229 ἦλθεν,
2333 3159 2426 3211 καὶ
2460 3158 2750 3227 έξεδιώχθη
2820 3158 2928 3210 άπὸ
2962 3157 3056 3210 σοῦ
3100 3157 3161 3209 τὸ
3195 3158 3412 3211 ἀνόσιον
3445 3153 3661 3224 πνεῦμα
3682 3170 3695 3183 ⁸

2117 3256 2210 3308 καὶ
2275 3254 2439 3307 πάλιν
2503 3253 2640 3324 μετὰ
2686 3252 2922 3323 θάρσους
3007 3251 3168 3321 μόνος
3225 3251 3324 3322 τὴν
3378 3249 3571 3306 κέλ).αν
3619 3249 3701 3301 ol-

2117 3363 2249 3408 κεις.

2397 3435 2564 3491 PAI".
2606 3468 2673 3478 —-
2713 3431 3060 3505 ΠΑΛΛΛΔΙῼ
3100 3435 3408 3505 ΜΟΝΑΧῼ.

2202 3529 2287 3592 Ὠς
2318 3528 2515 3592 ἔοικεν,
2568 3529 2825 3582 ἰωνάθαν
2880 3529 3020 3583 κατὰ
3046 3529 3107 3581 τὸ
3162 3530 3380 3598 πνεῦμα
3402 3529 3581 3600 ζηλοῖς
3612 3532 3704 3586 τὸν

2119 3618 2211 3671 τοῦ
2263 3619 2432 3672 Σαοὺλ
2491 3620 2625 3674 υἱόν.
2671 3619 2907 3682 Ἐκεῖνος
2957 3620 3053 3688 μὲν
3111 3621 3219 3689 γάρ
3273 3620 3395 3673 καθ’
3442 3622 3701 3691 ἱστορίαν,

2120 3711 2282 3778 φησὶν
2322 3711 2402 3763 ὅτι
2441 3729 2459 3760 ι
2503 3709 2850 3780 Ἐγευσάμην
2900 3709 2993 3763 τοῦ
3031 3711 3247 3781 μέλιτος
3298 3709 3374 3779 τῷ
3429 3712 3583 3782 ἄκρῳ
3606 3710 3702 3764 τοῦ

2123 3804 2401 3872 σκήπτρου
2441 3820 2562 3872 μου,
2630 3802 2726 3856 καλ⁵
2780 3802 3066 3872 βλέπουσιν
3100 3803 3146 3854 oi
3200 3800 3465 3870 ὀφθαλμοί
3516 3819 3640 3872 μου.
3678 3822 3697 3856 ι

2121 3891 2193 3944 Σὺ
2215 3891 2269 3943 δέ
2291 3907 2353 3958 γε
2382 3888 2770 3959 πνευματικῶς
2824 3888 2917 3941 τοῦ
2947 3888 3136 3959 νοητοῦ
3182 3888 3396 3958 μέλιτος
3466 3890 3704 3960 μεταλα-

2123 3981 2255 4045 ϐὼν,
2285 3983 2392 4036 τῶν
2429 3981 2646 4052 μέλιτος
2695 3981 3046 4052 γλυκυτέρων
3095 3981 3350 4052 ῥημάτων
3385 3982 3476 4036 τοῦ
3502 3984 3701 4054 Κρείτ-

2124 4091 2273 4138 τονος
2307 4074 2527 4143 βλέπεις
2553 4077 2664 4138 τοῖς
2697 4076 2794 4144 τῆς
2817 4075 2991 4145 ψυχῆς
3017 4075 3229 4144 ὄμμασι
3262 4072 3329 4128 τὰ
3359 4079 3471 4139 τοῖς
3495 4075 3702 4141 πολλοῖς

2123 4167 2413 4221 δυσθέατα.
2485 4168 2594 4219 Καὶ
2637 4165 2820 4236 ζητεῖν
2872 4166 3060 4219 λοιπὸν
3112 4166 3281 4236 ἤρξω,
3327 4167 3469 4221 διατί
3527 4170 3616 4221 ἐπὶ
3644 4170 3704 4221 τὸ

2125 4259 2293 4329 ἄκρον
2328 4258 2425 4327 τῆς
2455 4257 2651 4327 ῥάϐδου
2685 4259 2713 4309 ὁ
2744 4257 2936 4311 Ἰακὼϐ
2964 4263 3361 4329 προσεκύνησε.

2620 4354 2782 4406 ΡΛΔ’.
2814 4382 2886 4393 -
2928 4352 3008 4418 Τῷ
3037 4352 3214 4418 αὐτῷ.

511 4426 633 4481 Tibi
673 4426 929 4497 equidem
979 4429 1217 4497 perfecte
1269 4431 1603 4500 depurgate,
1659 4440 1714 4485 et
1765 4432 1834 4487 ab
1868 4434 2013 4487 omni

2199 4444 2288 4496 Σοὶ
2328 4443 2427 4514 μὲν
2460 4443 2855 4515 κεκαθαρμένῳ
2884 4445 3128 4507 τελείως,
3174 4446 3269 4499 καὶ
3327 4446 3504 4518 πάσης
3537 4448 3706 4519 ἀπηλ-

442 4517 563 4572 labe
584 4558 597 4582 ,
629 4525 684 4573 et
709 4517 990 4587 iactantia:
1018 4528 1232 4574 tumore
1263 4521 1533 4586 immuni,
1570 4537 1751 4592 operae
1782 4527 2014 4594 pretium

441 4608 605 4663 fuerit
650 4609 1029 4664 subtilissimis
1064 4612 1545 4680 speculationibus
1590 4617 1832 4670 exerceri
1876 4633 1890 4671 :
1935 4618 2019 4672 in-

441 4701 686 4770 quinatis
713 4714 871 4766 vero,
912 4708 966 4756 et
999 4704 1093 4771 qui
1145 4704 1390 4758 nondum
1428 4706 1758 4776 approbria,
1807 4717 1862 4763 et
1905 4724 2018 4764 cm-

442 4806 569 4844 num
625 4782 824 4847 veteris
894 4792 1136 4848 hominis
1199 4794 1436 4852 lavacris
1482 4798 1819 4863 abluerunt,
1868 4802 2019 4856 nullo

444 4882 604 4937 tnodo
638 4884 1012 4954 permittimus
1064 4888 1417 4943 sanctissima
1463 4890 1629 4944 verba
1662 4891 1744 4944 vel
1791 4894 2021 4947 summis

444 4972 629 5043 digitis
684 4985 1063 5044 pertractare,
1113 4993 1405 5050 quousque
1461 4981 1580 5035 sani
1638 4981 1918 5047 evadant,
1974 4993 2027 5037 et

445 5065 736 5135 aliquatde
785 5078 1183 5141 expurgentur.
1239 5070 1375 5125 Nam
1438 5072 1561 5127 ait:
1609 5091 1627 5125 ι
1671 5074 1849 5128 Nolite
1896 5074 2029 5129 dare

447 5165 695 5211 sanctum
726 5162 958 5217 cauibtts
991 5202 1005 5227 ,
1056 5178 1237 5233 neque
1284 5166 1616 5235 margaritas
1642 5166 1825 5237 porcis
1857 5165 2028 5235 proji-

447 5244 555 5297 cite
576 5246 643 5298 “.
694 5265 710 5297 t

635 5334 895 5396 CXXXV.
926 5374 997 5385 —
1028 5342 1435 5402 APHTIIONIO
1478 5345 1832 5403 MONACIIO.

516 5423 634 5480 Non
668 5436 875 5484 tantum
910 5432 1319 5504 Scripturarum
1351 5438 1517 5493 lectio
1550 5437 1604 5491 in
1639 5447 1896 5508 promptu
1927 5437 2020 5503 sit,

449 5516 542 5571 scd
577 5525 632 5571 et
661 5521 872 5587 oratio,
919 5534 972 5577 et
1010 5529 1255 5595 psalmus
1278 5572 1291 5596 ,
1336 5538 1390 5585 ct
1423 5530 1802 5596 continentia,
1837 5529 2018 5600 vigilia

517 5682 559 5714 ³⁷
601 5694 741 5751 Psal.
774 5715 954 5766 cutv,
984 5704 1037 5756 5.

2126 4534 2379 4606 λαγμὲνῳ
2404 4535 2637 4605 κηλῖδος,
2665 4535 2757 4588 καὶ
2783 4537 2875 4589 τοῦ
2907 4537 3006 4605 τῆς
3047 4536 3335 4602 ἀλαζονίας
3365 4542 3704 4610 φυσήματος,

2127 4625 2325 4695 πρέπει
2350 4625 2641 4694 ἀναζητεῖν
2701 4625 2910 4695 ὑψηλὰς
2958 4626 3193 4698 θεωρίας
3220 4645 3234 4659 '
3287 4632 3397 4692 τοῖς
3441 4630 3496 4682 δὲ
3536 4647 3706 4700 μεμο-

2123 4714 2430 4785 λυσμένοις,
2459 4715 2552 4767 καὶ
2593 4716 2759 4785 μήπω
2809 4715 3234 4786 ἀπονιψαμένοις
3279 4718 3347 4770 τά
3400 4718 3584 4788 αἴσχη,
3615 4719 3709 4770 καὶ

2121 4808 2247 4872 τοὺς
2285 4808 2506 4868 σπίλους
2534 4805 2629 4859 τοῦ
2650 4805 2882 4860 παλαιοῦ
2905 4806 3215 4877 ἀνθρώπου,
3250 4807 3481 4871 οὐδόλως
3515 4807 3708 4877 ψαύειν

2125 4898 2517 4969 συγχωροῦμεν
2620 4898 2730 4952 τῶν
2793 4900 3075 4967 παναγίων
3138 4898 3333 4966 λόγων,
3403 4900 3594 4970 μέχρις
3644 4899 3708 4953 ἂν

2126 4989 2388 5057 ὑγιάνωσί
2418 5006 2498 5054 τε,
2536 4991 2630 5043 καὶ
2658 4990 2976 5059 καθαρθῶσί
3007 5006 3159 5043 ποτε.
3195 5008 3212 5041 t
3249 4989 3341 5059 Μὴ
3386 4992 3520 5044 δῶτε
3573 4993 3703 5061 γάρ,

2125 5081 2281 5148 φησὶ,
2307 5081 2369 5134 τὸ
2397 5081 2551 5149 ἆγιον
2605 5081 2684 5153 τῷ
2718 5083 2861 5149 κυνὶ,
2890 5082 3024 5152 μηδὲ
3060 5082 3186 5145 τοὺς
3220 5084 3565 5155 μαργαρίτας
3598 5086 3708 5146 τοῖς

2126 5172 2327 5242 χοίροις
2358 5173 2725 5245 προσϐάλητε.
2767 5193 2786 5226 ι

2442 5355 2609 5412 PAE’.
2647 5384 2715 5395 -—
2752 5355 3048 5426 ΛΦΘΟΝῙῼ
3087 5354 3399 5424 ΜΟΝΑΧῼ.

2198 5444 2288 5514 Μὴ
2353 5444 2511 5513 μόνον
2556 5447 2589 5514 ὴ
2630 5445 2738 5499 τῶν
2794 5447 3026 5517 Γραφῶν
3072 5444 3331 5513 παρέστω
3382 5441 3705 5510 ἀνάγνωσις.

2130 5532 2259 5586 ἀλλὰ
2290 5534 2383 5588 καὶ
2409 5534 2560 5605 εὐχὴ,
2593 5536 2685 5588 καὶ
2715 5536 2947 5608 ψαλμδς,
2972 5537 3064 5590 καὶ
3087 5537 3405 5604 ἐγκράτεια,
3434 5532 3705 5604 ἀγρυπνία

1151 5707 1194 5737 ³⁸
1222 5708 1367 5764 Psal.
1396 5724 1583 5775 xxxrx,
1633 5711 1678 5764 ι.
1759 5712 1800 5744 ³⁹
1840 5707 1855 5762 Ι
1893 5711 2002 5780 Reg

2116 5730 2161 5779 γ,
2204 5712 2280 5768 15.
2364 5716 2406 5745 ⁶⁰
2446 5714 2582 5771 Gcn.
2631 5733 2794 5782 λιγιι,
2828 5718 2913 5773 51.
2996 5717 3038 5747 ⁸⁸
3072 5714 3260 5769 Matth.
3297 5730 3397 5778 vit,
3434 5714 3489 5769 6.
