  <div class='ocr_page' id='page_1' title='image "/cluster/home/n/w/nwhite01/storage/ocr_20150623/79/mdp.39015051890492/136.png"; bbox 0 0 4064 6160; ppageno 0'>
   <div class='ocr_carea' id='block_1_1' title="bbox 336 366 439 430">
    <p class='ocr_par' dir='ltr' id='par_1_1' title="bbox 336 366 439 430">
     <span class='ocr_line' id='line_1_1' title="bbox 336 366 439 430; baseline 0 -1"><span class='ocrx_word' id='word_1_1' title='bbox 336 366 439 430; x_wconf 73' lang='lat'><strong>257</strong></span> 
     </span>
    </p>
   </div>
   <div class='ocr_carea' id='block_1_2' title="bbox 1540 352 2375 414">
    <p class='ocr_par' dir='ltr' id='par_1_2' title="bbox 1540 352 2375 414">
     <span class='ocr_line' id='line_1_2' title="bbox 1540 352 2375 414; baseline 0.002 -3"><span class='ocrx_word' id='word_1_2' title='bbox 1540 352 2075 412; x_wconf 76' lang='lat' dir='ltr'><strong>EPISTOLARUM</strong></span> <span class='ocrx_word' id='word_1_3' title='bbox 2107 353 2250 411; x_wconf 70' lang='lat' dir='ltr'><strong>LIII.</strong></span> <span class='ocrx_word' id='word_1_4' title='bbox 2295 352 2375 414; x_wconf 91' lang='lat' dir='ltr'><strong>II.</strong></span> 
     </span>
    </p>
   </div>
   <div class='ocr_carea' id='block_1_3' title="bbox 3477 352 3584 416">
    <p class='ocr_par' dir='ltr' id='par_1_3' title="bbox 3477 352 3584 416">
     <span class='ocr_line' id='line_1_3' title="bbox 3477 352 3584 416; baseline 0.037 -4"><span class='ocrx_word' id='word_1_5' title='bbox 3477 352 3584 416; x_wconf 74' lang='lat'><strong>258</strong></span> 
     </span>
    </p>
   </div>
   <div class='ocr_carea' id='block_1_4' title="bbox 336 457 1926 544">
    <p class='ocr_par' dir='ltr' id='par_1_4' title="bbox 336 464 1920 544">
     <span class='ocr_line' id='line_1_4' title="bbox 336 464 1920 544; baseline -0.009 -13"><span class='ocrx_word' id='word_1_6' title='bbox 336 495 420 543; x_wconf 85' lang='grc' dir='ltr'><strong>τε,</strong></span> <span class='ocrx_word' id='word_1_7' title='bbox 469 475 562 529; x_wconf 73' lang='grc' dir='ltr'>καὶ</span> <span class='ocrx_word' id='word_1_8' title='bbox 600 470 888 544; x_wconf 88' lang='grc' dir='ltr'>χαμευνία,</span> <span class='ocrx_word' id='word_1_9' title='bbox 949 469 1040 522; x_wconf 75' lang='grc' dir='ltr'>καὶ</span> <span class='ocrx_word' id='word_1_10' title='bbox 1090 466 1309 539; x_wconf 74' lang='grc' dir='ltr'>ἡσυχία,</span> <span class='ocrx_word' id='word_1_11' title='bbox 1368 464 1459 518; x_wconf 63' lang='grc' dir='ltr'><strong>καὶ</strong></span> <span class='ocrx_word' id='word_1_12' title='bbox 1507 464 1569 517; x_wconf 78' lang='grc' dir='ltr'>τὺ</span> <span class='ocrx_word' id='word_1_13' title='bbox 1623 464 1783 536; x_wconf 79' lang='grc' dir='ltr'>ἔργον</span> <span class='ocrx_word' id='word_1_14' title='bbox 1812 464 1920 517; x_wconf 87' lang='grc' dir='ltr'><strong>τῶν</strong></span> 
     </span>
    </p>
   </div>
   <div class='ocr_carea' id='block_1_5' title="bbox 2026 457 3589 544">
    <p class='ocr_par' dir='ltr' id='par_1_5' title="bbox 2026 457 3589 532">
     <span class='ocr_line' id='line_1_5' title="bbox 2026 457 3589 532; baseline 0 -17"><span class='ocrx_word' id='word_1_15' title='bbox 2026 478 2274 532; x_wconf 85' lang='lat' dir='ltr'><strong>quoque,</strong></span> <span class='ocrx_word' id='word_1_16' title='bbox 2330 470 2384 516; x_wconf 81' lang='lat' dir='ltr'><strong>et</strong></span> <span class='ocrx_word' id='word_1_17' title='bbox 2419 461 2573 515; x_wconf 87' lang='lat' dir='ltr'><strong>humi</strong></span> <span class='ocrx_word' id='word_1_18' title='bbox 2607 459 2826 515; x_wconf 82' lang='lat' dir='ltr'><strong>cubatio</strong></span> <span class='ocrx_word' id='word_1_19' title='bbox 2850 500 2865 526; x_wconf 95' lang='lat'><strong>,</strong></span> <span class='ocrx_word' id='word_1_20' title='bbox 2908 465 2959 514; x_wconf 87' lang='lat' dir='ltr'><strong>et</strong></span> <span class='ocrx_word' id='word_1_21' title='bbox 2998 457 3154 529; x_wconf 84' lang='lat' dir='ltr'><strong>quies</strong></span> <span class='ocrx_word' id='word_1_22' title='bbox 3178 497 3193 524; x_wconf 88' lang='lat'><strong>,</strong></span> <span class='ocrx_word' id='word_1_23' title='bbox 3238 463 3292 516; x_wconf 90' lang='lat' dir='ltr'><strong>et</strong></span> <span class='ocrx_word' id='word_1_24' title='bbox 3324 471 3589 516; x_wconf 86' lang='lat' dir='ltr'><strong>manuum</strong></span> 
     </span>
    </p>
   </div>
   <div class='ocr_carea' id='block_1_6' title="bbox 337 564 558 636">
    <p class='ocr_par' dir='ltr' id='par_1_6' title="bbox 337 564 558 636">
     <span class='ocr_line' id='line_1_6' title="bbox 337 564 558 636; baseline -0.005 -18"><span class='ocrx_word' id='word_1_25' title='bbox 337 564 558 636; x_wconf 78' lang='grc' dir='ltr'>χειρῶν.</span> 
     </span>
    </p>
   </div>
   <div class='ocr_carea' id='block_1_7' title="bbox 657 646 1590 719">
    <p class='ocr_par' dir='ltr' id='par_1_7' title="bbox 657 646 1590 719">
     <span class='ocr_line' id='line_1_7' title="bbox 657 646 1590 719; baseline -0.008 -13"><span class='ocrx_word' id='word_1_26' title='bbox 657 654 837 719; x_wconf 73' lang='grc' dir='ltr'>ΡΛςῖν.</span> <span class='ocrx_word' id='word_1_27' title='bbox 870 679 936 689; x_wconf 91' lang='grc'><strong><em>-</em></strong></span> <span class='ocrx_word' id='word_1_28' title='bbox 969 649 1255 719; x_wconf 70' lang='grc' dir='ltr'><strong>ΕΥΣΕΙΗῼ</strong></span> <span class='ocrx_word' id='word_1_29' title='bbox 1281 646 1590 716; x_wconf 80' lang='grc' dir='ltr'><strong>ΜΟΝΑΧῼ.</strong></span> 
     </span>
    </p>
   </div>
   <div class='ocr_carea' id='block_1_8' title="bbox 407 732 1914 814">
    <p class='ocr_par' dir='ltr' id='par_1_8' title="bbox 407 732 1914 814">
     <span class='ocr_line' id='line_1_8' title="bbox 407 732 1914 814; baseline -0.008 -16"><span class='ocrx_word' id='word_1_30' title='bbox 407 747 479 799; x_wconf 84' lang='grc' dir='ltr'>Σὺ</span> <span class='ocrx_word' id='word_1_31' title='bbox 524 744 684 814; x_wconf 89' lang='grc' dir='ltr'>μόνον</span> <span class='ocrx_word' id='word_1_32' title='bbox 740 741 965 810; x_wconf 83' lang='grc' dir='ltr'><strong>θέλησον</strong></span> <span class='ocrx_word' id='word_1_33' title='bbox 1023 738 1315 809; x_wconf 78' lang='grc' dir='ltr'>ἡσυχάσαι,</span> <span class='ocrx_word' id='word_1_34' title='bbox 1376 736 1559 799; x_wconf 84' lang='grc' dir='ltr'>καθὼς</span> <span class='ocrx_word' id='word_1_35' title='bbox 1599 736 1821 788; x_wconf 82' lang='grc' dir='ltr'>ἀπαιτεῖ</span> <span class='ocrx_word' id='word_1_36' title='bbox 1853 732 1914 787; x_wconf 74' lang='grc' dir='ltr'>τὸ</span> 
     </span>
    </p>
   </div>
   <div class='ocr_carea' id='block_1_9' title="bbox 343 827 1909 908">
    <p class='ocr_par' dir='ltr' id='par_1_9' title="bbox 343 827 1909 908">
     <span class='ocr_line' id='line_1_9' title="bbox 343 827 1909 908; baseline -0.008 -18"><span class='ocrx_word' id='word_1_37' title='bbox 343 834 631 908; x_wconf 76' lang='grc' dir='ltr'>μοναχικδν</span> <span class='ocrx_word' id='word_1_38' title='bbox 684 834 939 904; x_wconf 77' lang='grc' dir='ltr'>πρᾶγμα,</span> <span class='ocrx_word' id='word_1_39' title='bbox 993 832 1088 883; x_wconf 75' lang='grc' dir='ltr'>καὶ</span> <span class='ocrx_word' id='word_1_40' title='bbox 1126 831 1155 882; x_wconf 95' lang='lat'><strong>6</strong></span> <span class='ocrx_word' id='word_1_41' title='bbox 1210 830 1342 893; x_wconf 83' lang='grc' dir='ltr'>Θεὸς</span> <span class='ocrx_word' id='word_1_42' title='bbox 1396 831 1460 882; x_wconf 82' lang='grc' dir='ltr'><strong>ἐκ</strong></span> <span class='ocrx_word' id='word_1_43' title='bbox 1513 827 1622 881; x_wconf 85' lang='grc' dir='ltr'><strong>τῶν</strong></span> <span class='ocrx_word' id='word_1_44' title='bbox 1655 827 1909 897; x_wconf 79' lang='grc' dir='ltr'><strong>δένδρων,</strong></span> 
     </span>
    </p>
   </div>
   <div class='ocr_carea' id='block_1_10' title="bbox 340 915 1915 990">
    <p class='ocr_par' dir='ltr' id='par_1_10' title="bbox 340 915 1915 990">
     <span class='ocr_line' id='line_1_10' title="bbox 340 915 1915 990; baseline -0.007 -12"><span class='ocrx_word' id='word_1_45' title='bbox 340 924 436 978; x_wconf 70' lang='grc' dir='ltr'>καὶ</span> <span class='ocrx_word' id='word_1_46' title='bbox 461 922 566 976; x_wconf 82' lang='grc' dir='ltr'><strong>τῶν</strong></span> <span class='ocrx_word' id='word_1_47' title='bbox 586 922 827 990; x_wconf 86' lang='grc' dir='ltr'>ἀνέμων,</span> <span class='ocrx_word' id='word_1_48' title='bbox 862 920 954 972; x_wconf 73' lang='grc' dir='ltr'><strong>καὶ</strong></span> <span class='ocrx_word' id='word_1_49' title='bbox 988 922 1050 972; x_wconf 86' lang='grc' dir='ltr'><strong>ἐκ</strong></span> <span class='ocrx_word' id='word_1_50' title='bbox 1082 917 1189 970; x_wconf 87' lang='grc' dir='ltr'><strong>τῶν</strong></span> <span class='ocrx_word' id='word_1_51' title='bbox 1233 918 1395 970; x_wconf 87' lang='grc' dir='ltr'>λίθων</span> <span class='ocrx_word' id='word_1_52' title='bbox 1431 917 1635 970; x_wconf 86' lang='grc' dir='ltr'>τούτων</span> <span class='ocrx_word' id='word_1_53' title='bbox 1671 915 1915 986; x_wconf 81' lang='grc' dir='ltr'><strong>ἐξεγερεῖ</strong></span> 
     </span>
    </p>
   </div>
   <div class='ocr_carea' id='block_1_11' title="bbox 342 1004 1913 1076">
    <p class='ocr_par' dir='ltr' id='par_1_11' title="bbox 342 1004 1913 1076">
     <span class='ocr_line' id='line_1_11' title="bbox 342 1004 1913 1076; baseline -0.006 -10"><span class='ocrx_word' id='word_1_54' title='bbox 342 1015 463 1075; x_wconf 83' lang='grc' dir='ltr'>τοὺς</span> <span class='ocrx_word' id='word_1_55' title='bbox 486 1009 865 1071; x_wconf 77' lang='grc' dir='ltr'>διακονοῦντάς</span> <span class='ocrx_word' id='word_1_56' title='bbox 915 1025 1019 1062; x_wconf 90' lang='grc' dir='ltr'>σοι.</span> <span class='ocrx_word' id='word_1_57' title='bbox 1062 1008 1223 1061; x_wconf 79' lang='grc' dir='ltr'>Ἀλλά</span> <span class='ocrx_word' id='word_1_58' title='bbox 1252 1007 1454 1076; x_wconf 78' lang='grc' dir='ltr'>βλέπω,</span> <span class='ocrx_word' id='word_1_59' title='bbox 1496 1007 1578 1059; x_wconf 82' lang='grc' dir='ltr'>ὅτι</span> <span class='ocrx_word' id='word_1_60' title='bbox 1628 1006 1689 1057; x_wconf 76' lang='grc' dir='ltr'><strong>οὐ</strong></span> <span class='ocrx_word' id='word_1_61' title='bbox 1737 1004 1913 1068; x_wconf 81' lang='grc' dir='ltr'><strong>Θέλεις</strong></span> 
     </span>
    </p>
   </div>
   <div class='ocr_carea' id='block_1_12' title="bbox 346 1095 1909 1171">
    <p class='ocr_par' dir='ltr' id='par_1_12' title="bbox 346 1095 1909 1171">
     <span class='ocr_line' id='line_1_12' title="bbox 346 1095 1909 1171; baseline -0.004 -16"><span class='ocrx_word' id='word_1_62' title='bbox 346 1100 616 1163; x_wconf 78' lang='grc' dir='ltr'><strong>παντελῶς</strong></span> <span class='ocrx_word' id='word_1_63' title='bbox 663 1100 960 1171; x_wconf 74' lang='grc' dir='ltr'>ἠρεμῆσαι,</span> <span class='ocrx_word' id='word_1_64' title='bbox 1014 1098 1189 1167; x_wconf 75' lang='grc' dir='ltr'>κακὴν</span> <span class='ocrx_word' id='word_1_65' title='bbox 1233 1098 1339 1167; x_wconf 78' lang='grc' dir='ltr'><strong>γὰρ</strong></span> <span class='ocrx_word' id='word_1_66' title='bbox 1368 1096 1655 1166; x_wconf 83' lang='grc' dir='ltr'>συνήθειαν</span> <span class='ocrx_word' id='word_1_67' title='bbox 1699 1095 1909 1160; x_wconf 72' lang='grc' dir='ltr'>ἔλαϐες,</span> 
     </span>
    </p>
   </div>
   <div class='ocr_carea' id='block_1_13' title="bbox 348 1188 1910 1259">
    <p class='ocr_par' dir='ltr' id='par_1_13' title="bbox 348 1188 1910 1259">
     <span class='ocr_line' id='line_1_13' title="bbox 348 1188 1910 1259; baseline -0.004 -15"><span class='ocrx_word' id='word_1_68' title='bbox 348 1192 517 1247; x_wconf 79' lang='grc' dir='ltr'>πάντα</span> <span class='ocrx_word' id='word_1_69' title='bbox 542 1191 727 1252; x_wconf 80' lang='grc' dir='ltr'>τόπον,</span> <span class='ocrx_word' id='word_1_70' title='bbox 753 1191 846 1243; x_wconf 74' lang='grc' dir='ltr'>καὶ</span> <span class='ocrx_word' id='word_1_71' title='bbox 886 1192 1067 1243; x_wconf 74' lang='grc' dir='ltr'>πᾶσαν</span> <span class='ocrx_word' id='word_1_72' title='bbox 1100 1188 1305 1259; x_wconf 80' lang='grc' dir='ltr'>χώραν,</span> <span class='ocrx_word' id='word_1_73' title='bbox 1333 1189 1427 1241; x_wconf 76' lang='grc' dir='ltr'>καὶ</span> <span class='ocrx_word' id='word_1_74' title='bbox 1487 1191 1668 1242; x_wconf 79' lang='grc' dir='ltr'>πᾶσαν</span> <span class='ocrx_word' id='word_1_75' title='bbox 1696 1189 1910 1259; x_wconf 72' lang='grc' dir='ltr'>κώμην,</span> 
     </span>
    </p>
   </div>
   <div class='ocr_carea' id='block_1_14' title="bbox 345 1278 1372 1348">
    <p class='ocr_par' dir='ltr' id='par_1_14' title="bbox 345 1278 1372 1348">
     <span class='ocr_line' id='line_1_14' title="bbox 345 1278 1372 1348; baseline -0.004 -13"><span class='ocrx_word' id='word_1_76' title='bbox 345 1283 435 1335; x_wconf 78' lang='grc' dir='ltr'>καὶ</span> <span class='ocrx_word' id='word_1_77' title='bbox 466 1281 639 1343; x_wconf 86' lang='grc' dir='ltr'>πόλιν,</span> <span class='ocrx_word' id='word_1_78' title='bbox 667 1281 761 1333; x_wconf 74' lang='grc' dir='ltr'><strong>καὶ</strong></span> <span class='ocrx_word' id='word_1_79' title='bbox 800 1279 995 1347; x_wconf 75' lang='grc' dir='ltr'>ἀγυιὰν</span> <span class='ocrx_word' id='word_1_80' title='bbox 1020 1278 1372 1348; x_wconf 78' lang='grc' dir='ltr'><strong>περινοστῶν.</strong></span> 
     </span>
    </p>
   </div>
   <div class='ocr_carea' id='block_1_15' title="bbox 637 1367 1613 1438">
    <p class='ocr_par' dir='ltr' id='par_1_15' title="bbox 637 1367 1613 1438">
     <span class='ocr_line' id='line_1_15' title="bbox 637 1367 1613 1438; baseline -0.003 -16"><span class='ocrx_word' id='word_1_81' title='bbox 637 1370 808 1422; x_wconf 88' lang='grc' dir='ltr'><strong>ΡΛΖ¹.</strong></span> <span class='ocrx_word' id='word_1_82' title='bbox 840 1398 911 1408; x_wconf 82' lang='lat'><strong>——-</strong></span> <span class='ocrx_word' id='word_1_83' title='bbox 949 1367 1264 1436; x_wconf 78' lang='grc' dir='ltr'><strong>ΕΥΦΗΜΙῼ</strong></span> <span class='ocrx_word' id='word_1_84' title='bbox 1302 1368 1613 1438; x_wconf 81' lang='grc' dir='ltr'><strong>ΜΟΝΑΧῼ.</strong></span> 
     </span>
    </p>
   </div>
   <div class='ocr_carea' id='block_1_16' title="bbox 414 1459 1914 1533">
    <p class='ocr_par' dir='ltr' id='par_1_16' title="bbox 414 1459 1914 1533">
     <span class='ocr_line' id='line_1_16' title="bbox 414 1459 1914 1533; baseline -0.003 -17"><span class='ocrx_word' id='word_1_85' title='bbox 414 1463 478 1516; x_wconf 88' lang='grc' dir='ltr'>Τί</span> <span class='ocrx_word' id='word_1_86' title='bbox 504 1462 613 1533; x_wconf 81' lang='grc' dir='ltr'><strong>γάρ</strong></span> <span class='ocrx_word' id='word_1_87' title='bbox 645 1462 710 1531; x_wconf 80' lang='grc' dir='ltr'>δὴ</span> <span class='ocrx_word' id='word_1_88' title='bbox 754 1459 1160 1531; x_wconf 78' lang='grc' dir='ltr'><strong>προσεδόκησας</strong></span> <span class='ocrx_word' id='word_1_89' title='bbox 1193 1459 1624 1531; x_wconf 76' lang='grc' dir='ltr'><strong>προαιρούμενος</strong></span> <span class='ocrx_word' id='word_1_90' title='bbox 1645 1460 1744 1531; x_wconf 81' lang='grc' dir='ltr'><strong>τὴν</strong></span> <span class='ocrx_word' id='word_1_91' title='bbox 1781 1461 1914 1531; x_wconf 77' lang='grc' dir='ltr'>ἡσυ-</span> 
     </span>
    </p>
   </div>
   <div class='ocr_carea' id='block_1_17' title="bbox 345 1549 1913 1626">
    <p class='ocr_par' dir='ltr' id='par_1_17' title="bbox 345 1549 1913 1626">
     <span class='ocr_line' id='line_1_17' title="bbox 345 1549 1913 1626; baseline -0.004 -17"><span class='ocrx_word' id='word_1_92' title='bbox 345 1556 490 1626; x_wconf 88' lang='grc' dir='ltr'>χίαν,</span> <span class='ocrx_word' id='word_1_93' title='bbox 517 1554 612 1607; x_wconf 76' lang='grc' dir='ltr'>καὶ</span> <span class='ocrx_word' id='word_1_94' title='bbox 681 1553 780 1622; x_wconf 83' lang='grc' dir='ltr'>τὴν</span> <span class='ocrx_word' id='word_1_95' title='bbox 831 1549 1215 1623; x_wconf 72' lang='grc' dir='ltr'>ἀναχώρησιν;</span> <span class='ocrx_word' id='word_1_96' title='bbox 1286 1550 1509 1614; x_wconf 78' lang='grc' dir='ltr'><strong>Πάντως</strong></span> <span class='ocrx_word' id='word_1_97' title='bbox 1557 1550 1783 1620; x_wconf 73' lang='grc' dir='ltr'>θλίψεις,</span> <span class='ocrx_word' id='word_1_98' title='bbox 1819 1551 1913 1603; x_wconf 73' lang='grc' dir='ltr'>καὶ</span> 
     </span>
    </p>
   </div>
   <div class='ocr_carea' id='block_1_18' title="bbox 348 1643 1913 1721">
    <p class='ocr_par' dir='ltr' id='par_1_18' title="bbox 348 1643 1913 1721">
     <span class='ocr_line' id='line_1_18' title="bbox 348 1643 1913 1721; baseline -0.006 -18"><span class='ocrx_word' id='word_1_99' title='bbox 348 1648 705 1721; x_wconf 58' lang='grc' dir='ltr'>τςειρασμοῦς,</span> <span class='ocrx_word' id='word_1_100' title='bbox 790 1647 884 1700; x_wconf 79' lang='grc' dir='ltr'>καὶ</span> <span class='ocrx_word' id='word_1_101' title='bbox 934 1645 1185 1716; x_wconf 83' lang='grc' dir='ltr'>χαλεπῶν</span> <span class='ocrx_word' id='word_1_102' title='bbox 1242 1643 1507 1713; x_wconf 79' lang='grc' dir='ltr'>δαιμόνων</span> <span class='ocrx_word' id='word_1_103' title='bbox 1561 1644 1660 1707; x_wconf 83' lang='grc' dir='ltr'>τὰς</span> <span class='ocrx_word' id='word_1_104' title='bbox 1716 1643 1913 1713; x_wconf 90' lang='grc' dir='ltr'>μυρίας</span> 
     </span>
    </p>
   </div>
   <div class='ocr_carea' id='block_1_19' title="bbox 349 1729 1912 1809">
    <p class='ocr_par' dir='ltr' id='par_1_19' title="bbox 349 1729 1912 1809">
     <span class='ocr_line' id='line_1_19' title="bbox 349 1729 1912 1809; baseline -0.004 -17"><span class='ocrx_word' id='word_1_105' title='bbox 349 1737 746 1809; x_wconf 79' lang='grc' dir='ltr'><strong>προσπτώσεις,</strong></span> <span class='ocrx_word' id='word_1_106' title='bbox 765 1737 858 1790; x_wconf 72' lang='grc' dir='ltr'><strong>καὶ</strong></span> <span class='ocrx_word' id='word_1_107' title='bbox 889 1736 1100 1807; x_wconf 90' lang='grc' dir='ltr'>λόχους,</span> <span class='ocrx_word' id='word_1_108' title='bbox 1131 1734 1225 1789; x_wconf 71' lang='grc' dir='ltr'><strong>καὶ</strong></span> <span class='ocrx_word' id='word_1_109' title='bbox 1255 1734 1521 1806; x_wconf 81' lang='grc' dir='ltr'>μηχανάς.</span> <span class='ocrx_word' id='word_1_110' title='bbox 1550 1734 1673 1797; x_wconf 85' lang='grc' dir='ltr'><strong>Πῶς</strong></span> <span class='ocrx_word' id='word_1_111' title='bbox 1707 1729 1797 1787; x_wconf 77' lang='grc' dir='ltr'>οὖν</span> <span class='ocrx_word' id='word_1_112' title='bbox 1818 1733 1912 1786; x_wconf 83' lang='grc' dir='ltr'><strong>νῦν</strong></span> 
     </span>
    </p>
   </div>
   <div class='ocr_carea' id='block_1_20' title="bbox 347 1824 1912 1898">
    <p class='ocr_par' dir='ltr' id='par_1_20' title="bbox 347 1824 1912 1898">
     <span class='ocr_line' id='line_1_20' title="bbox 347 1824 1912 1898; baseline -0.004 -15"><span class='ocrx_word' id='word_1_113' title='bbox 347 1830 780 1898; x_wconf 55' lang='grc' dir='ltr'>δυσανασχετεὶξ,</span> <span class='ocrx_word' id='word_1_114' title='bbox 796 1828 888 1880; x_wconf 75' lang='grc' dir='ltr'>καὶ</span> <span class='ocrx_word' id='word_1_115' title='bbox 900 1824 1285 1897; x_wconf 85' lang='grc' dir='ltr'>δυσχεραίνεις,</span> <span class='ocrx_word' id='word_1_116' title='bbox 1303 1825 1396 1878; x_wconf 78' lang='grc' dir='ltr'><strong>καὶ</strong></span> <span class='ocrx_word' id='word_1_117' title='bbox 1408 1824 1591 1888; x_wconf 85' lang='grc' dir='ltr'>ἀλύεις</span> <span class='ocrx_word' id='word_1_118' title='bbox 1620 1825 1807 1878; x_wconf 86' lang='grc' dir='ltr'>κεντού</span> <span class='ocrx_word' id='word_1_119' title='bbox 1815 1842 1881 1895; x_wconf 89' lang='grc' dir='ltr'><strong>με</strong></span> <span class='ocrx_word' id='word_1_120' title='bbox 1890 1853 1912 1866; x_wconf 82' lang='grc' dir='ltr'><strong>ο</strong></span> 
     </span>
    </p>
   </div>
   <div class='ocr_carea' id='block_1_21' title="bbox 349 1898 1917 1986">
    <p class='ocr_par' dir='ltr' id='par_1_21' title="bbox 349 1898 1917 1986">
     <span class='ocr_line' id='line_1_21' title="bbox 349 1898 1917 1986; baseline -0.003 -15"><span class='ocrx_word' id='word_1_121' title='bbox 349 1936 437 1982; x_wconf 88' lang='grc' dir='ltr'><strong>νος</strong></span> <span class='ocrx_word' id='word_1_122' title='bbox 469 1917 727 1980; x_wconf 79' lang='grc' dir='ltr'>ποικίλως</span> <span class='ocrx_word' id='word_1_123' title='bbox 754 1919 874 1979; x_wconf 85' lang='grc' dir='ltr'>ταῖς</span> <span class='ocrx_word' id='word_1_124' title='bbox 897 1916 1002 1970; x_wconf 88' lang='grc' dir='ltr'><strong>τῶν</strong></span> <span class='ocrx_word' id='word_1_125' title='bbox 1024 1898 1363 1986; x_wconf 65' lang='grc' dir='ltr'>πειρασμῶν</span> <span class='ocrx_word' id='word_1_126' title='bbox 1408 1915 1653 1985; x_wconf 79' lang='grc' dir='ltr'>λόγχαις,</span> <span class='ocrx_word' id='word_1_127' title='bbox 1688 1916 1780 1968; x_wconf 75' lang='grc' dir='ltr'><strong>καὶ</strong></span> <span class='ocrx_word' id='word_1_128' title='bbox 1804 1917 1917 1978; x_wconf 84' lang='grc' dir='ltr'>τοῖς</span> 
     </span>
    </p>
   </div>
   <div class='ocr_carea' id='block_1_22' title="bbox 348 2005 1920 2080">
    <p class='ocr_par' dir='ltr' id='par_1_22' title="bbox 348 2005 1920 2080">
     <span class='ocr_line' id='line_1_22' title="bbox 348 2005 1920 2080; baseline 0.001 -18"><span class='ocrx_word' id='word_1_129' title='bbox 348 2009 787 2079; x_wconf 81' lang='grc' dir='ltr'>πριστηροειδέσι</span> <span class='ocrx_word' id='word_1_130' title='bbox 820 2010 1034 2080; x_wconf 83' lang='grc' dir='ltr'>τροχοῖς</span> <span class='ocrx_word' id='word_1_131' title='bbox 1088 2006 1187 2077; x_wconf 83' lang='grc' dir='ltr'>τῆς</span> <span class='ocrx_word' id='word_1_132' title='bbox 1228 2006 1337 2058; x_wconf 84' lang='grc' dir='ltr'><strong>τῶν</strong></span> <span class='ocrx_word' id='word_1_133' title='bbox 1384 2007 1651 2076; x_wconf 80' lang='grc' dir='ltr'><strong>δαιμόνων</strong></span> <span class='ocrx_word' id='word_1_134' title='bbox 1702 2005 1920 2078; x_wconf 81' lang='grc' dir='ltr'>ἁμάξης</span> 
     </span>
    </p>
   </div>
   <div class='ocr_carea' id='block_1_23' title="bbox 345 2096 1920 2171">
    <p class='ocr_par' dir='ltr' id='par_1_23' title="bbox 345 2096 1920 2171">
     <span class='ocr_line' id='line_1_23' title="bbox 345 2096 1920 2171; baseline 0.001 -20"><span class='ocrx_word' id='word_1_135' title='bbox 345 2099 446 2171; x_wconf 78' lang='grc' dir='ltr'>τὴν</span> <span class='ocrx_word' id='word_1_136' title='bbox 476 2098 677 2153; x_wconf 77' lang='grc' dir='ltr'><strong>σαυτοῦ</strong></span> <span class='ocrx_word' id='word_1_137' title='bbox 744 2099 945 2170; x_wconf 80' lang='grc' dir='ltr'>ψυχὴν,</span> <span class='ocrx_word' id='word_1_138' title='bbox 997 2096 1303 2164; x_wconf 83' lang='grc' dir='ltr'>ἀλοὼμενος</span> <span class='ocrx_word' id='word_1_139' title='bbox 1341 2099 1614 2169; x_wconf 75' lang='grc' dir='ltr'>τμήμασι,</span> <span class='ocrx_word' id='word_1_140' title='bbox 1645 2101 1739 2153; x_wconf 71' lang='grc' dir='ltr'>καὶ</span> <span class='ocrx_word' id='word_1_141' title='bbox 1764 2101 1920 2171; x_wconf 80' lang='grc' dir='ltr'>δίκην</span> 
     </span>
    </p>
   </div>
   <div class='ocr_carea' id='block_1_24' title="bbox 344 2191 1921 2263">
    <p class='ocr_par' dir='ltr' id='par_1_24' title="bbox 344 2191 1921 2263">
     <span class='ocr_line' id='line_1_24' title="bbox 344 2191 1921 2263; baseline 0 -18"><span class='ocrx_word' id='word_1_142' title='bbox 344 2191 555 2263; x_wconf 79' lang='grc' dir='ltr'>ἀχύρου</span> <span class='ocrx_word' id='word_1_143' title='bbox 607 2192 989 2262; x_wconf 84' lang='grc' dir='ltr'>κοπτόμενος;</span> <span class='ocrx_word' id='word_1_144' title='bbox 1034 2192 1176 2246; x_wconf 83' lang='grc' dir='ltr'><strong>Ἀλλ’</strong></span> <span class='ocrx_word' id='word_1_145' title='bbox 1229 2191 1517 2263; x_wconf 82' lang='grc' dir='ltr'>ὑπόμεινον</span> <span class='ocrx_word' id='word_1_146' title='bbox 1569 2191 1921 2263; x_wconf 69' lang='grc' dir='ltr'>εὐχαρίστως,</span> 
     </span>
    </p>
   </div>
   <div class='ocr_carea' id='block_1_25' title="bbox 344 2282 1924 2355">
    <p class='ocr_par' dir='ltr' id='par_1_25' title="bbox 344 2282 1924 2355">
     <span class='ocr_line' id='line_1_25' title="bbox 344 2282 1924 2355; baseline -0.003 -19"><span class='ocrx_word' id='word_1_147' title='bbox 344 2285 444 2336; x_wconf 77' lang='grc' dir='ltr'>καὶ</span> <span class='ocrx_word' id='word_1_148' title='bbox 487 2284 879 2355; x_wconf 79' lang='grc' dir='ltr'>μακροθύμως,</span> <span class='ocrx_word' id='word_1_149' title='bbox 950 2285 1262 2355; x_wconf 83' lang='grc' dir='ltr'>φρονήματι</span> <span class='ocrx_word' id='word_1_150' title='bbox 1302 2283 1539 2354; x_wconf 81' lang='grc' dir='ltr'>σοϐαρῷ,</span> <span class='ocrx_word' id='word_1_151' title='bbox 1602 2282 1694 2335; x_wconf 78' lang='grc' dir='ltr'>καὶ</span> <span class='ocrx_word' id='word_1_152' title='bbox 1748 2282 1924 2352; x_wconf 78' lang='grc' dir='ltr'>ἱκεσίᾳ</span> 
     </span>
    </p>
   </div>
   <div class='ocr_carea' id='block_1_26' title="bbox 342 2374 1923 2446">
    <p class='ocr_par' dir='ltr' id='par_1_26' title="bbox 342 2374 1923 2446">
     <span class='ocr_line' id='line_1_26' title="bbox 342 2374 1923 2446; baseline -0.001 -19"><span class='ocrx_word' id='word_1_153' title='bbox 342 2379 553 2446; x_wconf 81' lang='grc' dir='ltr'>πυκνῇ,</span> <span class='ocrx_word' id='word_1_154' title='bbox 590 2376 686 2428; x_wconf 71' lang='grc' dir='ltr'>καὶ</span> <span class='ocrx_word' id='word_1_155' title='bbox 716 2376 991 2446; x_wconf 74' lang='grc' dir='ltr'>ἀγρυπνίᾳ</span> <span class='ocrx_word' id='word_1_156' title='bbox 1041 2376 1263 2446; x_wconf 79' lang='grc' dir='ltr'>εὐτόνῳ,</span> <span class='ocrx_word' id='word_1_157' title='bbox 1315 2376 1407 2428; x_wconf 77' lang='grc' dir='ltr'><strong>καὶ</strong></span> <span class='ocrx_word' id='word_1_158' title='bbox 1449 2374 1743 2445; x_wconf 75' lang='grc' dir='ltr'>ἐγκρατείᾳ</span> <span class='ocrx_word' id='word_1_159' title='bbox 1786 2374 1923 2444; x_wconf 80' lang='grc' dir='ltr'>καλῇ</span> 
     </span>
    </p>
   </div>
   <div class='ocr_carea' id='block_1_27' title="bbox 342 2463 1921 2536">
    <p class='ocr_par' dir='ltr' id='par_1_27' title="bbox 342 2463 1921 2536">
     <span class='ocr_line' id='line_1_27' title="bbox 342 2463 1921 2536; baseline 0.001 -18"><span class='ocrx_word' id='word_1_160' title='bbox 342 2464 834 2535; x_wconf 84' lang='grc' dir='ltr'>προσπαραμένων</span> <span class='ocrx_word' id='word_1_161' title='bbox 879 2464 959 2535; x_wconf 80' lang='grc' dir='ltr'>τῷ</span> <span class='ocrx_word' id='word_1_162' title='bbox 989 2464 1291 2536; x_wconf 83' lang='grc' dir='ltr'>Κρείττονι,</span> <span class='ocrx_word' id='word_1_163' title='bbox 1332 2466 1427 2519; x_wconf 76' lang='grc' dir='ltr'><strong>καὶ</strong></span> <span class='ocrx_word' id='word_1_164' title='bbox 1452 2465 1620 2535; x_wconf 75' lang='grc' dir='ltr'>θεάσῃ</span> <span class='ocrx_word' id='word_1_165' title='bbox 1664 2464 1723 2517; x_wconf 87' lang='grc' dir='ltr'><strong>τὸ</strong></span> <span class='ocrx_word' id='word_1_166' title='bbox 1750 2463 1921 2526; x_wconf 82' lang='grc' dir='ltr'>τέλος.</span> 
     </span>
    </p>
   </div>
   <div class='ocr_carea' id='block_1_28' title="bbox 844 2643 1446 2710">
    <p class='ocr_par' dir='ltr' id='par_1_28' title="bbox 844 2643 1446 2710">
     <span class='ocr_line' id='line_1_28' title="bbox 844 2643 1446 2710; baseline 0.003 -12"><span class='ocrx_word' id='word_1_167' title='bbox 844 2646 1017 2699; x_wconf 85' lang='lat' dir='ltr'><strong>PAH&#39;.</strong></span> <span class='ocrx_word' id='word_1_168' title='bbox 1058 2675 1124 2686; x_wconf 87' lang='lat'><strong>-—</strong></span> <span class='ocrx_word' id='word_1_169' title='bbox 1160 2643 1240 2710; x_wconf 84' lang='grc' dir='ltr'><strong>Τῷ</strong></span> <span class='ocrx_word' id='word_1_170' title='bbox 1267 2645 1446 2710; x_wconf 82' lang='grc' dir='ltr'>αὐτῷ.</span> 
     </span>
    </p>
   </div>
   <div class='ocr_carea' id='block_1_29' title="bbox 419 2734 1921 2806">
    <p class='ocr_par' dir='ltr' id='par_1_29' title="bbox 419 2734 1921 2806">
     <span class='ocr_line' id='line_1_29' title="bbox 419 2734 1921 2806; baseline 0.001 -19"><span class='ocrx_word' id='word_1_171' title='bbox 419 2734 499 2787; x_wconf 86' lang='grc' dir='ltr'>Τδ</span> <span class='ocrx_word' id='word_1_172' title='bbox 553 2734 657 2805; x_wconf 86' lang='grc' dir='ltr'>μὲν</span> <span class='ocrx_word' id='word_1_173' title='bbox 690 2735 845 2799; x_wconf 89' lang='grc' dir='ltr'>τέλος</span> <span class='ocrx_word' id='word_1_174' title='bbox 901 2734 1009 2788; x_wconf 88' lang='grc' dir='ltr'><strong>τῶν</strong></span> <span class='ocrx_word' id='word_1_175' title='bbox 1061 2735 1476 2805; x_wconf 75' lang='grc' dir='ltr'>ἀγωνιζομένων</span> <span class='ocrx_word' id='word_1_176' title='bbox 1522 2735 1612 2789; x_wconf 83' lang='grc' dir='ltr'><strong>διὰ</strong></span> <span class='ocrx_word' id='word_1_177' title='bbox 1663 2734 1921 2806; x_wconf 79' lang='grc' dir='ltr'>Χριστοῦ,</span> 
     </span>
    </p>
   </div>
   <div class='ocr_carea' id='block_1_30' title="bbox 348 2826 1925 2897">
    <p class='ocr_par' dir='ltr' id='par_1_30' title="bbox 348 2826 1925 2897">
     <span class='ocr_line' id='line_1_30' title="bbox 348 2826 1925 2897; baseline 0 -17"><span class='ocrx_word' id='word_1_178' title='bbox 348 2827 593 2897; x_wconf 88' lang='grc' dir='ltr'>σωτηρία</span> <span class='ocrx_word' id='word_1_179' title='bbox 628 2827 882 2896; x_wconf 80' lang='grc' dir='ltr'>ὑπάρχει,</span> <span class='ocrx_word' id='word_1_180' title='bbox 912 2827 972 2879; x_wconf 78' lang='grc' dir='ltr'><strong>τὸ</strong></span> <span class='ocrx_word' id='word_1_181' title='bbox 999 2826 1054 2878; x_wconf 86' lang='grc' dir='ltr'>δὲ</span> <span class='ocrx_word' id='word_1_182' title='bbox 1080 2827 1229 2891; x_wconf 81' lang='grc' dir='ltr'>τέλος</span> <span class='ocrx_word' id='word_1_183' title='bbox 1249 2826 1356 2880; x_wconf 90' lang='grc' dir='ltr'><strong>τῶν</strong></span> <span class='ocrx_word' id='word_1_184' title='bbox 1384 2827 1653 2896; x_wconf 79' lang='grc' dir='ltr'>δαιμόνων</span> <span class='ocrx_word' id='word_1_185' title='bbox 1676 2826 1925 2880; x_wconf 83' lang='grc' dir='ltr'>ἀπώλεια</span> 
     </span>
    </p>
   </div>
   <div class='ocr_carea' id='block_1_31' title="bbox 296 2915 1926 2986">
    <p class='ocr_par' dir='ltr' id='par_1_31' title="bbox 296 2915 1926 2986">
     <span class='ocr_line' id='line_1_31' title="bbox 296 2915 1926 2986; baseline -0.001 -16"><span class='ocrx_word' id='word_1_186' title='bbox 296 2961 319 2978; x_wconf 86' lang='grc'><strong>.</strong></span> <span class='ocrx_word' id='word_1_187' title='bbox 350 2916 592 2986; x_wconf 85' lang='grc' dir='ltr'>χαλεπή.</span> <span class='ocrx_word' id='word_1_188' title='bbox 628 2915 760 2968; x_wconf 85' lang='grc' dir='ltr'>Τότε</span> <span class='ocrx_word' id='word_1_189' title='bbox 819 2915 919 2986; x_wconf 76' lang='grc' dir='ltr'>γὰρ</span> <span class='ocrx_word' id='word_1_190' title='bbox 960 2915 1384 2986; x_wconf 81' lang='grc' dir='ltr'>κεντηθήσονται</span> <span class='ocrx_word' id='word_1_191' title='bbox 1421 2917 1471 2969; x_wconf 84' lang='grc' dir='ltr'>οἱ</span> <span class='ocrx_word' id='word_1_192' title='bbox 1520 2915 1836 2979; x_wconf 81' lang='grc' dir='ltr'>κεντοῦντές</span> <span class='ocrx_word' id='word_1_193' title='bbox 1867 2934 1926 2969; x_wconf 85' lang='grc' dir='ltr'><strong>σε</strong></span> 
     </span>
    </p>
   </div>
   <div class='ocr_carea' id='block_1_32' title="bbox 345 3004 1928 3075">
    <p class='ocr_par' dir='ltr' id='par_1_32' title="bbox 345 3004 1928 3075">
     <span class='ocr_line' id='line_1_32' title="bbox 345 3004 1928 3075; baseline -0.003 -14"><span class='ocrx_word' id='word_1_194' title='bbox 345 3006 471 3071; x_wconf 80' lang='grc' dir='ltr'>νῦν,</span> <span class='ocrx_word' id='word_1_195' title='bbox 502 3006 595 3059; x_wconf 74' lang='grc' dir='ltr'>καὶ</span> <span class='ocrx_word' id='word_1_196' title='bbox 624 3006 1033 3075; x_wconf 81' lang='grc' dir='ltr'>καταπατήσεις</span> <span class='ocrx_word' id='word_1_197' title='bbox 1077 3004 1295 3070; x_wconf 80' lang='grc' dir='ltr'>αὐτοὺς,</span> <span class='ocrx_word' id='word_1_198' title='bbox 1350 3004 1446 3058; x_wconf 77' lang='grc' dir='ltr'><strong>καὶ</strong></span> <span class='ocrx_word' id='word_1_199' title='bbox 1492 3004 1704 3059; x_wconf 76' lang='grc' dir='ltr'>ἔσονται</span> <span class='ocrx_word' id='word_1_200' title='bbox 1734 3006 1928 3069; x_wconf 74' lang='grc' dir='ltr'>σποδὸς</span> 
     </span>
    </p>
   </div>
   <div class='ocr_carea' id='block_1_33' title="bbox 2016 552 2290 620">
    <p class='ocr_par' dir='ltr' id='par_1_33' title="bbox 2016 552 2290 620">
     <span class='ocr_line' id='line_1_33' title="bbox 2016 552 2290 620; baseline -0.004 -16"><span class='ocrx_word' id='word_1_201' title='bbox 2016 552 2290 620; x_wconf 85' lang='lat' dir='ltr'><strong>Operatio.</strong></span> 
     </span>
    </p>
   </div>
   <div class='ocr_carea' id='block_1_34' title="bbox 2252 633 3349 693">
    <p class='ocr_par' dir='ltr' id='par_1_34' title="bbox 2252 633 3349 693">
     <span class='ocr_line' id='line_1_34' title="bbox 2252 633 3349 693; baseline -0.002 -1"><span class='ocrx_word' id='word_1_202' title='bbox 2252 637 2536 693; x_wconf 78' lang='lat' dir='ltr'><strong>CXXXVI.</strong></span> <span class='ocrx_word' id='word_1_203' title='bbox 2569 667 2636 679; x_wconf 92' lang='lat'><strong>——</strong></span> <span class='ocrx_word' id='word_1_204' title='bbox 2662 635 2956 691; x_wconf 83' lang='lat' dir='ltr'><strong>EUSEBIO</strong></span> <span class='ocrx_word' id='word_1_205' title='bbox 2993 633 3349 691; x_wconf 78' lang='lat' dir='ltr'><strong>MONACHO.</strong></span> 
     </span>
    </p>
   </div>
   <div class='ocr_carea' id='block_1_35' title="bbox 2103 726 3588 797">
    <p class='ocr_par' dir='ltr' id='par_1_35' title="bbox 2103 726 3588 797">
     <span class='ocr_line' id='line_1_35' title="bbox 2103 726 3588 797; baseline -0.001 -14"><span class='ocrx_word' id='word_1_206' title='bbox 2103 729 2179 783; x_wconf 88' lang='lat' dir='ltr'><strong>Te</strong></span> <span class='ocrx_word' id='word_1_207' title='bbox 2228 730 2607 784; x_wconf 87' lang='lat' dir='ltr'><strong>tantummodo</strong></span> <span class='ocrx_word' id='word_1_208' title='bbox 2653 728 2837 797; x_wconf 64' lang='grc' dir='ltr'><strong>(ιυίειὶκ</strong></span> <span class='ocrx_word' id='word_1_209' title='bbox 2863 728 3038 783; x_wconf 88' lang='lat' dir='ltr'><strong>libens</strong></span> <span class='ocrx_word' id='word_1_210' title='bbox 3084 726 3251 792; x_wconf 84' lang='lat' dir='ltr'><strong>dato,</strong></span> <span class='ocrx_word' id='word_1_211' title='bbox 3290 734 3351 780; x_wconf 91' lang='lat' dir='ltr'><strong>ut</strong></span> <span class='ocrx_word' id='word_1_212' title='bbox 3402 742 3588 783; x_wconf 87' lang='lat' dir='ltr'><strong>mona-</strong></span> 
     </span>
    </p>
   </div>
   <div class='ocr_carea' id='block_1_36' title="bbox 2014 818 3588 889">
    <p class='ocr_par' dir='ltr' id='par_1_36' title="bbox 2014 818 3588 889">
     <span class='ocr_line' id='line_1_36' title="bbox 2014 818 3588 889; baseline -0.001 -14"><span class='ocrx_word' id='word_1_213' title='bbox 2014 820 2244 875; x_wconf 85' lang='lat' dir='ltr'><strong>chorum</strong></span> <span class='ocrx_word' id='word_1_214' title='bbox 2273 821 2581 875; x_wconf 87' lang='lat' dir='ltr'><strong>institutum</strong></span> <span class='ocrx_word' id='word_1_215' title='bbox 2614 820 2897 889; x_wconf 83' lang='lat' dir='ltr'><strong>exposcit,</strong></span> <span class='ocrx_word' id='word_1_216' title='bbox 2924 828 2978 874; x_wconf 90' lang='lat' dir='ltr'><strong>et</strong></span> <span class='ocrx_word' id='word_1_217' title='bbox 2998 818 3141 874; x_wconf 89' lang='lat' dir='ltr'><strong>Deus</strong></span> <span class='ocrx_word' id='word_1_218' title='bbox 3169 834 3235 873; x_wconf 80' lang='lat' dir='ltr'><strong>ex</strong></span> <span class='ocrx_word' id='word_1_219' title='bbox 3259 819 3588 885; x_wconf 75' lang='lat' dir='ltr'><strong>arboribus,</strong></span> 
     </span>
    </p>
   </div>
   <div class='ocr_carea' id='block_1_37' title="bbox 2013 908 3591 982">
    <p class='ocr_par' dir='ltr' id='par_1_37' title="bbox 2013 908 3591 982">
     <span class='ocr_line' id='line_1_37' title="bbox 2013 908 3591 982; baseline -0.002 -17"><span class='ocrx_word' id='word_1_220' title='bbox 2013 920 2069 965; x_wconf 92' lang='lat' dir='ltr'><strong>et</strong></span> <span class='ocrx_word' id='word_1_221' title='bbox 2113 910 2327 974; x_wconf 86' lang='lat' dir='ltr'><strong>ventis,</strong></span> <span class='ocrx_word' id='word_1_222' title='bbox 2370 918 2425 965; x_wconf 93' lang='lat' dir='ltr'><strong>et</strong></span> <span class='ocrx_word' id='word_1_223' title='bbox 2459 909 2741 982; x_wconf 87' lang='lat' dir='ltr'><strong>lapidibus</strong></span> <span class='ocrx_word' id='word_1_224' title='bbox 2787 909 2888 963; x_wconf 86' lang='lat' dir='ltr'><strong>tibi</strong></span> <span class='ocrx_word' id='word_1_225' title='bbox 2933 908 3345 965; x_wconf 74' lang='lat' dir='ltr'><strong>ministratores</strong></span> <span class='ocrx_word' id='word_1_226' title='bbox 3379 910 3591 964; x_wconf 79' lang='lat' dir='ltr'><strong>excita-</strong></span> 
     </span>
    </p>
   </div>
   <div class='ocr_carea' id='block_1_38' title="bbox 2014 1000 3591 1073">
    <p class='ocr_par' dir='ltr' id='par_1_38' title="bbox 2014 1000 3591 1073">
     <span class='ocr_line' id='line_1_38' title="bbox 2014 1000 3591 1073; baseline -0.003 -16"><span class='ocrx_word' id='word_1_227' title='bbox 2014 1002 2112 1057; x_wconf 91' lang='lat' dir='ltr'><strong>bit.</strong></span> <span class='ocrx_word' id='word_1_228' title='bbox 2143 1002 2250 1057; x_wconf 85' lang='lat' dir='ltr'><strong>Sed</strong></span> <span class='ocrx_word' id='word_1_229' title='bbox 2274 1003 2434 1072; x_wconf 82' lang='lat' dir='ltr'><strong>plane</strong></span> <span class='ocrx_word' id='word_1_230' title='bbox 2465 1002 2749 1073; x_wconf 79' lang='lat' dir='ltr'><strong>conSpicio</strong></span> <span class='ocrx_word' id='word_1_231' title='bbox 2795 1009 2850 1057; x_wconf 90' lang='lat' dir='ltr'><strong>te</strong></span> <span class='ocrx_word' id='word_1_232' title='bbox 2902 1001 3122 1072; x_wconf 90' lang='lat' dir='ltr'><strong>penitus</strong></span> <span class='ocrx_word' id='word_1_233' title='bbox 3149 1001 3390 1069; x_wconf 87' lang='lat' dir='ltr'><strong>quietem</strong></span> <span class='ocrx_word' id='word_1_234' title='bbox 3419 1000 3591 1069; x_wconf 82' lang='lat' dir='ltr'><strong>repel-</strong></span> 
     </span>
    </p>
   </div>
   <div class='ocr_carea' id='block_1_39' title="bbox 2012 1090 3590 1161">
    <p class='ocr_par' dir='ltr' id='par_1_39' title="bbox 2012 1090 3590 1161">
     <span class='ocr_line' id='line_1_39' title="bbox 2012 1090 3590 1161; baseline -0.003 -13"><span class='ocrx_word' id='word_1_235' title='bbox 2012 1096 2126 1150; x_wconf 86' lang='lat' dir='ltr'><strong>lere</strong></span> <span class='ocrx_word' id='word_1_236' title='bbox 2162 1112 2176 1147; x_wconf 88' lang='lat'><strong>:</strong></span> <span class='ocrx_word' id='word_1_237' title='bbox 2212 1094 2353 1146; x_wconf 84' lang='lat' dir='ltr'><strong>mala</strong></span> <span class='ocrx_word' id='word_1_238' title='bbox 2370 1092 2515 1148; x_wconf 92' lang='lat' dir='ltr'><strong>cnim</strong></span> <span class='ocrx_word' id='word_1_239' title='bbox 2544 1092 2944 1147; x_wconf 89' lang='lat' dir='ltr'><strong>consuetudine</strong></span> <span class='ocrx_word' id='word_1_240' title='bbox 2970 1091 3215 1161; x_wconf 84' lang='lat' dir='ltr'><strong>percitus</strong></span> <span class='ocrx_word' id='word_1_241' title='bbox 3242 1093 3358 1146; x_wconf 92' lang='lat' dir='ltr'><strong>loca</strong></span> <span class='ocrx_word' id='word_1_242' title='bbox 3383 1090 3590 1153; x_wconf 86' lang='lat' dir='ltr'><strong>omnia,</strong></span> 
     </span>
    </p>
   </div>
   <div class='ocr_carea' id='block_1_40' title="bbox 2012 1181 3593 1252">
    <p class='ocr_par' dir='ltr' id='par_1_40' title="bbox 2012 1181 3593 1252">
     <span class='ocr_line' id='line_1_40' title="bbox 2012 1181 3593 1252; baseline -0.002 -14"><span class='ocrx_word' id='word_1_243' title='bbox 2012 1193 2066 1238; x_wconf 93' lang='lat' dir='ltr'><strong>et</strong></span> <span class='ocrx_word' id='word_1_244' title='bbox 2098 1184 2386 1237; x_wconf 87' lang='lat' dir='ltr'><strong>universas</strong></span> <span class='ocrx_word' id='word_1_245' title='bbox 2446 1183 2701 1252; x_wconf 76' lang='lat' dir='ltr'><strong>regiones</strong></span> <span class='ocrx_word' id='word_1_246' title='bbox 2726 1223 2743 1249; x_wconf 93' lang='lat'><strong>,</strong></span> <span class='ocrx_word' id='word_1_247' title='bbox 2796 1194 2851 1236; x_wconf 85' lang='lat' dir='ltr'><strong>et</strong></span> <span class='ocrx_word' id='word_1_248' title='bbox 2882 1181 3083 1252; x_wconf 88' lang='lat' dir='ltr'><strong>oppida</strong></span> <span class='ocrx_word' id='word_1_249' title='bbox 3109 1221 3123 1247; x_wconf 97' lang='lat'><strong>,</strong></span> <span class='ocrx_word' id='word_1_250' title='bbox 3173 1190 3229 1237; x_wconf 88' lang='lat' dir='ltr'><strong>et</strong></span> <span class='ocrx_word' id='word_1_251' title='bbox 3272 1182 3440 1237; x_wconf 87' lang='lat' dir='ltr'><strong>urbes</strong></span> <span class='ocrx_word' id='word_1_252' title='bbox 3464 1219 3481 1246; x_wconf 83' lang='lat'><strong>,</strong></span> <span class='ocrx_word' id='word_1_253' title='bbox 3537 1189 3593 1236; x_wconf 90' lang='lat' dir='ltr'><strong>et</strong></span> 
     </span>
    </p>
   </div>
   <div class='ocr_carea' id='block_1_41' title="bbox 2014 1272 3295 1341">
    <p class='ocr_par' dir='ltr' id='par_1_41' title="bbox 2014 1272 3295 1341">
     <span class='ocr_line' id='line_1_41' title="bbox 2014 1272 3295 1341; baseline 0 -15"><span class='ocrx_word' id='word_1_254' title='bbox 2014 1275 2197 1330; x_wconf 81' lang='lat' dir='ltr'><strong>vicos.</strong></span> <span class='ocrx_word' id='word_1_255' title='bbox 2241 1287 2519 1341; x_wconf 90' lang='lat' dir='ltr'><strong>nunquam</strong></span> <span class='ocrx_word' id='word_1_256' title='bbox 2555 1272 2850 1341; x_wconf 83' lang='lat' dir='ltr'><strong>quiescens</strong></span> <span class='ocrx_word' id='word_1_257' title='bbox 2880 1274 3295 1327; x_wconf 77' lang='lat' dir='ltr'><strong>circumcurris.</strong></span> 
     </span>
    </p>
   </div>
   <div class='ocr_carea' id='block_1_42' title="bbox 2114 1357 3485 1430">
    <p class='ocr_par' dir='ltr' id='par_1_42' title="bbox 2114 1357 3485 1430">
     <span class='ocr_line' id='line_1_42' title="bbox 2114 1357 3485 1430; baseline -0.003 -14"><span class='ocrx_word' id='word_1_258' title='bbox 2114 1360 2275 1430; x_wconf 76' lang='grc'><strong>178</strong></span> <span class='ocrx_word' id='word_1_259' title='bbox 2306 1358 2611 1413; x_wconf 76' lang='lat' dir='ltr'><strong>CXXXVII.</strong></span> <span class='ocrx_word' id='word_1_260' title='bbox 2637 1390 2699 1402; x_wconf 88' lang='lat'><strong>—-</strong></span> <span class='ocrx_word' id='word_1_261' title='bbox 2732 1358 3088 1415; x_wconf 82' lang='lat' dir='ltr'><strong>EUPHEMIO</strong></span> <span class='ocrx_word' id='word_1_262' title='bbox 3130 1357 3485 1414; x_wconf 80' lang='lat' dir='ltr'><strong>MONACHO.</strong></span> 
     </span>
    </p>
   </div>
   <div class='ocr_carea' id='block_1_43' title="bbox 2083 1448 3595 1519">
    <p class='ocr_par' dir='ltr' id='par_1_43' title="bbox 2083 1448 3595 1519">
     <span class='ocr_line' id='line_1_43' title="bbox 2083 1448 3595 1519; baseline -0.001 -17"><span class='ocrx_word' id='word_1_263' title='bbox 2083 1450 2222 1515; x_wconf 78' lang='lat' dir='ltr'><strong>Quid</strong></span> <span class='ocrx_word' id='word_1_264' title='bbox 2254 1464 2417 1519; x_wconf 93' lang='lat' dir='ltr'><strong>porro</strong></span> <span class='ocrx_word' id='word_1_265' title='bbox 2438 1449 2830 1518; x_wconf 80' lang='lat' dir='ltr'><strong>exspectabas,</strong></span> <span class='ocrx_word' id='word_1_266' title='bbox 2861 1449 2991 1503; x_wconf 90' lang='lat' dir='ltr'><strong>dum</strong></span> <span class='ocrx_word' id='word_1_267' title='bbox 3013 1448 3251 1518; x_wconf 87' lang='lat' dir='ltr'><strong>quietem</strong></span> <span class='ocrx_word' id='word_1_268' title='bbox 3279 1486 3294 1511; x_wconf 94' lang='lat'><strong>,</strong></span> <span class='ocrx_word' id='word_1_269' title='bbox 3326 1454 3380 1500; x_wconf 91' lang='lat' dir='ltr'><strong>et</strong></span> <span class='ocrx_word' id='word_1_270' title='bbox 3411 1457 3595 1501; x_wconf 85' lang='lat' dir='ltr'><strong>seces-</strong></span> 
     </span>
    </p>
   </div>
   <div class='ocr_carea' id='block_1_44' title="bbox 2013 1538 3591 1609">
    <p class='ocr_par' dir='ltr' id='par_1_44' title="bbox 2013 1538 3591 1609">
     <span class='ocr_line' id='line_1_44' title="bbox 2013 1538 3591 1609; baseline -0.001 -16"><span class='ocrx_word' id='word_1_271' title='bbox 2013 1556 2135 1593; x_wconf 91' lang='lat' dir='ltr'><strong>sum</strong></span> <span class='ocrx_word' id='word_1_272' title='bbox 2174 1538 2445 1609; x_wconf 74' lang='lat' dir='ltr'><strong>eligebas?</strong></span> <span class='ocrx_word' id='word_1_273' title='bbox 2483 1554 2668 1592; x_wconf 88' lang='lat' dir='ltr'><strong>annon</strong></span> <span class='ocrx_word' id='word_1_274' title='bbox 2728 1538 3084 1602; x_wconf 87' lang='lat' dir='ltr'><strong>afllietiones,</strong></span> <span class='ocrx_word' id='word_1_275' title='bbox 3134 1546 3187 1592; x_wconf 89' lang='lat' dir='ltr'><strong>et</strong></span> <span class='ocrx_word' id='word_1_276' title='bbox 3224 1538 3591 1601; x_wconf 84' lang='lat' dir='ltr'><strong>tentationes,</strong></span> 
     </span>
    </p>
   </div>
   <div class='ocr_carea' id='block_1_45' title="bbox 2012 1628 3591 1697">
    <p class='ocr_par' dir='ltr' id='par_1_45' title="bbox 2012 1628 3591 1697">
     <span class='ocr_line' id='line_1_45' title="bbox 2012 1628 3591 1697; baseline -0.003 -13"><span class='ocrx_word' id='word_1_277' title='bbox 2012 1640 2065 1684; x_wconf 91' lang='lat' dir='ltr'><strong>et</strong></span> <span class='ocrx_word' id='word_1_278' title='bbox 2096 1629 2535 1696; x_wconf 82' lang='lat' dir='ltr'><strong>importunorum</strong></span> <span class='ocrx_word' id='word_1_279' title='bbox 2560 1628 2870 1683; x_wconf 69' lang='lat' dir='ltr'><strong>daemonum</strong></span> <span class='ocrx_word' id='word_1_280' title='bbox 2896 1629 3219 1683; x_wconf 90' lang='lat' dir='ltr'><strong>innumeras</strong></span> <span class='ocrx_word' id='word_1_281' title='bbox 3237 1628 3591 1697; x_wconf 88' lang='lat' dir='ltr'><strong>irruptiones,</strong></span> 
     </span>
    </p>
   </div>
   <div class='ocr_carea' id='block_1_46' title="bbox 2013 1718 3595 1789">
    <p class='ocr_par' dir='ltr' id='par_1_46' title="bbox 2013 1718 3595 1789">
     <span class='ocr_line' id='line_1_46' title="bbox 2013 1718 3595 1789; baseline -0.001 -16"><span class='ocrx_word' id='word_1_282' title='bbox 2013 1728 2068 1774; x_wconf 91' lang='lat' dir='ltr'><strong>et</strong></span> <span class='ocrx_word' id='word_1_283' title='bbox 2112 1718 2383 1781; x_wconf 87' lang='lat' dir='ltr'><strong>insidias,</strong></span> <span class='ocrx_word' id='word_1_284' title='bbox 2441 1727 2496 1774; x_wconf 90' lang='lat' dir='ltr'><strong>et</strong></span> <span class='ocrx_word' id='word_1_285' title='bbox 2551 1719 2875 1774; x_wconf 84' lang='lat' dir='ltr'><strong>machinas?</strong></span> <span class='ocrx_word' id='word_1_286' title='bbox 2925 1718 3172 1785; x_wconf 83' lang='lat' dir='ltr'><strong>Quanam</strong></span> <span class='ocrx_word' id='word_1_287' title='bbox 3231 1718 3396 1789; x_wconf 84' lang='lat' dir='ltr'><strong>igitur</strong></span> <span class='ocrx_word' id='word_1_288' title='bbox 3448 1732 3595 1771; x_wconf 86' lang='lat' dir='ltr'><strong>nunc</strong></span> 
     </span>
    </p>
   </div>
   <div class='ocr_carea' id='block_1_47' title="bbox 1944 1788 3582 1882">
    <p class='ocr_par' dir='ltr' id='par_1_47' title="bbox 1944 1788 3582 1882">
     <span class='ocr_line' id='line_1_47' title="bbox 1944 1788 3582 1882; baseline -0.002 -17"><span class='ocrx_word' id='word_1_289' title='bbox 1944 1788 1987 1842; x_wconf 74' lang='grc' dir='ltr'><strong>Β</strong></span> <span class='ocrx_word' id='word_1_290' title='bbox 2018 1826 2183 1868; x_wconf 85' lang='lat' dir='ltr'><strong>causa</strong></span> <span class='ocrx_word' id='word_1_291' title='bbox 2220 1826 2363 1882; x_wconf 61' lang='lat' dir='ltr'><strong>egre</strong></span> <span class='ocrx_word' id='word_1_292' title='bbox 2411 1811 2552 1877; x_wconf 86' lang='lat' dir='ltr'><strong>fers,</strong></span> <span class='ocrx_word' id='word_1_293' title='bbox 2597 1819 2652 1865; x_wconf 88' lang='lat' dir='ltr'><strong>et</strong></span> <span class='ocrx_word' id='word_1_294' title='bbox 2676 1813 2861 1866; x_wconf 87' lang='lat' dir='ltr'><strong>animo</strong></span> <span class='ocrx_word' id='word_1_295' title='bbox 2905 1810 3299 1873; x_wconf 86' lang='lat' dir='ltr'><strong>discruciaris,</strong></span> <span class='ocrx_word' id='word_1_296' title='bbox 3333 1819 3387 1867; x_wconf 89' lang='lat' dir='ltr'><strong>et</strong></span> <span class='ocrx_word' id='word_1_297' title='bbox 3435 1811 3582 1863; x_wconf 82' lang='lat' dir='ltr'><strong>tristi</strong></span> 
     </span>
    </p>
   </div>
   <div class='ocr_carea' id='block_1_48' title="bbox 2017 1903 3584 1965">
    <p class='ocr_par' dir='ltr' id='par_1_48' title="bbox 2017 1903 3584 1965">
     <span class='ocr_line' id='line_1_48' title="bbox 2017 1903 3584 1965; baseline -0.004 -4"><span class='ocrx_word' id='word_1_298' title='bbox 2017 1905 2166 1961; x_wconf 79' lang='lat' dir='ltr'><strong>vultu</strong></span> <span class='ocrx_word' id='word_1_299' title='bbox 2204 1903 2438 1958; x_wconf 88' lang='lat' dir='ltr'><strong>frontem</strong></span> <span class='ocrx_word' id='word_1_300' title='bbox 2472 1904 2755 1958; x_wconf 90' lang='lat' dir='ltr'><strong>contrahis</strong></span> <span class='ocrx_word' id='word_1_301' title='bbox 2776 1942 2791 1965; x_wconf 91' lang='lat'><strong>,</strong></span> <span class='ocrx_word' id='word_1_302' title='bbox 2823 1903 2952 1957; x_wconf 90' lang='lat' dir='ltr'><strong>dum</strong></span> <span class='ocrx_word' id='word_1_303' title='bbox 2986 1904 3152 1958; x_wconf 87' lang='lat' dir='ltr'><strong>variis</strong></span> <span class='ocrx_word' id='word_1_304' title='bbox 3186 1903 3365 1957; x_wconf 89' lang='lat' dir='ltr'><strong>modis</strong></span> <span class='ocrx_word' id='word_1_305' title='bbox 3399 1919 3430 1957; x_wconf 88' lang='lat' dir='ltr'><strong>a</strong></span> <span class='ocrx_word' id='word_1_306' title='bbox 3463 1912 3584 1957; x_wconf 88' lang='lat' dir='ltr'><strong>ten-</strong></span> 
     </span>
    </p>
   </div>
   <div class='ocr_carea' id='block_1_49' title="bbox 2021 1993 3597 2064">
    <p class='ocr_par' dir='ltr' id='par_1_49' title="bbox 2021 1993 3597 2064">
     <span class='ocr_line' id='line_1_49' title="bbox 2021 1993 3597 2064; baseline -0.003 -14"><span class='ocrx_word' id='word_1_307' title='bbox 2021 1997 2289 2050; x_wconf 89' lang='lat' dir='ltr'><strong>tationum</strong></span> <span class='ocrx_word' id='word_1_308' title='bbox 2318 1994 2528 2051; x_wconf 88' lang='lat' dir='ltr'><strong>lanceis</strong></span> <span class='ocrx_word' id='word_1_309' title='bbox 2560 1993 2897 2064; x_wconf 81' lang='lat' dir='ltr'><strong>perfoderis,</strong></span> <span class='ocrx_word' id='word_1_310' title='bbox 2954 2004 3008 2049; x_wconf 88' lang='lat' dir='ltr'><strong>et</strong></span> <span class='ocrx_word' id='word_1_311' title='bbox 3050 1996 3186 2050; x_wconf 87' lang='lat' dir='ltr'><strong>rotis</strong></span> <span class='ocrx_word' id='word_1_312' title='bbox 3228 1996 3399 2049; x_wconf 91' lang='lat' dir='ltr'><strong>instar</strong></span> <span class='ocrx_word' id='word_1_313' title='bbox 3429 2008 3597 2047; x_wconf 73' lang='lat' dir='ltr'><strong>serra:</strong></span> 
     </span>
    </p>
   </div>
   <div class='ocr_carea' id='block_1_50' title="bbox 2020 2082 3597 2153">
    <p class='ocr_par' dir='ltr' id='par_1_50' title="bbox 2020 2082 3597 2153">
     <span class='ocr_line' id='line_1_50' title="bbox 2020 2082 3597 2153; baseline -0.004 -11"><span class='ocrx_word' id='word_1_314' title='bbox 2020 2084 2336 2142; x_wconf 71' lang='lat' dir='ltr'><strong>sveantibus</strong></span> <span class='ocrx_word' id='word_1_315' title='bbox 2367 2092 2517 2138; x_wconf 89' lang='lat' dir='ltr'><strong>tuam</strong></span> <span class='ocrx_word' id='word_1_316' title='bbox 2545 2086 2783 2138; x_wconf 87' lang='lat' dir='ltr'><strong>animam</strong></span> <span class='ocrx_word' id='word_1_317' title='bbox 2817 2084 3140 2138; x_wconf 71' lang='lat' dir='ltr'><strong>daemoniaci</strong></span> <span class='ocrx_word' id='word_1_318' title='bbox 3168 2083 3401 2153; x_wconf 88' lang='lat' dir='ltr'><strong>plaustri</strong></span> <span class='ocrx_word' id='word_1_319' title='bbox 3428 2122 3444 2147; x_wconf 94' lang='lat'><strong>,</strong></span> <span class='ocrx_word' id='word_1_320' title='bbox 3483 2082 3597 2136; x_wconf 85' lang='lat' dir='ltr'><strong>dis-</strong></span> 
     </span>
    </p>
   </div>
   <div class='ocr_carea' id='block_1_51' title="bbox 2020 2172 3598 2243">
    <p class='ocr_par' dir='ltr' id='par_1_51' title="bbox 2020 2172 3598 2243">
     <span class='ocr_line' id='line_1_51' title="bbox 2020 2172 3598 2243; baseline -0.005 -13"><span class='ocrx_word' id='word_1_321' title='bbox 2020 2183 2233 2241; x_wconf 87' lang='lat' dir='ltr'><strong>scctns,</strong></span> <span class='ocrx_word' id='word_1_322' title='bbox 2264 2182 2319 2229; x_wconf 91' lang='lat' dir='ltr'><strong>et</strong></span> <span class='ocrx_word' id='word_1_323' title='bbox 2346 2174 2520 2228; x_wconf 86' lang='lat' dir='ltr'><strong>instar</strong></span> <span class='ocrx_word' id='word_1_324' title='bbox 2547 2175 2713 2243; x_wconf 74' lang='lat' dir='ltr'><strong>palea:</strong></span> <span class='ocrx_word' id='word_1_325' title='bbox 2741 2173 3054 2228; x_wconf 86' lang='lat' dir='ltr'><strong>contritus?</strong></span> <span class='ocrx_word' id='word_1_326' title='bbox 3092 2174 3196 2226; x_wconf 87' lang='lat' dir='ltr'><strong>Sed</strong></span> <span class='ocrx_word' id='word_1_327' title='bbox 3228 2172 3439 2226; x_wconf 78' lang='lat' dir='ltr'><strong>SUSlIIlc</strong></span> <span class='ocrx_word' id='word_1_328' title='bbox 3470 2187 3598 2239; x_wconf 84' lang='lat' dir='ltr'><strong>gra-</strong></span> 
     </span>
    </p>
   </div>
   <div class='ocr_carea' id='block_1_52' title="bbox 2021 2262 3600 2334">
    <p class='ocr_par' dir='ltr' id='par_1_52' title="bbox 2021 2262 3600 2334">
     <span class='ocr_line' id='line_1_52' title="bbox 2021 2262 3600 2334; baseline -0.001 -16"><span class='ocrx_word' id='word_1_329' title='bbox 2021 2267 2128 2319; x_wconf 90' lang='lat' dir='ltr'><strong>tias</strong></span> <span class='ocrx_word' id='word_1_330' title='bbox 2166 2280 2335 2334; x_wconf 80' lang='lat' dir='ltr'><strong>agens</strong></span> <span class='ocrx_word' id='word_1_331' title='bbox 2355 2306 2368 2329; x_wconf 90' lang='lat'><strong>,</strong></span> <span class='ocrx_word' id='word_1_332' title='bbox 2398 2272 2451 2319; x_wconf 89' lang='lat' dir='ltr'><strong>et</strong></span> <span class='ocrx_word' id='word_1_333' title='bbox 2490 2264 2733 2318; x_wconf 83' lang='lat' dir='ltr'><strong>tolerans</strong></span> <span class='ocrx_word' id='word_1_334' title='bbox 2758 2303 2773 2328; x_wconf 95' lang='lat'><strong>,</strong></span> <span class='ocrx_word' id='word_1_335' title='bbox 2802 2264 3133 2333; x_wconf 84' lang='lat' dir='ltr'><strong>cogitatione</strong></span> <span class='ocrx_word' id='word_1_336' title='bbox 3163 2263 3339 2317; x_wconf 84' lang='lat' dir='ltr'><strong>valida</strong></span> <span class='ocrx_word' id='word_1_337' title='bbox 3361 2300 3377 2327; x_wconf 93' lang='lat'><strong>,</strong></span> <span class='ocrx_word' id='word_1_338' title='bbox 3404 2271 3457 2317; x_wconf 89' lang='lat' dir='ltr'><strong>et</strong></span> <span class='ocrx_word' id='word_1_339' title='bbox 3488 2262 3600 2316; x_wconf 85' lang='lat' dir='ltr'><strong>frc-</strong></span> 
     </span>
    </p>
   </div>
   <div class='ocr_carea' id='block_1_53' title="bbox 2021 2352 3599 2423">
    <p class='ocr_par' dir='ltr' id='par_1_53' title="bbox 2021 2352 3599 2423">
     <span class='ocr_line' id='line_1_53' title="bbox 2021 2352 3599 2423; baseline -0.002 -15"><span class='ocrx_word' id='word_1_340' title='bbox 2021 2355 2317 2423; x_wconf 88' lang='lat' dir='ltr'><strong>quentibus</strong></span> <span class='ocrx_word' id='word_1_341' title='bbox 2339 2353 2593 2422; x_wconf 90' lang='lat' dir='ltr'><strong>precibus</strong></span> <span class='ocrx_word' id='word_1_342' title='bbox 2614 2390 2627 2415; x_wconf 90' lang='lat'><strong>,</strong></span> <span class='ocrx_word' id='word_1_343' title='bbox 2654 2360 2708 2407; x_wconf 88' lang='lat' dir='ltr'><strong>et</strong></span> <span class='ocrx_word' id='word_1_344' title='bbox 2726 2352 2927 2422; x_wconf 78' lang='lat' dir='ltr'><strong>vigiliis</strong></span> <span class='ocrx_word' id='word_1_345' title='bbox 2945 2353 3247 2417; x_wconf 88' lang='lat' dir='ltr'><strong>continuis,</strong></span> <span class='ocrx_word' id='word_1_346' title='bbox 3283 2361 3338 2407; x_wconf 92' lang='lat' dir='ltr'><strong>et</strong></span> <span class='ocrx_word' id='word_1_347' title='bbox 3367 2353 3599 2406; x_wconf 85' lang='lat' dir='ltr'><strong>honesta</strong></span> 
     </span>
    </p>
   </div>
   <div class='ocr_carea' id='block_1_54' title="bbox 2022 2439 3598 2511">
    <p class='ocr_par' dir='ltr' id='par_1_54' title="bbox 2022 2439 3598 2511">
     <span class='ocr_line' id='line_1_54' title="bbox 2022 2439 3598 2511; baseline -0.002 -16"><span class='ocrx_word' id='word_1_348' title='bbox 2022 2442 2384 2511; x_wconf 84' lang='lat' dir='ltr'><strong>temperantia</strong></span> <span class='ocrx_word' id='word_1_349' title='bbox 2415 2439 2647 2496; x_wconf 87' lang='lat' dir='ltr'><strong>Domino</strong></span> <span class='ocrx_word' id='word_1_350' title='bbox 2681 2449 2732 2495; x_wconf 91' lang='lat' dir='ltr'><strong>te</strong></span> <span class='ocrx_word' id='word_1_351' title='bbox 2762 2439 3104 2511; x_wconf 87' lang='lat' dir='ltr'><strong>conjungens</strong></span> <span class='ocrx_word' id='word_1_352' title='bbox 3124 2481 3138 2506; x_wconf 88' lang='lat'><strong>,</strong></span> <span class='ocrx_word' id='word_1_353' title='bbox 3184 2448 3239 2495; x_wconf 89' lang='lat' dir='ltr'><strong>et</strong></span> <span class='ocrx_word' id='word_1_354' title='bbox 3283 2441 3444 2496; x_wconf 88' lang='lat' dir='ltr'><strong>finem</strong></span> <span class='ocrx_word' id='word_1_355' title='bbox 3474 2454 3598 2494; x_wconf 87' lang='lat' dir='ltr'><strong>con-</strong></span> 
     </span>
    </p>
   </div>
   <div class='ocr_carea' id='block_1_55' title="bbox 2024 2554 2247 2624">
    <p class='ocr_par' dir='ltr' id='par_1_55' title="bbox 2024 2554 2247 2624">
     <span class='ocr_line' id='line_1_55' title="bbox 2024 2554 2247 2624; baseline 0 -15"><span class='ocrx_word' id='word_1_356' title='bbox 2024 2554 2247 2624; x_wconf 79' lang='lat' dir='ltr'><strong>Spicics.</strong></span> 
     </span>
    </p>
   </div>
   <div class='ocr_carea' id='block_1_56' title="bbox 2475 2644 3140 2701">
    <p class='ocr_par' dir='ltr' id='par_1_56' title="bbox 2475 2644 3140 2701">
     <span class='ocr_line' id='line_1_56' title="bbox 2475 2644 3140 2701; baseline -0.003 0"><span class='ocrx_word' id='word_1_357' title='bbox 2475 2644 2807 2701; x_wconf 78' lang='lat' dir='ltr'><strong>CXXXVIII.</strong></span> <span class='ocrx_word' id='word_1_358' title='bbox 2834 2675 2905 2685; x_wconf 96' lang='lat'><strong><em>—</em></strong></span> <span class='ocrx_word' id='word_1_359' title='bbox 2932 2644 3140 2700; x_wconf 83' lang='lat' dir='ltr'><strong>Eidem.</strong></span> 
     </span>
    </p>
   </div>
   <div class='ocr_carea' id='block_1_57' title="bbox 2096 2734 3600 2807">
    <p class='ocr_par' dir='ltr' id='par_1_57' title="bbox 2096 2734 3600 2807">
     <span class='ocr_line' id='line_1_57' title="bbox 2096 2734 3600 2807; baseline 0.002 -20"><span class='ocrx_word' id='word_1_360' title='bbox 2096 2734 2248 2791; x_wconf 86' lang='lat' dir='ltr'><strong>Finis</strong></span> <span class='ocrx_word' id='word_1_361' title='bbox 2275 2751 2464 2792; x_wconf 90' lang='lat' dir='ltr'><strong>eorum</strong></span> <span class='ocrx_word' id='word_1_362' title='bbox 2488 2776 2503 2800; x_wconf 90' lang='lat'><strong>,</strong></span> <span class='ocrx_word' id='word_1_363' title='bbox 2530 2737 2623 2807; x_wconf 90' lang='lat' dir='ltr'><strong>qui</strong></span> <span class='ocrx_word' id='word_1_364' title='bbox 2667 2752 2764 2806; x_wconf 89' lang='lat' dir='ltr'><strong>prn</strong></span> <span class='ocrx_word' id='word_1_365' title='bbox 2789 2737 2995 2791; x_wconf 85' lang='lat' dir='ltr'><strong>Christi</strong></span> <span class='ocrx_word' id='word_1_366' title='bbox 3024 2746 3303 2792; x_wconf 85' lang='lat' dir='ltr'><strong>certamen</strong></span> <span class='ocrx_word' id='word_1_367' title='bbox 3341 2737 3600 2801; x_wconf 88' lang='lat' dir='ltr'><strong>subeunt,</strong></span> 
     </span>
    </p>
   </div>
   <div class='ocr_carea' id='block_1_58' title="bbox 2026 2825 3598 2894">
    <p class='ocr_par' dir='ltr' id='par_1_58' title="bbox 2026 2825 3598 2894">
     <span class='ocr_line' id='line_1_58' title="bbox 2026 2825 3598 2894; baseline 0.001 -14"><span class='ocrx_word' id='word_1_368' title='bbox 2026 2825 2178 2880; x_wconf 82' lang='lat' dir='ltr'><strong>salus</strong></span> <span class='ocrx_word' id='word_1_369' title='bbox 2226 2836 2310 2881; x_wconf 92' lang='lat' dir='ltr'><strong>est</strong></span> <span class='ocrx_word' id='word_1_370' title='bbox 2344 2846 2357 2881; x_wconf 90' lang='lat'>:</span> <span class='ocrx_word' id='word_1_371' title='bbox 2392 2828 2699 2881; x_wconf 72' lang='lat' dir='ltr'><strong>daemonum</strong></span> <span class='ocrx_word' id='word_1_372' title='bbox 2739 2835 2919 2881; x_wconf 84' lang='lat' dir='ltr'><strong>autem</strong></span> <span class='ocrx_word' id='word_1_373' title='bbox 2960 2827 3112 2894; x_wconf 84' lang='lat' dir='ltr'><strong>linis,</strong></span> <span class='ocrx_word' id='word_1_374' title='bbox 3152 2828 3390 2882; x_wconf 87' lang='lat' dir='ltr'><strong>immane</strong></span> <span class='ocrx_word' id='word_1_375' title='bbox 3439 2829 3598 2884; x_wconf 79' lang='lat' dir='ltr'><strong>exci-</strong></span> 
     </span>
    </p>
   </div>
   <div class='ocr_carea' id='block_1_59' title="bbox 2027 2915 3602 2990">
    <p class='ocr_par' dir='ltr' id='par_1_59' title="bbox 2027 2915 3602 2990">
     <span class='ocr_line' id='line_1_59' title="bbox 2027 2915 3602 2990; baseline 0.003 -21"><span class='ocrx_word' id='word_1_376' title='bbox 2027 2915 2204 2969; x_wconf 89' lang='lat' dir='ltr'><strong>dium.</strong></span> <span class='ocrx_word' id='word_1_377' title='bbox 2258 2915 2415 2971; x_wconf 91' lang='lat' dir='ltr'><strong>Tunc</strong></span> <span class='ocrx_word' id='word_1_378' title='bbox 2474 2919 2619 2972; x_wconf 89' lang='lat' dir='ltr'><strong>enim</strong></span> <span class='ocrx_word' id='word_1_379' title='bbox 2669 2926 2983 2989; x_wconf 85' lang='lat' dir='ltr'><strong>pungentur</strong></span> <span class='ocrx_word' id='word_1_380' title='bbox 3008 2928 3061 2974; x_wconf 91' lang='lat' dir='ltr'><strong>te</strong></span> <span class='ocrx_word' id='word_1_381' title='bbox 3095 2935 3241 2973; x_wconf 90' lang='lat' dir='ltr'><strong>nunc</strong></span> <span class='ocrx_word' id='word_1_382' title='bbox 3271 2927 3602 2990; x_wconf 79' lang='lat' dir='ltr'><strong>pungentes,</strong></span> 
     </span>
    </p>
   </div>
   <div class='ocr_carea' id='block_1_60' title="bbox 2027 3006 3604 3081">
    <p class='ocr_par' dir='ltr' id='par_1_60' title="bbox 2027 3006 3604 3081">
     <span class='ocr_line' id='line_1_60' title="bbox 2027 3006 3604 3081; baseline 0.004 -20"><span class='ocrx_word' id='word_1_383' title='bbox 2027 3015 2082 3061; x_wconf 89' lang='lat' dir='ltr'><strong>et</strong></span> <span class='ocrx_word' id='word_1_384' title='bbox 2123 3006 2478 3062; x_wconf 88' lang='lat' dir='ltr'><strong>conculcabis</strong></span> <span class='ocrx_word' id='word_1_385' title='bbox 2533 3023 2628 3063; x_wconf 89' lang='lat' dir='ltr'><strong>eos</strong></span> <span class='ocrx_word' id='word_1_386' title='bbox 2656 3048 2672 3074; x_wconf 94' lang='lat'><strong>,</strong></span> <span class='ocrx_word' id='word_1_387' title='bbox 2721 3017 2776 3063; x_wconf 89' lang='lat' dir='ltr'><strong>et</strong></span> <span class='ocrx_word' id='word_1_388' title='bbox 2825 3018 2988 3065; x_wconf 90' lang='lat' dir='ltr'><strong>erunt</strong></span> <span class='ocrx_word' id='word_1_389' title='bbox 3033 3011 3175 3065; x_wconf 90' lang='lat' dir='ltr'><strong>cinis</strong></span> <span class='ocrx_word' id='word_1_390' title='bbox 3227 3011 3331 3066; x_wconf 87' lang='lat' dir='ltr'><strong>sub</strong></span> <span class='ocrx_word' id='word_1_391' title='bbox 3374 3011 3604 3081; x_wconf 83' lang='lat' dir='ltr'><strong>pedibus</strong></span> 
     </span>
    </p>
   </div>
   <div class='ocr_carea' id='block_1_61' title="bbox 349 3096 1926 3174">
    <p class='ocr_par' dir='ltr' id='par_1_61' title="bbox 349 3096 1926 3167">
     <span class='ocr_line' id='line_1_61' title="bbox 349 3096 1926 3167; baseline 0 -17"><span class='ocrx_word' id='word_1_392' title='bbox 349 3097 464 3150; x_wconf 80' lang='grc' dir='ltr'>ὑπὸ</span> <span class='ocrx_word' id='word_1_393' title='bbox 521 3098 648 3160; x_wconf 75' lang='grc' dir='ltr'>τοὺς</span> <span class='ocrx_word' id='word_1_394' title='bbox 697 3097 859 3161; x_wconf 82' lang='grc' dir='ltr'>πόδας</span> <span class='ocrx_word' id='word_1_395' title='bbox 910 3114 1026 3161; x_wconf 88' lang='grc' dir='ltr'>σου,</span> <span class='ocrx_word' id='word_1_396' title='bbox 1081 3096 1606 3167; x_wconf 68' lang='grc' dir='ltr'>καὶξφοϐηθήσονταί</span> <span class='ocrx_word' id='word_1_397' title='bbox 1638 3114 1717 3162; x_wconf 89' lang='grc' dir='ltr'><strong>σε,</strong></span> <span class='ocrx_word' id='word_1_398' title='bbox 1749 3097 1842 3160; x_wconf 80' lang='grc' dir='ltr'><strong>οὓς</strong></span> <span class='ocrx_word' id='word_1_399' title='bbox 1866 3098 1926 3150; x_wconf 86' lang='grc' dir='ltr'><strong>τὸ</strong></span> 
     </span>
    </p>
   </div>
   <div class='ocr_carea' id='block_1_62' title="bbox 2026 3096 3601 3174">
    <p class='ocr_par' dir='ltr' id='par_1_62' title="bbox 2027 3097 3601 3170">
     <span class='ocr_line' id='line_1_62' title="bbox 2027 3097 3601 3170; baseline 0.004 -19"><span class='ocrx_word' id='word_1_400' title='bbox 2027 3097 2171 3161; x_wconf 90' lang='lat' dir='ltr'><strong>tuis,</strong></span> <span class='ocrx_word' id='word_1_401' title='bbox 2213 3105 2422 3167; x_wconf 87' lang='lat' dir='ltr'><strong>etquos</strong></span> <span class='ocrx_word' id='word_1_402' title='bbox 2455 3100 2607 3166; x_wconf 90' lang='lat' dir='ltr'><strong>prius</strong></span> <span class='ocrx_word' id='word_1_403' title='bbox 2640 3099 3038 3155; x_wconf 79' lang='lat' dir='ltr'><strong>extimescebas</strong></span> <span class='ocrx_word' id='word_1_404' title='bbox 3061 3142 3075 3166; x_wconf 92' lang='lat'><strong>,</strong></span> <span class='ocrx_word' id='word_1_405' title='bbox 3108 3101 3475 3158; x_wconf 80' lang='lat' dir='ltr'><strong>extimescent</strong></span> <span class='ocrx_word' id='word_1_406' title='bbox 3502 3111 3559 3157; x_wconf 87' lang='lat' dir='ltr'><strong>te</strong></span> <span class='ocrx_word' id='word_1_407' title='bbox 3586 3144 3601 3170; x_wconf 93' lang='lat'><strong>,</strong></span> 
     </span>
    </p>
   </div>
   <div class='ocr_carea' id='block_1_63' title="bbox 348 3186 1927 3259">
    <p class='ocr_par' dir='ltr' id='par_1_63' title="bbox 348 3186 1927 3259">
     <span class='ocr_line' id='line_1_63' title="bbox 348 3186 1927 3259; baseline 0.002 -19"><span class='ocrx_word' id='word_1_408' title='bbox 348 3189 490 3259; x_wconf 76' lang='grc' dir='ltr'>πρὶν</span> <span class='ocrx_word' id='word_1_409' title='bbox 514 3188 803 3259; x_wconf 74' lang='grc' dir='ltr'>ἐφοϐήθης,</span> <span class='ocrx_word' id='word_1_410' title='bbox 831 3186 920 3241; x_wconf 79' lang='grc' dir='ltr'>διὰ</span> <span class='ocrx_word' id='word_1_411' title='bbox 954 3188 1053 3258; x_wconf 83' lang='grc' dir='ltr'><strong>τὴν</strong></span> <span class='ocrx_word' id='word_1_412' title='bbox 1080 3187 1296 3258; x_wconf 83' lang='grc' dir='ltr'>βουλὴν,</span> <span class='ocrx_word' id='word_1_413' title='bbox 1344 3188 1411 3257; x_wconf 76' lang='grc' dir='ltr'><strong>ἣν</strong></span> <span class='ocrx_word' id='word_1_414' title='bbox 1443 3188 1785 3258; x_wconf 84' lang='grc' dir='ltr'>βεϐούλευται</span> <span class='ocrx_word' id='word_1_415' title='bbox 1815 3190 1927 3244; x_wconf 83' lang='grc' dir='ltr'><strong>Κύ-</strong></span> 
     </span>
    </p>
   </div>
   <div class='ocr_carea' id='block_1_64' title="bbox 354 3296 497 3352">
    <p class='ocr_par' dir='ltr' id='par_1_64' title="bbox 354 3296 497 3352">
     <span class='ocr_line' id='line_1_64' title="bbox 354 3296 497 3352; baseline 0 -21"><span class='ocrx_word' id='word_1_416' title='bbox 354 3296 497 3352; x_wconf 90' lang='grc' dir='ltr'>ριος.</span> 
     </span>
    </p>
   </div>
   <div class='ocr_carea' id='block_1_65' title="bbox 852 3368 1437 3435">
    <p class='ocr_par' dir='ltr' id='par_1_65' title="bbox 852 3368 1437 3435">
     <span class='ocr_line' id='line_1_65' title="bbox 852 3368 1437 3435; baseline 0 -12"><span class='ocrx_word' id='word_1_417' title='bbox 852 3369 1020 3424; x_wconf 84' lang='grc' dir='ltr'>ΡΛΘ¹.</span> <span class='ocrx_word' id='word_1_418' title='bbox 1042 3400 1114 3409; x_wconf 84' lang='grc'><strong>--</strong></span> <span class='ocrx_word' id='word_1_419' title='bbox 1148 3368 1232 3435; x_wconf 87' lang='grc' dir='ltr'><strong>Τῷ</strong></span> <span class='ocrx_word' id='word_1_420' title='bbox 1258 3368 1437 3435; x_wconf 79' lang='grc' dir='ltr'>αὐτῷ.</span> 
     </span>
    </p>
   </div>
   <div class='ocr_carea' id='block_1_66' title="bbox 430 3461 1931 3535">
    <p class='ocr_par' dir='ltr' id='par_1_66' title="bbox 430 3461 1931 3535">
     <span class='ocr_line' id='line_1_66' title="bbox 430 3461 1931 3535; baseline 0.001 -19"><span class='ocrx_word' id='word_1_421' title='bbox 430 3461 567 3516; x_wconf 85' lang='grc' dir='ltr'>Ποτέ</span> <span class='ocrx_word' id='word_1_422' title='bbox 597 3462 696 3531; x_wconf 80' lang='grc' dir='ltr'><strong>μὲν</strong></span> <span class='ocrx_word' id='word_1_423' title='bbox 730 3463 1063 3534; x_wconf 83' lang='grc' dir='ltr'>κρύπτονται</span> <span class='ocrx_word' id='word_1_424' title='bbox 1091 3462 1239 3517; x_wconf 77' lang='grc' dir='ltr'>ἔνδον</span> <span class='ocrx_word' id='word_1_425' title='bbox 1265 3462 1540 3535; x_wconf 83' lang='grc' dir='ltr'>παρ’ἡμῐν</span> <span class='ocrx_word' id='word_1_426' title='bbox 1570 3465 1618 3517; x_wconf 75' lang='lat' dir='ltr'><strong>oi</strong></span> <span class='ocrx_word' id='word_1_427' title='bbox 1644 3463 1931 3534; x_wconf 85' lang='grc' dir='ltr'>δαιμονιώ-</span> 
     </span>
    </p>
   </div>
   <div class='ocr_carea' id='block_1_67' title="bbox 347 3553 1928 3623">
    <p class='ocr_par' dir='ltr' id='par_1_67' title="bbox 347 3553 1928 3623">
     <span class='ocr_line' id='line_1_67' title="bbox 347 3553 1928 3623; baseline 0.004 -16"><span class='ocrx_word' id='word_1_428' title='bbox 347 3554 470 3617; x_wconf 85' lang='grc' dir='ltr'>δεις</span> <span class='ocrx_word' id='word_1_429' title='bbox 496 3553 783 3623; x_wconf 74' lang='grc' dir='ltr'>λογισμοὶ,</span> <span class='ocrx_word' id='word_1_430' title='bbox 828 3554 958 3607; x_wconf 83' lang='grc' dir='ltr'>ποτὲ</span> <span class='ocrx_word' id='word_1_431' title='bbox 1012 3554 1069 3608; x_wconf 87' lang='grc' dir='ltr'><strong>δέ</strong></span> <span class='ocrx_word' id='word_1_432' title='bbox 1130 3555 1516 3610; x_wconf 81' lang='grc' dir='ltr'>διακύπτουσιν</span> <span class='ocrx_word' id='word_1_433' title='bbox 1561 3556 1653 3609; x_wconf 80' lang='grc' dir='ltr'><strong>ἐπὶ</strong></span> <span class='ocrx_word' id='word_1_434' title='bbox 1693 3556 1759 3611; x_wconf 81' lang='grc' dir='ltr'><strong>τά</strong></span> <span class='ocrx_word' id='word_1_435' title='bbox 1803 3557 1928 3623; x_wconf 80' lang='grc' dir='ltr'>ἔξω,</span> 
     </span>
    </p>
   </div>
   <div class='ocr_carea' id='block_1_68' title="bbox 350 3646 1928 3724">
    <p class='ocr_par' dir='ltr' id='par_1_68' title="bbox 350 3646 1928 3724">
     <span class='ocr_line' id='line_1_68' title="bbox 350 3646 1928 3724; baseline 0.005 -25"><span class='ocrx_word' id='word_1_436' title='bbox 350 3646 781 3714; x_wconf 83' lang='grc' dir='ltr'>κατεπείγοντες</span> <span class='ocrx_word' id='word_1_437' title='bbox 803 3648 946 3716; x_wconf 84' lang='grc' dir='ltr'>ἡμᾶς</span> <span class='ocrx_word' id='word_1_438' title='bbox 968 3649 1048 3712; x_wconf 87' lang='grc' dir='ltr'><strong>είς</strong></span> <span class='ocrx_word' id='word_1_439' title='bbox 1071 3649 1167 3720; x_wconf 83' lang='grc' dir='ltr'>τὴν</span> <span class='ocrx_word' id='word_1_440' title='bbox 1183 3650 1272 3705; x_wconf 83' lang='grc' dir='ltr'>διὰ</span> <span class='ocrx_word' id='word_1_441' title='bbox 1293 3650 1400 3703; x_wconf 89' lang='grc' dir='ltr'><strong>τῶν</strong></span> <span class='ocrx_word' id='word_1_442' title='bbox 1428 3651 1606 3721; x_wconf 80' lang='grc' dir='ltr'>ἔργων</span> <span class='ocrx_word' id='word_1_443' title='bbox 1638 3652 1928 3724; x_wconf 79' lang='grc' dir='ltr'>ἁμαρτίαν.</span> 
     </span>
    </p>
   </div>
   <div class='ocr_carea' id='block_1_69' title="bbox 364 3736 1931 3817">
    <p class='ocr_par' dir='ltr' id='par_1_69' title="bbox 364 3736 1931 3817">
     <span class='ocr_line' id='line_1_69' title="bbox 364 3736 1931 3817; baseline 0.006 -27"><span class='ocrx_word' id='word_1_444' title='bbox 364 3737 513 3790; x_wconf 84' lang='grc' dir='ltr'>Ἀλλ’</span> <span class='ocrx_word' id='word_1_445' title='bbox 552 3739 581 3791; x_wconf 98' lang='lat'><strong>6</strong></span> <span class='ocrx_word' id='word_1_446' title='bbox 614 3736 749 3799; x_wconf 81' lang='grc' dir='ltr'>Θεὸς</span> <span class='ocrx_word' id='word_1_447' title='bbox 778 3739 1149 3809; x_wconf 78' lang='grc' dir='ltr'>παρακληθεὶς</span> <span class='ocrx_word' id='word_1_448' title='bbox 1192 3743 1324 3811; x_wconf 86' lang='grc' dir='ltr'>παρ’</span> <span class='ocrx_word' id='word_1_449' title='bbox 1352 3742 1530 3813; x_wconf 81' lang='grc' dir='ltr'>ήμῶν,</span> <span class='ocrx_word' id='word_1_450' title='bbox 1560 3743 1931 3817; x_wconf 72' lang='grc' dir='ltr'>διασκορπίζει</span> 
     </span>
    </p>
   </div>
   <div class='ocr_carea' id='block_1_70' title="bbox 349 3829 1933 3906">
    <p class='ocr_par' dir='ltr' id='par_1_70' title="bbox 349 3829 1933 3906">
     <span class='ocr_line' id='line_1_70' title="bbox 349 3829 1933 3906; baseline 0.004 -23"><span class='ocrx_word' id='word_1_451' title='bbox 349 3831 578 3893; x_wconf 73' lang='grc' dir='ltr'>αὐτοὺς,</span> <span class='ocrx_word' id='word_1_452' title='bbox 610 3831 706 3883; x_wconf 78' lang='grc' dir='ltr'>καὶ</span> <span class='ocrx_word' id='word_1_453' title='bbox 722 3829 952 3896; x_wconf 76' lang='grc' dir='ltr'>ἐξορίζει</span> <span class='ocrx_word' id='word_1_454' title='bbox 973 3831 1260 3900; x_wconf 82' lang='grc' dir='ltr'>ἀφ’ήμῶν,</span> <span class='ocrx_word' id='word_1_455' title='bbox 1293 3835 1386 3885; x_wconf 79' lang='grc' dir='ltr'><strong>καὶ</strong></span> <span class='ocrx_word' id='word_1_456' title='bbox 1410 3834 1530 3886; x_wconf 88' lang='grc' dir='ltr'>τότε</span> <span class='ocrx_word' id='word_1_457' title='bbox 1560 3836 1933 3906; x_wconf 68' lang='grc' dir='ltr'>ἀνανήψαντες</span> 
     </span>
    </p>
   </div>
   <div class='ocr_carea' id='block_1_71' title="bbox 346 3919 1932 3992">
    <p class='ocr_par' dir='ltr' id='par_1_71' title="bbox 346 3919 1932 3992">
     <span class='ocr_line' id='line_1_71' title="bbox 346 3919 1932 3992; baseline 0.003 -19"><span class='ocrx_word' id='word_1_458' title='bbox 346 3919 473 3973; x_wconf 77' lang='grc' dir='ltr'>ἀπὸ</span> <span class='ocrx_word' id='word_1_459' title='bbox 492 3921 589 3991; x_wconf 78' lang='grc' dir='ltr'>τῆς</span> <span class='ocrx_word' id='word_1_460' title='bbox 619 3923 955 3992; x_wconf 87' lang='grc' dir='ltr'>συγχύσεως,</span> <span class='ocrx_word' id='word_1_461' title='bbox 988 3920 1315 3992; x_wconf 80' lang='grc' dir='ltr'>συλλέγομεν</span> <span class='ocrx_word' id='word_1_462' title='bbox 1336 3924 1580 3988; x_wconf 84' lang='grc' dir='ltr'>ἑαυτοὺς,</span> <span class='ocrx_word' id='word_1_463' title='bbox 1607 3927 1699 3978; x_wconf 57' lang='grc' dir='ltr'><strong>καί¹</strong></span> <span class='ocrx_word' id='word_1_464' title='bbox 1719 3927 1932 3990; x_wconf 75' lang='grc' dir='ltr'>ἀναζω-</span> 
     </span>
    </p>
   </div>
   <div class='ocr_carea' id='block_1_72' title="bbox 346 4007 1931 4082">
    <p class='ocr_par' dir='ltr' id='par_1_72' title="bbox 346 4007 1931 4082">
     <span class='ocr_line' id='line_1_72' title="bbox 346 4007 1931 4082; baseline 0.005 -23"><span class='ocrx_word' id='word_1_465' title='bbox 346 4007 649 4078; x_wconf 79' lang='grc' dir='ltr'>πυροῦμεν</span> <span class='ocrx_word' id='word_1_466' title='bbox 676 4008 753 4078; x_wconf 81' lang='grc' dir='ltr'>τῷ</span> <span class='ocrx_word' id='word_1_467' title='bbox 804 4008 1096 4078; x_wconf 84' lang='grc' dir='ltr'>πνεύματι,</span> <span class='ocrx_word' id='word_1_468' title='bbox 1126 4009 1200 4073; x_wconf 86' lang='grc' dir='ltr'><strong>ὡς</strong></span> <span class='ocrx_word' id='word_1_469' title='bbox 1231 4012 1294 4063; x_wconf 87' lang='grc' dir='ltr'><strong>ἐκ</strong></span> <span class='ocrx_word' id='word_1_470' title='bbox 1343 4010 1552 4082; x_wconf 86' lang='grc' dir='ltr'>νεκρῶν</span> <span class='ocrx_word' id='word_1_471' title='bbox 1580 4014 1931 4078; x_wconf 83' lang='grc' dir='ltr'>ἀναστάντες,</span> 
     </span>
    </p>
   </div>
   <div class='ocr_carea' id='block_1_73' title="bbox 347 4098 1935 4171">
    <p class='ocr_par' dir='ltr' id='par_1_73' title="bbox 347 4098 1935 4171">
     <span class='ocr_line' id='line_1_73' title="bbox 347 4098 1935 4171; baseline 0.003 -18"><span class='ocrx_word' id='word_1_472' title='bbox 347 4100 460 4153; x_wconf 71' lang='grc' dir='ltr'><strong>καὶ</strong></span> <span class='ocrx_word' id='word_1_473' title='bbox 484 4100 562 4163; x_wconf 87' lang='grc' dir='ltr'><strong>είς</strong></span> <span class='ocrx_word' id='word_1_474' title='bbox 586 4098 648 4151; x_wconf 81' lang='grc' dir='ltr'><strong>τὸ</strong></span> <span class='ocrx_word' id='word_1_475' title='bbox 678 4099 814 4153; x_wconf 83' lang='grc' dir='ltr'>κατά</span> <span class='ocrx_word' id='word_1_476' title='bbox 845 4099 1007 4169; x_wconf 79' lang='grc' dir='ltr'>φύσιν</span> <span class='ocrx_word' id='word_1_477' title='bbox 1036 4098 1169 4170; x_wconf 74' lang='grc' dir='ltr'>ὕψος</span> <span class='ocrx_word' id='word_1_478' title='bbox 1189 4102 1289 4171; x_wconf 82' lang='grc' dir='ltr'>τῆς</span> <span class='ocrx_word' id='word_1_479' title='bbox 1314 4102 1583 4167; x_wconf 82' lang='grc' dir='ltr'>ἀπαθείας</span> <span class='ocrx_word' id='word_1_480' title='bbox 1613 4104 1935 4170; x_wconf 79' lang='grc' dir='ltr'>ἀναϐιϐαζό-</span> 
     </span>
    </p>
   </div>
   <div class='ocr_carea' id='block_1_74' title="bbox 349 4188 1933 4264">
    <p class='ocr_par' dir='ltr' id='par_1_74' title="bbox 349 4188 1933 4264">
     <span class='ocr_line' id='line_1_74' title="bbox 349 4188 1933 4264; baseline 0.002 -22"><span class='ocrx_word' id='word_1_481' title='bbox 349 4206 540 4259; x_wconf 86' lang='grc' dir='ltr'>μενοι,</span> <span class='ocrx_word' id='word_1_482' title='bbox 574 4188 978 4260; x_wconf 76' lang='grc' dir='ltr'>δοξολογοῦμεν,</span> <span class='ocrx_word' id='word_1_483' title='bbox 1041 4190 1132 4244; x_wconf 74' lang='grc' dir='ltr'><strong>καὶ</strong></span> <span class='ocrx_word' id='word_1_484' title='bbox 1160 4190 1436 4262; x_wconf 81' lang='grc' dir='ltr'>ὑμνοῦμεν</span> <span class='ocrx_word' id='word_1_485' title='bbox 1476 4192 1569 4245; x_wconf 81' lang='grc' dir='ltr'>τὸν</span> <span class='ocrx_word' id='word_1_486' title='bbox 1598 4193 1820 4264; x_wconf 89' lang='grc' dir='ltr'>Κύριον,</span> <span class='ocrx_word' id='word_1_487' title='bbox 1854 4196 1933 4259; x_wconf 80' lang='grc' dir='ltr'>εἰς</span> 
     </span>
    </p>
   </div>
   <div class='ocr_carea' id='block_1_75' title="bbox 345 4279 1933 4351">
    <p class='ocr_par' dir='ltr' id='par_1_75' title="bbox 345 4279 1933 4351">
     <span class='ocr_line' id='line_1_75' title="bbox 345 4279 1933 4351; baseline 0.006 -20"><span class='ocrx_word' id='word_1_488' title='bbox 345 4279 590 4347; x_wconf 68' lang='grc' dir='ltr'>ἀγαθὸν,</span> <span class='ocrx_word' id='word_1_489' title='bbox 640 4279 735 4332; x_wconf 81' lang='grc' dir='ltr'><strong>καὶ</strong></span> <span class='ocrx_word' id='word_1_490' title='bbox 781 4279 1076 4350; x_wconf 80' lang='grc' dir='ltr'>εύαρέστον</span> <span class='ocrx_word' id='word_1_491' title='bbox 1117 4279 1196 4351; x_wconf 82' lang='grc' dir='ltr'>τῷ</span> <span class='ocrx_word' id='word_1_492' title='bbox 1232 4280 1353 4351; x_wconf 86' lang='grc' dir='ltr'><strong>Θεῷ</strong></span> <span class='ocrx_word' id='word_1_493' title='bbox 1405 4282 1555 4347; x_wconf 82' lang='grc' dir='ltr'>τέλος</span> <span class='ocrx_word' id='word_1_494' title='bbox 1589 4284 1681 4337; x_wconf 81' lang='grc' dir='ltr'>τὸν</span> <span class='ocrx_word' id='word_1_495' title='bbox 1726 4285 1933 4340; x_wconf 83' lang='grc' dir='ltr'>ἑαυτῶν</span> 
     </span>
    </p>
   </div>
   <div class='ocr_carea' id='block_1_76' title="bbox 344 4368 1933 4446">
    <p class='ocr_par' dir='ltr' id='par_1_76' title="bbox 344 4368 1933 4446">
     <span class='ocr_line' id='line_1_76' title="bbox 344 4368 1933 4446; baseline 0.004 -23"><span class='ocrx_word' id='word_1_496' title='bbox 344 4369 775 4431; x_wconf 77' lang='grc' dir='ltr'>καταπαύοντες</span> <span class='ocrx_word' id='word_1_497' title='bbox 813 4368 947 4439; x_wconf 84' lang='grc' dir='ltr'>βίον.</span> <span class='ocrx_word' id='word_1_498' title='bbox 982 4370 1093 4424; x_wconf 72' lang='grc' dir='ltr'><strong>Καὶ</strong></span> <span class='ocrx_word' id='word_1_499' title='bbox 1140 4371 1317 4435; x_wconf 76' lang='grc' dir='ltr'>τοῦτο,</span> <span class='ocrx_word' id='word_1_500' title='bbox 1352 4368 1527 4443; x_wconf 78' lang='grc' dir='ltr'>οἶμαι,</span> <span class='ocrx_word' id='word_1_501' title='bbox 1556 4375 1617 4426; x_wconf 86' lang='grc' dir='ltr'><strong>τὸ</strong></span> <span class='ocrx_word' id='word_1_502' title='bbox 1643 4376 1933 4446; x_wconf 71' lang='grc' dir='ltr'>εἰρημένον</span> 
     </span>
    </p>
   </div>
   <div class='ocr_carea' id='block_1_77' title="bbox 2030 3187 3531 3257">
    <p class='ocr_par' dir='ltr' id='par_1_77' title="bbox 2030 3187 3531 3257">
     <span class='ocr_line' id='line_1_77' title="bbox 2030 3187 3531 3257; baseline 0.003 -17"><span class='ocrx_word' id='word_1_503' title='bbox 2030 3192 2255 3257; x_wconf 88' lang='lat' dir='ltr'><strong>propter</strong></span> <span class='ocrx_word' id='word_1_504' title='bbox 2281 3187 2573 3241; x_wconf 83' lang='lat' dir='ltr'><strong>consilium</strong></span> <span class='ocrx_word' id='word_1_505' title='bbox 2602 3226 2618 3251; x_wconf 89' lang='lat'><strong>,</strong></span> <span class='ocrx_word' id='word_1_506' title='bbox 2651 3188 2799 3256; x_wconf 88' lang='lat' dir='ltr'><strong>quod</strong></span> <span class='ocrx_word' id='word_1_507' title='bbox 2834 3188 2972 3244; x_wconf 87' lang='lat' dir='ltr'><strong>bene</strong></span> <span class='ocrx_word' id='word_1_508' title='bbox 2999 3192 3219 3245; x_wconf 88' lang='lat' dir='ltr'><strong>censuit</strong></span> <span class='ocrx_word' id='word_1_509' title='bbox 3249 3190 3531 3248; x_wconf 84' lang='lat' dir='ltr'><strong>Dominus.</strong></span> 
     </span>
    </p>
   </div>
   <div class='ocr_carea' id='block_1_78' title="bbox 2506 3367 3123 3425">
    <p class='ocr_par' dir='ltr' id='par_1_78' title="bbox 2506 3367 3123 3425">
     <span class='ocr_line' id='line_1_78' title="bbox 2506 3367 3123 3425; baseline 0.002 -1"><span class='ocrx_word' id='word_1_510' title='bbox 2506 3367 2793 3425; x_wconf 83' lang='lat' dir='ltr'><strong>CXXXIX.</strong></span> <span class='ocrx_word' id='word_1_511' title='bbox 2822 3401 2887 3413; x_wconf 81' lang='lat'><strong>——</strong></span> <span class='ocrx_word' id='word_1_512' title='bbox 2920 3370 3123 3425; x_wconf 79' lang='lat' dir='ltr'><strong>Eidem.</strong></span> 
     </span>
    </p>
   </div>
   <div class='ocr_carea' id='block_1_79' title="bbox 2100 3460 3602 3537">
    <p class='ocr_par' dir='ltr' id='par_1_79' title="bbox 2100 3460 3602 3537">
     <span class='ocr_line' id='line_1_79' title="bbox 2100 3460 3602 3537; baseline 0.007 -23"><span class='ocrx_word' id='word_1_513' title='bbox 2100 3460 2257 3515; x_wconf 84' lang='lat' dir='ltr'><strong>Nunc</strong></span> <span class='ocrx_word' id='word_1_514' title='bbox 2296 3460 2515 3530; x_wconf 88' lang='lat' dir='ltr'><strong>quidem</strong></span> <span class='ocrx_word' id='word_1_515' title='bbox 2547 3462 2692 3516; x_wconf 91' lang='lat' dir='ltr'><strong>intra</strong></span> <span class='ocrx_word' id='word_1_516' title='bbox 2718 3477 2822 3517; x_wconf 91' lang='lat' dir='ltr'><strong>nos</strong></span> <span class='ocrx_word' id='word_1_517' title='bbox 2853 3462 3209 3520; x_wconf 72' lang='lat' dir='ltr'><strong>daemoniacze</strong></span> <span class='ocrx_word' id='word_1_518' title='bbox 3235 3466 3602 3537; x_wconf 70' lang='lat' dir='ltr'><strong>cogitationes</strong></span> 
     </span>
    </p>
   </div>
   <div class='ocr_carea' id='block_1_80' title="bbox 2033 3551 3604 3627">
    <p class='ocr_par' dir='ltr' id='par_1_80' title="bbox 2033 3551 3604 3627">
     <span class='ocr_line' id='line_1_80' title="bbox 2033 3551 3604 3627; baseline 0.01 -24"><span class='ocrx_word' id='word_1_519' title='bbox 2033 3551 2475 3617; x_wconf 87' lang='lat' dir='ltr'><strong>absconduntur,</strong></span> <span class='ocrx_word' id='word_1_520' title='bbox 2504 3567 2647 3606; x_wconf 90' lang='lat' dir='ltr'><strong>nunc</strong></span> <span class='ocrx_word' id='word_1_521' title='bbox 2668 3568 2799 3609; x_wconf 88' lang='lat' dir='ltr'><strong>vero</strong></span> <span class='ocrx_word' id='word_1_522' title='bbox 2821 3555 2887 3609; x_wconf 89' lang='lat' dir='ltr'><strong>ad</strong></span> <span class='ocrx_word' id='word_1_523' title='bbox 2922 3555 3198 3611; x_wconf 82' lang='lat' dir='ltr'><strong>exteriora</strong></span> <span class='ocrx_word' id='word_1_524' title='bbox 3230 3571 3487 3627; x_wconf 88' lang='lat' dir='ltr'><strong>promunt</strong></span> <span class='ocrx_word' id='word_1_525' title='bbox 3512 3576 3604 3626; x_wconf 85' lang='lat' dir='ltr'><strong>sc,</strong></span> 
     </span>
    </p>
   </div>
   <div class='ocr_carea' id='block_1_81' title="bbox 2032 3643 3604 3719">
    <p class='ocr_par' dir='ltr' id='par_1_81' title="bbox 2032 3643 3604 3719">
     <span class='ocr_line' id='line_1_81' title="bbox 2032 3643 3604 3719; baseline 0.008 -24"><span class='ocrx_word' id='word_1_526' title='bbox 2032 3656 2134 3696; x_wconf 85' lang='lat' dir='ltr'><strong>nos</strong></span> <span class='ocrx_word' id='word_1_527' title='bbox 2172 3643 2227 3696; x_wconf 92' lang='lat' dir='ltr'><strong>in</strong></span> <span class='ocrx_word' id='word_1_528' title='bbox 2275 3650 2602 3714; x_wconf 76' lang='lat' dir='ltr'><strong>peccatum,</strong></span> <span class='ocrx_word' id='word_1_529' title='bbox 2652 3644 2796 3713; x_wconf 90' lang='lat' dir='ltr'><strong>quod</strong></span> <span class='ocrx_word' id='word_1_530' title='bbox 2833 3661 2997 3715; x_wconf 87' lang='lat' dir='ltr'><strong>opere</strong></span> <span class='ocrx_word' id='word_1_531' title='bbox 3043 3646 3141 3713; x_wconf 87' lang='lat' dir='ltr'><strong>fit,</strong></span> <span class='ocrx_word' id='word_1_532' title='bbox 3190 3652 3604 3719; x_wconf 88' lang='lat' dir='ltr'><strong>compellentes.</strong></span> 
     </span>
    </p>
   </div>
   <div class='ocr_carea' id='block_1_82' title="bbox 2032 3732 3609 3815">
    <p class='ocr_par' dir='ltr' id='par_1_82' title="bbox 2032 3732 3609 3815">
     <span class='ocr_line' id='line_1_82' title="bbox 2032 3732 3609 3815; baseline 0.006 -26"><span class='ocrx_word' id='word_1_533' title='bbox 2032 3732 2139 3790; x_wconf 77' lang='lat' dir='ltr'><strong>Sed</strong></span> <span class='ocrx_word' id='word_1_534' title='bbox 2168 3732 2313 3791; x_wconf 90' lang='lat' dir='ltr'><strong>Deus</strong></span> <span class='ocrx_word' id='word_1_535' title='bbox 2343 3733 2646 3792; x_wconf 79' lang='lat' dir='ltr'><strong>advocatus</strong></span> <span class='ocrx_word' id='word_1_536' title='bbox 2668 3750 2698 3792; x_wconf 88' lang='lat' dir='ltr'><strong>a</strong></span> <span class='ocrx_word' id='word_1_537' title='bbox 2734 3736 2894 3794; x_wconf 87' lang='lat' dir='ltr'><strong>nobis</strong></span> <span class='ocrx_word' id='word_1_538' title='bbox 2921 3752 3015 3793; x_wconf 89' lang='lat' dir='ltr'><strong>eas</strong></span> <span class='ocrx_word' id='word_1_539' title='bbox 3045 3738 3315 3810; x_wconf 87' lang='lat' dir='ltr'><strong>disperdit</strong></span> <span class='ocrx_word' id='word_1_540' title='bbox 3343 3742 3609 3815; x_wconf 82' lang='lat' dir='ltr'><strong>longeque</strong></span> 
     </span>
    </p>
   </div>
   <div class='ocr_carea' id='block_1_83' title="bbox 2032 3827 3606 3900">
    <p class='ocr_par' dir='ltr' id='par_1_83' title="bbox 2032 3827 3606 3900">
     <span class='ocr_line' id='line_1_83' title="bbox 2032 3827 3606 3900; baseline 0.006 -22"><span class='ocrx_word' id='word_1_541' title='bbox 2032 3827 2288 3880; x_wconf 87' lang='lat' dir='ltr'><strong>amandat</strong></span> <span class='ocrx_word' id='word_1_542' title='bbox 2320 3847 2333 3880; x_wconf 89' lang='lat'><strong>:</strong></span> <span class='ocrx_word' id='word_1_543' title='bbox 2363 3835 2418 3881; x_wconf 90' lang='lat' dir='ltr'><strong>et</strong></span> <span class='ocrx_word' id='word_1_544' title='bbox 2448 3834 2580 3880; x_wconf 91' lang='lat' dir='ltr'><strong>tunc</strong></span> <span class='ocrx_word' id='word_1_545' title='bbox 2605 3828 2674 3881; x_wconf 87' lang='lat' dir='ltr'><strong>ab</strong></span> <span class='ocrx_word' id='word_1_546' title='bbox 2701 3843 2767 3882; x_wconf 90' lang='lat' dir='ltr'><strong>ea</strong></span> <span class='ocrx_word' id='word_1_547' title='bbox 2806 3827 3133 3884; x_wconf 82' lang='lat' dir='ltr'><strong>confusione</strong></span> <span class='ocrx_word' id='word_1_548' title='bbox 3176 3832 3568 3900; x_wconf 88' lang='lat' dir='ltr'><strong>resipiscentes</strong></span> <span class='ocrx_word' id='word_1_549' title='bbox 3592 3875 3606 3895; x_wconf 85' lang='lat'><strong>,</strong></span> 
     </span>
    </p>
   </div>
   <div class='ocr_carea' id='block_1_84' title="bbox 2033 3918 3612 3990">
    <p class='ocr_par' dir='ltr' id='par_1_84' title="bbox 2033 3918 3612 3990">
     <span class='ocr_line' id='line_1_84' title="bbox 2033 3918 3612 3990; baseline 0.004 -20"><span class='ocrx_word' id='word_1_550' title='bbox 2033 3918 2405 3988; x_wconf 87' lang='lat' dir='ltr'><strong>nosmetipsos</strong></span> <span class='ocrx_word' id='word_1_551' title='bbox 2444 3919 2813 3988; x_wconf 85' lang='lat' dir='ltr'><strong>colligimus,</strong></span> <span class='ocrx_word' id='word_1_552' title='bbox 2877 3920 3039 3990; x_wconf 80' lang='lat'><strong>179</strong></span> <span class='ocrx_word' id='word_1_553' title='bbox 3100 3928 3155 3975; x_wconf 90' lang='lat' dir='ltr'><strong>et</strong></span> <span class='ocrx_word' id='word_1_554' title='bbox 3217 3923 3612 3977; x_wconf 81' lang='lat' dir='ltr'><strong>recalescimus</strong></span> 
     </span>
    </p>
   </div>
   <div class='ocr_carea' id='block_1_85' title="bbox 2034 4009 3615 4079">
    <p class='ocr_par' dir='ltr' id='par_1_85' title="bbox 2034 4009 3615 4079">
     <span class='ocr_line' id='line_1_85' title="bbox 2034 4009 3615 4079; baseline 0.004 -15"><span class='ocrx_word' id='word_1_555' title='bbox 2034 4009 2267 4077; x_wconf 88' lang='lat' dir='ltr'><strong>spiritu,</strong></span> <span class='ocrx_word' id='word_1_556' title='bbox 2318 4024 2381 4063; x_wconf 93' lang='lat' dir='ltr'><strong>ac</strong></span> <span class='ocrx_word' id='word_1_557' title='bbox 2431 4011 2477 4064; x_wconf 89' lang='lat' dir='ltr'><strong>si</strong></span> <span class='ocrx_word' id='word_1_558' title='bbox 2533 4025 2600 4065; x_wconf 82' lang='lat' dir='ltr'><strong>ex</strong></span> <span class='ocrx_word' id='word_1_559' title='bbox 2640 4013 2875 4066; x_wconf 86' lang='lat' dir='ltr'><strong>mortuis</strong></span> <span class='ocrx_word' id='word_1_560' title='bbox 2920 4016 3427 4079; x_wconf 79' lang='lat' dir='ltr'><strong>resurrexerimus,</strong></span> <span class='ocrx_word' id='word_1_561' title='bbox 3470 4025 3523 4070; x_wconf 90' lang='lat' dir='ltr'><strong>et</strong></span> <span class='ocrx_word' id='word_1_562' title='bbox 3558 4017 3615 4070; x_wconf 91' lang='lat' dir='ltr'><strong>in</strong></span> 
     </span>
    </p>
   </div>
   <div class='ocr_carea' id='block_1_86' title="bbox 2033 4100 3613 4171">
    <p class='ocr_par' dir='ltr' id='par_1_86' title="bbox 2033 4100 3613 4171">
     <span class='ocr_line' id='line_1_86' title="bbox 2033 4100 3613 4171; baseline 0.003 -16"><span class='ocrx_word' id='word_1_563' title='bbox 2033 4100 2430 4155; x_wconf 85' lang='lat' dir='ltr'><strong>sublimitatem</strong></span> <span class='ocrx_word' id='word_1_564' title='bbox 2455 4142 2469 4167; x_wconf 89' lang='lat'><strong>,</strong></span> <span class='ocrx_word' id='word_1_565' title='bbox 2502 4116 2627 4170; x_wconf 72' lang='lat' dir='ltr'><strong>qua:</strong></span> <span class='ocrx_word' id='word_1_566' title='bbox 2671 4103 2977 4156; x_wconf 86' lang='lat' dir='ltr'><strong>secundum</strong></span> <span class='ocrx_word' id='word_1_567' title='bbox 3023 4111 3277 4155; x_wconf 88' lang='lat' dir='ltr'><strong>naturam</strong></span> <span class='ocrx_word' id='word_1_568' title='bbox 3308 4113 3392 4158; x_wconf 90' lang='lat' dir='ltr'><strong>est</strong></span> <span class='ocrx_word' id='word_1_569' title='bbox 3414 4147 3428 4171; x_wconf 89' lang='lat'><strong>,</strong></span> <span class='ocrx_word' id='word_1_570' title='bbox 3461 4112 3613 4160; x_wconf 91' lang='lat' dir='ltr'><strong>tran-</strong></span> 
     </span>
    </p>
   </div>
   <div class='ocr_carea' id='block_1_87' title="bbox 2034 4191 3616 4265">
    <p class='ocr_par' dir='ltr' id='par_1_87' title="bbox 2034 4191 3616 4265">
     <span class='ocr_line' id='line_1_87' title="bbox 2034 4191 3616 4265; baseline 0.004 -20"><span class='ocrx_word' id='word_1_571' title='bbox 2034 4192 2370 4262; x_wconf 90' lang='lat' dir='ltr'><strong>quillitatis,</strong></span> <span class='ocrx_word' id='word_1_572' title='bbox 2426 4192 2564 4245; x_wconf 92' lang='lat' dir='ltr'><strong>nulli</strong></span> <span class='ocrx_word' id='word_1_573' title='bbox 2622 4191 3024 4260; x_wconf 86' lang='lat' dir='ltr'><strong>perturbationi</strong></span> <span class='ocrx_word' id='word_1_574' title='bbox 3078 4192 3342 4259; x_wconf 83' lang='lat' dir='ltr'><strong>obnoxii,</strong></span> <span class='ocrx_word' id='word_1_575' title='bbox 3383 4198 3616 4265; x_wconf 85' lang='lat' dir='ltr'><strong>gradum</strong></span> 
     </span>
    </p>
   </div>
   <div class='ocr_carea' id='block_1_88' title="bbox 2035 4284 3614 4355">
    <p class='ocr_par' dir='ltr' id='par_1_88' title="bbox 2035 4284 3614 4355">
     <span class='ocr_line' id='line_1_88' title="bbox 2035 4284 3614 4355; baseline 0.001 -13"><span class='ocrx_word' id='word_1_576' title='bbox 2035 4288 2342 4350; x_wconf 79' lang='lat' dir='ltr'><strong>facientes,</strong></span> <span class='ocrx_word' id='word_1_577' title='bbox 2415 4284 2784 4354; x_wconf 85' lang='lat' dir='ltr'><strong>glorificamus</strong></span> <span class='ocrx_word' id='word_1_578' title='bbox 2837 4292 2891 4338; x_wconf 92' lang='lat' dir='ltr'><strong>et</strong></span> <span class='ocrx_word' id='word_1_579' title='bbox 2941 4284 3231 4341; x_wconf 92' lang='lat' dir='ltr'><strong>laudamus</strong></span> <span class='ocrx_word' id='word_1_580' title='bbox 3291 4287 3614 4355; x_wconf 87' lang='lat' dir='ltr'><strong>Dominum,</strong></span> 
     </span>
    </p>
   </div>
   <div class='ocr_carea' id='block_1_89' title="bbox 2037 4374 3609 4446">
    <p class='ocr_par' dir='ltr' id='par_1_89' title="bbox 2037 4374 3609 4446">
     <span class='ocr_line' id='line_1_89' title="bbox 2037 4374 3609 4446; baseline 0.004 -17"><span class='ocrx_word' id='word_1_581' title='bbox 2037 4377 2091 4429; x_wconf 93' lang='lat' dir='ltr'><strong>in</strong></span> <span class='ocrx_word' id='word_1_582' title='bbox 2119 4377 2265 4430; x_wconf 87' lang='lat' dir='ltr'><strong>bono</strong></span> <span class='ocrx_word' id='word_1_583' title='bbox 2292 4383 2559 4446; x_wconf 82' lang='lat' dir='ltr'><strong>grathue</strong></span> <span class='ocrx_word' id='word_1_584' title='bbox 2587 4374 2697 4430; x_wconf 90' lang='lat' dir='ltr'><strong>Deo</strong></span> <span class='ocrx_word' id='word_1_585' title='bbox 2728 4375 2835 4428; x_wconf 85' lang='lat' dir='ltr'><strong>fine</strong></span> <span class='ocrx_word' id='word_1_586' title='bbox 2869 4375 3036 4429; x_wconf 85' lang='lat' dir='ltr'><strong>vitam</strong></span> <span class='ocrx_word' id='word_1_587' title='bbox 3090 4386 3378 4446; x_wconf 86' lang='lat' dir='ltr'><strong>ponentes.</strong></span> <span class='ocrx_word' id='word_1_588' title='bbox 3412 4378 3475 4434; x_wconf 87' lang='lat' dir='ltr'><strong>Et</strong></span> <span class='ocrx_word' id='word_1_589' title='bbox 3501 4379 3609 4436; x_wconf 89' lang='lat' dir='ltr'><strong>hoc</strong></span> 
     </span>
    </p>
   </div>
   <div class='ocr_carea' id='block_1_90' title="bbox 344 4450 1926 4537">
    <p class='ocr_par' dir='ltr' id='par_1_90' title="bbox 344 4458 1926 4535">
     <span class='ocr_line' id='line_1_90' title="bbox 344 4458 1926 4535; baseline 0.004 -24"><span class='ocrx_word' id='word_1_590' title='bbox 344 4458 438 4529; x_wconf 76' lang='grc' dir='ltr'>τῷ</span> <span class='ocrx_word' id='word_1_591' title='bbox 468 4460 723 4531; x_wconf 85' lang='grc' dir='ltr'>μακαρίῳ</span> <span class='ocrx_word' id='word_1_592' title='bbox 775 4458 958 4525; x_wconf 78' lang='grc' dir='ltr'>Δαυῒδ,</span> <span class='ocrx_word' id='word_1_593' title='bbox 986 4461 1067 4513; x_wconf 82' lang='grc' dir='ltr'>ὅτι</span> <span class='ocrx_word' id='word_1_594' title='bbox 1100 4462 1371 4531; x_wconf 64' lang='grc' dir='ltr'>Διέκυψαν</span> <span class='ocrx_word' id='word_1_595' title='bbox 1396 4464 1597 4526; x_wconf 79' lang='grc' dir='ltr'>πάντες</span> <span class='ocrx_word' id='word_1_596' title='bbox 1624 4466 1671 4516; x_wconf 91' lang='grc' dir='ltr'>οἱ</span> <span class='ocrx_word' id='word_1_597' title='bbox 1707 4465 1926 4535; x_wconf 75' lang='grc' dir='ltr'>ἐργαζό·</span> 
     </span>
    </p>
   </div>
   <div class='ocr_carea' id='block_1_91' title="bbox 2026 4450 3615 4537">
    <p class='ocr_par' dir='ltr' id='par_1_91' title="bbox 2040 4467 3615 4537">
     <span class='ocr_line' id='line_1_91' title="bbox 2040 4467 3615 4537; baseline 0.003 -14"><span class='ocrx_word' id='word_1_598' title='bbox 2040 4474 2159 4533; x_wconf 89' lang='lat' dir='ltr'><strong>est,</strong></span> <span class='ocrx_word' id='word_1_599' title='bbox 2194 4474 2255 4520; x_wconf 91' lang='lat' dir='ltr'><strong>ut</strong></span> <span class='ocrx_word' id='word_1_600' title='bbox 2294 4469 2591 4530; x_wconf 67' lang='lat' dir='ltr'><strong>existimo,</strong></span> <span class='ocrx_word' id='word_1_601' title='bbox 2646 4467 2789 4537; x_wconf 92' lang='lat' dir='ltr'><strong>quod</strong></span> <span class='ocrx_word' id='word_1_602' title='bbox 2837 4468 3061 4524; x_wconf 89' lang='lat' dir='ltr'><strong>divinus</strong></span> <span class='ocrx_word' id='word_1_603' title='bbox 3113 4470 3329 4525; x_wconf 84' lang='lat' dir='ltr'><strong>dixerat</strong></span> <span class='ocrx_word' id='word_1_604' title='bbox 3382 4471 3551 4527; x_wconf 86' lang='lat' dir='ltr'><strong>David</strong></span> <span class='ocrx_word' id='word_1_605' title='bbox 3602 4491 3615 4527; x_wconf 89' lang='lat'>:</span> 
     </span>
    </p>
   </div>
   <div class='ocr_carea' id='block_1_92' title="bbox 350 4550 1939 4623">
    <p class='ocr_par' dir='ltr' id='par_1_92' title="bbox 350 4550 1939 4623">
     <span class='ocr_line' id='line_1_92' title="bbox 350 4550 1939 4623; baseline 0.003 -20"><span class='ocrx_word' id='word_1_606' title='bbox 350 4566 522 4620; x_wconf 80' lang='grc' dir='ltr'>μενοι</span> <span class='ocrx_word' id='word_1_607' title='bbox 569 4550 666 4622; x_wconf 82' lang='grc' dir='ltr'>τὴν</span> <span class='ocrx_word' id='word_1_608' title='bbox 699 4550 957 4621; x_wconf 79' lang='grc' dir='ltr'>ἀνομίαν,</span> <span class='ocrx_word' id='word_1_609' title='bbox 1005 4551 1157 4615; x_wconf 83' lang='grc' dir='ltr'>ὅπως</span> <span class='ocrx_word' id='word_1_610' title='bbox 1203 4550 1269 4604; x_wconf 85' lang='grc' dir='ltr'>ἂν</span> <span class='ocrx_word' id='word_1_611' title='bbox 1309 4551 1786 4623; x_wconf 79' lang='grc' dir='ltr'>ἐξολοθρευθῶσιν,</span> <span class='ocrx_word' id='word_1_612' title='bbox 1844 4556 1939 4608; x_wconf 77' lang='grc' dir='ltr'><strong>καὶ</strong></span> 
     </span>
    </p>
   </div>
   <div class='ocr_carea' id='block_1_93' title="bbox 348 4640 1940 4716">
    <p class='ocr_par' dir='ltr' id='par_1_93' title="bbox 348 4640 1940 4716">
     <span class='ocr_line' id='line_1_93' title="bbox 348 4640 1940 4716; baseline 0.004 -22"><span class='ocrx_word' id='word_1_613' title='bbox 348 4640 711 4714; x_wconf 65' lang='grc' dir='ltr'>ὑψωθήσεται</span> <span class='ocrx_word' id='word_1_614' title='bbox 745 4644 820 4706; x_wconf 84' lang='grc' dir='ltr'>ὡς</span> <span class='ocrx_word' id='word_1_615' title='bbox 859 4643 1228 4715; x_wconf 85' lang='grc' dir='ltr'>μονοκέρωτος</span> <span class='ocrx_word' id='word_1_616' title='bbox 1281 4643 1342 4695; x_wconf 82' lang='grc' dir='ltr'><strong>τὸ</strong></span> <span class='ocrx_word' id='word_1_617' title='bbox 1375 4643 1545 4713; x_wconf 85' lang='grc' dir='ltr'>κέρας</span> <span class='ocrx_word' id='word_1_618' title='bbox 1576 4662 1699 4715; x_wconf 90' lang='grc' dir='ltr'>μου,</span> <span class='ocrx_word' id='word_1_619' title='bbox 1738 4646 1940 4716; x_wconf 81' lang='grc' dir='ltr'>δηλαδὴ</span> 
     </span>
    </p>
   </div>
   <div class='ocr_carea' id='block_1_94' title="bbox 342 4733 1939 4807">
    <p class='ocr_par' dir='ltr' id='par_1_94' title="bbox 342 4733 1939 4807">
     <span class='ocr_line' id='line_1_94' title="bbox 342 4733 1939 4807; baseline 0.004 -23"><span class='ocrx_word' id='word_1_620' title='bbox 342 4734 415 4786; x_wconf 79' lang='grc' dir='ltr'><strong>τὸ</strong></span> <span class='ocrx_word' id='word_1_621' title='bbox 449 4735 658 4803; x_wconf 71' lang='grc' dir='ltr'>κρατος</span> <span class='ocrx_word' id='word_1_622' title='bbox 682 4735 779 4805; x_wconf 83' lang='grc' dir='ltr'>τῆς</span> <span class='ocrx_word' id='word_1_623' title='bbox 810 4733 960 4797; x_wconf 87' lang='grc' dir='ltr'>θείας</span> <span class='ocrx_word' id='word_1_624' title='bbox 1008 4735 1294 4801; x_wconf 83' lang='grc' dir='ltr'>ἀπαθείας,</span> <span class='ocrx_word' id='word_1_625' title='bbox 1342 4735 1435 4788; x_wconf 74' lang='grc' dir='ltr'><strong>καὶ</strong></span> <span class='ocrx_word' id='word_1_626' title='bbox 1458 4735 1521 4787; x_wconf 83' lang='grc' dir='ltr'><strong>τὸ</strong></span> <span class='ocrx_word' id='word_1_627' title='bbox 1557 4738 1732 4807; x_wconf 80' lang='grc' dir='ltr'>γῆράς</span> <span class='ocrx_word' id='word_1_628' title='bbox 1757 4754 1858 4807; x_wconf 84' lang='grc' dir='ltr'><strong>μου</strong></span> <span class='ocrx_word' id='word_1_629' title='bbox 1882 4739 1939 4790; x_wconf 93' lang='grc' dir='ltr'><strong>ἐν</strong></span> 
     </span>
    </p>
   </div>
   <div class='ocr_carea' id='block_1_95' title="bbox 342 4823 1939 4898">
    <p class='ocr_par' dir='ltr' id='par_1_95' title="bbox 342 4823 1939 4898">
     <span class='ocr_line' id='line_1_95' title="bbox 342 4823 1939 4898; baseline 0.003 -23"><span class='ocrx_word' id='word_1_630' title='bbox 342 4823 536 4894; x_wconf 74' lang='grc' dir='ltr'>ἐλαίῳ</span> <span class='ocrx_word' id='word_1_631' title='bbox 567 4825 751 4878; x_wconf 90' lang='grc' dir='ltr'>πίονι·</span> <span class='ocrx_word' id='word_1_632' title='bbox 779 4824 858 4896; x_wconf 80' lang='grc' dir='ltr'>τῷ</span> <span class='ocrx_word' id='word_1_633' title='bbox 889 4825 998 4894; x_wconf 86' lang='grc' dir='ltr'><strong>γὰρ</strong></span> <span class='ocrx_word' id='word_1_634' title='bbox 1053 4824 1228 4897; x_wconf 81' lang='grc' dir='ltr'>νοητῷ</span> <span class='ocrx_word' id='word_1_635' title='bbox 1276 4826 1440 4897; x_wconf 82' lang='grc' dir='ltr'>ἐλαίῳ</span> <span class='ocrx_word' id='word_1_636' title='bbox 1481 4826 1575 4879; x_wconf 78' lang='grc' dir='ltr'><strong>τοῦ</strong></span> <span class='ocrx_word' id='word_1_637' title='bbox 1620 4827 1939 4898; x_wconf 82' lang='grc' dir='ltr'>Κρείττονος</span> 
     </span>
    </p>
   </div>
   <div class='ocr_carea' id='block_1_96' title="bbox 340 4916 1944 4991">
    <p class='ocr_par' dir='ltr' id='par_1_96' title="bbox 340 4916 1944 4991">
     <span class='ocr_line' id='line_1_96' title="bbox 340 4916 1944 4991; baseline 0.004 -24"><span class='ocrx_word' id='word_1_638' title='bbox 340 4916 749 4986; x_wconf 74' lang='grc' dir='ltr'>πιανθήσεται,</span> <span class='ocrx_word' id='word_1_639' title='bbox 801 4918 989 4988; x_wconf 73' lang='grc' dir='ltr'>φησὶν,</span> <span class='ocrx_word' id='word_1_640' title='bbox 1044 4920 1073 4971; x_wconf 93' lang='lat'><strong>6</strong></span> <span class='ocrx_word' id='word_1_641' title='bbox 1123 4918 1428 4989; x_wconf 83' lang='grc' dir='ltr'>ἀγωνιστὴς</span> <span class='ocrx_word' id='word_1_642' title='bbox 1486 4919 1788 4991; x_wconf 83' lang='grc' dir='ltr'>ἅνθρωπος,</span> <span class='ocrx_word' id='word_1_643' title='bbox 1823 4924 1852 4973; x_wconf 90' lang='lat'><strong>6</strong></span> <span class='ocrx_word' id='word_1_644' title='bbox 1883 4921 1944 4974; x_wconf 74' lang='grc' dir='ltr'>τὸ</span> 
     </span>
    </p>
   </div>
   <div class='ocr_carea' id='block_1_97' title="bbox 338 5009 1943 5084">
    <p class='ocr_par' dir='ltr' id='par_1_97' title="bbox 338 5009 1943 5084">
     <span class='ocr_line' id='line_1_97' title="bbox 338 5009 1943 5084; baseline 0.004 -26"><span class='ocrx_word' id='word_1_645' title='bbox 338 5009 504 5078; x_wconf 72' lang='grc' dir='ltr'>πρὶν</span> <span class='ocrx_word' id='word_1_646' title='bbox 531 5011 952 5082; x_wconf 73' lang='grc' dir='ltr'>καταπονηθεὶς,</span> <span class='ocrx_word' id='word_1_647' title='bbox 987 5011 1078 5063; x_wconf 80' lang='grc' dir='ltr'><strong>καὶ</strong></span> <span class='ocrx_word' id='word_1_648' title='bbox 1116 5011 1577 5081; x_wconf 88' lang='grc' dir='ltr'>τεταριχευμένος</span> <span class='ocrx_word' id='word_1_649' title='bbox 1615 5015 1680 5083; x_wconf 83' lang='grc' dir='ltr'>τῇ</span> <span class='ocrx_word' id='word_1_650' title='bbox 1721 5013 1943 5084; x_wconf 84' lang='grc' dir='ltr'>ἐνοχλή-</span> 
     </span>
    </p>
   </div>
   <div class='ocr_carea' id='block_1_98' title="bbox 340 5099 1003 5169">
    <p class='ocr_par' dir='ltr' id='par_1_98' title="bbox 340 5099 1003 5169">
     <span class='ocr_line' id='line_1_98' title="bbox 340 5099 1003 5169; baseline 0.006 -17"><span class='ocrx_word' id='word_1_651' title='bbox 340 5116 441 5152; x_wconf 82' lang='grc' dir='ltr'><strong>σει</strong></span> <span class='ocrx_word' id='word_1_652' title='bbox 480 5099 582 5169; x_wconf 81' lang='grc' dir='ltr'><strong>τῆς</strong></span> <span class='ocrx_word' id='word_1_653' title='bbox 613 5101 1003 5165; x_wconf 85' lang='grc' dir='ltr'>πολυπαθείας.</span> 
     </span>
    </p>
   </div>
   <div class='ocr_carea' id='block_1_99' title="bbox 707 5195 1609 5266">
    <p class='ocr_par' dir='ltr' id='par_1_99' title="bbox 707 5195 1609 5266">
     <span class='ocr_line' id='line_1_99' title="bbox 707 5195 1609 5266; baseline 0.002 -19"><span class='ocrx_word' id='word_1_654' title='bbox 707 5195 844 5248; x_wconf 87' lang='lat' dir='ltr'><strong>PM’.</strong></span> <span class='ocrx_word' id='word_1_655' title='bbox 880 5222 951 5233; x_wconf 91' lang='lat'><strong>--</strong></span> <span class='ocrx_word' id='word_1_656' title='bbox 984 5195 1269 5266; x_wconf 80' lang='grc' dir='ltr'><strong>ΚΥΡῙΝῘῼ</strong></span> <span class='ocrx_word' id='word_1_657' title='bbox 1299 5196 1609 5266; x_wconf 83' lang='grc' dir='ltr'><strong>ΜΟΝΛΧῼ.</strong></span> 
     </span>
    </p>
   </div>
   <div class='ocr_carea' id='block_1_100' title="bbox 424 5283 1941 5359">
    <p class='ocr_par' dir='ltr' id='par_1_100' title="bbox 424 5283 1941 5359">
     <span class='ocr_line' id='line_1_100' title="bbox 424 5283 1941 5359; baseline 0.003 -23"><span class='ocrx_word' id='word_1_658' title='bbox 424 5283 615 5350; x_wconf 81' lang='grc' dir='ltr'>Ἀγαν</span> <span class='ocrx_word' id='word_1_659' title='bbox 640 5285 928 5355; x_wconf 75' lang='grc' dir='ltr'>φθονοῦσιν</span> <span class='ocrx_word' id='word_1_660' title='bbox 956 5288 1004 5339; x_wconf 85' lang='grc' dir='ltr'>οἱ</span> <span class='ocrx_word' id='word_1_661' title='bbox 1039 5288 1291 5357; x_wconf 83' lang='grc' dir='ltr'>δαίμονες</span> <span class='ocrx_word' id='word_1_662' title='bbox 1329 5291 1438 5351; x_wconf 84' lang='grc' dir='ltr'>τοῖς</span> <span class='ocrx_word' id='word_1_663' title='bbox 1464 5287 1561 5359; x_wconf 81' lang='grc' dir='ltr'><strong>τὴν</strong></span> <span class='ocrx_word' id='word_1_664' title='bbox 1587 5289 1941 5358; x_wconf 82' lang='grc' dir='ltr'>σωφροσύνην</span> 
     </span>
    </p>
   </div>
   <div class='ocr_carea' id='block_1_101' title="bbox 334 5372 1942 5449">
    <p class='ocr_par' dir='ltr' id='par_1_101' title="bbox 334 5372 1942 5449">
     <span class='ocr_line' id='line_1_101' title="bbox 334 5372 1942 5449; baseline 0 -18"><span class='ocrx_word' id='word_1_665' title='bbox 334 5372 796 5446; x_wconf 80' lang='grc' dir='ltr'>ἀσπαζομένοις,</span> <span class='ocrx_word' id='word_1_666' title='bbox 842 5378 938 5430; x_wconf 66' lang='grc' dir='ltr'>καὶ</span> <span class='ocrx_word' id='word_1_667' title='bbox 990 5378 1262 5449; x_wconf 79' lang='grc' dir='ltr'>πονηρὰς,</span> <span class='ocrx_word' id='word_1_668' title='bbox 1334 5380 1427 5432; x_wconf 61' lang='grc' dir='ltr'><strong>καὶ⁴</strong></span> <span class='ocrx_word' id='word_1_669' title='bbox 1486 5378 1942 5449; x_wconf 82' lang='grc' dir='ltr'>ἀπηγορευμένας</span> 
     </span>
    </p>
   </div>
   <div class='ocr_carea' id='block_1_102' title="bbox 332 5466 1943 5540">
    <p class='ocr_par' dir='ltr' id='par_1_102' title="bbox 332 5466 1943 5540">
     <span class='ocr_line' id='line_1_102' title="bbox 332 5466 1943 5540; baseline -0.001 -18"><span class='ocrx_word' id='word_1_670' title='bbox 332 5466 663 5536; x_wconf 83' lang='grc' dir='ltr'>ἐπιθυμίας</span> <span class='ocrx_word' id='word_1_671' title='bbox 696 5468 1026 5538; x_wconf 75' lang='grc' dir='ltr'>ἐμϐάλλουσι</span> <span class='ocrx_word' id='word_1_672' title='bbox 1053 5473 1164 5532; x_wconf 87' lang='grc' dir='ltr'>τοῖς</span> <span class='ocrx_word' id='word_1_673' title='bbox 1198 5469 1638 5540; x_wconf 76' lang='grc' dir='ltr'>ἀγωνιζομένοις.</span> <span class='ocrx_word' id='word_1_674' title='bbox 1676 5468 1815 5521; x_wconf 84' lang='grc' dir='ltr'>Ἀλλ’</span> <span class='ocrx_word' id='word_1_675' title='bbox 1844 5470 1943 5521; x_wconf 74' lang='grc' dir='ltr'>οὐκ</span> 
     </span>
    </p>
   </div>
   <div class='ocr_carea' id='block_1_103' title="bbox 333 5556 1944 5628">
    <p class='ocr_par' dir='ltr' id='par_1_103' title="bbox 333 5556 1944 5628">
     <span class='ocr_line' id='line_1_103' title="bbox 333 5556 1944 5628; baseline -0.003 -16"><span class='ocrx_word' id='word_1_676' title='bbox 333 5557 676 5627; x_wconf 78' lang='grc' dir='ltr'>ἀθυμητέον</span> <span class='ocrx_word' id='word_1_677' title='bbox 706 5558 801 5610; x_wconf 69' lang='grc' dir='ltr'>ἐπὶ</span> <span class='ocrx_word' id='word_1_678' title='bbox 825 5557 1002 5627; x_wconf 82' lang='grc' dir='ltr'>τούτῳ</span> <span class='ocrx_word' id='word_1_679' title='bbox 1022 5573 1035 5587; x_wconf 77' lang='grc' dir='ltr'><strong>ο</strong></span> <span class='ocrx_word' id='word_1_680' title='bbox 1073 5558 1267 5627; x_wconf 83' lang='grc' dir='ltr'>μᾶλλον</span> <span class='ocrx_word' id='word_1_681' title='bbox 1295 5557 1402 5628; x_wconf 79' lang='grc' dir='ltr'><strong>γὰρ</strong></span> <span class='ocrx_word' id='word_1_682' title='bbox 1442 5556 1780 5628; x_wconf 86' lang='grc' dir='ltr'>νευρούμεθα</span> <span class='ocrx_word' id='word_1_683' title='bbox 1806 5556 1944 5608; x_wconf 71' lang='grc' dir='ltr'><strong>κατᾶ</strong></span> 
     </span>
    </p>
   </div>
   <div class='ocr_carea' id='block_1_104' title="bbox 415 5731 888 5793">
    <p class='ocr_par' dir='ltr' id='par_1_104' title="bbox 415 5731 888 5793">
     <span class='ocr_line' id='line_1_104' title="bbox 415 5731 888 5793; baseline 0 -7"><span class='ocrx_word' id='word_1_684' title='bbox 415 5736 472 5767; x_wconf 76' lang='grc'>⁸³</span> <span class='ocrx_word' id='word_1_685' title='bbox 507 5731 659 5788; x_wconf 80' lang='lat' dir='ltr'><strong>Psal.</strong></span> <span class='ocrx_word' id='word_1_686' title='bbox 694 5749 806 5793; x_wconf 78' lang='lat' dir='ltr'><strong>xei.</strong></span> <span class='ocrx_word' id='word_1_687' title='bbox 838 5734 888 5787; x_wconf 86' lang='lat'><strong>8.</strong></span> 
     </span>
    </p>
   </div>
   <div class='ocr_carea' id='block_1_105' title="bbox 2037 4557 3617 4631">
    <p class='ocr_par' dir='ltr' id='par_1_105' title="bbox 2037 4557 3617 4631">
     <span class='ocr_line' id='line_1_105' title="bbox 2037 4557 3617 4631; baseline 0.003 -21"><span class='ocrx_word' id='word_1_688' title='bbox 2037 4557 2448 4628; x_wconf 86' lang='lat' dir='ltr'><strong>Prospexerunt</strong></span> <span class='ocrx_word' id='word_1_689' title='bbox 2490 4574 2683 4614; x_wconf 88' lang='lat' dir='ltr'><strong>omnes</strong></span> <span class='ocrx_word' id='word_1_690' title='bbox 2746 4567 3042 4631; x_wconf 78' lang='lat' dir='ltr'><strong>aperantes</strong></span> <span class='ocrx_word' id='word_1_691' title='bbox 3104 4562 3494 4631; x_wconf 86' lang='lat' dir='ltr'><strong>iniquitatem,</strong></span> <span class='ocrx_word' id='word_1_692' title='bbox 3558 4572 3617 4616; x_wconf 88' lang='lat' dir='ltr'><strong>ut</strong></span> 
     </span>
    </p>
   </div>
   <div class='ocr_carea' id='block_1_106' title="bbox 2037 4648 3620 4724">
    <p class='ocr_par' dir='ltr' id='par_1_106' title="bbox 2037 4648 3620 4724">
     <span class='ocr_line' id='line_1_106' title="bbox 2037 4648 3620 4724; baseline 0.005 -24"><span class='ocrx_word' id='word_1_693' title='bbox 2037 4648 2377 4718; x_wconf 88' lang='lat' dir='ltr'><strong>dissipentur</strong></span> <span class='ocrx_word' id='word_1_694' title='bbox 2428 4654 2496 4715; x_wconf 72' lang='lat'><strong>“,</strong></span> <span class='ocrx_word' id='word_1_695' title='bbox 2552 4659 2608 4705; x_wconf 88' lang='lat' dir='ltr'><strong>et</strong></span> <span class='ocrx_word' id='word_1_696' title='bbox 2674 4652 2982 4707; x_wconf 86' lang='lat' dir='ltr'><strong>elevabitur</strong></span> <span class='ocrx_word' id='word_1_697' title='bbox 3032 4654 3194 4724; x_wconf 88' lang='lat' dir='ltr'><strong>quasi</strong></span> <span class='ocrx_word' id='word_1_698' title='bbox 3252 4654 3620 4710; x_wconf 82' lang='lat' dir='ltr'><strong>monocerotis</strong></span> 
     </span>
    </p>
   </div>
   <div class='ocr_carea' id='block_1_107' title="bbox 2037 4742 3622 4808">
    <p class='ocr_par' dir='ltr' id='par_1_107' title="bbox 2037 4742 3622 4808">
     <span class='ocr_line' id='line_1_107' title="bbox 2037 4742 3622 4808; baseline 0.004 -16"><span class='ocrx_word' id='word_1_699' title='bbox 2037 4754 2208 4794; x_wconf 91' lang='lat' dir='ltr'><strong>cornu</strong></span> <span class='ocrx_word' id='word_1_700' title='bbox 2243 4756 2422 4796; x_wconf 82' lang='lat' dir='ltr'><strong>meum</strong></span> <span class='ocrx_word' id='word_1_701' title='bbox 2449 4784 2463 4808; x_wconf 90' lang='lat'><strong>,</strong></span> <span class='ocrx_word' id='word_1_702' title='bbox 2495 4742 2667 4796; x_wconf 89' lang='lat' dir='ltr'><strong>robur</strong></span> <span class='ocrx_word' id='word_1_703' title='bbox 2704 4744 2915 4800; x_wconf 88' lang='lat' dir='ltr'><strong>scilicet</strong></span> <span class='ocrx_word' id='word_1_704' title='bbox 2943 4745 3145 4800; x_wconf 70' lang='lat' dir='ltr'><strong>divinae</strong></span> <span class='ocrx_word' id='word_1_705' title='bbox 3176 4745 3495 4800; x_wconf 89' lang='lat' dir='ltr'><strong>securitatis</strong></span> <span class='ocrx_word' id='word_1_706' title='bbox 3521 4784 3536 4807; x_wconf 89' lang='lat'><strong>,</strong></span> <span class='ocrx_word' id='word_1_707' title='bbox 3568 4754 3622 4798; x_wconf 90' lang='lat' dir='ltr'><strong>ct</strong></span> 
     </span>
    </p>
   </div>
   <div class='ocr_carea' id='block_1_108' title="bbox 2039 4832 3621 4905">
    <p class='ocr_par' dir='ltr' id='par_1_108' title="bbox 2039 4832 3621 4905">
     <span class='ocr_line' id='line_1_108' title="bbox 2039 4832 3621 4905; baseline 0.003 -23"><span class='ocrx_word' id='word_1_708' title='bbox 2039 4841 2295 4885; x_wconf 88' lang='lat' dir='ltr'><strong>senectus</strong></span> <span class='ocrx_word' id='word_1_709' title='bbox 2321 4847 2439 4886; x_wconf 88' lang='lat' dir='ltr'><strong>mea</strong></span> <span class='ocrx_word' id='word_1_710' title='bbox 2468 4832 2522 4885; x_wconf 92' lang='lat' dir='ltr'><strong>in</strong></span> <span class='ocrx_word' id='word_1_711' title='bbox 2566 4833 2688 4888; x_wconf 90' lang='lat' dir='ltr'><strong>oleo</strong></span> <span class='ocrx_word' id='word_1_712' title='bbox 2719 4833 2906 4905; x_wconf 86' lang='lat' dir='ltr'><strong>pingui</strong></span> <span class='ocrx_word' id='word_1_713' title='bbox 2943 4853 2956 4889; x_wconf 90' lang='lat'><strong>:</strong></span> <span class='ocrx_word' id='word_1_714' title='bbox 2992 4851 3118 4889; x_wconf 89' lang='lat' dir='ltr'><strong>nam</strong></span> <span class='ocrx_word' id='word_1_715' title='bbox 3147 4835 3501 4889; x_wconf 83' lang='lat' dir='ltr'><strong>intellectuali</strong></span> <span class='ocrx_word' id='word_1_716' title='bbox 3527 4833 3621 4889; x_wconf 80' lang='lat' dir='ltr'><strong>Det</strong></span> 
     </span>
    </p>
   </div>
   <div class='ocr_carea' id='block_1_109' title="bbox 2049 4920 3621 4993">
    <p class='ocr_par' dir='ltr' id='par_1_109' title="bbox 2049 4920 3621 4993">
     <span class='ocr_line' id='line_1_109' title="bbox 2049 4920 3621 4993; baseline 0.004 -21"><span class='ocrx_word' id='word_1_717' title='bbox 2049 4920 2170 4973; x_wconf 90' lang='lat' dir='ltr'><strong>oleo</strong></span> <span class='ocrx_word' id='word_1_718' title='bbox 2206 4921 2659 4993; x_wconf 85' lang='lat' dir='ltr'><strong>impingnabitur,</strong></span> <span class='ocrx_word' id='word_1_719' title='bbox 2701 4928 2813 4990; x_wconf 88' lang='lat' dir='ltr'><strong>ait,</strong></span> <span class='ocrx_word' id='word_1_720' title='bbox 2848 4926 3010 4980; x_wconf 88' lang='lat' dir='ltr'><strong>homo</strong></span> <span class='ocrx_word' id='word_1_721' title='bbox 3042 4935 3304 4989; x_wconf 88' lang='lat' dir='ltr'><strong>certator,</strong></span> <span class='ocrx_word' id='word_1_722' title='bbox 3338 4925 3429 4992; x_wconf 92' lang='lat' dir='ltr'><strong>qui</strong></span> <span class='ocrx_word' id='word_1_723' title='bbox 3466 4926 3621 4993; x_wconf 90' lang='lat' dir='ltr'><strong>prius</strong></span> 
     </span>
    </p>
   </div>
   <div class='ocr_carea' id='block_1_110' title="bbox 2049 5013 3620 5083">
    <p class='ocr_par' dir='ltr' id='par_1_110' title="bbox 2049 5013 3620 5083">
     <span class='ocr_line' id='line_1_110' title="bbox 2049 5013 3620 5083; baseline 0.004 -21"><span class='ocrx_word' id='word_1_724' title='bbox 2049 5024 2345 5078; x_wconf 78' lang='lat' dir='ltr'><strong>Oppressus</strong></span> <span class='ocrx_word' id='word_1_725' title='bbox 2367 5024 2420 5067; x_wconf 90' lang='lat' dir='ltr'><strong>et</strong></span> <span class='ocrx_word' id='word_1_726' title='bbox 2447 5015 2764 5069; x_wconf 77' lang='lat' dir='ltr'><strong>exsiccatus</strong></span> <span class='ocrx_word' id='word_1_727' title='bbox 2792 5013 2970 5070; x_wconf 88' lang='lat' dir='ltr'><strong>fuerat</strong></span> <span class='ocrx_word' id='word_1_728' title='bbox 3002 5017 3300 5069; x_wconf 87' lang='lat' dir='ltr'><strong>multarum</strong></span> <span class='ocrx_word' id='word_1_729' title='bbox 3331 5014 3620 5083; x_wconf 48' lang='lat' dir='ltr'><strong>perturba.</strong></span> 
     </span>
    </p>
   </div>
   <div class='ocr_carea' id='block_1_111' title="bbox 2049 5102 2608 5163">
    <p class='ocr_par' dir='ltr' id='par_1_111' title="bbox 2049 5102 2608 5163">
     <span class='ocr_line' id='line_1_111' title="bbox 2049 5102 2608 5163; baseline 0.009 -8"><span class='ocrx_word' id='word_1_730' title='bbox 2049 5102 2262 5157; x_wconf 88' lang='lat' dir='ltr'><strong>tionum</strong></span> <span class='ocrx_word' id='word_1_731' title='bbox 2292 5104 2608 5163; x_wconf 77' lang='lat' dir='ltr'><strong>afﬂictione.</strong></span> 
     </span>
    </p>
   </div>
   <div class='ocr_carea' id='block_1_112' title="bbox 2370 5194 3306 5256">
    <p class='ocr_par' dir='ltr' id='par_1_112' title="bbox 2370 5194 3306 5256">
     <span class='ocr_line' id='line_1_112' title="bbox 2370 5194 3306 5256; baseline -0.002 -5"><span class='ocrx_word' id='word_1_732' title='bbox 2370 5197 2530 5253; x_wconf 83' lang='lat' dir='ltr'><strong>CXL.</strong></span> <span class='ocrx_word' id='word_1_733' title='bbox 2551 5200 2918 5256; x_wconf 79' lang='lat' dir='ltr'><strong>—CYR|NIO</strong></span> <span class='ocrx_word' id='word_1_734' title='bbox 2954 5194 3306 5254; x_wconf 78' lang='lat' dir='ltr'><strong>MONACIIO.</strong></span> 
     </span>
    </p>
   </div>
   <div class='ocr_carea' id='block_1_113' title="bbox 2119 5288 3621 5359">
    <p class='ocr_par' dir='ltr' id='par_1_113' title="bbox 2119 5288 3621 5359">
     <span class='ocr_line' id='line_1_113' title="bbox 2119 5288 3621 5359; baseline 0 -16"><span class='ocrx_word' id='word_1_735' title='bbox 2119 5290 2344 5346; x_wconf 81' lang='lat' dir='ltr'><strong>Multum</strong></span> <span class='ocrx_word' id='word_1_736' title='bbox 2376 5292 2625 5346; x_wconf 81' lang='lat' dir='ltr'><strong>invident</strong></span> <span class='ocrx_word' id='word_1_737' title='bbox 2654 5296 2928 5348; x_wconf 71' lang='lat' dir='ltr'><strong>dmmones</strong></span> <span class='ocrx_word' id='word_1_738' title='bbox 2959 5292 3027 5344; x_wconf 90' lang='lat' dir='ltr'><strong>iis</strong></span> <span class='ocrx_word' id='word_1_739' title='bbox 3051 5331 3064 5353; x_wconf 91' lang='lat'><strong>,</strong></span> <span class='ocrx_word' id='word_1_740' title='bbox 3104 5289 3196 5359; x_wconf 83' lang='lat' dir='ltr'><strong>qui</strong></span> <span class='ocrx_word' id='word_1_741' title='bbox 3227 5288 3621 5343; x_wconf 82' lang='lat' dir='ltr'><strong>continentiam</strong></span> 
     </span>
    </p>
   </div>
   <div class='ocr_carea' id='block_1_114' title="bbox 2049 5378 3621 5451">
    <p class='ocr_par' dir='ltr' id='par_1_114' title="bbox 2049 5378 3621 5451">
     <span class='ocr_line' id='line_1_114' title="bbox 2049 5378 3621 5451; baseline -0.001 -19"><span class='ocrx_word' id='word_1_742' title='bbox 2049 5382 2492 5449; x_wconf 78' lang='lat' dir='ltr'><strong>amplectuntur,</strong></span> <span class='ocrx_word' id='word_1_743' title='bbox 2532 5389 2586 5436; x_wconf 89' lang='lat' dir='ltr'><strong>et</strong></span> <span class='ocrx_word' id='word_1_744' title='bbox 2645 5398 2808 5451; x_wconf 87' lang='lat' dir='ltr'><strong>prava</strong></span> <span class='ocrx_word' id='word_1_745' title='bbox 2859 5381 3137 5449; x_wconf 81' lang='lat' dir='ltr'><strong>vetitaque</strong></span> <span class='ocrx_word' id='word_1_746' title='bbox 3174 5378 3446 5433; x_wconf 88' lang='lat' dir='ltr'><strong>desideria</strong></span> <span class='ocrx_word' id='word_1_747' title='bbox 3497 5393 3621 5431; x_wconf 90' lang='lat' dir='ltr'><strong>cer-</strong></span> 
     </span>
    </p>
   </div>
   <div class='ocr_carea' id='block_1_115' title="bbox 2050 5464 3622 5541">
    <p class='ocr_par' dir='ltr' id='par_1_115' title="bbox 2050 5464 3622 5541">
     <span class='ocr_line' id='line_1_115' title="bbox 2050 5464 3622 5541; baseline -0.003 -18"><span class='ocrx_word' id='word_1_748' title='bbox 2050 5472 2296 5524; x_wconf 86' lang='lat' dir='ltr'><strong>tantibus</strong></span> <span class='ocrx_word' id='word_1_749' title='bbox 2330 5473 2605 5541; x_wconf 85' lang='lat' dir='ltr'><strong>ingerunt.</strong></span> <span class='ocrx_word' id='word_1_750' title='bbox 2645 5473 2750 5526; x_wconf 86' lang='lat' dir='ltr'><strong>Sed</strong></span> <span class='ocrx_word' id='word_1_751' title='bbox 2806 5486 2912 5524; x_wconf 91' lang='lat' dir='ltr'><strong>non</strong></span> <span class='ocrx_word' id='word_1_752' title='bbox 2965 5479 3049 5525; x_wconf 89' lang='lat' dir='ltr'><strong>est</strong></span> <span class='ocrx_word' id='word_1_753' title='bbox 3085 5476 3373 5539; x_wconf 87' lang='lat' dir='ltr'><strong>propterea</strong></span> <span class='ocrx_word' id='word_1_754' title='bbox 3407 5464 3622 5519; x_wconf 87' lang='lat' dir='ltr'><strong>animus</strong></span> 
     </span>
    </p>
   </div>
   <div class='ocr_carea' id='block_1_116' title="bbox 2052 5558 3624 5630">
    <p class='ocr_par' dir='ltr' id='par_1_116' title="bbox 2052 5558 3624 5630">
     <span class='ocr_line' id='line_1_116' title="bbox 2052 5558 3624 5630; baseline -0.002 -17"><span class='ocrx_word' id='word_1_755' title='bbox 2052 5560 2467 5614; x_wconf 70' lang='lat' dir='ltr'><strong>demitti-mins:</strong></span> <span class='ocrx_word' id='word_1_756' title='bbox 2512 5561 2683 5630; x_wconf 76' lang='lat' dir='ltr'><strong>magis</strong></span> <span class='ocrx_word' id='word_1_757' title='bbox 2725 5561 2867 5615; x_wconf 87' lang='lat' dir='ltr'><strong>enim</strong></span> <span class='ocrx_word' id='word_1_758' title='bbox 2911 5574 3006 5627; x_wconf 83' lang='lat' dir='ltr'><strong>per</strong></span> <span class='ocrx_word' id='word_1_759' title='bbox 3044 5575 3135 5615; x_wconf 83' lang='lat' dir='ltr'><strong>eas</strong></span> <span class='ocrx_word' id='word_1_760' title='bbox 3186 5558 3379 5612; x_wconf 84' lang='lat' dir='ltr'><strong>turbas</strong></span> <span class='ocrx_word' id='word_1_761' title='bbox 3427 5569 3624 5610; x_wconf 83' lang='lat' dir='ltr'><strong>nervos</strong></span> 
     </span>
    </p>
   </div>
  </div>
