4064 6160
475 316 588 382 259

1959 317 2018 375 S.
2056 314 2218 375 NILI

3643 301 3750 366 260

483 436 751 493 adversus
781 444 997 490 nostros
1024 435 1210 491 hostes
1248 435 1619 502 intendimus,
1654 444 1917 506 tantoque
1949 451 2065 490 ma-

2167 435 2273 488 τῶν
2300 432 2509 504 ἐχθρῶν
2532 432 2686 503 ἡμῶν
2732 430 2820 485 διὰ
2885 431 2982 500 τῆς
3016 427 3383 499 ἐνοχλήσεωςο
3417 425 3601 479 πλεῖον
3638 428 3749 495 γὰρ

481 527 566 596 gis
585 526 639 579 in
666 526 929 580 bonorum
949 525 1414 594 promissionibus
1438 528 1770 594 stabilimur,
1798 540 2066 599 quantum

484 630 515 666 ιι
548 615 888 685 voluptuosis
916 615 1325 686 immundisque
1355 618 1697 673 daemonibus
1716 619 2065 674 aﬂlictamur.

481 702 617 757 Nam
645 719 768 758 cum
807 703 1110 760 adversarii
1140 707 1383 778 ingentia
1414 723 1536 764 esse
1553 709 1695 764 bona
1715 749 1729 773 ,
1759 725 1881 780 quae
1913 708 2068 765 nobis

482 796 734 851 Christus
771 796 1063 864 promisit,
1114 800 1322 868 Optime
1356 800 1624 865 calleant,
1668 801 1930 857 adversus
1966 816 2067 856 nos

482 885 687 954 ingenti
716 887 1002 942 iracundia
1033 888 1407 945 exardescun't
1434 932 1448 954 ,
1480 900 1534 945 et
1565 889 1865 947 invidentia
1897 908 2070 964 oppu-

480 982 647 1045 gnant
675 975 932 1032 obscenis
955 985 1010 1031 et
1040 979 1470 1048 improbissimis
1501 979 1889 1037 affectionibus
1915 1023 1930 1048 ,
1972 1000 2063 1039 ve-

481 1061 872 1136 ltementerqtte
910 1067 1156 1139 atﬂigunt
1195 1069 1483 1135 homines,
1535 1072 1628 1141 qui
1693 1073 1761 1125 ad
1804 1074 2065 1129 virtutem

487 1156 845 1213 contendunt.
899 1158 1249 1230 Quapropter
1301 1162 1427 1215 licet
1470 1164 1795 1231 appetentia:
1831 1164 2069 1220 intume-

483 1253 678 1309 scant,
729 1246 1286 1319 inﬂammenturque,
1336 1256 1391 1303 et
1438 1251 1753 1319 voluptates
1796 1252 2064 1318 sordidae;

481 1337 611 1391 licet
635 1353 767 1392 caro
799 1339 1038 1394 admotis
1069 1339 1313 1394 stimulis
1347 1340 1549 1406 satiat;
1586 1342 1713 1394 licet
1746 1342 1925 1397 omnis
1959 1344 2069 1396 cir-

485 1426 865 1497 cumspectio,
922 1436 978 1482 et
1013 1442 1286 1497 perversae
1338 1428 1498 1498 180
1544 1429 1747 1485 diaboli
1803 1431 2069 1486 machinae

483 1532 584 1572 nos
613 1531 972 1587 oppugnent:
1000 1519 1261 1573 universa
1291 1519 1431 1584 haec,
1470 1530 1524 1573 et
1549 1520 1654 1573 tide
1679 1558 1693 1584 ,
1733 1528 1786 1573 et
1825 1521 2068 1589 psalmo-

482 1623 604 1661 rum
629 1616 900 1663 concentu
920 1649 933 1671 .
968 1619 1021 1665 et
1048 1610 1279 1666 lectione
1300 1650 1315 1675 ,
1352 1618 1407 1665 et
1434 1609 1769 1666 demissione
1798 1612 1986 1676 animi,
2014 1620 2071 1668 et

482 1699 608 1752 aliis
668 1700 1113 1762 certaminibus,
1165 1707 1220 1754 et
1277 1714 1445 1770 super
1505 1701 1610 1754 alia
1647 1701 1888 1757 nominis
1937 1700 2068 1758 Jesu

483 1791 688 1846 Christi
725 1791 819 1847 Dei
848 1792 1239 1848 humanissimi
1264 1830 1279 1855 ,
1309 1791 1724 1861 Salvatorisquc
1758 1793 1936 1847 nostri
1965 1795 2068 1847 im-
2100 1787 2140 1841 Β

484 1881 794 1950 ploratinne
829 1895 1179 1951 superamus.
1200 1878 1390 1952 Neque
1414 1880 1529 1937 ﬁeri
1561 1890 1742 1949 potest
1766 1890 1827 1938 ut
1849 1884 2066 1940 adversi

483 1968 765 2023 daemones
820 1985 922 2024 nos
967 1980 1319 2041 oppugnent,
1358 1972 1412 2025 ni
1457 1973 1613 2042 prius
1647 1987 1749 2029 nos
1781 1989 1878 2043 per
1908 1976 2067 2031 (idem

485 2056 759 2109 modicam
788 2056 1041 2112 timorem
1095 2058 1344 2111 divinum
1374 2073 1471 2128 per
1520 2066 1872 2114 transennam
1906 2075 2069 2132 aspe-

486 2145 731 2198 xerimus
756 2185 771 2208 ,
800 2150 855 2199 et
903 2160 932 2198 a
983 2143 1217 2199 Domino
1256 2145 1419 2200 nobis
1450 2157 1725 2217 praecepta
1762 2149 2070 2218 neglexeri-

487 2251 625 2291 mus.
680 2236 821 2290 Sunt
872 2238 1057 2307 itaque
1111 2239 1362 2292 nonnulli
1424 2239 1742 2307 daemones,
1796 2242 1889 2311 qui
1947 2256 2070 2297 sese

484 2326 741 2385 humanis
774 2329 1102 2399 corporibus
1133 2328 1428 2386 induentes
1453 2369 1468 2393 ,
1510 2345 1815 2402 omnesque
1861 2335 2070 2389 instru-

486 2416 657 2470 menti
697 2417 844 2472 vires
895 2416 1180 2484 fellantes,
1226 2428 1280 2473 et
1318 2421 1639 2491 languorem
1683 2426 1902 2494 corpori
1938 2442 2071 2480 con-

484 2506 779 2572 ciliantes,
816 2506 944 2562 licet
988 2508 1145 2562 nulla
1181 2509 1326 2564 adsit
1363 2512 1661 2566 inﬁrmitas
1687 2554 1700 2577 ,
1734 2515 1820 2568 vel
1862 2517 2070 2571 valetu-

485 2596 633 2650 dinis
652 2596 905 2662 initium;
943 2598 1079 2667 quin
1101 2599 1270 2654 etiam
1299 2601 1368 2655 ad
1392 2602 1509 2656 haec
1535 2604 1721 2658 animo
1751 2607 2027 2662 tristitiam
2051 2648 2066 2672 ,

487 2695 543 2745 et
571 2694 825 2757 tepentes
857 2688 1222 2760 cogitationes
1251 2692 1557 2748 immittunt
1590 2713 1603 2749 :
1642 2711 1764 2766 qua:
1804 2712 2068 2766 generosa

489 2778 750 2832 ﬁrmitate
776 2817 792 2844 ,
829 2786 882 2832 et
909 2781 1171 2848 prudenti
1202 2783 1370 2838 corde
1396 2784 1715 2854 ejicientes,
1747 2788 1929 2841 omnia
1960 2790 2070 2842 cir-

487 2868 878 2937 cumspicienti
918 2868 1030 2924 Deo
1063 2871 1441 2930 adhaereamus
1481 2876 1730 2932 dicentes
1772 2894 1785 2931 :
1845 2897 1863 2928 ι
1908 2877 2070 2949 Eripe

486 2973 576 3013 me
613 2973 680 3013 ex
717 2958 961 3015 inimicis
1014 2962 1153 3017 meis
1177 3004 1192 3029 ,
1247 2962 1391 3020 Deus
1417 3005 1431 3031 ,
1473 2978 1526 3021 et
1559 2967 1627 3022 ab
1655 2969 2070 3038 insurgentibus

486 3050 543 3105 in
599 3065 686 3105 me
726 3050 895 3106 libera
938 3068 1025 3108 me
1043 3053 1092 3086 "
1140 3071 1152 3106 :
1195 3072 1214 3106 ι
1250 3057 1430 3112 releva
1485 3058 1722 3112 animam
1774 3074 1948 3113 meam
2001 3077 2065 3116 cx
2112 3072 2115 3073 '

489 3142 652 3197 malis
684 3158 877 3197 eorum
918 3147 1201 3216 operibus.
1239 3142 1714 3214 Quemadmodum
1750 3168 1876 3208 vero
1913 3153 2068 3208 Sam—

488 3233 614 3288 soni
686 3236 964 3305 quondam
1027 3247 1254 3309 propter
1303 3241 1760 3314 intemperantem
1810 3246 2064 3314 volupta-

489 3336 597 3379 tem
646 3328 875 3398 contigit
922 3328 980 3383 in
1028 3344 1225 3387 manus
1282 3332 1683 3402 allophylorum
1734 3335 1976 3391 incidere
1999 3336 2064 3400 “,

489 3423 548 3471 et
574 3432 699 3484 qua:
724 3418 837 3487 jam
873 3418 940 3473 de
967 3433 1032 3473 eo
1064 3420 1270 3488 scripta
1299 3429 1465 3485 sunt,
1496 3426 1704 3493 perpeti
1735 3443 1747 3477 :
1783 3424 1886 3480 hoc
1922 3426 2065 3481 idem

488 3512 544 3559 et
572 3521 723 3560 nunc
763 3508 1078 3575 depravatis
1117 3510 1496 3579 voluptatibus
1536 3514 1769 3570 irretitis
1812 3518 2064 3589 obtingit.

493 3594 743 3664 Namque
768 3613 895 3652 cum
929 3599 1135 3655 sordidi
1161 3601 1427 3658 daemonis
1461 3604 1687 3675 impetui
1715 3608 2067 3680 cogitationis

489 3686 735 3742 hominis
772 3688 958 3744 locum
1004 3690 1293 3761 dederint,
1330 3695 1515 3751 divina
1564 3700 1739 3769 gratia
1777 3700 1844 3754 ad
1878 3712 2065 3758 custo-

488 3779 637 3833 diam
660 3780 859 3835 anima:
883 3783 1188 3856 advigilans
1216 3789 1498 3853 concedit,
1527 3802 1583 3846 et
1612 3792 1891 3848 dmmoncs
1923 3794 2066 3850 irre-

492 3870 653 3925 titum
683 3872 1014 3943 arripientes
1038 3916 1053 3943 ,
1082 3890 1298 3932 omnem
1336 3879 1393 3934 in
1422 3896 1487 3936 eo
1514 3883 1887 3951 pudibundam
1920 3888 2069 3958 cogi-

487 3960 761 4017 tationem
810 3975 1114 4033 excavant,
1157 3978 1212 4024 et
1264 3972 1743 4031 indissolubilibus
1793 3977 2065 4033 titillatio-

487 4064 620 4105 num
650 4067 830 4117 pravae
856 4056 1158 4128 voluptatis
1182 4060 1415 4117 vinculis
1441 4064 1683 4134 illigant,
1714 4077 1769 4121 et
1799 4066 1855 4121 in
1887 4069 2069 4137 supel-

484 4138 726 4194 lectilem
755 4144 981 4200 malitia
1011 4149 1389 4207 conducentes
1413 4194 1427 4219 ,
1462 4156 1872 4211 consuetudine
1898 4172 2066 4227 prava

484 4234 643 4289 molae
673 4249 897 4306 operam
930 4239 1064 4296 dare
1101 4245 1454 4301 constituunt
1480 4286 1495 4310 ,
1527 4249 1917 4322 deservireque
1949 4252 2065 4307 dia-

483 4324 612 4383 bolo
650 4326 849 4384 diebus
877 4346 945 4387 ac
985 4334 1244 4393 noctibus
1276 4337 1527 4409 integris.

577 4511 734 4582 181
772 4510 930 4577 Quod
962 4514 1009 4569 si
1045 4517 1377 4588 resipiscens
1431 4536 1552 4578 sese
1608 4523 2063 4598 circumspexerit

481 4602 666 4658 anima
720 4605 961 4673 peccatis
1011 4607 1324 4689 illaqueati,
1375 4627 1501 4668 cum
1548 4614 1736 4672 dolore
1781 4618 1962 4675 cordis
1993 4621 2060 4674 ad

481 4693 652 4749 Deum
683 4691 1033 4763 ingemuerit.
1063 4705 1119 4752 et
1147 4699 1343 4757 mediis
1372 4704 1627 4773 precibus
1659 4722 1725 4762 ac
1749 4708 1890 4763 votis
1919 4709 2061 4765 invi-

484 4784 743 4841 sibilibus
765 4783 982 4842 Domini
1016 4789 1253 4859 pedibus
1291 4794 1601 4864 adhaeserit,
1644 4800 1764 4854 intit
1793 4799 2057 4859 Dominus

479 4875 720 4946 angelis,
764 4877 1227 4947 quemadmodum
1266 4883 1335 4940 de
1382 4884 1727 4944 Sunamitide
1780 4889 2051 4948 Elismus:

482 4964 661 5021 Sinite
685 4980 807 5022 eam
841 4968 1029 5025 venire
1064 4970 1133 5025 ad
1172 4987 1280 5038 me,
1312 4981 1367 5031 et
1406 4992 1475 5031 ne
1518 4978 1783 5046 rejiciatis
1830 4994 1950 5034 eam
1985 4982 2051 5035 “.

479 5052 631 5112 Licet
681 5057 829 5113 enint
882 5060 1091 5116 nullam
1126 5064 1381 5121 virtutem
1434 5069 1728 5137 possideat,
1777 5087 1955 5142 neque
1997 5076 2052 5131 in

480 5146 680 5201 virtute
712 5148 832 5217 ejus
864 5167 993 5223 erga
1014 5169 1102 5211 me
1137 5163 1349 5212 tantum
1386 5157 1603 5214 ﬁducia:
1630 5162 1699 5216 sit
1734 5180 1748 5214 :
1783 5163 2053 5219 nihilomi-

480 5251 584 5291 nus
609 5241 828 5305 quando
856 5243 1003 5302 illius
1032 5262 1127 5302 cor
1158 5263 1391 5319 prorsus
1430 5265 1679 5308 amarum
1706 5262 1790 5310 est
1846 5265 1901 5310 et
1936 5260 2053 5313 sine

481 5328 870 5421 ullorespectu
901 5340 1043 5407 apud
1081 5356 1169 5398 me
1199 5344 1486 5413 provoluta
1516 5354 1600 5400 est
1628 5362 1752 5402 cum
1794 5349 2051 5421 lacrymis

477 5428 533 5472 et
578 5420 890 5492 aﬂlictione,
928 5429 1101 5499 ipsam
1144 5434 1362 5506 excipio
1410 5436 1693 5508 salvoque.
1742 5437 1890 5508 Opus
1918 5420 2051 5497 tero

482 5508 640 5563 nobis
688 5521 772 5568 est
801 5519 1321 5588 omnipotentissimi
1356 5533 1410 5582 et
1442 5528 1835 5596 sapientissimi
1876 5531 2050 5602 Spiri-

481 5606 567 5651 tus
594 5601 786 5668 virtus,
823 5617 874 5664 et
919 5614 1094 5679 gratia
1136 5616 1295 5672 nobis
1336 5619 1592 5675 alacriter
1648 5601 2047 5693 conquirenda.

2171 526 2278 580 τῶν
2313 526 2372 578 ἐν
2397 523 2755 591 ἐπαγγελίαις
2788 521 3009 591 ἀγαθῶν
3045 516 3433 592 βεϐαιούμεθα,
3462 518 3520 569 ἐν
3550 515 3625 586 τῷ
3659 518 3751 571 ἐπὶ

2169 615 2421 671 τοσοῦτον
2472 613 2828 685 πειράζεσθαι
2905 612 3008 667 ὑπὸ
3074 611 3183 663 τῶν
3235 607 3608 678 φιλοσάρκων,
3659 608 3753 661 καὶ

2173 706 2434 779 ῥυπαρῶν
2474 706 2765 775 δαιμόνων.
2818 703 3033 767 Εἰδότες
3084 701 3195 771 γὰρ
3226 701 3275 754 οἱ
3299 699 3507 771 ἐχθροὶ,
3538 699 3621 751 ὅτι
3658 715 3755 769 με·

2170 797 2311 866 γάλα
2340 796 2519 866 ἀγαθά
2545 798 2573 849 ὁ
2595 794 2799 865 Κύριος
2820 782 3185 865 ἐπηγγείλατο
3205 793 3357 862 ἡμῖν,
3374 790 3580 860 σφόδρα
3601 790 3756 858 ὀργί-

2172 889 2352 955 ζονται
2383 888 2504 942 καθ’
2535 886 2712 959 ἡμῶν,
2741 886 2836 945 καὶ
2883 885 3268 956 βασκαίνοντες
3313 882 3752 948 ἀντιτάσσονται,

2170 979 2255 1034 διὰ
2278 979 2390 1033 τῶν
2422 977 2686 1049 αἰσχρῶν,
2723 976 2817 1030 καὶ
2842 975 3187 1044 φαυλοτάτων
3239 971 3447 1035 παθῶν,
3502 972 3598 1025 καὶ
3633 971 3755 1024 λίαν

2170 1069 2509 1123 ἐκθλίϐουσιν
2561 1068 2688 1131 τοὺς
2749 1066 2885 1136 πρὸς
2945 1066 3045 1136 τὴν
3109 1063 3308 1135 ἀρετὴν
3361 1064 3753 1133 ἐπειγομένους

2170 1159 2509 1228 ἀνθρώπους.
2565 1158 2657 1211 Διδ
2711 1157 2815 1210 κᾶν
2876 1156 3162 1226 ἐπιθυμίαι
3216 1154 3612 1225 φλεγμαίνωσι,
3661 1154 3754 1205 καὶ

2170 1253 2356 1322 ἡδοναὶ
2392 1251 2658 1321 ῥυπαραὶ,
2723 1250 2826 1303 κᾶν
2861 1252 2894 1318 ἡ
2933 1248 3067 1318 σὰρξ
3101 1246 3501 1318 ἐπεγειρομένη
3532 1245 3748 1316 σκιρτᾷ,

2171 1342 2276 1395 κᾶν
2310 1344 2458 1395 πᾶσα
2492 1342 2724 1405 ἐπίνοια,
2743 1342 2836 1394 καὶ
2856 1338 3181 1409 κακοτεχνία
3203 1338 3486 1408 διαϐολικὴ
3516 1338 3752 1409 πειράζῃ

2171 1436 2338 1504 ἡμᾶς,
2375 1435 2553 1487 πάντα
2577 1432 2961 1504 ὑπερνικῶμεν
2993 1422 3368 1494 διὰκπίστεως,
3402 1429 3497 1482 καὶ
3525 1428 3753 1499 ψαλμῳ-

2170 1526 2307 1591 δίας,
2366 1527 2460 1580 καὶ
2517 1524 2896 1593 ἀναγνώσεως,
2933 1524 3026 1576 καὶ
3082 1521 3611 1592 ταπεινοφροσύνης,
3660 1520 3753 1573 καὶ

2170 1617 2279 1670 τῶν
2316 1617 2491 1671 ἄλλων
2542 1617 2962 1686 ἀγωνισμάτων,
3004 1614 3098 1668 καὶ
3136 1613 3277 1682 ὑπὲρ
3332 1613 3510 1666 πάντα
3534 1611 3621 1664 διὰ
3650 1611 3752 1681 τῆς

2172 1708 2512 1781 ἐπικλήσεως
2567 1707 2660 1761 τοῦ
2708 1708 2971 1779 ὀνόματος
3011 1704 3187 1777 Ἰησοῦ
3225 1702 3472 1777 ιΧριστοῦ
3504 1703 3597 1757 τοῦ
3628 1703 3747 1773 φιλ-

2170 1799 2457 1873 ανθρώπου
2488 1799 2622 1852 Θεοῦ
2673 1798 2767 1852 καὶ
2822 1797 3075 1864 Σωτῆρος
3113 1795 3285 1865 ἡμῶν.
3326 1795 3398 1847 Οὐ
3444 1793 3666 1846 δυνατὸν
3692 1793 3747 1845 δὲ

2170 1889 2493 1959 κατισχύσαι
2525 1886 2681 1958 ἡμῶν
2725 1886 2850 1948 τοὺς
2905 1885 3198 1955 πολεμίους
3230 1883 3513 1954 δαίμονας,
3548 1881 3641 1935 ἐὰν
3678 1882 3751 1952 μὴ

2172 1982 2391 2052 πρῶτον
2425 1982 2587 2051 ἡμεῖς
2627 1977 2720 2031 τοῦ
2778 1978 2924 2030 θείου
2956 1977 3120 2046 φόϐου
3156 1976 3659 2045 καταφρονήσωμεν
3686 1974 3752 2026 δι’

2170 2072 2562 2141 ὀλιγοπιστίαν,
2602 2071 2695 2124 καὶ
2730 2070 3098 2140 ἀμελήσωμεν
3141 2068 3247 2122 τῶν
3283 2067 3387 2121 ὑπὸ
3414 2067 3507 2120 τοῦ
3542 2065 3750 2138 Κυρίου

2171 2164 2516 2234 ἐνταλμένων
2537 2164 2688 2233 ἡμῖν.
2720 2160 2872 2214 Εἰσὶν
2899 2157 2991 2214 οὖν
3027 2175 3171 2223 τινες
3201 2157 3450 2228 δαίμονες
3471 2157 3531 2209 τὺ
3547 2155 3747 2229 ἀνθρώ-

2170 2271 2323 2308 πινον
2356 2254 2677 2315 ὐποδύοντες
2741 2252 2920 2322 σῶμα,
2987 2250 3082 2304 καί¹
3144 2253 3321 2303 πᾶσαν
3368 2247 3463 2301 τοῦ
3512 2246 3750 2318 ὀργάνου

2174 2346 2434 2416 μύξοντες
2482 2346 2581 2416 τὴν
2627 2343 2859 2412 δύναμιν
2891 2383 2906 2407 ,
2952 2340 3241 2412 ἀδράνειάν
3289 2356 3349 2394 τε
3388 2338 3485 2393 καὶ
3532 2337 3756 2392 ἔκλυσιν

2172 2440 2353 2492 πᾶσαν
2384 2436 2570 2507 σχεδὸν
2598 2435 2835 2497 ἐνιόντες
2901 2434 3017 2493 τοῖς
3070 2432 3279 2503 μέλεσι,
3311 2432 3491 2486 καίτοι
3525 2431 3755 2502 μηδενὸς

2173 2530 2439 2600 παρόντος
2497 2528 2802 2597 νοσήματος
2854 2525 2887 2596 ἦ
2938 2523 3268 2597 ἀρρωστίας.
3310 2524 3471 2578 Ἀλλά
3505 2541 3568 2594 γε
3616 2522 3755 2595 πρὸς

2170 2621 2400 2684 τούτοις,
2435 2614 2530 2672 καὶ
2574 2621 2653 2682 εἰς
2713 2617 2914 2688 πολλὴν
2951 2616 3189 2687 ἀθυμίαν
3223 2615 3319 2670 καὶ
3361 2615 3582 2688 χλιαρὸν
3613 2617 3750 2687 φρό-

2172 2731 2319 2784 νημα
2377 2713 2707 2785 ἐμϐάλλουσι
2754 2711 2854 2783 τὴν
2903 2710 3104 2781 ψυχὴν,
3150 2708 3403 2775 οὕστινας
3424 2711 3753 2782 διωσάμενοι

2171 2804 2403 2877 γενναίῳ
2425 2806 2692 2876 λογισμῷ,
2749 2804 2841 2859 καὶ
2867 2803 3113 2875 νηφαλίῳ
3153 2803 3352 2873 καρδίᾳ
3374 2802 3452 2873 τῷ
3477 2803 3750 2856 παντεπό-

2172 2914 2281 2972 πτῃ
2301 2897 2418 2969 Θεῷ
2441 2898 2508 2951 δι’
2530 2898 2694 2968 εὐχῆς
2747 2895 3100 2966 κολληθῶμεν
3152 2895 3398 2963 λέγοντες
3426 2911 3439 2925 ’
3471 2912 3489 2946 ι
3535 2894 3751 2960 Ἐξελοῦ

2175 3009 2241 3063 με
2264 2993 2327 3044 ἐκ
2354 2990 2462 3043 τῶν
2498 2988 2708 3059 ἐχθρῶν
2733 3006 2857 3060 μου,
2885 2991 2913 3042 ὀ
2938 2987 3091 3051 Θεὸς,
3126 2988 3220 3041 καὶ
3244 2990 3307 3040 ἐκ
3332 2987 3439 3040 τῶν
3456 2988 3750 3041 ἐπανιστα-

2174 3084 2351 3153 μένων
2380 3082 2466 3136 ἐπ’
2500 3082 2600 3151 ἐμὲ
2648 3079 2927 3153 λύτρωσαί
2957 3097 3044 3150 με.
3077 3099 3095 3131 ι
3144 3079 3621 3151 Ἀποκατάστησον
3649 3080 3749 3151 τὴν

2167 3173 2347 3244 ψυχήν
2375 3191 2475 3244 μου
2516 3172 2623 3226 άπὸ
2654 3172 2756 3241 τῆς
2815 3171 3155 3243 κακουργίας
3206 3171 3409 3227 αὐτῶν.
3455 3171 3666 3241 Ὥσπερ
3691 3169 3750 3224 δὲ

2167 3263 2244 3333 τῷ
2273 3261 2512 3339 Σαμψὼν
2547 3261 2865 3333 συμϐέϐηκέ
2921 3279 3051 3315 ποτε
3082 3261 3171 3316 διὰ
3194 3262 3506 3333 φιληδονίαν
3537 3263 3617 3325 είς
3635 3265 3750 3332 χεῖ-

2171 3372 2268 3425 ρας
2302 3355 2561 3425 ἐμπεσεῖν
2592 3353 2703 3407 τῶν
2753 3354 3084 3424 ἀλλοφύλων,
3123 3355 3219 3409 καὶ
3264 3355 3454 3409 παθεῖν
3475 3357 3658 3409 ἐκεῖνα
3677 3356 3749 3410 τὰ

2167 3446 2531 3518 γεγραμμένα
2560 3446 2689 3519 περὶ
2713 3446 2899 3513 αὐτοῦ,
2932 3447 3090 3501 τοῦτο
3116 3448 3214 3501 καὶ
3238 3444 3333 3500 νῦν
3358 3448 3576 3511 πάντως
3605 3447 3749 3501 κατά

2166 3537 2343 3608 ψυχὴν
2401 3537 2610 3607 γίνεται
2662 3537 2741 3610 τῷ
2791 3538 3270 3609 ἀγκιστρευομένῳ
3323 3541 3460 3602 ταίςξ
3484 3540 3746 3610 πονηραῖς

2166 3629 2379 3700 ἡδοναῖς
2403 3645 2416 3658 ·
2449 3633 2515 3701 τῇ
2577 3631 2685 3704 γάρ
2738 3631 3010 3704 προσϐολῇ
3056 3631 3150 3685 τοῦ
3206 3631 3450 3702 ῥυπαροῦ
3495 3632 3745 3703 δαίμονος

2167 3720 2722 3792 ἐπακολουθησάντων
2792 3722 2901 3776 τῶν
2947 3722 3225 3793 λογισμῶν
3276 3722 3371 3777 τοῦ
3419 3724 3745 3793 ἀνθρώπων,

2167 3810 2461 3881 ἀφίσταται
2506 3814 2604 3882 μὲν
2637 3815 2671 3883 ή
2700 3814 3016 3885 φρουροῦσα
3059 3815 3160 3886 τὴν
3195 3814 3371 3886 ψυχὴν
3410 3813 3530 3867 θεῖα
3560 3816 3743 3887 χάρις,

2168 3903 2545 3974 ἐπιλαϐόμενοι
2573 3904 2628 3958 δέ
2653 3904 2747 3957 τοῦ
2764 3906 3122 3977 ἀγρευθέντος
3144 3909 3189 3960 οἱ
3213 3906 3482 3976 δαίμονες,
3521 3905 3745 3978 ἐξορύτ-

2166 4012 2348 4048 τουσιν
2375 3993 2538 4049 αὐτοῦ
2596 3997 2705 4049 πᾶν
2738 3997 3072 4069 σωφρονικὸν
3108 3998 3309 4068 νόημα,
3343 3997 3744 4067 δεσμεύουσιδὲ

2164 4089 2278 4153 τοῖς
2310 4085 2591 4149 δυσλύτοις
2625 4086 2733 4140 τῶν
2786 4087 3203 4158 γαργαλισμῶν,
3235 4088 3330 4142 καὶ
3376 4090 3487 4151 τοῖς
3513 4089 3745 4160 αἰσχρᾶς

2168 4175 2463 4247 ἐπιθυμίας
2487 4176 2724 4248 δεσμοῖς,
2780 4179 2874 4230 καὶ
2925 4180 3007 4242 είς
3046 4180 3145 4251 τὴν
3185 4180 3359 4248 γάζαν
3412 4181 3743 4248 κατάγοντες

2166 4267 2265 4341 τῆς
2294 4267 2493 4331 κακίας
2550 4267 3064 4339 παρασκευάζουσιν
3125 4268 3346 4341 ἀλήθειν
3374 4273 3441 4340 τῇ
3484 4270 3745 4343 συνηθείᾳ

2164 4359 2231 4427 τῇ
2266 4360 2430 4428 κακῇ,
2463 4358 2559 4411 καὶ
2616 4358 3070 4430 ἐξυπηρετεῖσθαι
3116 4359 3194 4414 τῶ
3226 4360 3458 4432 διαϐόλῳ
3481 4361 3581 4426 τὰς
3603 4363 3744 4433 ἠμέ-

2092 4444 2137 4503 D
2166 4465 2286 4518 ρας,
2317 4450 2410 4502 καὶ
2439 4450 2538 4513 τὰς
2558 4448 2759 4515 νύκτας
2788 4451 2935 4516 ὅλας.

2248 4537 2373 4593 Ἐαν
2397 4538 2453 4591 δέ
2481 4540 2684 4613 δυνηθῇ
2715 4543 2796 4606 είς
2811 4542 3010 4615 ἑαυτὴν
3030 4544 3313 4616 ἐλθοῦσαή
3334 4524 3479 4615 tinxi;
3499 4541 3594 4598 τοῦ
3624 4545 3741 4608 ταῖς

2163 4629 2461 4702 ἁμαρτίαις
2501 4632 2919 4702 παγιδευθέντος
2987 4635 3237 4703 στενάξαι
3288 4636 3425 4707 πρὸς
3454 4634 3589 4689 Θεὸν
3622 4635 3744 4706 μετ’

2160 4718 2355 4791 ὀδύνης
2407 4722 2656 4793 καρδίας,
2716 4724 2814 4778 καὶ
2875 4725 3283 4797 περιπλακῆναι
3314 4726 3382 4780 δι’
3416 4726 3602 4798 εὐχῆς,
3645 4727 3744 4780 καὶ

2163 4814 2373 4879 ἱκεσίας
2430 4816 2542 4878 τοῖς
2592 4815 2849 4887 άοράτοις
2875 4818 2970 4879 τοῦ
3005 4818 3279 4872 Δεσπότου
3338 4819 3466 4872 ποσὶ
3495 4819 3670 4887 λέγει,
3707 4820 3737 4873 ὁ

2161 4906 2366 4977 Κύριος
2404 4908 2517 4970 τοῖς
2556 4908 2832 4978 ἀγγέλοις,
2870 4908 3058 4983 ὥσπερ
3085 4913 3115 4964 ὁ
3147 4911 3451 4974 Ἐλισσαῖος
3479 4912 3608 4980 περὶ
3643 4909 3743 4980 τῆς
3811 4921 3820 4939 '

2156 4995 2560 5068 Σωμανίτιδος·
2598 5001 2800 5070 Ἀῳετε
2843 5001 3015 5073 αὐτὴν
3052 5004 3338 5074 προσιέναι
3381 5020 3494 5073 μοι,
3541 5004 3636 5056 καὶ
3668 5001 3742 5071 μὴ

2155 5087 2447 5143 ἀπόσεισθε
2481 5090 2670 5159 αὐτήν.
2712 5091 2829 5146 Κᾶν
2863 5093 2976 5164 γὰρ
3014 5094 3284 5165 μηδεμίαν
3330 5094 3593 5165 κέκτηται
3624 5095 3743 5162 ἀρε-

2155 5179 2274 5246 τὴν,
2311 5183 2405 5234 καὶ
2438 5182 2751 5253 παρρησίαν
2783 5185 2920 5255 πρός
2953 5203 3041 5256 με,
3076 5186 3212 5241 ἀλλά
3242 5204 3303 5256 γε
3334 5186 3421 5240 διὰ
3446 5186 3507 5239 τὸ
3541 5187 3723 5240 κατῶο

2160 5272 2316 5325 δυνον
2346 5269 2484 5326 εἶναι
2532 5275 2700 5345 αὐτῆς
2755 5277 2854 5347 τὴν
2884 5278 3132 5348 καρδίαν,
3174 5279 3269 5332 καὶ
3311 5276 3547 5339 ἀναιδῶς
3576 5293 3723 5347 atpos-

2162 5362 2523 5419 κυλινδεῖσθαί
2580 5384 2670 5437 μοι
2743 5369 2882 5438 μετὰ
2944 5369 3240 5441 δακρύων,
3310 5371 3401 5424 καὶ
3467 5370 3734 5440 θλίψεως,

2160 5455 2547 5527 προσδέχομαι,
2591 5459 2685 5511 καὶ
2728 5458 2904 5525 σώζω.
2951 5462 3129 5532 Χρεία
3158 5461 3216 5517 δὲ
3255 5462 3387 5531 ἡμῖν
3421 5461 3513 5513 τοῦ
3546 5478 3743 5514 παντο-

2156 5542 2415 5615 δυνάμου,
2442 5550 2533 5602 καὶ
2562 5552 2843 5621 πανσόφου
2874 5553 3215 5622 Πνεῦματος,
3241 5552 3527 5622 δυνάμεώς
3552 5571 3613 5605 τε
3644 5553 3739 5617 καὶ

2163 5634 2404 5704 χάριτος,
2440 5638 2582 5709 ειπερ
2612 5644 2792 5706 ζητεῖν
2820 5642 3071 5713 εὐθύμως
3096 5643 3405 5712 ὀφείλομεν.
3440 5642 3598 5698 Οὕτω
3630 5643 3736 5714 γάρ

550 5709 598 5740 ⁸³
626 5711 768 5772 Psal.
807 5724 1045 5810 Lt’.il,.2.
1122 5729 1167 5762 ⁸³
1196 5730 1375 5789 Judic.
1411 5753 1520 5803 xw,
1556 5741 1782 5807 passim.
1860 5743 1904 5775 ⁸⁸
1936 5745 1997 5799 Π
2042 5746 2066 5800 Γ

2167 5789 2178 5802 .
2228 5765 2301 5814 Iv,
2332 5751 2419 5807 '57.
