  <div class='ocr_page' id='page_1' title='image "/cluster/home/n/w/nwhite01/storage/ocr_20150623/79/mdp.39015051890492/138.png"; bbox 0 0 4064 6160; ppageno 0'>
   <div class='ocr_carea' id='block_1_1' title="bbox 374 399 473 468">
    <p class='ocr_par' dir='ltr' id='par_1_1' title="bbox 374 399 473 468">
     <span class='ocr_line' id='line_1_1' title="bbox 374 399 473 468; baseline -0.04 1"><span class='ocrx_word' id='word_1_1' title='bbox 374 399 473 468; x_wconf 76' lang='lat'><strong>261</strong></span> 
     </span>
    </p>
   </div>
   <div class='ocr_carea' id='block_1_2' title="bbox 1588 391 2434 454">
    <p class='ocr_par' dir='ltr' id='par_1_2' title="bbox 1588 391 2434 454">
     <span class='ocr_line' id='line_1_2' title="bbox 1588 391 2434 454; baseline -0.007 1"><span class='ocrx_word' id='word_1_2' title='bbox 1588 392 2123 454; x_wconf 82' lang='lat' dir='ltr'><strong>EPISTOLARUM</strong></span> <span class='ocrx_word' id='word_1_3' title='bbox 2167 391 2310 449; x_wconf 82' lang='lat' dir='ltr'><strong>LIB.</strong></span> <span class='ocrx_word' id='word_1_4' title='bbox 2353 392 2434 449; x_wconf 82' lang='lat' dir='ltr'>II.</span> 
     </span>
    </p>
   </div>
   <div class='ocr_carea' id='block_1_3' title="bbox 3529 394 3636 458">
    <p class='ocr_par' dir='ltr' id='par_1_3' title="bbox 3529 394 3636 458">
     <span class='ocr_line' id='line_1_3' title="bbox 3529 394 3636 458; baseline -0.009 0"><span class='ocrx_word' id='word_1_5' title='bbox 3529 394 3636 458; x_wconf 62' lang='grc'><strong>282</strong></span> 
     </span>
    </p>
   </div>
   <div class='ocr_carea' id='block_1_4' title="bbox 375 501 1967 583">
    <p class='ocr_par' dir='ltr' id='par_1_4' title="bbox 375 505 1945 583">
     <span class='ocr_line' id='line_1_4' title="bbox 375 505 1945 583; baseline -0.008 -13"><span class='ocrx_word' id='word_1_6' title='bbox 375 517 436 571; x_wconf 82' lang='grc' dir='ltr'>ἃν</span> <span class='ocrx_word' id='word_1_7' title='bbox 459 514 523 568; x_wconf 86' lang='grc' dir='ltr'><strong>τὸ</strong></span> <span class='ocrx_word' id='word_1_8' title='bbox 544 513 645 583; x_wconf 79' lang='grc' dir='ltr'>μὲν</span> <span class='ocrx_word' id='word_1_9' title='bbox 665 510 815 576; x_wconf 80' lang='grc' dir='ltr'>τόξον</span> <span class='ocrx_word' id='word_1_10' title='bbox 838 509 942 563; x_wconf 85' lang='grc' dir='ltr'><strong>τῶν</strong></span> <span class='ocrx_word' id='word_1_11' title='bbox 959 508 1201 562; x_wconf 81' lang='grc' dir='ltr'>δυνατῶν</span> <span class='ocrx_word' id='word_1_12' title='bbox 1223 510 1290 580; x_wconf 73' lang='grc' dir='ltr'><strong>τῇ</strong></span> <span class='ocrx_word' id='word_1_13' title='bbox 1309 508 1476 579; x_wconf 72' lang='grc' dir='ltr'>κακίᾳ</span> <span class='ocrx_word' id='word_1_14' title='bbox 1496 507 1765 575; x_wconf 76' lang='grc' dir='ltr'><strong>δαιμόνων</strong></span> <span class='ocrx_word' id='word_1_15' title='bbox 1784 505 1945 559; x_wconf 76' lang='grc' dir='ltr'>ἀσθεο</span> 
     </span>
    </p>
   </div>
   <div class='ocr_carea' id='block_1_5' title="bbox 2071 501 3633 583">
    <p class='ocr_par' dir='ltr' id='par_1_5' title="bbox 2071 501 3633 572">
     <span class='ocr_line' id='line_1_5' title="bbox 2071 501 3633 572; baseline 0.004 -17"><span class='ocrx_word' id='word_1_16' title='bbox 2071 502 2161 555; x_wconf 84' lang='lat' dir='ltr'><strong>lae</strong></span> <span class='ocrx_word' id='word_1_17' title='bbox 2201 502 2469 572; x_wconf 86' lang='lat' dir='ltr'><strong>siquidem</strong></span> <span class='ocrx_word' id='word_1_18' title='bbox 2521 501 2734 556; x_wconf 89' lang='lat' dir='ltr'><strong>ratione</strong></span> <span class='ocrx_word' id='word_1_19' title='bbox 2780 515 3194 571; x_wconf 85' lang='lat' dir='ltr'><strong>generosorum,</strong></span> <span class='ocrx_word' id='word_1_20' title='bbox 3232 516 3295 555; x_wconf 92' lang='lat' dir='ltr'><strong>ac</strong></span> <span class='ocrx_word' id='word_1_21' title='bbox 3329 505 3633 571; x_wconf 85' lang='lat' dir='ltr'><strong>potentium</strong></span> 
     </span>
    </p>
   </div>
   <div class='ocr_carea' id='block_1_6' title="bbox 377 598 1950 677">
    <p class='ocr_par' dir='ltr' id='par_1_6' title="bbox 377 598 1950 677">
     <span class='ocr_line' id='line_1_6' title="bbox 377 598 1950 677; baseline -0.007 -17"><span class='ocrx_word' id='word_1_22' title='bbox 377 608 526 677; x_wconf 77' lang='grc' dir='ltr'>νήσει</span> <span class='ocrx_word' id='word_1_23' title='bbox 585 601 1049 666; x_wconf 83' lang='grc' dir='ltr'>κατατοξευόντων</span> <span class='ocrx_word' id='word_1_24' title='bbox 1088 600 1235 670; x_wconf 74' lang='grc' dir='ltr'>ἡμᾶς</span> <span class='ocrx_word' id='word_1_25' title='bbox 1282 601 1393 662; x_wconf 85' lang='grc' dir='ltr'>τοῖς</span> <span class='ocrx_word' id='word_1_26' title='bbox 1452 599 1550 666; x_wconf 82' lang='grc' dir='ltr'>τῆς</span> <span class='ocrx_word' id='word_1_27' title='bbox 1605 598 1950 668; x_wconf 73' lang='grc' dir='ltr'><strong>ἡδυπαθείας</strong></span> 
     </span>
    </p>
   </div>
   <div class='ocr_carea' id='block_1_7' title="bbox 375 688 1954 765">
    <p class='ocr_par' dir='ltr' id='par_1_7' title="bbox 375 688 1954 765">
     <span class='ocr_line' id='line_1_7' title="bbox 375 688 1954 765; baseline -0.008 -14"><span class='ocrx_word' id='word_1_28' title='bbox 375 696 688 765; x_wconf 80' lang='grc' dir='ltr'><strong>λογισμοῖς,</strong></span> <span class='ocrx_word' id='word_1_29' title='bbox 733 693 922 764; x_wconf 86' lang='grc' dir='ltr'>ὥσπερ</span> <span class='ocrx_word' id='word_1_30' title='bbox 970 692 1086 745; x_wconf 78' lang='grc' dir='ltr'>τισὶ</span> <span class='ocrx_word' id='word_1_31' title='bbox 1143 690 1564 760; x_wconf 75' lang='grc' dir='ltr'><strong>πεπυρωμένοις</strong></span> <span class='ocrx_word' id='word_1_32' title='bbox 1621 688 1868 758; x_wconf 79' lang='grc' dir='ltr'><strong>βέλεσιν·</strong></span> <span class='ocrx_word' id='word_1_33' title='bbox 1904 688 1954 739; x_wconf 88' lang='lat' dir='ltr'><strong>oi.</strong></span> 
     </span>
    </p>
   </div>
   <div class='ocr_carea' id='block_1_8' title="bbox 2057 592 3637 662">
    <p class='ocr_par' dir='ltr' id='par_1_8' title="bbox 2057 592 3637 662">
     <span class='ocr_line' id='line_1_8' title="bbox 2057 592 3637 662; baseline 0.002 -15"><span class='ocrx_word' id='word_1_34' title='bbox 2057 593 2261 647; x_wconf 84' lang='lat' dir='ltr'><strong>malitia</strong></span> <span class='ocrx_word' id='word_1_35' title='bbox 2301 592 2633 653; x_wconf 63' lang='lat' dir='ltr'><strong>dmuonum,</strong></span> <span class='ocrx_word' id='word_1_36' title='bbox 2672 600 2727 646; x_wconf 87' lang='lat' dir='ltr'><strong>et</strong></span> <span class='ocrx_word' id='word_1_37' title='bbox 2778 592 3023 647; x_wconf 87' lang='lat' dir='ltr'><strong>mollitiei</strong></span> <span class='ocrx_word' id='word_1_38' title='bbox 3055 592 3503 662; x_wconf 73' lang='lat' dir='ltr'><strong>cogitationibus,</strong></span> <span class='ocrx_word' id='word_1_39' title='bbox 3542 612 3637 650; x_wconf 81' lang='lat' dir='ltr'><strong>ve—</strong></span> 
     </span>
    </p>
   </div>
   <div class='ocr_carea' id='block_1_9' title="bbox 2057 682 3637 755">
    <p class='ocr_par' dir='ltr' id='par_1_9' title="bbox 2057 682 3637 755">
     <span class='ocr_line' id='line_1_9' title="bbox 2057 682 3637 755; baseline 0.003 -18"><span class='ocrx_word' id='word_1_40' title='bbox 2057 685 2152 737; x_wconf 91' lang='lat' dir='ltr'><strong>luti</strong></span> <span class='ocrx_word' id='word_1_41' title='bbox 2183 682 2513 753; x_wconf 80' lang='lat' dir='ltr'><strong>quibusdam</strong></span> <span class='ocrx_word' id='word_1_42' title='bbox 2547 683 2734 752; x_wconf 88' lang='lat' dir='ltr'><strong>ignitis</strong></span> <span class='ocrx_word' id='word_1_43' title='bbox 2754 682 2955 751; x_wconf 85' lang='lat' dir='ltr'><strong>jaculis</strong></span> <span class='ocrx_word' id='word_1_44' title='bbox 2974 699 3075 738; x_wconf 91' lang='lat' dir='ltr'><strong>nos</strong></span> <span class='ocrx_word' id='word_1_45' title='bbox 3101 684 3400 753; x_wconf 89' lang='lat' dir='ltr'><strong>petentium</strong></span> <span class='ocrx_word' id='word_1_46' title='bbox 3425 687 3637 755; x_wconf 71' lang='lat' dir='ltr'><strong>sagittae</strong></span> 
     </span>
    </p>
   </div>
   <div class='ocr_carea' id='block_1_10' title="bbox 376 775 1967 858">
    <p class='ocr_par' dir='ltr' id='par_1_10' title="bbox 376 778 1954 858">
     <span class='ocr_line' id='line_1_10' title="bbox 376 778 1954 858; baseline -0.009 -14"><span class='ocrx_word' id='word_1_47' title='bbox 376 790 427 844; x_wconf 74' lang='grc' dir='ltr'>δὲ</span> <span class='ocrx_word' id='word_1_48' title='bbox 470 789 531 842; x_wconf 88' lang='grc' dir='ltr'><strong>τὸ</strong></span> <span class='ocrx_word' id='word_1_49' title='bbox 562 787 693 858; x_wconf 78' lang='grc' dir='ltr'>πρὶν</span> <span class='ocrx_word' id='word_1_50' title='bbox 742 784 1105 853; x_wconf 77' lang='grc' dir='ltr'>ἠσθενηκότες</span> <span class='ocrx_word' id='word_1_51' title='bbox 1138 784 1352 847; x_wconf 75' lang='grc' dir='ltr'>πιστοὶ,</span> <span class='ocrx_word' id='word_1_52' title='bbox 1412 778 1638 850; x_wconf 76' lang='grc' dir='ltr'>ὕστερον</span> <span class='ocrx_word' id='word_1_53' title='bbox 1704 779 1954 849; x_wconf 79' lang='grc' dir='ltr'><strong>μεγάλως</strong></span> 
     </span>
    </p>
   </div>
   <div class='ocr_carea' id='block_1_11' title="bbox 2071 775 3636 858">
    <p class='ocr_par' dir='ltr' id='par_1_11' title="bbox 2071 775 3636 848">
     <span class='ocr_line' id='line_1_11' title="bbox 2071 775 3636 848; baseline 0.004 -21"><span class='ocrx_word' id='word_1_54' title='bbox 2071 783 2407 844; x_wconf 73' lang='grc' dir='ltr'>,οι-ρεεεειιι;</span> <span class='ocrx_word' id='word_1_55' title='bbox 2446 775 2635 829; x_wconf 90' lang='lat' dir='ltr'><strong>ﬁdeles</strong></span> <span class='ocrx_word' id='word_1_56' title='bbox 2668 789 2795 828; x_wconf 88' lang='lat' dir='ltr'><strong>vero</strong></span> <span class='ocrx_word' id='word_1_57' title='bbox 2835 776 3067 829; x_wconf 85' lang='lat' dir='ltr'><strong>antehac</strong></span> <span class='ocrx_word' id='word_1_58' title='bbox 3098 775 3440 837; x_wconf 79' lang='lat' dir='ltr'><strong>vacillantes.</strong></span> <span class='ocrx_word' id='word_1_59' title='bbox 3473 787 3636 848; x_wconf 90' lang='lat' dir='ltr'><strong>atque</strong></span> 
     </span>
    </p>
   </div>
   <div class='ocr_carea' id='block_1_12' title="bbox 379 869 1950 946">
    <p class='ocr_par' dir='ltr' id='par_1_12' title="bbox 379 869 1950 946">
     <span class='ocr_line' id='line_1_12' title="bbox 379 869 1950 946; baseline -0.009 -13"><span class='ocrx_word' id='word_1_60' title='bbox 379 875 917 946; x_wconf 79' lang='grc' dir='ltr'>ὲνδυναμωθήσονται</span> <span class='ocrx_word' id='word_1_61' title='bbox 960 874 1040 935; x_wconf 83' lang='grc' dir='ltr'><strong>είς</strong></span> <span class='ocrx_word' id='word_1_62' title='bbox 1069 872 1167 940; x_wconf 80' lang='grc' dir='ltr'>τὴν</span> <span class='ocrx_word' id='word_1_63' title='bbox 1215 870 1324 923; x_wconf 89' lang='grc' dir='ltr'><strong>τῶν</strong></span> <span class='ocrx_word' id='word_1_64' title='bbox 1363 870 1620 923; x_wconf 76' lang='grc' dir='ltr'>ἐναντίων</span> <span class='ocrx_word' id='word_1_65' title='bbox 1654 869 1950 937; x_wconf 88' lang='grc' dir='ltr'>ἀναίρεσιν.</span> 
     </span>
    </p>
   </div>
   <div class='ocr_carea' id='block_1_13' title="bbox 378 958 1948 1033">
    <p class='ocr_par' dir='ltr' id='par_1_13' title="bbox 378 958 1948 1033">
     <span class='ocr_line' id='line_1_13' title="bbox 378 958 1948 1033; baseline -0.007 -13"><span class='ocrx_word' id='word_1_66' title='bbox 378 967 485 1020; x_wconf 74' lang='grc' dir='ltr'><strong>Καὶ</strong></span> <span class='ocrx_word' id='word_1_67' title='bbox 503 965 661 1018; x_wconf 89' lang='grc' dir='ltr'>τοῦτο</span> <span class='ocrx_word' id='word_1_68' title='bbox 710 963 819 1033; x_wconf 82' lang='grc' dir='ltr'><strong>ἀρα</strong></span> <span class='ocrx_word' id='word_1_69' title='bbox 847 962 1017 1024; x_wconf 77' lang='grc' dir='ltr'>ἐστιν,</span> <span class='ocrx_word' id='word_1_70' title='bbox 1049 962 1190 1031; x_wconf 81' lang='grc' dir='ltr'>ὅπερ</span> <span class='ocrx_word' id='word_1_71' title='bbox 1226 958 1651 1031; x_wconf 85' lang='grc' dir='ltr'>προφητεύουσα</span> <span class='ocrx_word' id='word_1_72' title='bbox 1683 961 1716 1028; x_wconf 80' lang='grc' dir='ltr'><strong>η</strong></span> <span class='ocrx_word' id='word_1_73' title='bbox 1755 974 1948 1011; x_wconf 90' lang='grc' dir='ltr'>πιστο-</span> 
     </span>
    </p>
   </div>
   <div class='ocr_carea' id='block_1_14' title="bbox 378 1051 1955 1128">
    <p class='ocr_par' dir='ltr' id='par_1_14' title="bbox 378 1051 1955 1128">
     <span class='ocr_line' id='line_1_14' title="bbox 378 1051 1955 1128; baseline -0.007 -16"><span class='ocrx_word' id='word_1_74' title='bbox 378 1061 511 1128; x_wconf 85' lang='grc' dir='ltr'>τάτη</span> <span class='ocrx_word' id='word_1_75' title='bbox 576 1058 758 1128; x_wconf 85' lang='grc' dir='ltr'><strong>μήτηρ</strong></span> <span class='ocrx_word' id='word_1_76' title='bbox 819 1053 912 1107; x_wconf 87' lang='grc' dir='ltr'><strong>τοῦ</strong></span> <span class='ocrx_word' id='word_1_77' title='bbox 966 1054 1224 1124; x_wconf 81' lang='grc' dir='ltr'><strong>Σαμουὴλ</strong></span> <span class='ocrx_word' id='word_1_78' title='bbox 1273 1053 1459 1121; x_wconf 73' lang='grc' dir='ltr'>ἔλεγε,</span> <span class='ocrx_word' id='word_1_79' title='bbox 1505 1052 1670 1116; x_wconf 83' lang='grc' dir='ltr'>Τόξον</span> <span class='ocrx_word' id='word_1_80' title='bbox 1713 1051 1955 1104; x_wconf 81' lang='grc' dir='ltr'>δυνατῶν</span> 
     </span>
    </p>
   </div>
   <div class='ocr_carea' id='block_1_15' title="bbox 380 1142 1953 1220">
    <p class='ocr_par' dir='ltr' id='par_1_15' title="bbox 380 1142 1953 1220">
     <span class='ocr_line' id='line_1_15' title="bbox 380 1142 1953 1220; baseline -0.006 -17"><span class='ocrx_word' id='word_1_81' title='bbox 380 1150 662 1220; x_wconf 77' lang='grc' dir='ltr'><strong>ἠσθένησε,</strong></span> <span class='ocrx_word' id='word_1_82' title='bbox 682 1149 778 1201; x_wconf 78' lang='grc' dir='ltr'><strong>καὶ</strong></span> <span class='ocrx_word' id='word_1_83' title='bbox 799 1149 847 1200; x_wconf 78' lang='grc' dir='ltr'>οἱ</span> <span class='ocrx_word' id='word_1_84' title='bbox 876 1145 1236 1208; x_wconf 72' lang='grc' dir='ltr'>ἀσθενοῦντες</span> <span class='ocrx_word' id='word_1_85' title='bbox 1270 1143 1674 1215; x_wconf 78' lang='grc' dir='ltr'>περιεζώσαντο</span> <span class='ocrx_word' id='word_1_86' title='bbox 1703 1142 1953 1211; x_wconf 87' lang='grc' dir='ltr'>δύναμιν.</span> 
     </span>
    </p>
   </div>
   <div class='ocr_carea' id='block_1_16' title="bbox 380 1235 1956 1308">
    <p class='ocr_par' dir='ltr' id='par_1_16' title="bbox 380 1235 1956 1308">
     <span class='ocr_line' id='line_1_16' title="bbox 380 1235 1956 1308; baseline -0.007 -12"><span class='ocrx_word' id='word_1_87' title='bbox 380 1241 585 1303; x_wconf 85' lang='grc' dir='ltr'>Σκοπὸς</span> <span class='ocrx_word' id='word_1_88' title='bbox 613 1238 692 1308; x_wconf 82' lang='grc' dir='ltr'>τῷ</span> <span class='ocrx_word' id='word_1_89' title='bbox 735 1236 1093 1308; x_wconf 78' lang='grc' dir='ltr'><strong>δημιουργῷ,</strong></span> <span class='ocrx_word' id='word_1_90' title='bbox 1139 1236 1235 1289; x_wconf 74' lang='grc' dir='ltr'><strong>καὶ</strong></span> <span class='ocrx_word' id='word_1_91' title='bbox 1284 1237 1562 1305; x_wconf 72' lang='grc' dir='ltr'>ζωγράφῳ</span> <span class='ocrx_word' id='word_1_92' title='bbox 1606 1235 1703 1303; x_wconf 78' lang='grc' dir='ltr'><strong>τῆς</strong></span> <span class='ocrx_word' id='word_1_93' title='bbox 1758 1235 1956 1296; x_wconf 79' lang='grc' dir='ltr'>κακίας</span> 
     </span>
    </p>
   </div>
   <div class='ocr_carea' id='block_1_17' title="bbox 380 1324 1955 1401">
    <p class='ocr_par' dir='ltr' id='par_1_17' title="bbox 380 1324 1955 1401">
     <span class='ocr_line' id='line_1_17' title="bbox 380 1324 1955 1401; baseline -0.008 -14"><span class='ocrx_word' id='word_1_94' title='bbox 380 1333 609 1401; x_wconf 75' lang='grc' dir='ltr'><strong>δαίμονι.</strong></span> <span class='ocrx_word' id='word_1_95' title='bbox 634 1332 713 1392; x_wconf 85' lang='grc' dir='ltr'><strong>είς</strong></span> <span class='ocrx_word' id='word_1_96' title='bbox 743 1329 968 1399; x_wconf 80' lang='grc' dir='ltr'>βαρεῖαν</span> <span class='ocrx_word' id='word_1_97' title='bbox 1007 1328 1098 1381; x_wconf 70' lang='grc' dir='ltr'>καὶ</span> <span class='ocrx_word' id='word_1_98' title='bbox 1128 1325 1558 1397; x_wconf 80' lang='grc' dir='ltr'><strong>ἀπαραμύθητον</strong></span> <span class='ocrx_word' id='word_1_99' title='bbox 1579 1325 1754 1389; x_wconf 82' lang='grc' dir='ltr'><strong>λύπην</strong></span> <span class='ocrx_word' id='word_1_100' title='bbox 1781 1324 1955 1393; x_wconf 75' lang='grc' dir='ltr'>ἐμϐα-</span> 
     </span>
    </p>
   </div>
   <div class='ocr_carea' id='block_1_18' title="bbox 382 1418 1953 1491">
    <p class='ocr_par' dir='ltr' id='par_1_18' title="bbox 382 1418 1953 1491">
     <span class='ocr_line' id='line_1_18' title="bbox 382 1418 1953 1491; baseline -0.006 -12"><span class='ocrx_word' id='word_1_101' title='bbox 382 1427 492 1479; x_wconf 86' lang='grc' dir='ltr'>λεῖν</span> <span class='ocrx_word' id='word_1_102' title='bbox 533 1426 764 1478; x_wconf 73' lang='grc' dir='ltr'>ἕκαστον</span> <span class='ocrx_word' id='word_1_103' title='bbox 815 1421 1136 1491; x_wconf 83' lang='grc' dir='ltr'>ἄνθρωπον,</span> <span class='ocrx_word' id='word_1_104' title='bbox 1185 1420 1278 1473; x_wconf 73' lang='grc' dir='ltr'>καὶ</span> <span class='ocrx_word' id='word_1_105' title='bbox 1339 1419 1647 1488; x_wconf 79' lang='grc' dir='ltr'><strong>ἀποστῆσαι</strong></span> <span class='ocrx_word' id='word_1_106' title='bbox 1697 1418 1953 1481; x_wconf 83' lang='grc' dir='ltr'>πίστεως,</span> 
     </span>
    </p>
   </div>
   <div class='ocr_carea' id='block_1_19' title="bbox 380 1508 1957 1582">
    <p class='ocr_par' dir='ltr' id='par_1_19' title="bbox 380 1508 1957 1582">
     <span class='ocr_line' id='line_1_19' title="bbox 380 1508 1957 1582; baseline -0.008 -10"><span class='ocrx_word' id='word_1_107' title='bbox 380 1519 593 1581; x_wconf 70' lang='grc' dir='ltr'>ἐλπίδος</span> <span class='ocrx_word' id='word_1_108' title='bbox 613 1516 707 1570; x_wconf 76' lang='grc' dir='ltr'>καὶ</span> <span class='ocrx_word' id='word_1_109' title='bbox 734 1515 833 1582; x_wconf 79' lang='grc' dir='ltr'>τῆς</span> <span class='ocrx_word' id='word_1_110' title='bbox 858 1513 1005 1575; x_wconf 87' lang='grc' dir='ltr'>θείας</span> <span class='ocrx_word' id='word_1_111' title='bbox 1033 1513 1272 1581; x_wconf 78' lang='grc' dir='ltr'><strong>ἀγάπης,</strong></span> <span class='ocrx_word' id='word_1_112' title='bbox 1297 1510 1442 1580; x_wconf 74' lang='grc' dir='ltr'>ἅπερ</span> <span class='ocrx_word' id='word_1_113' title='bbox 1461 1512 1579 1563; x_wconf 68' lang='grc' dir='ltr'>ἐστὶ</span> <span class='ocrx_word' id='word_1_114' title='bbox 1614 1508 1957 1579; x_wconf 80' lang='grc' dir='ltr'>καιριώτερά</span> 
     </span>
    </p>
   </div>
   <div class='ocr_carea' id='block_1_20' title="bbox 378 1601 1958 1681">
    <p class='ocr_par' dir='ltr' id='par_1_20' title="bbox 378 1601 1958 1681">
     <span class='ocr_line' id='line_1_20' title="bbox 378 1601 1958 1681; baseline -0.006 -18"><span class='ocrx_word' id='word_1_115' title='bbox 378 1628 433 1663; x_wconf 86' lang='grc' dir='ltr'><strong>τε</strong></span> <span class='ocrx_word' id='word_1_116' title='bbox 485 1610 579 1662; x_wconf 73' lang='grc' dir='ltr'><strong>καὶ</strong></span> <span class='ocrx_word' id='word_1_117' title='bbox 622 1607 889 1681; x_wconf 82' lang='grc' dir='ltr'>κράτιστα</span> <span class='ocrx_word' id='word_1_118' title='bbox 937 1605 1035 1675; x_wconf 80' lang='grc' dir='ltr'><strong>τῆς</strong></span> <span class='ocrx_word' id='word_1_119' title='bbox 1092 1604 1173 1665; x_wconf 89' lang='grc' dir='ltr'><strong>είς</strong></span> <span class='ocrx_word' id='word_1_120' title='bbox 1218 1602 1450 1671; x_wconf 85' lang='grc' dir='ltr'>Χριστὸν</span> <span class='ocrx_word' id='word_1_121' title='bbox 1502 1601 1803 1663; x_wconf 75' lang='grc' dir='ltr'>εὐσεσείας.</span> <span class='ocrx_word' id='word_1_122' title='bbox 1859 1601 1958 1654; x_wconf 86' lang='grc' dir='ltr'>Διά</span> 
     </span>
    </p>
   </div>
   <div class='ocr_carea' id='block_1_21' title="bbox 379 1691 1958 1764">
    <p class='ocr_par' dir='ltr' id='par_1_21' title="bbox 379 1691 1958 1764">
     <span class='ocr_line' id='line_1_21' title="bbox 379 1691 1958 1764; baseline -0.006 -12"><span class='ocrx_word' id='word_1_123' title='bbox 379 1700 534 1752; x_wconf 83' lang='grc' dir='ltr'>τοῦτο</span> <span class='ocrx_word' id='word_1_124' title='bbox 561 1698 655 1751; x_wconf 89' lang='grc' dir='ltr'><strong>καί</strong></span> <span class='ocrx_word' id='word_1_125' title='bbox 680 1714 833 1760; x_wconf 78' lang='grc' dir='ltr'>τινας</span> <span class='ocrx_word' id='word_1_126' title='bbox 858 1695 967 1749; x_wconf 89' lang='grc' dir='ltr'><strong>τῶν</strong></span> <span class='ocrx_word' id='word_1_127' title='bbox 1007 1695 1213 1748; x_wconf 79' lang='grc' dir='ltr'><strong>πιστῶν</strong></span> <span class='ocrx_word' id='word_1_128' title='bbox 1246 1692 1659 1764; x_wconf 73' lang='grc' dir='ltr'>παρασκευάζει</span> <span class='ocrx_word' id='word_1_129' title='bbox 1696 1691 1958 1753; x_wconf 74' lang='grc' dir='ltr'><strong>πολλάκις</strong></span> 
     </span>
    </p>
   </div>
   <div class='ocr_carea' id='block_1_22' title="bbox 378 1780 1953 1859">
    <p class='ocr_par' dir='ltr' id='par_1_22' title="bbox 378 1780 1953 1859">
     <span class='ocr_line' id='line_1_22' title="bbox 378 1780 1953 1859; baseline -0.007 -15"><span class='ocrx_word' id='word_1_130' title='bbox 378 1791 465 1844; x_wconf 76' lang='grc' dir='ltr'><strong>διὰ</strong></span> <span class='ocrx_word' id='word_1_131' title='bbox 514 1790 615 1859; x_wconf 80' lang='grc' dir='ltr'>τῆς</span> <span class='ocrx_word' id='word_1_132' title='bbox 671 1787 977 1858; x_wconf 80' lang='grc' dir='ltr'>κτηνώδους</span> <span class='ocrx_word' id='word_1_133' title='bbox 1014 1789 1304 1857; x_wconf 84' lang='grc' dir='ltr'>κινήσεως,</span> <span class='ocrx_word' id='word_1_134' title='bbox 1358 1786 1454 1838; x_wconf 72' lang='grc' dir='ltr'>καὶ</span> <span class='ocrx_word' id='word_1_135' title='bbox 1500 1785 1592 1837; x_wconf 71' lang='grc' dir='ltr'><strong>ἐπὶ</strong></span> <span class='ocrx_word' id='word_1_136' title='bbox 1638 1782 1806 1837; x_wconf 84' lang='grc' dir='ltr'>αὐτοῦ</span> <span class='ocrx_word' id='word_1_137' title='bbox 1857 1780 1953 1834; x_wconf 85' lang='grc' dir='ltr'><strong>τοῦ</strong></span> 
     </span>
    </p>
   </div>
   <div class='ocr_carea' id='block_1_23' title="bbox 379 1872 1953 1949">
    <p class='ocr_par' dir='ltr' id='par_1_23' title="bbox 379 1872 1953 1949">
     <span class='ocr_line' id='line_1_23' title="bbox 379 1872 1953 1949; baseline -0.007 -15"><span class='ocrx_word' id='word_1_138' title='bbox 379 1881 538 1949; x_wconf 81' lang='grc' dir='ltr'>ἁγίου</span> <span class='ocrx_word' id='word_1_139' title='bbox 567 1880 719 1933; x_wconf 81' lang='grc' dir='ltr'>οῖκου</span> <span class='ocrx_word' id='word_1_140' title='bbox 748 1878 889 1949; x_wconf 67' lang='grc' dir='ltr'>ῥέειν</span> <span class='ocrx_word' id='word_1_141' title='bbox 911 1876 1094 1948; x_wconf 85' lang='grc' dir='ltr'>γονὴν,</span> <span class='ocrx_word' id='word_1_142' title='bbox 1121 1878 1267 1939; x_wconf 85' lang='grc' dir='ltr'>ὅπως</span> <span class='ocrx_word' id='word_1_143' title='bbox 1289 1875 1386 1945; x_wconf 81' lang='grc' dir='ltr'>τὴν</span> <span class='ocrx_word' id='word_1_144' title='bbox 1414 1874 1594 1943; x_wconf 66' lang='grc' dir='ltr'>ψυχὴν</span> <span class='ocrx_word' id='word_1_145' title='bbox 1626 1873 1723 1927; x_wconf 84' lang='grc' dir='ltr'><strong>τοῦ</strong></span> <span class='ocrx_word' id='word_1_146' title='bbox 1748 1872 1953 1927; x_wconf 86' lang='grc' dir='ltr'>παθόν-</span> 
     </span>
    </p>
   </div>
   <div class='ocr_carea' id='block_1_24' title="bbox 380 1964 1937 2043">
    <p class='ocr_par' dir='ltr' id='par_1_24' title="bbox 380 1964 1937 2043">
     <span class='ocr_line' id='line_1_24' title="bbox 380 1964 1937 2043; baseline -0.006 -17"><span class='ocrx_word' id='word_1_147' title='bbox 380 1990 465 2036; x_wconf 88' lang='grc' dir='ltr'><strong>τος</strong></span> <span class='ocrx_word' id='word_1_148' title='bbox 483 1972 686 2043; x_wconf 82' lang='grc' dir='ltr'>ὲνέγκῃ</span> <span class='ocrx_word' id='word_1_149' title='bbox 710 1973 787 2032; x_wconf 75' lang='grc' dir='ltr'><strong>είς</strong></span> <span class='ocrx_word' id='word_1_150' title='bbox 806 1968 1170 2038; x_wconf 85' lang='grc' dir='ltr'>ἀπελπισμὸν,</span> <span class='ocrx_word' id='word_1_151' title='bbox 1203 1968 1298 2021; x_wconf 74' lang='grc' dir='ltr'><strong>καὶ</strong></span> <span class='ocrx_word' id='word_1_152' title='bbox 1317 1966 1577 2035; x_wconf 79' lang='grc' dir='ltr'><strong>ἀθυμίαν,</strong></span> <span class='ocrx_word' id='word_1_153' title='bbox 1603 1966 1699 2018; x_wconf 73' lang='grc' dir='ltr'><strong>καὶ</strong></span> <span class='ocrx_word' id='word_1_154' title='bbox 1722 1964 1937 2017; x_wconf 85' lang='grc' dir='ltr'>τελείαν</span> 
     </span>
    </p>
   </div>
   <div class='ocr_carea' id='block_1_25' title="bbox 378 2058 1955 2133">
    <p class='ocr_par' dir='ltr' id='par_1_25' title="bbox 378 2058 1955 2133">
     <span class='ocr_line' id='line_1_25' title="bbox 378 2058 1955 2133; baseline -0.008 -13"><span class='ocrx_word' id='word_1_155' title='bbox 378 2066 711 2133; x_wconf 75' lang='grc' dir='ltr'>ἀπάγνωσιν.</span> <span class='ocrx_word' id='word_1_156' title='bbox 744 2065 913 2116; x_wconf 82' lang='grc' dir='ltr'>Ὅταν</span> <span class='ocrx_word' id='word_1_157' title='bbox 945 2061 1053 2131; x_wconf 82' lang='grc' dir='ltr'><strong>γάρ</strong></span> <span class='ocrx_word' id='word_1_158' title='bbox 1087 2059 1165 2129; x_wconf 82' lang='grc' dir='ltr'>τῷ</span> <span class='ocrx_word' id='word_1_159' title='bbox 1190 2060 1385 2129; x_wconf 86' lang='grc' dir='ltr'>χρόνῳ,</span> <span class='ocrx_word' id='word_1_160' title='bbox 1420 2059 1610 2129; x_wconf 75' lang='grc' dir='ltr'>καὶτῷ</span> <span class='ocrx_word' id='word_1_161' title='bbox 1634 2058 1781 2129; x_wconf 73' lang='grc' dir='ltr'>ἔργῳ</span> <span class='ocrx_word' id='word_1_162' title='bbox 1818 2074 1955 2128; x_wconf 54' lang='grc' dir='ltr'>προ*</span> 
     </span>
    </p>
   </div>
   <div class='ocr_carea' id='block_1_26' title="bbox 377 2146 1955 2226">
    <p class='ocr_par' dir='ltr' id='par_1_26' title="bbox 377 2146 1955 2226">
     <span class='ocr_line' id='line_1_26' title="bbox 377 2146 1955 2226; baseline -0.006 -19"><span class='ocrx_word' id='word_1_163' title='bbox 377 2154 524 2226; x_wconf 74' lang='grc' dir='ltr'>κόψῃ</span> <span class='ocrx_word' id='word_1_164' title='bbox 559 2170 663 2215; x_wconf 82' lang='grc' dir='ltr'>τις,</span> <span class='ocrx_word' id='word_1_165' title='bbox 696 2153 816 2205; x_wconf 89' lang='grc' dir='ltr'>τότε</span> <span class='ocrx_word' id='word_1_166' title='bbox 844 2152 893 2204; x_wconf 89' lang='grc' dir='ltr'><strong>οί</strong></span> <span class='ocrx_word' id='word_1_167' title='bbox 950 2149 1198 2219; x_wconf 72' lang='grc' dir='ltr'>πολέμιοι</span> <span class='ocrx_word' id='word_1_168' title='bbox 1254 2148 1361 2200; x_wconf 88' lang='grc' dir='ltr'><strong>τῶν</strong></span> <span class='ocrx_word' id='word_1_169' title='bbox 1411 2147 1689 2219; x_wconf 83' lang='grc' dir='ltr'><strong>σαρκικῶν</strong></span> <span class='ocrx_word' id='word_1_170' title='bbox 1735 2146 1955 2217; x_wconf 78' lang='grc' dir='ltr'>ἡδονῶν,</span> 
     </span>
    </p>
   </div>
   <div class='ocr_carea' id='block_1_27' title="bbox 378 2236 1959 2312">
    <p class='ocr_par' dir='ltr' id='par_1_27' title="bbox 378 2236 1959 2312">
     <span class='ocr_line' id='line_1_27' title="bbox 378 2236 1959 2312; baseline -0.005 -15"><span class='ocrx_word' id='word_1_171' title='bbox 378 2245 474 2297; x_wconf 74' lang='grc' dir='ltr'><strong>καὶ</strong></span> <span class='ocrx_word' id='word_1_172' title='bbox 499 2242 809 2312; x_wconf 72' lang='grc' dir='ltr'><strong>ἐπιθυμιῶν</strong></span> <span class='ocrx_word' id='word_1_173' title='bbox 838 2239 1159 2309; x_wconf 80' lang='grc' dir='ltr'>ὲπαφίενται</span> <span class='ocrx_word' id='word_1_174' title='bbox 1183 2237 1333 2307; x_wconf 83' lang='grc' dir='ltr'>αύτῷ</span> <span class='ocrx_word' id='word_1_175' title='bbox 1368 2239 1505 2309; x_wconf 86' lang='grc' dir='ltr'>πρὸς</span> <span class='ocrx_word' id='word_1_176' title='bbox 1526 2237 1828 2306; x_wconf 83' lang='grc' dir='ltr'>γυμνάσιον</span> <span class='ocrx_word' id='word_1_177' title='bbox 1861 2236 1959 2289; x_wconf 77' lang='grc' dir='ltr'>αύ-</span> 
     </span>
    </p>
   </div>
   <div class='ocr_carea' id='block_1_28' title="bbox 376 2329 1961 2405">
    <p class='ocr_par' dir='ltr' id='par_1_28' title="bbox 376 2329 1961 2405">
     <span class='ocr_line' id='line_1_28' title="bbox 376 2329 1961 2405; baseline -0.003 -18"><span class='ocrx_word' id='word_1_178' title='bbox 376 2335 497 2399; x_wconf 86' lang='grc' dir='ltr'>τοῦ,</span> <span class='ocrx_word' id='word_1_179' title='bbox 528 2336 628 2388; x_wconf 72' lang='grc' dir='ltr'>καὶ</span> <span class='ocrx_word' id='word_1_180' title='bbox 651 2334 917 2405; x_wconf 84' lang='grc' dir='ltr'>δοκίμιον.</span> <span class='ocrx_word' id='word_1_181' title='bbox 960 2329 1096 2385; x_wconf 75' lang='grc' dir='ltr'>Εἶτα</span> <span class='ocrx_word' id='word_1_182' title='bbox 1142 2332 1502 2400; x_wconf 75' lang='grc' dir='ltr'><strong>λυπούμενος,</strong></span> <span class='ocrx_word' id='word_1_183' title='bbox 1557 2331 1649 2382; x_wconf 74' lang='grc' dir='ltr'><strong>κοιλ⁸</strong></span> <span class='ocrx_word' id='word_1_184' title='bbox 1702 2346 1961 2398; x_wconf 82' lang='grc' dir='ltr'>στενοχω-</span> 
     </span>
    </p>
   </div>
   <div class='ocr_carea' id='block_1_29' title="bbox 378 2418 1961 2497">
    <p class='ocr_par' dir='ltr' id='par_1_29' title="bbox 378 2418 1961 2497">
     <span class='ocr_line' id='line_1_29' title="bbox 378 2418 1961 2497; baseline -0.005 -19"><span class='ocrx_word' id='word_1_185' title='bbox 378 2425 653 2497; x_wconf 80' lang='grc' dir='ltr'>ρούμενος</span> <span class='ocrx_word' id='word_1_186' title='bbox 707 2420 1076 2490; x_wconf 77' lang='grc' dir='ltr'>ἀναγκάζεται</span> <span class='ocrx_word' id='word_1_187' title='bbox 1120 2420 1309 2474; x_wconf 87' lang='grc' dir='ltr'>λοιπὸν</span> <span class='ocrx_word' id='word_1_188' title='bbox 1370 2418 1759 2472; x_wconf 74' lang='grc' dir='ltr'>ταπεινοῦσθαι</span> <span class='ocrx_word' id='word_1_189' title='bbox 1782 2459 1796 2482; x_wconf 93' lang='grc'><strong>,</strong></span> <span class='ocrx_word' id='word_1_190' title='bbox 1865 2418 1961 2471; x_wconf 76' lang='grc' dir='ltr'>καὶ</span> 
     </span>
    </p>
   </div>
   <div class='ocr_carea' id='block_1_30' title="bbox 374 2509 1960 2580">
    <p class='ocr_par' dir='ltr' id='par_1_30' title="bbox 374 2509 1960 2580">
     <span class='ocr_line' id='line_1_30' title="bbox 374 2509 1960 2580; baseline -0.003 -14"><span class='ocrx_word' id='word_1_191' title='bbox 374 2513 629 2576; x_wconf 84' lang='grc' dir='ltr'>πενθεῖν,</span> <span class='ocrx_word' id='word_1_192' title='bbox 647 2512 744 2565; x_wconf 76' lang='grc' dir='ltr'>καὶ</span> <span class='ocrx_word' id='word_1_193' title='bbox 754 2511 944 2564; x_wconf 75' lang='grc' dir='ltr'>ἑαυτὸν</span> <span class='ocrx_word' id='word_1_194' title='bbox 960 2511 1116 2580; x_wconf 88' lang='grc' dir='ltr'>μόνον</span> <span class='ocrx_word' id='word_1_195' title='bbox 1133 2510 1499 2579; x_wconf 81' lang='grc' dir='ltr'>κατακρίνειν,</span> <span class='ocrx_word' id='word_1_196' title='bbox 1518 2511 1611 2562; x_wconf 74' lang='grc' dir='ltr'>καὶ</span> <span class='ocrx_word' id='word_1_197' title='bbox 1630 2509 1960 2578; x_wconf 68' lang='grc' dir='ltr'>μέμφεσθαι.</span> 
     </span>
    </p>
   </div>
   <div class='ocr_carea' id='block_1_31' title="bbox 373 2599 1966 2671">
    <p class='ocr_par' dir='ltr' id='par_1_31' title="bbox 373 2599 1966 2671">
     <span class='ocr_line' id='line_1_31' title="bbox 373 2599 1966 2671; baseline -0.002 -16"><span class='ocrx_word' id='word_1_198' title='bbox 373 2602 496 2655; x_wconf 76' lang='grc' dir='ltr'>Καὶ</span> <span class='ocrx_word' id='word_1_199' title='bbox 513 2601 690 2663; x_wconf 72' lang='grc' dir='ltr'>οὕτως</span> <span class='ocrx_word' id='word_1_200' title='bbox 700 2600 787 2653; x_wconf 76' lang='grc' dir='ltr'>διὰ</span> <span class='ocrx_word' id='word_1_201' title='bbox 810 2601 916 2653; x_wconf 89' lang='grc' dir='ltr'><strong>τῶν</strong></span> <span class='ocrx_word' id='word_1_202' title='bbox 933 2599 1252 2671; x_wconf 83' lang='grc' dir='ltr'>πειρασμῶν</span> <span class='ocrx_word' id='word_1_203' title='bbox 1269 2599 1473 2652; x_wconf 85' lang='grc' dir='ltr'>τούτων</span> <span class='ocrx_word' id='word_1_204' title='bbox 1506 2600 1623 2652; x_wconf 89' lang='grc' dir='ltr'>δοκι</span> <span class='ocrx_word' id='word_1_205' title='bbox 1631 2599 1858 2668; x_wconf 78' lang='grc' dir='ltr'>μασθεὶς</span> <span class='ocrx_word' id='word_1_206' title='bbox 1875 2600 1966 2670; x_wconf 73' lang='grc' dir='ltr'><strong>ἕρ-</strong></span> 
     </span>
    </p>
   </div>
   <div class='ocr_carea' id='block_1_32' title="bbox 376 2690 1967 2764">
    <p class='ocr_par' dir='ltr' id='par_1_32' title="bbox 376 2690 1967 2764">
     <span class='ocr_line' id='line_1_32' title="bbox 376 2690 1967 2764; baseline 0 -19"><span class='ocrx_word' id='word_1_207' title='bbox 376 2709 537 2763; x_wconf 82' lang='grc' dir='ltr'>χεται</span> <span class='ocrx_word' id='word_1_208' title='bbox 560 2691 699 2762; x_wconf 86' lang='grc' dir='ltr'>πρὸς</span> <span class='ocrx_word' id='word_1_209' title='bbox 717 2690 817 2760; x_wconf 80' lang='grc' dir='ltr'>τὴν</span> <span class='ocrx_word' id='word_1_210' title='bbox 832 2690 1016 2744; x_wconf 87' lang='grc' dir='ltr'>πασῶν</span> <span class='ocrx_word' id='word_1_211' title='bbox 1030 2690 1137 2743; x_wconf 85' lang='grc' dir='ltr'><strong>τῶν</strong></span> <span class='ocrx_word' id='word_1_212' title='bbox 1166 2691 1378 2762; x_wconf 84' lang='grc' dir='ltr'>ἀρετῶν</span> <span class='ocrx_word' id='word_1_213' title='bbox 1404 2691 1739 2764; x_wconf 77' lang='grc' dir='ltr'>ὑψηλοτέραν</span> <span class='ocrx_word' id='word_1_214' title='bbox 1753 2691 1967 2762; x_wconf 85' lang='grc' dir='ltr'>διάκρι-</span> 
     </span>
    </p>
   </div>
   <div class='ocr_carea' id='block_1_33' title="bbox 382 2775 1970 2855">
    <p class='ocr_par' dir='ltr' id='par_1_33' title="bbox 382 2775 1970 2855">
     <span class='ocr_line' id='line_1_33' title="bbox 382 2775 1970 2855; baseline 0.001 -20"><span class='ocrx_word' id='word_1_215' title='bbox 382 2800 492 2835; x_wconf 90' lang='grc' dir='ltr'>σιν.</span> <span class='ocrx_word' id='word_1_216' title='bbox 524 2781 706 2849; x_wconf 79' lang='grc' dir='ltr'>Ἀπερ</span> <span class='ocrx_word' id='word_1_217' title='bbox 726 2775 820 2833; x_wconf 81' lang='grc' dir='ltr'>οὖν</span> <span class='ocrx_word' id='word_1_218' title='bbox 836 2780 1027 2833; x_wconf 80' lang='grc' dir='ltr'>πολλοὶ</span> <span class='ocrx_word' id='word_1_219' title='bbox 1044 2780 1118 2850; x_wconf 81' lang='grc' dir='ltr'>μὴ</span> <span class='ocrx_word' id='word_1_220' title='bbox 1136 2783 1640 2852; x_wconf 59' lang='grc' dir='ltr'>πῳπαιδευθέντες,</span> <span class='ocrx_word' id='word_1_221' title='bbox 1687 2784 1820 2855; x_wconf 83' lang='grc' dir='ltr'>μηδὲ</span> <span class='ocrx_word' id='word_1_222' title='bbox 1838 2783 1970 2837; x_wconf 82' lang='grc' dir='ltr'>ταύ-</span> 
     </span>
    </p>
   </div>
   <div class='ocr_carea' id='block_1_34' title="bbox 380 2872 1968 2945">
    <p class='ocr_par' dir='ltr' id='par_1_34' title="bbox 380 2872 1968 2945">
     <span class='ocr_line' id='line_1_34' title="bbox 380 2872 1968 2945; baseline 0.003 -19"><span class='ocrx_word' id='word_1_223' title='bbox 380 2891 479 2945; x_wconf 84' lang='grc' dir='ltr'><strong>την</strong></span> <span class='ocrx_word' id='word_1_224' title='bbox 499 2872 856 2943; x_wconf 82' lang='grc' dir='ltr'>κτησάμενοι,</span> <span class='ocrx_word' id='word_1_225' title='bbox 880 2873 1025 2936; x_wconf 78' lang='grc' dir='ltr'>τινὲς</span> <span class='ocrx_word' id='word_1_226' title='bbox 1052 2874 1149 2943; x_wconf 82' lang='grc' dir='ltr'>μὲν</span> <span class='ocrx_word' id='word_1_227' title='bbox 1167 2874 1350 2928; x_wconf 80' lang='grc' dir='ltr'>αὐτῶν</span> <span class='ocrx_word' id='word_1_228' title='bbox 1390 2875 1744 2940; x_wconf 81' lang='grc' dir='ltr'>ξενισθέντες,</span> <span class='ocrx_word' id='word_1_229' title='bbox 1767 2877 1862 2930; x_wconf 76' lang='grc' dir='ltr'><strong>καὶ</strong></span> <span class='ocrx_word' id='word_1_230' title='bbox 1879 2876 1968 2930; x_wconf 85' lang='grc' dir='ltr'>θο-</span> 
     </span>
    </p>
   </div>
   <div class='ocr_carea' id='block_1_35' title="bbox 383 2962 1964 3039">
    <p class='ocr_par' dir='ltr' id='par_1_35' title="bbox 383 2962 1964 3039">
     <span class='ocr_line' id='line_1_35' title="bbox 383 2962 1964 3039; baseline 0.003 -22"><span class='ocrx_word' id='word_1_231' title='bbox 383 2963 717 3035; x_wconf 77' lang='grc' dir='ltr'>ρυὸηθέντες</span> <span class='ocrx_word' id='word_1_232' title='bbox 741 2962 834 3015; x_wconf 90' lang='grc' dir='ltr'><strong>τὸν</strong></span> <span class='ocrx_word' id='word_1_233' title='bbox 875 2962 999 3016; x_wconf 91' lang='grc' dir='ltr'>νοῦν</span> <span class='ocrx_word' id='word_1_234' title='bbox 1019 2964 1077 3030; x_wconf 74' lang='grc' dir='ltr'>ἐξ</span> <span class='ocrx_word' id='word_1_235' title='bbox 1102 2965 1450 3036; x_wconf 82' lang='grc' dir='ltr'>ἀπροσεξίας,</span> <span class='ocrx_word' id='word_1_236' title='bbox 1477 2967 1571 3020; x_wconf 75' lang='grc' dir='ltr'>καὶ</span> <span class='ocrx_word' id='word_1_237' title='bbox 1603 2967 1964 3039; x_wconf 81' lang='grc' dir='ltr'>ἀδιακρισίας,</span> 
     </span>
    </p>
   </div>
   <div class='ocr_carea' id='block_1_36' title="bbox 382 3051 1968 3127">
    <p class='ocr_par' dir='ltr' id='par_1_36' title="bbox 382 3051 1968 3127">
     <span class='ocr_line' id='line_1_36' title="bbox 382 3051 1968 3127; baseline 0.002 -20"><span class='ocrx_word' id='word_1_238' title='bbox 382 3053 616 3116; x_wconf 72' lang='grc' dir='ltr'>ἑαυτοὺς</span> <span class='ocrx_word' id='word_1_239' title='bbox 653 3051 894 3120; x_wconf 74' lang='grc' dir='ltr'>ἔσφαξαν</span> <span class='ocrx_word' id='word_1_240' title='bbox 931 3053 1198 3124; x_wconf 72' lang='grc' dir='ltr'>μαχαίρᾳ,</span> <span class='ocrx_word' id='word_1_241' title='bbox 1237 3054 1384 3118; x_wconf 79' lang='grc' dir='ltr'>τινὲς</span> <span class='ocrx_word' id='word_1_242' title='bbox 1410 3053 1468 3108; x_wconf 82' lang='grc' dir='ltr'>δὲ</span> <span class='ocrx_word' id='word_1_243' title='bbox 1507 3058 1968 3127; x_wconf 74' lang='grc' dir='ltr'>κατεκρήμνησαν</span> 
     </span>
    </p>
   </div>
   <div class='ocr_carea' id='block_1_37' title="bbox 2054 865 3635 936">
    <p class='ocr_par' dir='ltr' id='par_1_37' title="bbox 2054 865 3635 936">
     <span class='ocr_line' id='line_1_37' title="bbox 2054 865 3635 936; baseline 0.001 -14"><span class='ocrx_word' id='word_1_244' title='bbox 2054 868 2269 922; x_wconf 75' lang='lat' dir='ltr'><strong>remissi</strong></span> <span class='ocrx_word' id='word_1_245' title='bbox 2303 865 2654 936; x_wconf 87' lang='lat' dir='ltr'><strong>postmodum</strong></span> <span class='ocrx_word' id='word_1_246' title='bbox 2703 867 3076 935; x_wconf 69' lang='lat' dir='ltr'><strong>masimopere</strong></span> <span class='ocrx_word' id='word_1_247' title='bbox 3108 868 3161 921; x_wconf 90' lang='lat' dir='ltr'><strong>in</strong></span> <span class='ocrx_word' id='word_1_248' title='bbox 3192 869 3429 923; x_wconf 88' lang='lat' dir='ltr'><strong>hostium</strong></span> <span class='ocrx_word' id='word_1_249' title='bbox 3462 872 3635 926; x_wconf 86' lang='lat' dir='ltr'><strong>inter-</strong></span> 
     </span>
    </p>
   </div>
   <div class='ocr_carea' id='block_1_38' title="bbox 2065 954 3635 1024">
    <p class='ocr_par' dir='ltr' id='par_1_38' title="bbox 2065 954 3635 1024">
     <span class='ocr_line' id='line_1_38' title="bbox 2065 954 3635 1024; baseline -0.001 -12"><span class='ocrx_word' id='word_1_250' title='bbox 2065 956 2354 1011; x_wconf 84' lang='lat' dir='ltr'><strong>necionem</strong></span> <span class='ocrx_word' id='word_1_251' title='bbox 2408 955 2762 1009; x_wconf 86' lang='lat' dir='ltr'><strong>invalescent.</strong></span> <span class='ocrx_word' id='word_1_252' title='bbox 2795 954 2863 1007; x_wconf 83' lang='lat' dir='ltr'><strong>Et</strong></span> <span class='ocrx_word' id='word_1_253' title='bbox 2898 954 3001 1009; x_wconf 87' lang='lat' dir='ltr'><strong>hoc</strong></span> <span class='ocrx_word' id='word_1_254' title='bbox 3048 964 3151 1019; x_wconf 87' lang='lat' dir='ltr'><strong>est,</strong></span> <span class='ocrx_word' id='word_1_255' title='bbox 3197 957 3339 1024; x_wconf 89' lang='lat' dir='ltr'><strong>quod</strong></span> <span class='ocrx_word' id='word_1_256' title='bbox 3376 957 3635 1012; x_wconf 85' lang='lat' dir='ltr'><strong>ﬁdissima</strong></span> 
     </span>
    </p>
   </div>
   <div class='ocr_carea' id='block_1_39' title="bbox 2058 1032 3640 1119">
    <p class='ocr_par' dir='ltr' id='par_1_39' title="bbox 2058 1032 3640 1119">
     <span class='ocr_line' id='line_1_39' title="bbox 2058 1032 3640 1119; baseline 0.001 -19"><span class='ocrx_word' id='word_1_257' title='bbox 2058 1046 2331 1119; x_wconf 75' lang='lat' dir='ltr'><strong>Samuelis</strong></span> <span class='ocrx_word' id='word_1_258' title='bbox 2363 1060 2539 1099; x_wconf 83' lang='lat' dir='ltr'><strong>mater</strong></span> <span class='ocrx_word' id='word_1_259' title='bbox 2566 1045 2755 1098; x_wconf 82' lang='lat' dir='ltr'><strong>divino</strong></span> <span class='ocrx_word' id='word_1_260' title='bbox 2803 1044 3037 1101; x_wconf 86' lang='lat' dir='ltr'><strong>Numine</strong></span> <span class='ocrx_word' id='word_1_261' title='bbox 3077 1046 3260 1101; x_wconf 80' lang='lat' dir='ltr'><strong>afﬂata</strong></span> <span class='ocrx_word' id='word_1_262' title='bbox 3283 1032 3640 1117; x_wconf 37' lang='lat' dir='ltr'><strong>&#39;prtenuntia-</strong></span> 
     </span>
    </p>
   </div>
   <div class='ocr_carea' id='block_1_40' title="bbox 2056 1137 3635 1209">
    <p class='ocr_par' dir='ltr' id='par_1_40' title="bbox 2056 1137 3635 1209">
     <span class='ocr_line' id='line_1_40' title="bbox 2056 1137 3635 1209; baseline -0.001 -15"><span class='ocrx_word' id='word_1_263' title='bbox 2056 1142 2188 1195; x_wconf 89' lang='lat' dir='ltr'><strong>bat:</strong></span> <span class='ocrx_word' id='word_1_264' title='bbox 2220 1139 2433 1209; x_wconf 82' lang='lat' dir='ltr'><strong>Sagitta</strong></span> <span class='ocrx_word' id='word_1_265' title='bbox 2481 1139 2838 1192; x_wconf 88' lang='lat' dir='ltr'><strong>robustorum</strong></span> <span class='ocrx_word' id='word_1_266' title='bbox 2890 1137 3159 1192; x_wconf 88' lang='lat' dir='ltr'><strong>inﬁrmata</strong></span> <span class='ocrx_word' id='word_1_267' title='bbox 3194 1148 3296 1205; x_wconf 89' lang='lat' dir='ltr'><strong>est,</strong></span> <span class='ocrx_word' id='word_1_268' title='bbox 3332 1152 3385 1193; x_wconf 91' lang='lat' dir='ltr'><strong>et</strong></span> <span class='ocrx_word' id='word_1_269' title='bbox 3415 1141 3635 1194; x_wconf 83' lang='lat' dir='ltr'><strong>invalidi</strong></span> 
     </span>
    </p>
   </div>
   <div class='ocr_carea' id='block_1_41' title="bbox 2056 1227 3635 1299">
    <p class='ocr_par' dir='ltr' id='par_1_41' title="bbox 2056 1227 3635 1299">
     <span class='ocr_line' id='line_1_41' title="bbox 2056 1227 3635 1299; baseline 0.001 -17"><span class='ocrx_word' id='word_1_270' title='bbox 2056 1232 2268 1285; x_wconf 87' lang='lat' dir='ltr'><strong>viribus</strong></span> <span class='ocrx_word' id='word_1_271' title='bbox 2304 1245 2424 1284; x_wconf 85' lang='lat' dir='ltr'><strong>sese</strong></span> <span class='ocrx_word' id='word_1_272' title='bbox 2449 1230 2811 1283; x_wconf 74' lang='lat' dir='ltr'><strong>accinxerunt</strong></span> <span class='ocrx_word' id='word_1_273' title='bbox 2835 1227 2901 1281; x_wconf 78' lang='lat'><strong>“.</strong></span> <span class='ocrx_word' id='word_1_274' title='bbox 2941 1228 3163 1283; x_wconf 82' lang='lat' dir='ltr'><strong>Auctori</strong></span> <span class='ocrx_word' id='word_1_275' title='bbox 3194 1232 3497 1299; x_wconf 84' lang='lat' dir='ltr'><strong>pictorique</strong></span> <span class='ocrx_word' id='word_1_276' title='bbox 3522 1246 3635 1284; x_wconf 84' lang='lat' dir='ltr'><strong>ma-</strong></span> 
     </span>
    </p>
   </div>
   <div class='ocr_carea' id='block_1_42' title="bbox 2057 1318 3637 1391">
    <p class='ocr_par' dir='ltr' id='par_1_42' title="bbox 2057 1318 3637 1391">
     <span class='ocr_line' id='line_1_42' title="bbox 2057 1318 3637 1391; baseline -0.001 -17"><span class='ocrx_word' id='word_1_277' title='bbox 2057 1322 2188 1374; x_wconf 77' lang='lat' dir='ltr'><strong>litiae</strong></span> <span class='ocrx_word' id='word_1_278' title='bbox 2217 1320 2449 1374; x_wconf 67' lang='lat' dir='ltr'><strong>da&#39;moni</strong></span> <span class='ocrx_word' id='word_1_279' title='bbox 2497 1334 2700 1387; x_wconf 91' lang='lat' dir='ltr'><strong>scopus</strong></span> <span class='ocrx_word' id='word_1_280' title='bbox 2734 1326 2838 1380; x_wconf 85' lang='lat' dir='ltr'><strong>est,</strong></span> <span class='ocrx_word' id='word_1_281' title='bbox 2890 1318 2943 1373; x_wconf 93' lang='lat' dir='ltr'><strong>in</strong></span> <span class='ocrx_word' id='word_1_282' title='bbox 2976 1335 3192 1388; x_wconf 78' lang='lat' dir='ltr'><strong>gravem</strong></span> <span class='ocrx_word' id='word_1_283' title='bbox 3224 1328 3386 1391; x_wconf 90' lang='lat' dir='ltr'><strong>atque</strong></span> <span class='ocrx_word' id='word_1_284' title='bbox 3436 1322 3637 1375; x_wconf 83' lang='lat' dir='ltr'><strong>insola-</strong></span> 
     </span>
    </p>
   </div>
   <div class='ocr_carea' id='block_1_43' title="bbox 2060 1409 3637 1482">
    <p class='ocr_par' dir='ltr' id='par_1_43' title="bbox 2060 1409 3637 1482">
     <span class='ocr_line' id='line_1_43' title="bbox 2060 1409 3637 1482; baseline -0.002 -16"><span class='ocrx_word' id='word_1_285' title='bbox 2060 1412 2220 1466; x_wconf 87' lang='lat' dir='ltr'><strong>bilem</strong></span> <span class='ocrx_word' id='word_1_286' title='bbox 2252 1424 2542 1464; x_wconf 73' lang='lat' dir='ltr'><strong>mmrorem</strong></span> <span class='ocrx_word' id='word_1_287' title='bbox 2567 1410 2818 1466; x_wconf 78' lang='lat' dir='ltr'><strong>homines</strong></span> <span class='ocrx_word' id='word_1_288' title='bbox 2848 1409 3131 1475; x_wconf 78' lang='lat' dir='ltr'><strong>inducere,</strong></span> <span class='ocrx_word' id='word_1_289' title='bbox 3164 1419 3217 1463; x_wconf 92' lang='lat' dir='ltr'><strong>et</strong></span> <span class='ocrx_word' id='word_1_290' title='bbox 3260 1427 3287 1464; x_wconf 89' lang='lat' dir='ltr'><strong>a</strong></span> <span class='ocrx_word' id='word_1_291' title='bbox 3315 1411 3437 1474; x_wconf 78' lang='lat' dir='ltr'><strong>(ide,</strong></span> <span class='ocrx_word' id='word_1_292' title='bbox 3467 1428 3561 1482; x_wconf 93' lang='lat' dir='ltr'><strong>spe</strong></span> <span class='ocrx_word' id='word_1_293' title='bbox 3583 1419 3637 1465; x_wconf 82' lang='lat' dir='ltr'><strong>et</strong></span> 
     </span>
    </p>
   </div>
   <div class='ocr_carea' id='block_1_44' title="bbox 2058 1501 3635 1574">
    <p class='ocr_par' dir='ltr' id='par_1_44' title="bbox 2058 1501 3635 1574">
     <span class='ocr_line' id='line_1_44' title="bbox 2058 1501 3635 1574; baseline -0.001 -16"><span class='ocrx_word' id='word_1_294' title='bbox 2058 1502 2327 1558; x_wconf 86' lang='lat' dir='ltr'><strong>charitate</strong></span> <span class='ocrx_word' id='word_1_295' title='bbox 2357 1502 2564 1565; x_wconf 83' lang='lat' dir='ltr'><strong>divina,</strong></span> <span class='ocrx_word' id='word_1_296' title='bbox 2587 1517 2707 1570; x_wconf 71' lang='lat' dir='ltr'><strong>quze</strong></span> <span class='ocrx_word' id='word_1_297' title='bbox 2740 1501 3307 1557; x_wconf 85' lang='lat' dir='ltr'><strong>accommodatissima</strong></span> <span class='ocrx_word' id='word_1_298' title='bbox 3336 1512 3389 1557; x_wconf 91' lang='lat' dir='ltr'><strong>et</strong></span> <span class='ocrx_word' id='word_1_299' title='bbox 3421 1503 3635 1574; x_wconf 88' lang='lat' dir='ltr'><strong>potissi-</strong></span> 
     </span>
    </p>
   </div>
   <div class='ocr_carea' id='block_1_45' title="bbox 2057 1591 3634 1661">
    <p class='ocr_par' dir='ltr' id='par_1_45' title="bbox 2057 1591 3634 1661">
     <span class='ocr_line' id='line_1_45' title="bbox 2057 1591 3634 1661; baseline -0.001 -14"><span class='ocrx_word' id='word_1_300' title='bbox 2057 1609 2145 1648; x_wconf 89' lang='lat' dir='ltr'><strong>ma</strong></span> <span class='ocrx_word' id='word_1_301' title='bbox 2177 1600 2307 1647; x_wconf 82' lang='lat' dir='ltr'><strong>sunt</strong></span> <span class='ocrx_word' id='word_1_302' title='bbox 2329 1593 2535 1657; x_wconf 83' lang='lat' dir='ltr'><strong>cultum</strong></span> <span class='ocrx_word' id='word_1_303' title='bbox 2567 1606 2695 1661; x_wconf 85' lang='lat' dir='ltr'><strong>erga</strong></span> <span class='ocrx_word' id='word_1_304' title='bbox 2723 1591 3007 1645; x_wconf 86' lang='lat' dir='ltr'><strong>Christum</strong></span> <span class='ocrx_word' id='word_1_305' title='bbox 3043 1606 3262 1646; x_wconf 85' lang='lat' dir='ltr'><strong>servare</strong></span> <span class='ocrx_word' id='word_1_306' title='bbox 3287 1592 3634 1658; x_wconf 88' lang='lat' dir='ltr'><strong>incolumem,</strong></span> 
     </span>
    </p>
   </div>
   <div class='ocr_carea' id='block_1_46' title="bbox 2057 1680 3638 1753">
    <p class='ocr_par' dir='ltr' id='par_1_46' title="bbox 2057 1680 3638 1753">
     <span class='ocr_line' id='line_1_46' title="bbox 2057 1680 3638 1753; baseline 0.001 -17"><span class='ocrx_word' id='word_1_307' title='bbox 2057 1698 2219 1752; x_wconf 86' lang='lat' dir='ltr'><strong>quam</strong></span> <span class='ocrx_word' id='word_1_308' title='bbox 2254 1683 2575 1753; x_wconf 90' lang='lat' dir='ltr'><strong>longissime</strong></span> <span class='ocrx_word' id='word_1_309' title='bbox 2631 1696 2934 1737; x_wconf 83' lang='lat' dir='ltr'><strong>removere.</strong></span> <span class='ocrx_word' id='word_1_310' title='bbox 2990 1680 3288 1752; x_wconf 81' lang='lat' dir='ltr'><strong>Propterea</strong></span> <span class='ocrx_word' id='word_1_311' title='bbox 3342 1685 3638 1737; x_wconf 84' lang='lat' dir='ltr'><strong>nonnullos</strong></span> 
     </span>
    </p>
   </div>
   <div class='ocr_carea' id='block_1_47' title="bbox 2061 1770 3636 1843">
    <p class='ocr_par' dir='ltr' id='par_1_47' title="bbox 2061 1770 3636 1843">
     <span class='ocr_line' id='line_1_47' title="bbox 2061 1770 3636 1843; baseline 0 -16"><span class='ocrx_word' id='word_1_312' title='bbox 2061 1774 2299 1827; x_wconf 84' lang='lat' dir='ltr'><strong>ﬁdelium</strong></span> <span class='ocrx_word' id='word_1_313' title='bbox 2356 1787 2500 1841; x_wconf 60' lang='lat' dir='ltr'><strong>same</strong></span> <span class='ocrx_word' id='word_1_314' title='bbox 2561 1770 2761 1842; x_wconf 75' lang='lat' dir='ltr'><strong>saepius</strong></span> <span class='ocrx_word' id='word_1_315' title='bbox 2797 1771 3039 1826; x_wconf 88' lang='lat' dir='ltr'><strong>motione</strong></span> <span class='ocrx_word' id='word_1_316' title='bbox 3097 1773 3341 1826; x_wconf 85' lang='lat' dir='ltr'><strong>belluiua</strong></span> <span class='ocrx_word' id='word_1_317' title='bbox 3387 1773 3443 1827; x_wconf 93' lang='lat' dir='ltr'><strong>in</strong></span> <span class='ocrx_word' id='word_1_318' title='bbox 3498 1775 3636 1843; x_wconf 88' lang='lat' dir='ltr'><strong>ipsis</strong></span> 
     </span>
    </p>
   </div>
   <div class='ocr_carea' id='block_1_48' title="bbox 1994 1839 3636 1934">
    <p class='ocr_par' dir='ltr' id='par_1_48' title="bbox 1994 1839 3636 1934">
     <span class='ocr_line' id='line_1_48' title="bbox 1994 1839 3636 1934; baseline 0 -17"><span class='ocrx_word' id='word_1_319' title='bbox 1994 1839 2033 1893; x_wconf 76' lang='grc' dir='ltr'>Β</span> <span class='ocrx_word' id='word_1_320' title='bbox 2058 1865 2220 1917; x_wconf 87' lang='lat' dir='ltr'><strong>etiam</strong></span> <span class='ocrx_word' id='word_1_321' title='bbox 2245 1862 2615 1918; x_wconf 81' lang='lat' dir='ltr'><strong>sacrosanctis</strong></span> <span class='ocrx_word' id='word_1_322' title='bbox 2645 1862 2854 1917; x_wconf 73' lang='lat' dir='ltr'><strong>:edibus</strong></span> <span class='ocrx_word' id='word_1_323' title='bbox 2881 1878 3069 1916; x_wconf 85' lang='lat' dir='ltr'><strong>semen</strong></span> <span class='ocrx_word' id='word_1_324' title='bbox 3114 1862 3447 1931; x_wconf 80' lang='lat' dir='ltr'><strong>profundere</strong></span> <span class='ocrx_word' id='word_1_325' title='bbox 3470 1866 3636 1934; x_wconf 84' lang='lat' dir='ltr'><strong>cogit,</strong></span> 
     </span>
    </p>
   </div>
   <div class='ocr_carea' id='block_1_49' title="bbox 2060 1953 3634 2011">
    <p class='ocr_par' dir='ltr' id='par_1_49' title="bbox 2060 1953 3634 2011">
     <span class='ocr_line' id='line_1_49' title="bbox 2060 1953 3634 2011; baseline 0 -2"><span class='ocrx_word' id='word_1_326' title='bbox 2060 1964 2119 2009; x_wconf 90' lang='lat' dir='ltr'><strong>ut</strong></span> <span class='ocrx_word' id='word_1_327' title='bbox 2149 1956 2385 2009; x_wconf 87' lang='lat' dir='ltr'><strong>animam</strong></span> <span class='ocrx_word' id='word_1_328' title='bbox 2419 1955 2516 2007; x_wconf 89' lang='lat' dir='ltr'><strong>tali</strong></span> <span class='ocrx_word' id='word_1_329' title='bbox 2559 1954 2680 2008; x_wconf 88' lang='lat' dir='ltr'><strong>labe</strong></span> <span class='ocrx_word' id='word_1_330' title='bbox 2712 1953 3146 2008; x_wconf 84' lang='lat' dir='ltr'><strong>contaminatam</strong></span> <span class='ocrx_word' id='word_1_331' title='bbox 3191 1954 3244 2007; x_wconf 90' lang='lat' dir='ltr'><strong>in</strong></span> <span class='ocrx_word' id='word_1_332' title='bbox 3272 1954 3634 2011; x_wconf 79' lang='lat' dir='ltr'><strong>defectionem</strong></span> 
     </span>
    </p>
   </div>
   <div class='ocr_carea' id='block_1_50' title="bbox 2061 2047 3448 2119">
    <p class='ocr_par' dir='ltr' id='par_1_50' title="bbox 2061 2047 3448 2119">
     <span class='ocr_line' id='line_1_50' title="bbox 2061 2047 3448 2119; baseline 0.001 -17"><span class='ocrx_word' id='word_1_333' title='bbox 2061 2050 2344 2119; x_wconf 89' lang='lat' dir='ltr'><strong>suiipsius,</strong></span> <span class='ocrx_word' id='word_1_334' title='bbox 2371 2058 2424 2105; x_wconf 88' lang='lat' dir='ltr'><strong>et</strong></span> <span class='ocrx_word' id='word_1_335' title='bbox 2451 2047 2895 2118; x_wconf 82' lang='lat' dir='ltr'><strong>desperationem</strong></span> <span class='ocrx_word' id='word_1_336' title='bbox 2929 2054 3176 2101; x_wconf 78' lang='lat' dir='ltr'><strong>exactam</strong></span> <span class='ocrx_word' id='word_1_337' title='bbox 3205 2047 3448 2103; x_wconf 86' lang='lat' dir='ltr'><strong>inducat.</strong></span> 
     </span>
    </p>
   </div>
   <div class='ocr_carea' id='block_1_51' title="bbox 2130 2140 3639 2213">
    <p class='ocr_par' dir='ltr' id='par_1_51' title="bbox 2130 2140 3639 2213">
     <span class='ocr_line' id='line_1_51' title="bbox 2130 2140 3639 2213; baseline 0.002 -18"><span class='ocrx_word' id='word_1_338' title='bbox 2130 2141 2266 2195; x_wconf 90' lang='lat' dir='ltr'><strong>Cum</strong></span> <span class='ocrx_word' id='word_1_339' title='bbox 2303 2140 2447 2193; x_wconf 89' lang='lat' dir='ltr'><strong>enim</strong></span> <span class='ocrx_word' id='word_1_340' title='bbox 2481 2156 2773 2211; x_wconf 74' lang='lat' dir='ltr'><strong>progressu</strong></span> <span class='ocrx_word' id='word_1_341' title='bbox 2816 2142 3104 2210; x_wconf 89' lang='lat' dir='ltr'><strong>temporis,</strong></span> <span class='ocrx_word' id='word_1_342' title='bbox 3145 2151 3198 2195; x_wconf 92' lang='lat' dir='ltr'><strong>et</strong></span> <span class='ocrx_word' id='word_1_343' title='bbox 3232 2142 3396 2195; x_wconf 87' lang='lat' dir='ltr'><strong>rebus</strong></span> <span class='ocrx_word' id='word_1_344' title='bbox 3427 2145 3639 2213; x_wconf 75' lang='lat' dir='ltr'><strong>egregie</strong></span> 
     </span>
    </p>
   </div>
   <div class='ocr_carea' id='block_1_52' title="bbox 2070 2232 3639 2305">
    <p class='ocr_par' dir='ltr' id='par_1_52' title="bbox 2070 2232 3639 2305">
     <span class='ocr_line' id='line_1_52' title="bbox 2070 2232 3639 2305; baseline 0 -18"><span class='ocrx_word' id='word_1_345' title='bbox 2070 2233 2243 2305; x_wconf 83' lang='lat' dir='ltr'><strong>gestis</strong></span> <span class='ocrx_word' id='word_1_346' title='bbox 2266 2232 2542 2302; x_wconf 81' lang='lat' dir='ltr'><strong>quispiam</strong></span> <span class='ocrx_word' id='word_1_347' title='bbox 2577 2247 2899 2302; x_wconf 87' lang='lat' dir='ltr'><strong>progressus</strong></span> <span class='ocrx_word' id='word_1_348' title='bbox 2935 2232 3143 2299; x_wconf 82' lang='lat' dir='ltr'><strong>fecerit,</strong></span> <span class='ocrx_word' id='word_1_349' title='bbox 3183 2233 3341 2304; x_wconf 75' lang='lat'><strong>182</strong></span> <span class='ocrx_word' id='word_1_350' title='bbox 3371 2241 3485 2287; x_wconf 89' lang='lat' dir='ltr'><strong>tum</strong></span> <span class='ocrx_word' id='word_1_351' title='bbox 3518 2250 3639 2289; x_wconf 86' lang='lat' dir='ltr'><strong>car-</strong></span> 
     </span>
    </p>
   </div>
   <div class='ocr_carea' id='block_1_53' title="bbox 2064 2322 3705 2391">
    <p class='ocr_par' dir='ltr' id='par_1_53' title="bbox 2064 2322 3705 2391">
     <span class='ocr_line' id='line_1_53' title="bbox 2064 2322 3705 2391; baseline 0.002 -13"><span class='ocrx_word' id='word_1_352' title='bbox 2064 2325 2270 2379; x_wconf 86' lang='lat' dir='ltr'><strong>nalium</strong></span> <span class='ocrx_word' id='word_1_353' title='bbox 2326 2323 2708 2391; x_wconf 88' lang='lat' dir='ltr'><strong>voluptatum,</strong></span> <span class='ocrx_word' id='word_1_354' title='bbox 2760 2332 2816 2378; x_wconf 91' lang='lat' dir='ltr'><strong>et</strong></span> <span class='ocrx_word' id='word_1_355' title='bbox 2877 2322 3275 2378; x_wconf 85' lang='lat' dir='ltr'><strong>desideriorum</strong></span> <span class='ocrx_word' id='word_1_356' title='bbox 3331 2325 3518 2379; x_wconf 85' lang='lat' dir='ltr'><strong>hostes</strong></span> <span class='ocrx_word' id='word_1_357' title='bbox 3571 2328 3640 2382; x_wconf 86' lang='lat' dir='ltr'><strong>ad</strong></span> <span class='ocrx_word' id='word_1_358' title='bbox 3700 2331 3705 2337; x_wconf 85' lang='grc'><em>’</em></span> 
     </span>
    </p>
   </div>
   <div class='ocr_carea' id='block_1_54' title="bbox 2066 2414 3645 2486">
    <p class='ocr_par' dir='ltr' id='par_1_54' title="bbox 2066 2414 3645 2486">
     <span class='ocr_line' id='line_1_54' title="bbox 2066 2414 3645 2486; baseline 0.001 -17"><span class='ocrx_word' id='word_1_359' title='bbox 2066 2416 2241 2486; x_wconf 89' lang='lat' dir='ltr'><strong>ipsius</strong></span> <span class='ocrx_word' id='word_1_360' title='bbox 2274 2414 2646 2469; x_wconf 87' lang='lat' dir='ltr'><strong>rudimentum</strong></span> <span class='ocrx_word' id='word_1_361' title='bbox 2680 2422 2845 2484; x_wconf 83' lang='lat' dir='ltr'><strong>atque</strong></span> <span class='ocrx_word' id='word_1_362' title='bbox 2888 2414 3307 2485; x_wconf 90' lang='lat' dir='ltr'><strong>probationem,</strong></span> <span class='ocrx_word' id='word_1_363' title='bbox 3361 2416 3516 2471; x_wconf 90' lang='lat' dir='ltr'><strong>liberi</strong></span> <span class='ocrx_word' id='word_1_364' title='bbox 3558 2433 3645 2471; x_wconf 65' lang='grc' dir='ltr'><strong>τες</strong></span> 
     </span>
    </p>
   </div>
   <div class='ocr_carea' id='block_1_55' title="bbox 2067 2505 3645 2579">
    <p class='ocr_par' dir='ltr' id='par_1_55' title="bbox 2067 2505 3645 2579">
     <span class='ocr_line' id='line_1_55' title="bbox 2067 2505 3645 2579; baseline 0.001 -17"><span class='ocrx_word' id='word_1_365' title='bbox 2067 2509 2342 2562; x_wconf 80' lang='lat' dir='ltr'><strong>laxantur.</strong></span> <span class='ocrx_word' id='word_1_366' title='bbox 2384 2505 2735 2561; x_wconf 88' lang='lat' dir='ltr'><strong>Postmodum</strong></span> <span class='ocrx_word' id='word_1_367' title='bbox 2775 2508 3106 2579; x_wconf 69' lang='lat' dir='ltr'><strong>aegritudine</strong></span> <span class='ocrx_word' id='word_1_368' title='bbox 3135 2516 3454 2565; x_wconf 90' lang='lat' dir='ltr'><strong>contractus</strong></span> <span class='ocrx_word' id='word_1_369' title='bbox 3480 2520 3645 2579; x_wconf 91' lang='lat' dir='ltr'><strong>atque</strong></span> 
     </span>
    </p>
   </div>
   <div class='ocr_carea' id='block_1_56' title="bbox 2066 2594 3641 2666">
    <p class='ocr_par' dir='ltr' id='par_1_56' title="bbox 2066 2594 3641 2666">
     <span class='ocr_line' id='line_1_56' title="bbox 2066 2594 3641 2666; baseline 0.003 -18"><span class='ocrx_word' id='word_1_370' title='bbox 2066 2595 2119 2648; x_wconf 90' lang='lat' dir='ltr'><strong>in</strong></span> <span class='ocrx_word' id='word_1_371' title='bbox 2155 2594 2438 2665; x_wconf 78' lang='lat' dir='ltr'><strong>angustias</strong></span> <span class='ocrx_word' id='word_1_372' title='bbox 2458 2597 2798 2665; x_wconf 86' lang='lat' dir='ltr'><strong>compulsus,</strong></span> <span class='ocrx_word' id='word_1_373' title='bbox 2833 2596 3093 2666; x_wconf 81' lang='lat' dir='ltr'><strong>deinceps</strong></span> <span class='ocrx_word' id='word_1_374' title='bbox 3118 2612 3241 2652; x_wconf 89' lang='lat' dir='ltr'><strong>sese</strong></span> <span class='ocrx_word' id='word_1_375' title='bbox 3272 2598 3325 2652; x_wconf 93' lang='lat' dir='ltr'><strong>in</strong></span> <span class='ocrx_word' id='word_1_376' title='bbox 3359 2598 3641 2653; x_wconf 88' lang='lat' dir='ltr'><strong>humilita-</strong></span> 
     </span>
    </p>
   </div>
   <div class='ocr_carea' id='block_1_57' title="bbox 2066 2688 3640 2760">
    <p class='ocr_par' dir='ltr' id='par_1_57' title="bbox 2066 2688 3640 2760">
     <span class='ocr_line' id='line_1_57' title="bbox 2066 2688 3640 2760; baseline 0.004 -22"><span class='ocrx_word' id='word_1_377' title='bbox 2066 2693 2173 2740; x_wconf 90' lang='lat' dir='ltr'><strong>tem</strong></span> <span class='ocrx_word' id='word_1_378' title='bbox 2203 2688 2544 2750; x_wconf 87' lang='lat' dir='ltr'><strong>submittere,</strong></span> <span class='ocrx_word' id='word_1_379' title='bbox 2580 2688 2636 2741; x_wconf 91' lang='lat' dir='ltr'><strong>in</strong></span> <span class='ocrx_word' id='word_1_380' title='bbox 2671 2703 2962 2743; x_wconf 68' lang='lat' dir='ltr'><strong>maerorem</strong></span> <span class='ocrx_word' id='word_1_381' title='bbox 2989 2688 3171 2758; x_wconf 82' lang='lat' dir='ltr'><strong>dejiei,</strong></span> <span class='ocrx_word' id='word_1_382' title='bbox 3204 2697 3260 2744; x_wconf 89' lang='lat' dir='ltr'><strong>et</strong></span> <span class='ocrx_word' id='word_1_383' title='bbox 3285 2692 3640 2760; x_wconf 87' lang='lat' dir='ltr'><strong>semetipsum</strong></span> 
     </span>
    </p>
   </div>
   <div class='ocr_carea' id='block_1_58' title="bbox 2068 2778 3646 2854">
    <p class='ocr_par' dir='ltr' id='par_1_58' title="bbox 2068 2778 3646 2854">
     <span class='ocr_line' id='line_1_58' title="bbox 2068 2778 3646 2854; baseline 0.003 -21"><span class='ocrx_word' id='word_1_384' title='bbox 2068 2778 2417 2833; x_wconf 82' lang='lat' dir='ltr'><strong>solummodo</strong></span> <span class='ocrx_word' id='word_1_385' title='bbox 2460 2780 2830 2835; x_wconf 82' lang='lat' dir='ltr'><strong>condemnare</strong></span> <span class='ocrx_word' id='word_1_386' title='bbox 2876 2789 2931 2835; x_wconf 92' lang='lat' dir='ltr'><strong>et</strong></span> <span class='ocrx_word' id='word_1_387' title='bbox 2992 2797 3256 2838; x_wconf 89' lang='lat' dir='ltr'><strong>accusare</strong></span> <span class='ocrx_word' id='word_1_388' title='bbox 3306 2784 3544 2854; x_wconf 86' lang='lat' dir='ltr'><strong>cogitur.</strong></span> <span class='ocrx_word' id='word_1_389' title='bbox 3581 2784 3646 2838; x_wconf 84' lang='lat' dir='ltr'><strong>Et</strong></span> 
     </span>
    </p>
   </div>
   <div class='ocr_carea' id='block_1_59' title="bbox 2070 2872 3643 2942">
    <p class='ocr_par' dir='ltr' id='par_1_59' title="bbox 2070 2872 3643 2942">
     <span class='ocr_line' id='line_1_59' title="bbox 2070 2872 3643 2942; baseline 0.004 -18"><span class='ocrx_word' id='word_1_390' title='bbox 2070 2872 2149 2924; x_wconf 86' lang='lat' dir='ltr'><strong>sic</strong></span> <span class='ocrx_word' id='word_1_391' title='bbox 2188 2872 2382 2926; x_wconf 88' lang='lat' dir='ltr'><strong>mediis</strong></span> <span class='ocrx_word' id='word_1_392' title='bbox 2416 2873 2566 2925; x_wconf 90' lang='lat' dir='ltr'><strong>hisce</strong></span> <span class='ocrx_word' id='word_1_393' title='bbox 2598 2872 2980 2927; x_wconf 79' lang='lat' dir='ltr'><strong>vexationibus</strong></span> <span class='ocrx_word' id='word_1_394' title='bbox 3012 2875 3297 2942; x_wconf 89' lang='lat' dir='ltr'><strong>probatus,</strong></span> <span class='ocrx_word' id='word_1_395' title='bbox 3334 2875 3401 2929; x_wconf 91' lang='lat' dir='ltr'><strong>ad</strong></span> <span class='ocrx_word' id='word_1_396' title='bbox 3432 2875 3643 2932; x_wconf 81' lang='lat' dir='ltr'><strong>discre—</strong></span> 
     </span>
    </p>
   </div>
   <div class='ocr_carea' id='block_1_60' title="bbox 2069 2963 3643 3035">
    <p class='ocr_par' dir='ltr' id='par_1_60' title="bbox 2069 2963 3643 3035">
     <span class='ocr_line' id='line_1_60' title="bbox 2069 2963 3643 3035; baseline 0.003 -20"><span class='ocrx_word' id='word_1_397' title='bbox 2069 2965 2272 3016; x_wconf 88' lang='lat' dir='ltr'><strong>tionem</strong></span> <span class='ocrx_word' id='word_1_398' title='bbox 2307 2963 2603 3017; x_wconf 86' lang='lat' dir='ltr'><strong>virtutibus</strong></span> <span class='ocrx_word' id='word_1_399' title='bbox 2656 2963 2916 3016; x_wconf 89' lang='lat' dir='ltr'><strong>omnibus</strong></span> <span class='ocrx_word' id='word_1_400' title='bbox 2960 2965 3320 3019; x_wconf 74' lang='lat' dir='ltr'><strong>excelsiorem</strong></span> <span class='ocrx_word' id='word_1_401' title='bbox 3372 2967 3643 3035; x_wconf 88' lang='lat' dir='ltr'><strong>pervolat.</strong></span> 
     </span>
    </p>
   </div>
   <div class='ocr_carea' id='block_1_61' title="bbox 2070 3056 3645 3126">
    <p class='ocr_par' dir='ltr' id='par_1_61' title="bbox 2070 3056 3645 3126">
     <span class='ocr_line' id='line_1_61' title="bbox 2070 3056 3645 3126; baseline 0.001 -16"><span class='ocrx_word' id='word_1_402' title='bbox 2070 3057 2280 3123; x_wconf 79' lang='lat' dir='ltr'><strong>Quibus</strong></span> <span class='ocrx_word' id='word_1_403' title='bbox 2319 3071 2442 3110; x_wconf 88' lang='lat' dir='ltr'><strong>cum</strong></span> <span class='ocrx_word' id='word_1_404' title='bbox 2498 3057 2746 3126; x_wconf 88' lang='lat' dir='ltr'><strong>plerique</strong></span> <span class='ocrx_word' id='word_1_405' title='bbox 2786 3056 3159 3126; x_wconf 69' lang='lat' dir='ltr'><strong>prminstructi</strong></span> <span class='ocrx_word' id='word_1_406' title='bbox 3214 3073 3324 3113; x_wconf 85' lang='lat' dir='ltr'><strong>non</strong></span> <span class='ocrx_word' id='word_1_407' title='bbox 3389 3058 3645 3125; x_wconf 80' lang='lat' dir='ltr'><strong>fuissent,</strong></span> 
     </span>
    </p>
   </div>
   <div class='ocr_carea' id='block_1_62' title="bbox 383 3142 1967 3245">
    <p class='ocr_par' dir='ltr' id='par_1_62' title="bbox 383 3142 1961 3217">
     <span class='ocr_line' id='line_1_62' title="bbox 383 3142 1961 3217; baseline 0.003 -21"><span class='ocrx_word' id='word_1_408' title='bbox 383 3143 619 3205; x_wconf 73' lang='grc' dir='ltr'>ἑαυτοὺς</span> <span class='ocrx_word' id='word_1_409' title='bbox 649 3144 905 3214; x_wconf 75' lang='grc' dir='ltr'>ἀφορήτῳ</span> <span class='ocrx_word' id='word_1_410' title='bbox 934 3142 1100 3216; x_wconf 82' lang='grc' dir='ltr'>λύπη,</span> <span class='ocrx_word' id='word_1_411' title='bbox 1128 3146 1222 3198; x_wconf 74' lang='grc' dir='ltr'><strong>καὶ</strong></span> <span class='ocrx_word' id='word_1_412' title='bbox 1254 3146 1562 3213; x_wconf 80' lang='grc' dir='ltr'>ἀπογνώσει</span> <span class='ocrx_word' id='word_1_413' title='bbox 1587 3147 1961 3217; x_wconf 79' lang='grc' dir='ltr'>συσχεθέντες,</span> 
     </span>
    </p>
   </div>
   <div class='ocr_carea' id='block_1_63' title="bbox 2071 3142 3646 3245">
    <p class='ocr_par' dir='ltr' id='par_1_63' title="bbox 2073 3147 3646 3220">
     <span class='ocr_line' id='line_1_63' title="bbox 2073 3147 3646 3220; baseline 0.001 -18"><span class='ocrx_word' id='word_1_414' title='bbox 2073 3164 2248 3217; x_wconf 87' lang='lat' dir='ltr'><strong>neque</strong></span> <span class='ocrx_word' id='word_1_415' title='bbox 2277 3148 2853 3216; x_wconf 77' lang='lat' dir='ltr'><strong>illam.possedissent,</strong></span> <span class='ocrx_word' id='word_1_416' title='bbox 2893 3147 3089 3216; x_wconf 85' lang='lat' dir='ltr'><strong>partim</strong></span> <span class='ocrx_word' id='word_1_417' title='bbox 3135 3149 3377 3203; x_wconf 86' lang='lat' dir='ltr'><strong>novitate</strong></span> <span class='ocrx_word' id='word_1_418' title='bbox 3412 3151 3489 3203; x_wconf 89' lang='lat' dir='ltr'><strong>rei</strong></span> <span class='ocrx_word' id='word_1_419' title='bbox 3518 3166 3646 3220; x_wconf 83' lang='lat' dir='ltr'><strong>per-</strong></span> 
     </span>
    </p>
   </div>
   <div class='ocr_carea' id='block_1_64' title="bbox 383 3231 1965 3307">
    <p class='ocr_par' dir='ltr' id='par_1_64' title="bbox 383 3231 1965 3307">
     <span class='ocr_line' id='line_1_64' title="bbox 383 3231 1965 3307; baseline 0.004 -23"><span class='ocrx_word' id='word_1_420' title='bbox 383 3233 570 3300; x_wconf 77' lang='grc' dir='ltr'>ἓτεροι</span> <span class='ocrx_word' id='word_1_421' title='bbox 597 3231 652 3285; x_wconf 82' lang='grc' dir='ltr'>δὲ</span> <span class='ocrx_word' id='word_1_422' title='bbox 677 3234 743 3286; x_wconf 86' lang='grc' dir='ltr'><strong>τά</strong></span> <span class='ocrx_word' id='word_1_423' title='bbox 774 3234 1069 3303; x_wconf 82' lang='grc' dir='ltr'>γεννητικὰ</span> <span class='ocrx_word' id='word_1_424' title='bbox 1106 3234 1271 3305; x_wconf 84' lang='grc' dir='ltr'>μόρια</span> <span class='ocrx_word' id='word_1_425' title='bbox 1299 3234 1587 3303; x_wconf 77' lang='grc' dir='ltr'>κόψαντες,</span> <span class='ocrx_word' id='word_1_426' title='bbox 1616 3236 1708 3289; x_wconf 77' lang='grc' dir='ltr'>καὶ</span> <span class='ocrx_word' id='word_1_427' title='bbox 1734 3238 1965 3307; x_wconf 76' lang='grc' dir='ltr'>αὐτοφό-</span> 
     </span>
    </p>
   </div>
   <div class='ocr_carea' id='block_1_65' title="bbox 384 3325 1961 3396">
    <p class='ocr_par' dir='ltr' id='par_1_65' title="bbox 384 3325 1961 3396">
     <span class='ocr_line' id='line_1_65' title="bbox 384 3325 1961 3396; baseline 0.002 -17"><span class='ocrx_word' id='word_1_428' title='bbox 384 3326 575 3379; x_wconf 72' lang='grc' dir='ltr'>νευταὶ</span> <span class='ocrx_word' id='word_1_429' title='bbox 611 3325 817 3378; x_wconf 73' lang='grc' dir='ltr'>ἑαυτῶν</span> <span class='ocrx_word' id='word_1_430' title='bbox 841 3327 908 3395; x_wconf 82' lang='grc' dir='ltr'><strong>τῇ</strong></span> <span class='ocrx_word' id='word_1_431' title='bbox 948 3325 1264 3396; x_wconf 76' lang='grc' dir='ltr'>προαιρέσει</span> <span class='ocrx_word' id='word_1_432' title='bbox 1293 3327 1577 3394; x_wconf 77' lang='grc' dir='ltr'>γεγονότες</span> <span class='ocrx_word' id='word_1_433' title='bbox 1614 3330 1663 3380; x_wconf 82' lang='grc' dir='ltr'>οἱ</span> <span class='ocrx_word' id='word_1_434' title='bbox 1707 3329 1961 3393; x_wconf 84' lang='grc' dir='ltr'>τάλανες,</span> 
     </span>
    </p>
   </div>
   <div class='ocr_carea' id='block_1_66' title="bbox 386 3417 1970 3493">
    <p class='ocr_par' dir='ltr' id='par_1_66' title="bbox 386 3417 1970 3493">
     <span class='ocr_line' id='line_1_66' title="bbox 386 3417 1970 3493; baseline 0.001 -22"><span class='ocrx_word' id='word_1_435' title='bbox 386 3418 673 3472; x_wconf 70' lang='grc' dir='ltr'>ὑπάπεσαν</span> <span class='ocrx_word' id='word_1_436' title='bbox 698 3420 765 3488; x_wconf 76' lang='grc' dir='ltr'>τῇ</span> <span class='ocrx_word' id='word_1_437' title='bbox 812 3417 1143 3487; x_wconf 79' lang='grc' dir='ltr'>ἀποστολικῇ</span> <span class='ocrx_word' id='word_1_438' title='bbox 1199 3419 1311 3487; x_wconf 75' lang='grc' dir='ltr'>ἀρᾷ</span> <span class='ocrx_word' id='word_1_439' title='bbox 1366 3418 1465 3471; x_wconf 73' lang='grc' dir='ltr'>καὶ</span> <span class='ocrx_word' id='word_1_440' title='bbox 1512 3420 1798 3493; x_wconf 80' lang='grc' dir='ltr'>κωμῳδίᾳ,</span> <span class='ocrx_word' id='word_1_441' title='bbox 1839 3423 1970 3491; x_wconf 75' lang='grc' dir='ltr'>περὶ</span> 
     </span>
    </p>
   </div>
   <div class='ocr_carea' id='block_1_67' title="bbox 385 3503 1969 3579">
    <p class='ocr_par' dir='ltr' id='par_1_67' title="bbox 385 3503 1969 3579">
     <span class='ocr_line' id='line_1_67' title="bbox 385 3503 1969 3579; baseline 0.002 -17"><span class='ocrx_word' id='word_1_442' title='bbox 385 3503 465 3563; x_wconf 83' lang='grc' dir='ltr'>ὧν</span> <span class='ocrx_word' id='word_1_443' title='bbox 502 3524 694 3579; x_wconf 82' lang='grc' dir='ltr'>φησιν·</span> <span class='ocrx_word' id='word_1_444' title='bbox 729 3508 959 3576; x_wconf 84' lang='grc' dir='ltr'>Ὄφελον</span> <span class='ocrx_word' id='word_1_445' title='bbox 989 3509 1083 3562; x_wconf 72' lang='grc' dir='ltr'>καὶ</span> <span class='ocrx_word' id='word_1_446' title='bbox 1111 3509 1480 3579; x_wconf 75' lang='grc' dir='ltr'>ἀποκόψονται</span> <span class='ocrx_word' id='word_1_447' title='bbox 1510 3513 1560 3564; x_wconf 89' lang='grc' dir='ltr'><strong>οί</strong></span> <span class='ocrx_word' id='word_1_448' title='bbox 1602 3514 1969 3567; x_wconf 84' lang='grc' dir='ltr'>ἀναστατοῦν-</span> 
     </span>
    </p>
   </div>
   <div class='ocr_carea' id='block_1_68' title="bbox 382 3599 1970 3673">
    <p class='ocr_par' dir='ltr' id='par_1_68' title="bbox 382 3599 1970 3673">
     <span class='ocr_line' id='line_1_68' title="bbox 382 3599 1970 3673; baseline 0.003 -20"><span class='ocrx_word' id='word_1_449' title='bbox 382 3616 481 3663; x_wconf 82' lang='grc' dir='ltr'><strong>τες</strong></span> <span class='ocrx_word' id='word_1_450' title='bbox 514 3599 680 3670; x_wconf 77' lang='grc' dir='ltr'>ὑμᾶς.</span> <span class='ocrx_word' id='word_1_451' title='bbox 708 3599 892 3653; x_wconf 83' lang='grc' dir='ltr'><strong>ΙἈλλοι</strong></span> <span class='ocrx_word' id='word_1_452' title='bbox 910 3600 967 3655; x_wconf 77' lang='grc' dir='ltr'>δὲ</span> <span class='ocrx_word' id='word_1_453' title='bbox 990 3599 1086 3654; x_wconf 74' lang='grc' dir='ltr'><strong>καὶ</strong></span> <span class='ocrx_word' id='word_1_454' title='bbox 1115 3599 1307 3654; x_wconf 71' lang='grc' dir='ltr'>ἔλαϐον</span> <span class='ocrx_word' id='word_1_455' title='bbox 1339 3602 1819 3673; x_wconf 77' lang='grc' dir='ltr'>συναρπασθέντες</span> <span class='ocrx_word' id='word_1_456' title='bbox 1862 3604 1970 3657; x_wconf 74' lang='grc' dir='ltr'>ὑπὸ</span> 
     </span>
    </p>
   </div>
   <div class='ocr_carea' id='block_1_69' title="bbox 386 3683 1972 3761">
    <p class='ocr_par' dir='ltr' id='par_1_69' title="bbox 386 3683 1972 3761">
     <span class='ocr_line' id='line_1_69' title="bbox 386 3683 1972 3761; baseline 0.003 -20"><span class='ocrx_word' id='word_1_457' title='bbox 386 3689 486 3742; x_wconf 90' lang='grc' dir='ltr'><strong>τοῦ</strong></span> <span class='ocrx_word' id='word_1_458' title='bbox 516 3689 757 3752; x_wconf 84' lang='grc' dir='ltr'>Σατανᾶ,</span> <span class='ocrx_word' id='word_1_459' title='bbox 799 3689 892 3742; x_wconf 79' lang='grc' dir='ltr'>καὶ</span> <span class='ocrx_word' id='word_1_460' title='bbox 915 3683 1061 3743; x_wconf 78' lang='grc' dir='ltr'>οῦτοι</span> <span class='ocrx_word' id='word_1_461' title='bbox 1098 3689 1396 3744; x_wconf 86' lang='grc' dir='ltr'>ὑπεύθυνοι</span> <span class='ocrx_word' id='word_1_462' title='bbox 1428 3691 1713 3759; x_wconf 82' lang='grc' dir='ltr'>γεγονότες</span> <span class='ocrx_word' id='word_1_463' title='bbox 1742 3695 1807 3761; x_wconf 81' lang='grc' dir='ltr'>τῇ</span> <span class='ocrx_word' id='word_1_464' title='bbox 1836 3709 1972 3758; x_wconf 86' lang='grc' dir='ltr'>προ-</span> 
     </span>
    </p>
   </div>
   <div class='ocr_carea' id='block_1_70' title="bbox 388 3779 1974 3851">
    <p class='ocr_par' dir='ltr' id='par_1_70' title="bbox 388 3779 1974 3851">
     <span class='ocr_line' id='line_1_70' title="bbox 388 3779 1974 3851; baseline 0.003 -18"><span class='ocrx_word' id='word_1_465' title='bbox 388 3781 601 3850; x_wconf 79' lang='grc' dir='ltr'>φητικῇ</span> <span class='ocrx_word' id='word_1_466' title='bbox 648 3779 920 3848; x_wconf 77' lang='grc' dir='ltr'>ἀποφάσει</span> <span class='ocrx_word' id='word_1_467' title='bbox 977 3779 1207 3851; x_wconf 82' lang='grc' dir='ltr'>λεγούσῃ</span> <span class='ocrx_word' id='word_1_468' title='bbox 1236 3797 1252 3813; x_wconf 80' lang='grc' dir='ltr'><strong><em>ο</em></strong></span> <span class='ocrx_word' id='word_1_469' title='bbox 1303 3800 1321 3833; x_wconf 83' lang='grc' dir='ltr'><strong>ι</strong></span> <span class='ocrx_word' id='word_1_470' title='bbox 1344 3782 1482 3844; x_wconf 85' lang='grc' dir='ltr'>Τοὺς</span> <span class='ocrx_word' id='word_1_471' title='bbox 1526 3781 1583 3834; x_wconf 85' lang='grc' dir='ltr'>δὲ</span> <span class='ocrx_word' id='word_1_472' title='bbox 1622 3782 1974 3846; x_wconf 78' lang='grc' dir='ltr'>ὲκκλίνοντας</span> 
     </span>
    </p>
   </div>
   <div class='ocr_carea' id='block_1_71' title="bbox 386 3870 1973 3945">
    <p class='ocr_par' dir='ltr' id='par_1_71' title="bbox 386 3870 1973 3945">
     <span class='ocr_line' id='line_1_71' title="bbox 386 3870 1973 3945; baseline 0.004 -22"><span class='ocrx_word' id='word_1_473' title='bbox 386 3872 471 3934; x_wconf 88' lang='grc' dir='ltr'><strong>είς</strong></span> <span class='ocrx_word' id='word_1_474' title='bbox 509 3870 608 3935; x_wconf 78' lang='grc' dir='ltr'>τὰς</span> <span class='ocrx_word' id='word_1_475' title='bbox 640 3871 1014 3941; x_wconf 83' lang='grc' dir='ltr'>στραγγαλιάς</span> <span class='ocrx_word' id='word_1_476' title='bbox 1057 3872 1255 3938; x_wconf 79' lang='grc' dir='ltr'>ἀπάξει</span> <span class='ocrx_word' id='word_1_477' title='bbox 1279 3874 1483 3944; x_wconf 83' lang='grc' dir='ltr'>Κύριος</span> <span class='ocrx_word' id='word_1_478' title='bbox 1509 3874 1647 3943; x_wconf 86' lang='grc' dir='ltr'><strong>μετά</strong></span> <span class='ocrx_word' id='word_1_479' title='bbox 1674 3874 1785 3928; x_wconf 87' lang='grc' dir='ltr'><strong>τῶν</strong></span> <span class='ocrx_word' id='word_1_480' title='bbox 1805 3878 1973 3945; x_wconf 83' lang='grc' dir='ltr'>ὲργα-</span> 
     </span>
    </p>
   </div>
   <div class='ocr_carea' id='block_1_72' title="bbox 387 3962 1975 4036">
    <p class='ocr_par' dir='ltr' id='par_1_72' title="bbox 387 3962 1975 4036">
     <span class='ocr_line' id='line_1_72' title="bbox 387 3962 1975 4036; baseline 0.001 -19"><span class='ocrx_word' id='word_1_481' title='bbox 387 3962 641 4033; x_wconf 79' lang='grc' dir='ltr'>ζομένων</span> <span class='ocrx_word' id='word_1_482' title='bbox 670 3964 769 4034; x_wconf 81' lang='grc' dir='ltr'>τὴν</span> <span class='ocrx_word' id='word_1_483' title='bbox 792 3964 1043 4035; x_wconf 86' lang='grc' dir='ltr'>ἀνομίαν.</span> <span class='ocrx_word' id='word_1_484' title='bbox 1083 3983 1103 4017; x_wconf 76' lang='grc' dir='ltr'><strong>ι</strong></span> <span class='ocrx_word' id='word_1_485' title='bbox 1124 3964 1181 4016; x_wconf 90' lang='grc' dir='ltr'>Ὀ</span> <span class='ocrx_word' id='word_1_486' title='bbox 1210 3965 1387 4017; x_wconf 83' lang='grc' dir='ltr'>τοίνυν</span> <span class='ocrx_word' id='word_1_487' title='bbox 1414 3964 1492 4035; x_wconf 83' lang='grc' dir='ltr'>τῷ</span> <span class='ocrx_word' id='word_1_488' title='bbox 1518 3966 1742 4036; x_wconf 82' lang='grc' dir='ltr'>τοιούτῳ</span> <span class='ocrx_word' id='word_1_489' title='bbox 1760 3966 1975 4036; x_wconf 85' lang='grc' dir='ltr'>δαίμονι</span> 
     </span>
    </p>
   </div>
   <div class='ocr_carea' id='block_1_73' title="bbox 2069 3238 3637 3311">
    <p class='ocr_par' dir='ltr' id='par_1_73' title="bbox 2069 3238 3637 3311">
     <span class='ocr_line' id='line_1_73' title="bbox 2069 3238 3637 3311; baseline 0.002 -17"><span class='ocrx_word' id='word_1_490' title='bbox 2069 3239 2295 3302; x_wconf 83' lang='lat' dir='ltr'><strong>turbati,</strong></span> <span class='ocrx_word' id='word_1_491' title='bbox 2326 3238 2628 3306; x_wconf 85' lang='lat' dir='ltr'><strong>incertique</strong></span> <span class='ocrx_word' id='word_1_492' title='bbox 2664 3238 2731 3292; x_wconf 90' lang='lat' dir='ltr'><strong>de</strong></span> <span class='ocrx_word' id='word_1_493' title='bbox 2765 3238 3024 3292; x_wconf 91' lang='lat' dir='ltr'><strong>omnibus</strong></span> <span class='ocrx_word' id='word_1_494' title='bbox 3071 3239 3271 3293; x_wconf 90' lang='lat' dir='ltr'><strong>redditi</strong></span> <span class='ocrx_word' id='word_1_495' title='bbox 3302 3255 3367 3293; x_wconf 80' lang='lat' dir='ltr'><strong>ex</strong></span> <span class='ocrx_word' id='word_1_496' title='bbox 3405 3241 3637 3311; x_wconf 82' lang='lat' dir='ltr'><strong>segnitie</strong></span> 
     </span>
    </p>
   </div>
   <div class='ocr_carea' id='block_1_74' title="bbox 2068 3326 3646 3395">
    <p class='ocr_par' dir='ltr' id='par_1_74' title="bbox 2068 3326 3646 3395">
     <span class='ocr_line' id='line_1_74' title="bbox 2068 3326 3646 3395; baseline 0 -12"><span class='ocrx_word' id='word_1_497' title='bbox 2068 3338 2122 3384; x_wconf 89' lang='lat' dir='ltr'><strong>et</strong></span> <span class='ocrx_word' id='word_1_498' title='bbox 2158 3327 2553 3395; x_wconf 85' lang='lat' dir='ltr'><strong>disceptatione</strong></span> <span class='ocrx_word' id='word_1_499' title='bbox 2600 3341 2708 3381; x_wconf 90' lang='lat' dir='ltr'><strong>non</strong></span> <span class='ocrx_word' id='word_1_500' title='bbox 2751 3326 3038 3395; x_wconf 87' lang='lat' dir='ltr'><strong>judicata,</strong></span> <span class='ocrx_word' id='word_1_501' title='bbox 3103 3326 3253 3381; x_wconf 81' lang='lat' dir='ltr'><strong>ferro</strong></span> <span class='ocrx_word' id='word_1_502' title='bbox 3311 3328 3414 3383; x_wconf 91' lang='lat' dir='ltr'><strong>sibi</strong></span> <span class='ocrx_word' id='word_1_503' title='bbox 3469 3329 3646 3385; x_wconf 77' lang='lat' dir='ltr'><strong>fatum</strong></span> 
     </span>
    </p>
   </div>
   <div class='ocr_carea' id='block_1_75' title="bbox 2072 3416 3653 3488">
    <p class='ocr_par' dir='ltr' id='par_1_75' title="bbox 2072 3416 3653 3488">
     <span class='ocr_line' id='line_1_75' title="bbox 2072 3416 3653 3488; baseline 0.001 -15"><span class='ocrx_word' id='word_1_504' title='bbox 2072 3418 2434 3483; x_wconf 85' lang='lat' dir='ltr'><strong>accersivere;</strong></span> <span class='ocrx_word' id='word_1_505' title='bbox 2475 3417 2672 3486; x_wconf 85' lang='lat' dir='ltr'><strong>partim</strong></span> <span class='ocrx_word' id='word_1_506' title='bbox 2699 3416 3007 3488; x_wconf 74' lang='lat' dir='ltr'><strong>praecipites</strong></span> <span class='ocrx_word' id='word_1_507' title='bbox 3061 3430 3122 3472; x_wconf 87' lang='lat' dir='ltr'><strong>se</strong></span> <span class='ocrx_word' id='word_1_508' title='bbox 3165 3416 3456 3485; x_wconf 89' lang='lat' dir='ltr'><strong>dederunt,</strong></span> <span class='ocrx_word' id='word_1_509' title='bbox 3515 3435 3653 3475; x_wconf 79' lang='lat' dir='ltr'><strong>mte-</strong></span> 
     </span>
    </p>
   </div>
   <div class='ocr_carea' id='block_1_76' title="bbox 2071 3508 3649 3581">
    <p class='ocr_par' dir='ltr' id='par_1_76' title="bbox 2071 3508 3649 3581">
     <span class='ocr_line' id='line_1_76' title="bbox 2071 3508 3649 3581; baseline 0 -16"><span class='ocrx_word' id='word_1_510' title='bbox 2071 3526 2194 3564; x_wconf 87' lang='lat' dir='ltr'><strong>rore</strong></span> <span class='ocrx_word' id='word_1_511' title='bbox 2224 3508 2585 3575; x_wconf 86' lang='lat' dir='ltr'><strong>intolerando,</strong></span> <span class='ocrx_word' id='word_1_512' title='bbox 2618 3518 2673 3563; x_wconf 92' lang='lat' dir='ltr'><strong>et</strong></span> <span class='ocrx_word' id='word_1_513' title='bbox 2698 3508 3083 3578; x_wconf 88' lang='lat' dir='ltr'><strong>desperatione</strong></span> <span class='ocrx_word' id='word_1_514' title='bbox 3126 3511 3414 3581; x_wconf 89' lang='lat' dir='ltr'><strong>oppressi;</strong></span> <span class='ocrx_word' id='word_1_515' title='bbox 3452 3511 3649 3580; x_wconf 88' lang='lat' dir='ltr'><strong>partim</strong></span> 
     </span>
    </p>
   </div>
   <div class='ocr_carea' id='block_1_77' title="bbox 2072 3600 3654 3669">
    <p class='ocr_par' dir='ltr' id='par_1_77' title="bbox 2072 3600 3654 3669">
     <span class='ocr_line' id='line_1_77' title="bbox 2072 3600 3654 3669; baseline 0.002 -14"><span class='ocrx_word' id='word_1_516' title='bbox 2072 3600 2331 3655; x_wconf 86' lang='lat' dir='ltr'><strong>membris</strong></span> <span class='ocrx_word' id='word_1_517' title='bbox 2360 3600 2686 3669; x_wconf 88' lang='lat' dir='ltr'><strong>genitalibus</strong></span> <span class='ocrx_word' id='word_1_518' title='bbox 2721 3600 2971 3669; x_wconf 89' lang='lat' dir='ltr'><strong>abrasis,</strong></span> <span class='ocrx_word' id='word_1_519' title='bbox 3018 3612 3072 3656; x_wconf 91' lang='lat' dir='ltr'><strong>et</strong></span> <span class='ocrx_word' id='word_1_520' title='bbox 3107 3610 3339 3657; x_wconf 91' lang='lat' dir='ltr'><strong>mortem</strong></span> <span class='ocrx_word' id='word_1_521' title='bbox 3402 3604 3654 3660; x_wconf 90' lang='lat' dir='ltr'><strong>sibimet-</strong></span> 
     </span>
    </p>
   </div>
   <div class='ocr_carea' id='block_1_78' title="bbox 2072 3690 3653 3763">
    <p class='ocr_par' dir='ltr' id='par_1_78' title="bbox 2072 3690 3653 3763">
     <span class='ocr_line' id='line_1_78' title="bbox 2072 3690 3653 3763; baseline 0.003 -16"><span class='ocrx_word' id='word_1_522' title='bbox 2072 3693 2205 3763; x_wconf 87' lang='lat' dir='ltr'><strong>ipsis</strong></span> <span class='ocrx_word' id='word_1_523' title='bbox 2256 3691 2619 3744; x_wconf 83' lang='lat' dir='ltr'><strong>volnntariam</strong></span> <span class='ocrx_word' id='word_1_524' title='bbox 2673 3690 2984 3761; x_wconf 85' lang='lat' dir='ltr'><strong>irrogantes</strong></span> <span class='ocrx_word' id='word_1_525' title='bbox 3050 3692 3260 3759; x_wconf 89' lang='lat' dir='ltr'><strong>miseri,</strong></span> <span class='ocrx_word' id='word_1_526' title='bbox 3314 3709 3438 3749; x_wconf 88' lang='lat' dir='ltr'><strong>sese</strong></span> <span class='ocrx_word' id='word_1_527' title='bbox 3475 3694 3653 3751; x_wconf 87' lang='lat' dir='ltr'><strong>male-</strong></span> 
     </span>
    </p>
   </div>
   <div class='ocr_carea' id='block_1_79' title="bbox 2074 3783 3655 3855">
    <p class='ocr_par' dir='ltr' id='par_1_79' title="bbox 2074 3783 3655 3855">
     <span class='ocr_line' id='line_1_79' title="bbox 2074 3783 3655 3855; baseline 0 -16"><span class='ocrx_word' id='word_1_528' title='bbox 2074 3784 2298 3840; x_wconf 91' lang='lat' dir='ltr'><strong>dictioni</strong></span> <span class='ocrx_word' id='word_1_529' title='bbox 2331 3784 2647 3854; x_wconf 72' lang='lat' dir='ltr'><strong>apostolicae</strong></span> <span class='ocrx_word' id='word_1_530' title='bbox 2666 3791 2719 3837; x_wconf 94' lang='lat' dir='ltr'><strong>et</strong></span> <span class='ocrx_word' id='word_1_531' title='bbox 2761 3783 2966 3839; x_wconf 88' lang='lat' dir='ltr'><strong>derisui</strong></span> <span class='ocrx_word' id='word_1_532' title='bbox 2999 3785 3211 3838; x_wconf 91' lang='lat' dir='ltr'><strong>comico</strong></span> <span class='ocrx_word' id='word_1_533' title='bbox 3248 3784 3557 3855; x_wconf 91' lang='lat' dir='ltr'><strong>subjecere,</strong></span> <span class='ocrx_word' id='word_1_534' title='bbox 3586 3787 3655 3840; x_wconf 89' lang='lat' dir='ltr'><strong>de</strong></span> 
     </span>
    </p>
   </div>
   <div class='ocr_carea' id='block_1_80' title="bbox 2076 3874 3655 3945">
    <p class='ocr_par' dir='ltr' id='par_1_80' title="bbox 2076 3874 3655 3945">
     <span class='ocr_line' id='line_1_80' title="bbox 2076 3874 3655 3945; baseline 0.001 -15"><span class='ocrx_word' id='word_1_535' title='bbox 2076 3877 2273 3945; x_wconf 90' lang='lat' dir='ltr'><strong>quibus</strong></span> <span class='ocrx_word' id='word_1_536' title='bbox 2302 3877 2377 3930; x_wconf 89' lang='lat' dir='ltr'><strong>ait</strong></span> <span class='ocrx_word' id='word_1_537' title='bbox 2406 3893 2418 3929; x_wconf 91' lang='lat'>:</span> <span class='ocrx_word' id='word_1_538' title='bbox 2456 3874 2677 3929; x_wconf 87' lang='lat' dir='ltr'><strong>Utinam</strong></span> <span class='ocrx_word' id='word_1_539' title='bbox 2698 3882 2751 3929; x_wconf 93' lang='lat' dir='ltr'><strong>et</strong></span> <span class='ocrx_word' id='word_1_540' title='bbox 2773 3874 3187 3940; x_wconf 90' lang='lat' dir='ltr'><strong>abscindantur,</strong></span> <span class='ocrx_word' id='word_1_541' title='bbox 3220 3876 3313 3944; x_wconf 93' lang='lat' dir='ltr'><strong>qui</strong></span> <span class='ocrx_word' id='word_1_542' title='bbox 3343 3876 3655 3945; x_wconf 88' lang='lat' dir='ltr'><strong>inquietant</strong></span> 
     </span>
    </p>
   </div>
   <div class='ocr_carea' id='block_1_81' title="bbox 2074 3966 3656 4037">
    <p class='ocr_par' dir='ltr' id='par_1_81' title="bbox 2074 3966 3656 4037">
     <span class='ocr_line' id='line_1_81' title="bbox 2074 3966 3656 4037; baseline 0.001 -16"><span class='ocrx_word' id='word_1_543' title='bbox 2074 3983 2208 4033; x_wconf 88' lang='lat' dir='ltr'><strong>vos;</strong></span> <span class='ocrx_word' id='word_1_544' title='bbox 2245 3969 2443 4037; x_wconf 91' lang='lat' dir='ltr'><strong>partim</strong></span> <span class='ocrx_word' id='word_1_545' title='bbox 2488 3966 2817 4025; x_wconf 83' lang='lat' dir='ltr'><strong>mulieribus</strong></span> <span class='ocrx_word' id='word_1_546' title='bbox 2869 3967 3170 4034; x_wconf 89' lang='lat' dir='ltr'><strong>innupsere</strong></span> <span class='ocrx_word' id='word_1_547' title='bbox 3204 3981 3235 4019; x_wconf 91' lang='lat' dir='ltr'><strong>a</strong></span> <span class='ocrx_word' id='word_1_548' title='bbox 3291 3966 3494 4020; x_wconf 86' lang='lat' dir='ltr'><strong>Satana</strong></span> <span class='ocrx_word' id='word_1_549' title='bbox 3528 3983 3656 4022; x_wconf 92' lang='lat' dir='ltr'><strong>cor-</strong></span> 
     </span>
    </p>
   </div>
   <div class='ocr_carea' id='block_1_82' title="bbox 387 4056 1967 4129">
    <p class='ocr_par' dir='ltr' id='par_1_82' title="bbox 387 4056 1967 4129">
     <span class='ocr_line' id='line_1_82' title="bbox 387 4056 1967 4129; baseline -0.001 -18"><span class='ocrx_word' id='word_1_550' title='bbox 387 4056 972 4128; x_wconf 76' lang='grc' dir='ltr'>ἀντιπρατευὰμενος,</span> <span class='ocrx_word' id='word_1_551' title='bbox 1005 4056 1103 4109; x_wconf 76' lang='grc' dir='ltr'>καὶ</span> <span class='ocrx_word' id='word_1_552' title='bbox 1133 4057 1520 4128; x_wconf 78' lang='grc' dir='ltr'>ἀντιπράττων</span> <span class='ocrx_word' id='word_1_553' title='bbox 1550 4058 1798 4128; x_wconf 85' lang='grc' dir='ltr'>δηλονότι</span> <span class='ocrx_word' id='word_1_554' title='bbox 1838 4058 1967 4129; x_wconf 88' lang='grc' dir='ltr'>πρὸς</span> 
     </span>
    </p>
   </div>
   <div class='ocr_carea' id='block_1_83' title="bbox 2071 4056 3657 4129">
    <p class='ocr_par' dir='ltr' id='par_1_83' title="bbox 2077 4056 3657 4129">
     <span class='ocr_line' id='line_1_83' title="bbox 2077 4056 3657 4129; baseline -0.004 -14"><span class='ocrx_word' id='word_1_555' title='bbox 2077 4059 2239 4129; x_wconf 86' lang='lat' dir='ltr'><strong>repti,</strong></span> <span class='ocrx_word' id='word_1_556' title='bbox 2269 4066 2326 4113; x_wconf 91' lang='lat' dir='ltr'><strong>et</strong></span> <span class='ocrx_word' id='word_1_557' title='bbox 2355 4058 2409 4111; x_wconf 90' lang='lat' dir='ltr'><strong>hi</strong></span> <span class='ocrx_word' id='word_1_558' title='bbox 2438 4072 2657 4128; x_wconf 87' lang='lat' dir='ltr'><strong>quoque</strong></span> <span class='ocrx_word' id='word_1_559' title='bbox 2690 4056 2914 4109; x_wconf 65' lang='lat' dir='ltr'><strong>obnoxii</strong></span> <span class='ocrx_word' id='word_1_560' title='bbox 2967 4056 3096 4110; x_wconf 81' lang='lat' dir='ltr'><strong>facti</strong></span> <span class='ocrx_word' id='word_1_561' title='bbox 3146 4056 3367 4109; x_wconf 88' lang='lat' dir='ltr'><strong>decreto</strong></span> <span class='ocrx_word' id='word_1_562' title='bbox 3417 4059 3657 4129; x_wconf 83' lang='lat' dir='ltr'><strong>prOphe—</strong></span> 
     </span>
    </p>
   </div>
   <div class='ocr_carea' id='block_1_84' title="bbox 386 4144 1967 4222">
    <p class='ocr_par' dir='ltr' id='par_1_84' title="bbox 386 4147 1967 4222">
     <span class='ocr_line' id='line_1_84' title="bbox 386 4147 1967 4222; baseline 0 -21"><span class='ocrx_word' id='word_1_563' title='bbox 386 4147 488 4201; x_wconf 84' lang='grc' dir='ltr'><strong>τὸν</strong></span> <span class='ocrx_word' id='word_1_564' title='bbox 509 4147 726 4216; x_wconf 83' lang='grc' dir='ltr'>δολερὸν</span> <span class='ocrx_word' id='word_1_565' title='bbox 756 4149 956 4202; x_wconf 84' lang='grc' dir='ltr'>σκοπὸν</span> <span class='ocrx_word' id='word_1_566' title='bbox 981 4149 1358 4219; x_wconf 78' lang='grc' dir='ltr'>ἁρμοζόμενος</span> <span class='ocrx_word' id='word_1_567' title='bbox 1387 4152 1452 4220; x_wconf 77' lang='grc' dir='ltr'>τῇ</span> <span class='ocrx_word' id='word_1_568' title='bbox 1473 4149 1721 4222; x_wconf 78' lang='grc' dir='ltr'>ὑπομονῇ</span> <span class='ocrx_word' id='word_1_569' title='bbox 1753 4151 1967 4222; x_wconf 73' lang='grc' dir='ltr'><strong>χρᾶίται¹</strong></span> 
     </span>
    </p>
   </div>
   <div class='ocr_carea' id='block_1_85' title="bbox 2071 4144 3657 4222">
    <p class='ocr_par' dir='ltr' id='par_1_85' title="bbox 2078 4144 3657 4213">
     <span class='ocr_line' id='line_1_85' title="bbox 2078 4144 3657 4213; baseline 0 -9"><span class='ocrx_word' id='word_1_570' title='bbox 2078 4150 2187 4204; x_wconf 90' lang='lat' dir='ltr'><strong>tieo</strong></span> <span class='ocrx_word' id='word_1_571' title='bbox 2213 4147 2419 4203; x_wconf 91' lang='lat' dir='ltr'><strong>dicenti</strong></span> <span class='ocrx_word' id='word_1_572' title='bbox 2453 4165 2466 4201; x_wconf 88' lang='lat'><strong>:</strong></span> <span class='ocrx_word' id='word_1_573' title='bbox 2506 4165 2524 4197; x_wconf 86' lang='grc' dir='ltr'><strong>ι</strong></span> <span class='ocrx_word' id='word_1_574' title='bbox 2564 4145 2910 4201; x_wconf 88' lang='lat' dir='ltr'><strong>Declinantcs</strong></span> <span class='ocrx_word' id='word_1_575' title='bbox 2945 4145 2999 4197; x_wconf 93' lang='lat' dir='ltr'><strong>in</strong></span> <span class='ocrx_word' id='word_1_576' title='bbox 3030 4144 3396 4213; x_wconf 85' lang='lat' dir='ltr'><strong>obligationes</strong></span> <span class='ocrx_word' id='word_1_577' title='bbox 3420 4148 3657 4205; x_wconf 86' lang='lat' dir='ltr'><strong>adducet</strong></span> 
     </span>
    </p>
   </div>
   <div class='ocr_carea' id='block_1_86' title="bbox 391 4234 1967 4312">
    <p class='ocr_par' dir='ltr' id='par_1_86' title="bbox 391 4238 1967 4312">
     <span class='ocr_line' id='line_1_86' title="bbox 391 4238 1967 4312; baseline 0.001 -20"><span class='ocrx_word' id='word_1_578' title='bbox 391 4240 497 4293; x_wconf 75' lang='grc' dir='ltr'>καὶ</span> <span class='ocrx_word' id='word_1_579' title='bbox 528 4241 595 4310; x_wconf 80' lang='grc' dir='ltr'>τῇ</span> <span class='ocrx_word' id='word_1_580' title='bbox 645 4238 1018 4311; x_wconf 78' lang='grc' dir='ltr'>μακροθυμίᾳ,</span> <span class='ocrx_word' id='word_1_581' title='bbox 1080 4240 1175 4293; x_wconf 73' lang='grc' dir='ltr'>καὶ</span> <span class='ocrx_word' id='word_1_582' title='bbox 1206 4240 1274 4293; x_wconf 83' lang='grc' dir='ltr'>δι’</span> <span class='ocrx_word' id='word_1_583' title='bbox 1325 4240 1513 4311; x_wconf 83' lang='grc' dir='ltr'>εὐχῆς,</span> <span class='ocrx_word' id='word_1_584' title='bbox 1575 4241 1672 4294; x_wconf 72' lang='grc' dir='ltr'>καὶ</span> <span class='ocrx_word' id='word_1_585' title='bbox 1725 4241 1967 4312; x_wconf 78' lang='grc' dir='ltr'>νηστείας</span> 
     </span>
    </p>
   </div>
   <div class='ocr_carea' id='block_1_87' title="bbox 2071 4234 3659 4312">
    <p class='ocr_par' dir='ltr' id='par_1_87' title="bbox 2080 4234 3659 4307">
     <span class='ocr_line' id='line_1_87' title="bbox 2080 4234 3659 4307; baseline -0.003 -12"><span class='ocrx_word' id='word_1_586' title='bbox 2080 4240 2345 4296; x_wconf 89' lang='lat' dir='ltr'><strong>Dominus</strong></span> <span class='ocrx_word' id='word_1_587' title='bbox 2393 4253 2517 4292; x_wconf 90' lang='lat' dir='ltr'><strong>eum</strong></span> <span class='ocrx_word' id='word_1_588' title='bbox 2588 4234 2952 4306; x_wconf 80' lang='lat' dir='ltr'><strong>Operantibus</strong></span> <span class='ocrx_word' id='word_1_589' title='bbox 3028 4234 3344 4304; x_wconf 90' lang='lat' dir='ltr'><strong>iniquitates</strong></span> <span class='ocrx_word' id='word_1_590' title='bbox 3383 4238 3449 4292; x_wconf 80' lang='lat'><strong>&quot;.</strong></span> <span class='ocrx_word' id='word_1_591' title='bbox 3493 4258 3512 4290; x_wconf 73' lang='grc' dir='ltr'><strong>ι</strong></span> <span class='ocrx_word' id='word_1_592' title='bbox 3552 4240 3659 4307; x_wconf 83' lang='lat' dir='ltr'><strong>Qui</strong></span> 
     </span>
    </p>
   </div>
   <div class='ocr_carea' id='block_1_88' title="bbox 392 4326 1967 4399">
    <p class='ocr_par' dir='ltr' id='par_1_88' title="bbox 392 4330 1967 4399">
     <span class='ocr_line' id='line_1_88' title="bbox 392 4330 1967 4399; baseline 0.001 -13"><span class='ocrx_word' id='word_1_593' title='bbox 392 4330 704 4395; x_wconf 64' lang='grc' dir='ltr'>ἀπνδότου,</span> <span class='ocrx_word' id='word_1_594' title='bbox 760 4332 857 4385; x_wconf 74' lang='grc' dir='ltr'><strong>καὶ</strong></span> <span class='ocrx_word' id='word_1_595' title='bbox 924 4332 1179 4397; x_wconf 87' lang='grc' dir='ltr'>πίστεως,</span> <span class='ocrx_word' id='word_1_596' title='bbox 1223 4333 1320 4386; x_wconf 67' lang='grc' dir='ltr'><strong>καὶ</strong></span> <span class='ocrx_word' id='word_1_597' title='bbox 1357 4333 1595 4399; x_wconf 75' lang='grc' dir='ltr'>ἐλπίδος,</span> <span class='ocrx_word' id='word_1_598' title='bbox 1631 4334 1725 4387; x_wconf 79' lang='grc' dir='ltr'>καὶ</span> <span class='ocrx_word' id='word_1_599' title='bbox 1768 4335 1967 4399; x_wconf 83' lang='grc' dir='ltr'>τελείας</span> 
     </span>
    </p>
   </div>
   <div class='ocr_carea' id='block_1_89' title="bbox 2071 4326 3658 4399">
    <p class='ocr_par' dir='ltr' id='par_1_89' title="bbox 2080 4326 3658 4397">
     <span class='ocr_line' id='line_1_89' title="bbox 2080 4326 3658 4397; baseline -0.001 -9"><span class='ocrx_word' id='word_1_600' title='bbox 2080 4348 2212 4390; x_wconf 85' lang='lat' dir='ltr'><strong>vero</strong></span> <span class='ocrx_word' id='word_1_601' title='bbox 2239 4331 2405 4387; x_wconf 90' lang='lat' dir='ltr'><strong>simili</strong></span> <span class='ocrx_word' id='word_1_602' title='bbox 2437 4329 2669 4385; x_wconf 70' lang='lat' dir='ltr'><strong>daemoni</strong></span> <span class='ocrx_word' id='word_1_603' title='bbox 2694 4326 3028 4394; x_wconf 88' lang='lat' dir='ltr'><strong>obluctatur,</strong></span> <span class='ocrx_word' id='word_1_604' title='bbox 3070 4327 3363 4397; x_wconf 89' lang='lat' dir='ltr'><strong>obstatque</strong></span> <span class='ocrx_word' id='word_1_605' title='bbox 3389 4330 3537 4386; x_wconf 92' lang='lat' dir='ltr'><strong>illius</strong></span> <span class='ocrx_word' id='word_1_606' title='bbox 3558 4347 3658 4386; x_wconf 84' lang='lat' dir='ltr'><strong>au-</strong></span> 
     </span>
    </p>
   </div>
   <div class='ocr_carea' id='block_1_90' title="bbox 392 4423 1979 4495">
    <p class='ocr_par' dir='ltr' id='par_1_90' title="bbox 392 4423 1979 4495">
     <span class='ocr_line' id='line_1_90' title="bbox 392 4423 1979 4495; baseline 0.001 -18"><span class='ocrx_word' id='word_1_607' title='bbox 392 4424 504 4495; x_wconf 85' lang='grc' dir='ltr'>τῆς</span> <span class='ocrx_word' id='word_1_608' title='bbox 540 4425 680 4494; x_wconf 87' lang='grc' dir='ltr'>πρὸς</span> <span class='ocrx_word' id='word_1_609' title='bbox 716 4423 850 4479; x_wconf 91' lang='grc' dir='ltr'>Θεὸν</span> <span class='ocrx_word' id='word_1_610' title='bbox 917 4423 1139 4494; x_wconf 82' lang='grc' dir='ltr'>ἀγάπης</span> <span class='ocrx_word' id='word_1_611' title='bbox 1204 4423 1671 4495; x_wconf 81' lang='grc' dir='ltr'>καταπολεμήσει,</span> <span class='ocrx_word' id='word_1_612' title='bbox 1708 4428 1803 4479; x_wconf 76' lang='grc' dir='ltr'>καὶ</span> <span class='ocrx_word' id='word_1_613' title='bbox 1847 4443 1979 4480; x_wconf 88' lang='grc' dir='ltr'>κατ-</span> 
     </span>
    </p>
   </div>
   <div class='ocr_carea' id='block_1_91' title="bbox 2084 4418 3662 4495">
    <p class='ocr_par' dir='ltr' id='par_1_91' title="bbox 2084 4418 3662 4495">
     <span class='ocr_line' id='line_1_91' title="bbox 2084 4418 3662 4495; baseline -0.001 -14"><span class='ocrx_word' id='word_1_614' title='bbox 2084 4427 2257 4482; x_wconf 81' lang='lat' dir='ltr'><strong>daciae</strong></span> <span class='ocrx_word' id='word_1_615' title='bbox 2290 4435 2344 4481; x_wconf 91' lang='lat' dir='ltr'><strong>et</strong></span> <span class='ocrx_word' id='word_1_616' title='bbox 2385 4421 2667 4495; x_wconf 90' lang='lat' dir='ltr'><strong>proposito</strong></span> <span class='ocrx_word' id='word_1_617' title='bbox 2696 4418 2982 4485; x_wconf 90' lang='lat' dir='ltr'><strong>insidioso,</strong></span> <span class='ocrx_word' id='word_1_618' title='bbox 3036 4420 3328 4475; x_wconf 89' lang='lat' dir='ltr'><strong>tolerantia</strong></span> <span class='ocrx_word' id='word_1_619' title='bbox 3378 4424 3573 4486; x_wconf 88' lang='lat' dir='ltr'><strong>utitur.</strong></span> <span class='ocrx_word' id='word_1_620' title='bbox 3607 4435 3662 4479; x_wconf 90' lang='lat' dir='ltr'><strong>et</strong></span> 
     </span>
    </p>
   </div>
   <div class='ocr_carea' id='block_1_92' title="bbox 394 4514 1967 4591">
    <p class='ocr_par' dir='ltr' id='par_1_92' title="bbox 394 4515 1967 4588">
     <span class='ocr_line' id='line_1_92' title="bbox 394 4515 1967 4588; baseline 0.002 -19"><span class='ocrx_word' id='word_1_621' title='bbox 394 4516 756 4585; x_wconf 81' lang='grc' dir='ltr'>αγωνίσεται,</span> <span class='ocrx_word' id='word_1_622' title='bbox 794 4516 889 4569; x_wconf 79' lang='grc' dir='ltr'>καὶ</span> <span class='ocrx_word' id='word_1_623' title='bbox 923 4516 1138 4586; x_wconf 85' lang='grc' dir='ltr'>κινήσει</span> <span class='ocrx_word' id='word_1_624' title='bbox 1169 4515 1386 4579; x_wconf 88' lang='grc' dir='ltr'>πάντως</span> <span class='ocrx_word' id='word_1_625' title='bbox 1411 4516 1503 4569; x_wconf 88' lang='grc' dir='ltr'><strong>τὸν</strong></span> <span class='ocrx_word' id='word_1_626' title='bbox 1527 4517 1769 4588; x_wconf 76' lang='grc' dir='ltr'>ῥυπαρὸν</span> <span class='ocrx_word' id='word_1_627' title='bbox 1791 4515 1967 4572; x_wconf 71' lang='grc' dir='ltr'>τοῦτοι</span> 
     </span>
    </p>
   </div>
   <div class='ocr_carea' id='block_1_93' title="bbox 2071 4514 3662 4591">
    <p class='ocr_par' dir='ltr' id='par_1_93' title="bbox 2087 4514 3662 4591">
     <span class='ocr_line' id='line_1_93' title="bbox 2087 4514 3662 4591; baseline -0.003 -16"><span class='ocrx_word' id='word_1_628' title='bbox 2087 4519 2520 4591; x_wconf 87' lang='lat' dir='ltr'><strong>longanimitate,</strong></span> <span class='ocrx_word' id='word_1_629' title='bbox 2576 4522 2630 4571; x_wconf 91' lang='lat' dir='ltr'><strong>et</strong></span> <span class='ocrx_word' id='word_1_630' title='bbox 2679 4514 2961 4585; x_wconf 90' lang='lat' dir='ltr'><strong>precibus,</strong></span> <span class='ocrx_word' id='word_1_631' title='bbox 3014 4522 3068 4569; x_wconf 91' lang='lat' dir='ltr'><strong>et</strong></span> <span class='ocrx_word' id='word_1_632' title='bbox 3109 4514 3336 4584; x_wconf 80' lang='lat' dir='ltr'><strong>jejuniis</strong></span> <span class='ocrx_word' id='word_1_633' title='bbox 3381 4530 3662 4585; x_wconf 91' lang='lat' dir='ltr'><strong>nunquam</strong></span> 
     </span>
    </p>
   </div>
   <div class='ocr_carea' id='block_1_94' title="bbox 396 4605 1981 4679">
    <p class='ocr_par' dir='ltr' id='par_1_94' title="bbox 396 4605 1981 4679">
     <span class='ocr_line' id='line_1_94' title="bbox 396 4605 1981 4679; baseline 0.002 -19"><span class='ocrx_word' id='word_1_634' title='bbox 396 4605 503 4660; x_wconf 82' lang='grc' dir='ltr'><strong>καὶ</strong></span> <span class='ocrx_word' id='word_1_635' title='bbox 528 4605 840 4677; x_wconf 84' lang='grc' dir='ltr'>ἀκάθαρτον</span> <span class='ocrx_word' id='word_1_636' title='bbox 867 4607 1102 4676; x_wconf 88' lang='grc' dir='ltr'>δαίμονα</span> <span class='ocrx_word' id='word_1_637' title='bbox 1127 4610 1193 4678; x_wconf 82' lang='grc' dir='ltr'>τῇ</span> <span class='ocrx_word' id='word_1_638' title='bbox 1220 4606 1443 4679; x_wconf 78' lang='grc' dir='ltr'>βοηθείᾳ</span> <span class='ocrx_word' id='word_1_639' title='bbox 1471 4606 1564 4660; x_wconf 89' lang='grc' dir='ltr'><strong>τοῦ</strong></span> <span class='ocrx_word' id='word_1_640' title='bbox 1590 4608 1797 4679; x_wconf 86' lang='grc' dir='ltr'>Κυρίου</span> <span class='ocrx_word' id='word_1_641' title='bbox 1821 4611 1854 4679; x_wconf 79' lang='grc' dir='ltr'>ἠ</span> <span class='ocrx_word' id='word_1_642' title='bbox 1864 4609 1981 4679; x_wconf 83' lang='grc' dir='ltr'><strong>μῶν</strong></span> 
     </span>
    </p>
   </div>
   <div class='ocr_carea' id='block_1_95' title="bbox 407 4694 1982 4769">
    <p class='ocr_par' dir='ltr' id='par_1_95' title="bbox 407 4694 1982 4769">
     <span class='ocr_line' id='line_1_95' title="bbox 407 4694 1982 4769; baseline 0.002 -21"><span class='ocrx_word' id='word_1_643' title='bbox 407 4694 590 4765; x_wconf 81' lang='grc' dir='ltr'>Ἰησοῦ</span> <span class='ocrx_word' id='word_1_644' title='bbox 658 4695 917 4768; x_wconf 80' lang='grc' dir='ltr'>Χριστοῦ.</span> <span class='ocrx_word' id='word_1_645' title='bbox 970 4696 1155 4768; x_wconf 83' lang='grc' dir='ltr'>Ἀρκεῖ</span> <span class='ocrx_word' id='word_1_646' title='bbox 1183 4699 1293 4769; x_wconf 84' lang='grc' dir='ltr'><strong>γὰρ</strong></span> <span class='ocrx_word' id='word_1_647' title='bbox 1344 4699 1481 4768; x_wconf 82' lang='grc' dir='ltr'>ἡμίν</span> <span class='ocrx_word' id='word_1_648' title='bbox 1541 4697 1676 4768; x_wconf 85' lang='grc' dir='ltr'>πρὸς</span> <span class='ocrx_word' id='word_1_649' title='bbox 1708 4697 1809 4762; x_wconf 83' lang='grc' dir='ltr'>τὴν</span> <span class='ocrx_word' id='word_1_650' title='bbox 1862 4700 1982 4751; x_wconf 88' lang='grc' dir='ltr'>κατ’</span> 
     </span>
    </p>
   </div>
   <div class='ocr_carea' id='block_1_96' title="bbox 394 4785 1985 4858">
    <p class='ocr_par' dir='ltr' id='par_1_96' title="bbox 394 4785 1985 4858">
     <span class='ocr_line' id='line_1_96' title="bbox 394 4785 1985 4858; baseline 0.003 -21"><span class='ocrx_word' id='word_1_651' title='bbox 394 4785 618 4856; x_wconf 68' lang='grc' dir='ltr'>ἔχθρῶν</span> <span class='ocrx_word' id='word_1_652' title='bbox 665 4787 880 4858; x_wconf 74' lang='grc' dir='ltr'>ἄμυναν</span> <span class='ocrx_word' id='word_1_653' title='bbox 924 4788 987 4840; x_wconf 87' lang='grc' dir='ltr'><strong>τὸ</strong></span> <span class='ocrx_word' id='word_1_654' title='bbox 1012 4788 1184 4857; x_wconf 74' lang='grc' dir='ltr'>ὄνομα</span> <span class='ocrx_word' id='word_1_655' title='bbox 1215 4789 1391 4858; x_wconf 76' lang='grc' dir='ltr'>Ἰησοῦ</span> <span class='ocrx_word' id='word_1_656' title='bbox 1432 4788 1669 4858; x_wconf 81' lang='grc' dir='ltr'>Χριστοῦ</span> <span class='ocrx_word' id='word_1_657' title='bbox 1696 4787 1792 4842; x_wconf 87' lang='grc' dir='ltr'><strong>τοῦ</strong></span> <span class='ocrx_word' id='word_1_658' title='bbox 1844 4794 1985 4842; x_wconf 73' lang='grc' dir='ltr'>παν-</span> 
     </span>
    </p>
   </div>
   <div class='ocr_carea' id='block_1_97' title="bbox 394 4872 1986 4947">
    <p class='ocr_par' dir='ltr' id='par_1_97' title="bbox 394 4872 1986 4947">
     <span class='ocr_line' id='line_1_97' title="bbox 394 4872 1986 4947; baseline -0.001 -20"><span class='ocrx_word' id='word_1_659' title='bbox 394 4872 634 4943; x_wconf 73' lang='grc' dir='ltr'>υψίστου</span> <span class='ocrx_word' id='word_1_660' title='bbox 673 4875 829 4928; x_wconf 82' lang='grc' dir='ltr'>Θεοῦ.</span> <span class='ocrx_word' id='word_1_661' title='bbox 863 4874 1070 4944; x_wconf 82' lang='grc' dir='ltr'>Πολλῆς</span> <span class='ocrx_word' id='word_1_662' title='bbox 1095 4874 1153 4928; x_wconf 74' lang='grc' dir='ltr'>δὲ</span> <span class='ocrx_word' id='word_1_663' title='bbox 1189 4877 1320 4946; x_wconf 76' lang='grc' dir='ltr'>ἡμῖν</span> <span class='ocrx_word' id='word_1_664' title='bbox 1364 4875 1502 4947; x_wconf 88' lang='grc' dir='ltr'>πρὸς</span> <span class='ocrx_word' id='word_1_665' title='bbox 1534 4876 1627 4929; x_wconf 88' lang='grc' dir='ltr'><strong>τὸν</strong></span> <span class='ocrx_word' id='word_1_666' title='bbox 1664 4875 1796 4929; x_wconf 90' lang='grc' dir='ltr'>Θεὸν</span> <span class='ocrx_word' id='word_1_667' title='bbox 1825 4875 1986 4946; x_wconf 88' lang='grc' dir='ltr'>χρεία</span> 
     </span>
    </p>
   </div>
   <div class='ocr_carea' id='block_1_98' title="bbox 395 4964 1989 5038">
    <p class='ocr_par' dir='ltr' id='par_1_98' title="bbox 395 4964 1989 5038">
     <span class='ocr_line' id='line_1_98' title="bbox 395 4964 1989 5038; baseline 0.002 -21"><span class='ocrx_word' id='word_1_668' title='bbox 395 4964 665 5035; x_wconf 77' lang='grc' dir='ltr'>δεήσεως,</span> <span class='ocrx_word' id='word_1_669' title='bbox 698 4966 784 5019; x_wconf 76' lang='grc' dir='ltr'><strong>ἵνα</strong></span> <span class='ocrx_word' id='word_1_670' title='bbox 817 4966 893 5037; x_wconf 84' lang='grc' dir='ltr'>μὴ</span> <span class='ocrx_word' id='word_1_671' title='bbox 914 4967 1239 5037; x_wconf 77' lang='grc' dir='ltr'>ἐκπέσωμεν</span> <span class='ocrx_word' id='word_1_672' title='bbox 1258 4966 1359 5036; x_wconf 79' lang='grc' dir='ltr'>τῆς</span> <span class='ocrx_word' id='word_1_673' title='bbox 1377 4967 1601 5037; x_wconf 81' lang='grc' dir='ltr'>ἀρετῆς,</span> <span class='ocrx_word' id='word_1_674' title='bbox 1628 4968 1750 5021; x_wconf 86' lang='grc' dir='ltr'><strong>Ὅτι</strong></span> <span class='ocrx_word' id='word_1_675' title='bbox 1766 4968 1874 5038; x_wconf 82' lang='grc' dir='ltr'><strong>γάρ</strong></span> <span class='ocrx_word' id='word_1_676' title='bbox 1894 4967 1989 5021; x_wconf 85' lang='grc' dir='ltr'>δυ-</span> 
     </span>
    </p>
   </div>
   <div class='ocr_carea' id='block_1_99' title="bbox 392 5051 1992 5129">
    <p class='ocr_par' dir='ltr' id='par_1_99' title="bbox 392 5051 1992 5129">
     <span class='ocr_line' id='line_1_99' title="bbox 392 5051 1992 5129; baseline 0.003 -22"><span class='ocrx_word' id='word_1_677' title='bbox 392 5051 571 5107; x_wconf 83' lang='grc' dir='ltr'>νατὸν</span> <span class='ocrx_word' id='word_1_678' title='bbox 595 5056 661 5109; x_wconf 79' lang='grc' dir='ltr'><strong>ἐκ</strong></span> <span class='ocrx_word' id='word_1_679' title='bbox 690 5054 1040 5126; x_wconf 83' lang='grc' dir='ltr'>δικαιοσύνης</span> <span class='ocrx_word' id='word_1_680' title='bbox 1075 5058 1157 5120; x_wconf 85' lang='grc' dir='ltr'><strong>είς</strong></span> <span class='ocrx_word' id='word_1_681' title='bbox 1187 5057 1465 5129; x_wconf 84' lang='grc' dir='ltr'>ἁμαρτίαν</span> <span class='ocrx_word' id='word_1_682' title='bbox 1504 5061 1856 5127; x_wconf 81' lang='grc' dir='ltr'>μεταπεσεῖν,</span> <span class='ocrx_word' id='word_1_683' title='bbox 1896 5059 1992 5111; x_wconf 73' lang='grc' dir='ltr'>καὶ</span> 
     </span>
    </p>
   </div>
   <div class='ocr_carea' id='block_1_100' title="bbox 398 5140 1988 5217">
    <p class='ocr_par' dir='ltr' id='par_1_100' title="bbox 398 5140 1988 5217">
     <span class='ocr_line' id='line_1_100' title="bbox 398 5140 1988 5217; baseline 0.003 -22"><span class='ocrx_word' id='word_1_684' title='bbox 398 5140 533 5197; x_wconf 82' lang='grc' dir='ltr'>ἀπὸ,</span> <span class='ocrx_word' id='word_1_685' title='bbox 571 5142 666 5199; x_wconf 87' lang='grc' dir='ltr'><strong>τοῦ</strong></span> <span class='ocrx_word' id='word_1_686' title='bbox 720 5144 929 5207; x_wconf 80' lang='grc' dir='ltr'>πάθους</span> <span class='ocrx_word' id='word_1_687' title='bbox 975 5147 1056 5208; x_wconf 85' lang='grc' dir='ltr'><strong>είς</strong></span> <span class='ocrx_word' id='word_1_688' title='bbox 1082 5145 1143 5199; x_wconf 90' lang='grc' dir='ltr'><strong>τὸ</strong></span> <span class='ocrx_word' id='word_1_689' title='bbox 1166 5146 1418 5217; x_wconf 76' lang='grc' dir='ltr'>ἐμπαθὲς</span> <span class='ocrx_word' id='word_1_690' title='bbox 1462 5146 1988 5217; x_wconf 82' lang='grc' dir='ltr'>μεταμορφωθῆναι,</span> 
     </span>
    </p>
   </div>
   <div class='ocr_carea' id='block_1_101' title="bbox 401 5230 1994 5308">
    <p class='ocr_par' dir='ltr' id='par_1_101' title="bbox 401 5230 1994 5308">
     <span class='ocr_line' id='line_1_101' title="bbox 401 5230 1994 5308; baseline 0.004 -23"><span class='ocrx_word' id='word_1_691' title='bbox 401 5230 608 5302; x_wconf 76' lang='grc' dir='ltr'>κράζει</span> <span class='ocrx_word' id='word_1_692' title='bbox 646 5234 784 5304; x_wconf 86' lang='grc' dir='ltr'>πρὸς</span> <span class='ocrx_word' id='word_1_693' title='bbox 813 5235 908 5288; x_wconf 88' lang='grc' dir='ltr'><strong>τὸν</strong></span> <span class='ocrx_word' id='word_1_694' title='bbox 934 5234 1138 5307; x_wconf 80' lang='grc' dir='ltr'>Κύριον</span> <span class='ocrx_word' id='word_1_695' title='bbox 1159 5239 1193 5306; x_wconf 77' lang='grc' dir='ltr'><strong>ἠ</strong></span> <span class='ocrx_word' id='word_1_696' title='bbox 1226 5237 1532 5308; x_wconf 87' lang='grc' dir='ltr'>προφητεία</span> <span class='ocrx_word' id='word_1_697' title='bbox 1557 5254 1571 5267; x_wconf 73' lang='grc'><strong>⁸</strong></span> <span class='ocrx_word' id='word_1_698' title='bbox 1610 5256 1630 5289; x_wconf 79' lang='grc' dir='ltr'><strong>ι</strong></span> <span class='ocrx_word' id='word_1_699' title='bbox 1668 5238 1994 5308; x_wconf 87' lang='grc' dir='ltr'>Ἐγενόμεθα</span> 
     </span>
    </p>
   </div>
   <div class='ocr_carea' id='block_1_102' title="bbox 399 5322 1992 5401">
    <p class='ocr_par' dir='ltr' id='par_1_102' title="bbox 399 5322 1992 5401">
     <span class='ocr_line' id='line_1_102' title="bbox 399 5322 1992 5401; baseline 0.006 -28"><span class='ocrx_word' id='word_1_700' title='bbox 399 5322 565 5385; x_wconf 67' lang='grc' dir='ltr'>ὤςτὸ</span> <span class='ocrx_word' id='word_1_701' title='bbox 589 5327 895 5397; x_wconf 80' lang='grc' dir='ltr'>ἀπ’ἀρχῆς,</span> <span class='ocrx_word' id='word_1_702' title='bbox 927 5328 1017 5380; x_wconf 85' lang='grc' dir='ltr'>ὅτε</span> <span class='ocrx_word' id='word_1_703' title='bbox 1040 5329 1141 5381; x_wconf 79' lang='grc' dir='ltr'>οὐκ</span> <span class='ocrx_word' id='word_1_704' title='bbox 1162 5324 1339 5399; x_wconf 77' lang='grc' dir='ltr'>ἦρξας</span> <span class='ocrx_word' id='word_1_705' title='bbox 1366 5331 1399 5400; x_wconf 82' lang='grc' dir='ltr'>ἡ</span> <span class='ocrx_word' id='word_1_706' title='bbox 1408 5330 1545 5397; x_wconf 85' lang='grc' dir='ltr'>μῶν,</span> <span class='ocrx_word' id='word_1_707' title='bbox 1573 5330 1692 5383; x_wconf 77' lang='grc' dir='ltr'>οὐδὲ</span> <span class='ocrx_word' id='word_1_708' title='bbox 1718 5330 1992 5401; x_wconf 78' lang='grc' dir='ltr'>ἐπεκλήθη</span> 
     </span>
    </p>
   </div>
   <div class='ocr_carea' id='block_1_103' title="bbox 400 5411 1992 5492">
    <p class='ocr_par' dir='ltr' id='par_1_103' title="bbox 400 5411 1992 5492">
     <span class='ocr_line' id='line_1_103' title="bbox 400 5411 1992 5492; baseline 0.006 -27"><span class='ocrx_word' id='word_1_709' title='bbox 400 5413 473 5466; x_wconf 81' lang='grc' dir='ltr'><strong>τὸ</strong></span> <span class='ocrx_word' id='word_1_710' title='bbox 487 5413 662 5486; x_wconf 71' lang='grc' dir='ltr'>ὄνομά</span> <span class='ocrx_word' id='word_1_711' title='bbox 692 5435 787 5471; x_wconf 89' lang='grc' dir='ltr'><strong>σου</strong></span> <span class='ocrx_word' id='word_1_712' title='bbox 819 5420 904 5487; x_wconf 69' lang='grc' dir='ltr'><strong>ἐφ’</strong></span> <span class='ocrx_word' id='word_1_713' title='bbox 927 5411 1097 5488; x_wconf 76' lang='grc' dir='ltr'>ἡμᾶς,</span> <span class='ocrx_word' id='word_1_714' title='bbox 1128 5439 1146 5470; x_wconf 81' lang='grc'><strong>›</strong></span> <span class='ocrx_word' id='word_1_715' title='bbox 1174 5421 1269 5476; x_wconf 87' lang='grc' dir='ltr'><strong>καί</strong></span> <span class='ocrx_word' id='word_1_716' title='bbox 1291 5423 1460 5490; x_wconf 75' lang='grc' dir='ltr'>ἐσμεν</span> <span class='ocrx_word' id='word_1_717' title='bbox 1487 5420 1816 5492; x_wconf 86' lang='grc' dir='ltr'>ἀκάθαρτοι.</span> <span class='ocrx_word' id='word_1_718' title='bbox 1849 5420 1992 5474; x_wconf 85' lang='grc' dir='ltr'>Ἀλλ’</span> 
     </span>
    </p>
   </div>
   <div class='ocr_carea' id='block_1_104' title="bbox 402 5505 1994 5584">
    <p class='ocr_par' dir='ltr' id='par_1_104' title="bbox 402 5505 1994 5584">
     <span class='ocr_line' id='line_1_104' title="bbox 402 5505 1994 5584; baseline 0.006 -26"><span class='ocrx_word' id='word_1_719' title='bbox 402 5505 651 5578; x_wconf 77' lang='grc' dir='ltr'>ἐγχωρεῖ</span> <span class='ocrx_word' id='word_1_720' title='bbox 677 5510 775 5564; x_wconf 72' lang='grc' dir='ltr'>καὶ</span> <span class='ocrx_word' id='word_1_721' title='bbox 817 5512 958 5580; x_wconf 87' lang='grc' dir='ltr'><strong>μετά</strong></span> <span class='ocrx_word' id='word_1_722' title='bbox 987 5511 1085 5581; x_wconf 88' lang='grc' dir='ltr'>τὴν</span> <span class='ocrx_word' id='word_1_723' title='bbox 1117 5513 1530 5584; x_wconf 76' lang='grc' dir='ltr'>συμϐεϐηκυῖαν</span> <span class='ocrx_word' id='word_1_724' title='bbox 1583 5513 1793 5566; x_wconf 85' lang='grc' dir='ltr'>πτῶσιν</span> <span class='ocrx_word' id='word_1_725' title='bbox 1833 5514 1994 5569; x_wconf 83' lang='grc' dir='ltr'>πάλιν</span> 
     </span>
    </p>
   </div>
   <div class='ocr_carea' id='block_1_105' title="bbox 401 5598 1990 5675">
    <p class='ocr_par' dir='ltr' id='par_1_105' title="bbox 401 5598 1990 5675">
     <span class='ocr_line' id='line_1_105' title="bbox 401 5598 1990 5675; baseline 0.006 -27"><span class='ocrx_word' id='word_1_726' title='bbox 401 5600 601 5666; x_wconf 84' lang='grc' dir='ltr'>τυχεῖν</span> <span class='ocrx_word' id='word_1_727' title='bbox 626 5598 716 5653; x_wconf 85' lang='grc' dir='ltr'>διὰ</span> <span class='ocrx_word' id='word_1_728' title='bbox 745 5600 848 5670; x_wconf 83' lang='grc' dir='ltr'>τῆς</span> <span class='ocrx_word' id='word_1_729' title='bbox 886 5602 1173 5671; x_wconf 83' lang='grc' dir='ltr'>μετανοίας</span> <span class='ocrx_word' id='word_1_730' title='bbox 1200 5603 1301 5673; x_wconf 81' lang='grc' dir='ltr'>τῆς</span> <span class='ocrx_word' id='word_1_731' title='bbox 1326 5606 1381 5656; x_wconf 85' lang='grc' dir='ltr'>ὲν</span> <span class='ocrx_word' id='word_1_732' title='bbox 1419 5607 1484 5673; x_wconf 82' lang='grc' dir='ltr'>τῇ</span> <span class='ocrx_word' id='word_1_733' title='bbox 1520 5606 1664 5675; x_wconf 82' lang='grc' dir='ltr'>ἀρχῇ</span> <span class='ocrx_word' id='word_1_734' title='bbox 1700 5604 1990 5668; x_wconf 76' lang='grc' dir='ltr'>ἀπαθείας,</span> 
     </span>
    </p>
   </div>
   <div class='ocr_carea' id='block_1_106' title="bbox 492 5770 1519 5846">
    <p class='ocr_par' dir='ltr' id='par_1_106' title="bbox 492 5770 1519 5846">
     <span class='ocr_line' id='line_1_106' title="bbox 492 5770 1519 5846; baseline 0.006 -22"><span class='ocrx_word' id='word_1_735' title='bbox 492 5770 746 5846; x_wconf 72' lang='lat' dir='ltr'><strong>“ich.</strong></span> <span class='ocrx_word' id='word_1_736' title='bbox 777 5787 840 5838; x_wconf 84' lang='grc' dir='ltr'><strong>ιι,</strong></span> <span class='ocrx_word' id='word_1_737' title='bbox 880 5773 933 5827; x_wconf 72' lang='lat' dir='ltr'><strong>lt.</strong></span> <span class='ocrx_word' id='word_1_738' title='bbox 1011 5776 1052 5806; x_wconf 65' lang='grc' dir='ltr'><strong>*τ</strong></span> <span class='ocrx_word' id='word_1_739' title='bbox 1084 5774 1226 5829; x_wconf 86' lang='lat' dir='ltr'><strong>Psal.</strong></span> <span class='ocrx_word' id='word_1_740' title='bbox 1261 5790 1439 5844; x_wconf 57' lang='grc' dir='ltr'>(χειν,</span> <span class='ocrx_word' id='word_1_741' title='bbox 1470 5779 1519 5830; x_wconf 74' lang='lat'><strong><em>5.</em></strong></span> 
     </span>
    </p>
   </div>
   <div class='ocr_carea' id='block_1_107' title="bbox 2090 4605 3664 4678">
    <p class='ocr_par' dir='ltr' id='par_1_107' title="bbox 2090 4605 3664 4678">
     <span class='ocr_line' id='line_1_107' title="bbox 2090 4605 3664 4678; baseline -0.004 -11"><span class='ocrx_word' id='word_1_742' title='bbox 2090 4612 2454 4672; x_wconf 88' lang='lat' dir='ltr'><strong>cessantibus,</strong></span> <span class='ocrx_word' id='word_1_743' title='bbox 2485 4615 2540 4664; x_wconf 88' lang='lat' dir='ltr'><strong>et</strong></span> <span class='ocrx_word' id='word_1_744' title='bbox 2577 4605 2700 4672; x_wconf 87' lang='lat' dir='ltr'><strong>ﬁde,</strong></span> <span class='ocrx_word' id='word_1_745' title='bbox 2723 4615 2777 4661; x_wconf 91' lang='grc' dir='ltr'><strong>ει</strong></span> <span class='ocrx_word' id='word_1_746' title='bbox 2816 4621 2935 4676; x_wconf 90' lang='lat' dir='ltr'><strong>spe,</strong></span> <span class='ocrx_word' id='word_1_747' title='bbox 2967 4614 3023 4661; x_wconf 92' lang='lat' dir='ltr'><strong>et</strong></span> <span class='ocrx_word' id='word_1_748' title='bbox 3053 4606 3306 4661; x_wconf 88' lang='lat' dir='ltr'><strong>absoluto</strong></span> <span class='ocrx_word' id='word_1_749' title='bbox 3332 4622 3458 4678; x_wconf 89' lang='lat' dir='ltr'><strong>erga</strong></span> <span class='ocrx_word' id='word_1_750' title='bbox 3495 4607 3664 4662; x_wconf 90' lang='lat' dir='ltr'><strong>Deum</strong></span> 
     </span>
    </p>
   </div>
   <div class='ocr_carea' id='block_1_108' title="bbox 2090 4696 3668 4772">
    <p class='ocr_par' dir='ltr' id='par_1_108' title="bbox 2090 4696 3668 4772">
     <span class='ocr_line' id='line_1_108' title="bbox 2090 4696 3668 4772; baseline -0.005 -15"><span class='ocrx_word' id='word_1_751' title='bbox 2090 4717 2274 4757; x_wconf 89' lang='lat' dir='ltr'><strong>amore</strong></span> <span class='ocrx_word' id='word_1_752' title='bbox 2324 4699 2650 4772; x_wconf 84' lang='lat' dir='ltr'><strong>proﬁigabit,</strong></span> <span class='ocrx_word' id='word_1_753' title='bbox 2677 4712 2741 4751; x_wconf 89' lang='lat' dir='ltr'><strong>ac</strong></span> <span class='ocrx_word' id='word_1_754' title='bbox 2762 4703 3089 4766; x_wconf 86' lang='lat' dir='ltr'><strong>prosternet,</strong></span> <span class='ocrx_word' id='word_1_755' title='bbox 3108 4705 3161 4751; x_wconf 84' lang='lat' dir='ltr'><strong>et</strong></span> <span class='ocrx_word' id='word_1_756' title='bbox 3188 4696 3478 4751; x_wconf 87' lang='lat' dir='ltr'><strong>debellabit</strong></span> <span class='ocrx_word' id='word_1_757' title='bbox 3509 4711 3668 4767; x_wconf 91' lang='lat' dir='ltr'><strong>pror-</strong></span> 
     </span>
    </p>
   </div>
   <div class='ocr_carea' id='block_1_109' title="bbox 2093 4786 3667 4858">
    <p class='ocr_par' dir='ltr' id='par_1_109' title="bbox 2093 4786 3667 4858">
     <span class='ocr_line' id='line_1_109' title="bbox 2093 4786 3667 4858; baseline -0.003 -11"><span class='ocrx_word' id='word_1_758' title='bbox 2093 4808 2188 4848; x_wconf 89' lang='lat' dir='ltr'><strong>sus</strong></span> <span class='ocrx_word' id='word_1_759' title='bbox 2251 4792 2396 4846; x_wconf 89' lang='lat' dir='ltr'><strong>huuc</strong></span> <span class='ocrx_word' id='word_1_760' title='bbox 2450 4787 2757 4851; x_wconf 89' lang='lat' dir='ltr'><strong>sordidum,</strong></span> <span class='ocrx_word' id='word_1_761' title='bbox 2809 4795 2974 4858; x_wconf 90' lang='lat' dir='ltr'><strong>atque</strong></span> <span class='ocrx_word' id='word_1_762' title='bbox 3021 4786 3301 4857; x_wconf 83' lang='lat' dir='ltr'><strong>impurum</strong></span> <span class='ocrx_word' id='word_1_763' title='bbox 3366 4788 3667 4843; x_wconf 65' lang='lat' dir='ltr'><strong>daemonem</strong></span> 
     </span>
    </p>
   </div>
   <div class='ocr_carea' id='block_1_110' title="bbox 2098 4875 3669 4947">
    <p class='ocr_par' dir='ltr' id='par_1_110' title="bbox 2098 4875 3669 4947">
     <span class='ocr_line' id='line_1_110' title="bbox 2098 4875 3669 4947; baseline -0.001 -12"><span class='ocrx_word' id='word_1_764' title='bbox 2098 4880 2314 4935; x_wconf 90' lang='lat' dir='ltr'><strong>Domini</strong></span> <span class='ocrx_word' id='word_1_765' title='bbox 2338 4879 2513 4934; x_wconf 88' lang='lat' dir='ltr'><strong>nostri</strong></span> <span class='ocrx_word' id='word_1_766' title='bbox 2542 4875 2671 4933; x_wconf 83' lang='lat' dir='ltr'><strong>Jcsu</strong></span> <span class='ocrx_word' id='word_1_767' title='bbox 2693 4876 2898 4933; x_wconf 86' lang='lat' dir='ltr'><strong>Christi</strong></span> <span class='ocrx_word' id='word_1_768' title='bbox 2917 4877 3211 4947; x_wconf 73' lang='lat' dir='ltr'><strong>adiutorio.</strong></span> <span class='ocrx_word' id='word_1_769' title='bbox 3242 4875 3488 4946; x_wconf 84' lang='lat' dir='ltr'><strong>Namque</strong></span> <span class='ocrx_word' id='word_1_770' title='bbox 3531 4878 3669 4933; x_wconf 84' lang='lat' dir='ltr'><strong>satis</strong></span> 
     </span>
    </p>
   </div>
   <div class='ocr_carea' id='block_1_111' title="bbox 2096 4965 3670 5039">
    <p class='ocr_par' dir='ltr' id='par_1_111' title="bbox 2096 4965 3670 5039">
     <span class='ocr_line' id='line_1_111' title="bbox 2096 4965 3670 5039; baseline -0.003 -12"><span class='ocrx_word' id='word_1_771' title='bbox 2096 4972 2256 5027; x_wconf 86' lang='lat' dir='ltr'><strong>nobis</strong></span> <span class='ocrx_word' id='word_1_772' title='bbox 2303 4984 2575 5039; x_wconf 89' lang='lat' dir='ltr'><strong>superque</strong></span> <span class='ocrx_word' id='word_1_773' title='bbox 2628 4978 2713 5024; x_wconf 92' lang='lat' dir='ltr'><strong>est</strong></span> <span class='ocrx_word' id='word_1_774' title='bbox 2761 4969 2826 5023; x_wconf 92' lang='lat' dir='ltr'><strong>ad</strong></span> <span class='ocrx_word' id='word_1_775' title='bbox 2885 4967 3245 5038; x_wconf 89' lang='lat' dir='ltr'><strong>proterendos</strong></span> <span class='ocrx_word' id='word_1_776' title='bbox 3302 4966 3488 5021; x_wconf 87' lang='lat' dir='ltr'><strong>hostes</strong></span> <span class='ocrx_word' id='word_1_777' title='bbox 3536 4965 3670 5023; x_wconf 78' lang='lat' dir='ltr'><strong>Jesu</strong></span> 
     </span>
    </p>
   </div>
   <div class='ocr_carea' id='block_1_112' title="bbox 2097 5056 3672 5125">
    <p class='ocr_par' dir='ltr' id='par_1_112' title="bbox 2097 5056 3672 5125">
     <span class='ocr_line' id='line_1_112' title="bbox 2097 5056 3672 5125; baseline -0.003 -8"><span class='ocrx_word' id='word_1_778' title='bbox 2097 5060 2301 5117; x_wconf 86' lang='lat' dir='ltr'><strong>Christi</strong></span> <span class='ocrx_word' id='word_1_779' title='bbox 2330 5058 2421 5114; x_wconf 90' lang='lat' dir='ltr'><strong>Dei</strong></span> <span class='ocrx_word' id='word_1_780' title='bbox 2452 5057 2816 5114; x_wconf 81' lang='lat' dir='ltr'><strong>excelsissimi</strong></span> <span class='ocrx_word' id='word_1_781' title='bbox 2846 5071 3065 5110; x_wconf 89' lang='lat' dir='ltr'><strong>nomen.</strong></span> <span class='ocrx_word' id='word_1_782' title='bbox 3104 5056 3385 5125; x_wconf 89' lang='lat' dir='ltr'><strong>Frequens</strong></span> <span class='ocrx_word' id='word_1_783' title='bbox 3420 5071 3550 5110; x_wconf 89' lang='lat' dir='ltr'><strong>vero</strong></span> <span class='ocrx_word' id='word_1_784' title='bbox 3576 5057 3672 5112; x_wconf 89' lang='lat' dir='ltr'><strong>de-</strong></span> 
     </span>
    </p>
   </div>
   <div class='ocr_carea' id='block_1_113' title="bbox 2098 5145 3673 5223">
    <p class='ocr_par' dir='ltr' id='par_1_113' title="bbox 2098 5145 3673 5223">
     <span class='ocr_line' id='line_1_113' title="bbox 2098 5145 3673 5223; baseline -0.003 -16"><span class='ocrx_word' id='word_1_785' title='bbox 2098 5151 2340 5223; x_wconf 89' lang='lat' dir='ltr'><strong>precatio</strong></span> <span class='ocrx_word' id='word_1_786' title='bbox 2369 5150 2437 5205; x_wconf 84' lang='lat' dir='ltr'><strong>ad</strong></span> <span class='ocrx_word' id='word_1_787' title='bbox 2467 5148 2637 5206; x_wconf 91' lang='lat' dir='ltr'><strong>Deum</strong></span> <span class='ocrx_word' id='word_1_788' title='bbox 2670 5148 2831 5203; x_wconf 90' lang='lat' dir='ltr'><strong>nobis</strong></span> <span class='ocrx_word' id='word_1_789' title='bbox 2856 5164 2994 5218; x_wconf 91' lang='lat' dir='ltr'><strong>opus</strong></span> <span class='ocrx_word' id='word_1_790' title='bbox 3020 5153 3123 5210; x_wconf 89' lang='lat' dir='ltr'><strong>est,</strong></span> <span class='ocrx_word' id='word_1_791' title='bbox 3180 5161 3247 5200; x_wconf 92' lang='lat' dir='ltr'><strong>ne</strong></span> <span class='ocrx_word' id='word_1_792' title='bbox 3274 5145 3476 5202; x_wconf 88' lang='lat' dir='ltr'><strong>virtute</strong></span> <span class='ocrx_word' id='word_1_793' title='bbox 3530 5151 3673 5203; x_wconf 85' lang='lat' dir='ltr'><strong>exci-</strong></span> 
     </span>
    </p>
   </div>
   <div class='ocr_carea' id='block_1_114' title="bbox 2095 5235 3673 5310">
    <p class='ocr_par' dir='ltr' id='par_1_114' title="bbox 2095 5235 3673 5310">
     <span class='ocr_line' id='line_1_114' title="bbox 2095 5235 3673 5310; baseline -0.003 -11"><span class='ocrx_word' id='word_1_794' title='bbox 2095 5244 2312 5299; x_wconf 91' lang='lat' dir='ltr'><strong>damus.</strong></span> <span class='ocrx_word' id='word_1_795' title='bbox 2336 5240 2584 5310; x_wconf 86' lang='lat' dir='ltr'><strong>Namque</strong></span> <span class='ocrx_word' id='word_1_796' title='bbox 2616 5239 2775 5310; x_wconf 74' lang='lat'><strong>183</strong></span> <span class='ocrx_word' id='word_1_797' title='bbox 2814 5238 2929 5293; x_wconf 82' lang='lat' dir='ltr'><strong>ﬁeri</strong></span> <span class='ocrx_word' id='word_1_798' title='bbox 2972 5252 3151 5307; x_wconf 83' lang='lat' dir='ltr'><strong>posse,</strong></span> <span class='ocrx_word' id='word_1_799' title='bbox 3190 5245 3249 5292; x_wconf 92' lang='lat' dir='ltr'><strong>ut</strong></span> <span class='ocrx_word' id='word_1_800' title='bbox 3278 5253 3342 5293; x_wconf 80' lang='lat' dir='ltr'><strong>ex</strong></span> <span class='ocrx_word' id='word_1_801' title='bbox 3365 5235 3581 5307; x_wconf 87' lang='lat' dir='ltr'><strong>justitia</strong></span> <span class='ocrx_word' id='word_1_802' title='bbox 3618 5242 3673 5296; x_wconf 89' lang='lat' dir='ltr'><strong>in</strong></span> 
     </span>
    </p>
   </div>
   <div class='ocr_carea' id='block_1_115' title="bbox 2097 5326 3675 5405">
    <p class='ocr_par' dir='ltr' id='par_1_115' title="bbox 2097 5326 3675 5405">
     <span class='ocr_line' id='line_1_115' title="bbox 2097 5326 3675 5405; baseline -0.004 -14"><span class='ocrx_word' id='word_1_803' title='bbox 2097 5344 2383 5405; x_wconf 89' lang='lat' dir='ltr'><strong>peccatum</strong></span> <span class='ocrx_word' id='word_1_804' title='bbox 2435 5347 2537 5386; x_wconf 87' lang='lat' dir='ltr'><strong>nos</strong></span> <span class='ocrx_word' id='word_1_805' title='bbox 2584 5330 2804 5393; x_wconf 90' lang='lat' dir='ltr'><strong>collabi,</strong></span> <span class='ocrx_word' id='word_1_806' title='bbox 2857 5335 2910 5383; x_wconf 91' lang='lat' dir='ltr'><strong>et</strong></span> <span class='ocrx_word' id='word_1_807' title='bbox 2963 5343 3025 5381; x_wconf 81' lang='lat' dir='ltr'><strong>ex</strong></span> <span class='ocrx_word' id='word_1_808' title='bbox 3072 5326 3271 5382; x_wconf 73' lang='lat' dir='ltr'><strong>all‘ectu</strong></span> <span class='ocrx_word' id='word_1_809' title='bbox 3305 5328 3372 5382; x_wconf 91' lang='lat' dir='ltr'><strong>ad</strong></span> <span class='ocrx_word' id='word_1_810' title='bbox 3423 5329 3497 5394; x_wconf 92' lang='lat' dir='ltr'><strong>id,</strong></span> <span class='ocrx_word' id='word_1_811' title='bbox 3530 5332 3675 5398; x_wconf 91' lang='lat' dir='ltr'><strong>quod</strong></span> 
     </span>
    </p>
   </div>
   <div class='ocr_carea' id='block_1_116' title="bbox 2096 5416 3679 5495">
    <p class='ocr_par' dir='ltr' id='par_1_116' title="bbox 2096 5416 3679 5495">
     <span class='ocr_line' id='line_1_116' title="bbox 2096 5416 3679 5495; baseline -0.004 -16"><span class='ocrx_word' id='word_1_812' title='bbox 2096 5424 2343 5495; x_wconf 78' lang='lat' dir='ltr'><strong>passioni</strong></span> <span class='ocrx_word' id='word_1_813' title='bbox 2390 5418 2687 5476; x_wconf 82' lang='lat' dir='ltr'><strong>obnoxium</strong></span> <span class='ocrx_word' id='word_1_814' title='bbox 2727 5425 2831 5483; x_wconf 90' lang='lat' dir='ltr'><strong>est,</strong></span> <span class='ocrx_word' id='word_1_815' title='bbox 2893 5416 3302 5484; x_wconf 81' lang='lat' dir='ltr'><strong>transformari,</strong></span> <span class='ocrx_word' id='word_1_816' title='bbox 3359 5421 3561 5474; x_wconf 88' lang='lat' dir='ltr'><strong>clamat</strong></span> <span class='ocrx_word' id='word_1_817' title='bbox 3610 5420 3679 5473; x_wconf 88' lang='lat' dir='ltr'><strong>ad</strong></span> 
     </span>
    </p>
   </div>
   <div class='ocr_carea' id='block_1_117' title="bbox 2100 5505 3681 5573">
    <p class='ocr_par' dir='ltr' id='par_1_117' title="bbox 2100 5505 3681 5573">
     <span class='ocr_line' id='line_1_117' title="bbox 2100 5505 3681 5573; baseline -0.002 -8"><span class='ocrx_word' id='word_1_818' title='bbox 2100 5513 2388 5569; x_wconf 90' lang='lat' dir='ltr'><strong>Dominum</strong></span> <span class='ocrx_word' id='word_1_819' title='bbox 2415 5506 2736 5565; x_wconf 89' lang='lat' dir='ltr'><strong>vaticinium</strong></span> <span class='ocrx_word' id='word_1_820' title='bbox 2771 5524 2783 5559; x_wconf 94' lang='lat'>:</span> <span class='ocrx_word' id='word_1_821' title='bbox 2823 5526 2841 5558; x_wconf 77' lang='grc' dir='ltr'><strong>ι</strong></span> <span class='ocrx_word' id='word_1_822' title='bbox 2887 5505 3198 5561; x_wconf 79' lang='lat' dir='ltr'><strong>Eﬂiciamur</strong></span> <span class='ocrx_word' id='word_1_823' title='bbox 3225 5508 3387 5564; x_wconf 89' lang='lat' dir='ltr'><strong>sicuti</strong></span> <span class='ocrx_word' id='word_1_824' title='bbox 3416 5521 3445 5559; x_wconf 92' lang='lat' dir='ltr'><strong>a</strong></span> <span class='ocrx_word' id='word_1_825' title='bbox 3475 5506 3681 5573; x_wconf 90' lang='lat' dir='ltr'><strong>princi-</strong></span> 
     </span>
    </p>
   </div>
   <div class='ocr_carea' id='block_1_118' title="bbox 2100 5596 3686 5673">
    <p class='ocr_par' dir='ltr' id='par_1_118' title="bbox 2100 5596 3686 5673">
     <span class='ocr_line' id='line_1_118' title="bbox 2100 5596 3686 5673; baseline -0.006 -16"><span class='ocrx_word' id='word_1_826' title='bbox 2100 5603 2209 5673; x_wconf 91' lang='lat' dir='ltr'><strong>pio,</strong></span> <span class='ocrx_word' id='word_1_827' title='bbox 2242 5617 2365 5659; x_wconf 90' lang='lat' dir='ltr'><strong>cum</strong></span> <span class='ocrx_word' id='word_1_828' title='bbox 2388 5614 2496 5655; x_wconf 92' lang='lat' dir='ltr'><strong>non</strong></span> <span class='ocrx_word' id='word_1_829' title='bbox 2531 5596 2769 5653; x_wconf 86' lang='lat' dir='ltr'><strong>habebas</strong></span> <span class='ocrx_word' id='word_1_830' title='bbox 2799 5597 3233 5654; x_wconf 86' lang='lat' dir='ltr'><strong>dominationem</strong></span> <span class='ocrx_word' id='word_1_831' title='bbox 3267 5600 3323 5653; x_wconf 93' lang='lat' dir='ltr'><strong>in</strong></span> <span class='ocrx_word' id='word_1_832' title='bbox 3350 5611 3477 5659; x_wconf 89' lang='lat' dir='ltr'><strong>nos,</strong></span> <span class='ocrx_word' id='word_1_833' title='bbox 3508 5612 3686 5666; x_wconf 80' lang='lat' dir='ltr'><strong>neque</strong></span> 
     </span>
    </p>
   </div>
  </div>
