4064 6160
394 306 503 409 263

1863 336 1925 393 S.
1960 334 2123 395 NILI

3546 328 3653 394 264

396 454 708 506 invocatum
751 445 933 502 fuerat
988 457 1186 498 nomen
1248 447 1401 495 tuum
1435 455 1599 511 super
1636 456 1735 496 nos
1766 440 1835 507 ⁸⁸,
1873 460 1890 493 ι
1924 451 1975 494 et

2091 441 2171 494 ιαὶ
2213 439 2418 509 ἰσχύος.
2468 440 2584 501 Πᾶς
2622 437 2730 509 γὰρ
2758 440 2786 491 ὁ
2811 438 2900 493 διὰ
2949 440 3239 509 μετάνοιαν
3270 438 3363 491 καὶ
3412 438 3653 509 δεήσεως

395 556 587 598 sumus
608 537 828 609 impuri.
857 536 1237 590 Verumtamen
1263 531 1375 587 ﬁeri
1396 540 1595 602 potest,
1620 540 1741 603 post
1764 534 1976 603 lapsum

395 646 595 686 rursus
643 630 822 683 denuo
874 624 1054 680 media
1087 624 1412 695 paenitentia
1466 624 1521 678 in
1567 625 1804 693 priorem
1848 622 1977 678 alie-

396 731 583 778 ctuum
605 719 937 773 vacuitatem
967 725 1023 773 et
1052 717 1224 773 robur
1277 715 1498 771 reverti.
1545 716 1650 781 Qui
1690 716 1836 771 enim
1881 731 1977 785 per

395 811 774 883 paenitentiam
827 815 883 864 et
910 808 1213 864 orationem
1243 809 1458 878 quaerit,
1493 817 1736 877 tempore
1766 807 1976 871 debito,

397 904 464 958 de
482 903 692 972 integro
719 915 783 956 ex
827 900 1053 970 praealto
1078 899 1454 956 advenientem
1474 900 1583 953 vim
1610 909 1663 955 et
1685 898 1976 954 aﬂ‘ectuum

395 992 725 1047 vacuitatem
750 999 1143 1060 consequetur.
1184 990 1412 1045 Attento
1447 990 1632 1044 animo
1662 989 1851 1060 excipe
1878 1004 1978 1043 va-

396 1081 643 1138 ticinium
678 1099 694 1135 :
736 1082 1090 1137 Exsuscitare
1110 1120 1125 1145 ,
1154 1077 1490 1145 Jerusalem,
1517 1087 1574 1134 et
1612 1079 1778 1134 indue
1807 1080 1977 1134 robur

394 1169 611 1226 brachii
634 1169 811 1232 tui,et
839 1169 1183 1225 exsuscitare
1213 1176 1274 1221 ut
1306 1168 1362 1223 in
1395 1168 1666 1238 principio
1690 1167 1978 1238 diei,quo-

397 1263 545 1317 niam
580 1261 757 1332 fugati
790 1268 921 1317 sunt
940 1275 971 1315 a
1001 1270 1057 1317 te
1079 1260 1256 1325 dolor,
1276 1259 1538 1316 maestitia
1557 1268 1612 1316 et
1637 1260 1891 1330 planctus
1908 1262 1971 1315 δ’.

398 1353 649 1423 Magnum
690 1368 854 1422 porro
886 1353 941 1407 in
977 1352 1223 1407 adversis
1256 1352 1341 1406 vel
1369 1358 1532 1407 tenue
1575 1352 1800 1407 bonum.
1833 1351 1982 1408 Licet

398 1442 543 1497 enim
575 1453 797 1511 propter
826 1450 1016 1496 nostra
1036 1448 1261 1511 peccata
1279 1440 1389 1496 Deo
1409 1441 1537 1496 odio
1558 1442 1752 1507 simus,
1769 1457 1981 1497 verum-

400 1538 581 1587 tamen
612 1532 807 1586 iterum
842 1540 1062 1600 peracta
1097 1531 1419 1602 paenitentia
1450 1531 1779 1602 diligemur;
1813 1530 1981 1587 Deum

400 1636 566 1691 porro
623 1619 907 1675 Dominum
965 1621 1421 1677 humanissimum
1475 1636 1579 1676 nos
1624 1622 1804 1677 denuo
1864 1637 1982 1677 am-

400 1712 588 1782 plecti,
614 1728 823 1782 suaque
847 1712 1116 1767 charitate
1147 1712 1348 1767 laetitiis
1374 1712 1634 1768 omnibus
1669 1713 1977 1781 incessere;

402 1804 551 1870 audi,
590 1803 723 1874 quid
758 1804 876 1873 ipse
913 1802 1059 1859 dicat
1102 1804 1457 1859 intellectuali
1489 1802 1814 1871 Jerusalem,
1861 1806 1981 1858 ani-

403 1909 505 1949 mae
533 1911 726 1965 nempe
767 1903 971 1949 nostra:
1007 1912 1022 1949 :
1060 1914 1079 1946 ι
1111 1893 1180 1948 Ει
1217 1910 1414 1965 ponam
1454 1901 1507 1950 te
1547 1896 1806 1965 gaudium
1840 1911 1982 1951 sem-

403 1984 700 2054 piternum,
756 1992 811 2038 et
863 1984 1106 2039 laetitiam
1156 1985 1211 2039 in
1262 1985 1615 2055 generatione
1669 1986 1981 2056 generatio-

402 2087 535 2126 num
557 2072 626 2125 ⁸ο.
654 2090 673 2123 ι
698 2070 774 2126 Νε
803 2071 987 2141 itaque
1006 2072 1227 2126 modum
1257 2074 1308 2126 in
1334 2074 1765 2130 controversiam
1786 2090 1978 2146 ponas.

403 2164 541 2217 Cum
591 2163 736 2217 enim
796 2162 941 2219 Deus
991 2165 1223 2219 voluerit
1255 2180 1319 2219 ex
1374 2172 1521 2219 statu
1570 2165 1743 2235 pejori
1795 2181 1885 2222 res
1925 2167 1982 2221 in

403 2252 599 2307 melius
625 2251 936 2317 immutare,
976 2254 1158 2307 omnia
1176 2254 1453 2309 contraria
1483 2254 1578 2310 Dei
1616 2263 1750 2310 nutu
1778 2257 1981 2327 migra-

403 2363 571 2426 bunt,
629 2370 682 2417 et
735 2365 1103 2420 novabuntur.
1154 2365 1425 2431 Quoniam
1479 2367 1547 2422 de
1602 2368 1885 2438 praefacili,
1930 2378 1985 2424 et

403 2454 553 2507 nulla
582 2455 827 2509 adhibita
865 2470 1015 2509 mora
1043 2455 1305 2511 Dominus
1329 2458 1728 2513 humanitatem
1762 2474 1979 2514 omnem

405 2546 639 2605 variare.
684 2552 739 2600 et
771 2546 934 2599 aliam
993 2544 1175 2601 facere
1234 2548 1464 2616 poterit;
1525 2548 1982 2617 quemadmodum

407 2634 529 2687 sine
554 2634 759 2688 cortice
785 2634 1055 2703 stipitem,
1086 2642 1141 2690 et
1179 2636 1506 2690 aritudinem
1531 2638 1700 2707 scirpi
1724 2637 1980 2705 Aaronis,

407 2726 574 2779 citius
614 2727 807 2789 multo,
839 2742 1001 2796 quam
1052 2727 1105 2781 in
1145 2735 1293 2782 terra
1326 2728 1452 2783 altis
1490 2728 1679 2784 deﬁxa:
1708 2731 1984 2787 radicibus

409 2817 625 2885 plantae,
655 2817 867 2873 fructus
894 2818 1196 2889 producere
1230 2822 1487 2890 praecepit
1510 2821 1592 2887 ⁸¹;
1628 2822 1672 2877 si
1702 2822 1846 2877 enim
1879 2824 1985 2878 illae

409 2908 597 2961 multis
647 2924 918 2963 annorum
966 2919 1020 2964 et
1056 2918 1360 2981 temporum
1407 2911 1733 2969 decursibus
1773 2914 1984 2971 fructus

409 3000 691 3066 emittunt;
722 3008 775 3052 at
799 3001 911 3066 illa,
944 3010 1105 3057 nocte
1135 3018 1241 3056 una
1276 3002 1435 3074 184
1453 3004 1636 3058 omnia
1667 3005 1830 3059 simul
1855 3006 1985 3061 folia

2079 534 2285 603 ζητεῖν,
2329 531 2560 602 λήψεται
2593 529 2672 600 τῷ
2692 530 3022 601 προσήκοντι
3063 529 3241 600 καιρῷ
3277 528 3438 583 πάλιν
3464 530 3563 599 τῆς
3595 531 3655 594 ἐξ

2076 622 2243 692 ὕψους
2276 621 2519 693 δύναμιν,
2581 622 2675 675 καὶ
2702 621 2990 676 ἀπάθειαν.
3050 620 3299 690 Πρόσχες
3332 623 3399 691 τῇ
3440 637 3654 690 προφη-

2076 717 2199 787 τείᾳ
2243 733 2257 748 ν
2303 734 2321 766 ι
2363 715 2669 786 Ἐξεγείρου
2719 710 3094 784 Ἰερουσαλὴμ,
3143 711 3238 764 καὶ
3290 711 3500 765 ἔνδυσαι
3558 712 3655 782 τὴν

2081 810 2233 878 ἰσχὺν
2262 807 2355 860 τοῦ
2391 805 2673 877 βραχίονός
2701 822 2816 869 σου,
2849 804 2945 857 καὶ
3007 804 3285 874 ἐξεγείρου
3317 803 3393 866 ὡς
3422 806 3479 856 ἐν
3506 808 3651 874 ἀρχῇ

2078 899 2309 969 ἡμέρας,
2341 898 2475 951 διότι
2500 897 2711 967 ἀπέδρα
2739 899 2848 951 ἀπὸ
2873 896 2966 949 σοῦ
2998 896 3180 965 ὀδύνη,
3208 896 3374 967 λύπη,
3410 899 3504 950 καὶ
3531 915 3656 950 στεο

2078 990 2304 1060 ναγμός.
2328 1007 2345 1039 ι
2408 988 2566 1055 Μέγα
2594 986 2651 1039 δέ
2687 988 2837 1040 ἐστιν
2862 988 2921 1040 ἐν
2946 990 3162 1053 κακοῖς,
3200 988 3295 1041 καὶ
3326 988 3388 1040 τὸ
3452 990 3653 1059 μικρὸν

2078 1082 2299 1150 ἀγαθόν.
2323 1082 2385 1134 Εί
2423 1082 2531 1151 γάρ
2567 1081 2661 1133 καὶ
2707 1079 3064 1150 μεμισήμεθα
3104 1080 3213 1133 ὑπὸ
3256 1078 3392 1133 Θεοῦ
3436 1080 3525 1133 διὰ
3558 1082 3658 1144 τὰς

2078 1174 2351 1245 ἁμαρτίας
2379 1171 2556 1242 ἡμῶν,
2588 1166 2725 1225 ἀλλὰ
2749 1173 2844 1225 καὶ
2877 1171 3038 1225 πάλιν
3057 1171 3534 1243 ἀγαπηθησόμεοα
3563 1175 3656 1227 διά

2078 1264 2180 1333 τῆς
2234 1263 2549 1334 μετανοίας.
2623 1262 2746 1314 Ὅτι
2795 1260 2905 1330 γάρ
2956 1261 3119 1315 πάλιν
3169 1261 3654 1332 προσλαμϐάνεται

2081 1357 2226 1426 ἡμᾶς
2254 1356 2282 1406 ὁ
2314 1352 2822 1422 πολυεΰσπλαγχνος
2852 1352 3148 1422 Δεσπότης,
3165 1352 3258 1406 καὶ
3279 1354 3660 1423 κατευφραίνει

2080 1449 2146 1518 τῇ
2177 1448 2453 1515 ἀγαπήσει
2490 1443 2677 1509 αὑτοῦ,
2708 1443 2871 1513 βλέπε
2902 1443 2955 1496 τί
2985 1443 3138 1511 λέγει
3160 1446 3223 1513 τῇ
3253 1446 3417 1515 νοητῇ
3463 1446 3660 1514 Ἰερου-

2083 1537 2282 1609 σαλὴμ.
2326 1536 2575 1590 τουτέστι
2623 1538 2689 1607 τῇ
2720 1535 2868 1607 ψυχῇ
2910 1534 3103 1606 ἡμῶν·
3146 1536 3294 1588 (Καὶ
3322 1534 3561 1604 θήσομαί
3597 1552 3657 1587 σε

2083 1630 2396 1700 άγαλλίαμα
2426 1629 2773 1696 αίώνιον,καὶ
2799 1628 3142 1699 εὐφροσύνην
3162 1630 3354 1696 γενεᾶς
3382 1628 3601 1696 γενεῶν.
3635 1647 3654 1679 ι

2084 1723 2175 1793 Μὴ
2201 1718 2294 1776 οὖν
2335 1722 2716 1793 ἀμφιϐάλλῃς,
2776 1721 2911 1783 πῶς.
2967 1720 3136 1774 Ὅταν
3200 1720 3310 1791 γὰρ
3373 1720 3653 1791 βουληθῇδ

2090 1814 2220 1877 Θεὸς
2249 1814 2356 1867 ἀπὸ
2400 1813 2493 1868 τοῦ
2535 1814 2776 1884 χείρονος
2818 1812 2911 1865 ἐπὶ
2950 1813 3200 1883 κρεῖττον
3241 1812 3566 1882 μεταϐάλειν
3591 1811 3661 1864 τὰ

2090 1907 2408 1976 πράγματα,
2436 1905 2513 1975 τῷ
2543 1904 2875 1975 ὲπιτάγματι
2912 1902 3004 1956 τοῦ
3048 1900 3183 1955 Θεοῦ
3230 1902 3405 1981 πάντα
3462 1903 3661 1972 ἐκστή·

2092 2012 2242 2049 σεται
2293 1995 2362 2049 τὰ
2395 1994 2803 2065 ἐναντιούμενα.
2839 1994 2962 2047 Ὀτι
3000 1994 3258 2057 εὐκόλως,
3288 1994 3382 2047 καῖ
3432 1992 3663 2063 ἑτοίμως

2089 2086 2376 2157 δυνήσεται
2404 2086 2608 2156 Κύριος
2643 2086 2743 2157 τὴν
2770 2085 3169 2155 ἀνθρωπότητα
3227 2084 3656 2155 μετασκευάσαι,

2090 2178 2165 2240 ὡς
2217 2177 2313 2247 τὴν
2379 2177 2618 2245 ἆφλοιον,
2672 2177 2767 2231 καὶ
2823 2175 2992 2246 ξηρὰν
3043 2176 3235 2246 ῥάϐδον
3276 2174 3370 2228 τοῦ
3424 2173 3661 2245 Ἀαρὼν,

2090 2266 2381 2339 ταχύτερον
2405 2267 2513 2320 τῶν
2541 2268 2597 2319 ὲν
2630 2270 2695 2338 τῇ
2721 2271 2790 2339 γῇ
2816 2267 3202 2338 ἐρῤιζωμένων
3233 2265 3418 2334 φυτῶν
3447 2282 3663 2335 καρπο-

2090 2360 2327 2428 φορῆσαι
2366 2358 2727 2428 προσέταξεψ
2758 2359 2918 2429 εἴπερ
2953 2359 3135 2412 ἐκεῖνα
3180 2357 3400 2420 πολλαῖς
3434 2356 3661 2426 χρόνων,

2091 2450 2184 2501 καὶ
2211 2449 2418 2520 καιρῶν
2444 2452 2670 2521 τροπαῖς
2725 2452 3084 2521 καρποφορεῖ,
3130 2448 3271 2519 αὕτη
3300 2449 3358 2502 δὲ
3391 2448 3496 2501 ὑπὸ
3535 2449 3662 2517 μίαν

2091 2540 2260 2593 νύκτα
2306 2540 2482 2594 πάντα
2524 2538 2661 2610 ὁμοῦ
2718 2540 2915 2610 φύλλα,
2968 2540 3061 2593 καὶ
3115 2540 3274 2609 ἄνθη,
3310 2539 3403 2592 καὶ
3450 2538 3662 2608 καρπὸν

2093 2633 2394 2703 προήγαγε.
2457 2633 2547 2703 Μὴ
2595 2628 2688 2687 οὖν
2754 2634 2830 2697 ὡς
2881 2632 3074 2702 ἔτυχε,
3133 2633 3230 2685 καὶ
3282 2630 3664 2693 ἀϐασανίστως

2096 2722 2600 2793 μετατιθῶμεν,καὶ
2635 2724 2829 2787 αὐτοὺς
2879 2723 2988 2777 ἀπὸ
3013 2725 3192 2776 τόπων
3226 2722 3307 2785 είς
3340 2723 3537 2783 τόπους
3566 2721 3664 2782 τὰς

2093 2816 2158 2867 ὲκ
2181 2815 2285 2869 τῶν
2318 2814 2591 2885 λογισμῶν
2617 2816 2892 2885 ὀχλήσεις,
2929 2816 3023 2870 καὶ
3050 2814 3255 2883 θλίψεις
3283 2812 3660 2881 ἐκφεύγοντες.

2092 2907 2310 2960 Μᾶλλον
2339 2907 2395 2959 δὲ
2429 2907 2524 2961 καὶ
2559 2909 2845 2977 στὴκωμεν
2902 2906 3022 2978 μεθ’
3053 2905 3334 2976 ὑπομονῆς
3363 2901 3663 2976 προσευχὸ-

2097 3016 2269 3069 μενοι,
2318 2998 2574 3069 καθάπερ
2629 2998 2870 3068 Μωῦσῆς
2917 2998 3070 3065 ἔλεγε
3123 2996 3484 3067 τῷἹσραήλ·
3522 2995 3660 3064 Στή-

408 3095 464 3141 et
502 3086 687 3154 ﬂores,
724 3088 964 3142 fructum
998 3092 1197 3145 attulit.
1225 3090 1302 3147 Ne
1332 3093 1514 3161 itaque
1548 3092 1623 3145 uti
1648 3090 1794 3163 forte
1820 3093 1984 3159 cadit,

2095 3105 2240 3153 κετε,
2309 3088 2402 3141 καὶ
2457 3086 2726 3157 θαρσεῖτε,
2767 3088 2840 3159 μὴ
2873 3088 3144 3156 φοϐεῖσθε,
3180 3088 3275 3141 καὶ
3313 3086 3507 3157 ὄψεσθε
3566 3085 3666 3151 τὴν

408 3183 463 3230 et
495 3177 702 3248 absque
732 3180 985 3236 examine
1015 3190 1228 3238 nosmet
1265 3182 1332 3237 de
1381 3183 1518 3237 locis
1552 3184 1618 3237 ad
1652 3184 1768 3239 loca
1805 3194 1986 3239 trans-

410 3270 701 3335 vehamur,
738 3287 803 3326 ex
857 3275 1283 3341 cogitationibus
1321 3274 1509 3329 turbas
1558 3283 1613 3327 et
1656 3274 1987 3331 altlictiones

2093 3179 2243 3250 παρὰ
2271 3179 2364 3232 τοῦ
2431 3179 2564 3232 Θεοῦ
2623 3178 2870 3249 βοήθειαν
2902 3219 2917 3244 ,
2983 3180 3049 3250 ἢν
3110 3180 3328 3249 ποιήσει
3375 3179 3505 3249 ὑμῖν
3569 3177 3665 3246 σή-

2096 3292 2160 3345 με
2170 3289 2280 3343 ρον.

410 3361 868 3419 intermiseentes.
894 3365 1152 3429 Quinimo
1188 3372 1601 3432 perseverantes
1622 3379 1746 3419 cum
1771 3368 2057 3434 patientia,
2082 3378 2398 3429 exoremus,
2420 3370 2481 3420 ut
2520 3362 2737 3435 Moyses
2781 3362 2970 3418 Israeli
3039 3363 3259 3419 dicebat
3291 3384 3305 3419 :
3376 3364 3547 3428 State,
3610 3369 3667 3417 et

412 3450 630 3516 audete,
667 3468 736 3507 ne
770 3453 1032 3515 timeatis,
1082 3462 1138 3506 et
1173 3453 1428 3508 videbitis
1469 3454 1736 3508 auxilium
1780 3473 1810 3510 a
1842 3456 1973 3522 Deo,
2012 3457 2158 3529 quod
2183 3455 2341 3512 vobis
2380 3454 2522 3512 Deus
2554 3454 2716 3510 hodie
2746 3454 2935 3510 aﬂeret
2958 3457 3027 3512 ⁸¹.

790 3593 799 3599 .
887 3544 1067 3598 CXLI.
1093 3574 1163 3586 —-
1204 3545 1522 3603 DIACONO.

484 3631 621 3687 Cum
653 3633 858 3690 videris
899 3635 1172 3691 hominem
1198 3654 1306 3693 non
1349 3639 1496 3704 ﬁdei,
1532 3640 1624 3695 sed
1655 3642 1861 3697 mundo
1893 3642 1992 3697 ad-

416 3724 645 3789 dictum,
684 3727 1024 3795 temporaria:
1056 3730 1342 3799 sapientia:
1373 3731 1638 3787 inanitate
1672 3735 1993 3803 superbien-

417 3828 548 3879 tem,
578 3824 633 3870 et
664 3815 930 3873 divinitus
970 3819 1292 3890 inspiratam
1340 3821 1683 3893 Scripturam
1718 3826 1988 3895 neglectui

420 3908 736 3972 habentem,
770 3910 915 3977 quod
948 3911 1200 3967 formulis
1229 3921 1283 3967 et
1319 3913 1623 3969 Atticorum
1652 3931 1803 3971 more
1828 3932 1992 3973 voces

419 4010 525 4047 non
556 3999 775 4063 promit,
807 4013 932 4053 eum
963 3998 1299 4055 Naamanum
1334 4002 1531 4074 Syrum
1562 4021 1684 4062 esse
1714 4008 1990 4075 existima,

420 4099 593 4144 totum
652 4093 801 4162 lepra
855 4107 1075 4164 propter
1125 4095 1407 4166 perﬁdiam
1435 4137 1451 4163 ,
1490 4106 1781 4170 antequam
1829 4101 1995 4157 benc-

422 4181 701 4249 faetorem,
728 4192 782 4239 et
819 4187 1061 4241 omnium
1103 4186 1391 4243 Dominum
1440 4189 1609 4245 Deum
1648 4203 1990 4261 agnosceret,

420 4274 679 4338 obsitum,
718 4277 811 4343 qui
860 4292 1121 4347 perquam
1174 4281 1410 4334 maxime
1463 4281 1714 4350 ingentes
1746 4282 1997 4337 Damasci

420 4363 634 4427 lluvios,
670 4366 819 4419 nullo
840 4368 1004 4422 modo
1032 4369 1118 4423 vel
1148 4385 1317 4423 unum
1351 4372 1513 4439 leprae
1546 4372 1694 4426 notis
1732 4388 1994 4442 compun-

421 4459 567 4503 ctum
605 4464 801 4505 sanare
826 4452 1089 4516 valentes,
1132 4456 1572 4519 commendabat,
1617 4455 1993 4513 et-Jordanem

423 4542 476 4595 in
503 4549 648 4596 terra
674 4541 839 4598 Israel
862 4545 1346 4615 aspernabatur".
1381 4545 1625 4618 Namque
1656 4565 1755 4605 nos
1779 4566 1997 4620 quoque

423 4631 820 4687 intellectuales
853 4632 1116 4691 Israelita:
1143 4635 1341 4692 divinae
1378 4636 1677 4709 Scriptura;
1704 4640 1999 4695 Jordanica

421 4719 623 4775 ﬂuenta
652 4724 1025 4791 possidemus,
1077 4741 1217 4795 quae,
1253 4742 1379 4782 cum
1426 4730 1733 4798 prolatione
1784 4741 1997 4784 tantum

424 4813 694 4868 sermonis
726 4816 1132 4886 exprimuntur,
1180 4820 1307 4874 vilia
1341 4828 1497 4885 sunt,
1545 4830 1601 4877 et
1650 4824 1849 4892 pusilla
1879 4839 2000 4878 cer-

425 4912 631 4957 nuntur
668 4924 681 4959 :
716 4916 1090 4963 verumtamen
1116 4911 1416 4966 secundum
1447 4912 1736 4967 facultates
1765 4929 1999 4968 arcano-

426 5009 544 5047 rum
568 4994 1019 5052 abseonditorum
1045 5001 1100 5053 in
1132 4999 1337 5055 Christi
1358 5002 1633 5069 doctrina,
1658 5018 1799 5072 aqua
1831 5005 2006 5057 subsi-

426 5083 592 5137 licnte
645 5086 700 5139 in
751 5087 917 5141 vitam
973 5097 1233 5144 aeternam
1281 5093 1347 5157 “,
1406 5108 1635 5156 omnes,
1690 5093 1784 5160 qui
1844 5093 2002 5147 ﬁdem

428 5173 849 5240 amplectuntur,
889 5186 1142 5244 curante,
1176 5187 1514 5250 expurgante
1543 5188 1597 5234 et
1637 5180 2004 5246 illuminante,

429 5275 592 5326 supra
645 5271 893 5318 naturam
949 5279 1098 5331 sunt,
1150 5277 1204 5323 et
1241 5269 1605 5334 admirabilia,
1666 5270 1902 5338 gloriosa
1950 5281 2004 5326 et

430 5350 829 5416 superexaltata
853 5353 908 5406 in
941 5358 1138 5410 smcula
1170 5360 1379 5411 sreculi.

554 5437 711 5506 185
759 5438 957 5496 CXLII.
991 5476 1060 5485 —-
1088 5446 1486 5503 NICOTYCIIO
1541 5447 1856 5506 DIACONO.

502 5523 606 5586 Qui
654 5526 829 5581 oculis
883 5545 989 5584 non
1019 5535 1357 5602 objiciuntur
1409 5535 1646 5590 Madinei
1697 5537 1992 5606 daemones,

2565 3551 3167 3621 PMA'.—AIAKONQ.

2171 3645 2339 3698 Ὅταν
2387 3642 2503 3715 ἴδῃς
2523 3641 2809 3713 ἄνθρωπον
2840 3642 3086 3707 ἄπιστον,
3109 3641 3206 3695 καὶ
3237 3642 3566 3713 φιλόκοσμον
3585 3646 3670 3711 ἐγ·

2097 3733 2447 3804 καυχώμενον
2494 3734 2560 3802 τῇ
2585 3731 2906 3801 ματαιότητι
2931 3731 3035 3801 τῆς
3089 3732 3432 3802 προσκαίρου
3451 3733 3665 3803 σοφίας,

2098 3824 2192 3877 καὶ⁹
2207 3822 2546 3887 εὐτελίζοντα
2565 3820 2661 3891 τὴν
2676 3818 3032 3874 θεόπνευστον
3056 3820 3302 3891 Γραφὴν,
3322 3821 3399 3886 ὡς
3414 3822 3489 3892 μὴ
3513 3822 3667 3875 ἀττι-

2100 3913 2251 3977 κίζου
2260 3930 2378 3978 σαν,
2390 3913 2625 3981 γίνωσκε
2641 3911 2825 3965 τοῦτον
2843 3912 3061 3981 Ναιμάν
3079 3912 3347 3983 ὑπάρχειν
3363 3913 3454 3967 τὸν
3478 3914 3665 3984 Σύρον,

2100 4003 2512 4074 λελεπρωμένον
2541 4002 2660 4056 δλον
2677 4002 2766 4056 διὰ
2787 4004 2887 4071 τῆς
2910 4002 3186 4069 ἀπιστίας,
3203 4006 3335 4075 πρὶν
3355 4003 3559 4075 ἐπιγνῷ
3577 4003 3669 4056 τὸν

2102 4091 2394 4167 εὐεργέτην
2421 4094 2575 4157 Θεὸν,
2609 4094 2704 4147 καὶ
2738 4092 2942 4164 Κύριον
2974 4092 3080 4147 τῶν
3117 4094 3276 4159 ὅλων,
3321 4095 3476 4157 ὅστις
3525 4094 3667 4162 ἄγαν

2104 4187 2200 4256 μὲν
2232 4185 2508 4255 ἐθαύμαζε
2532 4186 2659 4249 τοὺς
2700 4184 2985 4256 μεγίστους
3013 4187 3114 4255 τῆς
3152 4186 3449 4256 Δαμασκοῦ
3501 4201 3670 4239 ποτα-

2104 4276 2237 4344 μοὺς
2281 4275 2546 4345 μηδαμῶς
2597 4275 2925 4347 δυναμένους
2958 4275 3056 4330 ἕνα
3104 4276 3306 4345 λεπρδν
3358 4275 3668 4340 ἀπαλλάξαι

2100 4368 2198 4436 τῆς
2235 4368 2591 4421 καταστίκτου
2630 4368 2857 4439 λέπρας,
2893 4369 3146 4438 ηὐτέλιζε
3202 4370 3260 4423 δέ
3299 4368 3390 4422 τὸν
3416 4370 3474 4422 ἐν
3501 4371 3567 4440 τῇ
3597 4370 3670 4439 γῇ

2101 4456 2193 4508 τοῦ
2228 4457 2442 4527 Ἰσραὴλ
2469 4458 2759 4528 Ἰορδάνην.
2790 4459 3030 4528 Ἔχομεν
3054 4461 3164 4530 γάρ
3193 4459 3288 4512 καὶ
3317 4460 3500 4528 ἡμεῖς,
3536 4474 3668 4529 νοη-

2099 4548 2183 4600 τοὶ
2218 4549 2541 4618 Ἰσραηλῖται
2559 4548 2731 4615 ὅντες,
2759 4550 2828 4603 τὰ
2849 4551 2948 4619 τῆς
2966 4549 3115 4613 θείας
3136 4551 3358 4621 Γραφῆς
3385 4550 3675 4621 Ἰορδάνεια

2105 4638 2319 4710 ῥεῖθρα,
2373 4640 2519 4709 άπερ
2563 4640 2705 4695 κατὰ
2769 4640 2867 4711 μὲν
2908 4640 3007 4711 τὴν
3042 4642 3324 4711 προφορὰν
3355 4640 3450 4695 τοῦ
3487 4641 3670 4709 λόγου,

2101 4728 2365 4799 οὖδαμινά
2406 4746 2464 4781 τε
2510 4715 2603 4783 κάι
2658 4710 2918 4800 ἐλάχιστα
2968 4710 3253 4799 φαίνεται,
3305 4732 3448 4785 κατὰ
3482 4731 3540 4785 δὲ
3572 4731 3673 4793 τὰς

2101 4820 2361 4890 δυνάμεις
2417 4821 2526 4873 τῶν
2581 4823 2895 4891 μυστηρίων
2944 4821 3054 4874 τῶν
3093 4822 3495 4892 κεκρυμμένων
3560 4824 3675 4885 τοῖς

2103 4911 2340 4982 Χριστοῦ
2377 4912 2722 4983 διδάγμασιν,
2750 4914 2903 4967 ὕδατι
2938 4914 3217 4985 άλλομένῳ
3255 4915 3336 4976 είς
3365 4912 3511 4985 ζωὴν
3539 4912 3673 4967 αίὼ-

2106 5018 2242 5068 νιον,
2288 5001 2591 5071 ἱατρεύοντί
2620 5020 2700 5067 τε,
2734 5005 2830 5056 καὶ
2870 5002 3212 5069 καθαίροντι,
3250 5002 3347 5055 καὶ
3381 5001 3669 5071 φωτίζοντι

2103 5091 2310 5153 πάντας
2338 5092 2463 5155 τοὺς
2493 5092 2870 5156 πιστεύοντας,
2902 5093 3160 5164 ὑπερφυῆ
3191 5110 3249 5146 τε
3273 5093 3554 5161 τυγχάνει,
3583 5087 3677 5141 καὶ

2102 5177 2409 5249 θαυμαστὰ,
2433 5180 2619 5245 ἔνδοξα
2646 5199 2725 5248 τε,
2758 5183 2853 5235 καὶ
2912 5182 3339 5255 ὑπερυψούμενα
3360 5184 3442 5245 εἰς
3465 5180 3671 5242 αἰῶνας

2104 5287 2316 5332 αιωνος.

2388 5457 2565 5511 PMB'.
2589 5489 2657 5498 —
2685 5458 3043 5529 ΝΙΚΟΤΥΧῼ
3078 5458 3399 5528 ΔΙΔΚΟΝῼ.

2177 5545 2240 5597 Οἱ
2273 5547 2495 5612 ἀφανεῖς
2518 5547 2771 5601 Μαδινέοι
2806 5550 3079 5619 δαίμονες,
3114 5550 3212 5611 τὰς
3262 5547 3472 5601 ἐαυτῶν
3505 5547 3675 5614 θυγα-

503 5659 688 5751 Ϊήλῗξδο
732 5681 887 5751 ξξΨν
920 5668 1001 5719 ιθ·
1075 5669 1253 5751 ’⁸’,ξδει-
1280 5674 1426 5735 ι-ινε),
1459 5673 1546 5725 II.
1621 5674 1666 5704 ‘°
1695 5673 1796 5726 Isa.
1838 5692 1925 5736 ωε,
1966 5680 2046 5733 lii.
2127 5683 2166 5713 ⁸¹
2200 5682 2359 5736 Nam.
2392 5698 2525 5749 xvii,
2565 5684 2618 5736 8.
2694 5687 2738 5718 “
2776 5685 2945 5742 Exod.
2980 5704 3091 5751 xuv,
3125 5687 3211 5740 13.
3289 5682 3424 5736 "IV
3460 5683 3595 5749 Reg.
3622 5697 3674 5745 v,
3769 5674 3784 5689 ’

439 5728 669 5795 passim.
744 5734 789 5763 “
817 5733 974 5787 Joan.
1002 5751 1074 5798 ιν,
1112 5737 1197 5788 H.
