4064 6160
370 328 479 390 265

1579 321 2102 391 EPISTOLARUM
2142 326 2290 391 LIB.
2321 326 2402 386 11.

3508 327 3612 389 266

370 443 574 513 τέρας,
633 438 834 510 δηλαδὴ
895 439 992 502 τὰς
1038 439 1270 510 αίσχρίις
1344 439 1672 511 ἐνθυμήσεις
1729 440 1808 511 τῷ
1856 438 1931 510 νῷ

2054 436 2175 490 ilias
2213 435 2491 506 proprias,
2536 432 2806 490 obscenas
2845 445 3042 504 nempe
3093 431 3475 503 cogitationes,
3532 434 3613 485 in-

368 530 815 601 παριστάνουσιν,
845 528 1190 606 ἐρεθιζούσας
1224 529 1434 594 τοῦτον,
1462 532 1555 584 καὶ
1593 531 1715 585 λίαν
1757 547 1937 601 παρα-

368 623 640 685 καλούσας
660 621 976 692 καμφθῆναι
1005 622 1142 693 πρὸς
1169 623 1231 676 τὸ
1261 623 1474 693 ἄτιμον,
1513 621 1608 677 καὶ
1650 622 1936 687 λυττῶδες,

369 717 462 769 καὶ
488 716 764 785 ἐπάρατον
791 713 976 784 ἔργον.
1010 717 1110 768 “Av
1157 715 1288 784 γοῦν
1333 715 1514 788 συμϐῇ
1552 715 1836 787 όλισθῆσαι
1862 713 1940 785 τῷ

370 804 638 875 πνεύματι
665 805 726 857 ὲν
751 806 820 876 τῇ
855 804 1074 876 καμίνῳ
1103 806 1202 876 τῆς
1241 806 1460 877 ἡδονῆς,
1491 807 1588 860 καὶ
1633 806 1735 876 τὴν
1793 805 1942 859 ένδον

368 894 946 963 μοιχείανάποτελέσαι
971 897 1116 952 κατὰ
1141 898 1203 950 τὺ
1238 899 1493 970 ἀόρατον,
1531 897 1724 970 ῶσπερ
1747 897 1881 952 ποτὲ
1911 898 1940 950 ό

374 987 582 1059 Ζαμϐρὶ
598 985 741 1041 κατὰ
766 987 827 1040 τὸ
859 987 1185 1058 φαινόμενον
1210 989 1304 1042 tati
1323 989 1419 1043 τοῦ
1451 989 1754 1056 Μωῦσέως,
1782 988 1942 1060 χρεία

374 1078 556 1132 λοιπον
586 1077 794 1141 Φινεὲς,
813 1077 1061 1132 τουτέστι
1088 1078 1184 1132 τοῦ
1225 1080 1416 1148 ῑερέως
1444 1079 1604 1149 λόγου
1640 1079 1946 1142 κτείνοντος

376 1169 451 1240 τῷ
475 1186 532 1223 σε
540 1168 807 1241 ιρομάστῃ
820 1169 920 1237 τῆς
935 1167 1174 1238 φοϐερᾶς
1190 1170 1434 1240 διδαχῆς,
1453 1171 1549 1224 καὶ
1568 1169 1749 1235 ἐξολοθ
1757 1187 1814 1242 ρε
1822 1171 1942 1223 ύον-

376 1275 462 1321 τος
496 1258 588 1310 τόν
634 1275 696 1310 τε
745 1257 1002 1329 Ἐϐραῖον
1029 1258 1125 1312 τὸν
1167 1299 1182 1314 .
1202 1298 1215 1312 .
1234 1298 1248 1312 .
1267 1297 1283 1313 .
1308 1298 1323 1312 .
1351 1300 1367 1315 .
1384 1298 1399 1313 .
1421 1299 1437 1325 ,
1464 1259 1562 1313 καὶ
1588 1259 1688 1331 τὴν
1738 1260 1945 1314 Μαδια-

381 1350 510 1400 νῑτιν
530 1385 548 1410 ,
607 1347 853 1400 τουτέστι
903 1349 996 1401 τὸν
1038 1346 1362 1418 φιλόπορνον
1405 1348 1628 1417 τρόπον,
1696 1349 1791 1402 καὶ
1843 1347 1943 1417 τὴν

379 1436 786 1507 γαργαλίσασάν
834 1453 894 1490 τε
948 1437 1044 1490 καὶ
1099 1436 1238 1506 πρὸς
1261 1437 1324 1490 τὸ
1378 1436 1554 1500 πάθος
1610 1434 1946 1506 πυρώσασαν

382 1527 706 1599 προσϐολήν.

682 1617 860 1671 PMl".
878 1616 1277 1688 -ζιιΑΜφιΑᾳ
1303 1611 1627 1687 ΔΙΑΚΟΝῼ.

452 1706 523 1759 Τὸ
544 1707 723 1768 λέγειν
751 1707 843 1761 τὸν
868 1706 1212 1778 Σολομῶντα,
1240 1723 1260 1758 ι
1284 1706 1497 1778 Καρδία
1534 1705 1728 1776 ἀνδρὸς
1753 1705 1946 1774 αἰσθη-

2040 525 2281 580 tellectui
2306 531 2721 595 repraesentant,
2745 538 2869 580 eum
2889 523 3248 592 pruritantes,
3269 522 3617 592 maximeque

2041 617 2106 671 ad
2141 631 2380 680 sacrum,
2422 616 2758 679 intestabile,
2796 615 3072 672 rabiosum
3108 614 3617 685 exsecrandumque

2041 723 2180 779 opus
2202 708 2640 764 cxstimulantes.
2675 710 2864 778 Itaque
2905 708 2952 764 si
2989 708 3041 762 id
3075 706 3360 769 acciderit,
3396 714 3458 760 ut
3499 705 3618 776 spi-

2039 801 2149 854 ritu
2171 801 2265 855 illo
2297 801 2352 854 in
2380 800 2656 855 caminum
2685 814 2918 870 proruas
2939 799 3256 868 voluptatis,
3299 807 3356 854 et
3388 797 3617 854 interio-

2041 907 2157 948 rem
2188 890 2628 957 fornicationem,
2655 906 2780 962 qua
2810 890 2952 948 visui
2989 906 3098 945 non
3121 891 3401 960 objicitur,
3433 891 3617 946 absol-

2042 981 2641 1054 vas,quemadmodum
2671 979 2965 1051 aliquando
2990 979 3242 1044 Zambre.
3275 990 3401 1037 ante
3429 981 3618 1036 oculos

2042 1075 2288 1132 omnium
2311 1085 2555 1146 tempore
2584 1073 2808 1145 Moysis,
2854 1083 2984 1128 tunc
3013 1088 3153 1144 opus
3172 1080 3259 1129 est
3288 1072 3522 1128 Phinees
3545 1072 3614 1137 ⁸³,

2045 1169 2148 1222 hoc
2173 1175 2259 1223 est
2284 1165 2592 1222 sacerdotis
2626 1179 2898 1228 sermone,
2925 1164 3019 1234 qui
3056 1164 3322 1219 terribilis
3351 1163 3620 1218 doctrinm

2048 1259 2339 1313 siromaste
2372 1256 2675 1321 interimat,
2725 1257 3130 1325 Hebrmuinque
3179 1253 3512 1316 adulterum,
3563 1261 3620 1308 et

2045 1345 2477 1412 Madianitidem,
2509 1345 2613 1401 hoc
2643 1352 2749 1411 est,
2804 1345 3140 1414 impudicum
3197 1344 3536 1408 institutum,
3564 1353 3621 1398 et

2045 1441 2138 1510 qui
2181 1439 2514 1504 irritaverat,
2537 1443 2592 1492 et
2611 1435 2679 1491 ad
2710 1436 2962 1492 allectum
2988 1435 3326 1496 incenderat,
3357 1434 3620 1504 impetum

2047 1527 2348 1600 disperdat.
3451 1575 3454 1582 .

2281 1615 2511 1672 CXLIII.
2543 1647 2610 1657 —
2638 1614 2988 1671 PAMPHILO
3050 1611 3369 1670 DIACONO.

2121 1709 2438 1766 Verbisillis
2465 1708 2809 1764 Salomonis:
2835 1726 2854 1760 ‹
2881 1707 2992 1763 Cor
3005 1706 3246 1763 hominis
3269 1704 3621 1772 sensitivum,

383 1798 528 1868 τικὴ,
569 1798 790 1868 λυπηρὰ
813 1801 847 1866 ἡ
873 1798 1019 1870 ψυχὴ
1057 1799 1242 1862 αὐτοῦ,
1280 1816 1301 1852 ι
1330 1797 1487 1851 τοῦτο
1513 1796 1684 1868 δηλοῖ,
1712 1795 1950 1868 ὅτιπερὸ

2054 1801 2224 1859 tristis
2238 1801 2421 1856 anima
2444 1801 2594 1856 illius
2611 1800 2680 1865 ",
2703 1817 2722 1851 ι
2748 1799 3016 1864 innuitur,
3044 1814 3190 1862 eum,
3219 1799 3310 1869 qui
3342 1797 3483 1852 male
3503 1812 3533 1851 a
3561 1811 3623 1852 se

384 1886 670 1958 λαμϐάνων
690 1888 942 1959 αἴσθησιν
977 1887 1085 1942 τῶν
1114 1886 1338 1959 φαύλως
1363 1883 1516 1956 αὐτῷ
1571 1884 1946 1954 πραχθέντων,

385 1980 477 2032 καὶ
505 1977 858 2050 μνημονεύων
891 1978 991 2050 τῆς
1039 1978 1276 2052 φρικτῆς
1303 1977 1580 2044 κολάσεως
1604 1977 1705 2049 τῆς
1727 1976 1949 2033 αἰωνίου

385 2070 596 2140 ἐκείνης
620 2108 638 2135 ,
691 2073 757 2142 τῇ
816 2070 1042 2140 ἑκουσίᾳ
1098 2070 1248 2143 λύπῃ
1337 2069 1434 2124 καὶ
1496 2070 1562 2141 τῇ
1616 2069 1952 2142 μεταμελείᾳ

385 2160 572 2214 ἑαυτὸν
596 2159 891 2232 θεραπεύει
917 2159 1026 2232 πρὸ
1050 2160 1151 2231 τῆς
1212 2159 1392 2226 ἐξόδου
1420 2159 1516 2213 τοῦ
1567 2158 1705 2230 βίου.
1736 2159 1856 2213 ’οτ’
1877 2158 1952 2213 ’ἂν

391 2250 467 2315 δὲ,
493 2252 680 2323 φησὶν,
725 2252 1084 2323 εὐφραίνηται
1111 2253 1140 2304 ὁ
1174 2251 1416 2314 τοιοῦτος
1434 2291 1450 2317 ,
1475 2250 1576 2304 οὑκ
1601 2249 1952 2320 ὲπιμίγνυται

387 2340 566 2414 ὕϐρει.
609 2343 733 2398 Κᾶν
763 2343 874 2414 γὰρ
911 2341 1163 2412 παροῦσα
1187 2341 1344 2412 τύχοι
1373 2341 1618 2410 ἀφθόνως
1653 2340 1688 2410 η
1713 2341 1953 2412 σαρκικὴ

2049 1908 2306 1964 perverse
2336 1901 2486 1963 gesta
2529 1891 2881 1961 persentiscit
2936 1891 3308 1960 terribilisque
3361 1902 3426 1943 ac
3476 1903 3624 1944 sem-

2052 1985 2276 2056 piternae
2310 1984 2459 2039 illius
2515 1983 2818 2054 punitionis
2865 1981 3212 2049 recordatur,
3252 1993 3492 2036 maerore
3530 1994 3624 2034 vo—

2051 2076 2288 2132 luntario
2327 2081 2383 2131 et
2434 2074 2800 2145 pmnitentia,
2856 2081 3150 2146 antequam
3197 2087 3230 2128 e
3280 2072 3392 2126 vita
3439 2079 3621 2135 exeat,

2051 2168 2405 2238 semetipsum
2441 2180 2656 2221 curare.
2687 2167 2823 2222 Cum
2850 2181 3001 2230 vero,
3034 2165 3130 2229 ait,
3168 2163 3218 2220 is
3240 2163 3478 2228 laetatur,
3511 2177 3621 2216 non

2050 2258 2437 2314 commiscetur
2470 2272 2597 2312 cum
2628 2255 2858 2328 ﬂagitio.
2885 2255 3038 2310 Licet
3070 2255 3213 2309 enim
3255 2252 3475 2307 abunde
3497 2265 3624 2305 cor-

2053 2362 2220 2418 porca
2257 2347 2444 2404 laetitia
2471 2347 2638 2414 adsit,
2680 2347 2954 2418 luxusque
2985 2345 3190 2410 allluat,
3238 2358 3517 2414 nunquam
3567 2341 3622 2396 in

385 2435 723 2506 εὐφροσύνη,
768 2435 862 2488 καὶ
897 2434 1098 2506 τρυφὴ,
1149 2433 1250 2486 οὐκ
1292 2431 1628 2499 ὲξολισθήσει
1691 2431 1830 2502 πρὸς
1854 2431 1952 2502 τὴν

2054 2441 2368 2512 superbiam
2392 2440 2665 2496 illabetur.
2714 2442 2842 2495 Haec
2871 2439 3020 2494 enim
3055 2437 3319 2508 ﬂagitium
3359 2434 3506 2508 apud
3535 2449 3626 2491 sa-

387 2527 824 2596 ὑπερηφάνειαν.
881 2525 1030 2596 Δῦτη
1080 2526 1188 2594 γάρ
1249 2522 1406 2596 ὕϐρις
1461 2525 1609 2593 παρὰ
1671 2523 1954 2594 φρονίμοις

388 2619 771 2688 κικλήσκεται.

873 2707 1048 2762 ΡΜΔ’.
1081 2736 1151 2746 -
1182 2704 1267 2772 Τῷ
1286 2703 1465 2771 αὐτῷ.
1557 2765 1560 2767 Α

468 2800 702 2870 Ἀσαφὲς
733 2799 912 2868 λέγεις
951 2800 1220 2872 ὑπάρχειν
1242 2798 1304 2852 τὸ
1349 2797 1514 2871 ῥηθέν
1540 2813 1554 2828 ⁸
1594 2815 1613 2850 ι
1635 2799 1727 2868 Μὴ
1784 2813 1954 2868 προσ-

391 2892 596 2964 αγάγῃς
649 2891 837 2946 ἀσεϐεῖ
881 2891 1054 2961 νομὴν
1090 2889 1336 2945 δικαίων.
1359 2909 1380 2942 a
1441 2889 1596 2959 Ἔχει
1629 2889 1730 2958 μὲν
1756 2883 1853 2942 οὖν
1891 2887 1954 2940 τὸ

394 2983 674 3056 ρητδνκαὶ
700 2982 867 3052 ἄλλην
897 2982 1216 3053 ἑρμηνείαν,
1264 2971 1470 3052 ταύτην
1518 2980 1674 3050 δέχου
1727 2977 1952 3051 ἀρτίως.

2055 2531 2264 2602 pientes
2294 2545 2493 2588 nomen
2525 2531 2710 2587 habet.

2443 2716 2604 2788 133
2657 2713 2886 2770 cxuv.
2917 2744 2989 2755 -
3015 2713 3223 2768 Eidem.

2125 2809 2338 2864 Dictum
2368 2806 2524 2873 illud,
2561 2814 2622 2861 ut
2657 2805 2776 2877 ipse
2791 2808 2893 2870 ais,
2916 2806 3216 2861 obscurum
3245 2811 3328 2859 est
3355 2801 3502 2858 ειΝο
3532 2817 3628 2872 ap-

2055 2914 2227 2970 ponas
2281 2899 2451 2970 impio
2479 2899 2664 2953 cibum
2708 2899 2986 2970 iustorum
3017 2897 3082 2950 5'.
3111 2914 3130 2947 ι
3168 2895 3344 2952 Habet
3371 2895 3626 2966 equidem

2055 2990 2263 3046 dictum
2299 2991 2404 3046 hoc
2445 2999 2499 3046 et
2552 2991 2712 3044 aliam
2751 2990 2933 3045 verbis
2985 2988 3290 3058 subjectam
3323 2989 3628 3049 notionem,

392 3072 547 3144 Νομὴ
595 3074 808 3128 πάντων
868 3071 1098 3139 πιστῶν,
1149 3071 1244 3126 καὶ
1293 3069 1495 3142 τροφὴ,
1537 3071 1634 3123 καὶ
1674 3068 1902 3140 ἔνδυμα,
1926 3070 1952 3122 ό

2055 3095 2219 3152 quam
2249 3093 2396 3134 nunc
2426 3079 2644 3134 habeto.
2681 3079 2850 3134 Cibus
2880 3078 3123 3132 omnium
3152 3078 3416 3142 ﬁdelium,
3446 3084 3502 3132 et
3532 3076 3632 3129 ali-

392 3165 583 3236 Σωτὴρ
620 3163 849 3234 Χριστὸς
883 3163 1138 3234 ὑπάρχει·
1163 3163 1221 3216 ὲν
1251 3161 1401 3231 αὐτῷ
1440 3160 1551 3231 γὰρ
1587 3158 1952 3230 ίκτίσθημεν,

395 3277 418 3310 ι
445 3260 541 3311 καὶ
563 3256 764 3328 ζῶμεν,
783 3256 877 3309 καὶ
903 3253 1222 3324 κινούμεθα,
1255 3253 1350 3306 καὶ
1382 3251 1606 3322 ἐσμέν.»
1623 3249 1845 3320 Ἐπειδὴ
1863 3246 1957 3304 οὖν

390 3350 486 3402 καὶ
517 3347 580 3401 τὸ
608 3347 938 3400 Δεσποτικὸν
982 3345 1165 3416 σῶμα,
1200 3343 1294 3398 καὶ
1321 3339 1462 3412 αἷμα
1498 3337 1592 3394 τοῦ
1615 3338 1751 3392 Θεοῦ
1779 3339 1956 3407 Λόγου

386 3438 476 3491 διὰ
500 3438 602 3508 τὴν
627 3437 936 3506 οἰκονομίαν
957 3434 1098 3506 νομὴ
1124 3434 1384 3504 τυγχάνει
1413 3428 1762 3503 Χριστιανῶν
1791 3429 1960 3484 ἁπάν-

385 3545 517 3592 των,
553 3528 648 3582 καὶ
691 3528 871 3598 τούτῳ
893 3526 972 3598 τῷ
1014 3525 1299 3597 μυστηρίῳ
1325 3521 1757 3595 ετρέφονταικαὶ
1802 3521 1958 3575 ποτί-

388 3619 592 3683 ζονταιο
658 3619 856 3672 ἄτοπον
886 3618 952 3673 ἂν
1001 3617 1088 3688 εῐη
1144 3615 1482 3688 μεταδιδόναι
1529 3612 1627 3669 τοῦ
1679 3611 1958 3686 λεχθέντος

391 3689 881 3781 μυστηρίουλῖὶνδρί
917 3725 1028 3762 τινι
1081 3707 1270 3760 ἀσεϐεῖ
1316 3707 1409 3760 καὶ
1436 3705 1614 3776 δολίῳ,
1645 3703 1828 3766 καθὼς
1877 3701 1959 3774 τῷ

391 3804 548 3874 μάγῳ
561 3802 764 3870 Σίμωνι
780 3801 937 3871 δῆθεν
954 3799 1225 3853 πιστεύειν
1247 3796 1783 3869 καθυποκρινομένῳ.
1801 3793 1959 3848 Ἀλλά

387 3893 526 3964 μηδὲ
539 3891 640 3961 τὴν
657 3890 958 3962 βαθυτέραν
978 3889 1084 3943 τῶν
1102 3888 1409 3960 σεϐασμίων
1449 3887 1646 3956 λογίων
1667 3883 1960 3949 ἀνάπτυξιν

387 3983 722 4054 προσφέρειν
763 3981 830 4035 ἂν
863 3982 1094 4052 άμυήτῳ
1131 3979 1240 4032 τινὶ
1286 3979 1381 4034 καὶ
1395 3978 1616 4052 πονηρῷ
1663 3979 1956 4052 ἀνθρώπῳ.

393 4094 414 4126 ι
434 4076 528 4146 Μὴ
548 4075 654 4145 δῷς
687 4073 816 4145 γάρ,
846 4073 1002 4142 φησὶ,
1031 4071 1092 4125 τὺ
1116 4073 1270 4140 ἅγιον
1297 4070 1374 4141 τῷ
1411 4071 1554 4134 κυνὶ,
1577 4071 1696 4142 μηδ’
1715 4069 1958 4140 ἔμπροσ-

386 4169 483 4222 θεν
519 4169 719 4238 χοίρων
778 4166 946 4239 βάλῃς
991 4165 1119 4226 τοὺς
1149 4163 1515 4236 μαργαρίτας.
1564 4183 1584 4215 ι
1617 4163 1784 4218 Πάλιν
1803 4161 1864 4216 δέ
1892 4177 1960 4234 με

384 4256 704 4328 ἠρώτησας,
752 4255 869 4318 πῶς
911 4252 1018 4324 χρὴ
1061 4255 1203 4306 νοεῖν
1227 4251 1289 4305 τὸ
1317 4251 1706 4323 γεγραμμένον
1757 4250 1959 4321 ὁμοίως

387 4351 542 4422 παρὰ
567 4349 646 4421 τῷ
669 4347 994 4418 Σολομῶντι,
1040 4364 1058 4398 ι
1083 4346 1174 4417 Μὴ
1205 4345 1490 4417 άπατηθῇς
1528 4343 1793 4416 χορτασίᾳ
1845 4361 1961 4397 κοι·

2059 3179 2323 3235 mentum,
2362 3178 2417 3224 et
2467 3171 2854 3226 vestimentum
2886 3169 3138 3224 Salvator
3187 3168 3441 3223 Christus
3489 3176 3577 3223 est
3613 3185 3626 3220 :

2057 3259 2112 3317 in
2151 3276 2217 3318 eo
2243 3261 2517 3332 siquidem
2547 3261 2738 3327 creati,
2789 3279 2808 3313 ι
2848 3269 2903 3316 et
2950 3259 3209 3322 vivimus,
3240 3266 3292 3312 et
3325 3272 3627 3318 movemur.

2056 3359 2110 3406 et
2133 3368 2328 3408 sumus
2346 3353 2389 3386 "
2413 3356 2450 3408 ·.
2488 3371 2507 3406 ι
2549 3351 2686 3408 Cum
2711 3352 2898 3422 itaque
2927 3357 2982 3406 et
3025 3349 3368 3404 Dominicum
3399 3363 3629 3417 corpus.

2057 3450 2111 3498 et
2171 3444 2401 3512 sanguis
2450 3442 2544 3498 Dei
2598 3441 2759 3496 Verbi
2813 3456 2911 3512 per
2975 3439 3413 3496 incarnationem
3466 3436 3630 3494 Verbi

2056 3535 2494 3592 Christianorum
2552 3534 2797 3591 omnium
2833 3533 2992 3589 cibus
3019 3533 3110 3598 sit,
3143 3546 3318 3602 eoque
3346 3545 3549 3586 arcano
3575 3539 3631 3585 et

2059 3627 2280 3683 alantur
2334 3637 2392 3684 et
2444 3636 2738 3698 putentur,
2807 3626 3106 3682 absurdum
3156 3625 3410 3695 equidem
3465 3623 3630 3678 fuerit

2056 3719 2300 3790 prmdicti
2335 3719 2519 3774 arcani
2544 3719 2720 3772 virum
2761 3718 3074 3787 improbum
3109 3715 3475 3784 dolosumque
3503 3713 3630 3782 par-

2057 3810 2274 3881 ticipem
2313 3809 2512 3872 facere,
2551 3808 2716 3865 veluti
2765 3806 3045 3861 Simonem
3110 3805 3324 3875 Magum
3352 3845 3367 3869 ,
3424 3803 3516 3871 qui
3572 3818 3632 3856 se

2057 3900 2285 3954 credere
2335 3899 2632 3954 simulabat
2662 3899 2749 3952 “z
2792 3898 3043 3966 quinimo
3095 3904 3151 3950 et
3209 3893 3627 3964 profundiorem

2058 3988 2493 4044 venerandorum
2553 3989 2896 4058 eloquiorum
2951 3984 3461 4054 interpretationem
3511 3983 3631 4037 viro

2061 4078 2332 4150 improbo,
2365 4080 2599 4135 necdum
2627 4078 2846 4133 initiato
2895 4077 3248 4132 concredere.
3289 4094 3308 4126 ι
3336 4073 3414 4131 Ne
3444 4075 3630 4131 tradas

2059 4171 2229 4237 enim,
2250 4171 2344 4234 ait,
2369 4178 2620 4226 sanctum
2650 4169 2800 4228 cani.
2836 4183 2940 4222 nec
2969 4175 3098 4222 ante
3122 4180 3322 4236 porcos
3359 4167 3630 4236 margari-

2060 4274 2148 4318 tas
2171 4260 2432 4332 projicias
2460 4261 2529 4313 ".
2567 4277 2587 4312 )
2631 4258 2903 4314 Praeterea
2943 4273 2973 4312 a
3001 4273 3111 4312 .me
3141 4257 3461 4327 postulasti,
3495 4273 3632 4327 qua-

2061 4368 2186 4410 nam
2217 4351 2427 4406 ratione
2448 4348 2903 4404 Salomoniaillud
2923 4347 3336 4418 intelligendum
3367 4349 3478 4404 sit:
3511 4367 3529 4400 ‹
3558 4347 3633 4401 Ne

386 4444 589 4507 λίαςςι
639 4441 715 4494 Ού
774 4441 882 4511 γὰρ
944 4439 1033 4503 ἂν,
1081 4438 1418 4508 φιλόχριστε,
1480 4436 1736 4507 καθάπερ
1788 4434 1952 4505 ἄρτου

2060 4442 2309 4498 illudaris
2345 4441 2598 4496 satietate
2624 4440 2829 4496 ventris
2851 4440 2938 4494 “i
2971 4459 2988 4492 ι
3016 4439 3136 4494 Non
3166 4440 3338 4507 enim,
3369 4453 3403 4494 o
3423 4439 3632 4494 Christi

387 4531 570 4586 κοινοῦ
598 4532 696 4585 καὶ
722 4529 888 4595 οἴνου,
909 4530 1046 4599 πρὸς
1077 4527 1393 4598 πλησμονὴν
1428 4525 1530 4596 τῆς
1569 4526 1825 4596 γαστρὸς,
1856 4525 1958 4594 τῆς

386 4623 696 4695 φρικώδους
722 4623 934 4690 ἐκείνης
956 4620 1049 4673 καὶ
1074 4619 1325 4688 ποθεινῆς
1343 4616 1622 4688 τραπέζης
1661 4615 1959 4686 μετέχομεν

386 4717 482 4768 ἐπὶ
516 4716 617 4784 τῆς
661 4711 1008 4781 Ἐκκλησίας·
1044 4709 1270 4780 βραχέος
1296 4708 1352 4760 δὲ
1382 4707 1581 4778 μέρους
1610 4705 1756 4768 τινὸς
1791 4722 1961 4776 μετα-

383 4807 591 4860 δίδοται
613 4806 744 4874 ἡμῖν
778 4801 883 4855 ὑπὸ
939 4800 1048 4853 τῶν
1075 4799 1153 4870 τῷ
1178 4798 1299 4868 Θεῷ
1342 4797 1822 4868 λειτουργούντων,
1864 4795 1961 4849 καὶ

387 4893 887 4968 μεταλαμϐάνομεν
918 4893 996 4954 είς
1025 4891 1158 4959 ὕψος
1178 4889 1511 4953 ἀτενίζοντες
1534 4890 1642 4950 τοῖς
1657 4887 1754 4957 τῆς
1781 4886 1960 4956 ψυχῆς

374 4986 707 5054 ὀφθαλμοῖς,
739 4982 875 5050 πρὸς
901 4979 962 5034 τὸ
987 4978 1384 5050 καθαρισθῑψαι
1435 4976 1956 5048 πλημμελημάτων,

371 5077 481 5129 καὶ
546 5072 822 5144 ἁγιασμοῦ
896 5073 989 5126 καὶ
1064 5071 1332 5140 σωτηρίας
1392 5071 1592 5138 τυχεῖν.
1651 5067 1830 5121 Καλὸν
1901 5065 1959 5118 δὲ

365 5161 616 5236 νομίζω,
668 5163 767 5216 καὶ
792 5164 850 5216 ὲν
889 5165 957 5233 τῇ
1004 5163 1156 5233 κοινῇ
1207 5158 1458 5232 τραπέζῃ
1496 5160 1554 5212 ἐν
1583 5160 1703 5222 ταῖς
1761 5155 1960 5220 οίκίαις

363 5255 544 5326 ήμῶν
568 5253 645 5326 μὴ
673 5253 992 5307 ἀπατᾶσθαι
1041 5252 1310 5323 χορταοίιίι⁵
1346 5251 1578 5314 κοιλίας,
1612 5249 1858 5302 τουτέστι
1884 5247 1960 5320 μὴ

2065 4536 2258 4598 amice,
2289 4533 2455 4590 veluti
2479 4533 2791 4588 communis
2817 4534 2975 4604 panis
3001 4542 3056 4588 et
3094 4533 3232 4596 vini,
3265 4532 3333 4588 ad
3365 4531 3628 4588 saturita-

2064 4633 2171 4680 tem
2221 4624 2471 4688 ventris,
2517 4623 2598 4678 sic
2653 4623 2951 4679 tremendae
3013 4623 3160 4678 illius
3218 4638 3284 4678 ac
3329 4621 3632 4692 concupita:

2066 4728 2268 4768 mensae
2299 4714 2355 4767 in
2382 4712 2627 4768 Ecclesia
2651 4714 3080 4782 participamus;
3119 4714 3214 4769 sed
3243 4713 3470 4768 minima
3500 4727 3632 4782 par-

2065 4803 2235 4859 ticula
2272 4805 2429 4859 nobis
2466 4820 2497 4858 a
2545 4804 2651 4860 Deo
2705 4805 3151 4860 ministrantibus
3212 4803 3524 4865 exhibetur,
3577 4810 3633 4856 et

2065 4896 2554 4963 communicamus,
2607 4897 2802 4952 animae
2833 4897 3024 4952 oculos
3071 4897 3127 4950 in
3178 4895 3456 4951 excelsum
3494 4894 3632 4950 diri-

2061 4993 2274 5055 gentes,
2328 4993 2456 5040 uta
2509 4985 2752 5056 peccatis
2784 4986 3134 5049 mundemur,
3187 4992 3242 5040 et
3284 4983 3630 5039 sanctitatem

2061 5085 2224 5147 atque
2249 5077 2478 5134 salutem
2500 5092 2926 5149 consequamur.
2956 5077 3234 5148 Optimum
3258 5075 3421 5130 etiam
3447 5073 3633 5128 existi-

2061 5182 2172 5230 mo,
2209 5182 2312 5222 nos
2364 5168 2419 5222 in
2454 5183 2643 5223 mensa
2693 5166 2976 5223 communi
3011 5165 3155 5235 apud
3209 5165 3356 5219 mdes
3409 5169 3630 5218 nostras

2062 5256 2314 5312 satietate
2345 5257 2550 5312 ventris
2575 5273 2684 5312 non
2713 5257 2892 5320 illudi,
2950 5252 3085 5310 nens
3114 5269 3307 5324 nempe
3334 5252 3631 5309 necessarii

360 5345 740 5416 ὑπερϐαίνειν
759 5343 830 5398 τὰ
846 5345 971 5416 ὅρια
1003 5344 1102 5412 τῆς
1135 5343 1436 5410 ἀναγκαίας
1485 5341 1708 5413 χρείας’
1755 5341 1952 5411 μέτρον

2058 5346 2264 5402 limites
2287 5362 2396 5401 non
2418 5347 2694 5403 excedere.
2720 5345 2972 5402 Mensura
2999 5359 3232 5414 namque
3256 5344 3362 5399 cibi
3386 5359 3451 5398 ac
3473 5353 3633 5413 potus

355 5439 490 5508 γὰρ
521 5435 588 5503 δὴ
621 5434 847 5505 ἄριστον
875 5433 978 5503 τῆς
1021 5431 1131 5485 τῶν
1167 5431 1472 5504 βρωμάτων
1497 5431 1529 5501 ἢ
1558 5430 1666 5484 τῶν
1691 5430 1952 5502 πομάτων

2061 5437 2264 5507 optima
2294 5436 2477 5503 fuerit,
2510 5437 2814 5493 necessitas
2841 5433 3106 5504 corporis.

352 5531 656 5602 χρήσεως»
691 5529 726 5598 ἠ
759 5526 919 5598 Χρεία
940 5525 1176 5595 ὑπάρχει
1203 5523 1298 5577 τοῦ
1318 5522 1588 5594 σώματος,

3157 5633 3204 5664 ⁸⁸
3243 5632 3364 5684 Act.
3391 5641 3510 5688 vm.
3545 5625 3631 5680 l3.

471 5644 519 5676 ⁵⁸
560 5642 722 5697 Num.
757 5658 885 5708 xxv,
924 5639 957 5694 7
1003 5654 1125 5710 sqq.
1236 5640 1284 5672 ⁵⁸
1323 5638 1489 5710 Prov.
1532 5655 1646 5709 xiv,
1682 5641 1748 5698 10
1876 5641 1921 5674 ⁸⁷
1961 5639 2124 5697 Prov.
2167 5653 2312 5705 xxiv,
2358 5639 2444 5694 15.
2557 5637 2768 5692 "'Act.
2800 5653 2931 5702 xvn,
2958 5637 3049 5692 28.

351 5711 420 5742 ³9
451 5714 649 5768 Matth.
679 5727 778 5780 vn,
807 5713 864 5767 6.
939 5711 984 5742 ‘°
1025 5709 1184 5763 Prov.
1219 5724 1371 5777 xxiv,
1406 5709 1492 5763 15.

556 5811 823 5874 Pauor"
857 5807 973 5871 Gn.
1008 5805 1297 5867 LXXIX.
2003 5883 2047 5892 ﬂ
2304 5888 2308 5891 Δ
3207 5791 3242 5856 9

1876 5641 1921 5674 ⁸⁷
1961 5639 2124 5697 Prov.
2167 5653 2312 5705 xxiv,
2358 5639 2444 5694 15.
