4064 6160
490 303 590 364 2137

627 415 786 485 [8'7
817 413 1020 468 CXLV.
1051 442 1121 455 -
1152 411 1506 468 EULAMPIO
1543 410 1928 468 SOPlllST/E.

561 509 702 574 Quid
742 507 872 562 mihi
899 506 1211 558 Graecorum
1252 506 1552 574 sapientes,
1585 517 1846 574 protensa
1892 506 2064 560 barba

491 613 817 670 praegraves,
853 607 906 650 et
938 595 1313 650 bumeralibus
1363 596 1685 661 adornatos,
1741 596 2064 666 tumideque

492 689 729 750 inﬂatos,
762 685 957 740 baculo
989 684 1268 753 barbaque
1304 685 1712 740 venerationem
1749 686 1857 741 sibi
1891 702 2062 740 aucu-

490 789 700 850 pantes,
731 778 1052 848 protendis?
1099 777 1302 833 Paulus
1329 777 1476 832 enim
1524 779 1825 834 animorum
1859 786 2061 843 textor,

489 872 554 923 de
589 870 673 922 via
709 872 892 932 homo,
939 879 992 924 et
1025 871 1168 939 apud
1202 885 1394 925 omnes
1443 869 1785 940 contemptui
1819 870 2061 935 habitus,

488 960 744 1015 Greciam
777 961 1126 1029 reliquasque
1160 960 1422 1016 barbaras
1457 973 1646 1030 gentes
1680 961 1966 1018 universas
1997 961 2064 1016 ad

487 1051 653 1106 Deum
687 1054 981 1106 convertit.
1024 1054 1126 1118 Qui
1167 1068 1295 1108 vero
1343 1053 1488 1123 apud
1520 1069 1617 1110 vos
1670 1054 2065 1109 circumfertur

485 1141 845 1210 omniumque
870 1141 1127 1196 [nauibus
1168 1143 1386 1207 teritur,
1424 1140 1601 1209 Plato,
1641 1143 1806 1198 tertio
1838 1147 1893 1196 in
1920 1142 2064 1197 Sici-

487 1236 613 1289 liam
647 1235 1018 1306 adnavigans,
1071 1253 1196 1291 cum
1230 1239 1524 1294 verborum
1567 1238 1786 1292 illorum
1824 1245 2060 1305 tumore,

485 1330 625 1383 etde
658 1344 716 1383 se
747 1339 1007 1400 concepta
1038 1331 1323 1400 splendida
1365 1332 1643 1401 opinione,
1696 1346 1873 1400 neque
1899 1333 2063 1386 unius

488 1420 705 1491 tyranni
737 1435 960 1490 compos
991 1421 1173 1477 factus
1202 1423 1311 1489 est;
1346 1422 1442 1478 sed
1473 1423 1556 1478 sic
1585 1423 1781 1477 misere
1803 1421 2062 1487 decessit,

490 1521 544 1564 ut
585 1521 638 1567 et
684 1513 989 1569 libertatem
1054 1515 1228 1584 ipsam
1286 1515 1556 1569 amiserit.
1608 1514 1710 1568 Ast
1762 1514 2060 1568 aulicorum

489 1611 686 1665 textor,
747 1618 854 1656 non
919 1603 1166 1658 Siciliam
1220 1613 1468 1668 tantum,
1519 1618 1629 1658 non
1679 1603 1911 1669 Italiam,
1963 1602 2061 1656 scd

412 1697 416 1701 '
491 1693 805 1749 universum
841 1704 1114 1750 terrarum
1167 1695 1356 1750 orbem
1406 1695 1610 1765 pietate
1655 1692 2063 1764 praedicationis

487 1800 740 1840 emensus
769 1795 876 1842 εει.

595 1877 826 1933 CXLVI.
866 1907 937 1920 —-—
964 1877 1363 1937 PHILOXENO
1408 1875 1955 1936 CENSOPHYLACI.

557 1966 745 2039 Neque
776 1969 832 2024 in
875 1969 1037 2026 rebus
1072 1971 1333 2027 secundis
1371 1985 1436 2026 ae
1482 1969 1677 2026 faustis
1703 1969 2062 2040 corybantum

489 2075 642 2115 more
664 2045 880 2125 insano,
915 2069 1080 2131 atque
1121 2060 1272 2115 inani
1309 2069 1522 2116 tumore
1556 2059 1734 2116 inﬂari
1777 2059 2062 2121 debemus,

490 2163 666 2218 neque
722 2147 776 2201 in
835 2147 1082 2204 adversis
1137 2150 1492 2205 successibus
1535 2149 1837 2204 bestiarum
1888 2148 2064 2202 instar

487 2239 826 2309 despondere
883 2240 1147 2304 animum,
1191 2246 1247 2295 et
1283 2255 1313 2294 a
1349 2255 1587 2296 mcerore
1638 2239 1920 2296 absorberi
1960 2237 2060 2294 :id

489 2345 722 2400 namque
751 2331 933 2398 pusilli
965 2331 1131 2385 animi
1149 2338 1314 2402 atque
1336 2331 1572 2386 imbellis
1597 2340 1697 2386 est.
1729 2328 1794 2383 Et
1821 2345 2062 2399 praesens

490 2421 603 2474 hac
633 2422 740 2474 vita
775 2422 1116 2490 corruptioni
1151 2423 1390 2477 obnoxia
1437 2437 1615 2478 scene
1652 2421 1918 2476 assimilis
1953 2431 2058 2476 est.

481 2514 669 2578 Quare
718 2529 893 2582 neque
946 2512 1284 2567 fortunatum
1321 2529 1446 2568 esse
1490 2527 1709 2582 semper
1747 2514 1803 2566 in
1839 2512 2057 2578 iisdem,

490 2618 665 2672 neque
699 2602 823 2655 huic
848 2603 1161 2670 oppositum
1187 2602 1384 2657 stabile
1414 2601 1600 2656 fuerit.

706 2691 957 2746 CXLVII,
981 2723 1052 2737 κ-
1079 2691 1411 2749 LYCURGO
1467 2690 1854 2748 ILLUSTllIO.

558 2782 693 2848 Quis
743 2793 796 2836 te
837 2798 946 2836 non
1002 2781 1284 2837 irridebit?
1324 2784 1458 2849 Quis
1489 2783 1556 2837 de
1591 2783 1697 2838 isto
1730 2790 1822 2837 tuo
1878 2782 2062 2837 studio

490 2871 656 2925 nullis
705 2870 1071 2925 ciacumcluso
1120 2871 1319 2926 ﬁnibus
1365 2887 1476 2926 non
1527 2871 1846 2926 accusabit?
1896 2873 2060 2942 188

489 2962 624 3028 Quis
654 2963 882 3016 stultum
912 2961 1150 3016 furorem
1184 2978 1292 3016 non
1333 2962 1697 3034 reprehendet
1718 3004 1733 3026 ,
1766 2963 1858 3033 qui
1898 2965 2058 3018 colli-

487 3053 679 3123 gendis
702 3053 946 3122 pecuniis
969 3068 1247 3123 nunquam
1280 3055 1641 3120 exsaturaris,
1677 3069 1853 3124 eaque
1888 3053 2060 3123 possi-

490 3144 618 3198 dere
638 3143 944 3208 existimas,
971 3160 1112 3213 quae,
1147 3147 1386 3200 moriens
1413 3153 1471 3200 et
1507 3145 1561 3199 in
1605 3146 1880 3214 regionem
1906 3145 2052 3198 illam

488 3250 518 3288 a
555 3235 849 3290 tremendis
883 3236 1091 3305 angelis
1113 3235 1321 3290 catenis
1352 3235 1568 3292 vinctus
1586 3235 1927 3303 deportatus,
1951 3249 2057 3289 una

487 3338 664 3382 tecum
698 3326 1000 3383 convehere
1035 3343 1144 3381 non
1171 3329 1405 3396 poteris;
1447 3327 1694 3396 quinituo
1732 3326 1908 3380 hostis
1940 3341 2058 3379 mu-

491 3437 593 3474 nus
625 3420 863 3489 peragis,
891 3434 1016 3473 cum
1049 3419 1470 3481 inhumanitate,
1511 3432 1575 3472 ac
1603 3418 1835 3480 crudeli,
1875 3416 2059 3472 cil‘crao

489 3521 655 3580 toque
689 3511 969 3578 proposito
1004 3523 1264 3578 perquam
1313 3508 1776 3578 improbissimam
1820 3508 2058 3562 animam

492 3609 638 3652 tuam
675 3601 728 3652 in
763 3600 927 3653 rebus
954 3597 1260 3669 potissimis
1308 3598 1477 3659 laedis,
1534 3597 1954 3667 propendesque
2003 3597 2058 3651 in

490 3690 701 3746 aliinem
721 3691 997 3759 juvenem,
1029 3691 1121 3759 qui
1157 3703 1475 3758 magnarum
1510 3688 1704 3742 harum
1728 3699 1944 3742 tuarum
1975 3686 2060 3742 fa-

489 3784 776 3847 cultatum,
825 3791 882 3837 ut
915 3793 996 3839 est
1050 3783 1333 3837 hominum
1388 3783 1597 3852 opinio,
1636 3782 1806 3837 haeres
1841 3781 2060 3836 futurus

487 3875 612 3931 est?
641 3874 746 3930 Sed
778 3873 1042 3928 annumio
1069 3873 1166 3928 tibi
1187 3873 1367 3938 triste,
1387 3880 1442 3927 et
1463 3873 1605 3943 quod
1636 3873 1874 3928 maxime
1892 3873 2060 3928 velles

489 3976 552 4022 ut
581 3983 686 4023 non
709 3981 952 4036 praesens
995 3965 1234 4021 adesset.
1276 3965 1448 4021 Breve
1480 3972 1602 4036 post
1634 3973 1850 4033 tempus
1880 3963 2060 4020 dulcis

492 4060 582 4114 hic
607 4059 778 4114 haeres
808 4065 958 4122 tuus,
983 4057 1038 4112 in
1056 4073 1218 4128 quem
1242 4059 1449 4123 omnia,
1469 4057 1679 4127 scripto
1703 4057 1868 4112 etiam
1887 4056 2058 4122 edito,

487 4151 700 4216 vivens,
734 4157 790 4204 et
827 4150 1071 4220 sapiens,
1118 4163 1461 4220 corporeque
1490 4149 1630 4205 bene
1673 4150 1886 4212 valens,
1939 4163 2062 4216 quae

487 4251 585 4297 tua
615 4241 932 4305 intererant,
956 4241 1334 4304 transvexisti,
1369 4250 1603 4296 mortem
1636 4241 1833 4304 obibit,
1860 4246 1914 4294 et
1950 4249 2063 4295 tres

489 4349 696 4404 eosque
723 4333 870 4387 solos
904 4333 1202 4402 sepulturae
1223 4333 1440 4388 cubitos
1471 4333 1836 4387 haereditabit.
1870 4331 2064 4400 Tuque

491 4427 720 4483 omnino
752 4425 1122 4496 obstupesces,
1153 4432 1281 4480 ante
1312 4440 1500 4480 senem
1529 4424 1719 4479 multis
1750 4424 2058 4495 annis'gra-
2085 4457 2134 4512 ι)

493 4533 615 4574 vem
668 4517 924 4586 juvenem
971 4515 1268 4585 sepulturae
1318 4513 1643 4569 tradendum
1685 4515 2053 4583 conspiciens.

491 4609 557 4664 Et
589 4607 732 4664 forte
771 4607 937 4663 etiam
967 4623 1075 4662 non
1107 4607 1485 4676 obstupesces,
1541 4620 1719 4675 neque
1752 4606 1830 4659 uti
1882 4605 1950 4660 de
2001 4621 2062 4660 re

492 4717 631 4758 nova
667 4699 1048 4765 admiraberis,
1082 4699 1279 4755 similia
1312 4699 1545 4754 intuitus
1589 4699 1712 4752 aliis
1745 4697 1906 4752 etiam
1935 4697 2061 4752 Illu-

477 4793 641 4849 striis
685 4789 1042 4860 Aristophani
1085 4798 1136 4844 et
1163 4788 1447 4845 Crescenti
1497 4787 1785 4842 accidisse.
1829 4785 2060 4841 Verum-

476 4893 674 4938 tamen
703 4896 868 4947 nunc,
893 4883 969 4936 uti
1001 4896 1102 4951 par
1116 4890 1220 4948 est,
1249 4881 1308 4936 in
1333 4895 1524 4936 sanam
1554 4887 1788 4934 mentem
1817 4879 2058 4943 rediens,

477 4976 702 5048 ingenti
751 4975 1014 5046 ingluvici
1047 4975 1210 5030 linem
1253 4975 1495 5043 impone,
1525 4986 1701 5040 neque
1732 4969 2063 5039 periturum,

495 5071 592 5126 sed
637 5081 784 5124 tuam
817 5069 1056 5123 animam
1099 5065 1484 5136 iniquitatibus
1530 5062 1772 5118 deditam
1815 5059 2066 5130 deplora,

474 5168 654 5229 teque
685 5160 862 5228 ipsum
891 5158 1176 5229 corrigito,
1203 5156 1456 5224 bonaque
1483 5166 1651 5222 opera
1697 5149 2063 5218 amplectitor,

491 5258 787 5318 antequam
817 5265 847 5304 e
877 5249 1160 5320 prmsentis
1194 5246 1382 5302 saeculi
1405 5259 1569 5300 scena
1598 5255 1787 5304 exeas,
1827 5239 2070 5310 illucque

495 5340 731 5411 migres,
780 5341 872 5395 ubi
918 5342 971 5395 in
1013 5348 1294 5410 posterum
1327 5335 1536 5391 nemini
1593 5347 1658 5387 es
1696 5331 1933 5386 mortuis
1961 5343 2062 5400 pro

495 5430 714 5486 delictis
769 5429 1132 5499 respondendi
1165 5429 1309 5482 ullus
1352 5425 1575 5482 dabitur
1612 5423 1789 5486 locus,
1837 5421 1930 5475 ubi
1966 5434 2065 5474 ne-

493 5538 600 5592 que
631 5522 866 5585 amicus,
900 5536 1075 5592 neque
1117 5533 1333 5582 servus,
1385 5531 1560 5586 neque
1618 5513 2066 5582 consanguineus

493 5609 805 5674 defendere,
837 5617 932 5664 aut
960 5622 1153 5680 poenas
1187 5607 1358 5664 luenti
1391 5603 1759 5674 sempiternas
1782 5599 2065 5674 suppetias

487 5698 641 5756 «terre
671 5701 894 5766 poterit.

1957 303 2017 363 δ.
2060 302 2222 363 NILI

2090 435 2137 488 Α

3635 309 3741 376 268

2454 416 2632 470 PME'.
2655 446 2724 457 —
2752 414 3112 490 summa
3127 417 3438 491 meum.

2238 509 2302 561 Τί
2369 526 2460 577 μοι
2516 510 2848 584 προσφέρεις
2898 511 3022 573 τοὺς
3061 510 3170 563 τῶν
3198 511 3466 582 Ἑλλήνιον
3521 513 3738 580 σοφοὺς,

2163 599 2288 662 τοὺς
2319 597 2504 668 βαθεῖς
2531 601 2654 664 τοὺς
2699 600 2970 670 πώγωνας
2999 600 3277 665 ἐλκοντας,
3311 601 3408 655 καὶ
3436 601 3740 672 ἀναϐεϐληο

2167 687 2365 756 μένους
2397 685 2494 749 τὰς
2516 687 2816 757 ἐπωμίδας,
2851 690 2946 742 καὶ
2985 687 3127 758 μέγα
3158 688 3445 756 φυσῶντας
3474 689 3537 743 τὸ
3565 690 3742 743 δοκεῖν

2166 778 2526 845 σεμνύνεσθαι
2579 782 2645 850 τῇ
2697 779 2970 850 βακτηρίᾳ
3027 781 3121 833 καὶ
3147 783 3212 851 τῇ
3253 781 3484 852 ὑπήνῃ;
3530 783 3744 846 Παῦλος·

2165 869 2274 940 γάρ
2299 872 2328 922 ὁ
2355 871 2677 939 σκηνοποιὸς
2706 873 3216 941 κατηυτελισμένος,
3239 872 3339 942 τὴν
3374 873 3604 928 Ἐλλάδα
3648 875 3744 928 καὶ

2164 961 2263 1030 τὴν
2285 959 2558 1031 βάρϐαρον
2590 962 2770 1015 πᾶσαν
2811 961 3086 1032 ἀπέτρεψε
3127 962 3261 1032 πρὸς
3288 963 3450 1015 Θεόν·
3485 964 3586 1016 όδέ
3611 964 3742 1034 παρ’

2167 1051 2292 1114 ὑμῖν
2328 1051 2594 1121 ἀγόμενος
2651 1053 2744 1105 καὶ
2777 1052 3207 1124 περιφερόμενος
3245 1053 3492 1117 Πλάτων,
3557 1053 3744 1121 τρίτον

2165 1141 2246 1204 είς
2277 1141 2523 1195 Σικελίαν
2553 1141 2743 1211 ἐλθὼν,
2779 1142 2920 1213 μετά
2943 1145 3051 1196 τοῦτ
3073 1143 3288 1212 κόμπου
3323 1145 3432 1196 τῶν
3479 1144 3742 1214 ῥημάτιον

2170 1231 2416 1296 ἐκείνων,
2471 1233 2607 1303 μετὰ
2643 1235 2741 1303 τῆς
2780 1233 3100 1304 ὑπολήψεως
3141 1233 3243 1302 τῆς
3272 1234 3555 1304 λαμπρᾶς,
3613 1234 3739 1288 οὐδὲ

2165 1320 2284 1384 ἐνὸς
2327 1324 2644 1392 περιγέγονε
2680 1321 2967 1392 τυράννου·
3017 1321 3128 1376 ἀλλ’
3163 1321 3340 1386 οὕτως
3395 1324 3593 1386 ἀθλίως
3629 1327 3740 1379 άπ-

2165 1409 2414 1481 ήλλαξεν,
2445 1411 2519 1474 ὡς
2534 1412 2627 1464 καὶ
2653 1411 2823 1480 αὐτῆς
2845 1414 3094 1465 ἐκπεσεῖν
3115 1415 3212 1482 τῆς
3239 1413 3572 1484 ἐλευθερίας.
3609 1414 3738 1468 Ὀδέ

2165 1517 2229 1568 γε
2279 1501 2602 1570 σκηνοποιὸς
2651 1501 2712 1554 οὐ
2773 1502 3023 1556 Σικελίαν
3086 1504 3266 1574 μόνον,
3328 1505 3436 1556 οὐδ’
3485 1505 3736 1570 Ἰταλίαν,

2165 1591 2300 1645 ἀλλὰ
2339 1594 2518 1646 πᾶσαν.
2537 1592 2613 1663 τῷ
2643 1594 2956 1665 κηρύγματι
2993 1594 3092 1664 τῆς
3113 1594 3397 1658 εὐσεϐείας
3421 1595 3521 1665 τὴν
3555 1597 3736 1649 οίκουο

2170 1683 2338 1754 μένην
2358 1685 2688 1754 ἐπέδραμεν.

2342 1867 2538 1934 PMG'.
2559 1897 2625 1910 -
2656 1868 2995 1940 ΦΙΛΟΞΕΝῼ
3026 1869 3551 1927 ΚΙΙΝΣΟΦΥΔΑΚΒ

2235 1957 2374 2012 Οὔτε
2425 1961 2484 2012 ἐν
2523 1963 2646 2023 ταῖς
2701 1959 2989 2030 εὐθυμίαις
3061 1961 3423 2034 κορυϐαντιᾷν
3480 1964 3564 2017 δεῖ
3640 1970 3739 2023 καὶ

2162 2050 2434 2119 φυσᾶσθαι
2494 2051 2758 2122 ματαίως,
2813 2052 2926 2104 οὔτ’
2966 2053 3024 2104 ἐν
3077 2056 3198 2116 ταῖς
3240 2053 3731 2127 σκυθρωποτέραις

2160 2143 2528 2196 καταστάσεσι
2564 2143 2928 2197 καταπίπτειν
2973 2143 3187 2212 ἀλόγως
3225 2144 3321 2198 καὶ
3347 2147 3736 2209 καταποντίζε-

2162 2235 2284 2287 σθαι
2329 2234 2434 2288 ὑπὸ
2469 2235 2570 2304 τῆς
2623 2234 2820 2306 λύπης.
2897 2235 3183 2307 Ἀνάνδρου
3259 2238 3375 2308 γὰρ’
3417 2238 3592 2308 ψυχῆς
3642 2237 3735 2292 καὶ

2163 2322 2413 2393 μαλακῆς
2441 2323 2598 2376 τοῦτό
2625 2341 2710 2392 γε.
2766 2324 2935 2379 Οὐδὲν
2963 2325 3020 2378 δέ
3067 2326 3273 2397 σκηνῆς
3315 2328 3344 2380 ὁ
3378 2327 3734 2399 φθειρόμενος

2159 2409 2316 2478 οὗτος
2369 2416 2646 2486 διενήχοχε
2713 2415 2849 2485 βίος.
2907 2415 3045 2470 Οῦτε
3109 2417 3240 2485 γοῦν
3289 2418 3350 2471 τὸ
3401 2421 3735 2488 εὐπρακτεῖν

2161 2509 2280 2562 κατ’
2334 2508 2514 2574 αὑτὸν,
2559 2508 2683 2562 οὔτε
2745 2510 2851 2580 μὴν
2905 2511 3220 2566 τούναντίον
3287 2512 3587 2583 φανήσεται
3645 2511 3733 2581 βέ-

2161 2599 2339 2652 ϐαιον.

2379 2692 2554 2746 ΡΜΖ’.
2570 2722 2640 2732 -
2664 2691 3035 2765 ΛΥΚΟΥΡΓῼ
3073 2695 3501 2766 ῘΛΛΟΥΣΤΡῙῼ.

2229 2783 2326 2847 Τίς
2357 2800 2416 2836 σε
2439 2783 2539 2834 οὐκ
2573 2785 2638 2836 ἂν
2666 2782 2957 2850 γελάσεται
2981 2821 2998 2846 ,
3038 2784 3122 2847 τίς
3152 2801 3211 2837 σε
3246 2785 3344 2836 οὐκ
3363 2783 3428 2837 ἂν
3453 2782 3728 2853 μέμψεται

2159 2874 2262 2946 τῆς
2293 2874 2601 2944 ἀπεράντου
2627 2873 2868 2943 σπουδῆς
2897 2891 2912 2941 ;
2971 2875 3066 2938 Τίς
3095 2891 3156 2928 σε
3176 2875 3237 2928 οὐ
3275 2875 3598 2944 μυκτηρίσει
3628 2874 3729 2943 τῆς

2159 2966 2392 3036 ἄφρονος
2451 2964 2648 3035 μανίας
2681 3006 2696 3030 ,
2755 2965 3061 3032 συνάγοντα
3129 2967 3229 3036 μὲν
3289 2965 3602 3035 ἀκορέστως
3662 2964 3734 3020 τὰ

2157 3053 2396 3107 τοσαῦτα
2458 3054 2755 3123 χρήματα,
2811 3055 3062 3124 κατέχειν
3130 3055 3188 3108 δέ
3241 3055 3522 3118 δοκοῦντα,
3587 3056 3731 3126 άπερ

2161 3141 2425 3214 μηδαμῶς
2479 3142 2684 3215 δυνήσῃ
2730 3143 3108 3212 συνεξενέγκαι
3163 3144 3434 3214 θνήσκων,
3473 3145 3608 3216 πρὸς
3639 3146 3734 3199 τὸν

2157 3236 2275 3286 ἐκεῖ
2314 3235 2516 3304 κόσμον
2558 3237 2661 3288 ὑπὸ
2706 3237 2951 3306 φρικτῶν
3011 3237 3257 3305 ἀγγέλων
3313 3237 3608 3308 συρόμενος
3645 3237 3732 3292 δέ·

2161 3341 2339 3396 σμιος,
2387 3325 2586 3397 ἐχθροῦ
2635 3327 2690 3380 δὲ
2729 3330 2963 3398 πρᾶγμα
3012 3327 3290 3393 ποιοῦντα,
3321 3329 3380 3382 ἐν
3407 3327 3484 3398 τῷ
3515 3329 3601 3382 διὰ
3632 3329 3732 3399 τῆς

2157 3417 2552 3486 ἀπανθρωπίας
2619 3419 2712 3471 καὶ
2766 3419 2866 3488 τῆς
2919 3419 3184 3489 ἀνηλεοῦς
3263 3419 3359 3472 καὶ
3411 3419 3730 3490 ἀμειλίκτου

2157 3507 2382 3578 γνώμης
2409 3509 2668 3577 βλάπτειν
2719 3510 2789 3563 τά
2819 3511 3052 3581 μέγιστα
3075 3513 3176 3582 τὴν
3193 3512 3566 3583 ἀνοσιωτάτην
3599 3529 3735 3566 σαυ-

2159 3598 2255 3652 τοῦ
2297 3599 2497 3670 ψυχὴν,
2557 3600 2914 3673 προσκεῖσθαι
2939 3602 2995 3655 δέ
3028 3602 3106 3673 τῷ
3151 3606 3405 3671 συγγενεῖ
3465 3605 3734 3675 νεανίσκῳ

2159 3687 2501 3760 νομιζομένῳ
2541 3691 2898 3763 κληρονομεῖν
2931 3691 3030 3763 τὴν
3060 3691 3160 3761 σὴν
3207 3695 3450 3764 μεγάλην
3503 3695 3730 3760 οὑσίανς

2173 3780 2313 3833 Ἀλλ’
2344 3781 2765 3852 εὐαγγελίζομαι
2797 3801 2879 3836 σοι
2921 3783 3120 3854 πικρόν
3161 3800 3214 3838 τι
3245 3784 3340 3838 καὶ
3393 3785 3512 3838 λίαν
3565 3784 3735 3840 ἀϐού-

2161 3873 2357 3944 λητον⁹
2391 3873 2707 3946 τεθνήξεται
2748 3875 2858 3946 γὰρ
2895 3873 3011 3944 μετ’
3050 3873 3272 3942 ὀλίγονό
3300 3874 3506 3943 γλυκὺς
3537 3875 3736 3947 κληρο-

2163 3964 2322 4035 νόμος
2362 3981 2480 4029 σου,
2510 3967 2590 4027 είς
2611 3964 2778 4033 ὅνπερ
2809 3964 2904 4016 καὶ
2925 3963 3100 4018 πάντα
3129 3964 3424 4036 ἐγγράφως
3479 3966 3609 4032 ζῶν,
3640 3967 3736 4020 καὶ
3789 4007 3800 4010 -

2163 4055 2397 4127 φρονῶν,
2433 4057 2528 4109 καὶ
2547 4055 2837 4128 εὑρωστῶν
2855 4055 3032 4109 διέθου
3068 4055 3136 4110 τά
3166 4056 3490 4127 διαφέροντά
3519 4074 3624 4121 σοι,
3642 4060 3737 4112 καὶ

2163 4147 2257 4202 τοῦ
2293 4147 2579 4218 μνήματος
2613 4149 2739 4210 τοὺς
2781 4148 2930 4218 τρεῖς
2960 4147 3055 4202 καὶ
3106 4146 3302 4216 μόνους
3334 4145 3735 4216 κληρονομήσει

2163 4240 2381 4311 πήχεις.
2406 4239 2516 4296 Καὶ
2547 4238 2766 4301 πάντως
2793 4237 3118 4311 ἐκπλαγήσῃ
3145 4236 3357 4307 βλέπων
3383 4235 3502 4290 νέον
3533 4235 3738 4290 θαπτό-

2168 4349 2328 4402 μενον
2389 4330 2498 4402 πρδ
2553 4329 2813 4400 γέροντος
2875 4328 3252 4398 πολυχρονίου.
3311 4327 3466 4397 Τάχα
3528 4326 3586 4381 δέ
3634 4327 3736 4380 οὐκ

2165 4423 2504 4492 ἐκπλαγήσει
2528 4420 2620 4473 ἐπὶ
2641 4419 2834 4489 τούτῳ,
2859 4419 2980 4472 οὐδέ
3001 4435 3062 4487 γε
3087 4417 3408 4488 samem.
3437 4416 3736 4488 προτεθεαο

2165 4516 2327 4585 μένος
2350 4511 2450 4582 ήδη
2482 4508 2706 4563 τοιαῦτα
2736 4508 3120 4579 συμϐεϐηκότα
3162 4509 3274 4569 τοῖς
3315 4506 3496 4568 ἄλλοις
3536 4505 3737 4558 ἰλλου-

2162 4605 2399 4675 στρίοις,
2444 4602 2839 4672 Ἀριστοφάνει,
2897 4602 2990 4653 καὶ
3042 4601 3379 4670 Κρήσκεντι.
3417 4596 3582 4649 Ἀλλά
3641 4596 3737 4649 νῦν

2159 4697 2293 4766 γοῦν
2323 4695 2565 4766 ἐκνήψας
2619 4693 3030 4766 προσηκόντως,
3095 4692 3346 4745 πέπαυσο
3385 4691 3481 4758 τῆς
3534 4688 3738 4757 πολλῆς

2161 4787 2493 4856 ἀπληστίας,
2517 4786 2611 4838 καὶ
2645 4786 2719 4854 μὴ
2751 4785 2842 4837 τὸν
2881 4783 3140 4853 τελευτᾷν
3177 4782 3440 4852 μέλλοντα
3469 4780 3735 4851 κλαύσῃς,

2163 4878 2302 4934 ἀλλὰ
2341 4877 2438 4949 τὴν
2492 4875 2692 4931 σαυτοῦ
2732 4876 2910 4946 ψυχὴν
2968 4874 3328 4944 φιλοπόνηρον
3388 4872 3739 4941 ὑπάρχουσαν

2165 4969 2454 5043 θρήνησον,
2483 4968 2742 5036 καὶπρὸς
2795 4965 3087 5037 διόρθωσιν
3139 4964 3303 5035 ρέψον
3349 4962 3444 5015 καλ⁸
3475 4959 3740 5028 ἀγαθοερ-

2165 5063 2308 5132 γίας,
2367 5062 2495 5134 πρὶν
2553 5059 2788 5126 ἐξελθεῖν
2836 5075 2894 5111 σε
2927 5058 3027 5127 τῆς
3067 5057 3274 5127 σκηνῆς
3337 5054 3433 5108 τοῦ
3473 5052 3739 5122 παρόντος

2165 5153 2379 5220 αἰῶνος,
2415 5153 2510 5206 καὶ
2562 5151 2916 5222 πορευθῆναι,
2985 5149 3114 5204 ἔνθα
3166 5148 3360 5220 μηδεὶς
3395 5145 3577 5199 λοιπὸν
3629 5142 3742 5195 τῶν

2169 5247 2604 5303 ἐναποθανόντων
2630 5249 2742 5309 τοῖς
2789 5246 3126 5315 πταίσμασιν
3157 5244 3384 5314 εὑρήσει
3443 5235 3744 5304 ἀπολογίας

2169 5341 2373 5412 χώραν,
2428 5339 2554 5392 ενθα
2607 5339 2681 5410 μὴ
2735 5339 2910 5406 φίλος,
2954 5339 3030 5410 μὴ
3075 5336 3283 5399 δοῦλος,
3344 5333 3420 5404 μή
3470 5325 3744 5398 συγγενὴς

2172 5429 2544 5500 συνηγορῆσαι
2583 5428 2617 5499 ἢ
2661 5426 2928 5500 βοηθῆσαι
2969 5425 3317 5496 κολαζομένῳ
3337 5424 3419 5486 είς
3449 5419 3574 5482 τοὺς
3608 5414 3745 5483 φαῖν’

2171 5535 2269 5584 νας
2289 5517 2520 5590 ίσχύσει.
