4064 6160
391 365 492 428 260

503 446 511 452 ’
611 479 903 534 emun—
938 476 1289 547 summm
1318 474 1732 530 ssxsurom.

454 571 726 634 Πολλάκις
767 586 850 623 σοι
881 568 1114 639 εἴρηκα,
1165 568 1258 621 καὶ
1298 567 1393 621 νῦν
1431 566 1487 621 δέ
1518 584 1699 638 φημι,
1749 565 1832 618 ὅτι
1868 563 1961 616 διὰ

384 668 484 737 τῆς
520 666 756 738 μαγείας
783 665 888 719 ὑπὸ
913 663 1006 718 τοῦ
1037 665 1295 727 Τυανέως
1331 663 1692 717 Ἀπολλωνίου
1726 676 1958 731 γεγενη-

1609 359 2141 423 EPISTOLARUM
2183 361 2326 420 LIB.
2371 363 2451 420 Π.
2636 425 2637 428 η

1988 473 2034 527 Α
2138 468 2298 539 189
2327 469 2606 526 CXLVIII.
2645 501 2712 512 —
2759 471 3108 529 NICANDRO
3147 474 3560 536 EXCEPTORI.

3534 375 3637 439 270

2134 560 2286 630 Saepe
2333 562 2430 616 tibi
2475 563 2626 628 dixi,
2673 572 2728 618 et
2777 581 2923 620 nunc
2973 581 3168 622 rursus
3225 569 3475 638 incnlco;
3519 588 3640 643 qua:

2063 653 2254 722 magiae
2281 669 2384 724 ope
2409 671 2436 708 a
2463 653 2688 726 Tyaneo
2709 655 3002 726 Apollonio
3030 659 3275 713 absoluta
3298 672 3426 716 sunt
3449 679 3637 734 opera,

389 760 525 830 μένα
560 757 872 827 τελέσματα
895 797 908 819 ,
956 755 1121 825 μηδὲν
1160 753 1440 818 παντελῶς
1477 753 1728 825 οὐράνιον
1765 752 1959 822 ἔχοντα

2065 757 2186 797 cum
2223 746 2278 800 in
2321 761 2380 800 se
2423 747 2632 800 nullum
2677 749 2904 802 omnino
2945 750 3171 805 caeleste
3205 753 3639 811 emolumentum

385 849 754 920 εὐεργέτημα,
782 846 918 918 μηδέ
939 865 992 900 τι
1021 845 1158 917 πρὸς
1177 848 1355 916 ψυχὴν
1378 847 1719 916 ἀναφέροντα
1746 844 1958 914 κέρδ⁰ς’

2064 840 2306 899 teneant,
2350 850 2533 906 neque
2583 837 2707 890 usui
2765 837 2964 891 anian
3021 841 3152 903 sint,
3209 841 3345 896 nihil
3391 858 3422 897 a
3465 847 3641 914 gratia

385 942 533 996 οὐδὲν
562 941 842 1010 διαφέρειν
875 936 1080 1002 δόξειεν
1107 937 1307 1006 δρακδς
1339 936 1546 1008 κριθῶν
1571 937 1814 1007 χάριτος,
1847 936 1962 997 τοῖς

2065 928 2327 995 manipuli
2361 926 2548 982 hordei
2585 927 2804 983 diﬂerre
2831 930 3164 985 videbuntur
3185 933 3545 1002 sapientibus,
3578 953 3643 994 ac

385 1032 521 1102 πρὸς
557 1030 626 1084 τὰ
659 1029 961 1099 ἐπουράνια
991 1028 1178 1079 ὲκεῐνα
1199 1066 1214 1090 ,
1247 1027 1341 1080 καὶ
1372 1025 1659 1096 ἄφθαρτα,
1688 1025 1783 1078 καὶ
1809 1023 1961 1076 λύσιν

2065 1017 2168 1087 piis
2192 1017 2527 1084 hominibus,
2550 1020 2644 1090 qui
2669 1020 2736 1074 ad
2761 1022 3007 1076 cmlestia
3033 1023 3149 1085 illa,
3174 1032 3229 1078 ct
3258 1025 3638 1096 indepravata,

389 1121 461 1192 μὴ
489 1122 758 1191 σχήσοντα
780 1117 961 1186 ἀγαθὰ
987 1117 1244 1186 κεχηνόσι
1272 1119 1455 1186 σοφοῖς
1477 1132 1536 1168 τε
1562 1116 1656 1169 καὶ
1679 1114 1961 1168 εύσεὸέσιν

2065 1115 2117 1163 et
2155 1125 2276 1178 qua:
2314 1125 2597 1181 nunquam
2637 1113 3014 1168 dissolventur
3045 1116 3210 1179 bona,
3249 1118 3532 1176 anhelant.
3564 1117 3642 1174 Ne

385 1213 715 1285 ἀνθρώποις.
760 1213 852 1284 Μὴ
889 1212 1074 1264 τοίνυν
1119 1210 1369 1281 θαύμαζε
1420 1211 1488 1264 τὰ
1525 1209 1661 1281 ἔργα
1686 1211 1786 1280 τῆς
1834 1226 1963 1280 γοη-

385 1307 554 1366 τείας.
593 1305 728 1376 μηδὲ
763 1305 922 1375 θροοῠ
978 1304 1073 1357 ἐπὶ
1125 1303 1354 1367 τούτοις,
1393 1302 1702 1368 ἀπάλλαξον
1740 1302 1798 1355 δὲ
1835 1319 1964 1354 σαυ-

2063 1201 2248 1271 itaque
2276 1203 2468 1273 magia:
2501 1218 2666 1274 opera
2697 1205 3010 1272 admireris,
3054 1224 3232 1278 neque
3261 1225 3361 1279 pro
3395 1211 3504 1265 illis
3524 1219 3642 1266 tur-

2063 1291 2246 1358 beris,
2320 1295 2430 1349 imo
2488 1298 2840 1366 temetipsum
2913 1314 2941 1352 a
3009 1301 3279 1355 sententia
3339 1301 3641 1371 stupiditati

384 1399 474 1452 τὸν
511 1401 607 1468 τῆς
647 1397 950 1468 εὐπτοήτου
993 1394 1225 1466 γνώμης
1253 1435 1270 1461 ,
1307 1395 1400 1448 καὶ
1437 1393 1534 1447 τοῦ
1570 1393 1962 1464 μειρακιὼδους

2065 1383 2321 1451 obnoxia,
2348 1393 2402 1439 et
2431 1384 2662 1454 juvenili
2698 1389 3032 1459 cogitatione
3056 1391 3248 1446 libera.

387 1507 424 1560 φ
433 1492 558 1562 ρονή
568 1507 758 1561 ματος.

588 1581 770 1638 PMG’.
800 1611 871 1622 —
902 1579 1257 1660 ΠΔΛΛΤΙΝῼ
1289 1577 1750 1631 ΠΡΩΤΕΥΟΝΤΙ.

459 1673 854 1744 Συνεχέστερον
907 1671 1139 1741 φάσκεις
1167 1689 1180 1701 ·
1242 1669 1368 1733 Πῶς
1415 1668 1651 1740 δύναμαι
1699 1669 1961 1739 σωθῆναι,

2310 1562 2545 1618 CXLIX.
2589 1595 2658 1606 —
2695 1565 3042 1624 PALATINO
3076 1568 3388 1625 PRIMATI.

2136 1651 2461 1722 Saepissime
2487 1657 2756 1720 inculcas,
2785 1673 3022 1728 quanam
3057 1661 3272 1716 ratione
3306 1661 3510 1716 salvari
3543 1677 3640 1732 po-
3680 1732 3688 1740 _

391 1742 815 1838 μυρίοιςβρύων
839 1767 953 1828 τοῖς
987 1763 1087 1832 τῆς
1125 1761 1306 1833 ψυχῆς
1344 1762 1579 1828 ἕλκεσιν,
1620 1761 1717 1815 καὶ
1748 1761 1962 1832 ἀμυθή-

2067 1749 2207 1807 tero,
2234 1742 2540 1803 innumeris
2565 1747 2762 1803 animae
2784 1750 3062 1806 ulceribus
3083 1760 3325 1819 scatens,
3350 1753 3639 1823 malisque,

2067 1850 2193 1866 nium
2215 1837 2396 1866 ..η-1ης..
2433 1839 2660 1866 Λ-νιι-εανιξ
2696 1851 2971 1866 ---....--..ι
3036 1843 3472 1866 --_r-_.:--2_.__-
3534 1854 3577 1866 -.
3611 1863 3629 1866 _

385 1837 493 1910 των
543 1856 1007 1927 ἐμπεπλησμένος
1055 1854 1280 1919 κακῶν,
1334 1853 1431 1907 καὶ⁵
1473 1853 1807 1924 φλεγόμενος
1856 1853 1960 1906 ὑπὸ

2067 1850 2193 1904 quae
2215 1837 2400 1893 verbis
2430 1839 2663 1908 exprimi
2696 1851 2999 1911 nequeunt,
3032 1843 3496 1910 confertissimus,
3527 1854 3580 1902 et
3607 1863 3639 1900 a

383 1949 483 2020 τῆς
508 1949 646 2012 ἰδίας
674 1948 953 2020 μοχθηρᾶς
972 1947 1364 2017 συνειδήσεωςς
1392 1945 1657 2017 Πρόσχες,
1683 1944 1960 2014 ἄνθρωπε,

382 2040 492 2094 κᾶν
521 2041 588 2093 ἐκ
623 2040 825 2110 μέρους
857 2042 922 2110 τῇ
963 2037 1308 2108 θεοπνεύστῳ
1345 2037 1571 2108 Γραφῇ,
1613 2037 1709 2090 καὶ
1743 2036 1847 2089 οὐκ
1895 2035 1963 2089 ἂν

385 2128 576 2198 σχεδίης
623 2129 816 2200 χρείαν
839 2129 939 2198 τῆς
986 2127 1125 2197 ὲμῆς
1161 2124 1466 2189 νουθεσίας.
1492 2123 1672 2179 ’Βλέπε
1703 2123 1758 2177 τί
1797 2139 1963 2194 φησιν

380 2223 410 2275 6
439 2221 768 2289 Σολομῶν-ἰ
813 2215 1238 2288 Ἑλεημοσύναις
1259 2219 1367 2288 γὰρ
1407 2217 1502 2272 καὶ
1548 2217 1797 2271 πίστεσιν
1829 2218 1964 2271 ἀπο-

380 2317 743 2387 καθαίρονται
797 2314 1080 2385 ἁμαρτίαι.
1126 2331 1144 2364 ι
1179 2312 1319 2383 Ὅρα
1366 2311 1420 2364 τί
1475 2309 1832 2382 συμὸουλεύει
1885 2309 1964 2380 τῷ

380 2407 864 2477 Ναϐουχοδονόσορ
885 2405 1082 2475 Δανιὴλ
1110 2406 1140 2457 6
1178 2405 1496 2475 προφήτης·
1535 2424 1553 2456 ι
1589 2403 1701 2466 Τὰς
1734 2402 1965 2473 ἀνομίας

380 2513 483 2551 σου
515 2499 574 2552 ἰν
609 2494 1000 2566 ὲλεημοσύναις
1039 2494 1312 2566 λύτρωσαι
1337 2536 1352 2560 ,
1393 2496 1492 2548 καὶ
1538 2493 1638 2558 τὰς
1690 2490 1964 2562 ἁμαρτίας

381 2607 487 2642 σου
534 2590 595 2641 ὲν
637 2590 941 2659 οίκτιρμοῖς
990 2589 1251 2658 πενήτων.
1287 2605 1306 2639 ›
1340 2586 1602 2656 Πείσθητι
1647 2584 1729 2656 τῷ
1775 2583 1964 2657 Σηρὰχ

379 2676 784 2747 παραινοῦντι·
841 2693 860 2728 ι
918 2675 1035 2748 Πῦρ
1102 2676 1495 2748 φλογιζόμενον
1572 2675 1964 2730 ἀποσϐέννυσιν

381 2767 554 2837 ὕδωρ,
581 2767 678 2820 καὶ
699 2767 980 2838 ἁμαρτιῶν
1001 2767 1174 2836 φλόγα
1191 2768 1474 2821 σϐέννυσιν
1491 2765 1849 2837 ἐλεημοσύνη.
1865 2782 1965 2816 »-

389 2878 408 2912 ι
432 2857 803 2929 Ἐλεημοσύνη
823 2858 930 2931 γὰρ
949 2863 1012 2915 ὲκ
1035 2859 1268 2916 θανάτου
1295 2860 1502 2932 ῥύεται,
1516 2858 1774 2912 »θανάτου
1794 2855 1966 2923 λέγων

385 2951 484 3004 τοῦ
529 2951 618 3005 διὰ
665 2952 964 3020 καταδίκης
1003 2951 1243 3021 φοὸερᾶς
1301 2951 1398 3003 καὶ
1428 2948 1753 3020 φρικώδους,
1782 2946 1874 3000 καὶ
1907 2944 1967 2998 τὸ

2065 1928 2296 1998 propria:
2343 1945 2526 2000 pravae
2565 1933 2919 1990 conscientiae
2945 1935 3207 1990 continuo
3242 1935 3478 1992 ﬂammis
3513 1953 3638 2006 per-

2065 2021 2262 2077 ustus?
2302 2021 2537 2089 Adverte
2581 2026 2844 2090 animum,
2893 2027 2970 2081 mi
3023 2027 3209 2094 homo,
3258 2029 3345 2084 vel
3384 2030 3640 2098 pusillum

2064 2112 2327 2168 divinitus
2368 2113 2652 2184 inspirata:
2704 2114 3030 2187 Scriptum,
3067 2125 3120 2172 et
3167 2133 3288 2174 mea
3331 2101 3643 2176 adhortatio

2066 2203 2331 2272 tibiOpns
2377 2219 2488 2258 non
2539 2205 2726 2260 fuerit.
2777 2206 3083 2263 Considera
3132 2209 3264 2279 quid
3309 2209 3457 2264 dicat
3485 2211 3640 2266 Salo.

2066 2307 2193 2349 mon
2229 2294 2273 2327 “
2315 2309 2334 2348 :
2377 2313 2397 2346 ‹
2427 2295 2805 2368 Eleemosynis
2836 2300 3006 2362 enim,
3037 2308 3092 2354 ct
3122 2299 3226 2355 ﬁde
3266 2311 3642 2373 expurgantur

2065 2393 2316 2454 peccata.
2359 2405 2378 2438 ι
2404 2385 2542 2444 Vide
2567 2389 2699 2459 quid
2723 2390 3249 2447 Nabuchodonosori
3290 2393 3476 2448 Daniel
3517 2409 3645 2465 pro-

2069 2475 2233 2544 pheta
2266 2479 2520 2533 consulat
2555 2497 2569 2533 :
2605 2498 2624 2532 ι
2662 2481 2990 2551 lniquitates
3022 2490 3146 2537 tuas
3180 2485 3232 2537 in
3272 2486 3642 2558 eleemosynis

2069 2567 2264 2633 libera,
2309 2578 2364 2624 et
2412 2579 2634 2640 peccata
2675 2579 2774 2628 tua
2823 2573 2879 2628 in
2929 2574 3382 2632 miserationibus
3431 2593 3642 2649 paupe-

2069 2675 2190 2717 rum
2237 2661 2303 2716 ⁸³.
2357 2681 2375 2715 ι
2431 2662 2609 2719 Crede
2666 2664 2896 2719 Siracho
2950 2665 3264 2720 adhortanti
3325 2687 3398 2723 ε(
3456 2667 3642 2738 ignem

2070 2767 2398 2809 succensum
2440 2770 2580 2826 aqua
2624 2757 2947 2827 exstinguit.
2976 2766 3030 2812 et
3059 2766 3410 2827 peccatorum
3453 2759 3643 2815 incen-

2069 2843 2219 2899 dium
2244 2847 2664 2918 eleemosyna”.
2690 2867 2710 2900 ι
2731 2867 2834 2900 -ι
2864 2849 3221 2921 Eleemosyna
3245 2851 3390 2904 enim
3415 2866 3444 2904 a
3468 2859 3642 2908 morte

2069 2936 2269 2992 liberat
2303 2938 2368 3004 “,
2407 2957 2426 2990 ι
2467 2946 2699 2993 mortem
2743 2941 3015 3010 repellens
3053 2957 3152 3011 per
3193 2942 3534 2997 tremendam
3578 2957 3642 2998 ac

2068 3026 2372 3083 terribilem
2419 3028 2930 3085 condemnationem
2983 3031 3224 3096 illatam,
3279 3041 3333 3088 et
3383 3034 3642 3090 tenebras

1993 3151 2036 3207 Ε
2072 3115 2340 3186 ingestas,
2377 3127 2437 3172 ut
2460 3118 2661 3175 Tobias
2681 3129 2736 3174 et
2767 3121 3028 3176 Salomon
3060 3124 3422 3180 arbitrantur.

2246 3205 2405 3277 190
2435 3205 2540 3262 CL.
2576 3238 2648 3250 —
2687 3208 2991 3266 RHEGINO
3041 3211 3460 3270 SCRINIABIO.

2135 3295 2253 3350 Non
2289 3299 2452 3353 homo
2481 3300 2710 3371 simplex
2752 3303 3060 3362 communis
3091 3305 3364 3371 Salvator,
3400 3314 3455 3361 et
3499 3307 3638 3364 bene

2064 3387 2134 3443 de
2183 3390 2446 3446 omnibus
2489 3393 2720 3446 meritus
2763 3393 3039 3461 Christus,
3085 3397 3225 3454 Deus
3288 3399 3340 3452 in
3399 3399 3638 3454 humana

2065 3478 2239 3533 forma
2267 3481 2443 3536 oculis
2472 3481 2648 3546 visus,
2693 3491 2747 3538 et
2788 3486 3033 3556 propria,
3063 3503 3183 3559 qum
3214 3490 3370 3545 nullo
3409 3503 3639 3561 peccato

2063 3571 2343 3642 nullisque
2386 3573 2646 3631 sordibus
2693 3577 3100 3646 succumbebat,
3143 3596 3331 3650 carne,
3367 3599 3467 3652 pro
3509 3599 3639 3654 pec-

2063 3662 2202 3718 catis
2255 3662 2538 3717 hominum
2587 3673 2818 3722 mortem
2865 3670 3146 3727 voluntate
3195 3674 3416 3744 propria
3473 3675 3640 3731 susti-

2065 3753 2204 3808 nuit.

384 3042 602 3110 σκότος,
653 3044 728 3108 ὼς
759 3042 952 3114 Τωϐὴθ
985 3043 1078 3096 καὶ
1113 3041 1419 3113 Σολομῶντι
1449 3041 1617 3094 δοκεῖ.

685 3219 813 3272 PN'.
842 3247 913 3259 -
945 3217 1204 3289 ΡΗΓΙΝῼ
1235 3213 1659 3287 smmum.

458 3309 574 3364 Οὐκ
604 3309 890 3380 ἄνθρωπος
919 3308 1072 3379 ψιλὸς
1104 3311 1132 3362 6
1157 3308 1336 3370 κοινὸς
1370 3308 1562 3378 Σωτὴρ
1593 3307 1690 3360 καί¹
1741 3305 1966 3376 εὐεργέ-

379 3417 489 3470 της
524 3401 760 3472 Χριστὸς
781 3443 796 3467 ,
843 3399 976 3464 Θεὸς
1013 3401 1072 3454 δὲ
1108 3400 1308 3470 μᾶλλον
1343 3401 1403 3473 ὲν
1432 3399 1750 3471 ἀνθρωπίνῃ
1777 3398 1964 3467 ὀφθεὶς

386 3497 612 3566 μορφῇ,
663 3492 760 3546 καὶ
799 3493 865 3564 τῇ
919 3491 1026 3563 ἰδίᾳ
1070 3492 1471 3563 ἀναμαρτήτῳ,
1525 3492 1619 3543 καὶ
1672 3491 1964 3561 ἀμωμήτῳ

382 3589 600 3658 σαρκὶ,
646 3587 738 3639 τὸν
772 3586 912 3658 ὑπὲρ
965 3585 1074 3638 τῶν
1135 3584 1494 3654 ἀνθρωπίνων
1545 3583 1962 3654 ἁμαρτημάτων

382 3677 616 3734 θάνατον
644 3679 942 3747 ὑπομείνας
975 3675 1279 3748 βουλήματι
1311 3675 1521 3745 οἰκείῳ.

2422 3849 2552 3905 CLI.
2589 3884 2656 3893 —
2692 3852 2901 3909 LUCIO
2941 3852 3261 3909 TBIBUNO.

2136 3936 2280 4003 Quot
2315 3943 2535 4009 quoties
2573 3945 2824 4000 homines
2859 3961 3058 4002 corvos
3089 3947 3302 4016 laqueis
3338 3957 3392 4000 et
3427 3949 3637 4003 retibus

2066 4039 2368 4097 ceperunt,
2430 4037 2693 4105 corvique
2753 4037 2898 4104 capti
2957 4037 3233 4106 prepriam
3289 4039 3634 4095 venationem

2066 4129 2458 4192 capturamque
2494 4141 2600 4178 non
2653 4108 3003 4179 didicerunt?
3033 4128 3098 4179 Et
3137 4127 3235 4181 tibi
3275 4129 3531 4196 quidem,
3577 4140 3636 4186 ut

2065 4213 2300 4275 asseris,
2361 4215 2512 4268 corvi
2579 4212 2823 4268 futurum
2892 4217 3298 4285 praenuntiant,
3360 4228 3448 4284 et,
3514 4238 3638 4291 qua:

689 3853 868 3911 PNA'.
905 3886 976 3896 -—
1000 3855 1261 3926 ΛΟΥΚΙῼ
1294 3855 1660 3927 ΤΡῙΒΟΥΝῼ.

398 3937 405 3942 ’
455 3949 623 4002 Πόσοι
670 3948 904 4010 ποσάκις
952 3947 1229 4018 ἄνθρωποι
1279 3947 1524 4014 κόρακας
1608 3947 1801 4016 παγίσι
1871 3950 1966 4000 καὶ

367 4025 589 4108 ’δικτύῳ
613 4027 904 4107 ὲθήρασαν,
935 4037 1026 4089 καὶ
1048 4035 1276 4105 ἠγνόουν
1305 4038 1354 4089 οί
1379 4035 1700 4099 πιασθέντες
1731 4037 1966 4106 κόρακες

373 4129 489 4198 τὴν
523 4129 705 4182 αὐτῶν
742 4129 917 4198 θήραν
951 4145 1010 4180 τε
1071 4127 1162 4180 καὶ
1195 4127 1486 4197 omnem;
1521 4128 1614 4180 Σοὶ
1643 4128 1699 4180 δὲ
1745 4145 1961 4198 προμη-

373 4220 576 4273 νύουσι
603 4261 619 4288 ,
668 4219 850 4282 καθὼς
881 4219 1061 4287 λέγεις
1088 4260 1102 4282 ,
1151 4217 1213 4270 τὸ
1247 4218 1439 4288 μέλλον
1467 4219 1516 4271 οἱ
1559 4219 1829 4289 κόρακες,
1869 4219 1965 4271 καὶ

371 4313 741 4380 προγνῶσται
813 4311 904 4364 καὶ
949 4310 1228 4380 προφῆται
1276 4305 1383 4361 τῶν
1426 4309 1652 4379 μηδέπω
1681 4311 1962 4381 παρόντων

2065 4303 2319 4372 nu5piam
2350 4312 2499 4370 sunt,
2528 4320 2716 4360 eorum
2757 4306 2856 4361 tibi
2897 4314 2950 4360 et
2981 4309 3365 4377 praecinentes,
3394 4320 3447 4365 et
3481 4322 3636 4368 vates

293 4427 298 4431 -
368 4403 736 4474 εὑρίσκονται
766 4403 1026 4470 κόρακες,
1055 4402 1106 4454 οί
1137 4401 1234 4471 τὴν
1267 4401 1388 4454 κατ’
1416 4400 1597 4454 αὐτῶν
1631 4400 1960 4471 μηχανηθεῖ-

2065 4395 2280 4466 ρινωεοίἰ
2317 4405 2665 4466 reputantur,
2715 4399 2807 4468 qui
2859 4409 3051 4454 contra
3101 4415 3223 4456 sese
3267 4413 3634 4471 prmparatiint

368 4513 487 4550 σαν
529 4497 731 4564 παγίδα
778 4495 1043 4566 μηδαμῶς
1086 4493 1419 4560 ἐγνωκότες,
1469 4492 1564 4547 καὶ
1611 4494 1703 4548 τὸν
1753 4493 1960 4548 ἑαυτῶν

2065 4486 2320 4556 laqueum
2349 4489 2499 4544 nullo
2538 4489 2698 4544 modo
2735 4490 3092 4559 dignoscunt,
3127 4493 3520 4562 propriumque
3547 4493 3635 4546 in-

367 4587 606 4658 ὖλεθρον
633 4585 1016 4655 ἀγνοήσαντες.
1064 4582 1358 4652 Ἀπόστηθι
1397 4581 1686 4651 τοιγαροῦν
1730 4583 1830 4654 τῆς
1867 4585 1962 4655 ὀρ-

2065 4584 2288 4638 teritum
2322 4599 2430 4638 non
2463 4584 2794 4655 intelligunt.
2826 4585 2970 4641 Cave
2994 4587 3093 4641 tibi
3117 4602 3248 4656 ergo
3282 4588 3348 4641 ab
3381 4585 3632 4654 augurio.

365 4677 708 4739 νεοσκοπίας
735 4692 750 4706 ⁶
798 4676 942 4740 τινὲς
994 4675 1102 4744 γὰρ
1135 4674 1311 4744 ταύτῃ
1353 4675 1834 4744 προσεσχηκότες,
1883 4677 1962 4740 ὡς

2065 4672 2324 4729 Nonnulli
2362 4677 2563 4731 etenim
2625 4678 2703 4730 illi
2751 4681 2992 4732 animum
3027 4677 3406 4743 advertentes,
3448 4691 3637 4733 errore

363 4770 532 4834 ἄξιοι
557 4769 654 4839 τῆς
688 4767 934 4836 πλάνης,
981 4767 1076 4818 καὶ
1123 4766 1223 4828 τὰς
1267 4765 1376 4817 τῶν
1416 4765 1669 4834 κοράκων
1706 4767 1962 4836 σημειού-

2065 4768 2159 4820 tali
2202 4768 2347 4822 haud
2386 4769 2618 4839 indigni,
2664 4771 2986 4840 volatusque
3023 4785 3314 4825 corvorum
3351 4770 3632 4835 adversos,

365 4876 542 4931 μενοι
587 4861 855 4928 πτήσεις,
900 4858 1000 4919 τάς
1043 4873 1102 4908 τε
1141 4857 1407 4920 ὲνωπίας,
1449 4857 1545 4909 καὶ
1590 4857 1690 4920 τὰς
1738 4858 1804 4909 ὲκ
1849 4857 1962 4910 τῶν

2066 4871 2423 4927 aversosque,
2473 4867 2528 4913 et
2571 4875 2736 4930 supra
2786 4868 2972 4930 caput,
3013 4867 3066 4914 et
3104 4859 3168 4913 ad
3212 4860 3354 4914 latus
3393 4858 3636 4913 circum-

357 4949 629 5011 ὄπισθεν,
663 4949 759 5002 καὶ
792 4947 888 5008 τὰς
917 4947 1055 5016 ὑπὲρ
1086 4945 1328 5016 κεφαλὴν
1357 4945 1556 4999 κύκλον
1589 4947 1961 5017 περιγραφού-

2065 4947 2286 5013 itiones,
2320 4963 2444 5002 cum
2497 4951 2728 5019 improbi
2779 4951 3058 5006 daemones
3103 4966 3228 5004 cum
3287 4951 3469 5005 corvis
3525 4965 3631 5004 una

359 5057 475 5103 σας
496 5080 514 5101 ,
571 5041 660 5092 καὶ
692 5039 792 5100 τὰς
837 5039 929 5090 ἐπὶ
956 5037 1024 5090 τὰ
1059 5037 1273 5105 πλάγια
1307 5037 1650 5107 φερομένας,
1690 5037 1960 5108 δαιμόνων

2065 5041 2303 5105 avoleut,
2332 5048 2385 5096 et
2407 5041 2473 5095 ad
2497 5044 2829 5111 pererrantis
2859 5043 3096 5099 hominis
3134 5043 3462 5097 sententiam
3482 5044 3633 5098 vola-

2062 5140 2154 5187 tus
2201 5133 2384 5186 avium
2433 5142 2633 5204 agant,
2692 5133 3054 5201 denotantes,
3099 5148 3308 5188 necnon
3348 5141 3402 5187 et
3443 5148 3632 5188 eorum

2063 5240 2228 5280 voces
2267 5226 2630 5295 excipientes,
2656 5227 2818 5296 longe
2851 5241 2879 5278 a
2909 5224 3013 5280 ﬁde
3043 5226 3095 5278 in
3129 5222 3409 5278 Christum
3443 5223 3632 5279 Salva-

2066 5323 2239 5370 torem
2281 5326 2652 5382 recesserunt,
2681 5326 2736 5371 et
2768 5319 2822 5370 in
2856 5318 2976 5371 vitae
3016 5331 3080 5370 ac
3121 5315 3464 5371 fortunarum
3491 5319 3635 5386 peri-

2067 5409 2190 5462 cula
2238 5408 2574 5463 inevitabilia
2621 5408 2951 5468 inciderunt,
3005 5418 3057 5461 et
3103 5407 3230 5462 licet
3281 5421 3375 5476 spe
3429 5409 3634 5475 Optima

2068 5498 2191 5552 freti
2226 5508 2448 5568 propter
2483 5513 2772 5553 corvorum
2817 5498 3019 5566 optima
3057 5497 3164 5552 illis
3199 5497 3458 5550 adnotata
3497 5497 3635 5549 vati-

2069 5589 2236 5655 cinia,
2263 5597 2386 5659 post
2407 5589 2695 5644 innumera
2721 5588 2917 5642 damna
2952 5603 3015 5642 ac
3045 5588 3386 5650 discrimina,
3418 5584 3633 5643 tandem

357 5130 637 5200 πονηρῶν
669 5129 829 5198 δῆλον
875 5129 958 5180 ὃτι
989 5127 1417 5198 συμπετομένων
1455 5129 1568 5190 τοῖς
1597 5128 1788 5197 κόραξι
1815 5167 1832 5193 ,
1865 5130 1960 5183 καὶ

354 5225 523 5297 πρὸς
570 5223 664 5294 τὴν
713 5220 811 5274 τοῦ
845 5219 1224 5288 Δπλανωμένου
1275 5218 1568 5290 ἀνθρώπου
1604 5221 1859 5276 ὑπόνοιαν
1891 5225 1958 5293 τῇ

350 5318 583 5387 πτήσει
630 5314 910 5384 φερόντων
941 5313 1009 5365 τὰ
1041 5312 1205 5381 ὄρνεα
1231 5328 1245 5343 ·
1280 5312 1484 5382 ὁμοίως
1527 5312 1708 5382 μέντοι
1740 5315 1836 5368 καὶ
1863 5315 1960 5378 τὰς

347 5413 590 5464 τούτων
616 5408 803 5476 φωνὰς
840 5403 1249 5474 σημειούμενοι,
1281 5403 1704 5474 ἀπεξενὼθησαν
1734 5407 1832 5476 μὲν
1861 5408 1961 5476 τῆς

347 5508 444 5566 εἰς
481 5500 729 5570 Χριστὸν
788 5497 880 5550 τὸν
932 5498 1164 5565 Σωτῆρα
1212 5497 1475 5560 πίστεως,
1525 5497 1850 5566 ἀνηκέστοις
1901 5497 1959 5550 δὲ

347 5592 720 5664 κλιματῆρσι
743 5589 1152 5658 περιπεσόντες,
1182 5588 1353 5640 καίτοι
1380 5587 1596 5658 χρηστὰ
1619 5588 1958 5652 ἐλπίσαντες,

470 5770 526 5803 σε
587 5762 754 5821 Prov.
777 5764 976 5828 xv,27.
1068 5765 1111 5796 θ’
1141 5764 1274 5818 Dan.
1306 5780 1378 5832 tv,
1410 5766 1499 5819 Ἡ.
1578 5766 1622 5798 ⁵⁸
1656 5763 1825 5818 Eccli.
1867 5779 1946 5831 Ill,

2065 5807 2067 5817 .
2146 5764 2189 5796 "‘
2232 5763 2368 5821 Tol).
2407 5780 2506 5830 xu,
2533 5765 2586 5820 8.
