4064 6160
421 357 522 424 2'71

427 469 596 534 tristi,
625 454 1058 524 detestandoquc
1098 449 1205 502 ﬁne

428 558 665 619 rationis
698 553 842 608 enim
880 547 1098 615 injustm
1141 551 1349 611 pravos
1383 535 1522 588 ﬁnes
1563 533 1631 596 ⁸⁵,
1668 528 1868 582 divinze
1898 531 2010 577 tra-

431 655 571 708 dunt
607 646 758 716 191
803 640 1042 693 Litterae
1094 632 1153 686 Si
1204 631 1392 706 itaque
1444 625 1542 680 tibi
1582 624 1640 676 in
1687 620 1874 674 animo
1904 623 2009 681 est,

432 745 738 798 tlaantonum
764 739 1021 786 venatum
1048 723 1311 794 eﬂugere,
1330 717 1538 773 nullam
1558 726 1800 783 unquam
1823 708 2016 764 obser-

434 836 706 892 vationem
730 828 890 895 longe
922 805 1120 876 animo.
1139 814 1467 889 prospicias,
1500 824 1610 864 non
1639 806 1876 867 volatus,
1906 815 2014 854 non

436 928 614 980 avium
641 932 830 980 voces,
859 929 967 968 non
999 908 1361 966 animantium
1389 903 1526 967 sive,
1545 915 1604 956 ea
1638 906 1850 955 ratione
1879 905 2016 962 prte-

435 1018 546 1072 dita
576 1013 708 1078 sint,
747 1009 863 1063 sive
898 1006 1048 1058 illius
1084 999 1355 1070 expertia,
1387 1005 1675 1055 occursus,
1712 1002 1822 1042 non
1862 986 2022 1038 invo-

436 1111 706 1169 cationes,
738 1117 849 1157 non
891 1108 1198 1167 regressus,
1239 1104 1348 1143 non
1399 1086 1592 1139 inanes
1628 1088 1827 1142 sortes,
1861 1082 1934 1139 et,
1963 1082 2023 1128 ut

438 1203 608 1260 verbo
637 1193 945 1266 expediam,
975 1186 1111 1243 nihil
1141 1179 1484 1241 observabis,
1517 1173 1625 1229 nisi
1652 1177 1864 1226 tantum
1895 1179 2023 1236 pec-

438 1303 650 1350 catum.
683 1287 875 1358 Opera:
896 1280 1049 1336 enim
1086 1274 1320 1347 pretium
1356 1276 1442 1325 est
1472 1267 1541 1321 ab
1570 1279 1634 1320 ea
1664 1261 1770 1318 sibi
1809 1271 2022 1322 cavere,

443 1397 498 1441 et
530 1351 795 1441 continuo
829 1393 859 1430 a
887 1389 947 1429 se
976 1369 1262 1441 repellere.
1293 1361 1432 1418 lllud
1452 1372 1671 1430 quoque
1694 1369 1761 1408 ne
1785 1360 1838 1406 te
1865 1351 2028 1403 lateat

447 1477 634 1539 velim,
698 1465 981 1526 nonnullis
1030 1440 1373 1520 hominibus,
1426 1453 1522 1523 qui
1576 1445 1862 1519 gentilium
1919 1440 2029 1494 ritu

449 1569 615 1624 noxia
635 1565 726 1619 illa
756 1563 1070 1630 captarunt,
1103 1565 1247 1620 saepe
1276 1545 1479 1616 saepius
1505 1542 1580 1597 ita
1615 1539 1723 1594 illis
1757 1533 2029 1596 evenisse,

449 1767 598 1815 rum,
632 1755 726 1803 aut
755 1755 1072 1816 porcorum,
1098 1743 1194 1790 aut
1224 1743 1445 1792 canum,
1470 1733 1563 1780 aut
1585 1722 1868 1778 hominum
1895 1729 2037 1788 pras-

1895 325 1954 385 S.
1997 321 2161 384 NILl

1247 442 1417 499 vitam
1465 442 1792 510 posuerunt.
1833 431 2003 487 Gene-
2036 437 2081 490 Α
2107 428 2196 484 διὰ
2242 424 2341 493 τὴν
2395 420 2502 472 τῶν

2120 486 2424 591 σημασίαν,
2461 511 2601 586 μετά
2627 507 2827 580 μυρίας
2860 503 3064 573 ζημίας
3093 498 3189 553 καὶ
3219 493 3508 565 βασάνους,
3543 486 3702 540 ὓστε-

2248 581 2476 678 τιονηρῶ
2528 601 2624 654 καί⁸
2653 594 2943 664 ἀπευκτέῳ
2968 591 3111 671 τέλει
3139 588 3232 642 τὸν
3265 585 3379 656 βίον
3405 581 3705 650 κατέστρε-

2118 669 2249 774 llum.
2539 692 2649 762 γὰρ
2705 687 2888 742 ἀδίκου
2949 669 3166 754 πονηρά
3213 677 3285 733 τά
3333 675 3506 744 τέλη,
3560 669 3708 725 καθά

3593 279 3700 343 272

2552 414 2805 486 κοράκων
2856 408 3018 480 δῆθεν
3059 401 3352 472 καλλίστην
3383 394 3697 467 δειχθεῖσαν

2125 763 2291 867 (ρησιν
2321 794 2358 864 ἡ
2386 788 2605 860 Γραφή.
2646 784 2710 836 Εἰ
2739 780 2918 834 τοίνυν
2949 775 3128 847 βούλει
3162 771 3422 840 ἐκφυγεῖν
3451 764 3562 818 τῶν
3593 763 3710 816 δαι-

2130 857 2306 959 μόνων
2336 857 2660 953 τὴν-θήραν,
2699 869 2974 944 μηδεμίαν
3004 865 3272 937 μηδέποτε
3321 857 3712 928 παρατήρησιν

2130 944 2405 1040 σκόπευε,
2447 944 2551 1043 μη
2583 967 2854 1037 πτήσεις,
2915 959 3050 1032 μηδὲ
3101 954 3285 1024 φωνάς
3335 950 3577 1024 ὀρνέων,
3637 944 3714 1016 μὴ

2129 1039 2465 1138 ὑπαντήσεις
2489 1039 2761 1116 παντοίων
2812 1053 2966 1119 ζώων
2991 1048 3229 1117 λογικῶν
3251 1046 3284 1116 ἢ
3312 1044 3545 1112 ἀλόγων,
3574 1039 3716 1110 μήτε

2129 1164 2230 1226 τάς
2261 1130 2588 1228 ἀνακλήσεις
2628 1151 2724 1205 καὶ
2777 1150 2904 1210 τοὺς
2933 1139 3360 1210 ἀναποδισμοὺς,
3397 1136 3536 1206 μήτε
3579 1130 3719 1200 κλη-

2133 1214 2612 1324 δόναςματάίαςν,
2653 1242 2752 1298 καὶ
2790 1234 3127 1302 ἁπαξαπλῶς
3179 1229 3347 1302 μηδὲν
3386 1214 3718 1298 παρατηρή-
3807 1261 3813 1267 .

2137 1359 2286 1405 σεις,
2319 1317 2366 1392 el
2408 1335 2484 1407 μὴ
2515 1335 2612 1404 τὴν
2661 1329 2960 1402 ἁμαρτίαν.
3020 1324 3312 1396 Χρήσιμον
3365 1317 3476 1388 γάρ
3540 1330 3722 1384 παρα-

2135 1429 2427 1503 τηρεῖσθαι
2450 1425 2679 1493 ταύτην,
2698 1421 2792 1475 καὶ
2813 1415 3151 1473 ἀπωθεῖσθαι
3178 1408 3464 1480 διηνεκῶς.
3483 1407 3722 1460 Κάκεῖνο

2138 1485 2532 1590 δεηγινὼσκειν
2583 1485 2921 1587 βουλόμεθα,
2965 1510 3159 1577 ὅτιπερ
3215 1503 3359 1556 τισὶν
3409 1485 3723 1569 ἀνθρώποις

2009 1585 2036 1661 :-
2141 1585 2702 1686 rtap'arnpqcuuévm;
2757 1604 2838 1674 τῷ
2901 1594 3202 1670 Ἐλληνικῷ
3251 1594 3364 1647 ἔθει
3419 1592 3604 1646 ἐκεῖνα
3654 1585 3727 1640 τά

2142 1679 2492 1777 ψυχοϐλ-αϐἦ,
2525 1698 2726 1769 συνέϐη
2756 1694 3017 1757 πολλάκις
3049 1687 3244 1754 οὕτως,
3278 1685 3467 1752 ὥσπερ
3495 1679 3728 1750 ὑπενόη-

453 1774 598 1815 l'lllll,
632 1774 726 1803 aut.
757 1774 1072 1816 μυιυυιυιιι,
1098 1774 1194 1790 ιιι--
1224 1774 1445 1792 ηιμ-...πη
1471 1774 1561 1780 ...η
1588 1774 1712 1778 ,-η--
1895 1774 1912 1788 _

453 1843 720 1905 dictione,
757 1837 850 1893 sed
879 1831 1088 1904 judicio
1118 1827 1214 1880 Dei
1251 1819 1534 1894 punientis
1573 1823 1626 1871 et
1659 1810 2039 1868 inﬁdelitatem

2166 1815 2267 1864 παν,
2304 1796 2405 1849 οὐκ
2440 1797 2505 1849 ὲκ
2537 1794 2637 1864 τῆς
2675 1790 2980 1860 δυνάμεως,
3013 1784 3109 1838 καὶ
3139 1781 3240 1851 τῆς
3269 1774 3728 1849 προαγορεύσεως

2189 1890 2215 1903 ὀ
2303 1889 2413 1905 ’λυ
2835 1882 2863 1905 n
2905 1880 3104 1905 μιν...
3160 1875 3193 1905 ιι
3458 1862 3728 1905 ascitas.

457 1949 653 1992 corum
713 1899 1034 1985 deridentis.
1081 1938 1101 1972 ι
1152 1917 1383 1972 Tribuat
1435 1909 1582 1966 enim
1631 1904 1730 1959 tibi
1777 1899 2042 1954 Dominus

461 2023 768 2084 secundum
804 2032 902 2074 cor
945 2023 1126 2075 tuutn,
1167 2016 1225 2064 et
1259 2007 1351 2061 liat
1379 2001 1500 2066 tibi,
1539 1999 1634 2062 ait,
1679 1991 2044 2066 quemadmo-

461 2121 594 2176 dum
618 2106 951 2183 exspectasti
991 2106 1036 2137 ⁶⁶
1070 2121 1084 2157 :
1126 2120 1144 2152 ι
1190 2106 1244 2153 et
1272 2096 1500 2151 obruatn
1533 2097 1588 2144 te
1615 2082 2045 2145 calamitatibus,

463 2220 521 2268 et
559 2201 972 2263 afﬂictionibus,
1005 2205 1059 2250 et
1091 2189 1448 2250 mmroribus,
1488 2195 1609 2252 quae
1637 2191 1817 2248 pravae
1859 2174 2050 2229 observ

461 2302 671 2360 vationi
700 2299 896 2360 ﬁdens,
924 2261 1157 2346 timuisti
1181 2301 1195 2338 ι
1229 2289 1288 2337 ut
1308 2277 1529 2334 tandem
1552 2267 1847 2341 aliquando
1870 2261 2052 2318 delusi

465 2398 547 2454 illi
575 2391 854 2467 prepriam
898 2380 1191 2441 stultitiam
1221 2374 1562 2441 detegentes,
1594 2363 1826 2418 sincerae
1874 2353 2054 2426 poeni-

452 2445 658 2544 'tentriae
679 2445 806 2553 ope,
838 2469 1195 2532 exsecranda:
1223 2465 1305 2520 illi
1328 2453 1702 2517 observationi
1744 2449 1906 2504 ﬁnem
1949 2445 2055 2500 im-

470 2547 809 2650 ponantiet
856 2565 1058 2622 divinas
1118 2551 1482 2628 providentiae
1530 2547 1589 2601 in
1633 2549 1917 2615 posterum
1969 2550 2058 2590 res

473 2627 704 2650 νν---ηη
1124 2627 1136 2628 ,

457 2666 730 2742 'proprias
757 2656 1191 2728 committentes,
1232 2642 1511 2717 propriam
1533 2636 1774 2691 animam
1804 2627 1956 2684 omni
1991 2640 2056 2680 ex

476 2766 631 2830 parte
661 2753 726 2808 ad
752 2751 921 2804 Deum
958 2743 1249 2799 reducant.

2148 1862 2260 1945 τῶν
2291 1889 2493 1944 ἀθλίων
2523 1862 2800 1956 κοράκων,
2835 1882 2868 1951 ἢ
2905 1880 3126 1951 χοίρων,
3160 1875 3195 1943 ἢ
3228 1871 3425 1935 κυνῶν,
3458 1862 3732 1938 ἢάνθρώ·

2151 2002 2289 2048 πων,
2324 1980 2440 2036 ἀλλ’
2471 1981 2535 2033 ὲκ
2574 1955 2673 2048 τῆς
2702 1975 2795 2030 τοῦ
2829 1972 2965 2027 Θεοῦ
2993 1969 3257 2041 κρίσεως,
3287 1962 3610 2025 κολάζοντος
3638 1955 3735 2011 καὶ

2152 2073 2654 2147 ὲκμυκτηρίζοντος
2683 2069 2783 2139 τὴν
2811 2064 3070 2121 ἀπιστίαν
3098 2057 3302 2112 αὐτῶν.
3323 2073 3342 2106 ι
3368 2051 3488 2122 Δῴη
3517 2049 3626 2119 γάρ
3652 2062 3735 2100 σοι

2154 2145 2360 2240 Κύριος
2402 2166 2545 2221 κατὰ
2583 2164 2682 2234 τὴν
2724 2159 2954 2232 καρδίαν
3005 2171 3133 2219 σου,
3187 2149 3281 2204 καὶ⁸
3311 2145 3598 2217 γενηθήτω
3627 2157 3733 2205 σοι,

2167 2262 2324 2332 φησὶ,
2354 2259 2502 2314 καθά
2524 2257 2955 2327 προσεδόκησας
2987 2272 3006 2305 ι
3043 2253 3138 2306 καὶ
3166 2246 3476 2318 συγκλείσω
3507 2259 3569 2295 σε
3598 2257 3740 2309 συμ-

2158 2330 2378 2426 ιροραῖς,
2407 2352 2503 2405 καὶ
2536 2348 2757 2411 λύπαις,
2793 2346 2889 2400 κα)⁴
2925 2344 3192 2414 θλίψεσιν,
3227 2341 3407 2410 ἀσπερ
3439 2334 3534 2391 καὶ
3567 2330 3740 2400 πεφόο

2161 2419 2328 2513 ὁηίκτιι
2361 2444 2426 2513 τῇ
2459 2438 2704 2511 σημασίᾳ
2733 2439 2798 2508 τῇ
2847 2435 3029 2505 φαύλῃ
3083 2433 3408 2502 πειθόμενος
3430 2444 3447 2459 ο
3481 2427 3628 2487 ὅπως
3677 2419 3746 2476 ἄν

2156 2551 2288 2586 ποτε
2319 2535 2398 2596 είς
2443 2531 2742 2599 ἐπίγνωσιν
2799 2527 3051 2588 ἐλθόντες
3103 2525 3206 2594 τῆς
3255 2519 3470 2575 ἑαυτῶν
3527 2529 3749 2584 ματαιο-

2158 2624 2432 2696 φροσΰνης
2451 2625 2500 2676 οἱ
2521 2618 2978 2692 ἐξαπατηθέντες,
2997 2617 3093 2671 καὶ
3118 2612 3380 2686 μετανοίᾳ
3404 2605 3750 2679 χρησάμενοι

2159 2694 2362 2786 ἀγαθῇ,
2401 2712 2718 2766 παύσωνται
2761 2710 2860 2782 μὲν
2884 2711 2986 2780 τῆς
3008 2705 3452 2776 παρατηρήσεως
3478 2697 3580 2767 τῆς
3615 2694 3748 2765 βδε-

514 2785 631 2812 auu:
661 2785 726 2808 au
754 2785 921 2804 νου...-
961 2785 1249 2799 ..Νη--.η

475 2785 668 2920 λυρᾶς,
711 2845 787 2913 »τῇ
823 2839 878 2892 δὲ
907 2835 1028 2906 θεία
1100 2825 1330 2902 προνοίᾳ
1395 2819 1466 2874 τά
1510 2816 1631 2871 καθ’
1676 2810 1902 2873 ἑαυτοὺς
1939 2805 2126 2861 λοιπὸν
2167 2785 2600 2879 ἐπιτρέψαντες,
2655 2801 2995 2874 πανταχόθεν
3041 2798 3141 2869 τὴν
3194 2797 3330 2851 ίδὶαν
3385 2791 3566 2863 ψυχὴν
3613 2785 3756 2859 πρὸς

478 2947 612 3003 Θεὸν
642 2938 1011 3005 ὲπανάγωσιν.

815 3043 988 3102 ~CL‘ll.
1023 3069 1094 3081 -—
1131 3030 1396 3092 MARONI
1435 3023 1696 3084 COMITI.

2512 3014 2684 3069 PNB'.
2705 3041 2776 3056 --
2798 3009 3064 3067 ΜΑΡΩΝΙ
3091 3004 3390 3062 ΚΟΜΗΤΙ.

551 3170 630 3227 Ne
655 3159 1012 3236 blasphemiae
1038 3152 1293 3224 spiritum
1327 3144 1527 3215 saepius
1559 3137 1652 3192 Dei
1684 3129 1911 3192 amanti,
1946 3140 2061 3198 pm

2242 3137 2316 3190 Τὸ
2344 3136 2443 3205 τῆς
2477 3133 2829 3205 βλασφημίας
2859 3127 3103 3199 πνεῦμα,
3131 3124 3192 3178 τὸ
3222 3117 3592 3193 παρενοχλοῦν
3641 3134 3752 3171 πυ-

2255 3232 2265 3236 _
2317 3227 2320 3232 .
2481 3231 2505 3236 _
2581 3229 2606 3236 _
2702 3225 2719 3236 .
2766 3225 2822 3236 -.
3003 3221 3017 3236 .
3063 3222 3074 3236 .
3118 3217 3227 3236 ,,,n,~
3259 3214 3454 3236 ____:!..
3517 3209 3752 3236 ....:n...

483 3271 673 3337 haeque
709 3270 816 3315 tua:
843 3255 1039 3310 anima:
1063 3243 1370 3300 molestiam
1395 3233 1743 3292 exhibentem
1773 3223 1884 3279 ullo
1908 3219 2071 3274 modo

1398 3329 1410 3337 '
1628 3331 1640 3337 -
1688 3321 1702 3337 ‘
1735 3311 2044 3337 -~-ﬂ-..-.u:..

486 3311 840 3416 extimescas,
871 3348 982 3401 imo
1015 3353 1139 3395 eum
1181 3341 1236 3389 et
1272 3329 1550 3389 oratione,
1593 3331 1649 3378 et
1688 3311 2071 3374 beneﬁcentia,

487 3459 544 3507 et
582 3402 975 3518 Oppressorum
1003 3425 1299 3490 subsidiis,
1334 3428 1389 3476 et
1423 3412 1738 3476 tolerantia,
1769 3417 1824 3464 et
1854 3402 2075 3460 humili-

412 3550 419 3556 '
488 3505 636 3605 tate,“
657 3547 712 3592 et
741 3545 871 3602 erga
909 3537 1106 3583 servos
1136 3527 1264 3573 tuos
1301 3512 1461 3584 192
1504 3505 1847 3563 humanitate
1879 3512 2074 3570 percu-

499 3635 668 3694 tiens,
712 3627 937 3694 impete.
971 3614 1099 3670 Haec
1137 3609 1308 3671 enim,
1343 3613 1399 3660 et
1430 3603 1515 3657 his
1549 3595 1750 3654 similia
1784 3609 1853 3649 ex
1893 3589 2080 3644 animo

494 3737 591 3781 tuo
612 3716 878 3790 repellere
906 3713 1138 3782 possunt
1163 3697 1462 3758 exitiosum
1497 3693 1826 3750 daemonem,
1862 3684 1958 3759 qui
1985 3681 2081 3736 tibi

494 3816 861 3891 cogitationes
912 3804 1173 3862 eﬁeratas
1221 3804 1294 3852 ret
1349 3791 1546 3862 impias
1623 3793 1819 3842 contra
1881 3792 1968 3846 te,
2027 3783 2084 3832 et

495 3878 711 3966 Nuvmen
748 3903 950 3971 ipsum,
995 3901 1050 3948 et
1083 3895 1388 3948 creaturas,
1430 3887 1485 3935 et
1529 3883 1776 3938 sanctos,
1821 3878 1874 3926 et
1917 3881 2085 3924 vene-

496 3999 670 4059 randa
706 3989 971 4064 mysteria
1002 3981 1297 4055 suggerere
1331 3973 1518 4029 audet.

749 4281 932 4340 CLlll.
968 4305 1038 4320 -ι
1072 4267 1302 4329 LAUSO
1334 4252 1839 4320 PRIMISCRINIO.

575 4402 768 4471 Neque
792 4397 995 4450 fratres
1030 4387 1221 4446 babes,
1256 4389 1440 4447 neque
1480 4371 1622 4425 ﬁlios
1648 4362 1926 4436 possides.
1959 4355 2093 4412 Cni-

495 4512 638 4556 ‘nam
665 4448 866 4560 1igitur
925 4493 1121 4536 aurum
1177 4463 1614 4526 insaturabiliter
1673 4451 1923 4525 aggeris?
1972 4448 2094 4514 Quo

508 4590 658 4646 enim
701 4552 800 4636 tibi
850 4568 1097 4632 thesauri
1141 4557 1518 4635 opulentiores
1562 4552 1990 4619 congregantur,
2029 4556 2096 4596 eo

505 4692 689 4753 paena:
723 4671 816 4728 tibi
845 4677 898 4724 et
933 4663 1200 4736 potiores,
1236 4660 1292 4710 et
1326 4647 1626 4722 graviores,
1653 4648 1861 4695 aeterna
1903 4648 2099 4702 nempe

504 4729 809 4843 supplicia,
830 4759 1208 4817 reservantur.
1235 4746 1304 4801 Et
1331 4742 1540 4798 utinam
1567 4744 1716 4790 tanta
1737 4729 2096 4802 pecuniarum

512 4819 673 4936 copia
699 4861 1011 4928 opportuno
1039 4855 1284 4912 tempore
1317 4835 1385 4890 ad
1429 4833 1548 4908 pios
1589 4826 1903 4899 probosque
1952 4819 2100 4872 viros

1380 4935 1387 4936 ί
1484 4922 1518 4936 η
1640 4920 1961 4936 ηίηΑ-ι-η--.ι
1995 4909 2064 4936 ..ιι

503 4909 884 5029 "pc:venisset,
917 4949 978 4997 nt
1013 4937 1277 5007 scriptum
1311 4935 1396 4984 est
1424 4943 1439 4979 :
1479 4920 1964 4990 Congregaverunt
1994 4909 2100 4963 ali-

1555 5027 1596 5029 ί-
1628 5023 1733 5029 -ΑΑ-
1780 5002 2073 5029 ι---ηιηιυιηο

509 5002 611 5116 Qui
641 5036 1032 5096 insatiabiliter
1057 5002 1367 5097 argentum,
1393 5031 1457 5070 ex
1495 5027 1604 5082 quo
1628 5023 1738 5062 non
1778 5002 2099 5075 gustabunt,

516 5090 572 5191 ξι
601 5147 723 5204 qum
763 5129 870 5202 ipsi
915 5141 980 5181 ex
1016 5090 1288 5189 inju'stitia
1337 5107 1526 5192 multa
1561 5099 1920 5168 collegerunt,
1963 5090 2102 5161 justi

518 5181 571 5191 νο
602 5181 722 5204 η---
765 5181 778 5186 -
824 5181 869 5185 τ-
1073 5181 1089 5189 -

507 5181 838 5281 -εοιιιοόειιῖ,
877 5217 1273 5274 Verumtamen
1304 5217 1412 5257 non
1444 5187 1526 5252 ita
1564 5191 1685 5255 tibi,
1719 5195 1776 5241 ut
1827 5187 1943 5254 ipse
1984 5181 2104 5253 opi-

504 5331 647 5382 -ιιοι,
686 5312 1002 5381 continget;
1049 5303 1311 5372 indignus
1369 5289 1573 5348 etenim
1622 5297 1681 5337 es
1725 5295 1739 5333 :
1781 5279 1893 5332 imo
1947 5276 2109 5345 vulgo

523 5409 718 5464 tritum
753 5369 1106 5474 proverbium
1155 5369 1212 5448 in
1246 5385 1594 5454 temetipsum
1629 5375 1811 5428 locum
1847 5369 2108 5423 habuisse

512 5463 901 5569 deprehendes
934 5507 947 5544 :
980 5485 1412 5542 Tantalistarum
1462 5487 1554 5528 res
1591 5463 1902 5522 Crotalistte
1952 5475 2109 5516 vora-

516 5589 691 5643 'bunt.

591 5759 650 5791 ⁴⁸
679 5758 810 5827 Sap.
847 5767 936 5820 ιιι,
963 5751 1052 5806 l9.
1127 5750 1170 5783 “
1201 5746 1349 5803 Psal.
1379 5759 1495 5802 xu.
1533 5740 1586 5795 5.

2173 3227 2424 3302 κνότερον
2446 3231 2512 3300 τῇ
2545 3229 2611 3299 σῇ
2641 3225 2872 3296 φιλοθὲῳ
2932 3221 3027 3276 καὶ
3053 3217 3233 3288 ἀγαθῇ
3257 3214 3480 3286 καρδίᾳ,
3516 3209 3764 3282 μηδόλως

2177 3300 2533 3393 ὑποπτήξῃς,
2585 3318 2787 3390 μᾶλλον
2819 3317 2878 3370 δὲ
2911 3308 3346 3379 κατεξανάστηθι
3386 3304 3577 3359 τούτου
3604 3341 3620 3367 ,
3667 3300 3765 3355 τύ-

2178 3433 2327 3471 πτων
2356 3415 2490 3469 αὐτὸ
2515 3413 2706 3483 εὐχαῖς
2741 3409 2856 3464 ’καὶ
2886 3405 3189 3468 εύποιίαις,
3221 3396 3542 3469 ἀντιλήψεσί
3568 3412 3626 3449 τε
3657 3393 3769 3448 τῶν

2181 3504 2673 3577 καταπονουμένων
2709 3501 2804 3557 καὶ
2873 3502 2994 3563 ταῖς
3044 3492 3472 3573 μακροθυμίαις,
3512 3503 3768 3542 ταπεινο-

2181 3595 2423 3668 φροσύνῃ
2473 3575 2530 3646 τε
2601 3592 2696 3645 καὶ
2735 3592 2801 3662 τῇ
2851 3589 2989 3658 πρὸς
3031 3585 3160 3649 τοὺς
3208 3581 3428 3643 οἰκέτας
3468 3578 3597 3641 τοὺς
3638 3575 3771 3637 σοὺς

2183 3665 2504 3757 ἡμερότητι.
2529 3681 2713 3736 Ταῦτα
2737 3681 2867 3752 γὰρ.
2904 3679 2994 3732 καὶ
3015 3678 3084 3731 τά
3105 3673 3353 3734 τοιαῦτα,
3386 3669 3580 3723 τοῦτον
3606 3665 3773 3720 δύνα-

2183 3795 2272 3831 ται
2307 3775 2415 3830 ἀπὸ
2442 3775 2544 3844 τῆς
2580 3774 2760 3846 ψυχῆς
2789 3789 2886 3826 σου
2926 3768 3182 3834 ἐξελάσαι
3214 3765 3304 3819 τὸν
3347 3761 3627 3830 ἀλάστορα
3655 3757 3777 3811 δαί-

2189 3883 2362 3938 μονα,
2396 3863 2695 3934 λογισμοὺς
2744 3863 2970 3934 ἀγριους
3016 3858 3124 3910 καὶ
3180 3853 3397 3915 ἀσεϐεῖς
3443 3848 3779 3904 ὑποϐάλλειν

2146 3967 2154 3977 ⁸
2185 3958 2470 4030 τολμῶντα
2519 3955 2661 4010 κατὰ
2705 3951 2905 4007 σαυτοῦ
2935 3969 2995 4004 τε
3021 3991 3036 4016 ,
3079 3948 3174 4003 καὶ
3203 3946 3298 4000 τοῦ
3332 3943 3492 4009 Θεοῦ,
3534 3944 3629 3996 καὶ
3662 3940 3782 3993 τῶν

2189 4043 2719 4178 δημιῗυργημάτων,
2764 4043 2861 4096 καὶ
2897 4041 3004 4094 τῶν
3046 4037 3216 4108 ἁγίων
3261 4034 3359 4089 καὶ
3422 4032 3637 4087 σεπτῶν
3674 4046 3783 4102 μυ-

2193 4157 2451 4213 στηριων.

2441 4251 2608 4308 PNI‘.
2637 4279 2708 4291 —-
2743 4246 2970 4317 ΛΔΥΣῼ
3013 4237 3524 4308 ΠΡΙΜΙΣΚΡΙΝΙῼ.

2261 4367 2408 4438 Μήτ’
2448 4361 2712 4432 ἀδελφοὺς
2764 4358 2903 4430 ἔχων
2927 4397 2942 4422 ,
3001 4357 3138 4426 μήτε
3187 4352 3355 4406 τέκνα
3408 4346 3794 4419 κτησάμενος,

2209 4459 2316 4513 τίνι
2347 4435 2456 4527 ἀρα
2484 4455 2545 4508 τὸ
2588 4451 2814 4524 χρυσίον
2846 4448 3102 4514 συνάγεις
3134 4442 3492 4512 ἀκορέστως;
3541 4439 3704 4506 Ὀσῳ
3737 4435 3799 4488 δὲ

2129 4517 2171 4570 D
2202 4549 2336 4604 πολὺ
2363 4549 2424 4600 τὸ
2466 4544 2841 4617 θησαύρισμα,
2888 4539 3128 4605 τοσούτῳ
3161 4535 3344 4587 πλεῖον
3377 4532 3474 4584 καὶ
3510 4528 3802 4599 βαρυτέρα

2200 4637 2523 4710 ταμιεύεται
2556 4653 2639 4688 σοι
2675 4637 2708 4705 ἡ
2737 4631 2954 4692 αἰώνιος
2981 4629 3225 4688 κόλασις.
3260 4624 3372 4676 Καὶ
3409 4620 3602 4688 ὄφελόν
3633 4635 3704 4684 γε
3729 4617 3803 4668 τὰ

2201 4731 2437 4787 τοσαῦτα
2484 4730 2768 4800 χρήματα,
2795 4723 2872 4793 τῷ
2908 4719 3086 4791 καιρῷ
3135 4717 3214 4786 τῷ
3243 4714 3429 4783 οἰκείῳ
3463 4713 3539 4773 είς
3585 4709 3805 4776 ἄνδρας

2205 4823 2452 4896 εὐλαϐεῖς
2502 4821 2597 4873 καὶ
2659 4818 2842 4878 ὁσίους
2873 4813 3119 4883 ἔφθασαν
3148 4849 3162 4872 ,
3200 4808 3344 4861 κατά
3372 4804 3432 4856 τὸ
3461 4818 3639 4871 γεγρα
3654 4800 3807 4868 μμέ-

2204 4890 2316 4979 νον,
2349 4916 2540 4983 ὅτιπερ
2576 4906 2946 4980 Συνήθροισάν
2976 4919 3121 4963 τινες
3165 4898 3458 4969 ἀπλήστως
3500 4890 3809 4961 ἀργύριον,

2208 5008 2269 5073 ἐξ
2307 5001 2368 5061 οὗ
2410 5005 2472 5058 ού
2504 5002 2795 5071 γεύσονται
2822 5014 2836 5027 °
2877 4996 3025 5066 άπερ
3074 4993 3119 5046 δ’
3150 4985 3296 5046 οὗτοι
3350 4989 3701 5056 συνήνεγκαν
3751 4981 3815 5047 ἐξ

2209 5101 2423 5162 ἀδικίας
2455 5095 2700 5164 πολλῆς,
2743 5089 2916 5146 ταῦτα
2959 5089 3161 5140 δίκαιοι
3212 5083 3442 5136 ἔδονται.
3475 5075 3663 5150 κ’ΔλΥ
3707 5076 3818 5144 οὐχ

2198 5191 2383 5255 οὕτως
2436 5185 2644 5258 νομίζω
2701 5179 3030 5252 γενήσεσθαι
3082 5176 3177 5229 ἐπὶ
3225 5172 3349 5226 σοί·
3408 5165 3640 5231 ἀνάξιος
3700 5164 3822 5234 γὰρ

2214 5255 2515 5352 ὑπάρχεις,
2540 5275 2640 5346 τὴν
2669 5274 2726 5327 δὲ
2753 5269 2981 5343 δημώδη
3027 5264 3330 5337 παροιμίαν
3363 5259 3471 5330 ὄψῃ
3501 5255 3822 5326 καταλαμ-

2214 5348 2484 5428 ϐάνουσάν
2511 5384 2594 5430 σε,
2610 5367 2709 5438 τὴν
2727 5363 3012 5434 λέγουσανσ
3031 5358 3112 5412 Τά
3135 5348 3512 5411 Τανταλιστῶν
3531 5348 3827 5416 φάγονται

2213 5459 2602 5536 Κροταλισταί.
