4064 6160
410 349 512 416 sm

467 550 667 622 Καλῶς
689 567 757 620 γε
787 550 930 605 πάνυ
957 550 1244 623 πράττεις,
1270 553 1390 613 ταῖς
1419 549 1718 618 νηστείαις,
1752 550 1848 603 καὶ
1866 552 1985 613 ταῖς

404 641 752 713 χαμευνίαις,
787 643 856 712 τῇ
895 657 957 694 τε
997 643 1205 712 χρηστῇ
1241 641 1518 712 ἀγρυπνίᾳ
1541 681 1558 706 ,
1589 641 1686 695 καὶ
1710 643 1777 712 τῇ
1804 641 1984 711 πυκνῇ

416 736 690 807 προσευχῇ
741 733 1080 787 καταπατῶν
1128 751 1190 787 τε
1239 734 1336 787 καὶ
1394 732 1834 805 ύπεραλλόμενος
1885 732 1987 796 τὰς

406 825 699 897 τρικυμίας
729 824 838 876 τῶν
889 824 1173 894 σαρκικῶν
1219 824 1443 894 ἡδονῶν,
1480 823 1600 896 Θεῷ
1636 825 1693 877 δὲ
1735 823 1812 894 τῷ
1853 841 1986 876 συν-

407 915 653 987 εργοῦντι
681 905 813 985 ἧμίν
840 915 925 968 ἀεὶ
964 915 1044 976 εἰς
1065 914 1127 968 τὸ
1161 914 1368 983 ἀγαθὸν
1393 915 1491 986 τὴν
1518 915 1676 984 νίκην
1711 914 1986 977 ἀνατιθεὶς

411 1011 465 1062 ὲν
484 1007 559 1066 τῷ
577 1007 802 1077 ψάλλειν
831 1007 971 1078 πρὸς
993 1008 1160 1061 αὐτόν
1179 1021 1198 1040 ο
1233 1027 1250 1059 ι
1288 1009 1382 1072 Σὺ,
1406 1009 1674 1073 Δέσποτα,
1701 1006 1985 1072 δεσπόζεις

408 1099 500 1154 τοῦ
529 1099 766 1168 κράτους
799 1101 896 1169 τῆς
932 1098 1235 1169 θαλάσσης,
1273 1100 1364 1152 τὸν
1391 1100 1448 1153 δὲ
1476 1099 1636 1153 σάλον
1664 1099 1774 1154 τῶν
1802 1101 1979 1170 κυμά-

409 1207 513 1245 των
541 1191 712 1261 αὐτῆς
743 1191 811 1244 σὺ
842 1191 1278 1261 καταπραΰνεις.
1315 1208 1337 1242 2

689 1284 863 1338 PNE'.
895 1313 966 1326 -
997 1284 1284 1354 ΡΩΜΑΝῼ
1329 1284 1698 1355 ΕΠΙΣΚΟΠῼ.

476 1376 561 1432 τὰ
579 1377 674 1431 τοῦ
705 1378 1056 1448 παράφρονος
1103 1376 1200 1430 καὶ
1229 1375 1699 1448 παρεξεπηκότος
1728 1377 1984 1431 Ναυάτου

415 1469 738 1538 βληχὴματα
761 1509 776 1532 ,
823 1469 922 1538 τὴν
956 1467 1054 1539 μὲν
1087 1466 1366 1532 σώζουσαν
1412 1467 1700 1536 μετάνοιαν
1728 1467 1984 1540 δξοστρα-

415 1558 583 1622 κίζειν
627 1559 909 1629 τολμῶντα
934 1597 950 1622 ,
993 1559 1264 1629 προφάσει
1305 1558 1365 1612 δὲ
1413 1557 1758 1628 ἀπελπισμοῦ
1812 1558 1984 1622 ἀδεῶς

412 1650 511 1714 τὰς
527 1651 811 1721 ἁμαρτιας
835 1651 1165 1722 σωρεύοντα,
1200 1651 1294 1704 καὶ
1327 1650 1602 1721 καθαροὺς
1629 1650 1726 1721 μὲν
1757 1651 1986 1714 ἑαυτοὺς

413 1741 670 1810 λέγοντας
701 1737 866 1806 εῖναι,
906 1741 1252 1811 ἀκαθάρτους
1277 1740 1335 1794 δὲ
1383 1745 1450 1812 τῇ
1485 1739 1684 1811 πράξει
1730 1743 1983 1812 εὑρισκο-

1633 339 2168 408 EPISTOIARUM
2198 347 2345 412 LIB.
2374 349 2454 410 II.

681 458 850 513 PNA’.
882 487 952 499 —
980 456 1335 530 ΞΛΝΘΙΠΠῼ
1363 455 1688 528 ΔΙᾹΚΟΝῼ.
2001 455 2052 536 ,Δ

3565 355 3674 420 274

2326 455 2510 511 (ξων.
2555 489 2624 498 —-
2659 457 3060 515 XANTHIPPO
3094 459 3415 520 DIACONO.

2163 546 2340 606 Probe
2376 551 2544 606 nimis
2574 554 2715 622 agis,
2748 552 2975 621 jejuniis
3005 561 3059 608 et
3101 554 3153 607 in
3183 554 3351 609 humo
3379 554 3670 610 dormitio-

2092 641 2278 702 nibus,
2323 641 2579 712 bonaque
2614 644 2822 712 vigilia,
2851 654 2903 699 et
2940 644 3210 714 frequenti
3254 647 3502 700 oratione
3537 661 3669 700 con-

2092 735 2355 797 culcans,
2413 743 2473 789 et‘
2527 750 2853 789 carnearum
2915 739 3256 808 voluptatum
3317 748 3669 809 tempestates

2091 826 2431 893 transiliens,
2478 826 2720 897 Deoque,
2776 831 2869 894 qui
2923 845 3143 899 semper
3197 831 3357 884 nobis
3409 830 3473 884 ad
3526 831 3666 885 bona

2090 920 2450 989 persolvenda
2493 936 2652 991 opem
2691 922 2815 987 fert,
2859 924 3146 978 victoriam
3194 925 3499 987 ascribens,
3539 938 3663 976 cum

2091 1011 2159 1066 ad
2187 1027 2311 1066 eum
2346 1013 2596 1067 coneinis
2639 1030 2654 1068 :
2700 1033 2718 1065 ι
2761 1013 2866 1078 Τιι,
2903 1015 3154 1078 Domine,
3205 1015 3508 1069 dominaris
3555 1015 3665 1067 vir-

2090 1103 2194 1156 tuti
2227 1101 2418 1166 maris,
2448 1109 2503 1158 et
2529 1112 2911 1173 tempestatem
2949 1104 3213 1158 [luctuum
3248 1104 3396 1160 illius
3426 1118 3480 1158 tu
3521 1105 3664 1158 niiti-

2091 1203 2189 1263 gas
2209 1189 2275 1246 "t
2319 1209 2338 1243 ι

2303 1281 2461 1352 193
2499 1281 2653 1336 CLV.
2695 1312 2758 1323 —
2797 1281 3083 1337 ROMANO
3115 1281 3463 1338 EPISCOPO.

2165 1370 2380 1435 Insani,
2415 1386 2478 1426 ac
2509 1379 2692 1427 mente
2719 1374 2863 1442 capti
2893 1373 3085 1426 Novati
3112 1373 3346 1433 balatus,
3371 1373 3460 1441 qui
3493 1373 3668 1442 poenis

2089 1473 2480 1520 exonerantem
2519 1465 2897 1534 paenitentiam
2917 1465 3208 1520 extrudere
3238 1466 3418 1529 audet,
3441 1473 3494 1520 et
3527 1480 3666 1535 pra:-

2091 1563 2242 1612 textu
2274 1557 2675 1626 desperationis
2707 1557 3054 1627 impudenter
3080 1567 3305 1628 peccata
3343 1565 3665 1620 conservat;

2089 1658 2144 1705 et
2184 1650 2334 1705 illius
2369 1651 2636 1715 asseclas,
2672 1652 2765 1721 qui
2809 1667 2980 1720 puros
3027 1653 3351 1723 semetipsos
3393 1659 3665 1715 asserunt,

2090 1750 2144 1796 et
2170 1755 2336 1812 opere
2361 1742 2484 1813 ipso
2513 1743 2716 1812 impuri
2755 1744 3268 1813 deprehenduntur,
3310 1753 3364 1800 et
3398 1745 3452 1799 in
3491 1747 3670 1814 perni-

417 1833 627 1903 μένους,
655 1833 749 1887 καὶ
778 1835 858 1896 είς
879 1832 977 1903 τὴν
1004 1832 1286 1886 ἀπώλειαν
1320 1832 1748 1896 συνελαύνοντες
1776 1834 1865 1888 διὰ
1886 1835 1984 1905 τῆς

2097 1833 2234 1886 ciem
2259 1812 2497 1901 eos,iqui
2533 1848 2723 1888 eorum
2767 1812 3017 1888 amentiae
3059 1833 3215 1888 ﬁdem
3252 1835 3475 1900 habent,
3514 1852 3668 1890 COIII-

415 1923 774 1991 ἀπογνώσεως
805 1925 931 1988 τοὺς
967 1923 1327 1992 πειθομένους
1369 1926 1434 1994 τῇ
1483 1923 1684 1990 αὐτῶν,
1719 1925 1819 1978 οὐκ
1848 1925 1986 1978 ἀπο-

415 2013 713 2084 δεξόμεθα·
763 2015 1077 2068 τούναντίον
1117 2014 1175 2068 δὲ
1214 2014 1545 2085 μεμψόμεθά
1587 2031 1646 2068 τε
1692 2017 1788 2071 καὶ
1843 2017 1989 2070 σκώ-

413 2103 607 2174 ψομεν,
639 2105 715 2170 ὡς
757 2105 867 2160 τῶν
895 2105 1272 2161 ἀποστολικῶν
1301 2107 1542 2164 κανόνων
1573 2108 1830 2180 ἀλλότρια
1860 2125 1991 2181 φρο-

414 2193 664 2262 νοῦγιας.

642 2289 836 2356 PNG”.
863 2318 934 2330 -—
962 2289 1316 2361 ΑΦΡΟΔῘΣΙῼ
1343 2291 1759 2362 ΣΚΡῘΝΙΑΡῙῼ.

485 2378 552 2432 Τί
571 2379 750 2442 δοκεῖς
773 2379 1054 2434 λανθάνειν
1079 2384 1227 2453 ἡμᾶς
1255 2384 1534 2454 κακοήθης
1591 2401 1674 2447 τις
1703 2384 1797 2438 καὶ
1820 2383 1993 2448 δόλιος

416 2472 728 2542 ύπάρχων,
762 2472 858 2526 καὶ
895 2474 1106 2539 πολλοῖς
1154 2476 1250 2546 μὲν
1297 2477 1543 2547 ἀρίστοις
1606 2478 1702 2529 καὶ
1764 2477 1994 2544 ἀγαθοῖς

414 2562 654 2634 ἀνδράσι
697 2561 960 2633 πεφυκὼς
1012 2567 1422 2634 ἐπιϐουλεύειν,
1477 2568 1874 2635 συγκαλύπτων
1933 2568 1992 2621 δὲ

418 2653 622 2708 σαυτὸν
650 2655 728 2725 τῷ
756 2657 1088 2728 προσωπείῳ
1111 2659 1218 2728 τῆς
1240 2657 1676 2728 φιλοκαγαθίαςς
1723 2657 1853 2712 Ἰδοὺ
1885 2658 1993 2726 γὰρ

417 2746 483 2798 ἐκ
506 2746 617 2798 τῶν
647 2747 880 2815 καρπῶν
903 2748 963 2801 τὸ
984 2747 1200 2819 δένδρον
1231 2748 1592 2820 γινώσκομεν,
1617 2750 1711 2803 καὶ
1741 2749 1994 2820 οὐδαμῶς

409 2835 650 2907 κρυδείη
705 2837 867 2900 λύκος
917 2841 1304 2910 περικείμενος
1359 2841 1524 2911 δορὰν
1571 2842 1882 2913 προϐάτου·
1929 2845 1994 2895 ὲκ

413 2929 528 2999 γάρ
557 2929 621 3000 δὴ
670 2930 782 2983 τῶν
837 2931 1062 2985 ὀδόντων
1105 2933 1201 2988 καὶ
1250 2933 1360 2986 τῶν
1390 2933 1596 3004 ὀνύχων
1629 2935 1826 3006 ῥᾳδίως
1854 2951 1996 3003 γνωο

413 3018 704 3089 σθήσεται.
737 3022 877 3091 Φησὶ
903 3022 960 3075 δὲ
990 3023 1086 3077 καὶ
1109 3023 1143 3093 ἠ
1169 3023 1362 3095 Γραφή
1387 3040 1401 3054 ο
1440 3043 1458 3077 ι
1493 3025 1692 3096 Πέρδιξ
1721 3025 1996 3095 θηρευτὴς

2091 1922 2321 1991 pellunt,
2356 1923 2508 1978 nullo
2536 1924 2698 1979 modo
2728 1925 2832 1994 ipsi
2867 1925 3199 1996 recipimus;
3234 1927 3344 1980 imo
3371 1941 3466 1982 eos
3490 1943 3672 1997 νερτεο

2092 2012 2414 2077 hendemus,
2440 2023 2495 2070 et
2519 2016 2978 2085 vituperabimus,
3001 2017 3078 2070 uti
3103 2031 3220 2085 eos,
3244 2017 3338 2089 qui
3362 2018 3667 2074 canonibus

2091 2104 2466 2174 apostolorum
2499 2106 2778 2160 contraria
2809 2106 3071 2161 sentiunt.

2287 2282 2468 2339 CLVI.
2503 2313 2573 2324 —
2601 2282 3020 2340 APHRODISIO
3057 2283 3470 2342 SCRINIARIO.

2164 2374 2245 2429 An
2277 2374 2448 2431 latere
2482 2389 2585 2431 nos
2611 2385 2793 2446 putas,
2818 2375 2910 2446 qui
2943 2375 3213 2445 malignus
3237 2391 3320 2442 es,
3353 2385 3407 2432 et
3429 2383 3664 2432 astutam

2095 2479 2280 2521 servas
2305 2465 2410 2522 sub
2442 2473 2666 2536 pectore
2703 2466 2944 2535 vulpem,
2972 2475 3028 2521 et
3064 2467 3483 2536 quamplurimis
3525 2467 3662 2537 Opti~

2094 2557 2197 2611 mis
2255 2571 2319 2611 ac
2375 2555 2784 2627 probatissimis
2834 2557 2968 2611 viris
3031 2572 3096 2611 ex
3154 2557 3376 2626 ingenio
3436 2558 3665 2612 insidias

2096 2647 2266 2703 struis
2299 2691 2314 2714 ,
2381 2647 2513 2703 licet
2579 2651 2932 2718 temetipsum
2997 2646 3372 2703 beneﬁcentia;
3435 2663 3666 2717 persona

2095 2739 2388 2810 contegas?
2445 2738 2585 2795 Ecce
2635 2740 2780 2795 enim
2829 2755 2897 2795 ex
2946 2738 3220 2796 fructibus
3278 2741 3530 2795 arborem
3582 2741 3665 2795 di-

2098 2830 2416 2901 gnoscimus
2450 2831 2494 2861 θ’
2532 2833 2586 2895 ⁶;
2627 2829 2893 2900 nulloque
2935 2829 3099 2884 modo
3126 2830 3287 2900 lupus
3331 2831 3460 2885 licet
3507 2832 3669 2884 ovina

2097 2917 2237 2986 pelle
2290 2917 2589 2972 adornatus
2643 2917 2813 2971 latere
2867 2918 3066 2987 poterit
3099 2933 3375 2989 :namquc
3418 2933 3484 2971 ex
3532 2919 3670 2972 den-

2099 3007 2248 3064 tibus
2294 3023 2356 3062 ac
2390 3009 2666 3078 unguibus
2713 3009 2858 3064 facili
2917 3010 3136 3078 negotio
3189 3009 3243 3062 in
3300 3009 3667 3078 cognitionem

410 3109 710 3180 καρτάλλῳ
735 3111 1178 3175 ὲναποκλεισθείς
1197 3127 1210 3143 ·
1243 3112 1419 3175 οὕτως
1447 3113 1600 3167 ἐστὶν
1633 3114 1992 3185 ὑπερηφάνου

2097 3098 2298 3152 veniet.
2331 3098 2394 3151 Et
2428 3097 2710 3167 Scriptura
2749 3113 2968 3167 quoque
3032 3100 3109 3151 ait
3142 3117 3154 3152 :
3202 3119 3219 3149 ι
3260 3099 3455 3153 Perdix
3498 3115 3666 3154 vena-

404 3199 635 3272 καρδία.
677 3221 696 3252 ι
744 3202 951 3264 Ὄντως
996 3202 1107 3274 γάρ
1167 3202 1521 3276 ὑπερήφανος
1573 3204 1664 3257 καὶ
1711 3205 1991 3277 φθονερὸς,

403 3290 538 3359 ὄφις
570 3308 631 3344 τε
664 3291 877 3348 δάκνων
931 3296 1090 3364 σιγῇ,
1135 3295 1234 3348 καὶ
1277 3295 1426 3350 κύων
1478 3297 1808 3367 σπαράττων
1839 3298 1996 3362 ὲκτδς

399 3380 499 3434 τοῦ
551 3381 862 3454 ὑλακτῆσαι
917 3385 1159 3456 γνωρίζῃ
1214 3387 1364 3457 παρὰ
1417 3388 1624 3453 πᾶσιν,
1674 3389 1780 3442 κᾶν
1818 3389 1997 3462 λάθρα

398 3471 727 3544 κακοῦργός
771 3491 856 3538 τις
914 3475 1009 3530 καὶ⁹
1069 3475 1485 3548 δυσφορώτατος
1554 3481 1648 3533 καὶ
1701 3481 1998 3551 κρυψίνους

399 3560 699 3632 πανταχοῦ
732 3563 1019 3637 περιέρχῃ.
1057 3565 1196 3619 Θεοῦ
1235 3566 1292 3619 δὲ
1337 3567 1497 3638 χρεία
1545 3569 1658 3621 τῶν
1706 3572 1856 3641 παρά
1901 3569 1996 3626 σοῦ

393 3654 950 3726 ἐπιϐουλευομένων,
995 3657 1083 3711 ἵνα
1113 3658 1316 3726 λέγωσι
1343 3660 1407 3712 τὸ
1441 3661 1498 3712 ὲν
1514 3658 1588 3728 τῷ
1606 3662 1993 3733 ἐννενηκοστῷ,

386 3746 473 3799 ὅτι
515 3764 536 3798 ι
569 3746 760 3810 Αὐτὸς
789 3747 1012 3817 ῥύσεται
1043 3751 1189 3820 ἡμᾶς
1219 3752 1285 3803 ὲκ
1316 3751 1542 3820 παγίδος
1569 3751 1872 3823 θηρευτῶν,
1902 3757 1998 3808 καὶ

386 3838 559 3906 λόγου
593 3838 982 3911 ταραχώδους.
1023 3859 1040 3892 ι
1086 3840 1262 3909 Σιγῶν
1305 3842 1414 3912 γάρ
1441 3842 1606 3907 αὐτὸς
1638 3845 1718 3908 είς
1751 3845 1998 3916 ταραχὴν

383 3930 711 4001 ἐμϐάλλεις
741 3932 869 3994 τοὺς
895 3931 1439 4004 ἐπιϐουλευομένους.

656 4196 843 4252 ΡΝΖ’.
877 4228 950 4241 -
977 4200 1360 4272 somnum
1382 4203 1750 4275 remenso.

448 4291 540 4363 Τῇ
576 4291 721 4363 θείᾳ
771 4291 975 4358 γνώσει
1025 4293 1291 4362 στοιχῶν,
1346 4296 1412 4364 τῇ
1453 4295 1651 4362 γνώσει
1695 4295 1788 4348 καὶ
1825 4297 2002 4350 πάντα

375 4385 571 4437 ποιεῖν
606 4381 979 4446 σπουδάζεις,
1014 4383 1342 4455 πανάριστε,
1374 4387 1489 4448 τοῖς
1553 4386 1770 4456 ἐκείνης
1813 4388 2002 4440 κανόσι

2100 3188 2210 3240 trix
2240 3188 2475 3242 eartallo
2504 3187 2742 3250 inclusa,
2782 3189 2854 3240 ita
2885 3203 2944 3242 se
2978 3187 3140 3243 habet
3171 3205 3266 3242 cor
3296 3191 3517 3259 superbi
3538 3191 3604 3244 ³⁸.
3647 3209 3665 3241 ι

2099 3278 2243 3335 Vere
2311 3280 2514 3350 quippe
2577 3280 2847 3348 superbus
2909 3288 2963 3334 et
3027 3280 3277 3343 invidus,
3336 3297 3671 3351 serpensquc

2100 3373 2321 3432 silentio
2371 3371 2649 3433 mordens,
2682 3381 2736 3428 et
2775 3373 2930 3428 canis
2975 3375 3184 3441 absque
3222 3374 3419 3427 latratu
3465 3374 3671 3428 discer-

2100 3480 2234 3536 pens
2287 3465 2641 3534 cognosceris
2692 3463 2758 3517 ab
2801 3463 3080 3528 omnibus,
3132 3465 3260 3518 licet
3314 3463 3574 3534 perditus,
3619 3475 3673 3517 et

2100 3560 2484 3622 intolerabilis,
2518 3567 2571 3612 et
2613 3557 2996 3611 dissimulator
3035 3571 3476 3626 quaquaversum
3529 3555 3672 3609 diva—

2100 3649 2268 3720 geris.
2297 3647 2520 3718 Opeque
2543 3648 2726 3702 divina
2751 3649 2862 3703 illis
2897 3664 3035 3718 opus
3068 3648 3161 3711 sit,
3203 3649 3401 3717 quibus
3441 3647 3672 3703 insidias

2102 3739 2293 3804 struis,
2353 3747 2413 3794 ut
2469 3739 2653 3794 dicere
2709 3739 2950 3807 possint,
3002 3739 3147 3808 quod
3207 3739 3261 3792 in
3316 3741 3671 3809 nonagesimo

2104 3829 2316 3899 psalmo
2364 3829 2621 3899 legitur:
2670 3847 2688 3880 ι
2743 3827 2862 3898 Ipse
2917 3829 3170 3883 liberabit
3235 3829 3394 3899 194
3450 3845 3552 3885 nos
3607 3831 3673 3885 de

2103 3920 2301 3989 laqueo
2341 3921 2684 3984 venantium,
2743 3929 2797 3974 et
2843 3935 2872 3973 a
2931 3920 3099 3973 verbo
3146 3935 3343 3986 aspero
3373 3921 3435 3970 ⁶⁹.
3491 3939 3508 3970 ι
3557 3919 3674 3989 ipse

2104 4011 2376 4083 siquidem
2417 4020 2609 4067 tacens
2659 4013 2712 4065 in
2745 4013 2938 4065 turbas
2987 4011 3206 4063 insidiis
3255 4010 3364 4064 tuis
3408 4011 3674 4066 obnoxios

2105 4103 2354 4173 conjicis.

2341 4193 2548 4248 CLVII.
2583 4222 2650 4231 -—
2691 4188 3073 4246 SOSIPATRO
3110 4187 3437 4246 TRIBUNO.

2175 4288 2373 4344 Divino
2441 4284 2744 4356 procedens
2815 4281 3085 4349 consilio,
3155 4283 3394 4338 consilio
3458 4300 3677 4356 quoque

2105 4378 2289 4433 omnia
2319 4390 2576 4447 peragere
2599 4372 2908 4438 contendis,
2942 4387 2975 4427 ο
3008 4373 3232 4442 optime,
3280 4373 3428 4429 illius
3474 4377 3677 4445 regulis

373 4472 474 4526 καὶ
501 4471 771 4542 ῥυθμοῖς
799 4469 1088 4539 ἑπόμενος.
1114 4471 1283 4526 Ὅθεν
1315 4473 1411 4525 καὶ
1439 4474 1619 4527 πάντα
1664 4474 1755 4527 τὸν
1797 4475 1992 4530 σαυτοῦ

2106 4469 2483 4542 rhythmisque
2526 4464 2808 4520 obediens.
2864 4462 3004 4518 Hinc
3051 4471 3105 4518 et
3140 4465 3425 4520 universas
3478 4473 3600 4520 tuas
3649 4481 3681 4517 a

373 4562 793 4633 θεοφύλακτον
817 4559 1073 4627 πλοῦτον,
1101 4561 1178 4623 ὡς
1206 4562 1300 4614 ἐπὶ
1319 4562 1382 4614 τὸ
1408 4563 1664 4617 πλεῖστον
1692 4567 1806 4627 τοῖς
1832 4582 1999 4635 μονα-

2105 4561 2342 4616 Numine
2380 4557 2690 4615 custoditas
2727 4555 2946 4611 divitias
2985 4564 3043 4609 ut
3077 4556 3372 4625 plurimum
3411 4556 3464 4609 in
3491 4571 3682 4612 mona-

369 4653 493 4723 χοίς
529 4650 873 4717 ἑξακηλεῖς,
905 4649 1042 4718 πρὸς
1081 4649 1305 4714 τούτους
1334 4668 1394 4704 τε
1437 4653 1687 4722 κεχηνὼς
1720 4655 1899 4725 πολλῷ
1926 4655 1992 4725 τῷ

2106 4655 2244 4709 chos
2284 4651 2564 4715 exhauris,
2617 4657 2669 4703 et
2707 4650 2761 4702 in
2811 4648 2934 4703 illos
2970 4664 3231 4718 perquam
3279 4649 3680 4718 impensissime

368 4743 554 4813 πόθῳ,
591 4743 703 4796 καὶ
736 4740 976 4802 τούτους
1005 4740 1293 4794 ἀναπνέων
1319 4741 1534 4815 νύκτωρ
1565 4746 1659 4797 καὶ
1715 4746 1833 4815 μεθ’
1863 4747 1975 4816 ήμέ

2109 4746 2350 4809 inhians,
2387 4757 2593 4811 eosque.
2634 4740 2856 4804 reﬂans,
2897 4747 3063 4795 noctu
3115 4751 3168 4796 et
3222 4740 3486 4799 interdiu,
3529 4755 3592 4792 ac
3634 4742 3679 4793 si

369 4851 501 4906 ραν,
544 4835 698 4907 μήθ’
736 4832 893 4894 ὅλως
923 4830 1070 4900 ἔχειν
1114 4833 1352 4901 νομίζων
1412 4836 1788 4906 συγγένειανῆ
1815 4837 1992 4891 τέκνα

2109 4837 2245 4890 nulli
2299 4835 2400 4888 tibi
2449 4839 2635 4889 essent
2687 4830 3102 4899 consanguinei,
3166 4839 3259 4884 aut
3315 4829 3432 4894 ﬁlii,
3480 4831 3680 4899 quibus

366 4930 560 4983 καίτοι
616 4924 931 4980 τοσούτων
964 4925 1157 4977 ὄντων.
1198 4927 1309 4978 Καὶ
1351 4926 1481 4979 αὐτὸ
1519 4927 1578 4980 δὲ
1624 4928 1686 4981 τὸ
1723 4929 1905 4996 λέγειν
1947 4948 1992 4983 σε

2114 4926 2316 4981 afﬂuis.
2357 4924 2494 4979 Illud
2526 4938 2748 4993 quoque
2777 4923 2923 4992 quod
2955 4922 3096 4975 inter
3135 4921 3557 4989 colloquendum
3594 4922 3678 4975 in-

362 5023 520 5078 κατά
579 5016 924 5088 συντυχίας
950 5057 965 5082 ,
1025 5019 1225 5088 κτῆνος
1277 5017 1546 5088 ὑπάρχειν
1601 5019 1711 5074 τῶν
1763 5021 1992 5090 μοναχῶγ

2113 5018 2320 5080 culcas,
2364 5015 2676 5086 jumentum
2731 5020 2787 5065 te
2837 5026 2960 5066 esse
3016 5012 3430 5074 monachorum,
3473 5011 3682 5080 absque

362 5116 772 5184 ἀγογγύστως
840 5124 910 5159 τε
984 5109 1078 5161 καὶ
1135 5095 1441 5180 προθύμως
1505 5107 1992 5179 ὲξυπηρετούμενοη

2114 5106 2570 5169 murmuratione,
2609 5102 2705 5158 sed
2740 5117 2953 5157 summa
2985 5101 3154 5155 animi
3188 5100 3470 5154 alacritate
3489 5117 3677 5156 eorum

361 5210 584 5273 πάσαις
632 5206 780 5266 ταῖς
834 5198 1048 5252 τούτων
1077 5201 1309 5270 χρείαις,
1339 5201 1433 5253 καὶ
1459 5200 1620 5252 τοῦτο
1657 5203 1992 5274 ἀπηρτισμέ.

2114 5197 2545 5255 necessitatibus
2580 5209 2882 5250 occurrens
2915 5200 3079 5262 atque
3120 5191 3440 5248 ministrans
3480 5212 3492 5247 :
3537 5203 3590 5247 et
3629 5194 3680 5246 id

361 5319 464 5372 νης
501 5301 636 5354 ἐστὶ
669 5289 1011 5361 τεκμήριον
1029 5290 1302 5354 γνώσεως.
1342 5289 1661 5343 Ἐπίστασαι
1683 5290 1739 5343 δὲ
1770 5291 1988 5355 πάντως

2112 5306 2333 5362 quoque
2361 5287 2724 5359 dependentis
2758 5285 2974 5340 consilii
3021 5283 3280 5337 indicium
3304 5292 3406 5338 est.
3447 5285 3681 5339 Omnino

358 5395 444 5448 ὅτι
488 5393 599 5447 σὺν
635 5388 776 5450 τοῖς
813 5383 1128 5445 Λευῖταις,
1178 5383 1270 5435 καὶ
1315 5381 1386 5434 τὰ
1419 5381 1623 5434 τούτων
1671 5383 1843 5453 κτήνη
1875 5401 1992 5437 κατ.

2115 5391 2293 5439 autem
2333 5381 2468 5435 illud
2511 5381 2644 5443 scis,
2695 5394 2803 5432 una
2849 5392 2972 5430 cum
3007 5374 3210 5430 Levitis
3241 5390 3428 5429 eorum
3465 5392 3682 5443 quoque

359 5486 660 5556 ηυλόγησε
690 5475 858 5536 Θεός
887 5486 956 5523 τε
980 5471 1073 5524 καὶ
1100 5473 1360 5542 Μωῦσῆς.
1390 5472 1578 5525 Πάντα
1601 5473 1781 5526 τοίνυν
1811 5474 2008 5542 γνώσει

356 5576 751 5650 λαγιζόμενος
795 5563 968 5630 θείᾳ,
1007 5563 1102 5616 καὶ
1130 5562 1328 5630 γνώσει
1369 5564 1545 5631 λέγων
1583 5563 1675 5616 καὶ
1731 5563 2004 5630 πράττων,

2111 5474 2378 5544 iumentis
2407 5472 2752 5526 benedictum
2785 5468 2956 5522 fuisse
2986 5481 3015 5520 a
3041 5467 3149 5520 Deo
3176 5473 3231 5520 et
3255 5465 3459 5536 Moyse.
3487 5465 3680 5518 Omnia

2119 5567 2307 5634 itaque
2329 5563 2518 5617 divino
2549 5561 2780 5614 consilio
2802 5559 3101 5624 aestimans,
3135 5566 3189 5612 et
3218 5557 3447 5612 consilio
3473 5556 3681 5623 dicens,

435 5757 480 5787 ⁸⁷
503 5753 672 5812 Psal.
709 5751 1027 5805 untvun,
1059 5738 1142 5795 l0.
1221 5742 1282 5771 ⁸⁷·
1319 5739 1504 5795 Matth.
1535 5755 1634 5805 vn,
1665 5743 1750 5796 l6.
1829 5744 1872 5773 η
1908 5741 1992 5794 lie.

2107 5758 2182 5806 XI,
2217 5740 2304 5794 3‘3.
2386 5741 2426 5771 *θ’
2453 5736 2591 5790 l‘sal.
2630 5753 2712 5799 ξιξ,
2751 5736 2800 5789 Ξ.
