4064 6160
405 302 512 365 2τ5

1865 305 1924 362 S.
1955 304 2114 362 NILI

3548 312 3654 376 276

406 433 470 472 ac
495 416 758 478 eﬂiciens.
789 431 822 470 ο
852 413 947 470 Dei
985 429 1201 480 amans,
1231 413 1352 470 sine
1391 415 1501 468 ulla
1541 414 1881 469 haesitatione
1920 414 1974 466 in

2093 416 2314 486 ριλόθεε,
2359 419 2747 490 άναμφιὸόλως
2791 422 2871 484 είς
2927 421 3026 494 τὴν
3083 422 3356 493 βασιλείαν
3409 422 3518 477 τῶν
3559 426 3652 479 οὐ·

406 510 636 580 regnum
678 509 941 564 caelorum
973 521 1097 560 cum
1132 506 1416 561 monachis
1460 521 1567 561 una
1599 507 1762 560 simul
1803 508 1976 562 intro-

405 601 536 667 ibis,
575 609 832 670 tanquam
861 598 1065 669 probus
1095 613 1283 653 eorum
1316 599 1525 654 assecla
1552 605 1607 654 et
1636 613 1824 654 eorum
1875 596 1977 651 mi-

405 693 600 760 nister,
629 703 682 746 et
716 690 880 746 simul
907 705 1032 746 cum
1061 691 1173 746 illis
1193 690 1250 744 in
1279 689 1655 746 haereditatem
1681 691 1974 756 bonorum,

2084 509 2260 581 ρανῶν
2311 511 2696 584 συνεισελεύσῃ
2741 513 2838 566 σὺν
2872 515 2988 575 τοῖς
3043 516 3319 583 μοναχοίς,
3368 514 3444 578 ὡς
3488 514 3652 579 καλδς

2079 603 2366 667 ἀκόλουθος
2393 604 2486 658 καὶ
2533 603 2812 676 ὑπηρέτης
2834 603 3061 670 τούτων,
3089 605 3182 658 καὶ
3199 605 3652 677 συγκληρονομή-

2081 713 2197 759 σεις
2245 695 2462 760 τούτοις
2511 695 2580 750 τὰ
2638 697 2901 766 ᾶφραστα
2938 695 3121 764 ἀγαθά
3175 699 3256 761 είς
3314 697 3655 768 ἀπεράντους

405 801 529 856 quae
561 787 728 840 verbo
761 783 993 854 exprimi
1023 783 1249 840 minime
1273 790 1524 854 possunt,
1559 783 1615 837 in
1644 781 1979 854 sempiterna
2079 788 2301 851 αἰῶνας,

405 876 601 932 saecula
629 875 938 930 vocaberis.
990 913 1002 925 .

632 963 862 1019 CLVIII.
902 995 973 1006 -—-
1008 962 1287 1020 CIIILONI
1328 962 1742 1019 DOMESTICO.

475 1057 760 1122 lnstabile,
798 1058 1059 1126 nullaque
1096 1057 1312 1111 ratione
1345 1057 1584 1118 firmum,
1622 1056 1733 1109 imo
1764 1062 1982 1126 pertur-

405 1149 619 1214 batum,
677 1159 731 1203 et
786 1148 926 1204 flexu
999 1147 1319 1203 facillimum
1375 1149 1591 1204 consilii
1648 1149 1729 1203 tui
1788 1147 1983 1204 Sirach

404 1238 668 1303 innuens,
707 1238 890 1292 dixit:
955 1256 972 1289 ι
1013 1237 1153 1292 [tota
1205 1253 1404 1294 currus
1466 1237 1778 1308 insipientis
1837 1237 1982 1292 inte.

405 1329 674 1383 τίοι-ατο.»
704 1329 761 1383 Si
790 1331 1024 1400 prompti
1051 1344 1274 1401 quoque
1303 1332 1401 1396 tui,
1435 1346 1497 1384 ac
1515 1328 1692 1384 facilis
1723 1331 1777 1385 in
1802 1345 1982 1386 secre-

409 1421 481 1474 tis
510 1419 819 1483 edicendis,
864 1423 1162 1492 statimque
1183 1422 1576 1489 .divulgandis,
1613 1423 1986 1494 omnibusque

412 1509 572 1580 195
608 1511 703 1566 tibi
747 1513 1079 1568 concreditis
1111 1512 1444 1584 aperiendis,
1487 1514 1703 1570 consilii
1735 1515 1986 1571 testimo-

407 1603 558 1656 nium
583 1617 752 1672 supra
779 1602 983 1658 laudati
1012 1605 1302 1675 scriptoris
1335 1614 1584 1674 exoptas,
1637 1620 1760 1676 quze
1799 1606 1982 1661 statim

406 1693 744 1761 subduntur,
767 1696 968 1774 habeto
993 1715 1005 1750 :
1030 1698 1245 1753 «Audiit
1269 1700 1547 1765 enim,ait,
1577 1699 1843 1770 insipiens
1869 1716 1987 1755 ser-

407 1800 648 1853 monem,
673 1795 726 1843 et
752 1789 1030 1858 parturiit,
1051 1789 1510 1860 quemadmodum
1533 1792 1767 1863 parturit
1793 1806 1824 1845 a
1849 1790 1988 1848 facie

407 1875 639 1933 infantis
695 1879 1006 1948 parturiens
1059 1880 1130 1934 “.
1162 1901 1181 1932 ›
1214 1879 1363 1937 Nihil
1396 1882 1542 1938 enim
1579 1886 1856 1940 amentius
1903 1893 1990 1939 est

407 1981 576 2036 quam
612 1967 916 2037 publicare,
947 1979 1001 2024 et
1037 1971 1137 2024 hac
1161 1980 1325 2041 atque
1354 1973 1479 2028 illac
1505 1974 1666 2029 nobis
1696 1975 1763 2031 ab
1793 1975 1988 2032 amicis

407 2057 550 2112 clam
599 2060 963 2130 privatimque
999 2063 1314 2118 concredita
1352 2067 1750 2129 transmittere,
1780 2068 1989 2137 palam-

405 2165 534 2218 que,
571 2158 624 2205 et
660 2151 917 2207 indecore
945 2156 1224 2224 evulgare.
1255 2156 1356 2222 Qui
1397 2157 1563 2226 igitur
1593 2165 1645 2213 te
1687 2166 1984 2229 occupant,

405 2243 618 2298 morbis
641 2245 994 2313 renuntiatis,
1027 2247 1112 2302 fac
1143 2249 1221 2304 sis
1256 2249 1308 2302 in
1346 2259 1628 2318 posterum
1665 2249 1906 2320 sapiens,
1935 2258 1989 2304 et

408 2338 624 2401 firmus,
663 2345 717 2392 et
744 2352 1074 2392 arcanorum
1108 2350 1318 2404 custos,
1353 2356 1643 2411 quousque
1672 2341 1832 2396 ﬁnem
1865 2341 1990 2396 vitae

404 2429 685 2498 posueris,
741 2431 966 2501 pr0prio
1018 2431 1124 2496 ori,
1181 2441 1235 2486 et
1286 2430 1763 2487 incontinentibus
1816 2433 1992 2490 labris

407 2519 616 2575 validas
653 2519 802 2576 fores
826 2528 1484 2592 apponens,‘vectemque
1512 2521 1986 2589 robustissimum,

405 2617 463 2664 et
503 2610 709 2665 silentii
742 2610 930 2680 optimi
975 2611 1214 2679 sigillum
1258 2613 1583 2683 appingens.
1627 2611 1720 2668 Sic
1753 2613 1900 2668 enim
1934 2621 1990 2667 et

409 2702 611 2758 divinae
635 2703 968 2772 cognitionis
999 2703 1293 2772 splendore
1333 2705 1635 2760 illuminari
1672 2705 1903 2774 poteris,
1934 2712 1990 2759 et

407 2807 569 2847 saera
603 2790 892 2864 Scriptura
938 2793 1140 2849 solatio
1183 2794 1281 2849 tibi
1331 2795 1461 2860 erit,
1491 2810 1616 2849 cum
1667 2795 1742 2849 ait
1777 2811 1791 2849 :
1833 2814 1852 2847 ι
1890 2796 1990 2850 Sa—

407 2884 617 2955 pientia
663 2885 900 2940 hominis
951 2885 1281 2941 illumina-bit
1335 2885 1530 2941 faciem
1576 2885 1724 2941 illius
1757 2887 1824 2952 ";
1865 2906 1884 2938 ι
1937 2895 1992 2941 et

407 2990 606 3031 rursus
638 2992 652 3030 :
683 2993 702 3027 ι
734 2975 974 3031 Audiisti
1023 2991 1359 3041 sermonem,
1403 2976 1754 3031 immoriatur
1801 2977 1855 3032 in
1913 2985 1986 3034 te.

2363 967 2544 1020 PNH’.
2577 995 2648 1008 -—
2683 963 2922 1018 ΧΙΛΩΝΙ
2954 963 3370 1033 ΔΟΜΕΣΤΙΚῼ.

2154 1059 2228 1113 Τὸ
2256 1057 2636 1113 ἀκατάστατόν
2681 1073 2740 1110 τε
2765 1057 2859 1110 καὶ
2889 1055 3196 1126 ἁνίδρυτον,
3220 1053 3486 1123 τεθορυὸη
3496 1053 3658 1123 μένον

2089 1170 2150 1206 τε
2194 1153 2289 1207 καὶ⁸
2318 1151 2641 1220 εὐκλόνητον
2672 1150 2771 1219 τῆς
2801 1149 2899 1220 σῆς
2929 1147 3180 1218 γνώμης,
3206 1145 3383 1216 δηλῶν
3417 1148 3446 1199 ὀ
3483 1146 3657 1216 Σιράχ

2085 1263 2218 1318 φησι
2244 1262 2258 1275 ο
2305 1263 2323 1296 ι
2357 1243 2563 1316 Τροχός
2608 1241 2826 1312 ἁμάξης
2867 1239 3152 1310 σπλάγχνα
3189 1237 3395 1309 μωροῦ.
3436 1257 3456 1290 ι
3495 1237 3558 1291 Et
3599 1238 3658 1290 δὲ

2085 1335 2182 1390 καὶ
2229 1335 2358 1408 περὶ
2387 1335 2482 1389 τοῦ
2516 1335 2591 1406 μὴ
2623 1331 2975 1405 βουλεύεσθαί
3005 1330 3065 1383 σέ
3102 1346 3235 1382 ποτε
3274 1327 3506 1398 φυλάξαι
3557 1343 3658 1399 μυ-

2089 1427 2334 1496 στήριον,
2369 1424 2484 1478 ἀλλ’
2508 1423 2672 1488 εὐθὺς
2714 1419 3112 1492 ἑκφερομυθείν
3136 1458 3152 1484 ,
3181 1419 3278 1471 καὶ
3317 1420 3452 1472 πᾶσι
3489 1419 3660 1488 δημο-

2089 1516 2292 1571 σιεύειν
2319 1516 2390 1570 τὰ
2419 1514 2806 1587 τεθαρῤημένα
2839 1529 2942 1578 σοι,
2980 1511 3155 1576 θέλεις
3182 1511 3310 1565 ίδεῐν
3350 1511 3660 1582 μαρτυρίαν

2086 1609 2179 1662 τοῦ
2204 1607 2485 1678 λεχθέντος
2514 1604 2832 1677 προσώπου,
2861 1605 3027 1659 ἄκουε
3049 1603 3385 1673 παραυτίκω
3409 1620 3428 1652 ι
3456 1603 3660 1656 Ἤκου-

2092 1719 2151 1756 σε
2200 1702 2346 1771 γὰρ,
2399 1699 2600 1772 φησὶν,
2642 1699 2672 1751 ὁ
2729 1697 2912 1768 μωρὸς
2958 1695 3150 1764 λόγον,
3206 1694 3306 1748 καὶ
3366 1693 3656 1763 ὼδίνησεν,

2090 1792 2280 1862 ῶσπερ
2309 1790 2490 1860 ὠδίνει
2519 1789 2626 1846 ἀπὸ
2665 1786 2961 1860 προσώπου
2999 1786 3234 1857 βρέφους
3255 1786 3289 1855 ἠ
3319 1783 3598 1842 τίκτουσα.
3632 1802 3653 1836 ι

2091 1885 2257 1940 Οὐδὲν
2309 1883 2367 1936 δὲ
2403 1882 2713 1953 μωρότερον
2750 1878 2846 1932 τοῦ
2879 1877 3252 1950 στηλιτεύειν,
3286 1877 3384 1930 καὶ
3424 1876 3656 1946 διαπορ-

2089 1976 2316 2048 θμεύειν
2364 1976 2492 2046 τῇδε
2551 1975 2796 2038 κάκεῖσε,
2837 1973 2934 2026 καὶ
2979 1970 3247 2042 φανεροῦν
3275 1968 3543 2041 ἀπρεπῶς
3590 1968 3661 2022 τὰ

2091 2067 2441 2141 θαρῤηθὲντα
2468 2069 2599 2138 ἡμῖν
2629 2066 2781 2137 παρὰ
2813 2064 2920 2118 τῶν
2953 2063 3122 2134 φίλων
3164 2062 3372 2132 κρύφα,
3409 2061 3503 2114 καὶ
3535 2058 3660 2115 κατ’

2093 2162 2248 2216 ίδίαν.
2293 2159 2593 2231 Ἀφέμενος
2616 2158 2796 2210 τοίνυν
2827 2157 2934 2209 τῶν
2987 2155 3313 2224 νοσημάτων
3351 2152 3462 2205 τῶν
3497 2169 3659 2222 περι-

2090 2255 2325 2326 εχόντων
2354 2268 2436 2315 σε,
2467 2249 2628 2320 γενοῦ
2652 2248 2838 2302 λοιπὸν
2868 2247 3030 2316 σοφός
3056 2261 3136 2313 τε,
3158 2245 3250 2299 καὶ¹
3279 2241 3547 2314 βεϐηκὼς,
3566 2241 3663 2295 καὶ

2095 2346 2414 2419 μυστηρίων
2453 2341 2652 2413 φύλαξ,
2680 2342 2784 2404 ἕως
2813 2341 2879 2396 ἂν
2904 2339 3205 2412 ἀποθάνῃς,
3231 2333 3661 2398 κατασκευάζων

2087 2439 2166 2510 τῷ
2199 2437 2386 2508 οίκείῳ
2420 2435 2650 2505 στόματι
2703 2432 2796 2486 καὶ
2828 2433 2938 2495 τοῖς
2969 2430 3221 2498 άστέγοις
3259 2426 3464 2498 χείλεσι
3491 2425 3664 2496 θύραν

2092 2528 2332 2602 στερρὰν
2376 2527 2473 2581 καὶ
2507 2524 2703 2596 μοχλὸν
2738 2522 3111 2594 ἰσχυρότατον,
3135 2521 3233 2575 καὶ
3261 2519 3361 2590 τὴν
3393 2515 3665 2587 σφραγῖδα

2089 2619 2190 2689 τῆς
2241 2619 2401 2688 σιγῆς
2447 2615 2734 2686 βελτίστης
2768 2609 3052 2674 ἐπιτιθείς.
3098 2608 3255 2662 Οῦτω
3301 2607 3412 2677 γὰρ
3450 2606 3544 2659 καὶ
3586 2602 3686 2674 τῷΔ

2090 2707 2191 2778 τῆς
2219 2705 2373 2767 θείας
2410 2701 2666 2772 γνώσεως
2712 2699 2852 2770 φωτὶ
2884 2696 3260 2766 ὲλλαμφθῆναι
3304 2694 3528 2766 δυνήσῃ,
3569 2692 3666 2744 καὶ

2091 2799 2126 2868 ἡ
2159 2795 2352 2866 Γραφὴ
2407 2794 2786 2866 παρηγορήσει
2832 2790 3066 2860 λέγουσα
3103 2804 3118 2817 ⁸
3173 2803 3191 2840 t
3250 2784 3421 2855 Σοφία
3473 2783 3687 2853 ἀνδρὸς⁹

2093 2890 2284 2958 φωτιεί
2304 2887 2364 2940 τὸ
2387 2885 2680 2958 πρόσωπον
2696 2881 2885 2937 αὐτοῦ.
2919 2901 2940 2934 ι
2967 2881 3076 2935 Καὶ
3102 2877 3264 2933 πάλιν
3287 2892 3300 2906 ·
3333 2895 3352 2928 ι
3385 2876 3666 2936 Ἤκουσας

2091 2978 2285 3048 λόγον;
2319 2975 2713 3041 ,ὲναποθανὲτω
2745 2990 2849 3028 σοι.
2889 2971 3113 3041 Θάρσει’
3147 2969 3208 3023 οὐ
3247 2969 3320 3040 μή
3355 2983 3414 3021 σε
3450 2964 3606 3038 ῥήξει
3637 2964 3668 3017 ό

409 3066 562 3121 Bono
595 3069 674 3121 sis
693 3067 879 3122 animo
905 3086 919 3121 :
945 3083 1056 3123 non
1079 3068 1386 3138 disrumpet
1417 3075 1469 3122 te
1489 3083 1671 3125 sermo
1700 3071 1754 3126 in
1788 3086 1994 3129 arcano

2093 3071 2252 3141 λόγος
2290 3071 2319 3124 ὀ
2355 3068 2644 3140 μυστηρίῳ
2671 3065 2883 3136 λεχθείς
2914 3079 3020 3117 σοι.
3057 3081 3080 3114 ι

409 3159 512 3214 tibi
552 3160 1089 3218 communicatus".
1135 3179 1153 3212 ι

666 3251 844 3310 CLIX.
867 3285 938 3296 ——
962 3253 1364 3310 GAUDENTIO
1408 3251 1726 3310 DIACONO.

480 3341 884 3402 Fornicationis
935 3347 1146 3402 daemon
1183 3360 1334 3401 more
1385 3346 1497 3400 nati
1551 3346 1829 3404 abdomini
1887 3365 1992 3407 suo

411 3437 576 3490 catuli
617 3453 785 3505 penes
811 3453 958 3501 eum,
992 3438 1088 3506 qui
1123 3437 1192 3490 ab
1216 3452 1282 3492 eo
1304 3445 1569 3502 tentatur,
1601 3441 1782 3497 suevit
1822 3443 1990 3499 haere-

416 3541 595 3591 scere,
628 3542 737 3580 non
767 3535 949 3583 tamen
983 3528 1092 3582 vim
1125 3527 1348 3584 inferre.
1383 3529 1439 3582 In
1478 3539 1567 3585 tua
1596 3531 1782 3603 itaque
1834 3543 1992 3605 pote-

409 3624 551 3672 state
583 3625 687 3682 est,
718 3627 923 3687 tuoque
973 3619 1222 3684 arbitrio,
1256 3627 1351 3674 aut
1399 3619 1548 3676 hunc
1595 3639 1691 3692 per
1754 3625 1989 3695 ignomi-

410 3704 627 3758 niosum
655 3706 976 3760 exercitium
1009 3706 1174 3774 alere,
1206 3719 1302 3762 aut
1351 3709 1615 3766 iracunde
1647 3727 1743 3782 per
1776 3729 1989 3783 preces,

410 3807 463 3851 et
498 3797 834 3868 psalmorum
863 3809 1181 3867 concentus,
1213 3809 1267 3858 et
1294 3801 1526 3872 jejunia,
1569 3813 1624 3860 et
1671 3807 1911 3878 vigilias,
1936 3817 1992 3865 et

409 3888 564 3942 humi
621 3890 882 3945 euhatum
937 3891 992 3946 in
1047 3891 1228 3962 fugam
1289 3902 1522 3950 vertere.
1596 3895 1989 3966 (Opponimini

407 3979 556 4034 enim
598 3978 942 4048 adversario,
977 3991 1037 4037 ut
1083 3998 1314 4054 magnus
1369 3982 1606 4042 Jacobus
1661 3987 1877 4056 scribit,
1934 3996 1991 4044 et

409 4069 582 4142 fugiet
603 4086 632 4125 a
659 4071 814 4128 vobis
830 4073 895 4128 ⁷⁸.
931 4093 951 4126 ›

634 4161 798 4234 196
823 4161 982 4218 CLX.
1018 4193 1085 4205 —
1113 4161 1390 4221 PlllLONl
1420 4164 1771 4223 EPISCOPO.

478 4252 628 4310 Satis
657 4253 837 4310 idonei
860 4256 1225 4324 instructique
1259 4271 1356 4311 vos
1378 4271 1474 4326 per
1507 4259 1891 4328 vosmetipsos,
1931 4260 1986 4314 in

409 4346 744 4402 monasterio
775 4355 959 4402 vestro
990 4347 1336 4416 degentibus.
1372 4349 1450 4402 uti
1499 4364 1598 4418 par
1641 4358 1749 4412 est,
1779 4350 1833 4404 in
1867 4365 1990 4406 om-

2362 3242 2538 3297 PNG’.
2565 3269 2634 3281 —
2667 3237 3058 3308 ΓΔΥΔΕΝἸΊῼ
3082 3234 3408 3305 ΔΙΔΚΟΝῼ.

2179 3343 2238 3394 '0
2267 3325 2367 3409 τῆς
2393 3336 2646 3406 πορνείας
2669 3333 2878 3402 δαίμων
2903 3331 3060 3400 δίκην
3091 3329 3274 3400 λίχνου
3315 3325 3558 3380 κυνιδίου
3591 3325 3670 3395 τῷ

2098 3429 2190 3486 ὑπ’
2225 3427 2390 3484 αὐτοῦ
2440 3421 2820 3495 πειραζομένῳ
2865 3419 3025 3474 είωθε
3072 3418 3434 3491 παραμένειν,
3466 3417 3527 3470 ού
3563 3416 3670 3486 μὴν

2099 3519 2473 3586 ὲκὸιάζεσθαι.
2529 3517 2617 3569 Ἐν
2663 3514 2748 3572 σοὶ
2799 3510 2978 3566 τοίνυν
3017 3509 3286 3581 ὑπάρχει,
3345 3507 3441 3560 καὶ
3483 3509 3551 3576 τῇ
3600 3506 3668 3575 σῇ

2099 3613 2316 3683 ἐξουσίᾳ
2341 3651 2356 3676 ,
2411 3609 2508 3664 καὶ
2555 3606 2841 3677 βουλήσει,
2874 3603 2910 3674 ἢ
2953 3601 3174 3674 τρέφειν
3223 3597 3412 3653 τοῦτον
3454 3597 3541 3651 διὰ
3569 3596 3671 3670 τῆς

2099 3703 2361 3778 ἐργασίας
2389 3702 2488 3772 τῆς
2521 3700 2720 3770 ἀτίμου
2740 3741 2756 3765 ,
2797 3697 2831 3768 ἢ
2864 3694 3190 3766 φυγαδεύειν
3239 3691 3357 3765 μετ’
3385 3693 3554 3762 ὀργῆς
3602 3692 3671 3745 δι’

2098 3796 2271 3868 εὐχῶν
2293 3794 2388 3849 καὶ
2414 3789 2766 3864 ψαλμῳδιῶν,
2792 3787 3058 3858 νηστειῶν
3094 3803 3156 3839 τε
3194 3788 3288 3840 καὶ
3325 3782 3669 3856 ἀγρυπνιῶν,

2099 3890 2320 3959 καὶτῆς
2354 3884 2768 3958 χαμαικοιτίας.
2809 3902 2829 3934 r
2871 3881 3182 3952 ’Δντίστητε
3220 3880 3328 3950 γὰρ
3362 3876 3440 3948 τῷ
3463 3875 3670 3947 ὲχθρῷ,

2098 3980 2281 4043 καθὼς
2315 3979 2516 4050 γράφει
2543 3979 2573 4031 ὁ
2620 3976 2798 4046 μέγας
2842 3971 3117 4037 Ἰάκωϐος,
3157 3972 3252 4026 καὶ
3291 3968 3546 4042 φεύξεται
3577 3968 3671 4035 ἀφ’

2099 4075 2128 4128 ὑ
2137 4075 2272 4145 μῶν.
2319 4092 2339 4124 ι

2451 4161 2568 4219 PE’.
2603 4191 2663 4202 --
2688 4159 2917 4213 ΦΙΛΩΝΙ
2951 4154 3320 4225 ΕΠΙΣΚΟΠῼ.

2180 4257 2377 4312 Ἰκανοί
2404 4256 2529 4307 ἐστε
2563 4251 2658 4306 καὶ
2687 4251 2843 4304 αὐτοὶ
2869 4246 2990 4302 καθ’
3028 4247 3258 4308 ἑαυτοὺς
3283 4242 3410 4306 τοὺς
3437 4239 3530 4295 τοῦ
3567 4256 3666 4310 μο-

2102 4347 2398 4418 ναστηρίου
2455 4342 2612 4414 ὑμῶν
2662 4340 2967 4404 κανονίζειν
3025 4338 3257 4399 δεόντως
3303 4333 3387 4402 ἐφ’
3444 4332 3668 4386 ἅπασιν.

408 4439 573 4496 nibus
597 4438 816 4495 vivendi
860 4440 1127 4496 rationem
1160 4442 1540 4511 praescribere.
1599 4441 1991 4499 Verumtamen

2109 4440 2327 4510 Ἐπειδὴ
2377 4437 2434 4492 δὲ
2474 4436 2604 4506 περὶ
2652 4433 2863 4502 διαίτης
2909 4427 3261 4500 ὑπεμνησατέ
3321 4443 3391 4497 με
3439 4423 3673 4492 διὰ,τῆς

408 4546 534 4587 cum
563 4531 708 4587 inter
740 4531 1094 4587 scribendum
1129 4532 1198 4588 de
1225 4533 1403 4588 victus
1430 4532 1644 4588 ratione
1672 4549 1988 4589 sermonem

410 4621 790 4687 institueritis,
822 4623 875 4678 id
907 4639 937 4677 a
965 4623 1128 4679 nobis
1168 4634 1479 4695 poscentes,
1535 4635 1594 4678 ut
1615 4641 1792 4682 meam
1825 4627 1894 4683 de
1924 4643 1989 4682 ea

409 4715 734 4772 sententiam
795 4716 1186 4786 significarem,
1240 4725 1387 4773 recte
1450 4718 1525 4772 ita
1589 4719 1990 4775 instituendam

407 4823 532 4864 esse
560 4808 725 4864 duco.
759 4808 896 4863 Cum
924 4808 1075 4863 varia
1111 4809 1183 4864 sit
1237 4824 1531 4878 corporum
1594 4813 1989 4880 temperatura,

408 4902 462 4950 et
490 4910 556 4950 ex
587 4895 654 4951 iis
692 4895 806 4951 haec
829 4895 1049 4966 quidem
1077 4896 1234 4950 malze
1287 4897 1609 4963 valetudini,
1639 4898 1730 4952 illa
1765 4915 1983 4969 praeva-

409 4985 533 5042 lida:
570 4987 916 5056 subiaceant,
951 4987 1126 5054 varia,
1151 4995 1206 5043 et
1233 5003 1484 5057 persona:
1511 4989 1739 5045 cuilibet
1773 5006 1992 5047 accom-

411 5079 626 5135 modata
659 5081 838 5137 victus
870 5081 1011 5136 ratio
1039 5081 1446 5151 praescribenda
1489 5089 1596 5138 est.
1625 5086 1812 5148 Quare
1847 5084 1998 5139 bene

410 5171 720 5225 valentibus
769 5173 1103 5245 leguminum
1143 5190 1296 5239 usus,
1356 5190 1519 5231 secus
1546 5191 1606 5231 se
1661 5175 1994 5231 habentibus

411 5259 670 5314 solatium
698 5276 761 5316 ex
798 5264 1066 5329 oleribus,
1097 5265 1290 5319 morbo
1320 5265 1573 5322 remissis
1634 5273 1688 5320 et
1715 5265 1988 5336 languidis

411 5365 476 5404 ex
510 5350 773 5406 carnibus
801 5355 1141 5410 moderatum
1185 5355 1450 5410 auxilium
1479 5357 1850 5412 exhibendum
1879 5365 1985 5412 est.

614 5439 797 5499 CLXI.
829 5469 896 5482 -—
921 5443 1272 5510 QUINTILIO
1308 5444 1812 5502 CANCELLARIO.

488 5530 543 5583 Si
579 5531 741 5588 modo
773 5542 829 5587 tu
886 5533 996 5590 Deo
1028 5536 1225 5590 animae
1270 5535 1530 5603 ofﬁcium,
1571 5547 1626 5592 et
1675 5538 1991 5608 diligentem

488 5702 534 5734 ⁷⁸
561 5702 728 5759 Eccli.
762 5723 952 5774 χχχιιι,
986 5712 1039 5766 5.

1138 5715 1179 5743 τ’
1221 5714 1392 5768 Eccli.
1423 5715 1640 5782 x1x,ll.
1721 5715 1765 5745 τ’
1795 5713 1964 5770 Eccli.
2035 5729 2109 5781 x1,
2143 5691 2191 5770 l'.
2268 5717 2310 5748 ⁷³
2343 5715 2512 5773 Eccli.
2547 5731 2655 5782 χιχ,
2690 5715 2777 5772 10.

2097 4532 2411 4601 ἐπιστολῆς,
2438 4527 2714 4593 ἀξιοῦντες
2740 4523 3048 4594 δηλωθῆναι
3076 4522 3225 4591 ύμῖν,
3259 4518 3466 4588 νομίζω
3489 4514 3672 4578 καλῶς

2096 4627 2264 4697 ἔχειν,
2291 4622 2549 4694 διαφόρου
2589 4617 2758 4688 οὔσης
2799 4616 2898 4687 τῆς
2942 4615 3050 4668 τῶν
3081 4613 3354 4683 σωμάτων
3397 4610 3666 4682 κράσεως,

2097 4718 2192 4772 καὶ
2215 4715 2324 4769 τῶν
2365 4713 2464 4784 μὲν
2490 4708 2884 4770 ἀσθενούντων,
2918 4704 3027 4759 τῶν
3055 4704 3114 4757 δὲ
3149 4701 3524 4771 ὑγιαινόντων,
3558 4714 3672 4750 ποι-

2098 4808 2294 4879 κίλην,
2344 4803 2440 4858 καὶ
2475 4802 2824 4873 ἁρμόζουσαν
2859 4799 3076 4868 ἑκάστῳ
3118 4793 3395 4867 προσώπῳ
3446 4793 3669 4858 ἐκτάξαι

2095 4901 2196 4970 τὴν
2245 4899 2458 4953 δίαιταν
2484 4911 2498 4926 ·
2530 4897 2643 4958 τοῖς
2676 4893 2775 4963 μὲν
2809 4891 3111 4960 ὑγιαίνουσι
3147 4890 3246 4958 τὴν
3287 4887 3397 4940 τῶν
3427 4885 3671 4956 ὀσπρίων

2093 4991 2306 5064 χρείαν,
2342 4991 2454 5054 τοῖς
2487 4987 2546 5042 δὲ
2569 4986 2749 5055 ὀλίγον
2777 4981 3064 5040 ἀσθενοῦσι
3095 4982 3194 5052 τὴν
3224 4980 3333 5034 ἀπὸ
3364 4979 3476 5032 τῶν
3500 4977 3669 5048 λαχά-

2092 5102 2198 5138 νων
2221 5079 2600 5154 παραμυθίαν,
2634 5080 2748 5142 τοῖς
2787 5077 2845 5130 δὲ
2888 5073 3308 5146 ὲξησθενηκόσιν
3341 5073 3482 5142 ὐπὲρ
3519 5069 3661 5133 λίαν,

2091 5180 2187 5234 καὶ
2215 5175 2698 5242 καταπεπτωκὼι,
2730 5173 2830 5245 τὴν
2855 5171 2962 5227 ἀπὸ
2994 5171 3104 5224 τῶν
3133 5169 3309 5241 κρεῶν
3352 5167 3670 5238 σύμμετρον

2093 5272 2306 5342 ὀρέγειν
2333 5269 2606 5342 βοήθειαν.

2305 5446 2472 5500 ΡΞΑν.
2489 5474 2560 5486 —-
2580 5443 2917 5514 ΚΥΝΤΙΛΙῼ
2947 5436 3454 5505 ΚΑΓΚΕΛΛΑΡῙῼ.

2169 5540 2232 5592 Εἰ
2263 5539 2362 5608 μὲν
2396 5537 2532 5609 πρὸς
2556 5537 2689 5591 Θεὸν
2712 5535 2852 5606 ἔχων
2872 5534 2964 5589 τὸν
2987 5534 3164 5604 ἔρωτα
3186 5531 3282 5602 τῆς
3304 5526 3502 5598 ψυχῆς,
3529 5537 3681 5578 κατ-ρ
3758 5530 3767 5537 “

2889 5713 2935 5747 ⁷³
2963 5711 3079 5768 Jac.
3109 5724 3184 5774 tv,
3223 5707 3277 5761 7.
