4064 6160
416 320 523 387 2⁵17

1639 332 2177 397 EPISTOLARUM
2206 333 2353 394 LIB.
2385 332 2469 392 II.

3579 330 3684 394 278

411 430 632 502 επᾴδεις
670 432 877 487 σαυτὸν
921 431 1191 505 ψαλμοῖς,
1246 438 1342 492 καὶ
1393 436 1588 510 ὕμνοις
1610 480 1626 505 ,
1674 441 1771 497 καὶ
1826 442 1993 513 ᾠδαῖς

2099 441 2305 498 cultum
2342 430 3010 511 tribuens,‘temetipsum
3071 434 3327 509 psalmis,
3358 444 3414 494 et
3442 437 3682 512 hymnis.

415 523 819 589 πνευματικαῖς
851 518 995 576 κατὰ
1021 522 1126 595 τὴν
1171 526 1473 597 παράδοσιν
1500 527 1615 582 τῶν
1654 530 1996 597 ἀποστόλων,

412 610 837 684 ἑπαινεσώμεθά
866 630 949 670 σε.
994 614 1285 688 Ὠφέλιμον
1317 620 1425 682 γάρ
1459 620 1523 674 τὸ
1552 620 1800 676 τοιοῦτον
1828 622 1998 676 σπού-

411 704 595 775 δασμα
616 746 634 771 ,
689 706 790 760 καὶ
824 705 906 779 τῷ
952 707 1078 779 Θεῷ
1110 710 1376 764 συνάπτει
1420 711 1514 766 τόν
1554 711 1845 783 ψάλλοντα.
1906 716 1998 770 Ἐν

411 797 523 866 γὰρ
554 796 634 867 τῷ
661 798 813 870 ᾅδειν
845 799 1143 873 έντελεχῶς
1172 819 1233 857 τε
1270 806 1366 858 καὶ
1395 805 1689 878 νουνεχῶς,
1721 808 1865 862 κατὰ
1896 808 2006 879 τὴν,

413 887 733 960 δπιμέλειαν
762 892 862 963 τῆς
907 894 1130 966 μνήμης
1171 895 1266 951 τοῦ
1314 897 1659 968 κρείττονος,
1701 900 1997 956 ἐπιλανθά-

414 993 561 1032 νεται
594 979 695 1050 μὲν
729 982 763 1051 ὴ
790 980 943 1053 ψυχὴ
963 983 1075 1036 τῶν
1118 985 1336 1057 μιαρῶν
1369 989 1462 1041 καὶ
1485 988 1748 1062 ὀλεθρίων
1780 991 1994 1061 παθῶν,

413 1070 587 1139 χαρᾶς
610 1070 1066 1145 ὃὲιάνεκλαλήτου
1097 1074 1424 1148 πληροῦται,
1461 1082 1557 1134 καὶ
1588 1082 1853 1149 ποθεινῶς
1885 1085 1996 1140 λοι-

415 1164 513 1217 πὸν
542 1165 848 1231 ὲνατενίζει
873 1167 953 1239 τῷ
987 1168 1137 1241 θείῳ,
1173 1170 1313 1243 πρὸς
1345 1174 1481 1228 αὐτὸ
1505 1177 1601 1230 καὶ
1634 1179 1795 1249 μόνον
1825 1181 1997 1234 σπεύ-

414 1255 576 1310 δουσα
618 1260 714 1312 καὶ
751 1259 1133 1336 ἀγωνιζομένη
1174 1266 1496 1335 κεχηνέναι,
1540 1271 1637 1323 καὶ
1673 1267 1843 1343 μηδὲν
1886 1275 1996 1328 τῶν

414 1348 707 1420 ὁρωμένων
729 1351 824 1406 τοῦ
853 1353 1085 1421 κάλλους
1125 1357 1336 1413 ἐκείνου
1362 1358 1456 1413 τοῦ
1488 1362 1724 1432 ἀοράτου
1757 1367 1994 1440 προκρί-

416 1457 598 1496 νουσα.
651 1444 717 1497 Ei
763 1445 810 1499 δ’
864 1446 1289 1520 ἐξαπατώμενος
1327 1450 1433 1506 ὑπὸ
1454 1452 1551 1507 τοῦ
1608 1454 1877 1524 διαϐόλου,
1924 1460 1996 1513 δι’

417 1534 653 1605 αἰσχρᾶς
695 1538 964 1610 μελῳδίας
1003 1542 1328 1613 σαγηνεύειν
1379 1546 1706 1614 σπουδάζεις
1736 1550 1995 1622 φιλήδονα

417 1623 638 1714 γύναια,
675 1634 1211 1706 κατασεσωρευμένα
1256 1637 1373 1701 ταῖς
1404 1635 1628 1705 πολλαῖς
1670 1640 1992 1714 ἁμαρτίαις,

2096 540 2151 588 et
2184 531 2572 601 splrituallbus
2596 529 2851 597 canticis,
2906 538 2969 584 ιιι
3022 531 3258 602 apostoli
3315 530 3682 611 tradiderunt.

2098 624 2364 679 continuo
2397 622 2745 678 coucinendo
2793 622 3010 688 obruis,
3064 632 3299 678 conatus
3333 632 3458 678 tuos
3492 623 3683 678 lauda-

2097 716 2298 773 bimus.
2338 714 2595 771 Studium
2624 715 2896 787 siquidem
2923 716 3027 771 hoc
3060 716 3195 771 utile
3223 724 3333 779 est,
3358 724 3417 770 et
3449 716 3687 786 psallen-
3752 754 3757 759 ο

2099 814 2207 863 tem
2262 807 2374 863 Deo
2404 807 2709 879 agglutiuat
2744 851 2759 875 ,
2792 808 2849 862 in
2884 806 3166 863 continuis
3196 807 3342 862 enim
3404 806 3684 870 cantibus,

2097 907 2152 956 ct
2178 898 2564 970 prudentibus,
2589 908 2645 956 et
2671 901 2725 954 in
2750 898 3003 955 Numinis
3028 900 3345 954 memoriam
3374 902 3697 970 procuratis,

2098 992 2285 1046 anima
2342 992 2810 1049 exsecrandarum
2855 999 2910 1047 et
2958 990 3403 1061 peruiciosarum
3438 991 3687 1047 aii'ectio-

2097 1098 2230 1138 num
2293 1084 2491 1153 oblita,
2544 1084 2920 1155 inexplicabili
2970 1082 3172 1154 gaudio
3229 1084 3520 1153 repletur;
3558 1085 3686 1140 hinc

2098 1190 2371 1246 propense
2408 1176 2705 1231 admodum
2761 1177 2816 1232 in
2859 1185 3137 1247 posterum
3187 1174 3255 1229 ad
3288 1176 3456 1231 Deum
3488 1178 3687 1232 mentis

2099 1268 2276 1324 aciem
2312 1270 2522 1341 dirigit,
2555 1270 2612 1325 in
2655 1270 2810 1325 illum
2849 1269 3030 1325 solum
3065 1266 3433 1334 contendens,
3461 1268 3688 1325 validis-

2098 1372 2205 1425 que
2241 1360 2538 1416 conatibus
2559 1358 2803 1425 inhians,
2834 1374 2900 1414 ne
2933 1357 3185 1413 umbram
3214 1356 3436 1428 quidem
3476 1373 3545 1412 ex
3577 1359 3685 1420 bis.

2096 1464 2220 1520 qua:
2248 1450 2427 1506 oculis
2471 1450 2781 1522 subjacent,
2833 1450 3232 1522 pulchritudini
3288 1450 3369 1505 illi
3424 1449 3686 1504 invisibili

2096 1549 2460 1617 anteponens.
2494 1542 2555 1598 Si
2583 1558 2714 1600 vero
2752 1557 2784 1598 a
2824 1541 3048 1598 diabolo
3108 1541 3375 1612 deceptus
3428 1542 3685 1608 obscenis

2096 1634 2295 1701 modis,
2351 1635 2713 1693 mulierculas
2759 1635 3138 1707 voluptatibus
3231 1633 3390 1706 197
3438 1633 3683 1697 deditas,

420 1713 784 1809 θδελυξόμεθά
818 1739 890 1809 fre
948 1726 1049 1796 τῆς
1107 1726 1420 1800 ἀκαθάρτου
1478 1730 1707 1804 γνώμης
1744 1749 1759 1766 ·
1798 1713 1837 1787 ι
1881 1737 1993 1809 Οὐχ

2099 1727 2401 1799 multisque
2434 1728 2678 1800 peccatis
2714 1718 3088 1801 pra-gravatas
3123 1727 3345 1783 irretire
3365 1726 3681 1789 contendis,

418 1799 615 1894 ὡραῖος
644 1806 754 1879 γὰρ
783 1803 935 1876 αἶνος
969 1795 1029 1867 ὲν
1057 1795 1311 1887 στόματιῖ
1336 1795 1699 1893 άμρτωλῶ,
1728 1842 1747 1876 ι
1780 1822 1857 1891 ὥς
1904 1795 1993 1892 τιὲ

2099 1819 2168 1875 ob
2202 1795 2347 1876 hanc
2377 1795 2653 1894 impuram
2708 1795 2946 1878 merrtem
2978 1830 3032 1877 te
3065 1821 3503 1877 detestabimur:
3545 1840 3563 1872 ι
3587 1820 3692 1877 Ne-

419 1893 581 1961 σοφὺς
610 1895 760 1955 ἐϐόα.

726 2079 868 2133 res
894 2111 965 2123 —
1012 2083 1328 2162 nmmo
1365 2090 1668 2167 BlKAPIQ.

496 2161 815 2238 Ἦρώτησάς
844 2184 971 2243 ’με,
1021 2174 1108 2239 τίς
1152 2176 1302 2233 ἔστιν
1350 2178 1461 2250 ἄρα
1490 2183 1520 2236 ό
1570 2161 1899 2256 δηλούμενος
1930 2188 1990 2244 ὲν

413 2255 525 2352 fui;
573 2256 930 2328 Εὐαγγελίοις
969 2266 1231 2324 εἰσελθεῖν
1272 2272 1352 2336 είς
1403 2274 1488 2327 τὸν
1530 2274 1700 2347 τάμον
1744 2279 1822 2352 μὴ
1850 2280 1990 2352 ἔχων

412 2342 637 2437 ἔνδυμα.
696 2352 791 2425 Μὴ
844 2353 951 2421 tam
997 2358 1360 2430 περιϐλέπου,
1423 2342 1563 2420 ἀλλά
1600 2342 1759 2440 ’τῆν’
1788 2342 1988 2427 σαυτοῦ

411 2439 745 2528 περισκόπει
770 2444 1029 2514 καρδίαν·
1063 2450 1258 2516 πάντες
1282 2453 1393 2526 γὰρ
1418 2439 1739 2528 Χριστιανοὶ
1776 2461 1858 2526 είς
1894 2463 1988 2519 τὸν

392 2525 599 2625 ὶγάμον
619 2529 723 2625 ⁸τὸν
744 2531 886 2589 θετον
914 2536 1242 2611 κεκλήμεθα.
1286 2545 1413 2602 Ἐὰν
1437 2525 1621 2603 τοίνυν
1653 2538 1989 2625 εἰσέλθωμεν

410 2614 676 2721 λογισμόν
705 2625 1064 2721 ἠμφιεσμένοι
1098 2635 1431 2712 φιλάργυρον
1457 2681 1473 2707 ,
1510 2643 1543 2715 ἢ
1575 2614 1917 2720 φιλόπορνον,
1950 2648 1985 2721 ἢ

414 2707 785 2811 θάψων-ἦ
819 2719 907 2811 τά,
928 2721 1076 2792 ἑξῆς,
1113 2707 1357 2799 δηλονότι
1401 2707 1688 2807 ἀλλοτρίαν
1729 2707 1827 2793 τοῦ
1859 2707 1988 2811 φαι-ἰ

413 2797 558 2901 δροῠ-
579 2802 676 2856 καὶ
712 2805 1013 2901 άμωμήτου
1044 2797 1225 2886 γάμου
1257 2797 1595 2894 ἐνδεδυμένοι
1623 2826 1837 2901 στολὴν,
1871 2797 1989 2884 εἰσ-

414 2890 586 2992 ελθεὶν
614 2898 1050 2992 τετολμήκαμεν.
1083 2906 1212 2963 Ἐάν
1233 2910 1290 2964 δὲ
1313 2890 1711 2983 μεταϐαλόντες
1866 2921 1987 2975 ἐπί-

415 2981 579 3053 ψοτον
599 2987 846 3081 γνώμην,
860 2995 1209 3070 ἐνδυσώμεθα
1231 2981 1369 3058 κατὰ
1386 3005 1484 3079 τὴν
1507 2981 1753 3065 διάνοιαν
1777 2981 2009 3081 άπλάγος

2093 1927 2200 1984 que
2242 1912 2389 1969 enim
2427 1915 2657 1986 pulchra
2718 1913 2842 1972 laus
2872 1921 2961 1971 est
2995 1913 3175 1970 inore
3222 1914 3530 1986 peccatoris
3554 1913 3624 1980 ⁷⁸,
3663 1931 3684 1965 ι

2092 2002 2363 2059 clamabat
2411 2003 2632 2073 sapiens
2665 2002 2853 2059 nescio
2884 2003 3025 2074 quis.

2409 2093 2613 2151 CLXII.
2646 2125 2714 2138 -
2750 2095 3138 2157 EUPSYCHIO
3168 2094 3473 2153 VICARIO.

2134 2183 2461 2247 Postulain
2486 2203 2517 2241 a
2542 2202 2628 2243 me
2660 2205 2674 2243 :
2707 2184 2844 2253 Quis
2864 2188 2956 2244 ille
2991 2196 3076 2243 est
3124 2196 3352 2243 notatus
3398 2186 3454 2241 in
3510 2184 3686 2240 Evan-

2091 2276 2248 2345 geliis
2287 2277 2342 2330 in
2376 2275 2600 2346 nuptias
2627 2275 2909 2339 introisse,
2945 2283 3151 2331 vestem
3199 2291 3308 2330 non
3361 2273 3571 2330 habens
3599 2274 3687 2328 "1'

2089 2363 2171 2420 Ne
2217 2372 2370 2420 extra
2420 2372 2472 2419 te
2519 2363 2902 2435 circumspice,
2949 2364 3042 2419 sed
3075 2373 3227 2418 tuum
3281 2378 3377 2419 cor
3419 2363 3684 2419 attentius

2090 2455 2459 2511 considerato.
2507 2456 2710 2510 Omnes
2764 2455 2909 2509 enim
2960 2452 3264 2510 Christiani
3335 2453 3404 2507 ad
3468 2453 3684 2509 divinas

2090 2546 2314 2618 nuptias
2342 2546 2703 2603 accersimur.
2743 2544 2801 2601 Si
2851 2546 3039 2615 itaque
3090 2546 3503 2601 introiverimus
3532 2545 3684 2616 cogi-

2094 2639 2306 2696 tatione
2333 2637 2535 2704 induti,
2575 2646 2673 2693 aut
2703 2652 2889 2703 avara,
2941 2644 3037 2693 aut
3095 2639 3430 2703 meretricia,
3466 2647 3561 2694 aut
3608 2639 3687 2693 in-

2092 2728 2245 2797 vida,
2268 2731 2351 2786 vel
2379 2729 2503 2788 aliis
2537 2729 2813 2786 similibus
2842 2730 2991 2786 vitiis
3016 2729 3276 2799 obducta,
3325 2731 3503 2786 aliena
3538 2730 3689 2787 scili-

2090 2831 2178 2879 cet
2197 2837 2226 2877 a
2251 2823 2544 2894 splendore
2567 2829 2621 2876 et
2645 2820 3011 2877 immaculatis
3030 2823 3241 2893 nuptiis
3265 2831 3415 2878 veste
3436 2820 3683 2877 obvoluti

2090 2925 2207 2972 tum
2249 2914 2465 2987 ingredi
2503 2914 2763 2971 dicimur.
2798 2912 2854 2970 Si
2891 2929 3026 2970 vero
3054 2915 3329 2983 sententia
3356 2914 3684 2986 ignominiis

2095 3009 2336 3065 obnoxia
2364 3015 2596 3073 mutata,
2626 3016 2805 3063 mente
2829 3007 3043 3077 integra
3073 3014 3293 3063 nosmet
3323 3006 3673 3062 iuduerimus

416 3093 519 3176 γνα
564 3080 879 3154 οίκτειρμοῢ
923 3091 1019 3144 καὶ
1065 3093 1458 3170 ὲλεημοσύνης,
1494 3104 1837 3176 χρηστότητα
1894 3080 1989 3159 καὶ

2099 3094 2405 3158 visceribus
2433 3100 2831 3155 misericordiae
2856 3110 2911 3154 et
2942 3099 3465 3165 commiserationis,
3499 3098 3687 3170 probi-

414 3170 637 3268 ἀγάπην
670 3177 945 3252 καθαρὰν,
1001 3184 1097 3238 καὶ
1145 3188 1449 3262 πραότητα,
1494 3170 1595 3247 και
1629 3170 1990 3268 ταπεινοφροε

416 3260 602 3358 σύν-ην,
636 3269 730 3322 καὶ
755 3270 825 3325 τά
860 3272 1020 3343 ὅμοια
1046 3276 1279 3345 τούτοις,
1316 3260 1474 3354 δῆλον
1501 3285 1583 3339 ὅτι
1620 3260 1992 3358 mamma

413 3353 482 3408 τά
539 3357 664 3422 ἄξια
706 3361 803 3416 τοῦ
862 3364 1044 3436 γάμου
1088 3367 1302 3440 ἱμάτια.
1360 3375 1764 3447 Περιϐαλέσθαι
1812 3353 1991 3437 τοίνυν

418 3448 740 3544 ιἔξιτεύινιιιμεν
778 3455 838 3509 τό
866 3456 963 3510 τοῦ
1012 3462 1204 3531 νοητοῦ
1236 3463 1416 3534 γάμου
1456 3470 1722 3541 σωτήριον
1764 3472 1988 3544 ἔνδυμα.

415 3538 539 3594 Τῶν
581 3541 679 3614 γὰρ
722 3546 808 3614 ἐφ’
848 3548 978 3619 ήμτν
1013 3551 1164 3606 ἔστιν
1210 3555 1511 3623 ἐνδύεσθαι,
1543 3538 1638 3615 καὶ
1683 3538 1990 3631 ἐκδύεσθαι,

413 3632 509 3685 καὶ
532 3636 633 3698 τὰς
665 3637 900 3705 ἐσθῆτας
938 3641 1210 3713 ἀμείϐειν,
1239 3650 1368 3704 ποτὲ
1395 3652 1495 3722 μὲν
1537 3652 1740 3721 καλῶς,
1777 3659 1908 3712 ποτὲ
1934 3659 1992 3713 δὶ

412 3726 620 3823 κακως,
646 3731 743 3823 καὶ
774 3730 870 3786 νῦν
907 3736 1004 3806 μὲν
1031 3737 1208 3806 τοῦτο,
1242 3732 1337 3796 νῦν
1365 3744 1424 3798 δὲ
1462 3746 1639 3802 ἐκεῖνο
1683 3750 1987 3823 αἱρεῖσθαι·

411 3816 602 3891 ἐπειδὴ
638 3822 987 3892 αύτεξούσιος
1016 3831 1247 3903 ἐκτίσθη
1269 3835 1299 3887 ό
1329 3834 1636 3906 ἄνθρωπος.

524 3926 531 3929 ‘
909 3918 1071 3976 ΡΞΓ.
1096 3949 1169 3964 -~
1200 3924 1284 3991 Τῷ
1315 3926 1495 3993 αὐτῷ.

496 4000 558 4056 '0
587 4003 688 4072 μὲν
704 4005 910 4099 Ϋὲχθρδς
937 4011 1037 4083 τῆς
1081 4016 1354 4099 ἡμετέρας
1387 4017 1533 4090 ζωῆς
1560 4021 1790 4094 δαίμων,
1822 4025 1995 4081 ἐλεεῖν

412 4098 884 4171 προσποιούμενος
924 4098 1333 4179 παρασκευάζει
1381 4112 1718 4183 λογίζεσθαι,
1768 4117 1850 4173 ὅτι
1895 4119 1995 4174 οὐκ

412 4188 568 4242 ἔσται
597 4192 800 4269 κρίσις,
824 4196 944 4249 οὐδὲ
971 4198 1326 4269 άνταπόδοσις
1353 4205 1572 4277 ἑκάστῳ
1596 4208 1736 4263 κατὰ
1761 4208 1833 4263 τὰ
1858 4210 1996 4281 ἔργα

411 4281 606 4349 αὐτοῦ,
643 4286 739 4339 καὶ
790 4284 1002 4353 τούτοις
1034 4293 1146 4355 τοῖς
1192 4294 1400 4366 ῥήμασι
1451 4288 1717 4352 λιπαίνων
1774 4298 1996 4370 φαύλως

412 4373 544 4438 τοὺς
575 4373 1033 4451 ἐξαπατωμένους
1066 4383 1441 4458 καταφθείρει.
1470 4386 1698 4460 Πρῶτος
1726 4391 1836 4463 γὰρ
1861 4393 1999 4447 πάν·

2016 3147 2067 3207 C

2097 3197 2226 3260 tate,
2261 3192 2535 3249 charitate
2564 3208 2726 3264 pura,
2770 3192 3091 3263 placiditate
3137 3199 3192 3248 ct
3253 3192 3582 3257 humilitate,
3616 3200 3689 3246 et

2095 3287 2181 3343 his
2211 3285 2515 3352 similibus,
2589 3284 2944 3341 manifestum
2975 3292 3060 3339 est
3102 3299 3206 3341 nos
3241 3285 3448 3353 nuptiis
3493 3284 3688 3355 dignas

2095 3389 2277 3436 vestes
2306 3377 2578 3436 induisse.
2622 3376 2997 3433 Circumvolvi
3024 3376 3207 3446 itaque
3226 3391 3492 3432 conemur
3524 3375 3691 3430 intel—

2093 3470 2409 3528 lectualium
2460 3470 2773 3540 nuptiarum
2839 3480 3017 3526 vestes
3072 3472 3368 3524 salutares.
3406 3466 3464 3523 in
3499 3475 3687 3533 nostca

2109 3563 2257 3621 enim
2296 3562 2555 3619 facultate
2604 3571 2689 3619 est
2733 3560 2885 3617 indui
2940 3571 2996 3618 et
3020 3562 3167 3624 exui.
3215 3570 3506 3633 vestesque
3541 3578 3689 3616 nunc

2094 3655 2312 3725 quidem
2334 3653 2522 3725 probe,
2554 3670 2702 3709 nunc
2728 3668 2856 3709 vero
2882 3669 3048 3722 prave
3076 3660 3442 3719 commutare,
3470 3664 3524 3709 et
3544 3668 3689 3707 nunc

2096 3749 2221 3815 hoc,
2255 3762 2407 3804 nunc
2436 3746 2572 3802 illud
2594 3746 2825 3816 eligere:
2846 3745 3291 3816 quandoquidem
3324 3745 3491 3800 homo
3521 3744 3684 3810 liber,

2094 3850 2149 3897 et
2178 3842 2262 3897 sui
2294 3840 2505 3896 arbitrii
2536 3839 2795 3895 dominus
2849 3846 3071 3892 creatus
3115 3846 3220 3891 est.

2621 3927 2849 3986 CLXIII.
2879 3928 3158 3983 —Eidem.
3738 3988 3743 3991 δ

2170 4022 2355 4078 iiostis
2386 4024 2510 4077 vitae
2544 4029 2747 4077 nostra:
2768 4020 3003 4082 daemon,
3029 4016 3205 4072 nostri
3241 4016 3494 4071 misereri
3514 4007 3690 4072 simu-

2099 4117 2242 4178 laus,
2301 4129 2421 4167 eam
2466 4112 2627 4167 nobis
2686 4109 3077 4179 cogitationem
3130 4105 3354 4174 ingerit,
3390 4122 3499 4160 non
3536 4108 3686 4160 lutu-

2098 4220 2220 4261 rum
2279 4200 2592 4272 judicium,
2652 4211 2830 4267 neque
2878 4194 3297 4249 retributionem
3390 4195 3691 4266 unicuique

2100 4294 2402 4354 secundum
2438 4290 2601 4362 198
2641 4303 2809 4360 opera
2838 4302 2960 4352 sua,
3017 4294 3071 4342 et
3120 4286 3273 4342 hisce
3306 4287 3490 4343 verbis
3524 4302 3691 4358 prave

2100 4385 2617 4455 delusosopimans,
2665 4380 2720 4435 in
2748 4378 3046 4450 perniciem
3100 4378 3231 4449 agit.
3266 4378 3568 4433 Primatum
3611 4385 3692 4433 et-

382 4478 523 4556 ,των
553 4464 664 4519 τῶν
686 4468 1050 4542 ’ἁμαρτωλῶν
1082 4475 1231 4529 ἐστιν
1258 4479 1287 4530 ό
1318 4476 1583 4542 διάϐολος.
1626 4480 1686 4535 '0
1714 4480 1769 4535 δὲ
1803 4480 1995 4556 Σωτὴρ

2099 4481 2245 4539 enim
2280 4476 2626 4552 peccatorum
2650 4473 2893 4529 omnium
2926 4472 3182 4530 diabolus
3212 4473 3443 4529 obtinet.
3466 4470 3690 4527 Verum-

414 4554 526 4609 τῶν
558 4556 697 4613 ὅλων
726 4560 983 4633 Χριστὸς,
1014 4564 1043 4617 ό
1072 4566 1235 4636 μόνος
1261 4570 1467 4641 κυρίως
1519 4572 1759 4644 καθαρὸς
1789 4575 1885 4629 καὶ
1924 4554 2003 4629 δί-

414 4664 593 4714 καιος,
626 4648 1138 4727 διαμαρτυρόμενος
1178 4676 1235 4711 τε
1267 4661 1362 4714 καὶ
1405 4662 1727 4733 ἐξελέγχων,
1781 4663 2001 4734 στύφων

414 4757 474 4794 τε
503 4741 599 4795 καὶ
639 4744 931 4812 παιδεύων,
975 4750 1070 4801 καὶ
1106 4751 1386 4821 προλέγων
1433 4752 1532 4825 τὴν
1570 4755 1835 4827 ἐσομένην
1877 4756 2001 4827 κρί-

419 4847 528 4898 σιν,
556 4832 790 4900 ἔκσώζει
819 4837 946 4902 τοὺς
973 4837 1329 4910 πειθομένους
1351 4842 1521 4913 αὐτῷ.
1550 4841 1722 4897 Τοῦτο
1743 4841 1839 4900 οὖν
1860 4840 2003 4899 εἶναι

415 4924 608 4996 νόμιζε
639 4925 702 4980 τὸ
743 4919 1161 5002 γεγραμμένον·
1212 4952 1231 4985 ι
1265 4933 1552 4989 Παιδεύσει
1592 4953 1660 5006 με
1698 4936 1907 5001 δίκαιος
1944 4940 2003 4992 ὲν

415 5016 583 5083 ἐλέει,
618 5017 711 5072 καὶ
739 5019 949 5089 ἐλέγξει
979 5038 1077 5093 με·
1122 5020 1300 5077 ἔλαιον
1339 5020 1396 5077 δὲ
1425 5025 1753 5097 άμαρτωλοῦ
1815 5027 1891 5099 μὴ
1922 5027 2006 5083 λι-

418 5108 653 5167 πανάτω
686 5111 789 5183 τὴν
817 5111 1063 5187 κεφαλήν
1093 5132 1219 5186 μου,
1253 5133 1271 5167 ι
1312 5115 1561 5170 τουτέστι
1589 5115 1651 5170 τὸ
1681 5116 2007 5188 ἡγεμονικόν

418 5217 549 5273 μου,
588 5200 712 5273 ἦτὺ
747 5204 977 5275 φρονοῦν
1008 5224 1131 5277 μου.
1638 5277 1642 5281 η

632 5360 637 5364 δ
795 5295 958 5352 ΡΞΔκ
987 5328 1059 5339 -
1089 5298 1317 5354 οΡιοΝι
1359 5299 1633 5370 ΕΚΔΙΚῼ.

492 5382 630 5440 Οὐαί
662 5403 768 5453 σοι,
802 5389 1240 5462 τρισταλαῐπωρε
1273 5391 1527 5463 ἄνθρωπε
1558 5391 1651 5445 καὶ
1688 5390 1999 5461 τρισάθλιει

407 5480 502 5533 ὅτι
535 5481 741 5550 μικρᾶς
770 5480 988 5553 ἡδονῆς,
1047 5486 1141 5539 καὶ
1189 5488 1306 5558 ἅμα
1360 5487 1437 5560 τῷ
1469 5487 1788 5557 τελεσθῆναι
1837 5504 2005 5558 παρο-

409 5574 737 5645 ὃευούσης,
756 5571 858 5645 τὴν
886 5576 1102 5630 αἰώνιον
1134 5578 1470 5652 άνταλλάττῃ
1502 5580 1697 5649 φλόγα.
1734 5579 1870 5634 Οὐαί
1900 5596 2002 5644 σοι,

2108 4580 2289 4626 tamen
2332 4566 2585 4623 Salvator
2634 4564 2880 4619 omnium
2912 4561 3187 4629 Christus,
3221 4566 3315 4635 qui
3372 4564 3526 4619 solus
3565 4577 3695 4617 vere

2110 4674 2283 4729 purus
2334 4667 2388 4714 et
2429 4659 2637 4728 justus,
2674 4665 2996 4712 contestans
3025 4664 3081 4711 et
3124 4656 3556 4726 reprehendens,
3609 4670 3692 4709 as-

2107 4752 2356 4819 tringens
2389 4756 2443 4802 et
2469 4747 2774 4810 instruens,
2804 4755 2858 4800 ct
2886 4743 3132 4800 futurum
3168 4746 3437 4816 judicium
3475 4760 3690 4799 annun-

2104 4842 2277 4905 tians,
2306 4839 2597 4894 audientes
2628 4853 2687 4893 se
2714 4838 2913 4893 salvat.
2942 4836 3008 4891 Et
3037 4837 3143 4891 hoc
3205 4836 3337 4890 illud
3362 4852 3507 4903 esse,
3539 4836 3687 4905 quod

2107 4932 2321 5001 scriptu
2347 4930 2605 4992 refertur,
2656 4928 2909 4983 existima
2941 4943 2955 4979 :
3019 4945 3036 4978 ι
3063 4927 3339 4996 Corripiet
3371 4942 3457 4981 me
3504 4926 3688 4996 justus

2112 5024 2165 5078 in
2198 5020 2604 5084 misericordia,
2639 5026 2692 5073 et
2720 5025 2915 5088 arguet
2952 5031 3038 5072 me
3073 5034 3087 5083 ;
3121 5016 3303 5084 oleum
3336 5031 3464 5071 vero
3495 5032 3688 5086 pecca-

2110 5117 2249 5172 toris
2308 5130 2418 5168 non
2480 5111 2780 5182 impinguct
2828 5117 2994 5180 caput
3044 5124 3223 5163 meum
3249 5109 3317 5173 "’,
3359 5128 3378 5161 ι
3436 5109 3541 5164 hoc
3601 5118 3688 5163 est

2108 5210 2413 5282 principem
2439 5204 2634 5259 animm
2683 5212 2911 5273 partem,
2946 5209 3039 5254 aut
3071 5200 3300 5254 rationis
3343 5201 3683 5271 compotem!

2471 5294 2651 5351 CLIV.
2685 5326 2755 5336 ——
2789 5290 3066 5346 VORIONI
3103 5290 3349 5347 ECDICO

2182 5392 2273 5447 Va:
2292 5389 2411 5455 tibi,
2447 5397 2641 5457 terque
2672 5393 2976 5456 quaterque
3005 5383 3170 5463 miser
3193 5391 3247 5436 et
3274 5382 3461 5438 infelix
3486 5385 3649 5437 homo

2112 5482 2255 5555 quod
2288 5481 2503 5553 pusilla:
2525 5492 2690 5533 causa
2726 5474 3047 5543 voluptatis,
3082 5490 3188 5528 una
3219 5489 3342 5529 cum
3374 5474 3495 5544 ipso
3525 5490 3689 5544 opere

2112 5574 2488 5648 expediendae,
2525 5571 2889 5641 sempiternas
2921 5566 3168 5623 ﬂammas
3195 5568 3564 5637 amplecteris.
3606 5568 3696 5621 Vae.

475 5718 527 5748 "
555 5714 732 5773 Eccli.
767 5730 859 5783 xv,
890 5718 942 5773 9.
1017 5718 1061 5752 "
1084 5719 1274 5777 Matth.
1308 5738 1439 5789 χιιι,
1472 5725 1558 5780 ll.
1635 5725 1677 5755 ⁷⁷
1713 5721 1853 5777 Psal.
1889 5734 2013 5784 csa,
2060 5718 2111 5773 5.
