4064 6160
407 265 511 327 279

1884 270 1943 329 S.
1968 269 2129 330 NILI

3557 268 3663 332 230

408 381 534 445 tibi,
571 382 851 436 insensate
877 388 932 436 et
965 381 1132 436 stulte
1163 400 1175 434 :
1209 380 1356 450 quod
1389 381 1575 438 carnis
1634 391 1800 439 nutus
1828 399 1974 438 exse-

2085 385 2401 456 ἀναίσθητε,
2437 384 2636 454 ἠλίθιε,
2672 385 2752 438 ὅτι
2796 383 2896 452 τῆς
2943 384 3146 454 σαρκὸς
3174 381 3348 436 ποιῶν
3377 379 3447 434 τὰ
3497 383 3660 454 θελή-

409 488 610 542 quens,
638 481 692 527 et
723 488 818 542 per
847 487 964 527 eam
993 471 1250 527 obscenis
1284 481 1338 527 te
1362 472 1647 528 aii‘ectibus
1679 474 1984 540 involvens,

409 571 466 618 et
535 564 720 634 pravis
755 562 1014 632 operibus
1063 563 1393 630 inserviens,
1430 579 1460 617 a
1500 565 1838 621 beatitudine
1893 567 1984 620 illa

410 655 703 710 inmortali
741 654 1058 723 expelleris,
1132 665 1184 710 et
1228 671 1513 724 nunquam
1565 658 1820 714 ﬁniendis
1885 659 1986 714 ob-

410 748 586 800 rueris
609 745 748 814 apud
777 743 980 800 inferos
1007 746 1182 816 igneis
1212 746 1732 803 immisericordium
1762 751 1985 820 angelo-

408 853 528 892 rum
569 836 907 892 verberibus.
963 836 1213 908 Namque
1270 839 1614 908 angelorum,
1646 840 1703 894 hi
1758 841 1980 911 quidem

407 927 676 1001 mansueti
739 933 894 990 sunt,
946 935 1000 981 et
1042 928 1291 994 humani,
1348 935 1402 983 et
1472 929 1880 998 misericordes,
1931 941 1986 988 et

406 1016 956 1072 commiserescentes
991 1036 1008 1084 ;
1048 1018 1140 1072 alii
1162 1001 1303 1072 ‘vero
1336 1019 1548 1074 austeri
1583 1030 1637 1074 et
1659 1021 1983 1092 implacabi-

407 1107 504 1167 les,
533 1105 809 1160 terribiles
833 1114 886 1160 et
918 1105 1265 1162 vehementes
1286 1147 1300 1173 ,
1330 1117 1386 1162 et
1411 1107 1688 1174 crudeles,
1727 1119 1781 1164 et
1804 1110 1986 1164 immi-

405 1198 1177 1344 εθῃὲῗδῗξίὶ-ΞῩΜΜΑΟΗΟ
1205 1287 1561 1344 COPIARUM
1586 1285 1908 1343 DUCTORI.

478 1378 636 1433 Vera:
668 1380 889 1448 pietatis
914 1379 1055 1434 ratio
1083 1380 1298 1435 duobus
1334 1388 1574 1444 constat,
1633 1379 1984 1450 dogmatibus

403 1470 512 1540 piis
565 1479 621 1526 et
647 1471 807 1528 bonis
849 1473 1138 1543 operibus.
1173 1471 1352 1529 Unum
1390 1473 1559 1544 igitur
1590 1472 1660 1526 ab
1689 1473 1862 1526 altero
1899 1486 1985 1526 se-

401 1558 741 1632 jungendum
773 1578 882 1618 non
913 1575 1018 1619 est.

583 1653 744 1724 199
770 1653 1002 1710 CLXVI.
1025 1654 1479 1714 --COLOCASl0
1511 1652 1828 1710 DIACONO.

477 1743 674 1800 Statim
707 1758 872 1818 atque
906 1749 1033 1819 quis
1065 1749 1117 1803 in
1159 1750 1468 1820 proximum
1493 1747 1977 1816 convitiajecerit.
2011 1739 2054 1793 Β

399 1835 592 1891 eodem
621 1836 768 1892 iterm
797 1849 1071 1893 momento
1124 1839 1327 1910 lepram
1356 1839 1411 1894 in
1455 1841 1634 1895 anima
1689 1839 1980 1895 contrahit.

400 1923 744 1998 Quapropter
771 1944 802 1984 a
829 1930 1136 1985 maledictis
1178 1939 1232 1987 et
1264 1929 1519 1986 convitiis
1549 1931 1763 1985 abstine
1792 1945 1805 1982 :
1836 1929 1982 1984 nosti

399 2018 671 2088 siquidem
707 2021 778 2076 ob
807 2021 974 2078 breve
1028 2023 1333 2078 convitium
1402 2033 1457 2077 et
1511 2037 1675 2076 uuam
1706 2021 1982 2075 obtrecta-

399 2107 566 2163 tionis
593 2107 892 2165 dictionem
949 2109 1132 2165 divina
1189 2111 1460 2166 sententia
1517 2109 1744 2164 Mariam
1798 2117 1976 2164 vatem

396 2201 550 2270 lepra
578 2197 746 2254 fuisse
781 2215 1098 2270 percussam
1141 2203 1209 2256 ".

605 2291 854 2347 CLXVII.
880 2293 1186 2350 —PlERlO
1216 2293 1446 2350 COMITI
1476 2291 1765 2350 IUNIORI.

464 2385 622 2442 Alius
657 2386 962 2442 secundum
989 2385 1158 2441 Deum
1182 2403 1337 2442 amor
1359 2396 1467 2452 est,
1504 2387 1644 2443 alius
1677 2386 1974 2441 secundum

393 2475 664 2530 mundum
701 2485 756 2532 et
783 2491 1033 2540 carnem,
1067 2493 1187 2548 qum
1225 2487 1310 2533 est
1357 2479 1599 2532 amicitia
1629 2479 1817 2549 potius
1847 2479 1975 2533 bru-

395 2558 597 2632 tornm,
638 2576 693 2621 et
726 2569 874 2621 nulla
915 2568 1127 2623 ratione
1173 2568 1422 2638 praadita.
1454 2569 1642 2639 Itaque
1669 2569 1813 2638 quod
1846 2583 1976 2623 con-

396 2658 606 2713 tinetur
643 2660 703 2712 in
725 2659 926 2716 litteris
955 2659 1088 2725 tuis,
1124 2661 1333 2729 ingenti
1369 2667 1424 2716 te
1469 2659 1748 2716 desiderio
1799 2661 1975 2715 teneri

393 2749 502 2803 hoc
531 2757 720 2807 mense
774 2767 906 2823 erga
957 2751 1422 2824 Dionysiodorum
1465 2753 1713 2823 magistri
1777 2751 1970 2818 (ilium,

394 2841 666 2898 immenso
694 2843 812 2910 illo,
843 2860 907 2898 ac
942 2846 1107 2915 plane
1137 2845 1496 2910 intolerabili,
1535 2847 1671 2901 adeo
1706 2853 1766 2901 ut
1799 2860 1974 2916 neque

395 2933 580 2998 odere,
611 2950 792 3006 neque
827 2936 1040 3002 bibere,
1088 2951 1267 3006 neque
1295 2937 1477 2992 vivere
1502 2937 1659 3004 velis,
1715 2937 1770 2991 ni
1821 2937 1973 3007 prius

394 3025 685 3092 puerulum
707 3031 1087 3097 conspexeris,
1113 3028 1170 3082 in
1195 3043 1303 3098 quo
1318 3042 1451 3097 erga
1485 3037 1537 3082 te
1563 3043 1719 3082 amor
1746 3045 1973 3100 praeces-

395 3124 544 3170 serat
571 3136 584 3171 :
611 3124 872 3188 praeterea
897 3119 1054 3189 signa
1085 3120 1212 3187 alia,
1243 3128 1298 3176 et
1319 3129 1482 3184 notae,
1506 3136 1629 3191 quae
1661 3121 1714 3174 in
1741 3121 1973 3192 epistola

393 3216 489 3262 tua
522 3209 655 3262 mihi
696 3224 818 3264 sese
865 3209 1100 3266 oﬂ‘ernnt
1133 3211 1354 3284 legenti,
1401 3213 1576 3282 palam
1607 3211 1814 3266 faciunt
1844 3227 1977 3266 mea:

393 3299 589 3354 vilitati
620 3301 893 3368 delusum,
925 3309 980 3357 et
1007 3303 1194 3357 multis
1213 3302 1468 3356 sordibus
1493 3302 1794 3358 daemonem
1842 3318 1974 3358 con-

395 3394 744 3460 taminatum,
781 3395 873 3462 qui
929 3403 1034 3447 tuae
1065 3395 1256 3447 virtuti
1295 3394 1516 3459 deditaa,
1551 3401 1605 3449 et
1644 3394 1737 3451 Dei
1767 3397 1972 3450 amanti

395 3483 592 3536 animae
634 3483 865 3538 insidias
900 3485 1083 3537 struit.
1109 3484 1193 3538 Ex
1223 3501 1287 3540 ea
1318 3487 1466 3540 enim
1493 3487 1726 3557 epistola
1761 3487 1975 3558 praedo-

393 3587 544 3637 nem,
601 3572 858 3642 illiusque
905 3575 1191 3628 subdolam
1225 3578 1506 3632 solertiam
1556 3578 1717 3634 facile
1774 3577 1972 3650 depre-

396 3665 562 3719 hendi
603 3682 614 3717 :
642 3680 768 3719 nam
799 3665 867 3720 ad
925 3667 1194 3722 maleﬁcia
1229 3667 1381 3723 vafer
1410 3678 1494 3724 est
1523 3679 1579 3725 et
1634 3670 1969 3726 industrius.

391 3757 607 3828 Quippe
627 3757 852 3828 spiritus
881 3757 1286 3823 fornicationis,
1311 3776 1474 3830 quem
1506 3762 1765 3817 Amorem
1795 3761 1968 3817 Grazci

392 3863 712 3917 nuncupare
772 3855 1098 3916 sueverunt,
1134 3849 1200 3906 ad
1239 3852 1548 3923 voluptates
1585 3853 1880 3922 proclives,
1914 3861 1969 3909 et

390 3937 701 3993 futurorum
727 3939 1061 4009 judiciorum
1089 3942 1466 4014 despectores,
1506 3959 1720 3999 necnon
1750 3944 1970 4000 univer-

390 4030 524 4086 salis
559 4031 708 4086 illins
730 4031 951 4100 judicii,
987 4035 1189 4102 palam,
1235 4051 1300 4088 ac
1339 4036 1470 4102 cito,
1500 4044 1555 4090 et
1603 4038 1811 4106 absque
1857 4038 1971 4092 ullo

390 4121 577 4177 labore
612 4123 680 4176 ad
731 4125 1083 4194 impudicitia:
1141 4128 1460 4182 barathrum
1510 4129 1824 4199 compellit;
1874 4146 1970 4185 eos

391 4226 521 4267 vero
551 4213 715 4284 200
770 4216 862 4284 qui
895 4217 1090 4273 salutis
1129 4219 1361 4288 propria:
1414 4234 1604 4273 curam
1660 4229 1879 4289 gerunt,
1916 4229 1970 4274 et

393 4318 520 4358 cum
560 4305 812 4360 mollitiei
845 4306 1043 4362 belluis
1068 4309 1378 4373 decertant,
1405 4311 1682 4366 illecebris
1736 4312 1966 4380 quibus-

2092 493 2260 546 ματα.
2296 477 2392 530 καὶ
2429 476 2496 530 δι’
2528 477 2697 546 αὐτῆς
2744 479 2855 540 τοῖς
2909 477 3154 546 αἰσχροῖς
3192 474 3514 528 ὑποπίπτων
3553 477 3658 528 πά-

2087 566 2230 632 θεσι,
2258 567 2353 620 καὶ
2377 565 2869 636 καταδουλούμενος
2896 568 3007 628 τοῖς
3036 566 3312 636 πονηροῖς,
3342 564 3658 640 ἐκϐληθήσῃ

2089 657 2191 729 μὲν
2217 657 2316 726 τῆς
2347 657 2746 728 μακαριότητος
2790 656 3004 724 ἐκείνης
3040 655 3140 725 τῆς
3182 655 3447 710 ἀθανάτου
3469 696 3484 720 ,
3524 656 3661 709 ἀθά-

2086 766 2225 804 νατα
2263 749 2321 802 δὲ
2354 749 2701 820 μαστιχθήσῃ
2741 747 2883 800 κατά
2909 747 2999 800 τὸν
3028 747 3183 819 ᾅδην,
3228 748 3348 811 ταῖς
3402 748 3658 819 πυρίναις

2090 839 2340 910 μάστιξιν
2370 840 2474 892 ὐπὸ
2501 838 2607 892 τῶν
2631 839 2877 908 ἀγγέλων
2906 837 3012 892 τῶν
3035 837 3433 909 ἀνελεημόνων.
3459 841 3522 892 Ol
3555 840 3656 910 μὲν

2086 933 2193 1000 γὰρ
2217 933 2323 985 τῶν
2351 933 2598 1002 ἀγγέλων
2645 932 2844 1003 ἥμεροί
2882 949 2940 984 τε
2971 931 3065 985 καὶ
3096 929 3464 1003 φιλάνθρωποί
3493 934 3654 997 εἰσιν,

2086 1023 2449 1094 εὔσπλαγχνοι
2478 1041 2535 1078 τε
2561 1025 2660 1078 καὶ
2694 1025 3018 1096 συμπαθεῖς,
3063 1025 3113 1076 οἱ
3163 1022 3221 1076 δὲ
3280 1023 3546 1095 αὐστηροί
3595 1041 3656 1076 τε

2085 1117 2180 1168 καὶ
2208 1117 2470 1186 ἀμειδεῖς,
2503 1116 2722 1187 φρικτοί
2759 1133 2836 1169 τε
2886 1115 2982 1170 καὶ
3031 1113 3331 1186 ὲμὸριθεῖς,
3388 1115 3657 1186 ἀπότομοί

2083 1224 2144 1260 τε
2174 1210 2266 1261 καὶ
2293 1208 2485 1278 ἀνελεή
2495 1226 2675 1278 μονες.

2349 1301 2512 1355 PEE’.
2538 1331 2605 1340 -
2640 1299 2981 1371 ΣΥΜΜΑΧῼ
3019 1300 3378 1371 ΣΤΡΛἹῊΓῼ

2167 1392 2225 1447 Ὀ
2250 1393 2349 1464 τῆς
2379 1391 2689 1457 θεοσεϐείας
2712 1391 2913 1464 τρόπος
2943 1393 3008 1446 ὲκ
3034 1391 3129 1445 δύο
3154 1391 3362 1445 τούτων
3393 1390 3654 1461 συνέστη-

2085 1501 2202 1548 κεν,
2231 1483 2516 1553 δογμάτων
2549 1482 2811 1548 εὐσεϐῶν,
2843 1485 2939 1538 καὶ
2979 1483 3233 1555 πράξεων
3262 1481 3507 1552 ἀγαθῶν,
3543 1482 3653 1536 Θά-

2084 1591 2242 1646 τερον
2268 1574 2400 1648 γοῦν
2426 1573 2658 1646 θατέρου
2689 1574 2751 1628 οὐ
2776 1573 2883 1645 χρὴ
2902 1571 3293 1642 διαζευγνύειν,

2328 1663 2510 1730 PECf’.
2541 1692 2612 1702 —
2653 1660 3047 1732 ΚΟΛΟΚΑΣΙῼ
3083 1659 3404 1730 ΔῙΑΚΟΝῼ.

2157 1755 2310 1825 Ἀμα
2340 1771 2424 1818 τις
2456 1753 2743 1826 λοιδορήσῃ
2784 1751 2878 1806 τὸν
2908 1751 3154 1822 πλησίον,
3186 1751 3389 1812 εὐθέως
3415 1747 3652 1820 λεπροῦ-

2083 1863 2172 1900 ται
2203 1845 2302 1916 τὴν
2337 1843 2585 1914 καρδίαν.
2619 1843 2816 1914 Διόπερ
2862 1841 3029 1912 φεῦγε
3070 1841 3132 1894 τὸ
3175 1840 3520 1904 καταλαλεῖν.
3555 1841 3654 1894 καὶ

2081 1936 2526 2008 διαλοιδορεῖσθαι
2550 1952 2564 1966 ο
2622 1934 2869 2003 ἔγνωκας
2903 1933 3033 2008 γὰρ,
3081 1933 3198 1998 πῶς
3226 1933 3293 1986 δι’
3326 1933 3514 2002 ὀλίγην
3542 1931 3652 1993 λοι-

2079 2027 2283 2097 δορίαν,
2318 2028 2411 2080 καὶ
2446 2026 2574 2096 μίαν
2604 2025 2749 2092 λέξιν
2792 2025 2893 2095 τῆς
2933 2011 3286 2092 καταλαλιάς,
3334 2023 3452 2096 θείᾳ
3485 2023 3651 2095 ψήφῳ

2079 2119 2417 2190 λελέπρωται
2446 2119 2480 2189 ἡ
2512 2118 2782 2188 προφῆτις
2809 2116 3019 2187 Μαρία.

2266 2299 2427 2352 ΡΞΖ¹.
2451 2317 2521 2338 '-—
2555 2298 2784 2370 ΠΙΕΡῘῼ
2823 2298 3094 2352 ΚΟΜΗΤΙ
3127 2297 3460 2368 ΝΕΩΤΕΡῼ.

2161 2390 2354 2461 Ἑτέρα
2382 2390 2530 2443 ἐστὶν
2567 2391 2600 2460 ἡ
2634 2389 2774 2442 κατά
2807 2388 2938 2441 Θεὸν
2979 2387 3190 2458 ἀγάπη,
3238 2388 3334 2441 καὶ
3367 2387 3501 2458 άλλη
3529 2386 3648 2440 ἐστὶ

2076 2482 2219 2536 κατά
2267 2481 2472 2551 κόσμον
2505 2481 2600 2533 καὶ
2632 2480 2810 2551 σάρκα
2853 2477 3133 2551 κτηνώδης
3188 2496 3274 2542 τις
3307 2479 3403 2532 καὶ⁸
3447 2478 3645 2546 άλογος

2077 2571 2246 2641 φιλία.
2275 2571 2350 2624 Τὸ
2382 2565 2474 2624 οὖν
2506 2570 2780 2640 περιέχειν
2812 2569 2882 2623 τὰ
2929 2569 3236 2641 γράμματά
3271 2586 3386 2633 σου,
3433 2570 3514 2622 ὅτι
3548 2570 3646 2622 πό-

2076 2664 2167 2727 θος
2193 2680 2276 2716 σοι
2310 2661 2492 2726 ἱκανὸς
2532 2664 2722 2732 γέγονε
2769 2661 2912 2717 κατὰ
2943 2661 3034 2715 τὸν
3079 2661 3224 2732 μῆνα
3270 2659 3459 2714 τοῦτον
3506 2661 3644 2730 πρὸς

2075 2753 2496 2824 Διονυσιόδωρον
2540 2753 2630 2808 τὸν
2681 2753 2794 2806 υἱὸν
2839 2750 2932 2806 τοῦ
2989 2752 3295 2823 μαγίστρου
3343 2752 3510 2814 πολὺς
3542 2752 3640 2804 καὶ

2075 2844 2368 2913 ἀφόρητος,
2401 2842 2544 2920 ὥστε
2577 2843 2714 2915 μήτε
2752 2843 2966 2912 φαγεῖν,
2994 2842 3131 2912 μήτε
3166 2843 3332 2906 πιεῖν,
3375 2842 3512 2912 μήτε
3543 2841 3645 2911 ζῇν

2077 2934 2363 3005 βούλεσθαί
2414 2952 2496 2999 σε,
2533 2936 2581 2987 εἰ
2627 2934 2703 3005 μὴ
2761 2934 3027 3006 πρότερον
3063 2934 3228 3007 θεάσῃ
3258 2933 3350 2988 τὸν
3406 2933 3646 3004 μείρακα

2074 3025 2167 3079 τὸν
2211 3025 2684 3097 προαγαπήσαντά
2723 3042 2806 3092 σε,
2851 3026 2946 3078 καὶ
3004 3026 3064 3078 τὸ
3115 3025 3252 3078 ἄλλα
3282 3023 3404 3078 τινὰ
3449 3023 3647 3095 γνωρίο

2077 3133 2262 3187 σματα
2291 3117 2386 3170 καὶ
2429 3119 2630 3188 σημεῖα
2667 3117 2947 3186 ἐγκεῖσθαι
2976 3119 3044 3188 τῇ
3073 3115 3228 3188 παρά
3254 3115 3348 3170 σοῦ
3393 3132 3482 3186 μοι
3503 3132 3641 3185 γρα-

2059 3209 2237 3280 ’φείσῃ
2259 3207 2536 3279 ἐπιστολῇ,
2578 3208 2811 3279 φανερὸν
2841 3209 2907 3280 τῇ
2938 3209 3044 3280 ἐμῇ
3075 3207 3318 3279 εὐτελείᾳ
3342 3207 3644 3278 κατέστησε

2072 3299 2162 3353 τὸν
2213 3299 2386 3354 δόλιον
2421 3303 2515 3354 καὶ
2546 3301 2874 3354 πολύσπιλον
2921 3300 3174 3372 δαίμονα,
3206 3301 3299 3354 τὸν
3333 3298 3644 3372 ἐνεδρεῦσαι

2075 3391 2445 3457 σπουδάζοντα
2474 3394 2573 3464 τὴν
2604 3391 2700 3463 σὴν
2729 3393 2982 3464 ἐνάρετον
3037 3393 3129 3447 καὶ
3168 3392 3413 3463 φιλόθεον
3443 3391 3640 3462 ψυχήν.

2085 3481 2180 3534 Ἐκ
2210 3482 2317 3552 γὰρ
2341 3481 2405 3552 δὴ
2448 3485 2548 3552 τῆς
2577 3483 2890 3554 ἐπιστολῆς,
2919 3483 3177 3554 εὐμαρῶς
3211 3482 3520 3555 πεφώρακα
3550 3482 3642 3536 τὸν

2073 3570 2298 3644 λῃστὴν,
2338 3573 2430 3626 καὶ
2457 3571 2557 3644 τὴν
2607 3571 2799 3628 τούτου
2835 3573 3005 3646 σοφὴν
3041 3574 3506 3646 δραματουργίαν·
3552 3589 3642 3627 σο·-

2075 3661 2174 3730 φδς
2196 3661 2304 3732 γάρ
2330 3664 2473 3715 ἐστιν
2508 3663 2587 3726 είς
2613 3663 2674 3715 τὸ
2713 3665 3099 3733 κακοποῖησαι.
3136 3663 3210 3716 Τὸ
3264 3663 3374 3734 γὰρ
3426 3660 3643 3731 πνεῦμα

2072 3753 2170 3821 τῆς
2195 3753 2468 3824 πορνείας,
2509 3753 2647 3825 ὅπερ
2693 3753 2871 3825 ἔρωτα
2911 3753 3175 3824 Ἑλλήνων
3225 3753 3409 3817 παῖδες
3443 3752 3641 3823 κικλή-

2074 3861 2224 3898 σκειν
2274 3843 2522 3908 εἰώθασι,
2557 3846 2683 3907 τοὺς
2721 3844 2819 3914 μὲν
2873 3845 3010 3915 πρὸς
3039 3844 3137 3916 τὴν
3188 3843 3379 3915 ἡδονὴν
3416 3844 3643 3914 ἐπιρρε-

2072 3939 2215 4003 πεῖς,
2243 3937 2337 3990 καὶ
2365 3937 2842 4008 καταφρονοῦντας
2864 3936 2974 3990 τῶν
3006 3936 3305 4008 μελλόντων
3356 3935 3642 4006 κριμὰτων

2071 4029 2167 4081 καὶ
2200 4025 2294 4080 τοῦ
2322 4027 2702 4095 οίκουμενικοῦ
2741 4027 2952 4079 ἐκείνου
2984 4026 3356 4097 δικαστηρίου,
3388 4023 3640 4095 φανερῶς

2072 4119 2166 4172 καὶ
2197 4118 2406 4188 ταχέως
2456 4118 2551 4171 καὶ
2581 4117 2704 4188 δίχα
2732 4118 2935 4182 παντὸς
2973 4117 3223 4190 καμάτου
3273 4116 3411 4188 “pb;
3451 4115 3512 4168 τὸ
3544 4115 3640 4184 τῆς

2071 4207 2357 4275 ἀσελγείας
2406 4205 2681 4278 βάραθρον
2718 4206 3051 4278 κατασύρεν
3105 4206 3232 4270 τούς
3269 4206 3326 4260 δὲ
3384 4204 3641 4277 φροντίδα

2073 4293 2298 4364 ἔχοντας
2326 4295 2427 4365 τῆς
2451 4293 2749 4367 σωτηρίας,
2779 4296 2874 4350 καὶ
2917 4300 3029 4360 τοῖς
3059 4297 3158 4368 τῆς
3183 4294 3517 4367 ἡδυπαθείας
3547 4294 3642 4364 θη-

389 4394 537 4460 dam,
566 4411 631 4450 ac
691 4397 985 4462 machinis,
1016 4408 1072 4454 et
1121 4399 1264 4453 dolis
1289 4398 1536 4454 adoritur
1577 4416 1592 4452 :
1630 4409 1683 4457 et
1725 4403 1964 4470 primum

2079 4388 2216 4458 ρίοις
2267 4389 2630 4459 μαχομένους,
2683 4388 3012 4458 δελεάσμασί
3056 4405 3171 4441 τισι
3209 4387 3308 4440 καὶ
3373 4387 3643 4457 μηχαναῖς

388 4485 608 4556 quidem
645 4485 853 4539 nullum
885 4501 1138 4555 pravum.
1190 4487 1284 4542 sed
1341 4495 1710 4551 constantem,
1759 4496 1813 4543 et
1860 4505 1969 4544 non

389 4581 556 4638 nimis
615 4580 892 4635 curiosam
946 4581 1299 4636 dilectionem
1356 4596 1607 4650 persona:
1657 4575 1965 4651 cujnspiant

315 4725 338 4732 _,
389 4671 636 4735 advenae,
672 4679 766 4726 aut
819 4671 1092 4742 indigena:
1127 4673 1318 4737 maris,
1349 4672 1431 4728 vel
1469 4671 1686 4726 feminae
1730 4673 1962 4727 inserit:

389 4765 712 4820 adhortatur
765 4765 988 4831 deinde,
1026 4773 1084 4820 ut
1117 4781 1226 4820 una
1269 4757 1394 4820 cum
1425 4780 1489 4820 ea
1543 4772 1849 4828 assuescat,
1912 4773 1966 4820 et

387 4857 554 4912 vitam
576 4859 764 4920 ducat,
793 4873 1012 4928 unaque
1031 4866 1322 4923 commect,
1353 4857 1630 4928 pactiones
1653 4856 1962 4924 contrahat,

273 5019 286 5026 ί
389 4963 660 5020 suspenso
711 4964 943 5019 corpore
993 4949 1230 5014 incedat,
1277 4965 1364 5005 res
1398 4949 1739 5006 necessarias
1769 4964 1964 5004 conso-

389 5041 515 5105 ciet,
567 5041 945 5097 soiemnitates
987 5041 1246 5106 celebret,
1309 5041 1488 5111 lepide
1537 5037 1853 5095 urbanitate
1910 5047 1965 5095 et

390 5129 600 5186 salibus
632 5139 844 5197 utatur,
874 5142 927 5187 et
957 5132 1076 5188 sine
1106 5131 1381 5200 impudica
1414 5133 1746 5202 cogitatione
1798 5131 1962 5185 simul

388 5221 660 5275 comedat.
706 5224 835 5278 Haec
869 5239 1033 5293 porro
1088 5223 1276 5278 omnia
1330 5222 1682 5278 fundamenta
1703 5231 1852 5288 sunt,
1910 5228 1964 5275 et

391 5319 736 5382 argumenta,
773 5321 826 5365 et
866 5314 1155 5384 principia,
1187 5321 1242 5368 et
1263 5311 1478 5368 radices
1519 5314 1750 5383 peccati.
1801 5309 1954 5365 Post-

391 5402 613 5458 modum
646 5413 919 5472 praeeunte
950 5414 1214 5474 tempore,
1256 5417 1532 5474 pravaque
1566 5403 1962 5458 consuetudine

393 5492 472 5546 ita
525 5501 863 5563 comparata,
908 5505 1115 5565 etquae
1144 5495 1233 5549 vix
1277 5494 1430 5550 avelli
1469 5495 1662 5562 possit,
1724 5501 1854 5548 tunc
1903 5495 1957 5549 in

478 5658 520 5690 ⁷⁸
539 5662 698 5719 Num.
732 5679 833 5732 xu,
864 5667 918 5721 9.

2071 4482 2168 4533 καὶ
2193 4479 2363 4543 δόλοις
2391 4479 2736 4552 μετέρχεται·
2773 4481 2868 4534 καὶ
2908 4480 3126 4552 πρῶτον
3156 4479 3255 4550 μὲν
3304 4477 3456 4531 οὐδὲν
3483 4477 3642 4546 δῆθεν

2071 4574 2328 4645 χαλεπὸν,
2369 4572 2481 4626 ἀλλ’
2524 4575 2570 4628 ὲ.
2611 4614 2625 4629 .
2654 4613 2669 4628 .
2703 4613 2718 4626 .
2748 4613 2761 4626 .
2817 4574 2974 4644 μόνον
3019 4573 3113 4626 καὶ
3162 4569 3394 4644 στοργὴν
3445 4569 3644 4624 ἀπολυ-

2073 4666 2462 4738 πραγμὸνητον
2509 4664 2750 4735 ἐντίθησι
2792 4649 3102 4736 ’προσώπου
3164 4662 3309 4726 τινὸς
3363 4661 3516 4726 ξένου
3543 4699 3557 4722 ,
3607 4656 3640 4728 ἢ

2069 4755 2381 4827 ἐγχωρίου,
2447 4757 2711 4828 ἄρρενος,
2759 4755 2792 4826 ἢ
2837 4755 3076 4824 θηλείας.
3143 4748 3278 4807 Εἶτα
3338 4750 3674 4822 συνομιλεῖν

2068 4851 2165 4903 καὶ
2215 4847 2526 4917 συνδιάγειν
2566 4850 2906 4919 προτρέπει,
2961 4847 3056 4901 καὶ
3115 4843 3462 4912 συνοδεύειν,
3517 4861 3642 4898 συν-

2073 4942 2360 4997 αλλάσσειν
2419 4959 2479 4995 τε
2557 4943 2652 4996 καὶ
2733 4939 3314 5012 συμμετεωρίξεσθαι,
3369 4941 3644 4992 κοινωνεῖν

2071 5052 2131 5087 τε
2201 5036 2260 5089 ἐν
2298 5034 2621 5124 πράγμασιν
2672 5033 3024 5124 ἀναγκαίοις,
3083 5031 3178 5085 καὶ
3224 5029 3639 5124 συνεορτάξειν,

2071 5127 2166 5179 καὶ
2245 5117 2786 5194 συγχαριεντίζεσθαι
2814 5163 2829 5189 ,
2907 5122 3002 5175 καὶ
3071 5120 3404 5189 συντριὶνίειν
3472 5117 3641 5189 χωρὶς

2070 5216 2332 5287 λογισμοῦ
2416 5213 2698 5285 πορνικοῦ.
2769 5212 2956 5266 Ταῦτα
3027 5210 3085 5264 δὲ
3162 5209 3339 5263 πάντα
3400 5206 3641 5276 θεμέλιοι

2068 5308 2333 5378 γίνονται,
2393 5307 2487 5359 καὶ
2526 5304 2833 5368 ὑποθέσεις,
2865 5303 3184 5373 καὶηάρχαὶ,
3237 5301 3330 5350 καὶ
3357 5297 3506 5368 ῥίζαι
3543 5296 3638 5367 τῆς

2069 5403 2368 5470 αμαρτιείς.
2394 5397 2552 5452 Μετὰ
2573 5397 2631 5451 δὲ
2661 5395 2836 5449 ταῦτα
2867 5394 3056 5448 λοιπὸν
3083 5389 3484 5463 προϐεϐηκότος
3518 5387 3638 5456 χρό-

2068 5509 2182 5562 νου,
2210 5493 2304 5547 καὶ
2332 5491 2430 5563 τῆς
2462 5489 2639 5560 κακῆς
2672 5487 2961 5560 συνηθείας
2991 5483 3442 5540 δυσαποσπάστου
3472 5495 3612 5533 κατα
