4064 6160
402 343 504 408 281

1567 341 1833 404 EPISTO
1873 343 2130 409 LARUB
2162 347 2309 406 LIB.
2339 345 2419 404 ΙΙ.

3553 336 3669 399 282

408 473 820 544 σκευασθείσης,
845 475 964 528 τότε
991 474 1076 546 δὴ,
1106 473 1227 527 τότε
1262 477 1371 539 τοῖς
1404 477 1748 545 γεννητικοῖς
1783 475 1995 548 μορίοις

2101 485 2361 552 quantum
2395 475 2723 548 genitalibus
2750 471 3011 531 membris
3033 472 3242 528 daamon
3278 486 3338 526 sc
3389 469 3672 542 applicans

406 567 716 638 πλησιάσας
751 569 780 621 ό
815 567 1048 636 δαίμων,
1082 567 1346 635 αἰφνίδιον
1398 565 1466 620 τὰ
1511 567 1609 634 τῆς
1645 567 1846 638 σαρκὸς
1893 568 1980 634 ἐξ·

408 657 567 712 ἅπτει
597 656 976 728 φλογίσματα,
1024 656 1120 709 καὶ
1168 654 1418 728 καθάπερ
1460 655 1680 726 χαλκίον
1723 656 1792 709 τὰ
1846 657 1983 728 μέλη

407 749 725 819 ἀναὸράζει,
755 749 870 810 τοῖς
904 764 964 799 τε
1009 746 1425 816 πεπυρωμένοις
1466 747 1641 817 βέλεσι
1685 748 1794 800 τῶν
1835 747 1985 816 λογι-

411 837 562 908 σμῶν
589 837 690 907 τῆς
722 837 963 907 ἀθέσμου
994 835 1188 907 ἡδονῆς
1203 835 1459 900 τοξεύσας
1484 837 1580 906 τὴν
1607 836 1834 907 καρδίαν
1857 852 1986 887 κατ-

409 929 619 997 επείγει
660 928 795 1000 πρὸς
847 927 909 980 τὺ
939 928 1173 997 πονηρὸν
1220 927 1400 998 ἔργον,
1433 926 1620 999 ῶσπερ
1671 928 1770 998 τὴν
1812 926 1990 980 Βαϐυ-

409 1019 606 1073 λωνίαν
657 1018 897 1072 ἐκκαίων
956 1017 1203 1088 σφοδρῶς
1251 1018 1503 1088 κάμινον.
1534 1020 1695 1072 Ὅθεν
1737 1019 1923 1071 λοιπὸν
1949 1020 1984 1090 ἡ

410 1110 554 1181 ψυχὴ
586 1109 829 1182 ἐξίτηλος
851 1110 1118 1180 γενομένη
1143 1110 1423 1174 πολλάκις,
1454 1111 1548 1164 καὶ
1579 1109 1988 1180 ἐξασθενήσασα

412 1206 522 1267 τοῖς
559 1205 734 1265 τόνοις
765 1203 878 1266 τοῖς
925 1205 1128 1271 νοεροῖς
1162 1202 1251 1255 διὰ
1286 1201 1394 1255 τῶν
1431 1200 1849 1273 γαργαλισμῶν,
1903 1199 1990 1252 καὶ

415 1294 836 1366 ἐκνευριζομένη
853 1335 868 1359 ,
891 1293 1135 1364 ἀνάγκην
1159 1293 1272 1364 ἔχει
1292 1293 1515 1364 κράζειν
1545 1294 1614 1346 τὰ
1637 1293 1736 1363 τῆς
1767 1291 1988 1364 Γραφῆς

419 1390 635 1460 ῥήματα
655 1403 669 1417 ⁸
707 1405 724 1438 ι
762 1384 1158 1449 Κυκλώσαντες
1186 1384 1502 1438 ἐκύκλωσαν
1527 1400 1616 1454 με,
1646 1384 1740 1436 καὶ
1769 1382 1991 1448 ἐξεκαύ-

418 1477 586 1548 θησαν
605 1477 680 1540 ὡς
705 1475 815 1546 πῦρ
830 1477 888 1528 ἐν
911 1475 1194 1539 ἀκάνθαις,
1209 1495 1228 1529 ι
1253 1477 1316 1546 τῇ
1341 1473 1584 1545 πυρώσει
1599 1475 1691 1528 τοῦ
1712 1473 1989 1540 σώματος,

419 1566 511 1620 καὶ
543 1567 662 1629 ταῖς
693 1565 969 1636 ἀπρεπέσι
999 1566 1270 1636 κινήσεσι,
1303 1565 1588 1636 βάλλοντες
1625 1566 1706 1628 είς
1759 1564 1991 1637 νεφρούς

422 1675 523 1728 μου
549 1658 639 1711 τὸν
682 1657 760 1712 ίδν
784 1657 896 1720 τοῦ,
919 1656 1169 1728 ῥυπαροῦ
1201 1656 1398 1726 ὄφεως,
1429 1657 1502 1727 μὴ
1545 1657 1866 1727 φειδόμενοι,
1899 1656 1992 1709 καὶ

2086 581 2311 645 repente
2333 571 2516 626 carnis
2542 570 2792 624 ﬂammas
2823 564 3126 630 succendit,
3153 573 3206 619 et
3235 561 3400 618 veluti
3438 562 3672 616 ahenum

2087 665 2331 720 membra
2369 671 2427 718 ut
2457 662 2747 723 ehulliant,
2778 658 2930 722 facit,
2961 657 3255 727 ignitisque
3278 656 3671 730 cogitationum

2087 755 2354 825 improba:
2385 753 2686 823 voluptatis
2718 749 2934 820 sagittis
2956 763 3052 802 cor
3085 748 3363 812 saucians,
3393 747 3445 800 in
3469 745 3674 798 malum

2087 862 2227 918 opus
2271 846 2572 916 compellit,
2607 839 3068 914 quemadmodum
3131 840 3408 907 fornacem
3443 836 3675 907 Babylo-

2087 937 2232 990 niam
2259 935 2571 989 immaniter
2598 932 2916 987 incendens.
2950 929 3086 984 Hinc
3113 929 3460 999 postmodum
3494 929 3676 980 anima

2089 1028 2288 1097 saepius
2330 1038 2692 1085 evanescens,
2722 1030 2777 1077 et
2834 1030 3061 1092 propter
3089 1019 3452 1082 titillationes,
3509 1015 3679 1070 drmi-

2090 1128 2202 1174 tate
2228 1115 2590 1172 intellectuali
2618 1129 2852 1184 prorsus
2878 1114 3186 1178 laborante,
3215 1119 3495 1175 enervata,
3526 1106 3679 1162 Scri-

2089 1220 2265 1282 pturae
2297 1209 2462 1265 verba
2494 1210 2584 1262 illa
2619 1208 2936 1263 necessario
2964 1207 3182 1260 intonat
3213 1224 3225 1259 :
3274 1223 3292 1255 ι
3317 1201 3682 1258 Circumdan-

2090 1309 2174 1357 tes
2205 1299 2689 1356 circumdederunt
2718 1314 2826 1364 me,
2855 1306 2909 1353 et
2956 1303 3283 1352 exarserunt
3339 1294 3480 1350 sicut
3540 1291 3682 1366 ignis

2091 1395 2146 1450 in
2185 1395 2358 1464 spinis
2394 1394 2463 1456 ⁷⁸,
2493 1411 2512 1445 ι
2563 1391 2813 1462 corporis
2871 1389 3127 1444 inccndio
3186 1397 3240 1444 et
3300 1383 3682 1441 indecentibus

2091 1486 2328 1541 motibus
2383 1483 2713 1552 ejaculantes
2750 1482 2805 1536 in
2842 1497 3002 1536 renes
3057 1493 3207 1534 meos
3268 1490 3534 1533 venenum
3582 1475 3686 1528 im-

2093 1575 2278 1631 mundi
2311 1574 2606 1644 serpentis,
2637 1571 2773 1626 nihil
2821 1571 3182 1637 remittentes,
3224 1587 3242 1620 ι
3281 1576 3335 1623 et
3387 1563 3554 1621 lumbi
3581 1564 3689 1619 mei

2095 1666 2304 1738 impleti
2328 1675 2459 1723 sunt
2488 1665 2841 1726 illusionibus
2865 1663 2935 1716 ‘°.
2975 1683 2994 1716 ι
3057 1661 3198 1717 Ecce
3262 1661 3408 1716 enim
3441 1658 3524 1712 vis
3561 1654 3690 1710 dra-

426 1767 443 1799 ι
477 1752 540 1802 Ai
566 1749 702 1818 ψύαι
739 1767 841 1820 μου
869 1749 1221 1820 ἐπλήσθησαν
1247 1750 1665 1820 ἐμπαιγμάτων.
1689 1768 1707 1800 ι
1727 1749 1857 1803 Ἰδοὺ
1884 1750 1992 1820 γὰρ

2101 1761 2250 1816 conis
2284 1775 2450 1832 super
2476 1759 2720 1814 lumbum
2752 1773 2930 1812 meum
2955 1765 3179 1827 operata
3211 1763 3316 1812 est.
3355 1772 3374 1805 ι
3412 1752 3577 1808 Miser
3605 1749 3688 1803 fa-

422 1839 454 1908 ἡ
480 1840 630 1909 ἰσχὺς
657 1838 751 1892 τοῦ
782 1839 1076 1909 δράκοντος
1115 1838 1208 1890 ἐπὶ
1230 1839 1328 1909 τῆς
1359 1831 1498 1908 ἐμῆς
1527 1838 1726 1908 ὀσφύος
1757 1838 1992 1912 ἐνήργη-

425 1946 532 1983 σεν.
573 1950 591 1982 ι
615 1929 1096 2002 Ἐταλαιπὼρησα,
1148 1931 1244 1984 καὶ
1278 1928 1705 1999 κατεκάμφθην*
1745 1949 1763 1980 ι
1808 1929 1994 2001 κύκλῳ

423 2021 908 2092 περιῳκοδόμημαι
940 2020 1019 2091 τῷ
1055 2021 1155 2090 τῆς
1204 2019 1634 2090 αἰσχροπαθείας
1659 2018 1992 2090 τειχίσματι.

422 2113 530 2166 Καὶ
565 2112 682 2175 πῶς
711 2114 819 2184 ἄρα
853 2110 1012 2166 τοῦτο
1032 2111 1092 2166 τὸ
1119 2113 1295 2182 τεῖχος
1324 2109 1628 2182 ὑπερϐῆναι
1653 2110 1989 2181 δυνήσομαι;

427 2223 447 2256 ι
475 2203 684 2272 Παγίδα
723 2203 1029 2274 ἡτοίμασαν
1062 2203 1111 2257 οί
1145 2203 1408 2274 δαίμονες
1442 2205 1555 2266 τοῖς
1586 2202 1712 2256 ποσί
1744 2219 1869 2272 μου,
1901 2203 1994 2256 καὶ

420 2293 785 2365 κατέκαμψαν
823 2295 924 2367 τὴν
955 2294 1134 2365 ψυχήν
1177 2310 1300 2363 μου.
1338 2312 1357 2345 ι
1391 2293 1590 2356 Σκότος
1621 2293 1732 2362 γάρ
1761 2295 1910 2346 ἐστιν
1941 2294 1999 2345 ἐν

416 2381 717 2452 ὀφθαλμοῖς
771 2400 896 2452 μου,
955 2381 1066 2450 ἐγὼ
1116 2382 1171 2435 δὲ
1224 2381 1470 2435 ἔσπευσα
1501 2380 1596 2435 τοῦ
1645 2381 1720 2454 μὴ
1752 2380 1991 2451 βλέπειν.

430 2472 698 2542 Ἀὃλεψία
744 2473 800 2526 δέ
843 2472 1056 2545 χαλεπὴ
1103 2474 1134 2544 ἡ
1173 2472 1416 2544 πορνεία,
1464 2473 1561 2525 καὶ
1613 2474 1782 2538 πᾶσα,
1817 2471 2004 2525 συντό-

417 2579 544 2634 μως
578 2563 775 2625 εἰπεῖν,
807 2563 902 2633 τῆς
961 2563 1160 2633 σαρκὸς
1190 2563 1528 2635 πληροφορία
1576 2562 1672 2617 καὶ
1722 2561 2006 2634 βούλησις.

431 2652 768 2726 ’Δγρεύομαι
793 2652 847 2706 δὲ
877 2652 1063 2724 ῶσπερ
1087 2653 1221 2709 λέων
1252 2657 1330 2719 είς
1357 2656 1596 2724 σφαγὴν,
1625 2653 1721 2708 καὶ
1759 2652 2003 2725 φέρομαι

417 2739 608 2814 ῶσπερ
641 2741 787 2796 κύων
845 2744 924 2808 εις
964 2742 1160 2814 δεσμὰ,
1216 2744 1310 2798 καὶ
1332 2743 1408 2807 ὡς
1441 2743 1628 2816 δρνεον
1665 2745 1744 2807 είς
1771 2743 1998 2813 παγίδα,

421 2836 524 2888 καὶ
566 2835 823 2906 πυρέττω
860 2835 1093 2907 πυρετὸν
1125 2834 1467 2906 ἀκαθαρσίας
1493 2834 1846 2908 λαϐρότατον.

494 2927 590 2990 Τίς
621 2924 802 2979 τοίνυν
831 2925 1206 2996 παρακαλέσει
1249 2925 1390 2997 ὑπὲρ
1421 2925 1557 2996 ἐμοῦ
1585 2927 1677 2978 τὸν
1721 2926 2003 2996 Δεσπότην

421 3016 514 3069 τὸν
539 3015 920 3086 φιλάνθρωπον
945 3015 1122 3092 ἐλθεῖν
1141 3016 1222 3078 εἰς
1250 3014 1311 3068 τὸ
1337 3015 1603 3086 βοηθῆσαί
1634 3033 1746 3086 μοι,
1778 3015 1871 3068 καὶ
1903 3014 2005 3084 τῆς

421 3108 609 3179 χειρὸς
655 3108 758 3177 τῆς
802 3107 944 3178 ἐμῆς
1017 3107 1354 3178 ἐφάψασθαι,
1406 3105 1597 3178 ῶσπερ
1647 3107 1780 3160 ποτέ
1831 3106 2009 3178 ἥψατο

2095 1855 2379 1913 ειυεέιυη.
2394 1861 2447 1906 et
2468 1852 2788 1907 incurvatus
2807 1865 2927 1905 sum
2945 1849 3014 1902 ει.
3033 1868 3051 1900 ι
3070 1845 3531 1903 Circumvallatus
3565 1855 3687 1897 sum

2096 1939 2452 2010 turpitudinis
2489 1955 2669 2005 muro,
2714 1947 2771 1993 et
2803 1953 3039 2008 quanam
3087 1936 3204 2007 ipse
3231 1935 3443 1989 ratione
3470 1945 3688 1988 murum

2097 2029 2470 2102 pertransibo?
2499 2031 2657 2101 201
2697 2047 2714 2081 ι
2741 2029 3016 2100 Laqueum
3051 2031 3379 2098 paraverunt
3415 2023 3690 2078 damones

2095 2125 2325 2194 pedibus
2360 2124 2517 2188 meis,
2545 2132 2598 2179 et
2629 2124 2983 2178 incurvarunt
3016 2123 3252 2176 animam
3270 2133 3442 2174 meam
3465 2117 3566 2170 ".p
3586 2111 3693 2168 Te-

2096 2215 2279 2271 nebrae
2302 2230 2540 2286 namque
2561 2223 2692 2270 sunt
2723 2215 2777 2269 in
2803 2214 2974 2269 oculis
3000 2215 3163 2268 meis:
3183 2212 3297 2280 ipse
3334 2215 3514 2264 autem
3539 2205 3691 2261 festi-

2097 2305 2242 2371 navi,
2273 2313 2333 2361 ut
2360 2321 2468 2360 non
2495 2307 2735 2361 viderem
2757 2305 2825 2358 ⁸³.
2859 2324 2878 2356 ι
2910 2303 3140 2358 Caecitas
3168 2298 3435 2370 siquidem
3462 2303 3570 2362 est,
3599 2309 3691 2351 ea-

2099 2411 2206 2467 que
2228 2403 2386 2450 atrox
2424 2396 2705 2460 scortatio,
2775 2395 3086 2466 omnisque,
3155 2399 3215 2446 ut
3250 2390 3440 2461 paucis
3484 2388 3690 2451 dicam,

2105 2486 2292 2542 carnis
2330 2485 2638 2542 satisfactio
2667 2494 2720 2540 et
2753 2484 3042 2556 appetitus.
3077 2483 3148 2536 At
3188 2480 3374 2550 capior
3431 2486 3692 2546 tanquam

2106 2574 2193 2630 leo
2225 2575 2277 2628 in
2323 2574 2681 2637 occisionem,
2705 2573 2984 2642 decorque
3011 2578 3070 2625 ut
3093 2570 3248 2625 canis
3276 2568 3343 2623 ad
3375 2566 3618 2628 vincula,
3638 2571 3696 2620 et

2109 2667 2225 2722 avis
2251 2669 2427 2722 instar
2461 2665 2517 2721 in
2547 2667 2828 2734 laqueum,
2889 2662 3262 2732 incendioque
3326 2657 3694 2714 immunditici

2113 2771 2276 2828 quam
2309 2756 2547 2814 maxime
2577 2763 2949 2827 tempestuoso
2986 2763 3248 2811 exaestuo.

2180 2934 2316 3001 Quis
2348 2935 2532 3005 itaque
2561 2950 2659 3006 pro
2687 2950 2775 2991 me
2810 2934 3116 2990 beneﬁcum
3149 2934 3562 3000 humanumque
3591 2928 3697 2982 Do-

2111 3024 2318 3079 minum
2343 3025 2752 3096 depreeahitur,
2787 3035 2845 3079 ut
2878 3024 2930 3078 in
2959 3024 3223 3078 auxilium
3242 3037 3420 3076 meum
3447 3021 3695 3082 accedat,

2111 3134 2443 3188 manumque
2465 3133 2639 3174 meam
2667 3125 2876 3188 tangat,
2897 3114 3378 3186 quemadmodum,
3401 3111 3698 3182 aliquando

371 3219 376 3224 '
418 3199 526 3270 τῆς
566 3200 831 3274 πενθερᾶς
861 3200 955 3254 τοῦ
988 3201 1196 3271 Πέτρου
1219 3243 1234 3265 ,
1283 3199 1372 3255 ἴνα
1409 3199 1621 3272 ἀπέλθῃ
1657 3199 1754 3254 ἀπ’
1789 3198 1925 3271 ἐμοῦ
1979 3199 1999 3251 ό

2112 3207 2259 3264 Petri
2287 3223 2506 3262 socrum
2541 3205 2720 3275 tetigit
2742 3205 2810 3270 “,
2832 3213 2891 3259 ut
2923 3204 3142 3259 recedat
3165 3219 3193 3257 a
3217 3219 3301 3257 me
3332 3201 3694 3273 perturbatio,

422 3291 755 3362 πειρασμὸς,
794 3291 881 3344 ἵνα
928 3291 1233 3365 καταλείψει
1266 3309 1333 3363 με
1365 3292 1394 3344 ό
1432 3291 1728 3361 πυρπολῶν
1769 3308 1837 3362 με
1873 3290 2013 3361 ἔρως

427 3382 460 3434 δ
481 3382 652 3445 δεινὸς
673 3383 772 3436 καλ⁵
791 3381 1064 3453 βδελυρὸς,
1099 3383 1194 3435 καὶ
1248 3383 1453 3452 ίσχύσω
1473 3381 1648 3446 οὕτως
1668 3381 2012 3453 διεγερθῆναι

428 3473 562 3544 πρὸς
601 3473 980 3544 σωφροσύνην,
1013 3473 1111 3526 καὶ
1152 3472 1419 3527 διακονεῖν
1449 3471 1528 3543 τῷ
1585 3472 1701 3543 ἰδίῳ
1731 3473 1922 3543 Κυρίῳ
1955 3473 2012 3525 ἐν

422 3563 813 3636 νηφαλιότητι;
865 3562 1007 3618 Ἀλλ’
1054 3562 1143 3616 ἵνα
1217 3563 1292 3635 μὴ
1362 3561 1535 3616 πολλὰ
1589 3564 1788 3632 γράφω
1855 3563 2009 3630 νυνὶ,

422 3653 737 3726 παρακαλῶ
793 3670 892 3718 σε,
942 3653 1154 3723 άγαθῆς
1211 3653 1366 3725 ῥίζης
1438 3653 1643 3722 ἀγαθὸν
1695 3655 2010 3725 ὑπάρχοντα

417 3747 751 3822 βλάστημα,
815 3749 1082 3820 φυλάττου
1148 3751 1243 3806 καὶ
1283 3750 1700 3822 προφυλάττου,
1767 3752 1866 3822 ὅση
1920 3751 2014 3804 δύ·-

421 3858 630 3912 ναμις,
688 3840 880 3894 τοῦτον
925 3841 1016 3894 τὸν
1060 3844 1389 3914 μαστρωπὺν
1452 3842 1548 3898 καὶ
1617 3844 1848 3912 πονηρὸν
1899 3843 2014 3896 δαί-

425 3950 592 4004 μονα,
635 3933 903 3987 ἐκκλίνων
949 3933 1050 4004 τὴν
1107 3934 1396 4005 συντυχίαν
1442 3935 1536 3988 τοῦ
1591 3933 2010 4005 Διονυσοδώρου,

416 4023 525 4079 καὶ
561 4023 700 4092 μήτε
745 4022 1121 4093 συνεορτάζων
1168 4023 1336 4096 αὐτῷ,
1375 4027 1510 4097 μήτε
1550 4027 1629 4088 είς
1674 4025 2012 4096 πανηγύρεις

418 4112 733 4180 συναπιὼν,
773 4115 913 4185 μήτε
957 4115 1274 4180 συνεσθίων,
1323 4117 1464 4186 μήτε
1523 4116 1807 4188 συμπίνων
1839 4115 2010 4186 αὐτῷ,

417 4204 566 4276 μηδὲ
590 4205 970 4276 συνδιατρίψαι
997 4205 1192 4276 τούτῳ,
1215 4207 1320 4260 κᾶν
1345 4207 1480 4279 πρὸς
1503 4206 1676 4278 βραχὺ
1704 4207 2011 4262 συνοδεύειν

411 4293 774 4365 αἱρούμενος.
813 4293 876 4348 Εἰ
905 4295 962 4350 δέ
997 4313 1102 4349 που
1141 4297 1352 4368 ἀνάγκη
1388 4299 1598 4366 γένοιτο
1630 4301 1909 4370 συντυχεῖν
1934 4298 2012 4370 τῷ

410 4383 675 4455 τοιούτῳ,
708 4386 784 4456 μὴ
827 4385 992 4456 βλέπε
1033 4386 1222 4441 τοῦτον
1259 4386 1492 4459 τρανῶς,
1525 4387 1614 4442 ἴνα
1663 4391 1738 4461 μὴ
1779 4388 1868 4443 διὰ
1900 4389 2012 4444 τῶν

411 4471 664 4542 θυρίδων
692 4493 808 4543 σου,
835 4477 1082 4532 τουτέστι
1107 4479 1214 4532 τῶν
1254 4479 1550 4550 ὀφθαλμῶν
1584 4497 1701 4545 σου,
1728 4479 1802 4543 ῶς
1849 4497 2014 4551 φησιν

2115 3311 2196 3364 ut,
2229 3315 2350 3370 quae
2376 3315 2460 3354 me
2487 3298 2695 3368 perurit
2729 3309 2880 3351 atrox
2907 3294 3104 3365 cupido
3133 3292 3581 3361 exsccrandaque
3602 3292 3698 3345 de-

2114 3399 2282 3456 serat,
2324 3390 2515 3459 sicque
2543 3389 2687 3459 potis
2719 3387 2841 3441 liam
2867 3428 2881 3454 ,
2927 3385 3246 3454 exciterque
3275 3382 3358 3435 -ad
3405 3381 3697 3435 continen-

2115 3483 2267 3548 tiam,
2307 3482 2644 3552 proprioque
2668 3478 2898 3534 Domino
2932 3478 2989 3531 in
3021 3473 3382 3546 temperantia
3424 3470 3698 3527 serviam?

2113 3572 2242 3636 Sed,
2286 3587 2353 3627 ne
2379 3572 2569 3626 multis
2618 3579 2672 3624 te
2717 3571 2769 3624 in
2805 3567 3098 3640 prmsentia
3147 3566 3400 3630 obruam,
3449 3563 3611 3617 enixe
3644 3569 3699 3614 te

2113 3680 2268 3734 rogo,
2324 3663 2418 3732 qui
2472 3662 2627 3716 bona:
2680 3660 2882 3714 radicis
2925 3659 3126 3714 bonum
3163 3671 3387 3728 germen
3427 3653 3693 3725 erumpis,

2112 3768 2245 3808 cave
2275 3753 2395 3819 tibi,
2434 3767 2499 3806 ac
2530 3759 2728 3805 cautus
2758 3764 3022 3819 prmcave,
3056 3759 3322 3817 quantum
3350 3747 3468 3800 ﬁeri
3495 3754 3697 3814 potest,

2113 3859 2144 3898 a
2198 3845 2354 3898 leone
2405 3845 2533 3910 isto,
2587 3843 2949 3912 improboque
2998 3842 3281 3905 daemone,
3337 3835 3700 3907 Dionysoderi

2115 3934 2598 3999 consuetudinem,
2621 3942 2676 3989 et
2699 3931 3028 3987 commercia
3061 3932 3259 3994 vitans,
3295 3944 3402 3981 non
3439 3928 3702 3980 solemni-

2114 4031 2258 4080 tates
2289 4040 2413 4080 cum
2451 4039 2517 4078 eo
2571 4023 2894 4087 celebrans,
2943 4032 3120 4087 neque
3160 4031 3267 4069 una
3311 4027 3435 4068 cum
3476 4026 3541 4066 eo
3580 4001 3707 4066 dies

2115 4118 2283 4173 festos
2313 4123 2370 4170 et
2397 4115 2552 4170 ludos
2581 4113 2830 4184 publicos
2855 4110 3233 4178 frequentans,
3263 4119 3371 4159 non
3398 4095 3504 4158 una
3537 4104 3701 4159 simul

2112 4209 2305 4272 edens,
2339 4219 2517 4274 neque
2544 4203 2762 4264 bibens,
2802 4213 2981 4268 neque
3029 4207 3400 4266 commorans,
3437 4202 3492 4248 et
3527 4193 3573 4247 si
3607 4207 3704 4262 per

2114 4295 2378 4366 temporis
2431 4290 2780 4346 intervallum
2821 4287 2986 4344 simul
3041 4287 3146 4341 iter
3194 4299 3359 4356 agere
3413 4283 3468 4338 in
3518 4284 3704 4336 animo

2115 4387 2308 4443 fuerit.
2339 4383 2497 4452 Quod
2528 4383 2574 4439 si
2615 4381 2914 4453 aliquando
2945 4387 3164 4449 tempus
3189 4386 3243 4433 et
3267 4375 3573 4431 necessitas
3613 4371 3705 4426 ila-

2114 4480 2271 4552 gitat,
2299 4489 2360 4535 ut
2397 4493 2523 4533 eum
2556 4477 2853 4531 convenias
2878 4511 2894 4537 ,
2937 4487 3008 4527 ne
3047 4477 3197 4527 recta
3235 4483 3362 4526 eum
3413 4466 3703 4529 intuearis,

420 4565 454 4617 ὁ
483 4568 803 4639 προφήτης,
827 4568 1002 4639 ἀναὸῇ
1029 4569 1122 4621 ἐπὶ⁹
1148 4569 1245 4641 τὴν
1272 4570 1450 4641 ψυχήν
1484 4587 1577 4623 σου
1605 4572 1634 4623 ό
1664 4570 1890 4634 θάνατος
1917 4572 1999 4640 τῆς

2123 4589 2194 4628 ne
2223 4587 2319 4643 per
2355 4571 2498 4625 fores
2521 4577 2666 4632 tuas,
2690 4565 2883 4621 oculos
2914 4563 3127 4620 scilicet
3156 4571 3305 4624 tuos,
3337 4567 3396 4613 ut
3437 4555 3704 4626 propheta

408 4658 741 4743 ἁμαρτίας⁸
780 4659 919 4713 ἀλλὰ
973 4661 1124 4718 κάτω
1171 4661 1392 4730 θεωρῶν
1445 4663 1525 4726 είς
1572 4659 1864 4730 τοῦδαφος,
1901 4660 1993 4731 βλο

2125 4665 2391 4734 loquitur,
2422 4663 2476 4714 in
2515 4660 2752 4714 animam
2787 4664 2936 4710 tuam
2969 4653 3174 4724 peccati
3207 4665 3357 4706 mors
3382 4646 3703 4713 introeat";

409 4741 592 4818 συρῷ
631 4747 709 4817 τῷ
753 4748 966 4819 δμματι
1015 4751 1110 4804 καὶ
1157 4750 1417 4822 αὐστηρῷ
1462 4750 1540 4822 τῷ
1592 4752 1869 4823 προσώπῳ
1905 4752 1999 4814 τὰς

2128 4756 2221 4813 sed
2271 4756 2326 4809 in
2386 4763 2586 4808 terram
2640 4751 2890 4804 obtutum
2946 4747 3158 4801 inferne
3215 4745 3483 4814 dirigens,
3524 4739 3701 4793 torvis

407 4839 763 4909 ἀποκρίσεις
807 4841 974 4906 δίδου,
1009 4841 1085 4913 μὴ
1143 4843 1574 4914 καταδεχόμενος
1618 4843 1946 4912 συγγελάσαι
1983 4845 1999 4896 'l

2127 4845 2305 4902 oculis
2332 4857 2396 4897 ac
2439 4841 2666 4896 horrido
2696 4847 2919 4909 aspectu
2971 4849 3236 4906 responsa
3271 4833 3476 4896 redde;
3528 4830 3704 4884 risum

408 4928 837 4984 συνλούσασθαι
885 4930 1079 5002 τούτῳ.
1136 4933 1258 5004 Χρὴ
1301 4931 1413 5004 γὰρ
1469 4931 1999 5003 προκαταλαμόάνειπ

2127 4947 2496 4995 communem,
2527 4938 2581 4986 et
2614 4928 2928 4984 communia
2960 4926 3178 4994 lavacra
3211 4929 3520 4976 contemne.
3554 4917 3705 4986 Opus

399 5023 588 5096 ἡμᾶς
627 5021 694 5076 τὰ
725 5021 1059 5094 ὀχυρώματα
1118 5023 1215 5076 καὶ
1253 5023 1323 5076 τὰ
1375 5023 1748 5093 μηχανήματα
1784 5021 1880 5075 τοῦ
1927 5023 1999 5090 ῥυ

2125 5024 2326 5080 etenim
2352 5030 2459 5088 est,
2511 5028 2571 5074 ut
2619 5036 2719 5075 nos
2759 5018 3103 5072 munimenta
3138 5013 3298 5082 202
3328 5025 3391 5064 ac
3417 5010 3706 5078 machinas

400 5107 618 5183 πικροῦ
653 5109 854 5180 ὄφεως,
903 5113 1039 5182 πρὶν
1068 5113 1218 5182 ἡμᾶς
1257 5111 1419 5176 αὐτὸς
1473 5109 1866 5180 προκαταλάᾶῃ
1902 5111 1999 5162 ταῖι

2125 5111 2394 5168 immundi
2445 5110 2719 5180 serpentis
2765 5119 3236 5179 praeoccupemus,
3291 5109 3582 5169 antequam
3635 5100 3704 5154 ab

399 5200 710 5265 ποικίλαις
737 5203 1002 5272 σαγήναις
1039 5204 1134 5256 καὶ
1163 5204 1276 5266 τοῖς
1301 5202 1518 5274 βρόχοις
1546 5201 1634 5254 διὰ
1654 5201 1753 5272 τῆς
1776 5199 1999 5267 ἐφέσεως

2127 5205 2250 5271 ipso
2272 5202 2482 5256 retibus
2504 5200 2673 5254 variis
2700 5208 2864 5268 atque
2893 5197 3102 5264 laqueis
3131 5193 3352 5262 perjam
3386 5191 3519 5244 dicti
3553 5191 3702 5260 pueri

401 5292 520 5348 τοῦ
565 5292 869 5362 εἰρημένου
903 5291 1112 5355 παιδός.
1146 5294 1261 5344 Οὐκ
1305 5291 1516 5359 ἀγαθὰς
1564 5290 1673 5361 γὰρ
1713 5290 1902 5360 φήμας
1934 5289 1996 5342 κέ

2129 5294 2461 5348 desiderium
2501 5290 2840 5346 irretiamur.
2893 5289 3228 5340 Adolescens
3274 5283 3542 5352 siquidem
3603 5283 3707 5336 iste

395 5399 637 5454 κτηται
659 5383 687 5434 ὀ
708 5382 922 5453 λεχθεὶς
949 5382 1295 5446 νεανίας,καὶ
1331 5382 1449 5434 δέον
1477 5380 1892 5452 ἀποδιδράσκειν
1920 5379 1999 5432 τὰς

2130 5387 2248 5441 suis
2280 5384 2506 5454 ﬂagitiis
2534 5384 2777 5437 famosus
2800 5387 2885 5435 est
2910 5395 2924 5432 :
2953 5379 3182 5445 ideoque
3204 5375 3708 5443 suspiciones,qnac

392 5472 735 5542 ὑπολήψεις
761 5472 953 5526 αὑτοῦ.
971 5474 1189 5542 Ἐπειδὴ
1216 5468 1308 5526 οὖν
1331 5472 1454 5542 ῥίζα
1486 5473 1582 5542 τῆς
1599 5472 1738 5525 κατὰ
1767 5471 1828 5524 τὸ
1857 5471 1999 5540 σῶμα

2127 5478 2253 5531 inde
2285 5474 2489 5529 exoriri
2552 5480 2804 5542 possunt,
2853 5483 3045 5522 omnes
3095 5465 3522 5520 intercludendm
3556 5470 3704 5515 sunt.

394 5564 697 5639 πράξεως
724 5565 985 5634 τυγχάνει
1011 5567 1045 5634 ἡ
1075 5565 1402 5634 φιλόσαρκος
1458 5562 1675 5633 γνώμη,
1725 5563 1999 5634 πρόρριζοι

2126 5567 2262 5622 Cum
2293 5566 2479 5634 itaque
2505 5564 2658 5617 radix
2684 5560 3081 5628 actionis,quae
3110 5558 3166 5610 in
3196 5569 3426 5625 corpore
3457 5553 3536 5612 lit,
3559 5554 3707 5620 cogi-

479 5714 539 5745 ”
573 5706 734 5778 PAsal.
767 5713 940 5778 cxvii,
967 5704 1075 5778 12:”
1116 5708 1172 5778 f"
1200 5707 1342 5762 Psal.
1373 5724 1580 5778 xxxv",
1611 5710 1664 5765 8.
1743 5707 1784 5739 "
1828 5706 1960 5761 lbid.
1994 5706 1999 5718 '

2123 5706 2165 5738 δ’
2201 5703 2345 5760 Psal.
2383 5717 2491 5770 LVI,
2526 5702 2577 5753 7.
2655 5700 2699 5731 ⁸³
2730 5698 2871 5757 Psal.
2917 5709 3098 5761 χχχιιι,
3131 5694 3214 5748 15.
3286 5692 3332 5726 ⁸⁵
3366 5689 3554 5747 Matth.
3587 5703 3706 5753 vus,

407 5783 531 5845 1!;
581 5776 760 5833 Marc.
794 5793 835 5839 ι,
871 5777 962 5830 51.
1035 5775 1078 5806 ⁸⁵
1109 5775 1218 5830 .lcr.
1259 5794 1330 5840 Ix,
1359 5778 1442 5830 21.
