4064 6160
414 278 525 339 233

1911 282 1971 343 S.
2008 282 2173 342 NILI

3572 267 3679 331 ﬁt

412 387 551 440 tatio
582 386 771 442 carnis
800 400 987 446 amans
1013 388 1268 454 exsistat,
1300 389 1561 449 radicitus
1588 390 1766 463 Ipsam
1795 381 1986 454 evelle,

2098 389 2295 458 ταύτην
2325 386 2477 443 ἄνελε
2506 427 2521 453 ,
2550 384 2679 457 πρὶν
2717 382 2852 456 πρὸς
2881 381 2947 437 τδ
2993 381 3100 446 ἔξω
3131 377 3386 451 προκύψῃ
3413 376 3510 433 καὶ
3546 377 3671 448 βλα-

413 489 712 553 antequam
746 483 895 537 foras
924 491 1194 553 erumpat,
1232 492 1287 540 et
1325 483 1590 558 ﬂagitium
1622 488 1914 558 germinet,
1942 494 1998 542 et

414 573 469 625 in
499 580 753 626 truncum
803 571 1026 626 interim
1066 572 1433 637 obdurescat;
1456 573 1537 630 sic
1562 582 1621 629 ut
1653 591 1876 633 secures
1906 589 1998 629 ac-

414 663 694 718 cersenda:
722 661 851 726 sint,
882 671 936 717 et
977 663 1122 735 ignis
1173 664 1367 720 sedulo
1410 665 1860 737 conquirendus,
1905 664 1998 719 in-

415 740 663 823 gensque
717 752 985 811 auxilium
1024 754 1430 822 advocandum,
1465 756 1532 812 ad
1564 757 1807 813 lascivia:
1834 757 1996 813 arbo-

416 860 529 900 rem
564 842 996 915 dcperdendum.
1029 847 1204 903 Radix
1229 848 1431 919 quippe
1460 865 1559 920 per
1586 857 1804 920 tempus
1825 848 1997 908 inhie-

414 946 570 997 reus,
629 949 851 988 murum
905 936 1210 1006 saepissime
1256 938 1462 995 atTabre
1512 939 1851 1010 firmiterque
1899 954 1998 994 ex-

413 1031 685 1078 structum
707 1040 1049 1083 marcescere
1075 1027 1226 1096 facit,
1254 1038 1308 1085 et
1342 1045 1535 1086 saxum
1564 1030 1823 1102 disrupit.
1850 1030 1998 1101 Fuge

302 1144 309 1152 -
414 1116 598 1184 itaque
625 1117 951 1187 perditionis
971 1119 1217 1187 hamum,
1244 1132 1298 1179 et
1320 1124 1604 1194 captiones
1620 1124 1823 1180 diaboli
1847 1138 1992 1188 arce,

413 1206 673 1276 illiusque
703 1208 928 1280 laqueos
960 1196 1206 1281 contere,
1231 1215 1441 1286 jejunio
1472 1217 1822 1287 temetipsum
1845 1231 1999 1272 com-

414 1297 691 1362 muniens,
729 1312 784 1355 et
813 1303 1065 1359 oratione
1118 1308 1402 1370 continua,
1423 1316 1475 1362 et
1501 1307 1993 1379 genuﬂexionibus,

414 1395 468 1439 ct
494 1385 679 1442 labore
711 1403 998 1462 corporeo,
1030 1403 1083 1460 et
1112 1395 1384 1461 molestia,
1419 1398 1654 1468 aliisque
1680 1400 1996 1455 munimen-

416 1476 487 1531 tis
521 1485 578 1531 et
605 1480 846 1544 auxiliis,
883 1498 1005 1551 quze
1038 1485 1137 1539 tibi
1168 1488 1370 1557 saepius
1413 1503 1725 1558 suggerere
1749 1490 1883 1545 mihi
1929 1490 1995 1545 li-

418 1564 567 1632 buit;
591 1582 836 1645 caneque
853 1572 1017 1626 simul
1045 1589 1169 1629 cum
1200 1577 1362 1632 beato
1395 1576 1595 1633 Davide
1623 1578 1692 1634 ad
1716 1579 1995 1637 Christum
2026 1570 2047 1587 ’

418 1650 754 1712 Salvatorem
775 1662 1237 1731 excelsissimum,
1257 1676 1311 1722 et
1330 1667 1398 1721 de
1428 1669 1589 1724 nobis
1616 1668 1820 1739 optima
1851 1686 1999 1741 quae-

2102 482 2274 553 στήση
2295 479 2357 533 τὺ
2391 477 2581 542 κακὸν,
2601 475 2695 529 καὶ
2712 471 3019 544 στελεχωθῇ
3042 470 3248 524 λοιπόν
3272 468 3413 523 ὥστε
3434 469 3677 537 ἀναγκα-

2101 568 2295 642 σθῆναι
2330 566 2517 634 ἀξίνας
2540 563 2870 636 φιλοκαλεῖν,
2893 558 2990 615 καὶ
3023 556 3137 630 πῦρ
3173 558 3675 628 πολυπραγμονεῖν,

2099 660 2195 717 καὶ
2213 659 2416 730 πολλῆς
2444 653 2796 728 προσδεῖσθαι
2825 650 3074 724 βοηθείας
3097 649 3233 723 πρὸς
3260 649 3567 718 ἀφανισμὸν
3583 646 3677 700 τοῦ

2099 748 2313 821 δένδρου
2345 746 2445 818 τῆς
2472 742 2779 813 ἀσελγείας.
2811 738 2964 804 Ῥίζα
2991 737 3100 810 γὰρ
3131 735 3516 806 παραμείνασα
3549 731 3673 805 χρό⁴

2099 856 2211 903 νον,
2250 839 2345 894 καὶ
2377 839 2556 908 τοῖχον
2592 832 2856 896 πολλάκις
2907 828 3171 883 κάλλιστα
3204 823 3512 896 δομηθέντα
3549 821 3678 876 ὲσά-

2099 931 2331 1002 θρωσεν,
2367 930 2463 984 καὶ
2504 927 2711 997 πέτραν
2740 921 3046 998 διέρρηξεν.
3090 918 3266 988 Φεῦγε
3295 915 3587 989 τοιγαροῦν
3614 914 3678 969 τδ

2099 1022 2395 1093 ἄγκιστρον
2422 1019 2523 1090 τῆς
2549 1017 2776 1087 φθορᾶς,
2803 1014 2900 1081 καὶ
2929 1012 2996 1067 τὰ
3025 1011 3275 1083 θήρατρα
3305 1006 3399 1062 τοῦ
3428 1004 3677 1062 διαϐόλου

2096 1113 2488 1185 δραπέτευσον,
2524 1108 2618 1164 καὶ
2654 1108 2755 1172 τὰς
2784 1106 3018 1175 παγίδας
3049 1102 3214 1159 αὑτοῦ
3258 1099 3575 1169 σύντριιῖιον,
3608 1099 3677 1169 τῇ

2098 1202 2323 1274 νηστείᾳ
2358 1201 2585 1255 σεαυτὸν
2611 1197 3020 1270 περιφράττων,
3055 1192 3151 1247 καὶ
3177 1195 3244 1262 τῇ
3282 1192 3463 1261 πυκνῇ
3508 1203 3679 1258 προσ-

2097 1297 2252 1367 sum,
2282 1295 2377 1349 καὶ
2419 1294 2539 1356 ταῖς
2583 1288 2986 1362 γονυκλισίαις,
3033 1287 3127 1340 καὶ
3166 1284 3320 1355 κόπῳ
3356 1278 3674 1353 σωματικῷ,

2098 1387 2193 1440 καὶ
2223 1384 2451 1457 σκυλμῷ
2490 1381 2790 1444 εὐσεϐείας,
2818 1378 2913 1433 καὶ
2940 1379 3052 1440 τοῖς
3081 1374 3259 1438 ἄλλοις
3298 1368 3677 1442 ἅσφαλίσμασί

2095 1487 2155 1524 τε
2206 1472 2301 1525 καὶ
2331 1469 2661 1543 βοηθήμασι,
2702 1461 2897 1536 οἷσπερ
2935 1462 3228 1526 πλεονάκις
3269 1458 3561 1515 ὑποθέσθαι
3593 1475 3676 1510 σοι

2097 1563 2511 1636 προεθυμήθην,
2565 1560 2661 1616 καὶ
2709 1558 2878 1631 ψάλλε
2928 1557 3046 1629 ἀμα
3095 1555 3175 1627 τῷ
3226 1553 3483 1627 μακαρίῳ
3517 1548 3677 1643 Δαυξδ

2097 1656 2235 1727 πρὸς
2260 1652 2493 1725 Χριστὸν
2515 1652 2604 1706 τὸν
2622 1650 2954 1723 πανύψιστον
2982 1647 3215 1718 Σωτῆρα
3261 1646 3357 1700 καί
3378 1643 3675 1716 εὐεργέτην

417 1757 524 1810 que
558 1746 812 1801 meritum
846 1767 860 1802 :
904 1768 922 1801 ι
961 1749 1188 1807 Custodi
1235 1769 1321 1809 me
1352 1769 1383 1809 a
1415 1754 1632 1827 laqueo,
1655 1735 1827 1827 guem
1869 1772 1994 1813 con-

2101 1742 2553 1815 ήμῶν·«Φύλαξόν
2579 1741 2766 1813 μεάπὺ
2788 1740 3033 1810 παγίδος,
3048 1736 3114 1813 ἦς
3142 1735 3542 1827 συνεστήσαντο
3559 1752 3674 1806 μοι,

418 1841 739 1891 struxerunt
764 1839 920 1904 mihi,
957 1848 1011 1896 et
1039 1857 1069 1897 a
1101 1846 1378 1901 scandalis
1400 1849 1747 1917 operantium
1796 1850 1997 1921 iniqui-

416 1929 584 2010 tatem
610 1924 675 1979 ".
713 1945 732 1977 ι
773 1929 1087 1987 Recordare
1116 1950 1336 2005 quoque
1361 1952 1574 2004 eorum,
1609 1939 1676 1996 de
1708 1939 1910 2010 quibus
1941 1940 1996 1996 in

418 2008 715 2084 Evangelia
759 2019 1139 2100 admonemur.
1176 2022 1297 2081 Sint
1323 2027 1492 2082 lumbi
1520 2029 1686 2084 vestri
1719 2008 1997 2102 praecincti

419 2104 803 2169 temperantia,
840 2116 893 2160 et
942 2108 1183 2165 lucernae
1230 2111 1586 2181 cogitationis
1640 2116 1918 2181 ardentes,
1946 2125 2000 2173 et

417 2202 516 2243 vos
560 2190 775 2247 similes
834 2194 1154 2253 hominibus
1206 2203 1655 2272 exspectantibus
1702 2205 1996 2262 Dominum

418 2289 603 2343 suum,
622 2280 841 2348 quando
858 2283 1038 2339 veniet
1053 2285 1120 2341 de
1131 2288 1292 2355 caelo,
1311 2298 1365 2345 et
1381 2291 1621 2349 inveniet
1649 2294 1998 2365 vigilantes"

418 2366 510 2435 qui
554 2380 679 2421 eum
711 2369 951 2440 legitime
976 2374 1187 2444 colunt,
1232 2386 1287 2433 et
1314 2379 1569 2451 diligunt,
1620 2390 1681 2437 ut
1713 2400 1810 2440 eos
1844 2400 2000 2457 teque

419 2469 485 2510 ac
528 2458 700 2513 solem
751 2461 1139 2530 splendescere
1184 2465 1352 2522 faciat
1390 2470 1446 2523 in
1494 2472 1705 2546 cmlesti
1736 2472 1998 2546 regno”.

420 2544 555 2600 Illud
590 2549 755 2603 etiam
782 2552 1178 2623 animadverte,
1207 2557 1367 2629 203
1398 2544 1748 2618 hostem'non
1784 2544 1998 2620 tantum

422 2636 480 2690 in
506 2646 731 2707 aspectu
764 2643 1020 2708 decoros,
1052 2646 1148 2701 sed
1173 2648 1230 2703 in
1259 2665 1355 2706 eos
1401 2653 1590 2721 etiam,
1624 2655 1738 2712 sive
1773 2657 1854 2711 illi
1887 2673 2002 2713 ma-

422 2729 589 2794 sculi,
614 2729 730 2785 sive
753 2731 972 2791 femina:
1004 2735 1230 2805 fuerint,
1277 2742 1370 2812 qui
1393 2746 1540 2814 turpi
1564 2730 1727 2817 atque
1749 2747 2000 2805 illiberali

426 2817 571 2874 facie
599 2828 752 2886 sunt,
799 2824 1016 2895 aliquos
1042 2830 1342 2899 concitare,
1385 2848 1590 2892 czecum
1624 2839 1810 2894 animo
1844 2839 2003 2912 cupi-

422 2908 611 2966 dinem
661 2928 982 2985 suggerens.
1015 2917 1148 2975 Nam
1179 2937 1303 2978 cum
1339 2928 1648 2998 versipellis
1698 2944 1764 2986 ac
1813 2908 2001 2989 varius

419 3000 497 3093 sit
531 3002 900 3063 immunditiei
934 3024 1127 3069 amans
1176 3015 1411 3085 daemon,
1457 3021 1660 3090 saepius
1719 3027 2003 3093 experitur

2101 1835 2195 1889 καὶ
2232 1833 2342 1891 ἀπὸ
2372 1834 2684 1889 σκανδάλων
2712 1832 2820 1887 τῶν
2841 1829 3223 1903 ἐργαζομένων
3250 1826 3349 1900 τὴν
3369 1819 3621 1907 ἀνομίαν.
3647 1843 3668 1878 t

2098 1926 2363 1998 Μέμνησο
2404 1926 2459 1981 δὲ
2491 1926 2586 1980 καὶ
2638 1925 2748 1981 τῶν
2779 1925 2836 1979 ὲν
2884 1922 2963 1997 τῷ
2996 1918 3315 1994 Εὐαγγελίῳ
3355 1919 3676 1991 παραγγελ-

2103 2016 2288 2087 μάτων
2308 2031 2322 2045 ·
2348 2016 2631 2070 Ἔστωσαν
2656 2016 2711 2070 αἱ
2739 2015 2939 2086 ὀσφύες
2972 2014 3124 2085 ὑμῶν
3153 2013 3587 2085 περιεζωσμέναι
3607 2013 3675 2085 τῇ

2101 2106 2445 2180 σωφροσύνῃ,
2486 2110 2581 2162 καὶ
2629 2108 2678 2161 oi
2718 2106 2900 2179 λύχνοι
2950 2106 3049 2178 τῆς
3087 2103 3320 2169 διανοίας
3372 2103 3675 2175 καιόμενοι,

2099 2198 2194 2251 καὶ
2227 2197 2386 2269 ὑμεῖς
2417 2198 2594 2269 ὅμοιοι
2623 2195 2930 2268 ἀνθρώποις
2961 2195 3410 2266 προσδεχομένοις
3441 2191 3532 2247 τὸν
3556 2192 3677 2247 Κύ-

2104 2302 2216 2359 ριον
2254 2287 2454 2354 αὐτῶν,
2485 2288 2615 2356 πότε
2641 2287 2758 2359 ἥξει
2789 2285 2851 2352 ἐξ
2876 2285 3145 2359 οὐρανῶν,
3164 2286 3260 2339 καὶ
3289 2284 3514 2356 εὑρήσει
3540 2299 3679 2355 γρη-

2103 2377 2404 2452 γοροῦντας
2455 2379 2581 2444 τοὺς
2635 2379 2872 2450 γνησίως
2919 2377 3172 2442 σέϐοντας
3219 2376 3315 2431 καὶ
3350 2374 3677 2444 ἀγαπῶντας

2101 2471 2289 2536 αὑτὸν,
2318 2472 2404 2526 ἵνα
2429 2473 2631 2544 ποιήσῃ
2660 2470 2876 2543 λάμψαι
2904 2470 3101 2534 αὐτοὺς
3128 2470 3205 2531 ὡς
3231 2468 3322 2522 τδν
3343 2467 3497 2541 ἥλιον
3522 2468 3578 2521 ὲν
3606 2464 3677 2539 τῇ

2062 2550 2400 2632 ’ἐπουρανίᾳ
2438 2559 2709 2631 βασιλείᾳ.
2756 2560 2996 2613 Κάκεῖνο
3041 2558 3099 2611 δὲ
3148 2556 3424 2626 γίνωσκε,
3476 2556 3556 2610 ὅτι
3610 2554 3673 2608 οὑ

2104 2644 2265 2720 μόνον
2300 2651 2381 2721 είς
2402 2649 2501 2713 τὰς
2529 2649 2755 2714 εὐειδεῖς
2784 2647 2937 2719 ὄψεις
2966 2644 3220 2719 πειράζει
3266 2646 3418 2709 τινὰς
3459 2643 3675 2717 ἐχθρὸς,

2099 2740 2236 2795 ἀλλά
2259 2739 2368 2813 γὰρ
2396 2740 2492 2795 καὶ
2518 2741 2599 2805 είς
2627 2740 2695 2794 τὰ
2725 2739 2944 2810 δυσειδῆ
2984 2737 3078 2794 καί
3111 2738 3338 2811 ἄμορφα
3381 2737 3672 2809 πρόσωπα,

2102 2830 2331 2903 θηλειῶν
2360 2849 2419 2885 τε
2456 2831 2552 2885 καὶ
2597 2831 2863 2904 ἀρρένων,
2890 2831 3089 2902 τυφλόν
3120 2847 3242 2885 τινα
3280 2832 3345 2902 τῇ
3373 2830 3518 2900 ψυχῇ
3542 2828 3677 2881 ὑπο-

2103 2916 2312 2976 ϐάλλων
2343 2919 2541 2994 ἔρωτα.
2574 2923 2975 2993 Κακομήχανος
3025 2920 3134 2992 γὰρ
3165 2920 3262 2975 καὶ
3291 2920 3537 2983 ποικίλος
3569 2918 3678 2971 ὑπ-

2104 3012 2287 3086 άρχων
2318 3016 2346 3068 ὁ
2374 3012 2739 3086 φιλορύπαρος
2764 3013 2993 3085 δαίμων,
3021 3010 3305 3083 δοκιμάζει
3328 3009 3587 3074 πολλάκις
3617 3010 3677 3064 ἐν

418 3087 474 3141 in
530 3093 748 3187 hacvel
793 3098 846 3153 in
886 3099 977 3155 illa
1008 3102 1179 3160 forma
1218 3122 1315 3181 per
1347 3087 1646 3182 absurdum
1701 3123 1756 3170 et
1787 3087 1999 3187 turpem

2104 3103 2277 3177 τούτῳ
2324 3104 2357 3175 ἢ
2418 3105 2476 3158 ὲν
2527 3103 2721 3175 ἐκείνῳ
2761 3101 2839 3175 τῷ
2890 3103 3019 3157 είδει
3066 3100 3392 3172 παγιδεῦσαι
3444 3099 3532 3155 διὰ
3577 3099 3676 3172 τῆς

422 3178 725 3252 appetitum
757 3188 813 3243 in
851 3188 1103 3261 laqueum
1134 3178 1435 3268 conjicere.

450 3303 455 3305 Α
492 3271 642 3347 Fuge
664 3276 833 3348 igitur
859 3280 1289 3342 adolescentium
1319 3291 1725 3349 immundorum
1756 3301 2002 3354 omnium

2108 3193 2312 3247 ἀτόπου
2346 3194 2440 3247 καὶ
2468 3194 2699 3264 αἰσχρᾶς
2736 3190 2988 3264 ὀρέξεως.

2173 3287 2347 3357 Φεῦγε
2391 3287 2569 3341 τοίνυν
2598 3284 2697 3348 τὰς
2729 3285 3175 3357 συναναστροφὰς
3218 3283 3326 3339 τῶν
3355 3283 3677 3355 ἀκαθάρτων

418 3360 586 3421 simul
628 3367 1007 3438 pulchrorum,
1048 3373 1238 3437 simul.
1265 3380 1507 3453 turpium
1533 3386 1885 3442 commercia.
1946 3387 1999 3444 Si

2104 3378 2262 3443 νέων,
2298 3379 2407 3432 τῶν
2440 3395 2501 3432 τε
2537 3379 2849 3449 εὐμόρφων,
2881 3377 2989 3431 τῶν
3015 3395 3075 3431 τε
3106 3377 3389 3448 ἀμόρφων.
3416 3374 3586 3429 Ὅταν
3618 3374 3677 3428 δὲ

418 3469 554 3509 vero
589 3456 887 3527 aliquando
922 3476 1036 3518 rem
1085 3464 1277 3520 dexter
1305 3471 1483 3538 egeris
1506 3509 1522 3532 ,
1558 3471 1999 3550 intellexerisque

2104 3468 2283 3542 καιρῷ
2332 3487 2438 3523 τινι
2469 3468 2824 3542 συναισθήσῃ,
2863 3469 2957 3524 καὶ
3000 3467 3315 3540 καταλάϐῃς
3357 3467 3550 3521 σαυτὸν
3587 3467 3676 3520 ὲν-

421 3547 771 3637 temetipsum
804 3551 874 3606 ab
913 3553 1164 3624 improba
1208 3556 1313 3613 hac
1347 3563 1761 3629 perturbatione
1791 3547 1999 3637 vexari,

419 3644 477 3691 et
510 3636 578 3692 ad
612 3640 808 3697 anima:
849 3644 1160 3715 caliginem,
1202 3656 1256 3704 et
1292 3648 1638 3708 faeculentum
1675 3663 1877 3711 statum
1906 3636 2001 3714 de?

421 3728 590 3794 ferri,
652 3733 1000 3802 apprehende
1035 3747 1274 3793 mentem
1310 3749 1484 3810 tuam,
1540 3760 1722 3816 regem
1779 3747 1998 3806 Saulem

417 3832 542 3874 esse
577 3834 609 3875 ι
639 3835 810 3891 pravo
836 3824 1080 3881 lascivia:
1104 3828 1303 3898 spiritu
1325 3830 1673 3900 sull'ocatum,
1698 3844 1752 3891 et
1778 3835 2000 3896 Davidis

418 3906 563 3962 libro
614 3908 669 3963 in
721 3910 961 3967 medium
1013 3912 1232 3981 delato,
1294 3932 1392 3972 cor
1451 3927 1607 3997 tuum
1656 3923 1998 3984 dmmonibus

416 3997 714 4055 obnoxium
766 4001 989 4058 incauta
1026 4004 1268 4075 Spiritus
1314 4010 1495 4083 sancti
1525 4011 1729 4080 verbis,
1772 4024 1828 4072 et
1860 4017 2000 4075 bene

417 4086 513 4141 tibi
541 4088 646 4144 erit
675 4104 803 4145 cum
836 4095 1110 4153 cecineris
1135 4095 1204 4152 ad
1251 4097 1540 4155 Dominum
1575 4118 1590 4157 :
1646 4120 1664 4154 ‹
1717 4105 1997 4162 Conserva

418 4191 504 4232 me
530 4194 560 4232 a
593 4179 816 4251 laqueo,
845 4200 1006 4254 quem
1042 4198 1472 4248 construxerunt
1495 4193 1654 4260 mihi,
1691 4204 1747 4252 et
1775 4212 1806 4253 a
1837 4212 1999 4255 sean-

2101 3559 2424 3633 οχλούμενον
2449 3561 2555 3615 ὑπὸ
2580 3560 2673 3615 τοῦ
2706 3561 2911 3631 φαύλου
2938 3560 3164 3627 πάθους,
3192 3561 3286 3614 καὶ
3312 3559 3447 3631 πρὸς
3478 3558 3675 3628 γνόφον

2099 3652 2281 3725 ψυχῆς
2336 3656 2430 3708 καὶ
2463 3652 2659 3725 ἰλυώδη
2689 3653 3025 3709 κατάστασιν
3058 3651 3448 3721 ἐκφερόμενον,
3485 3648 3675 3719 νόμιζε

2099 3746 2192 3799 τὸν
2217 3743 2341 3799 νοῦν
2369 3762 2461 3821 σου
2493 3740 2634 3800 εἶναι
2663 3745 2754 3799 τδν
2789 3743 3012 3816 βασιλέα
3044 3741 3219 3798 Σαοὺλ
3247 3740 3352 3796 ὑπὸ
3381 3739 3475 3794 τοῦ
3508 3755 3676 3811 πονη-

2103 3835 2198 3909 ροῦ
2257 3836 2567 3907 πνεύματος
2615 3835 2716 3907 τῆς
2773 3835 3148 3908 ἑρωτομανίας
3202 3831 3545 3903 πνιγόμενον,
3580 3831 3675 3885 καὶ⁵

2098 3927 2195 3995 τὴν
2222 3925 2403 3998 βίϐλον
2434 3926 2527 3980 τοῦ
2559 3925 2721 3981 Δαυτδ
2751 3926 2932 3996 φέρων
2961 3926 3040 3989 είς
3066 3923 3249 3997 μέσον,
3275 3923 3548 3995 κατέπᾳδε
3574 3921 3673 3992 τὴν

2099 4016 2327 4087 καρδίαν
2380 4032 2474 4069 σου
2530 4015 2607 4079 ὡς
2653 4010 3110 4085 δαιμονιζομένην
3155 4014 3269 4075 τοῖς
3322 4012 3529 4082 ῥήμασι
3576 4006 3671 4064 τοῦ

2098 4109 2256 4177 ἀγίου
2279 4105 2614 4177 Πνεύματος,
2641 4104 2735 4183 καὶ
2764 4103 2943 4168 καλῶς
2968 4120 3052 4157 σοι
3079 4102 3230 4156 ἔσται
3259 4102 3316 4155 ὲν
3349 4101 3426 4173 τῷ
3450 4099 3674 4171 ψάλλειν

2097 4197 2233 4270 πρὸς
2273 4195 2515 4267 Κύριον*
2553 4214 2573 4247 ι
2602 4192 2840 4257 Φύλαξόν
2879 4209 2947 4263 με
2999 4191 3107 4246 ἀπὸ
3168 4189 3395 4260 παγίδος
3428 4184 3497 4262 ἦς
3544 4206 3672 4244 συν-

415 4266 558 4323 daiis
583 4272 930 4339 operantium
963 4276 1309 4347 iniquitatem
1335 4283 1412 4351 ";
1454 4303 1474 4336 ι
1500 4295 1554 4340 et
1585 4305 1600 4339 :
1638 4305 1657 4338 ι
1684 4286 1887 4344 Libera
1909 4306 1998 4347 me

2098 4266 2395 4361 εστήσαντό
2427 4304 2538 4357 μοι,
2568 4284 2666 4340 καὶ
2686 4284 2793 4339 ἀπὸ
2820 4282 3130 4338 σκανδάλων
3156 4282 3263 4338 τῶν
3288 4280 3674 4354 ἐργαζομένων

415 4372 448 4411 e
485 4372 649 4411 manu
685 4358 1058 4428 inimicorum,
1088 4366 1182 4434 qui
1224 4381 1635 4440 persequuntur
1664 4390 1754 4432 me
1780 4376 1849 4433 ”.
1876 4395 1897 4432 ι
1928 4378 1995 4432 Et

2098 4358 2479 4450 τὴν-ἀνομίαν
2520 4397 2541 4430 ι
2575 4376 2703 4441 καὶ,
2743 4395 2761 4429 ι
2794 4373 2985 4430 Ῥῦσαί
3041 4392 3108 4445 με
3156 4374 3220 4427 ἐκ
3254 4374 3436 4445 χειρὸς
3465 4370 3673 4442 ἐχθρῶν

417 4457 551 4506 tunc
595 4446 811 4502 daemon
858 4449 1063 4509 divinis
1112 4456 1327 4525 verbis,
1376 4469 1432 4514 et
1468 4462 1704 4519 maxime
1748 4466 1996 4536 proﬁcuo

2098 4446 2208 4523 τιῦν
2233 4446 2678 4523 ἔςαταδιωκόντων
2714 4484 2800 4537 με.
2829 4484 2847 4518 t
2877 4465 2991 4520 Kal.
3025 4464 3085 4518 τὸ
3116 4464 3214 4535 μὲν
3249 4463 3522 4533 δαιμόνιον
3548 4462 3673 4525 τοὺς

412 4540 583 4587 cantu
619 4536 947 4604 perterritus
982 4554 1047 4595 ac
1097 4546 1366 4603 reveritus
1405 4550 1649 4607 avolabit
1697 4566 1727 4607 a
1782 4563 1859 4612 te.
1911 4555 1994 4613 Tu

2101 4560 2277 4626 θείους
2300 4539 2490 4628 λόγους
2501 4557 2597 4613 καὶ
2619 4536 2725 4629 τὴν
2741 4555 3099 4629 μεγαλωφελῆ
3124 4555 3390 4626 μελῳδίαν
3417 4553 3671 4625 φοϐηθὲν,

413 4640 548 4682 vero
572 4642 637 4682 ex
671 4627 908 4686 miseriae
928 4631 1053 4689 lacu
1078 4650 1176 4705 per
1207 4636 1449 4696 divinam
1474 4643 1708 4713 gratiam
1735 4649 1996 4706 extrahe-

2098 4654 2189 4708 καὶ
2206 4627 2513 4721 αίσχυνθὲν,
2539 4627 2912 4719 ἀτωπτήσεται
2941 4644 3048 4700 ἀπὸ
3076 4643 3195 4698 σοῦ’
3230 4638 3391 4707 αύτδς
3414 4644 3471 4697 δὲ
3496 4646 3561 4697 ἐκ
3580 4640 3675 4696 τοῦ

415 4719 516 4783 ris,
550 4729 606 4774 et
636 4718 851 4778 videbis
883 4730 1016 4780 tunc
1040 4742 1222 4785 aerem
1269 4733 1612 4792 castimoniae
1646 4736 1912 4810 deditum,
1945 4750 1999 4799 et

2098 4718 2310 4798 λάκκου
2323 4718 2427 4808 τῆς
2458 4718 2835 4806 ταλαιπωρίας
2867 4731 3247 4802 ἀνελκυσθὴσῃ
3276 4729 3365 4783 διὰ
3394 4729 3493 4800 τῆς
3523 4727 3674 4790 θείας

413 4815 619 4863 statum
642 4823 842 4880 purum
869 4814 940 4871 ab
968 4820 1117 4873 omni
1152 4824 1567 4892 perturbatione
1588 4836 1643 4885 et
1674 4832 1999 4890 confusione

2098 4832 2337 4904 χάριτος,
2360 4829 2454 4882 καὶ
2479 4826 2585 4897 ὄψῃ
2612 4828 2735 4880 τότε
2759 4823 2898 4894 ἀέρα
2918 4821 3069 4887 ξένον
3102 4820 3347 4889 ἀγνείας,
3383 4820 3477 4874 καὶ
3504 4818 3675 4871 κατά.

415 4900 741 4969 immunem,
767 4911 821 4960 et
852 4908 1205 4967 serenitatem
1226 4915 1615 4984 clarissimam,
1638 4928 1692 4977 et
1709 4923 1999 4980 tenebrosa

2098 4900 2289 4977 στάσιν
2331 4916 2515 4987 ἀπαθῆ
2550 4933 2610 4969 τε
2658 4916 2753 4969 καὶ
2782 4911 3049 4984 καθαρὰν,
3082 4911 3174 4965 καὶ
3221 4908 3547 4980 ἀσύγχυτον,
3579 4906 3672 4960 καὶ

411 4992 762 5086 obscuraque
808 5008 975 5058 nocte
1001 5006 1356 5077 exorientem,
1398 5018 1457 5065 ut
1504 5011 1689 5070 dicere
1746 5017 1925 5086 possis
1978 5033 1994 5072 :

2098 5009 2316 5085 ἀὶθρίαν
2349 5006 2733 5080 φαιδροτάτην,
2779 4998 3294 5072 ἀναπεταννυμένην
3333 4999 3394 5063 ἐξ
3434 4995 3671 5069 ὁμιχλώ-

420 5098 441 5130 ι
483 5079 608 5136 Haec
634 5083 774 5153 dies,
811 5104 976 5159 quam
1013 5091 1145 5149 fecit
1191 5094 1480 5163 Dominus,
1529 5079 1889 5165 cxsulteinus,
1943 5111 1996 5159 et

2098 5079 2220 5169 δους
2269 5101 2413 5166 τινὸς
2460 5100 2553 5155 καὶ
2600 5097 2836 5179 ζοφερᾶς
2864 5095 2965 5165 τῆς
2992 5091 3208 5156 νυκτὸς,
3240 5090 3370 5145 ὥστ’
3397 5088 3466 5144 ἂν
3498 5090 3670 5143 εἰπεῖν

417 5170 664 5265 laetemur
693 5174 748 5228 in
777 5191 840 5232 ea
866 5182 936 5237 ".
959 5201 978 5235 ι
1002 5182 1263 5243 Reserate
1282 5190 1413 5244 mihi
1433 5191 1638 5262 itaque,
1665 5193 1843 5263 angeli
1871 5192 1990 5258 Dei,

2098 5211 2190 5249 σε·
2230 5214 2248 5246 ι
2282 5192 2429 5265 Αὕτη
2458 5194 2491 5262 ὴ
2535 5170 2737 5263 ἡμέρα,
2777 5188 2843 5259 ἢν
2877 5185 3135 5256 ἐποίησεν
3246 5182 3473 5256 Κύριος
3504 5180 3669 5248 ἀγαλ-

412 5261 645 5355 Iustitia!
673 5274 861 5333 portas
894 5294 908 5328 :
942 5275 998 5330 in
1033 5277 1157 5334 illas
1181 5268 1465 5352 ingressus
1494 5261 1843 5341 «confitebor
1872 5284 1993 5349 tibi,

2098 5261 2566 5355 ltddtbpeaa'xtﬂ—
2594 5277 2987 5352 εὐφρανθῶμεν
3040 5276 3098 5328 ὲν
3143 5274 3302 5345 αὐτῇ.
3332 5293 3352 5326 ι
3398 5270 3671 5337 ’Δνοίξατέ

417 5350 569 5423 Quod
618 5356 894 5415 exaudiin
933 5379 1050 5431 me,
1103 5376 1158 5423 et
1208 5350 1388 5426 factus
1439 5387 1499 5426 es
1545 5372 1679 5426 mihi
1738 5372 1792 5426 in
1840 5372 1992 5426 salu-

2107 5388 2197 5442 μοι
2226 5350 2431 5436 λοιπὸν,
2456 5372 2505 5424 οί
2535 5350 2753 5439 ἄγγελοι
2776 5367 2871 5421 τοῦ
2892 5364 3049 5431 Θεοῦ,
3078 5362 3250 5428 πύλας
3282 5360 3627 5433 δικαιοσύνης
3650 5379 3667 5393 ·

494 5575 540 5607 ⁸⁸
570 5575 716 5630 Psal.
743 5592 863 5648 cn,
905 5581 960 5639 9.
1038 5583 1081 5616 ⁸⁷
1116 5582 1250 5639 Luc.
1292 5601 1389 5655 xu,
1422 5587 1513 5653 35,
1548 5587 1637 5642 56.
1714 5582 1762 5617 ’³⁸
1789 5584 1981 5641 Matth.

424 5658 598 5699 cxvn.
624 5644 718 5697 αι.

2098 5604 2128 5655 ι,
2166 5588 2254 5645 45.
2331 5589 2374 5623 ’θ
2408 5586 2556 5644 Psal.
2591 5599 2713 5650 ch,
2740 5581 2793 5642 θ.
2868 5583 2915 5616 ⁸ο
2944 5581 3088 5639 Psal.
3118 5596 3248 5646 xxx,
3284 5582 3365 5636 l6.
3444 5582 3485 5614 "
3514 5580 3664 5636 Psal.
