4064 6160
373 308 483 372 285

1597 313 2130 377 EPISTOLARUM
2170 321 2316 381 LIB.
2356 323 2438 384 II.

3517 336 3623 400 286

371 418 632 479 εἰσελθὼν
647 420 707 474 έν
741 419 952 483 αὐταῖς.
991 439 1012 472 ι
1052 418 1549 494 Ἐξομολογήσομαί
1592 442 1694 486 σοι,
1724 426 1806 478 ὅτι
1843 427 1944 478 ὲπ-

2056 438 2154 485 lem
2207 434 2276 488 ".
2343 433 2526 507 20‘
2563 434 2893 494 Benedictus
2954 437 3121 506 Dens,
3160 443 3255 512 qui
3291 458 3398 500 non
3423 451 3628 504 amovit

380 515 618 590 ήκουσάς
683 531 812 586 μου,
849 513 944 566 καὶ
976 511 1162 581 ὲγένου
1215 531 1307 582 μοι
1361 516 1442 579 είς
1487 517 1784 588 σωτηρίαν.
1841 520 1946 572 Εὑ-

368 609 592 681 λογητδς
648 609 676 662 ὁ
724 606 878 670 Θεὸς,
916 605 974 669 ὃς
1022 607 1122 660 οὐκ
1169 606 1444 678 ἀπέστησε
1481 609 1580 680 τὴν
1640 612 1946 682 προσευχήν

373 717 494 767 non,
525 698 619 752 καὶ
645 698 706 751 τὸ
738 697 886 760 ἔλεος
917 696 1082 750 αὑτοῦ
1115 699 1210 752 ἀπ’
1242 698 1395 769 ἐμοῦ.
1430 719 1449 751 ι

567 790 741 843 PEII'.
771 819 840 829 —
872 788 1224 861 ΠΕΡΓΑΜΙῼ
1261 790 1738 866 ΔΕΚΕΜΠΡΙΜῼ.

437 883 528 952 Μὴ
563 881 781 951 μέμφου
833 881 922 934 τὸν
957 881 1091 934 Θεὸν
1137 882 1227 934 τὸν
1271 883 1377 937 τῶν
1428 886 1604 955 μελῶν
1639 886 1947 957 σοφώτατον

373 973 616 1042 ποιητὴν,
663 971 800 1024 ἀλλά
830 973 930 1041 τὴν
964 970 1162 1026 σαυτοῦ
1196 973 1659 1047 φιλαμαρτήμονα
1697 982 1942 1052 γνώμην.

373 1065 535 1118 Οὐδὲν
561 1065 670 1133 γὰρ
703 1063 908 1133 φαῦλόν
928 1065 1075 1116 ἐστιν
1114 1065 1179 1116 ἐκ
1212 1065 1429 1119 πάντων
1451 1068 1558 1121 τῶν
1591 1069 1950 1140 ἀνθρωπίνων

376 1156 568 1226 μελῶν,
599 1155 719 1209 οὐδὲ
765 1154 1237 1224 κατεγνωσμένον.
1281 1158 1390 1210 Καὶ
1431 1159 1538 1231 γάρ
1577 1161 1606 1212 ό
1647 1165 1945 1233 προπάτωρ

375 1249 526 1318 ήμῶν
563 1247 737 1318 Ἀδὰμ
777 1248 873 1300 σὺν
925 1249 993 1317 τῇ
1035 1246 1151 1319 Εὔα
1198 1248 1258 1313 ἐξ
1307 1250 1482 1319 ἀρχῆς
1527 1252 1586 1303 ὲν
1633 1252 1946 1322 παραδείσῳ

376 1334 732 1405 ὑπάρχοντες,
767 1335 943 1389 ταῦτα
971 1331 1118 1408 εἶχον
1157 1337 1226 1390 τὰ
1262 1339 1398 1409 μέλη
1430 1339 1522 1392 τοῦ
1558 1339 1827 1410 σώματος,
1851 1344 1946 1398 καὶ

374 1427 622 1496 οὐδαμῶς
673 1427 970 1498 ἀπόϐλητοι
1018 1428 1106 1483 διὰ
1149 1429 1222 1504 τά,
1265 1431 1400 1500 μέλη
1441 1431 1762 1500 γεγόνασιν,
1811 1434 1947 1489 ἀλλά

375 1516 460 1570 διά
486 1517 584 1588 τὴν
633 1517 948 1587 παράϐασιν
993 1519 1093 1589 τῆς
1138 1518 1232 1573 τοῦ
1275 1520 1409 1574 Θεοῦ
1462 1521 1701 1592 ἐντολῆς.
1737 1525 1944 1580 Οὐκοῦν

379 1611 450 1679 μὴ
480 1608 547 1662 τὰ
577 1608 712 1680 μέλη
741 1609 987 1680 μέμφου,
1027 1611 1164 1664 ἀλλά
1195 1611 1293 1683 τὴν
1325 1613 1662 1684 προαίρεσιν.

887 1703 1030 1755 ΡΞΘ¹
1050 1732 1122 1743 -
1153 1703 1236 1767 Τῷ
1258 1702 1438 1769 αὐτῷ.

2053 523 2358 579 orationem
2385 539 2583 591 meam,
2617 535 2673 582 et
2700 529 3132 585 misericordiam
3158 549 3316 589 suam
3339 551 3478 594 eme
3502 539 3568 595 ".
3603 559 3622 592 ›

2192 786 2474 844 CLXVIII.
2506 823 2579 835 —
2601 789 2962 850 PERGAMIO
3011 793 3487 856 DECEMPRIMO.

2122 878 2200 935 Ne
2227 882 2481 950 queraris
2515 883 2585 939 de
2614 883 2744 951 Deo,
2777 887 3144 942 membrorum
3180 891 3378 960 opiﬂce
3413 893 3632 960 sapien-

2053 971 2291 1038 tissimo,
2319 973 2412 1028 sed
2444 973 2512 1028 de
2546 982 2639 1029 tua
2671 984 2852 1031 mente
2878 977 2933 1032 in
2967 989 3188 1048 peccata
3211 983 3438 1050 proclivi
3468 992 3632 1053 atque

2053 1059 2266 1117 affecta.
2293 1063 2514 1118 Nullum
2541 1067 2686 1121 enim
2721 1083 2784 1123 ex
2809 1070 3063 1126 omnibus
3089 1074 3330 1130 hominis
3368 1075 3631 1130 membris

2052 1167 2302 1221 pravum,
2345 1170 2523 1226 neque
2557 1157 2983 1215 condemnatum
3035 1171 3140 1218 est.
3191 1161 3257 1217 Et
3311 1167 3633 1234 progenitor

2053 1254 2244 1302 noster
2271 1246 2442 1302 Adam
2477 1264 2584 1304 una
2610 1265 2734 1305 cum
2763 1250 2874 1305 Eva
2903 1268 2932 1306 a
2971 1255 3246 1326 principio
3277 1258 3331 1310 in
3374 1258 3630 1326 paradiso

2053 1353 2179 1394 cum
2229 1347 2436 1403 essent,
2489 1339 2606 1395 haec
2656 1344 2906 1412 corporis
2960 1346 3202 1399 membra
3252 1348 3630 1415 possidebant,

2053 1431 2316 1500 nulloque
2341 1431 2502 1485 modo
2527 1432 2900 1487 membrorum
2927 1449 3094 1490 causa
3115 1480 3131 1503 ,
3173 1437 3267 1492 sed
3294 1439 3439 1505 quod
3490 1454 3630 1509 prac-

2053 1518 2552 1588 ceptumidivinum
2586 1523 2919 1591 transgressi
2956 1523 3200 1590 fuerunt,
3254 1526 3444 1595 rejeeli
3477 1534 3628 1583 sunt.

2053 1605 2170 1665 Non
2208 1609 2394 1680 itaque
2433 1611 2700 1675 membra,
2745 1611 2839 1667 sed
2869 1613 3192 1670 electionem
3230 1631 3450 1672 accusa.

2557 1699 2789 1758 CLXIX.
2821 1735 2892 1744 —
2931 1704 3136 1759 Eidem.

443 1793 506 1846 Εἰ
537 1793 628 1847 τὸν
659 1792 820 1846 Δαυῖδ
853 1793 1134 1864 διασύρεις
1177 1795 1308 1849 δέκα
1353 1798 1624 1867 ἐσχηκότα
1667 1801 1947 1866 γυναῖκας,

2118 1788 2182 1845 Si
2215 1787 2473 1846 Davidem
2513 1791 2566 1845 in
2596 1792 2805 1847 crimen
2830 1810 3015 1859 vocas,
3043 1796 3186 1864 quod
3218 1796 3406 1851 decem
3430 1811 3629 1852 uxores

375 1885 628 1953 γίνωσκε,
677 1886 759 1941 ὃτι
820 1887 882 1938 ού
923 1885 1012 1940 διά
1059 1887 1398 1957 φιληδονίαν,
1434 1891 1569 1944 ἀλλά
1618 1891 1706 1944 διὰ
1761 1892 1946 1946 παιδοο

2050 1880 2156 1936 sibi
2183 1880 2518 1950 adiunxerit,
2549 1885 2690 1939 scito
2717 1900 2841 1941 eum
2870 1901 2978 1940 non
3011 1888 3337 1956 voluptatis,
3375 1895 3470 1943 sed
3505 1903 3630 1958 pro-

377 1977 556 2030 ποιίαν
585 1973 731 2046 εἶχεν
783 1977 972 2041 αὑτάς.
1018 1979 1128 2032 Καὶ
1173 1979 1341 2046 ἕδειξέ
1374 1998 1436 2049 γε
1491 1982 1649 2036 τοῦτο
1702 1984 1842 2053 μετά
1887 1984 1948 2037 τὸ

2056 1973 2409 2027 creandorum
2436 1974 2670 2028 ﬁliorum
2694 1991 2879 2032 amore
2899 1993 2998 2033 eas
3027 1977 3270 2036 duxisse.
3306 1979 3631 2049 Indicioque

381 2067 608 2136 μιγῆναι
650 2068 882 2132 ταύταις
911 2069 1003 2121 τὸν
1038 2071 1376 2141 πατραλοίαν
1417 2073 1797 2144 Ἀϐεσσαλὼμ,
1838 2091 1943 2145 μη-

378 2159 494 2210 κέτι
540 2159 802 2213 εἰσελθεῖν
865 2161 1001 2232 πρὸς
1062 2163 1231 2226 αὑτὰς
1296 2164 1590 2234 ἑλόμενος,
1633 2167 1769 2239 μηδὲ
1813 2168 1950 2238 πρὸς

379 2248 543 2320 ἀλλην
571 2253 713 2304 τινά.
740 2252 834 2314 Εἰς
867 2251 1091 2324 ὕστερον
1115 2254 1171 2307 δὲ
1200 2258 1655 2328 συγκοιμωμένης
1676 2260 1826 2330 αὐτῷ
1853 2261 1950 2330 τῆς

379 2341 766 2411 Σωμανίτιδος,
806 2343 894 2396 διὰ
933 2346 992 2397 τὺ
1023 2345 1161 2413 ἄγαν
1214 2347 1555 2418 κατεψῦχθαι
1605 2351 1800 2417 αὐτὸν,
1857 2353 1952 2404 καὶ

377 2429 609 2502 χρῄζειν
667 2430 1034 2502 θερμότητος,
1095 2435 1327 2499 ούδόλως
1379 2438 1704 2504 κατεδέξατο
1751 2439 1952 2508 γνῶναι

375 2523 574 2593 αὐτὴν,
608 2525 746 2594 ὅπερ
773 2524 1039 2596 μεγίστης
1065 2527 1331 2592 ἀπαθείας
1352 2529 1589 2601 ὑπάρχει
1625 2531 1844 2602 δεῖγμα.

694 2703 813 2755 PO’.
836 2732 905 2742 —
932 2702 1164 2776 ΕΛΕΝῌ
1203 2705 1643 2778 ῙΛΚΟΥΣΤΡῙᾼ.

440 2789 612 2862 Huni;
643 2791 739 2860 μὲν
764 2792 939 2855 δοκεῖς
966 2792 1254 2863 ὑπάρχειν,
1289 2798 1403 2859 τοῖς
1431 2795 1476 2850 δ’
1503 2797 1758 2866 Ἕλλησιν
1789 2796 1958 2868 ἁμιλ-

377 2881 586 2944 λᾶσθαι,
627 2882 718 2936 καὶ
750 2885 862 2945 τοῖς
883 2884 1136 2948 ἀπίστοις
1179 2885 1554 2957 ἐξομοιοῦσθαι
1612 2889 1954 2955 σπουδάζεις.

378 2975 436 3027 EI
477 2975 582 3045 γάρ
620 2974 896 3038 πιστεύεις
943 2977 1327 3046 ἀναμφιϐόλως
1387 2980 1686 3036 ἀνάστασιν
1734 2981 1958 3039 ἔσεσθαι

377 3065 590 3119 πάντων
617 3064 724 3116 τῶν
744 3065 1080 3136 τεθνηκότων
1099 3068 1236 3137 μετὰ
1259 3069 1356 3140 τὴν
1377 3071 1686 3131 συντέλειαν
1726 3072 1819 3126 τοῦ
1846 3089 1955 3127 παι

2049 2065 2101 2120 id
2133 2065 2329 2132 fuerit;
2364 2081 2489 2120 nam
2531 2075 2822 2138 postquam
2853 2086 2978 2124 eum
3011 2070 3124 2126 illis
3153 2070 3424 2140 parricida
3454 2071 3635 2125 Absa-

2051 2157 2139 2212 lon
2169 2159 2492 2222 consuevit,
2539 2173 2718 2228 neque
2747 2159 2813 2212 ad
2850 2174 2967 2226 eas,
3009 2176 3187 2230 neque
3237 2160 3306 2215 ad
3350 2162 3509 2215 aliam
3541 2161 3629 2214 in-

2051 2247 2223 2302 troire
2254 2248 2453 2302 voluit.
2485 2248 2726 2303 Tandem
2750 2264 2873 2306 cum
2894 2266 3146 2311 unalcum
3169 2267 3256 2313 eo,
3281 2253 3428 2321 quod
3465 2252 3631 2307 nimis

2055 2339 2239 2408 rigens
2286 2337 2659 2407 perfrixisset,
2701 2349 2756 2394 et
2787 2341 2970 2395 calido
3001 2341 3293 2411 indigeret,
3331 2341 3630 2396 Somanitis

2054 2429 2525 2496 obdormisceret,
2579 2447 2811 2501 prorsus
2865 2449 2984 2487 eam
3024 2448 3356 2504 cognoscere
3403 2433 3628 2488 noluit:

2054 2522 2204 2590 quod
2234 2522 2303 2576 ab
2329 2524 2476 2576 omni
2499 2524 3231 2593 perturbationeimmunem
3257 2525 3430 2582 fuisse
3460 2526 3635 2580 maxi-

2055 2627 2143 2669 me
2171 2613 2471 2668 convincit.

2333 2702 2540 2762 CLXX.
2563 2733 2635 2746 ——
2663 2704 2963 2760 IIELEN/E
3000 2705 3346 2762 ILLUSTBI.

2127 2795 2278 2852 Fidei
2315 2804 2521 2853 nostra
2565 2797 2781 2853 addicta
2814 2814 2896 2861 es,
2931 2806 2990 2852 ut
3032 2799 3276 2864 videris;
3306 2813 3430 2854 cum
3461 2799 3638 2870 genti-

2058 2889 2162 2946 bus
2195 2896 2376 2944 tamen
2411 2889 2682 2955 decenas,
2705 2892 3040 2961 eonarisque
3074 2891 3207 2945 totis
3232 2891 3445 2946 viribus
3475 2890 3638 2960 205

2060 2980 2401 3036 consimilem
2435 2981 2543 3036 illis
2573 2981 2763 3036 ludum
2799 2982 3010 3038 ludere.
3078 2981 3292 3038 Etenim
3320 2983 3366 3037 si
3407 2982 3639 3038 ﬁrmiter

2061 3079 2238 3136 teiies,
2284 3077 2410 3140 post
2447 3072 2738 3140 praesentis
2781 3072 2884 3126 arvi
2925 3073 3402 3142 consumptionem
3439 3071 3639 3127 deiun-

380 3153 560 3222 ρόντος
597 3152 807 3216 αἰῶνος,
853 3155 906 3207 τί
933 3157 1149 3220 πενθεῖς
1199 3158 1294 3211 καὶ⁵
1334 3160 1698 3223 κατακόπτεις
1755 3161 1955 3233 σαυτὴν

2061 3139 2570 3217 οιοτυιηίοιῐιιιίυω
2598 3163 3064 3218 resurrectionem
3121 3139 3459 3227 adfuturam,
3505 3164 3637 3234 quid

376 3235 672 3308 ἀπαύστως
701 3247 791 3299 καὶ
826 3248 1294 3320 ἀπαρηγορήτως;
1327 3252 1446 3306 Κᾶν
1479 3251 1587 3324 γὰρ
1629 3255 1955 3325 κεκοίμηται

376 3336 402 3387 ό
431 3334 705 3404 βέλτιστος
738 3337 852 3399 υἱός
877 3354 969 3391 σου
1005 3339 1328 3409 Νικάρετος,
1361 3346 1652 3414 μονογενής
1673 3361 1754 3397 σοι
1785 3345 1955 3415 ὑπάρ·

379 3444 503 3499 χων,
530 3428 645 3482 ἀλλ’
680 3426 775 3482 οὖν
804 3445 868 3497 γε
908 3429 1015 3502 ὄψῃ
1034 3428 1222 3484 τοῦτον
1248 3433 1304 3485 έν
1335 3435 1400 3504 τῇ
1431 3433 1614 3504 ἡμέρᾳ
1656 3434 1838 3506 ἐκείνῃ
1863 3435 1956 3487 εύ-

378 3519 742 3590 πρεπέστερον
773 3520 948 3591 ἡλίου,
978 3522 1116 3592 μετά
1167 3522 1324 3592 δόξης
1367 3524 1606 3594 ἀρρήτου
1653 3526 1748 3580 καὶ
1788 3525 1958 3594 ἀγαλο

376 3610 599 3674 λιάσεως
627 3611 705 3681 τῷ
738 3611 1001 3683 βασιλικῷ
1033 3613 1438 3684 παριστάμενον
1469 3613 1664 3684 θρόνῳ,
1698 3615 1794 3668 καὶ
1853 3615 1954 3680 τὰς

378 3701 510 3772 ὑπὲρ
548 3702 644 3755 σοῦ
690 3703 900 3766 ἱκεσίας
949 3703 1326 3774 προσφέροντα
1376 3703 1595 3774 Χριστῷ
1643 3704 1723 3776 τῷ
1771 3704 1959 3776 φιλαν-

378 3793 711 3865 θρωποτάτῳ
741 3794 962 3849 Βασιλεῖ
989 3793 1096 3846 τῶν
1125 3793 1356 3849 αἰώνων.
1378 3794 1490 3848 Καὶ
1517 3794 1638 3849 τότε
1682 3797 1747 3864 δὴ
1794 3814 1958 3850 σεαυ-

379 3884 474 3954 τὴν
506 3886 859 3956 μακαρίσεις,
888 3883 1168 3955 θεωροῦσα
1192 3886 1284 3939 τὸν
1324 3887 1388 3940 ὲκ
1441 3886 1541 3957 τῆς
1603 3885 1810 3950 κοιλίας
1860 3903 1956 3939 σου

381 3977 777 4047 γεγεννημένον
798 3977 913 4030 υἱὸν
945 3977 1029 4039 είς
1071 3976 1133 4028 τὸ
1185 3977 1507 4046 ἐπουράνιον
1554 3975 1810 4030 παλάτιον
1859 3974 1958 4045 τὴν

378 4069 648 4140 διαγωγὴν
682 4069 894 4137 ἔχοντα,
921 4067 1017 4121 καὶ
1046 4067 1182 4138 πρὸς
1203 4068 1291 4122 τὸν
1323 4067 1454 4121 Θεὸν
1475 4067 1566 4119 τὸν
1603 4067 1782 4120 πάντα
1803 4064 1958 4134 δεδη-

386 4160 755 4230 μιουργηκότα
805 4158 1339 4229 παρρησιαζόμενον,
1391 4157 1654 4228 ῥυσθέντα
1703 4157 1801 4227 μὲν
1863 4153 1956 4210 τοῦ

384 4251 583 4321 κόσμου
631 4250 728 4304 καὶ
766 4251 866 4320 τῆς
897 4251 1235 4304 πολυπλόκου
1261 4248 1536 4320 ἁμαρτίας
1572 4249 1669 4319 τῆς
1696 4251 1753 4302 έν
1783 4247 1959 4318 τούτῳ

384 4341 816 4412 πολιτευομένης,
846 4342 1118 4412 ἀχράντου
1147 4341 1205 4394 δὲ
1259 4341 1353 4394 καὶ
1384 4340 1724 4403 ἀπταίστου,
1765 4338 1960 4410 ἀμερί-

391 4449 516 4500 μνου
547 4449 608 4485 τε
655 4433 753 4486 καὶ
779 4433 1058 4502 ἀφθάρτου
1085 4432 1166 4495 είς
1209 4431 1382 4486 αἰῶνα
1412 4431 1560 4501 ζωῆς
1589 4430 1954 4524 ἀπολαύοντα,
1988 4469 2032 4524 D

387 4523 589 4578 Παῦσαι
626 4524 806 4577 τοίνυν
833 4523 1038 4595 ταύτης
1061 4523 1161 4592 τῆς
1192 4522 1398 4592 ψεκτῆς
1434 4521 1817 4592 μικροψυχίας,
1863 4520 1957 4574 καὶ

387 4613 729 4683 τῶνάφάτων
761 4614 997 4687 θρήνων,
1050 4615 1225 4684 χαρὰν
1267 4613 1324 4666 δὲ
1376 4611 1651 4682 μακαρίαν
1700 4611 1957 4676 ἀνάλαδε,

389 4707 476 4758 καὶ
504 4705 748 4775 χρηστὰς
781 4705 1129 4775 προσδοκίας,
1151 4705 1245 4758 καὶ
1276 4702 1485 4773 ἀγαθὰς
1515 4703 1752 4769 ἐλπίδας,
1778 4703 1864 4755 ἵνα
1887 4703 1960 4772 μὴ

389 4797 477 4849 καὶ
509 4797 603 4850 τὸν
639 4795 822 4859 καλῶς
848 4796 1152 4850 ἀπελθόντα
1183 4795 1296 4849 υἱόν
1341 4811 1434 4848 σου
1465 4794 1543 4865 τῷ
1578 4794 1764 4847 πένθει
1815 4811 1962 4861 παρ-

391 4887 632 4958 οργίσης,
664 4886 759 4940 καὶ
788 4886 879 4941 τὸν
908 4887 1346 4958 προσλαϐόμενον
1387 4887 1547 4940 αὐτὸν
1591 4885 1958 4954 φιλοστόργως

392 4980 662 5048 Δεσπότην
723 4978 1100 5047 ἀγανακτῆσαι
1155 4978 1297 5032 κατά
1356 4977 1450 5030 σοῦ
1512 4978 1954 5047 παρασκευάσῃς.

393 5068 709 5138 Μνημόνευε
763 5067 823 5121 δὲ
867 5067 959 5121 τοῦ
1011 5069 1164 5136 ἁγίου
1235 5068 1555 5120 Ἀποστόλου
1611 5068 1910 5137 γράφοντος
1943 5082 1956 5097 ·

399 5175 417 5208 ι
447 5158 520 5211 Οὐ
575 5157 719 5211 θέλω
775 5159 916 5227 ὑμᾶς
965 5158 1248 5212 λυπεῖσθαι
1286 5157 1415 5229 περὶ
1454 5157 1562 5210 τῶν
1585 5157 1959 5227 κοιμωμένων,

393 5245 572 5319 ὥσπερ
625 5247 922 5302 λυποῦνται
977 5247 1234 5319 Ἕλληνες
1297 5247 1372 5317 μὴ
1414 5245 1628 5316 ἔχοντες
1681 5245 1893 5300 ἐλπίδα.
1933 5263 1953 5298 t

400 5357 418 5391 ι
455 5341 696 5394 Πάντοτε
718 5334 812 5392 οὖν
839 5340 1078 5411 χαίρετε,
1108 5339 1464 5406 ἀδιαλείπτως
1495 5337 1878 5408 προσεύχεσθε,
1907 5338 1966 5394 tv

394 5431 550 5485 παντὶ
568 5431 938 5509 εὐχαριστεῖτε
972 5449 984 5462 ·
1031 5431 1188 5484 τοῦτο
1226 5431 1334 5501 γάρ
1363 5431 1478 5484 ἐστι
1507 5429 1569 5482 τὸ
1609 5428 1819 5499 θέλημα
1868 5427 1964 5482 τοῦ

393 5517 543 5573 Θεοῦ.
583 5537 604 5570 ι

2057 3253 2292 3319 indoles,
2329 3261 2491 3324 teque
2520 3254 2807 3323 metipsam
2848 3253 3226 3308 indesinenter
3265 3263 3320 3309 et
3376 3255 3637 3310 inconso-

2058 3346 2295 3400 labiliter
2325 3343 2618 3399 maceras?
2651 3344 2800 3400 Licet
2828 3344 2975 3399 enim
3010 3343 3256 3413 optimus
3289 3352 3440 3407 tuus,
3475 3351 3639 3412 atque

2057 3439 2293 3507 unigena
2325 3437 2470 3490 ﬁlius
2507 3436 2798 3493 Nicaretus
2833 3435 3250 3499 obdormiverit,
3283 3447 3407 3486 eum
3426 3432 3630 3487 nihilo-

2063 3530 2246 3585 minus
2307 3541 2372 3581 eo
2411 3526 2499 3582 die
2544 3527 2658 3581 sole
2693 3526 2813 3595 ipso
2837 3525 3268 3596 praeclariorem.
3301 3539 3426 3578 cum
3460 3522 3636 3591 gloria

2057 3633 2178 3689 quas
2195 3617 2372 3672 verbis
2390 3616 2622 3686 exprimi
2649 3616 2874 3675 niinime
2897 3624 3095 3685 potest,
3119 3625 3172 3670 et
3189 3614 3409 3684 gaudio,
3437 3613 3637 3668 throno

2057 3709 2206 3779 regio
2231 3715 2529 3772 astantem,
2576 3721 2877 3776 precesque
2928 3721 3029 3774 pro
3081 3714 3134 3761 te
3181 3707 3403 3761 Christo
3438 3706 3637 3758 huma-

2057 3800 2290 3855 nissimo
2334 3798 2464 3868 Regi
2505 3798 2835 3854 saeculorum
2887 3795 3257 3851 effundentem
3309 3796 3634 3849 intueberis.

2032 3882 2214 3944 ‘Tunc
2239 3890 2494 3960 equidem
2533 3889 2864 3943 Iortunatam
2900 3897 2952 3942 te
2973 3889 3150 3952 dices,
3189 3888 3359 3941 lilium
3389 3901 3418 3939 e
3444 3894 3638 3940 ventre

2058 3991 2152 4036 tuo
2179 3981 2524 4050 progenitum
2557 3980 2929 4049 conspiciens,
2963 3978 3016 4032 in
3045 3978 3257 4032 ccelesti
3293 3991 3638 4030 commoran-

2058 4083 2165 4127 tem
2200 4071 2429 4140 palatio,
2459 4084 2675 4138 unaque
2714 4085 2839 4123 cum
2873 4068 2986 4122 Deo
3017 4082 3205 4121 rerum
3247 4067 3492 4121 omnium
3526 4068 3639 4136 opi-

2059 4161 2159 4216 ﬁce
2193 4159 2536 4214 conlidenter
2569 4171 2856 4211 sermones
2903 4153 3316 4219 conferentem;
3348 4170 3378 4208 e
3409 4158 3635 4222 mundo,

2058 4251 2457 4321 multiplicique
2497 4257 2744 4318 peccato,
2776 4245 2923 4316 quod
2962 4245 3016 4300 in
3045 4259 3112 4299 eo
3149 4253 3256 4310 est,
3292 4246 3548 4310 liberum,
3583 4255 3638 4301 ct

2059 4344 2414 4412 incorruptae,
2434 4337 2779 4402 “labefactas,
2802 4352 3017 4392 necnon
3041 4335 3258 4392 curisct
3283 4339 3638 4407 corruptione

2059 4434 2321 4488 immunis
2361 4446 2458 4502 per
2490 4445 2654 4484 omne
2684 4443 2863 4482 annm
2901 4428 3034 4482 vita).
3065 4428 3409 4497 participem.
3447 4427 3634 4480 Finem

2060 4527 2247 4594 itaque
2270 4539 2410 4594 pone
2430 4521 2782 4592 vituperabili
2815 4521 2984 4574 animi
3016 4521 3286 4590 angustiae
3313 4526 3366 4574 et
3396 4518 3636 4574 infandis

2058 4617 2345 4686 lacrymis;
2378 4623 2432 4669 et
2467 4615 2686 4668 beatum
2735 4612 3022 4682 gaudium,
3064 4611 3237 4667 bonas
3266 4612 3638 4680 exspectatio--

2059 4724 2178 4773 nes,
2202 4708 2538 4776 probamque
2569 4719 2718 4773 spem
2749 4718 2991 4767 resume,
3025 4718 3094 4758 ne
3138 4703 3305 4755 lilium
3334 4710 3510 4766 tuum,
3543 4700 3637 4769 qui

2061 4799 2406 4854 laudabiliter
2440 4813 2507 4851 ex
2530 4796 2632 4850 hac
2656 4795 2768 4850 vita
2805 4795 3068 4859 excessit,
3102 4795 3156 4847 in
3203 4794 3338 4845 iram
3363 4791 3635 4856 concites,

2061 4900 2115 4946 et
2139 4888 2328 4954 Deum,
2356 4887 2448 4956 qui
2482 4901 2606 4941 eum
2626 4893 2878 4939 amanter
2896 4884 3062 4938 nimis
3089 4883 3323 4950 excepit,
3356 4879 3637 4935 oil‘endens

2063 4979 2210 5034 illius
2240 4981 2293 5032 in
2319 4986 2373 5033 te
2405 4978 2542 5031 iram
2575 4976 2807 5043 adigas;
2859 4988 3112 5042 saapeque
3156 4973 3359 5026 dictum
3391 4971 3641 5040 Apostoli

2064 5068 2329 5123 memoria
2381 5068 2562 5123 recole
2595 5083 2609 5120 :
2651 5084 2670 5117 ι
2700 5064 2838 5120 Nolo
2871 5080 2970 5119 vos
3021 5062 3231 5116 tristari
3279 5062 3344 5116 de
3381 5062 3638 5126 mortuis,

2066 5158 2524 5229 quemadmodum
2565 5159 2863 5212 tristantur
2910 5161 3123 5224 gentes,
3153 5168 3275 5222 qua:
3322 5168 3472 5223 spem
3524 5169 3641 5209 non

2067 5249 2388 5306 babent’m
2416 5270 2433 5303 ι
2467 5250 2742 5306 Continuo
2779 5252 2962 5318 itaque
2989 5246 3239 5317 gaudete,
3266 5245 3639 5299 indesinenter

2067 5351 2243 5404 orate,
2280 5343 2332 5397 in
2359 5343 2614 5398 omnibus
2639 5343 2845 5413 gratias
2871 5341 3011 5412 agite
3045 5355 3058 5394 :
3098 5338 3213 5393 haec
3241 5345 3324 5394 est
3363 5337 3518 5392 enim
3547 5355 3641 5391 vo.-

2069 5433 2250 5486 luntas
2281 5429 2372 5485 Dei
2401 5432 2466 5485 ”.
2507 5450 2525 5483 ι

466 5679 510 5711 ’³
555 5690 710 5747 Psal.
747 5702 912 5756 cxvn,
936 5689 1025 5746 28.
1110 5679 1154 5711 ’³
1179 5689 1324 5749 Psal.
1362 5703 1487 5762 μιν,
1525 5693 1613 5773 20.
1691 5695 1733 5729 θ’
1767 5694 1785 5749 l
1814 5693 1955 5751 Thes

2064 5709 2113 5759 ν,
2149 5694 2228 5748 12.
2309 5693 2351 5724 οδ
2391 5691 2404 5742 ι
2437 5689 2629 5746 Thess.
2665 5708 2716 5755 ν,
2751 5689 2930 5747 iii-l8.
