4064 6160
413 337 518 401 287

492 513 776 591 Iblundus
807 532 1124 605 pertransit,
1145 538 1200 588 et
1219 513 1556 587 desiderium
1585 532 1664 596 ’°,
1697 551 1715 583 ›
1751 531 1993 586 Joannes

419 629 624 700 inquit,
657 627 728 682 ob
765 626 1060 694 puritatem
1081 664 1097 690 ,
1147 623 1300 680 lenes
1329 631 1759 694 mansuetosque
1811 637 1993 678 mores

413 719 544 775 Jesu
578 717 831 772 dilectus.
869 711 928 768 Si
973 713 1140 785 igitur
1181 713 1518 771 desiderium
1546 714 1877 784 pertransit,
1926 713 1993 767 li-

413 824 536 864 nem
565 821 761 874 nempe
789 803 975 870 habct,
1001 814 1056 862 et
1098 805 1322 870 occidit,
1356 820 1595 878 quanam
1629 805 1747 877 ipse
1776 806 1992 861 ratione

413 899 631 962 edoces,
663 903 786 966 post
811 895 1022 951 obitum
1063 896 1364 952 nonnullos
1403 896 1654 952 homines
1691 896 1994 967 voluptati-

415 992 515 1044 hus
543 989 817 1052 addictos,
866 1003 1064 1044 rursus
1094 999 1219 1059 post
1251 997 1488 1046 mortem
1527 989 1720 1044 mundi
1763 989 1996 1060 hujusce

413 1082 640 1136 minime
669 1082 920 1150 perpetui
947 1081 1322 1150 voluptatibus
1351 1080 1567 1136 inhiare
1585 1080 1612 1134 ?

607 1169 868 1225 CLXXII.
911 1200 967 1210 —
993 1167 1442 1225 XENOPHONTI
1489 1168 1807 1224 DIACONO.

480 1262 772 1318 Paululum
805 1262 1093 1318 remittens
1131 1263 1396 1326 animum,
1427 1262 1610 1318 scelus
1643 1261 1993 1329 commisisti,

414 1367 469 1411 et
483 1356 837 1412 continentia:
857 1355 1092 1426 gloriam
1116 1353 1428 1409 obscurasti
1453 1373 1468 1419 ;
1500 1353 1596 1409 sed
1621 1354 1802 1410 Subito
1825 1368 1996 1410 sanus

418 1443 620 1507 factus,
657 1450 732 1504 et,
775 1443 855 1496 uti
891 1457 991 1512 par
1036 1450 1184 1506 erat,
1239 1441 1571 1496 sententiam
1632 1449 1888 1506 mutans,
1927 1440 1993 1495 ad

416 1535 714 1604 pristinum
763 1542 966 1590 statum
1001 1533 1194 1604 pedem
1230 1532 1438 1588 referre
1484 1531 1821 1587 conveniens
1871 1547 1997 1587 esse

416 1623 768 1688 existimasti,
800 1623 1076 1692 pestifera:
1107 1621 1483 1692 desperationi
1527 1621 1628 1677 tibi
1672 1635 1700 1674 a
1750 1621 1998 1677 daemone

417 1723 692 1786 suggesta:
728 1715 938 1770 aditum
990 1716 1310 1773 occludens.
1365 1715 1488 1786 Ipse
1535 1714 1807 1786 siquidem
1841 1725 1894 1770 et
1927 1716 1994 1771 ad

419 1807 760 1874 peccandum
812 1806 1116 1876 compellit,
1159 1816 1215 1862 et
1275 1815 1400 1876 post
1451 1814 1726 1876 patratum
1786 1807 1990 1873 scelus,

417 1909 565 1960 eum,
589 1895 682 1964 qui
711 1894 927 1950 facinus
957 1895 1204 1961 admisit,
1237 1895 1291 1949 in
1321 1893 1765 1966 desperationem
1794 1895 1992 1966 praeci-

418 1986 576 2055 pitat.
603 1985 841 2042 Peccare
867 1986 1036 2057 igitur
1069 1987 1371 2043 humanum
1403 1997 1526 2054 est;
1555 1988 1870 2059 desperatio
1899 2004 1989 2045 sa-

416 2073 663 2128 tanicum
713 2084 768 2131 et
812 2077 1130 2130 exitiosum.
1177 2075 1314 2131 Ilinc
1364 2086 1420 2133 et
1469 2078 1724 2133 diabolus
1755 2077 1871 2148 ipse
1921 2079 1995 2134 ob

419 2166 856 2235 desperationem
886 2168 938 2222 in
970 2169 1259 2224 consimile
1287 2169 1518 2223 exitium
1550 2177 1708 2224 actus
1733 2178 1837 2234 est,
1870 2184 1993 2224 cum

423 2253 799 2322 penitentiam
836 2257 1189 2328 neglexisset.
1224 2256 1618 2314 Verumtamen
1641 2259 1728 2313 vir
1761 2267 1903 2324 esto,
1941 2266 1996 2314 et

423 2343 721 2398 corrobora
741 2352 818 2409 te,
841 2355 894 2401 et
924 2361 1020 2402 cor
1049 2355 1206 2402 tuum
1239 2349 1451 2404 meliori
1489 2365 1586 2418 spe
1613 2351 1994 2405 conﬁrmatum

422 2434 752 2491 stabiliatur.
801 2435 1048 2508 Namque
1089 2453 1185 2509 spe
1224 2454 1335 2495 non
1369 2441 1510 2494 mala
1543 2441 1895 2506 confidimus,
1945 2451 1998 2496 te

422 2537 571 2578 nunc
608 2525 847 2594 majores
891 2526 1110 2582 labores
1157 2527 1619 2596 amplexaturum,
1651 2538 1705 2583 et
1734 2529 2000 2584 subsecu-

423 2621 548 2666 tura
580 2614 861 2684 diligentia
904 2617 1132 2684 primam
1186 2617 1398 2672 cladem
1433 2610 1790 2683 reiecturum,
1818 2626 1872 2674 et
1907 2633 2002 2674 co-

424 2717 618 2756 ronam
647 2704 911 2759 adversus
943 2705 1182 2770 hostem,
1214 2708 1306 2776 qui
1341 2707 1439 2762 tibi
1477 2707 1772 2772 inviderat,
1803 2723 2001 2763 consc-

426 2802 706 2848 cuturnm.
755 2793 821 2848 Et
868 2795 1179 2851 videbimus
1212 2805 1266 2851 te
1305 2797 1654 2868 cunilaginis,
1697 2805 1752 2854 et
1783 2800 2001 2870 vestigii

425 2882 608 2952 exigui
665 2883 816 2947 vice,
865 2899 1194 2954 cupressum
1227 2887 1429 2955 altam,
1467 2887 1857 2959 imputridam,
1915 2898 2001 2943 at-

428 2988 535 3042 que
568 2973 730 3044 207
758 2973 1063 3042 odoratam,
1097 2985 1191 3032 aut
1231 2978 1466 3049 palmam
1503 2979 1840 3036 lructil'eram
1872 2996 2005 3036 con-

427 3067 692 3130 tinentiae,
725 3074 779 3122 et
811 3067 1064 3123 laborum
1089 3069 1483 3139 perpessionis,
1509 3077 1795 3142 tantopere
1814 3073 1884 3127 ab
1910 3073 1996 3136 iis,

427 3159 521 3227 qui
564 3159 944 3228 ptenitentiam
973 3161 1224 3216 ambiunt
1248 3163 1580 3234 concupitae,
1609 3165 1784 3235 alapis
1808 3180 2004 3235 percu-

430 3250 673 3315 tientem,
714 3251 809 3320 qui
856 3259 911 3305 te
949 3266 1046 3320 per
1075 3259 1362 3322 peccatum
1392 3263 1766 3324 percusserat,
1808 3256 2004 3311 diabo-

427 3343 562 3397 lum.
616 3342 852 3396 Alllictio
900 3343 1082 3410 enim,
1129 3359 1254 3413 quae
1307 3353 1502 3414 sponte
1557 3347 1898 3412 assumitur,
1949 3354 2006 3403 et

428 3447 633 3487 mmror
669 3433 1037 3498 voluntarius,
1089 3439 1144 3487 et
1187 3434 1436 3502 perpessi
1489 3433 1720 3504 pulchre
1763 3436 2002 3500 labores,

429 3523 605 3576 multo
636 3529 767 3576 sunt
792 3529 992 3592 praeter
1024 3522 1196 3577 animi
1225 3525 1556 3579 sententiam
1587 3525 1770 3595 quiete
1799 3535 1851 3581 et
1871 3542 2008 3598 gau-

431 3612 524 3666 dio
579 3613 862 3668 suaviores
914 3620 970 3667 et
1030 3613 1414 3684 pretiosiores.
1458 3615 1571 3671 Erit
1613 3617 1781 3686 igitur
1832 3617 2006 3687 gloria

429 3702 821 3758 intellectualis
850 3702 1048 3759 domus
1077 3713 1185 3758 tua:
1236 3713 1518 3775 postrema
1557 3721 1726 3777 super
1747 3708 2006 3777 primam,

431 3799 486 3848 et
511 3792 768 3847 thronum
786 3793 972 3865 gloriae
1004 3793 1354 3851 baereditabis
1372 3797 1442 3864 ",
1468 3803 1530 3852 ut
1560 3797 1837 3868 prophetae
1865 3798 2014 3854 allir-

432 3891 606 3938 mant.

906 3973 1190 4032 CLXXIII.
1222 4009 1284 4019 —
1318 3977 1526 4034 Eidem.

503 4064 708 4121 Domus
741 4066 934 4122 animae
961 4067 1398 4138 uniuscujusque
1423 4083 1670 4140 personae
1697 4069 2008 4125 institutum

435 4169 500 4209 ac
537 4161 714 4210 status
742 4157 866 4211 vitae
890 4157 1116 4212 dicitur.
1151 4159 1251 4214 Est
1285 4173 1519 4230 namque
1541 4161 1738 4216 domns
1759 4161 2008 4231 justitia,

435 4253 492 4300 et
517 4246 714 4302 domus
753 4247 1110 4315 fortitudinis,
1147 4248 1342 4305 domus
1371 4251 1743 4318 continentiae,
1770 4260 1826 4308 et
1856 4252 2012 4308 simi-

436 4335 566 4390 lium
605 4355 620 4390 :
660 4345 716 4390 et
745 4337 864 4392 vice
891 4351 1072 4403 versa,
1111 4337 1308 4394 domus
1343 4339 1652 4407 injustitiae,
1694 4341 1891 4397 domus
1942 4342 2014 4396 ιί-

1901 327 1959 388 S.
1999 328 2164 388 NILI

416 447 581 520 206
632 443 866 501 CLXXI.
894 474 963 484 —
1007 437 1451 520 ABISTARQHO
1513 437 1992 496 PRESBYTERO.
2024 443 2072 499 Δ

3561 322 3668 384 9.88

2291 438 2456 494 POA'.
2489 469 2558 482 --
2591 435 2974 507 ΑΡΙΣΤΛΡΧῼ
3013 433 3485 505 ΠΡΕΣΒΥΤΕΡῼ.

2171 551 2189 585 ο
2247 533 2306 586 '0
2343 533 2546 603 κόσμος
2595 529 2900 602 παράγεται
2949 529 3044 582 καὶ
3074 530 3107 600 ἡ
3134 528 3415 599 ἐπιθυμία,
3457 546 3476 580 ι
3509 527 3674 598 φησὶν

2093 625 2367 696 Ἰωάννης,
2405 624 2463 679 δν
2501 622 2674 690 ἐφίλει
2725 624 2753 676 ό
2805 620 3012 692 Ἰησοῦς
3057 621 3144 674 διὰ
3179 620 3275 690 τὴν
3329 619 3676 690 καθαρότητα

2093 718 2189 772 καὶ
2214 716 2276 771 τὸ
2300 719 2472 789 πρᾶον
2493 716 2589 770 καὶ
2616 715 2822 786 ἥμερον
2843 711 2936 766 τοῦ
2975 712 3156 783 ἤθους.
3193 700 3257 765 EI
3284 712 3465 766 τοίνυν
3529 730 3671 781 παρ-

2093 810 2285 878 ἀγεται
2314 811 2348 880 ὴ
2379 805 2661 878 ἐπιθυμία,
2705 805 2951 859 τουτέστι
3014 803 3245 858 παύεται
3292 803 3386 856 καὶ
3441 802 3674 856 ἀπόλλυ-

2092 919 2203 964 ται,
2235 901 2352 965 πῶς
2377 900 2540 964 αὐτὸς
2568 899 2859 964 διδάσκεις,
2899 897 3036 966 μετά
3082 896 3143 950 τὸ
3176 893 3466 949 ἀποθανεῖν
3523 911 3676 956 τινας

2093 991 2413 1064 ἀνθρώπους
2443 990 2776 1061 φιληδόνους,
2810 987 2970 1042 πάλιν
3013 985 3152 1058 μετά
3195 985 3424 1040 θάνατον
3481 983 3674 1038 ἐπιθυ-

2095 1084 2218 1151 μεῖν
2244 1082 2352 1136 τῶν
2378 1079 2472 1134 τοῦ
2499 1080 2833 1151 προσκαίρου
2850 1077 3056 1131 κόσιιου
3088 1077 3259 1147 ἡδέων
3285 1093 3300 1142 ;

2337 1171 2504 1224 POB'.
2537 1201 2606 1210 —
2645 1169 3034 1224 ΞΕΝυΦΩΝἸἹ
3093 1167 3414 1236 ΔῙΑΚΟΝῼ.

2161 1264 2376 1334 Μικρὸν
2409 1263 2714 1333 ἀμελήσας.
2741 1262 2879 1333 πρὸς
2916 1259 3193 1330 ἁμαρτίαν
3222 1261 3544 1323 πέπτωκας,
3577 1257 3674 1312 καὶ

2094 1355 2194 1426 τὴν
2217 1355 2373 1420 δόξαν
2403 1355 2501 1424 τῆς
2531 1352 2885 1424 σωφροσύνης
2909 1350 3265 1422 ὴμαύρωσας·
3299 1349 3433 1404 ἀλλὰ
3465 1348 3675 1419 ταχέως

2096 1447 2291 1518 me“,
2320 1447 2413 1500 ml
2433 1443 2949 1518 μεταϐαλ[λ]όμενος
2977 1442 3381 1514 προσηκόντως,
3409 1440 3544 1512 πρὸς
3576 1440 3675 1510 τὴν

2098 1536 2367 1607 προτέραν
2395 1535 2726 1590 κατάστασιν
2750 1533 3183 1604 παλινδρομῆσαι
3203 1532 3408 1585 δίκαιον
3425 1531 3672 1600 έλογίσω.

2101 1628 2175 1699 μὴ
2205 1627 2649 1700 παραδεξάμενος
2678 1626 2775 1697 τὴν
2807 1625 3048 1696 ὀλέθριον
3093 1625 3423 1692 ἀπόγνωσιν,
3471 1623 3677 1691 ὕπαγο-

2101 1719 2398 1792 ρευομένην
2437 1735 2520 1771 σοι
2552 1716 2658 1770 ὑπὸ
2684 1716 2779 1769 τοῦ
2810 1714 3078 1770 διαϐόλου.
3113 1712 3285 1777 Αὐτὸς
3339 1712 3449 1782 γάρ
3483 1711 3676 1773 καὶείς

2099 1809 2160 1862 τὸ
2188 1807 2504 1878 ἀμαρτῆσαι
2535 1803 2924 1876 προτρέπεται,
2953 1802 3116 1865 αὐτὸς
3143 1801 3237 1855 καὶ
3281 1800 3421 1872 μετὰ
3443 1798 3503 1853 τὸ
3529 1815 3676 1870 πρα-

2100 1898 2292 1970 χθῆναι
2324 1897 2422 1968 τὴν
2453 1895 2729 1966 ἁμαρτίαν
2753 1895 2884 1948 ὠθεῖ
2925 1893 3062 1965 πρὸς
3105 1891 3412 1960 ἀπόγνωσιν
3443 1889 3538 1943 τὸν
3586 1888 3678 1956 ἑξ-

2100 1989 2513 2060 αμαρτὴσαντα.
2569 1987 2644 2041 Τὸ
2687 1985 2788 2057 μὲν
2823 1979 2918 2040 οὖν
2967 1986 3304 2056 ἀμαρτῆσαι,
3340 1981 3679 2053 ἀνθρώπινον

2101 2081 2360 2152 ὑπάρχει⁸
2411 2079 2471 2133 τὸ
2518 2079 2576 2133 δὲ
2608 2077 2928 2141 ἀπελπίσαι,
2985 2075 3271 2130 σατανικδν
3319 2075 3412 2128 καὶ
3445 2073 3678 2128 πανολέ-

2102 2171 2270 2242 θριον.
2295 2170 2458 2226 Ὅθεν
2489 2170 2582 2224 καὶ
2607 2169 2770 2232 αὕτὸς
2798 2171 2826 2222 ὁ
2843 2168 3085 2232 διάϐολος
3106 2168 3171 2222 ἑκ
3190 2168 3288 2238 τῆς
3314 2165 3682 2234 ἀπογνώσεως

2101 2262 2182 2324 είς
2203 2259 2458 2331 τοιαύτην
2490 2258 2844 2330 έξηκοντίσθη
2870 2258 3168 2324 ἀπώλειαν,
3211 2257 3286 2329 μὴ
3309 2257 3542 2330 θελήσας
3577 2275 3679 2328 με-

2102 2354 2380 2422 τανοῆσαι.
2421 2351 2558 2405 Ἀλλ’
2596 2349 2848 2424 ἀνδρίζου
2895 2351 2990 2404 καὶ
3022 2349 3197 2420 ῐσχυε,
3250 2349 3344 2404 καὶ
3388 2348 3682 2420 κραταιού-

2106 2444 2218 2498 σθω
2241 2445 2274 2516 ἡ
2306 2442 2499 2514 καρδία
2533 2460 2648 2507 σου,
2675 2444 2796 2503 ταῖς
2823 2440 3214 2513 χρηστοτέραις
3238 2441 3420 2494 ἐλπίσι
3453 2441 3681 2511 νευρού-

2108 2553 2288 2606 μενος.
2322 2534 2660 2605 Πιστεύομεν
2683 2533 2793 2604 γὰρ
2823 2533 3047 2587 πλείονά
3087 2542 3148 2585 σε
3175 2531 3269 2585 νῦν
3323 2532 3524 2602 μᾶλλον
3557 2534 3682 2586 ὲπι-

2105 2625 2380 2690 δείξασθαι
2418 2625 2599 2688 πόνον,
2631 2625 2726 2678 καὶ
2760 2624 2860 2694 τὴν
2881 2624 3157 2694 προτέραν
3187 2616 3357 2694 ἧτταν
3407 2623 3682 2677 ἀναπαλέ-

2109 2732 2199 2769 σαι
2242 2717 2308 2786 τῇ
2341 2714 2477 2785 μετὰ
2502 2714 2672 2768 ταῦτα
2719 2713 2944 2784 σπουδῇ,
2985 2711 3078 2765 καὶ
3127 2709 3683 2782 καταστεφανωθῆναι

2106 2803 2202 2856 τοῦ
2232 2803 2526 2858 ἀντιπάλου
2552 2803 2645 2857 τοῦ
2673 2800 3030 2872 ἐφθονηκότος
3053 2819 3154 2854 σοι.
3186 2800 3296 2854 Καὶ
3335 2799 3578 2871 ὀψόμεθά
3619 2817 3684 2854 σε

2109 2896 2230 2949 ἀντὶ
2293 2895 2524 2967 κονύζης
2569 2895 2665 2949 καὶ
2731 2895 2948 2965 στοιϐἦς
2981 2892 3293 2964 ἐλαχίστης,
3345 2895 3686 2965 κυπάρισσον

2111 2987 2340 3058 ὑψηλὴν,
2374 2988 2616 3058 ἄσηπτον
2671 2987 2765 3040 καὶ
2812 2984 3008 3055 εὐώδη,
3055 2985 3089 3055 ἢ
3133 2984 3352 3054 φοίνικα
3406 2983 3686 3055 εὔκαρπον

2109 3081 2220 3142 τοῖς
2241 3078 2428 3148 κόλοψι
2451 3077 2552 3148 τῆς
2583 3076 2928 3148 ἐγκρατείας,
2946 3077 3039 3130 καὶ
3065 3075 3166 3146 τῆς
3188 3075 3560 3140 κακοπαθείας
3582 3075 3687 3146 τῆς

2105 3171 2380 3242 γλυκερᾶς
2400 3171 2516 3233 τοῖς
2552 3171 2830 3240 μετανοεῖν
2855 3168 3200 3233 σπεύδουσιν,
3233 3167 3539 3239 πλήττοντα
3591 3168 3685 3222 τὸν

2107 3261 2388 3334 πλήξαντά
2416 3278 2475 3315 σε
2505 3260 2592 3315 διὰ
2611 3262 2711 3332 τῆς
2732 3259 3004 3332 ἁμαρτίας
3019 3259 3280 3315 διάϐολον.
3305 3259 3379 3314 Τὸ
3397 3261 3507 3329 γὰρ
3525 3260 3650 3314 ὲκού
3663 3291 3686 3302 ο

2107 3368 2219 3405 σιον
2269 3351 2534 3423 θλισερὸν,
2565 3351 2748 3406 καὶτὸ
2784 3348 2928 3404 κατά
2967 3348 3224 3420 βούλησιν
3265 3349 3524 3421 ὀδυνηρὸν
3587 3351 3687 3403 καὶ

2105 3442 2358 3497 ἐπίπονον
2394 3443 2496 3512 τῆς
2533 3440 2707 3512 καλῆς
2729 3439 3122 3506 κακοπαθείας,
3145 3439 3325 3512 πολλῷ
3353 3441 3687 3509 γλυκύτερόν

2105 3551 2166 3587 τε
2205 3535 2301 3588 καὶ
2358 3532 2770 3605 προτιμώτερον
2815 3532 2917 3602 τῆς
2955 3531 3211 3587 ἀκουσίου
3242 3531 3601 3595 ἀναπαύσεώς
3623 3548 3685 3584 τε

2108 3624 2202 3680 καὶ
2256 3624 2521 3696 τέρψεως.
2577 3625 2773 3678 Ἔσται
2822 3623 3002 3676 τοίνυν
3069 3623 3103 3690 ἡ
3155 3623 3282 3687 δόξα
3333 3620 3429 3676 τοῦ
3490 3621 3686 3690 νοητοῦ

2108 3715 2259 3770 οἴκου
2291 3733 2384 3769 σου
2417 3717 2450 3786 ἡ
2483 3715 2684 3785 ἐσχάτη
2722 3713 2862 3786 ὑπὲρ
2914 3713 3012 3784 τὴν
3052 3711 3296 3783 πρώτην,
3345 3712 3439 3764 καὶ
3494 3711 3687 3780 θρόνον

2109 3807 2268 3878 δόξης
2290 3806 2878 3878 κατακληρονομήσεις,
2901 3805 2978 3867 ὡς
3022 3804 3072 3857 οί
3097 3802 3367 3874 προφῆταί
3383 3819 3537 3872 φασι.

2601 3984 2746 4037 ΡΟΓ¹
2777 4011 2844 4024 --
2879 3982 2964 4048 Τῷ
2998 3982 3177 4046 αὐτῷ.

2182 4073 2343 4138 οἶκος
2362 4072 2554 4143 ῖψυχῆς
2602 4073 2636 4141 ἠ
2683 4071 2913 4125 ἑκάστου
2967 4070 3261 4142 προσώπου
3299 4071 3542 4140 διαγωγὴ
3593 4071 3687 4126 καὶ

2112 4166 2445 4230 κατάστασις
2473 4164 2710 4232 λέγεται.
2777 4163 2933 4216 Ἐστι
2975 4161 3086 4233 γὰρ
3129 4157 3275 4225 οἶκος
3323 4162 3684 4232 δικαιοσύνης,

2113 4258 2204 4313 καὶ
2218 4253 2366 4320 οἶκος
2389 4254 2660 4327 ἀνδρείας,
2686 4253 2781 4307 καὶ
2806 4249 2956 4316 οῐκος
3009 4253 3383 4328 σωφροσύνης,
3436 4254 3533 4308 καὶ
3578 4254 3690 4307 τῶν

2112 4348 2241 4418 ἑξῆς
2279 4363 2292 4378 ·
2317 4345 2413 4401 καὶ
2438 4347 2504 4399 ἐκ
2534 4343 2630 4398 τοῦ
2659 4343 2928 4410 ἐναντίου,
2959 4339 3113 4405 οἶκος
3140 4342 3375 4407 ἀδικίας,
3411 4343 3505 4396 καὶ
3540 4340 3686 4405 οἶκος

436 4425 628 4491 moris,
657 4424 854 4478 domus
884 4423 1282 4490 fornicationis,
1315 4435 1371 4482 et
1411 4428 1499 4482 his
1523 4429 1796 4484 simillima
1830 4448 1844 4485 :
1875 4431 2003 4486 illud

2111 4438 2331 4504 δειλίας,
2351 4436 2444 4490 καὶ
2473 4431 2622 4498 οἶκος
2635 4433 2914 4505 πορνείας,
2937 4434 3034 4487 καὶ⁹
3063 4433 3170 4488 τῶν
3192 4432 3336 4502 ἑξῆς.
3369 4432 3415 4484 Τ
3416 4432 3445 4484 δ
3471 4431 3648 4485 τοίνυν
3666 4473 3682 4497 ,

436 4515 622 4586 itaque
655 4531 669 4568 :
705 4513 913 4584 Repleti
950 4525 1080 4570 sunt
1119 4516 1458 4572 obtenebrati
1520 4525 1685 4574 terrae
1735 4521 1996 4578 domibus

2109 4549 2128 4584 ι
2161 4527 2594 4600 Ἐπληρώθησαν
2615 4526 2664 4580 οἱ
2698 4525 3071 4596 έσκοτισμένοι
3098 4525 3199 4595 τῆς
3228 4526 3332 4594 γῆς
3363 4522 3528 4577 οἴκων
3562 4525 3686 4578 ἀνο-

437 4607 776 4678 impictatum
799 4607 867 4674 ⁸⁸,
917 4607 1104 4664 multis
1144 4609 1353 4666 scilicet
1398 4626 1464 4666 ac
1513 4613 1683 4668 variis
1722 4613 2008 4673 aﬂ‘ectibus

436 4695 736 4768 impietatis
771 4705 826 4752 et
861 4697 1169 4768 iniquitatis
1220 4701 1420 4769 oppleti
1469 4711 1618 4758 sunt.
1652 4703 1788 4759 Illud
1831 4721 1960 4762 vero
1991 4725 2007 4762 :

443 4811 463 4846 ι
502 4791 720 4848 Veritas
759 4807 826 4846 ex
864 4799 1012 4846 terra
1057 4802 1177 4846 orta
1227 4801 1342 4858 est,
1391 4802 1445 4848 et
1487 4796 1705 4865 justitia
1754 4799 1820 4854 de
1869 4801 2012 4856 cmlo

437 4885 720 4955 prospexit
742 4885 810 4949 ”,
853 4903 872 4937 ι
908 4886 954 4939 si
989 4884 1056 4938 ad
1106 4899 1288 4941 mores
1334 4887 1602 4955 attrahas,
1635 4896 1781 4945 terra
1810 4905 2011 4962 corpus

437 4977 690 5047 designat
725 4975 936 5033 fructus
963 4978 1315 5033 continentia:
1337 4981 1624 5048 emittens;
1657 4983 2008 5052 quemade

438 5066 566 5121 dum
585 5075 637 5122 et
662 5067 792 5122 illnd
820 5087 831 5122 :
856 5066 1342 5125 Germinavitcaro
1370 5086 1489 5126 mea
1519 5074 1940 5128 sanctimoniam
1969 5076 2009 5140 ¹,

441 5157 490 5210 si
523 5158 785 5226 suppetiae
815 5160 966 5214 cordi
999 5159 1237 5215 hominis
1272 5160 1568 5218 all‘erantur
1605 5179 1702 5234 per
1739 5178 1931 5234 preces
1956 5171 2012 5220 et

443 5259 614 5312 spem.
652 5246 816 5303 Recte
869 5253 1034 5304 etiam
1083 5251 1333 5304 nonnulli
1385 5252 1728 5306 mendacium
1771 5251 2012 5308 fornica-

446 5333 668 5397 tionem,
711 5340 990 5394 veritatem
1031 5349 1212 5396 autem
1252 5357 1546 5413 veramque
1598 5343 2012 5399 delectationem

443 5424 834 5481 continentiam
877 5444 1002 5484 esse
1053 5433 1506 5502 praescripserunt
1544 5451 1558 5488 :
1605 5443 1657 5488 et
1697 5433 1908 5504 justitia
1947 5435 2015 5491 de

444 5514 688 5582 cmio,ex
719 5526 898 5575 mente
927 5535 1118 5592 nempe
1135 5524 1436 5594 prospexit,
1455 5525 1530 5579 ita
1557 5523 1667 5581 Deo
1695 5526 2010 5594 miserante,

2107 4621 2267 4694 μιῶν,
2297 4639 2316 4672 ι
2347 4618 2592 4673 τουτέστι
2613 4615 2826 4670 πολλῶν
2855 4615 2951 4669 καὶ
2974 4615 3234 4669 ποικίλων
3259 4613 3472 4681 παθῶν,
3505 4616 3684 4667 ἀνοσι-

2105 4711 2348 4782 ουργίας,
2371 4708 2470 4762 καὶ
2497 4705 2840 4778 παρανομίας
2865 4704 3264 4775 μεμέστωνται.
3287 4703 3362 4755 Τὸ
3377 4701 3433 4755 δὲ
3453 4742 3469 4768 ,
3493 4720 3512 4753 ι
3535 4701 3690 4769 ’Δλή-

2109 4803 2228 4858 θεια
2278 4803 2344 4855 ὲκ
2393 4799 2492 4869 τῆς
2551 4797 2655 4866 γῆς
2706 4795 2966 4860 ἀνέτειλε,
3017 4793 3114 4848 καὶ
3161 4793 3475 4864 δικαιοσύνη
3505 4796 3569 4847 ὲκ
3597 4792 3696 4845 τοῦ

2114 4892 2350 4964 οὐρανοῦ
2383 4889 2657 4957 διέκυψεν,
2687 4907 2706 4940 ι
2740 4886 2946 4957 ἠθικῶς
2965 4886 3274 4957 νοούμενον,
3298 4885 3404 4955 γῆν
3437 4886 3690 4955 σημαίνει

2113 4985 2176 5037 τὸ
2209 4982 2369 5053 σῶμα
2415 4977 2819 5036 ἀναϐλαστάνον
2865 4977 2990 5039 τοὺς
3041 4976 3288 5046 καρποὺς
3328 4975 3431 5045 τῆς
3483 4989 3695 5044 σωφρο-

2117 5074 2301 5144 σύνης,
2329 5069 2570 5136 κατὰτὸ,
2618 5066 2902 5122 Ἀνέθαλεν
2953 5067 2987 5137 ἡ
3028 5065 3166 5138 σάρξ
3222 5083 3322 5136 μου
3365 5065 3689 5135 σεμνότητα,

2116 5165 2475 5237 βοηθηθείσης
2503 5163 2602 5227 τῆς
2628 5159 2722 5215 τοῦ
2749 5159 3040 5230 ἀνθρώπου
3061 5157 3290 5229 καρδίας
3307 5157 3373 5209 δι’
3394 5157 3558 5226 εὐχῆς
3600 5156 3696 5209 καὶ

2112 5257 2344 5320 ἐλπίδος.
2369 5253 2566 5317 Καλῶς
2583 5253 2690 5323 γάρ
2715 5269 2858 5314 τινες
2896 5249 3089 5319 ψεῦδος
3121 5250 3218 5320 μὲν
3253 5248 3353 5316 τὴν
3413 5247 3692 5316 πορνείαν,

2121 5347 2374 5418 ἀλήθειαν
2403 5346 2459 5398 δὲ
2485 5346 2578 5400 καὶ
2605 5342 2783 5412 ἀληθῆ
2817 5341 3009 5412 ἡδονὴν
3041 5341 3140 5410 τὴν
3171 5339 3528 5408 σωφροσύνην
3560 5336 3697 5406 ὡρί-

2121 5455 2304 5492 σαντο·
2327 5434 2638 5506 δικαιοσύνη
2667 5451 2726 5486 τε
2765 5435 2829 5485 ὲκ
2879 5432 2972 5484 τοῦ
3000 5430 3252 5502 ούρανοῦ,
3305 5429 3584 5480 τουτέστιν
3627 5425 3696 5476 ἐκ

2119 5529 2215 5583 τοῦ
2247 5531 2386 5595 νοὸς,
2424 5526 2733 5598 προέκυψεν
2754 5527 2862 5588 τοῖς
2885 5524 3217 5594 οίκτειρμοῖς
3245 5519 3340 5572 τοῦ
3371 5517 3507 5572 Θεοῦ
3538 5519 3572 5587 η
3598 5513 3700 5569 τοῦ

518 5685 566 5716 ⁸⁸
601 5685 804 5746 IJoan.
840 5707 902 5760 ιι,
946 5692 1027 5747 l7.
1105 5697 1148 5729 ’7
1182 5699 1315 5769 Agg.
1349 5714 1410 5769 ll,
1444 5698 1529 5754 I0.
1604 5701 1650 5734 "
1679 5700 1824 5756 Psal.
1855 5705 2162 5773 uxutflo.
2239 5706 2284 5738 ⁵³
2318 5703 2461 5760 l‘sal.
2483 5695 2724 5770 'Lxxxtv,’
2762 5701 2845 5756 l2.
2928 5701 2941 5732 ¹
2973 5696 3120 5755 Psal.
3162 5706 3330 5761 um.
3361 5691 3416 5747 7ο

1587 5959 1626 5988 κ
