4064 6160
313 304 424 368 c289

1435 297 1440 306 ‘
1539 255 2074 363 EPI'STOIARUM
2111 302 2256 365 LIB.
2281 304 2362 366 II.

3485 317 3597 382 290

331 411 503 486 Ἰησοῦ
527 376 784 482 διανομὴ..
815 430 834 463 ι
863 410 973 464 Καὶ
995 409 1101 483 γάρ
1139 411 1169 464 6
1211 411 1414 484 Κύριος
1462 411 1622 466 δώσει
1673 411 1904 483 χρηστό-

2007 411 2134 468 Jesu
2197 414 2538 472 distributio.
2582 435 2600 468 ι
2633 415 2849 473 Etenim
2884 417 3152 476 Dominus
3188 421 3342 478 dabit
3373 376 3591 480 boni—ta:

317 525 472 580 τητα,
502 505 599 560 καὶ
620 503 656 575 ή
700 502 772 573 γῆ
803 503 959 574 ἡμῶν
1003 504 1166 556 δώσει
1193 504 1285 558 τὸν
1315 504 1528 576 καρπὸν
1565 523 1582 555 ι
1615 504 1708 557 τοῦ
1736 503 1902 557 πνεύ-

321 615 507 669 ματος,
539 594 784 666 ἀγάπην,
826 594 1296 665 χαρὰν,.εἰρήνην,
1351 594 1758 666 μακροθυμίαν,
1808 595 1904 647 καὶ

317 689 504 753 τᾶλλα,
536 688 682 756 ἅπερ
702 685 1130 757 ἀπηριθμήσατο
1148 687 1175 739 6
1209 685 1478 756 μακάριος
1496 685 1705 750 Παῦλος
1734 703 1746 715 ·
1800 688 1903 758 γῆν

317 782 372 836 δὲ
408 782 498 835 ἐπὶ
526 780 618 833 τοῦ
649 778 880 848 ὑστέρου
917 778 1100 847 στίχου
1160 778 1256 849 τὴν
1304 777 1533 850 καρδίαν
1579 778 1902 848 ὲκληπτέον,

320 876 393 938 ὥς
430 891 595 945 φησιν
623 874 652 926 6
677 872 884 943 Κύριος
920 889 933 902 ο
967 889 985 922 ι
1024 871 1097 923 T6
1139 871 1193 923 δὲ
1242 872 1462 944 σπέρμα
1496 871 1558 925 τὺ
1604 871 1768 925 πεσὸν
1812 871 1904 925 ἐπὶ

321 966 416 1036 τὴν
441 965 546 1036 γῆν
575 963 676 1036 τὴν
713 962 886 1033 καλὴν
907 963 1327 1034 ἐκαρποφόρησε
1357 963 1420 1029 λ’,
1456 947 1552 1016 καί
1583 961 1646 1028 ξ’,
1667 962 1762 1014 καὶ
1782 968 1846 1032 ρ’.
1877 979 1896 1013 ι

564 1143 730 1198 POA'.
779 1173 854 1185 -—
900 1141 1152 1214 ΘΕΡΙΝῼ
1193 1142 1658 1199 ΠΡΩΤΕΥΟΝΤῙ.

387 1236 508 1291 Τῶν
527 1235 939 1307 ἐπιμελομένων
973 1235 1073 1306 τῆς
1099 1236 1314 1299 ἐλπίδος
1341 1233 1589 1305 βοώντων
1630 1233 1768 1306 πρὸς
1811 1235 1905 1288 τὸν

323 1331 546 1401 Σωτῆρα
599 1328 862 1400 Χριστὸν,
901 1326 1236 1398 «Μνήσθητι
1286 1327 1464 1398 ήμῶν,
1524 1326 1720 1396 Κύριε,
1773 1327 1904 1380 ὅταν

323 1422 476 1494 ἔλθῃς
511 1422 570 1473 έν
590 1423 654 1492 τῇ
686 1419 934 1490 βασιλείᾳ
959 1436 1076 1485 σου,
1112 1438 1131 1471 r
1167 1419 1626 1489 ἀνταποκρίνεται
1647 1420 1674 1472 6
1701 1417 1904 1486 ἀγαθὸς

322 1511 594 1582 Δεσπότης
619 1508 792 1578 λέγων
822 1525 837 1539 ο
873 1527 891 1560 ι
931 1507 1332 1579 Μνησθήσομαι
1372 1507 1541 1562 Ῥαὰϐ
1593 1507 1689 1560 καὶ
1729 1505 1904 1559 Βασυ.

323 1604 485 1667 λῶνος
533 1606 648 1666 τοῖς
720 1601 1054 1671 γινώσκουσί
1109 1618 1198 1671 με.
1245 1620 1265 1654 ι
1318 1597 1420 1656 Ὧν
1465 1601 1521 1656 δὲ
1569 1599 1902 1672 μνημονεύει

324 1693 575 1765 Χριστὸς,
622 1692 846 1756 τούτους
876 1695 970 1747 καὶ
1011 1691 1176 1758 σώζει
1214 1693 1454 1759 πάντως,
1506 1692 1641 1746 διότι
1697 1693 1902 1762 πόρνας

2003 511 2133 570 tem,
2157 513 2211 559 et
2235 512 2381 560 terra
2401 513 2590 561 nostra
2614 504 2767 562 dabit
2788 507 3026 564 fructum
3050 513 3070 542 ¹
3093 530 3114 563 ι
3149 513 3404 582 spiritus,
3423 515 3591 586 208

2003 610 2270 662 amorem,
2309 596 2594 667 gaudium,
2643 614 2856 671 pacem,
2900 601 3251 658 tolerantiam
3282 605 3324 668 ⁸,
3351 607 3592 677 aliaque

2004 701 2034 741 a
2065 687 2226 743 beato
2274 687 2445 744 Paulo
2488 704 2828 747 enumerata.
2866 689 3035 747 Terra
3084 710 3249 765 porro
3300 695 3356 751 in
3393 693 3588 753 ultimo

2003 794 2166 833 versu
2199 795 2296 834 cor
2327 780 2707 852 accipiendum
2759 791 2866 848 est,
2921 791 2982 838 ut
3046 785 3226 856 inquit
3281 787 3587 845 Dominus:

2010 885 2028 918 ι
2068 863 2266 923 Semen
2293 870 2440 940 quod
2472 871 2674 926 cecidit
2703 871 2759 926 in
2800 879 3005 928 terram
3033 873 3234 930 bonam
3258 879 3444 932 attulit
3468 879 3588 932 fru-

2004 968 2154 1015 ctum
2203 961 2569 1027 tricesimum,
2626 971 2681 1019 et
2733 964 3178 1035 sexagesimum,
3236 975 3291 1023 et
3349 969 3590 1024 centesio

2005 1065 2155 1106 mum
2177 1049 2222 1106 ⁸.
2255 1069 2275 1102 ι

2248 1143 2528 1200 CLXXIV.
2562 1175 2632 1188 —-
2675 1144 2986 1202 TUERINO
3028 1146 3336 1204 PRIMATI.

2075 1231 2182 1298 Iis,
2235 1233 2330 1304 qui
2389 1233 2506 1304 spei
2557 1248 2747 1290 curam
2809 1243 3030 1305 gerunt,
3088 1238 3456 1296 clamantibus
3515 1239 3583 1297 ad

2004 1324 2283 1381 Christum
2325 1322 2667 1381 Salvatorem
2707 1344 2722 1380 :
2769 1345 2788 1378 ι
2837 1324 3152 1384 Recordare
3205 1331 3421 1397 nostri,
3477 1332 3587 1388 Do-

2003 1415 2170 1481 mine,
2214 1429 2338 1470 cum
2390 1415 2611 1472 veneris
2659 1416 2715 1471 in
2769 1431 2996 1489 regnum
3030 1426 3187 1474 tuum
3219 1421 3280 1486 ⁸,
3311 1439 3330 1472 ι
3381 1422 3588 1492 probus

2003 1506 2270 1562 Dominus
2296 1508 2593 1577 respondet
2627 1526 2643 1563 :
2681 1525 2700 1560 ι
2739 1507 2948 1564 Memor
2979 1525 3075 1566 ero
3097 1509 3274 1578 Raab,
3318 1521 3374 1569 et
3408 1512 3587 1586 Baby-

2003 1599 2146 1655 lonis
2203 1599 2507 1655 scientibus
2545 1613 2632 1655 me
2659 1601 2700 1654 '.
2757 1617 2776 1651 ι
2830 1599 3078 1668 Quorum
3135 1618 3270 1660 vero
3332 1605 3586 1662 Christus

2001 1690 2346 1754 recordatur,
2373 1705 2470 1748 eos
2515 1697 2572 1747 et
2613 1691 2792 1754 salvat
2823 1693 3074 1750 omnino.
3112 1693 3360 1766 Namque
3408 1712 3585 1752 mere-

324 1787 415 1832 και
434 1778 672 1841 τελώνας
697 1777 764 1831 δι’
788 1777 1194 1849 εύσπλαγχνίαν
1247 1777 1449 1849 πολλὴν
1496 1778 1576 1840 είς
1625 1775 1902 1848 βασιλείαν

2007 1782 2174 1837 trices
2195 1789 2251 1836 et
2281 1781 2607 1851 publicanos
2637 1781 2708 1836 ob
2735 1782 3009 1852 ingentem
3062 1786 3501 1842 misericordiam
3529 1787 3585 1842 in

323 1873 577 1943 εἰσφέρει.

564 1961 732 2018 POE'.
768 1993 834 2003 —
863 1962 1154 2033 ΦῘΡΜΙΝῼ
1182 1962 1650 2036 ΠΡΕΣΒΥΤΕΡῼ.

389 2058 562 2130 Εἴπερ
626 2058 725 2129 τὴν
775 2057 910 2111 ίδίαν
964 2057 1312 2127 πεπείκαμεν
1363 2057 1588 2129 καρδίαν
1625 2062 1684 2114 ὲν
1721 2060 1902 2134 καιρῷ

324 2150 697 2222 περιστάσεως
729 2148 1012 2213 παντοίας,
1045 2150 1142 2202 καὶ
1162 2148 1412 2219 θλίψεως,
1453 2150 1530 2223 μὴ
1578 2152 1904 2224 ἀποτρέχειν

323 2243 458 2314 πρὸς
485 2242 834 2312 ἀνθρωπίνας
865 2241 1110 2306 ἐλπίδας,
1137 2241 1273 2312 μηδὲ
1311 2242 1523 2297 ἐκεῖθεν
1571 2243 1750 2298 ἕλκειν
1804 2246 1904 2310 τὰς

326 2334 602 2406 βοηθείας,
628 2333 741 2388 ἀλλ’
777 2336 833 2387 ὲν
851 2333 1102 2405 δάκρυσι,
1136 2334 1231 2389 καὶ
1254 2338 1597 2405 στεναγμοῖς,
1624 2337 1720 2391 καὶ
1758 2337 1906 2408 φιλο-

323 2429 476 2498 πόνῳ
508 2427 786 2498 προσευχῇ
815 2427 906 2479 καὶ
946 2425 1283 2497 ἀγρυπνίαις
1331 2426 1571 2492 εὐτόνοις
1621 2427 1904 2494 ὲξιλάσκε-

325 2518 457 2572 σθαι
487 2517 552 2570 τὸ
607 2519 873 2587 κρεῖττον,
912 2515 1164 2570 κάκεῖθεν
1226 2516 1546 2589 περιμένειν
1599 2520 1902 2592 ἀντίληψιν·

322 2608 471 2663 διατί
510 2607 916 2679 θορυϐούμεθα;
939 2607 1083 2662 διατί
1106 2610 1174 2679 τῇ
1198 2607 1521 2680 ὀλιγοψυχίᾳ
1557 2611 1902 2682 τρυχόμεθα,

325 2701 420 2754 καὶ
451 2697 794 2769 διστάζομεν,
827 2700 922 2752 καὶ
945 2698 1388 2769 ἀπαγορεύομεν,
1439 2698 1515 2762 ὡς
1563 2700 1638 2772 μὴ
1676 2702 1906 2773 τάχιστα

324 2789 417 2846 τοῦ
447 2789 584 2843 Θεοῦ
616 2788 774 2861 ἡμῶν
807 2788 1088 2853 ποιοῦντος
1111 2789 1174 2844 τὸ
1201 2791 1442 2861 αῖτημα;
1487 2791 1599 2862 Τὴν
1645 2793 1754 2864 γάρ
1808 2794 1906 2865 σὴν

329 2881 463 2953 πρὸς
493 2882 657 2936 αὑτὸν
680 2880 1007 2952 παραμονὴν
1041 2882 1138 2935 καὶ
1189 2882 1519 2954 προσεδρίαν
1557 2884 1908 2955 σοφιζόμενος

327 2972 472 3027 δοκεῖ
492 2971 802 3044 κρατύνειν,
822 2972 911 3025 ἵνα
941 2972 1018 3042 μὴ
1039 2971 1250 3043 ταχέως
1278 2973 1669 3043 κομισάμενος,
1698 2975 1908 3046 ταχέως

331 3064 717 3134 ἀναχωρήσῃς,
745 3063 839 3116 καὶ
866 3062 1216 3134 λησμονήσῃς
1255 3062 1419 3117 αὐτοῦ
1441 3063 1541 3134 τῆς
1562 3065 1774 3135 ἀγαθῆς
1825 3065 1909 3120 δό-

2007 1884 2230 1942 regnum
2262 1871 2582 1927 introducit.

2178 1961 2434 2019 CLXXV.
2469 1994 2539 2003 —
2570 1963 2860 2021 FIRMINO
2906 1965 3390 2024 PRESBYTERO.

2075 2053 2134 2109 Si
2175 2063 2367 2108 nostro
2401 2056 2780 2125 persuasimus
2816 2058 3022 2124 animo,
3066 2060 3449 2132 cujuscunque
3479 2061 3589 2116 cir-

2004 2145 2351 2200 cumstantiae
2405 2154 2648 2216 tempore
2695 2155 2749 2201 et
2792 2147 3132 2214 afﬂictionis,
3205 2168 3314 2206 non
3379 2153 3448 2206 ad
3483 2153 3588 2206 Illi-

2005 2251 2223 2292 manam
2248 2252 2398 2306 spem
2415 2252 2541 2292 esse
2567 2240 2986 2304 recurrendum,
3010 2258 3189 2312 neque
3229 2244 3354 2298 inde
3384 2245 3586 2299 auxilia

2004 2328 2400 2400 exlorquenda,
2427 2329 2523 2385 sed
2554 2329 2838 2400 lacrymis,
2871 2341 2925 2386 et
2960 2335 3233 2403 suspiriis,
3264 2344 3317 2390 et
3355 2344 3589 2392 conten.

2005 2421 2163 2476 tiosis
2187 2421 2466 2492 operibus,
2507 2436 2721 2476 necnon
2766 2423 3106 2480 continuatis
3152 2425 3386 2495 vigiliis,
3440 2429 3587 2498 quod

2005 2511 2201 2567 melius
2233 2519 2340 2577 est,
2383 2509 2553 2566 Deum
2585 2512 2920 2566 reddendum
2969 2515 3266 2585 propitium
3290 2556 3305 2580 ,
3349 2516 3586 2588 indeque

2005 2617 2161 2673 opem
2183 2603 2608 2674 exspectandam
2643 2621 2658 2658 :
2693 2605 2824 2675 quid
2872 2604 3039 2675 igitur
3088 2607 3418 2663 turbamur?
3451 2609 3585 2680 quid

2007 2693 2198 2750 fractis
2228 2693 2456 2751 vocibus
2503 2693 2820 2766 afﬂigimur,
2853 2703 2910 2751 et
2953 2705 3235 2762 nutamus,
3266 2709 3320 2754 et
3353 2699 3588 2768 despon-

2007 2786 2219 2850 demus,
2260 2800 2413 2857 teque
2445 2800 2510 2841 ac
2561 2785 2608 2838 si
2638 2800 2747 2841 non
2769 2788 3031 2844 citissime
3062 2789 3206 2846 Deus
3239 2800 3365 2846 vota
3396 2803 3586 2850 nostra

2009 2877 2076 2931 ad
2122 2879 2329 2933 exitum
2384 2879 2646 2934 duceret?
2688 2877 2862 2934 Tuam
2909 2881 3180 2950 siquidem
3227 2899 3356 2954 erga
3407 2885 3588 2954 ipsum

2009 2969 2474 3037 perseverantiam
2507 2977 2562 3024 et
2601 2970 2978 3026 assistentiam
3014 2980 3130 3027 arte
3163 2973 3399 3043 quadam
3428 2975 3588 3030 vide-

2012 3064 2102 3111 tur
2140 3073 2488 3124 conservare,
2541 3075 2610 3115 ne
2653 3061 2765 3114 cito
2792 3061 2904 3116 voti
2953 3077 3177 3133 compos
3231 3070 3434 3132 iactus,
3477 3069 3591 3124 cito

330 3172 487 3218 σεως.
528 3154 688 3209 Ἀλλά
720 3155 783 3209 σὺ
809 3153 886 3226 μὴ
909 3156 1223 3229 ὲκκακήσῃς
1245 3155 1522 3226 δεόμενος,
1554 3157 1648 3210 καὶ
1686 3157 1906 3221 πάντως

2008 3148 2172 3204 etiam
2203 3159 2253 3204 te
2274 3148 2572 3217 subducas,
2602 3152 2934 3223 optimaque
2959 3153 3267 3224 largitionis
3290 3156 3590 3212 oblivisca-

329 3246 608 3318 ἐπιτεύξῃ.
640 3242 780 3301 Είπε
809 3245 920 3317 γὰρ
950 3247 1047 3300 καὶ
1086 3247 1406 3317 παραϐολήν
1430 3264 1556 3304 τινα
1616 3250 1645 3302 6
1703 3247 1903 3318 Κύριος

331 3339 387 3392 ὲν
414 3337 492 3405 τῷ
515 3335 855 3407 Εὑαγγελίῳ,
880 3338 1021 3410 πρὸς
1068 3337 1129 3392 τὸ
1175 3338 1284 3392 δεῖν
1322 3339 1552 3394 πάντοτε
1610 3338 1906 3412 προσεύχε-

333 3425 472 3490 σθαι,
494 3425 591 3479 καὶ
623 3426 700 3498 μὴ
732 3427 1011 3481 ὲκκακεῖν.
1044 3425 1190 3500 Πλὴν
1222 3429 1445 3483 κάκεῖνο
1476 3429 1731 3498 γίνωσκε,
1757 3429 1840 3482 ὅτι
1871 3429 1905 3500 ὴ

331 3514 565 3588 ἀναὸολὴ
585 3502 805 3570 πλειόνα
831 3519 991 3591 χάριν
1018 3516 1177 3572 δώσει
1199 3536 1303 3585 σοι,
1319 3518 1504 3584 καθὼς
1524 3522 1552 3573 6
1575 3519 1728 3589 ἀγιος
1756 3519 1910 3573 Ἀπόο

334 3606 513 3672 στολος
557 3605 750 3678 εἴρηκε
780 3623 794 3638 ο
866 3627 885 3662 ι
945 3608 1036 3680 Τῷ
1089 3609 1146 3663 δὲ
1197 3609 1479 3681 δυναμένῳ
1534 3611 1673 3679 ὑπὲρ
1728 3610 1908 3666 πάντα

333 3695 573 3767 ποιῆσαι,
616 3698 756 3770 ὑπὲρ
781 3699 846 3753 ὲκ
871 3699 1131 3772 περιττοῦ
1173 3693 1248 3755 ὧν
1270 3699 1626 3774 αῖτούμεθα,ἢ
1655 3705 1906 3773 νοοῦμεν,

332 3784 476 3856 δόξα,
503 3787 642 3861 τιμὴ
665 3788 759 3844 καὶ
793 3790 994 3861 κράτος
1017 3790 1098 3853 είς
1111 3788 1237 3854 τοὺς
1273 3789 1498 3854 αίῶνας.
1529 3809 1548 3844 ι

613 4057 798 4125 Ροςν.
831 4085 906 4097 —
951 4056 1626 4131 TMHTIQEHIZKOIIQ.

405 4144 570 4202 οὐδὲν
601 4147 773 4212 οὕτως
801 4149 882 4212 εἰς
916 4149 1133 4203 κόλασιν
1157 4148 1528 4219 ἀπαραίτητον
1555 4148 1704 4216 ἄγει,
1742 4145 1816 4210 ὡς
1852 4146 1914 4199 τὸ

339 4236 563 4301 πολλοὺς
598 4236 843 4308 ζηλωτὰς
863 4237 970 4292 τῶν
992 4239 1208 4292 οίκείων
1229 4238 1500 4292 ποιεῖσθαι
1525 4236 1731 4292 κακῶν.
1761 4235 1914 4288 Γίνε-

337 4344 424 4381 ται
454 4327 565 4400 γὰρ
592 4329 626 4400 ή
653 4327 759 4382 τῶν
783 4329 874 4382 τὸν
897 4329 1194 4383 ἐπίσκοπον
1228 4329 1626 4400 μιμησαμένων
1647 4327 1912 4394 ἀπώλεια,

342 4417 624 4489 προσθήκη
669 4416 940 4490 τιμωρίας
962 4419 1039 4490 τῷ
1063 4419 1246 4483 κακῶς
1272 4418 1541 4483 διδάξαντι
1582 4417 1674 4471 ἐπὶ
1701 4417 1797 4488 τῆς
1823 4418 1916 4470 ὲκ-

2005 3241 2103 3296 ris.
2174 3239 2562 3298 Verumtamen
2617 3241 2783 3312 209
2845 3251 2904 3298 tu
2971 3258 3095 3298 cum
3157 3246 3289 3316 quid
3348 3263 3588 3311 exoras.

2005 3345 2074 3386 ne
2099 3329 2285 3385 animo
2314 3330 2597 3398 concidas,
2639 3341 2693 3388 et
2720 3332 2949 3387 omnino
2978 3332 3121 3389 votis
3155 3334 3263 3390 tuis
3291 3336 3592 3405 reSponde-

2005 3420 2174 3477 bitur.
2206 3419 2355 3476 Dixit
2397 3436 2616 3492 quoque
2661 3423 2979 3494 parabolam
3019 3421 3285 3480 Dominus
3323 3426 3378 3480 in
3415 3425 3591 3482 Evan-

2004 3511 2168 3590 gelio,
2223 3518 2284 3566 ut
2340 3511 2662 3569 insistamus
2708 3513 2765 3568 in
2827 3513 3081 3570 oratione
3135 3515 3435 3582 continuo,
3485 3531 3589 3572 nec

2005 3601 2448 3674 despondeamns
2487 3603 2687 3659 animis
2710 3605 2754 3658 ⁷.
2787 3603 2926 3658 Illud
2956 3619 3181 3675 quoque
3219 3606 3384 3671 scito,
3425 3605 3588 3661 indu-

2006 3696 2123 3751 cias
2163 3696 2426 3766 majorem
2471 3694 2571 3750 tibi
2622 3696 2856 3766 gratiam
2907 3695 3190 3762 allaturas,
3250 3704 3311 3750 ut
3366 3697 3588 3752 divinus

2005 3788 2304 3858 Apostolus
2334 3786 2512 3841 dixit:
2553 3805 2572 3841 ι
2608 3785 2827 3842 Potenti
2868 3802 3035 3857 super
3067 3787 3252 3842 omnia
3299 3787 3501 3852 facere,
3532 3793 3590 3841 et

2008 3879 2536 3950 superabundanter,
2566 3894 2688 3949 qua:
2717 3881 2956 3950 petimus
2995 3886 3090 3933 aut
3129 3886 3313 3933 mente
3345 3878 3590 3948 concipi-

2009 3985 2151 4038 mus,
2192 3970 2270 4024 illi
2306 3970 2498 4040 gloria,
2535 3969 2713 4025 bonor
2736 3977 2792 4023 et
2821 3969 2991 4025 robur
3024 3970 3078 4023 in
3115 3969 3316 4023 sazcula
3341 3970 3384 4023 ⁸.
3420 3988 3440 4020 ι

2198 4059 2479 4116 CLXXVI.
2547 4091 2574 4102 ο
2606 4055 2910 4114 HYMETIO
2980 4057 3350 4116 'El’lSCOPO.

2081 4151 2228 4206 Nihil
2276 4167 2429 4222 aeque
2468 4150 2536 4206 ad
2578 4165 2773 4220 pmnas
2820 4149 3264 4220 indeprecabiles
3319 4151 3474 4210 ducit
3526 4169 3597 4210 ac

2011 4243 2280 4312 plurimos
2302 4240 2651 4311 propriorum
2683 4239 2954 4294 scelerum
3004 4238 3354 4297 mmulatores
3385 4243 3589 4304 facere.

2012 4333 2100 4388 Fit
2131 4335 2276 4390 enim
2311 4348 2524 4397 eorum,
2553 4333 2646 4405 qui
2691 4333 2934 4404 episcopi
2981 4345 3388 4405 persequuntur
3423 4339 3593 4394 vesti-

2015 4426 2122 4495 gia,
2160 4424 2413 4488 exitium,
2460 4423 2538 4478 illi
2596 4425 2689 4494 qui
2744 4425 2886 4481 male
2927 4427 2982 4480 in
3031 4426 3265 4482 ecclesia
3304 4427 3488 4482 docuit
3539 4437 3594 4483 et

342 4507 599 4576 κλησίας,
653 4507 748 4560 καὶ
798 4507 1222 4578 κατεγνωσμένα
1262 4507 1564 4576 ἀναφανδὸν
1595 4505 1906 4578 πράττοντι,

2016 4513 2194 4584 palam
2247 4514 2534 4584 reprobata
2566 4513 2814 4584 peragit,
2859 4529 3151 4583 pinnarum
3217 4516 3490 4582 accessio,
3540 4523 3594 4570 et

341 4599 430 4650 καί
454 4598 540 4652 διὰ
573 4598 682 4652 τῶν
717 4600 1210 4671 παραιτησαμένων
1239 4599 1315 4662 ὡς
1345 4599 1576 4670 αίσχράν
1611 4599 1708 4670 τὴν
1741 4597 1914 4670 μίμη-

345 4702 424 4740 σιν
456 4689 804 4756 κατάγνωσις
851 4689 912 4741 οὐ
952 4690 1142 4758 μικρὰ,
1171 4689 1359 4759 ὅτιπερ
1380 4687 1696 4751 διδάσκαλος
1728 4686 1915 4741 κακῶν

2015 4615 2113 4670 per
2142 4616 2258 4665 eos,
2295 4601 2388 4670 qui
2423 4600 2499 4653 uti
2530 4610 2742 4670 turpem
2775 4601 3139 4657 imitationem
3182 4603 3450 4669 vitarunt,
3485 4619 3594 4660 non

2018 4689 2153 4744 levis
2182 4689 2588 4755 coridcmnatio,
2614 4690 2757 4759 quod
2780 4705 3071 4760 pravorum
3097 4691 3355 4760 magister
3384 4691 3597 4759 episco-

341 4777 559 4844 γέγονεν
607 4780 636 4830 6
682 4777 1002 4841 ἐπίσκοπος,
1039 4773 1113 4832 ὧν
1150 4777 1248 4850 τὴν
1281 4779 1516 4864 μάθησιν
1556 4778 1906 4832 ἐπονείδιστα.

2020 4797 2124 4851 pus
2176 4781 2355 4838 factus
2392 4782 2519 4850 ;est,
2569 4798 2804 4852 quorum
2861 4779 3205 4853 disciplinam
3259 4782 3597 4852 vituperabi-

341 4868 624 4936 κρίναντες
651 4865 992 4936 πεφεύγασιν
1039 4870 1088 4921 οί
1139 4867 1376 4939 σώφρονι
1403 4868 1736 4940 χρησάμενοι
1767 4867 1906 4935 λογι-

2025 4872 2128 4927 lem
2154 4871 2492 4943 judicantes,
2518 4876 2611 4944 qui
2645 4889 2778 4930 sana
2811 4884 2992 4930 mente
3041 4874 3292 4948 fuerunt,
3335 4874 3598 4929 condem-

343 4973 482 5012 σμοκ

381 4975 462 5028 μῳ
572 5051 740 5104 POZ'.
775 5081 842 5094 —
879 5051 1189 5124 ΟΝΗΣΙΜῼ
1217 5051 1680 5107 ΠΡΩΤΕΥΟΝΤΙ.

413 5141 591 5212 Ἀπερ
625 5143 917 5212 ἀπλήστως
953 5142 1347 5214 συναθροίζεις,
1388 5145 1484 5196 καὶ
1514 5144 1744 5198 κτᾶσθαι
1777 5142 1926 5198 νενό-

345 5249 531 5302 μικας,
561 5233 662 5302 οὐχ
703 5233 1010 5303 ὑπάρχουσι
1049 5232 1152 5288 σά·
1188 5233 1268 5297 είς
1315 5232 1424 5304 γὰρ
1461 5233 1623 5305 ἔτερα
1666 5233 1926 5306 μετελεύ-

2028 4973 2252 5021 narunt.

2270 5053 2575 5111 CLXXVII.
2613 5085 2675 5097 —
2708 5053 3011 5110 ONESIMO
3039 5053 3351 5108 PRIMATI.

2098 5143 2229 5210 Quae
2257 5161 2473 5216 semper
2522 5160 2624 5200 nec
2664 5148 2951 5215 expletus,
2993 5159 3092 5198 nec
3133 5143 3366 5199 satiatus
3399 5159 3600 5215 conge-

2014 5236 2127 5299 ris,
2158 5245 2214 5292 et
2251 5237 2534 5306 possidere
2558 5237 2865 5301 existimas,
2903 5250 3012 5289 non
3047 5241 3173 5288 sunt
3202 5243 3334 5301 tua;
3368 5236 3422 5288 in
3465 5235 3600 5291 alias

345 5341 526 5378 σονται
553 5326 844 5397 πρόσωπα.
891 5325 950 5378 '0
994 5325 1092 5396 μὲν
1124 5325 1234 5398 γὰρ
1267 5325 1465 5397 μόχθος
1494 5324 1605 5392 σὸς,
1648 5327 1678 5380 6
1718 5326 1774 5380 δὲ
1807 5327 1906 5398 βίοι

2028 5328 2173 5381 enim
2221 5328 2538 5398 gradientur
2591 5339 2856 5396 personas
2899 5338 3180 5392 :namque
3225 5324 3378 5379 labor
3420 5325 3608 5379 multae

341 5417 646 5491 ἀλλότριος.
675 5419 826 5471 Διατί
869 5414 960 5473 οὖν
999 5418 1185 5491 ὥσπερ
1228 5420 1445 5474 οίκείων
1486 5419 1596 5474 τῶν
1624 5419 1906 5492 ἀλλοτρίως

2031 5432 2212 5488 operae
2261 5427 2389 5475 tuus
2436 5425 2544 5483 est,
2595 5416 2799 5470 divitia:
2851 5430 2983 5470 vero
3045 5428 3289 5485 opesque
3344 5415 3600 5469 aliorum.

1891 5464 1906 5512 i

339 5512 624 5582 ἀντιποιῇ,
665 5509 883 5580 βαρείας
914 5509 1093 5583 σαυτῷ
1124 5511 1223 5576 τάς
1244 5510 1410 5575 πέδας
1447 5511 1548 5584 τῆς
1582 5507 1714 5582 ὕλης
1755 5507 1923 5564 κατοί-

1678 5655 1700 5688 δ
1729 5653 1926 5710 Matth.
1952 5668 2073 5716 χιιι,
2122 5652 2174 5720 8,
2239 5652 2330 5707 ‘25.

453 5651 666 5722 'iPsal.
699 5665 914 5720 uxxw,
947 5653 1032 5707 l5.
1145 5652 1168 5686 ⁸
1202 5653 1380 5709 Galat.
1403 5671 1456 5722 ν,
1486 5655 1577 5710 22.

419 5722 440 5756 '
470 5721 616 5778 Luc.
646 5735 802 5788 xvnl,
840 5723 891 5778 i.
964 5724 986 5756 ⁸
1017 5723 1214 5788 Ephes.
1254 5740 1334 5788 In,
1359 5725 1448 5779 20.

2032 5508 2335 5576 Quamnam
2367 5508 2533 5580 igitur
2573 5507 2643 5563 ob
2676 5520 2903 5561 causam
2930 5521 2993 5562 ea
3026 5521 3149 5577 quae
3180 5507 3418 5561 aliorum
3453 5515 3602 5572 sunt,

2448 5650 2466 5682 '
2509 5649 2829 5721 Lucum,
2853 5650 2942 5706 42.
3055 5654 3077 5686 ⁸
3111 5649 3257 5707 Psal.
3301 5665 3525 5717 Lxxxvi,
3553 5651 3602 5706 4.
