4064 6160
417 321 526 391 291
1906 312 1966 372 S.

2106 311 2172 370 I.l
3578 309 3683 374 292

416 450 676 509 tanquam
724 433 943 507 propria
991 427 1358 490 consectaris,
1419 438 1614 498 graves
1667 423 1994 494 tibimetipsi

2106 423 2398 489 :xsudev,
2435 425 2529 478 καὶ
2576 423 2667 478 τὸν
2705 423 3036 494 ταλανισμδν
3075 423 3170 476 τοῦ
3201 425 3484 494 προφήτου
3520 426 3681 495 ἐφέλ-

415 531 661 586 materia:
684 523 974 595 compedes
1003 528 1318 584 exstruens,
1348 527 1405 574 et
1438 518 1642 570 malum
1677 515 1779 570 tibi
1812 527 2001 579 omen,

2106 528 2256 576 κεις;
2287 513 2423 567 Οὐαὶ
2451 514 2581 585 γὰρ,
2613 515 2767 584 φησὶ,
2791 512 2870 584 τῷ
2901 515 3188 582 συνάγοντι
3214 515 3282 569 τά
3305 515 3404 568 οὐκ
3431 515 3560 570 ὄντα
3583 518 3684 572 αὑ·
3737 565 3744 569 .

419 623 567 694 quod
619 635 649 673 a
704 617 968 688 propheta
1021 613 1308 675 indicitur,
1367 611 1532 680 210
1586 607 1854 663 attrahis?
1910 605 2002 660 Vae

2106 603 2215 668 τοῦ,
2245 605 2338 657 καὶ
2371 604 2657 675 βαρύνοντι
2685 607 2776 656 τὸν
2808 603 2989 656 κλοιὸν
3033 604 3200 657 αὑτοῦ
3244 604 3517 673 στιϐαρῶς
3539 647 3554 672 ,
3589 609 3685 662 καὶ

419 715 567 768 enim
607 712 708 775 illi,
741 709 940 778 inquit,
967 706 1058 776 qui
1091 705 1302 774 colligit
1332 717 1454 772 quae
1488 716 1588 756 sua
1621 715 1731 755 non
1765 709 1919 764 sunt,
1942 707 1998 756 et

2106 695 2197 767 τὴν
2231 698 2326 767 μὲν
2351 695 2585 767 ὓπαρξιν
2609 695 2902 750 ἀπολλύναι
2934 695 3202 764 μέλλοντι,
3244 695 3685 770 ποριζομένῳδὲ

420 811 676 874 aggravat
715 802 908 871 jugum
947 813 1111 853 suum
1160 796 1390 850 robuste
1422 795 1475 855 ';
1528 794 1574 847 is
1627 793 1998 848 substantiam

2106 787 2189 843 διὰ
2223 791 2314 842 τὸν
2343 790 2616 860 ἄπληστον
2643 789 2846 860 τρόπον
2865 789 2963 859 τὴν
2996 787 3213 842 αἰώνιον
3249 789 3490 844 κόλασιν.

419 895 634 966 quidem
671 907 827 948 suam
862 890 1095 953 amittet,
1124 888 1339 957 sibique
1379 884 1675 940 insatiabili
1701 883 2002 953 cupiditate

416 997 648 1044 aeternas
683 999 878 1056 poenas
915 981 1284 1051 comparabit.

521 1074 846 1131 CLXXVIII.
884 1102 952 1112 —-
984 1067 1340 1124 TAURIANO
1371 1062 1878 1120 EXPREFECTO.
1983 1081 1985 1084 ‘

485 1171 579 1226 Vae
605 1169 800 1223 animae
831 1173 937 1220 tua:
969 1174 1023 1219 et
1050 1165 1174 1217 vita:
1203 1169 1334 1226 tum,
1363 1160 1783 1222 immisericors,
1825 1167 1879 1213 et
1913 1156 1993 1210 in-

416 1273 639 1320 sensate
669 1262 682 1314 ί
711 1259 934 1328 Ignoras
975 1253 1216 1324 quippe,
1253 1251 1450 1306 durum
1489 1250 1584 1305 tibi
1631 1263 1756 1304 esse
1803 1254 1998 1302 contra

415 1356 700 1411 stimulum
739 1351 1027 1405 calcitrare
1052 1349 1116 1413 ¹⁰,
1155 1356 1209 1402 et
1247 1343 1492 1400 terribile
1522 1341 1790 1395 adversus
1824 1337 1995 1392 Deum

416 1447 619 1500 audere
651 1457 871 1498 manum
903 1440 1171 1495 attollere.
1202 1437 1411 1506 Injuria
1437 1433 1584 1488 enim
1613 1430 1987 1488 sanctisillata

2393 984 2398 988 .
2451 943 2469 971 τ

2275 1068 2450 1123 ΡΟΗ’.
2482 1099 2551 1108 —
2584 1069 2934 1141 ΤΛΥΡΙΑΝῼ
2967 1069 3106 1120 Alli)
3155 1070 3501 1124 ΕΠΑΡΧΩΝ.

2172 1162 2308 1216 Οὐαὶ
2339 1163 2406 1233 τῇ
2447 1161 2592 1233 ψυχῇ
2647 1179 2762 1224 σου,
2795 1162 2889 1214 καὶ
2916 1161 3269 1231 ἀπάνθρωπε,
3303 1163 3396 1214 καὶ
3447 1163 3641 1232 ἀνόητε
3669 1164 3682 1216 ί

2109 1254 2349 1323 Ἀγνοεῖς
2365 1255 2493 1326 γὰρ,
2518 1255 2598 1308 ὅτι
2622 1253 2855 1326 σκληρόν
2891 1271 2973 1307 σοι
3002 1254 3135 1325 πρὸς
3157 1253 3357 1324 κέντρα
3388 1253 3686 1319 λακτίζειν,

2099 1348 2192 1400 καὶ
2213 1347 2478 1418 φρικῶδες
2493 1347 2550 1400 τὸ
2573 1346 2714 1401 κατὰ
2732 1345 2826 1400 τοῦ
2851 1345 2984 1400 Θεοῦ
3011 1345 3187 1418 αἴρειν
3212 1345 3483 1416 τολμῆσαι
3505 1348 3684 1417 χεῖρα.

2108 1438 2174 1492 Ἠ
2200 1439 2307 1511 γὰρ
2329 1426 2485 1511 ὕϐρις
2513 1441 2546 1510 ἡ
2570 1441 2711 1493 κατά
2737 1438 2842 1492 τῶν
2871 1437 3040 1507 ἀγίων
3057 1437 3338 1508 γινομένη,
3357 1439 3578 1501 πάντως
3599 1439 3682 1492 ὅτι

384 1524 389 1530 ’
416 1539 472 1591 iu
505 1538 675 1590 Deum
697 1549 928 1604 prorsus
954 1529 1293 1602 rependitur.
1320 1525 1573 1596 Namque
1612 1521 1834 1593 optimis
1864 1535 1999 1576 con-

2106 1533 2176 1596 εἰς
2196 1531 2328 1586 Θεὸν
2356 1532 2637 1600 ἀνάγεται.
2666 1530 2806 1594 Τοὺς
2825 1530 2934 1602 γὰρ
2955 1530 3020 1600 δὴ
3047 1532 3125 1593 εἰς
3147 1530 3239 1584 τὸν
3265 1531 3430 1601 σηκὸν
3466 1529 3688 1584 Πλάτω-

417 1627 559 1682 siliis
587 1625 822 1688 deditos,
868 1623 962 1694 qui
1001 1621 1068 1675 ad
1116 1618 1368 1674 Platonis
1397 1614 1682 1670 victoriosi
1730 1610 1993 1682 martyris

2106 1641 2182 1688 νος
2199 1622 2290 1676 τοῦ
2313 1623 2622 1677 καλλινίκου
2641 1623 2915 1695 μάρτυρος
2935 1621 3348 1690 καταφυγόντας
3365 1621 3689 1691 φροντιστὰς

417 1718 676 1788 templum
694 1715 1078 1784 confugerant,
1103 1712 1156 1766 vi
1185 1709 1558 1780 incomposita
1600 1719 1815 1776 rapere,
1844 1713 1898 1758 et
1931 1702 1987 1756 in

2106 1711 2442 1784 τετολμηκὼς
2460 1713 2704 1785 ἁρπάσαι
2724 1715 2789 1784 τῇ
2817 1713 3074 1786 ἀφορήτῳ
3096 1711 3206 1784 βίᾳ,
3230 1712 3321 1764 κί’ιί¹
3342 1715 3421 1775 εἰς
3442 1712 3699 1782 φυλακὴν⁸

417 1825 693 1864 carcerem
724 1808 1000 1878 publicum
1028 1803 1312 1859 intrudere
1341 1815 1539 1866 ausus;
1583 1798 1820 1869 indeque
1848 1793 1992 1849 haud

2106 1777 2354 1878 ἑμϐαλεέν
2379 1777 2666 1878 δημοσίαν,
2693 1777 2789 1860 καλ
3081 1777 3354 1878 ἀφόρητα,
3393 1777 3579 1874 φυσῶν
3627 1777 3688 1858 τε

417 1904 778 1960 tolerabiliter
801 1903 1120 1973 strepitans,
1151 1907 1205 1955 et
1243 1899 1448 1952 buccas
1478 1894 1697 1959 inﬂans,
1721 1899 1773 1947 et
1803 1906 1998 1961 super-

418 1993 545 2049 cilia
572 1993 818 2062 erigens,
848 1999 902 2045 et
934 1990 1152 2044 decreto
1185 1988 1280 2043 illo
1319 1994 1417 2041 tuo
1452 1995 1812 2056 tyrannorum
1845 1995 1998 2036 more

418 2087 704 2142 teterrima
737 2085 940 2140 liberos
970 2084 1025 2137 in
1060 2081 1380 2137 servitutem
1404 2079 1705 2143 adducens,
1757 2091 1996 2148 quanam

419 2179 538 2250 ipse
579 2179 792 2233 ratione
829 2176 976 2246 quod
1025 2177 1270 2230 futurum
1309 2185 1392 2229 est
1431 2171 1844 2228 inconsiderate
1885 2183 1999 2224 non

417 2269 666 2341 cogitas?
691 2268 966 2338 quomodo
998 2265 1345 2336 postmodum
1375 2270 1610 2318 ventura
1638 2276 1750 2318 non
1786 2260 2000 2317 exami-

418 2379 540 2428 nas,
573 2361 898 2418 insensate?
945 2358 1223 2431 quomodo
1265 2371 1450 2412 rerum
1500 2355 1651 2410 vices
1699 2351 2000 2425 praevidere

416 2469 526 2509 non
558 2454 820 2515 sustines,
845 2458 1028 2505 mente
1057 2449 1247 2518 capte?
1275 2462 1450 2518 eoque
1469 2445 1839 2516 potissimum,
1873 2455 2000 2496 cum

419 2546 487 2600 ad
515 2553 639 2599 vota
671 2553 766 2598 tua
799 2557 966 2613 prope
997 2550 1186 2597 astans
1221 2540 1449 2595 accedat
1494 2537 1769 2607 pessimus
1816 2533 2002 2589 consi-

417 2637 633 2696 liarius,
670 2642 726 2688 et
752 2648 916 2704 quam
953 2631 1189 2686 maxime
1218 2629 1590 2685 exsecrandus
1622 2627 1741 2682 fisci
1768 2625 2003 2680 advoca-

420 2737 510 2782 tus
533 2726 888 2789 Laurentius,
919 2725 1083 2778 bomo
1115 2721 1499 2793 impiissimus,
1518 2727 1669 2776 totus
1690 2715 2003 2786 corruptela

419 2831 475 2876 et
505 2833 702 2889 vappa.
736 2817 1168 2871 Animadvertas
1195 2813 1378 2878 velim,
1416 2811 1828 2868 sanctissimum
1858 2809 2004 2865 hunc

418 2919 716 2982 martyrem
784 2924 894 2965 non
970 2923 1093 2965 esse
1147 2905 1644 2972 contemnendum,
1675 2912 1837 2973 teque
1867 2909 2004 2958 met-

420 3003 599 3073 ipsum
633 3017 876 3072 praepara
909 3000 975 3056 ad
1003 3001 1183 3055 futura
1213 3006 1408 3056 contra
1435 3005 1487 3054 te
1511 2997 1633 3051 dira
1658 2997 2000 3066 excipienda,

420 3093 766 3148 iracundiam
802 3092 1047 3148 mortalis
1083 3089 1454 3161 imperatoris,
1491 3089 1651 3158 cujus
1687 3095 1834 3143 metu
1877 3102 2002 3158 per-

421 3185 564 3239 citus
617 3184 683 3236 ad
729 3185 932 3238 limites
974 3183 1098 3239 illos
1143 3184 1382 3237 maxime
1424 3179 1763 3236 venerandos
1807 3178 2002 3235 confu-

421 3278 567 3348 gies,
597 3278 688 3348 qui
739 3291 768 3330 a
815 3283 867 3330 te
908 3274 1109 3344 injuria
1153 3271 1334 3327 affecti
1382 3277 1532 3335 sunt,
1568 3277 1622 3324 et
1661 3267 2001 3338 contemptui

420 3369 628 3422 habiti:
685 3367 944 3436 deinceps
995 3363 1247 3417 morbum
1298 3374 1544 3430 gravem,
1600 3359 2004 3435 molestumque

421 3461 581 3530 211
615 3461 733 3524 tibi,
771 3441 1139 3526 omnibusque
1173 3454 1320 3516 aliis,
1369 3465 1604 3522 quorum
1655 3451 1772 3520 ipse
1817 3464 2004 3505 amore

424 3548 631 3601 teneris
659 3564 672 3611 ;
713 3543 1082 3614 postmodum,
1109 3541 1412 3611 ingentium
1444 3551 1665 3595 tuarum
1697 3556 1760 3595 ac
1787 3549 2002 3612 specta-

424 3635 617 3689 bilium
653 3635 971 3687 facultatum
999 3633 1477 3702 proscriptionem.
1507 3632 1575 3685 Et
1608 3640 1740 3687 tunc
1769 3631 2005 3702 denique

423 3725 576 3780 Jovis
619 3732 772 3794 pater
823 3721 1098 3778 Saturnus
1143 3721 1414 3776 concinne
1462 3729 1513 3776 te
1559 3720 1887 3792 deplorabit,
1943 3735 2006 3778 ac

426 3817 669 3872 suaviter
706 3813 1050 3885 praecidetur,
1087 3813 1233 3884 quod
1269 3822 1328 3868 tu
1352 3813 1700 3883 potissimum
1730 3813 1882 3868 illum
1919 3813 2003 3867 iri-

427 3918 511 3963 ter
549 3909 686 3963 alios
736 3907 868 3962 deos
911 3907 1122 3971 colens,
1169 3921 1295 3960 cum
1340 3921 1606 3976 prospere
1654 3921 1867 3976 ageres,
1919 3905 2004 3959 Ia-

425 4001 632 4072 crymis
650 3999 950 4070 saepissime
981 3999 1126 4053 inter
1160 3997 1588 4060 solemnitatem,
1609 4004 1873 4068 tanquam
1905 4012 2004 4054 veo

427 4092 615 4147 rendis
646 4092 848 4146 misere
875 4089 1149 4154 mutilum,
1177 4096 1232 4145 et
1259 4089 1482 4160 proprio
1517 4088 1630 4144 lil‘lo
1659 4089 1998 4161 colligatum,

2094 1901 2194 1964 τάς
2224 1899 2478 1968 γνάθους,
2503 1900 2598 1954 καὶ
2623 1899 2720 1963 τὰς
2749 1897 2922 1970 ὀφρῦς
2952 1897 3234 1963 ἀνασπῶν,
3285 1899 3380 1951 καὶ
3431 1898 3691 1952 καταδου-

2095 1991 2354 2063 λούμενος
2374 1990 2500 2054 τοὺς
2543 1988 2860 2060 ἐλευθέρους
2914 1990 2980 2060 τῇ
3016 1989 3441 2059 παντοτυράννῳ
3469 1987 3688 2060 γνώμῃ,

2095 2081 2212 2146 πῶς
2232 2083 2292 2136 οὗ
2317 2082 2507 2155 λογίζῃ
2538 2081 2600 2136 τδ
2628 2081 2839 2153 μέλλον,
2866 2081 3149 2149 ἀλόγιστε;
3175 2080 3293 2144 πῶς
3315 2079 3384 2135 τά
3407 2097 3468 2134 συ
3477 2081 3689 2152 μϐησόο

2101 2191 2238 2246 μενα
2260 2173 2485 2247 ὕστερον
2505 2175 2565 2228 οὐ
2592 2174 2913 2246 διασκέπτῃ.
2933 2172 3252 2242 ἀναίσθητε;
3273 2172 3390 2236 πῶς
3406 2171 3506 2237 τάς
3529 2190 3694 2243 μετα-

2097 2269 2260 2334 ϐολὰς
2309 2267 2418 2322 τῶν
2457 2268 2797 2339 πραγμάτων
2843 2266 3168 2338 προϐλέπειν
3199 2266 3258 2320 οὐ
3294 2265 3488 2330 θέλεις,
3514 2283 3694 2338 παρα-

2098 2361 2258 2432 πλὴξ,
2281 2363 2375 2417 καὶ
2402 2360 2614 2432 μάλισθ’
2637 2361 2718 2414 ὅτι
2737 2357 2875 2430 πρὸς
2889 2359 2979 2412 τὸν
3002 2359 3201 2412 σκοπὸν
3215 2359 3306 2411 τὸν
3325 2357 3545 2423 σαυτοῦ,
3564 2373 3695 2411 παν-

2101 2453 2434 2522 φαυλότατον
2481 2449 2782 2521 σύμϐουλον
2816 2449 2910 2504 καὶ
2941 2447 3412 2520 παμμιαρώτατον
3465 2446 3694 2516 ἐγγύθεν

2101 2544 2245 2616 ἔχεις
2281 2543 2373 2598 τὸν
2403 2543 2512 2598 ἀπὸ
2546 2543 2744 2612 φίσκου
2783 2541 3099 2613 συνηγόρων
3135 2540 3487 2612 Λαυρέντιον,
3524 2540 3693 2612 ἀνδρα

2099 2632 2550 2695 δυσσεϐέστατον,
2617 2630 3016 2702 διεφθαρμένον
3065 2631 3184 2685 ὅλον
3233 2630 3331 2685 καὶ
3378 2629 3689 2700 σεσηπότα;

2099 2721 2343 2776 Γίνωσκε
2391 2721 2573 2775 τοίνυν
2607 2721 2680 2792 μὴ
2714 2721 3190 2792 εὐκαταφρόνητον
3216 2719 3551 2789 τυγχάνοντα
3599 2718 3694 2772 τὸν

2103 2812 2367 2880 πανάγιον
2396 2812 2698 2883 ’μάρτυρι
2751 2809 2846 2864 καὶ
2881 2809 3078 2864 σαυτὸν
3126 2807 3420 2880 εὐτρέπιζε
3466 2807 3604 2880 πρὸς
3630 2809 3694 2861 τὸ

2102 2902 2468 2968 ὑποδέξασθαι
2507 2901 2576 2955 τά
2596 2901 3004 2974 ὲπελευσόμενά
3038 2921 3120 2957 σοι
3149 2901 3324 2967 δεινά.
3373 2901 3548 2977 ὀργὴν
3590 2901 3694 2973 μὲν

2101 2992 2196 3048 τοῦ
2227 2994 2424 3066 θνητοῦ
2450 2993 2736 3064 βασιλέως,
2759 2994 2828 3047 δι’
2855 2997 2921 3066 ἢν
2950 2997 3044 3049 καὶ
3070 2992 3348 3061 δειλιάσας
3372 2994 3690 3068 προσφεύξῃ

2103 3085 2251 3154 ὅροις
2272 3087 2386 3148 τοῖς
2430 3085 2812 3149 σεπτοτάτοις,
2861 3087 3058 3151 οἵτινες
3094 3085 3248 3157 παρά
3303 3087 3397 3142 σοῦ
3434 3087 3690 3160 ὑϐρίσθηο

2111 3193 2210 3232 σαν
2268 3177 2364 3231 καὶ
2410 3173 2875 3248 ἑξητιμάσθησαν,
2927 3173 3047 3232 εἶτα
3094 3180 3249 3233 νόσον
3316 3179 3542 3252 βαρεῖαν
3595 3181 3689 3233 καὶ

2107 3267 2351 3338 χαλεπὴν
2401 3268 2598 3322 σαυτοῦ
2648 3285 2707 3323 τε
2748 3269 2844 3322 καὶ
2884 3270 3102 3324 πάντων
3151 3270 3260 3324 τῶν
3303 3271 3689 3342 περιποθήτων

2111 3373 2214 3423 σοι,
2258 3357 2394 3428 μετά
2417 3357 2472 3411 δὲ
2504 3356 2674 3412 ταῦτα
2708 3360 2886 3414 πάντα
2917 3358 3016 3430 τὴν
3043 3359 3308 3431 δήμευσιν
3347 3362 3448 3433 τῆς
3479 3377 3688 3432 προφε-

2111 3449 2313 3522 ρούσης
2343 3466 2426 3503 σοι
2475 3449 2719 3521 μεγάλης
2753 3449 3091 3520 περιουσίας.
3136 3451 3247 3505 Καὶ
3283 3452 3406 3506 τότε
3444 3452 3629 3506 λοιπὸν
3659 3452 3688 3505 ό

2108 3539 2204 3594 τοῦ
2236 3540 2356 3604 Διὸς
2385 3540 2568 3613 πατὴρ
2611 3542 2820 3612 Κρόνος
2861 3541 3100 3615 λιγυρῶς
3149 3557 3218 3596 σε’
3255 3544 3515 3614 θρηνήσει
3540 3585 3554 3608 ,
3595 3545 3688 3598 καὶ

2111 3631 2337 3702 κόψεται
2370 3631 2560 3702 ἡδέως,
2590 3632 2724 3686 διότι
2757 3633 2990 3704 μάλιστα
3021 3633 3115 3687 καὶ
3157 3635 3220 3686 σὺ
3253 3635 3405 3705 παρά
3437 3635 3564 3699 τοὺς
3597 3635 3689 3690 ἄλει

2110 3722 2235 3787 λους
2286 3723 2440 3786 θεοὺς
2491 3722 2682 3776 τοῦτον
2719 3723 2893 3777 σέϐων
2926 3725 2985 3776 ὲν
3019 3728 3085 3796 τῇ
3139 3727 3434 3796 εὐημερίᾳ,
3469 3727 3686 3798 θρήνοις

2111 3816 2489 3886 παρεμυθήσω
2509 3815 2632 3869 καθ’
2653 3817 2846 3888 ἑορτὴν
2866 3815 3206 3883 πλειστάκις,
3229 3818 3321 3870 ἀτε
3341 3817 3448 3870 τῶν
3472 3818 3689 3872 αἰδοίων

2111 3906 2516 3978 ἐκτετμημένον
2560 3908 2828 3975 ἐλεεινῶς,
2861 3910 2957 3962 καὶ
3008 3910 3288 3980 δεδεμένον
3311 3910 3544 3979 οἰκτρῶς
3584 3912 3690 3965 ὑπὸ

2111 4001 2312 4056 οἰκείου
2339 4001 2545 4064 παιδὸς.
2570 4002 2662 4054 καὶ
2678 4001 2755 4072 τῷ
2770 4001 3242 4074 δερμοκουκουλίῳ
3265 4004 3687 4077 κατακεκαλυμ-

2111 4090 2292 4163 μένον,
2321 4089 2416 4143 καὶ
2444 4088 2505 4142 τὸ
2545 4088 2736 4153 σκότος
2756 4091 3008 4145 οἰκοῦντα
3041 4093 3325 4164 διηνεκῶς.

423 4194 479 4243 et
503 4184 714 4240 cuculla
749 4186 972 4254 pellicea
1017 4184 1322 4248 obtectum,
1357 4191 1802 4254 semprterneque
1849 4186 2108 4244 tenebras
2141 4183 2540 4241 inhabitantem
2587 4184 2904 4239 consolatus
2937 4200 3017 4241 es.

621 4274 900 4332 CLXXIX.
932 4303 1002 4314 —-
1029 4273 1380 4331 AMBLICHO
1405 4273 1789 4331 CURATORI.

495 4367 636 4435 Quid
669 4367 909 4428 laboras,
937 4380 970 4420 ο
1008 4365 1195 4430 homo,
1235 4375 1288 4418 et
1327 4364 1532 4419 frustra
1576 4366 1810 4423 sudores
1842 4365 2001 4423 insu-

2366 4275 2532 4331 ΡΟΘ’.
2558 4306 2627 4315 -
2656 4277 2968 4350 ΑΜΒΛΙΧῼ
2995 4279 3412 4336 ΚΟΥΡΑΤΟΡΙ.

2180 4368 2246 4421 Τί
2271 4367 2511 4439 μοχθεῖς,
2545 4365 2821 4437 ἄνθρωπε,
2858 4368 2952 4424 καὶ
2997 4353 3230 4440 κάμνεὶς
3275 4375 3598 4447 ἁπέραντα;
3644 4380 3691 4432 τί

421 4458 570 4514 mis?
607 4456 749 4523 Quid
785 4456 1133 4524 temetipsum
1162 4455 1227 4508 ad
1254 4454 1422 4509 falsas
1459 4457 1727 4511 vanitates
1759 4457 2003 4527 praecipi-

2114 4455 2464 4522 κατελαύνεις
2525 4457 2721 4510 σαυτὸν
2775 4458 2912 4530 πρὸς
2959 4459 3059 4530 τὴν
3094 4461 3267 4534 ψευδῆ
3320 4444 3684 4538 ματαιότητας

418 4559 536 4604 tem
579 4547 732 4617 agis?
770 4545 1052 4599 Sententia
1107 4544 1212 4598 ista
1263 4551 1355 4598 tua
1407 4559 1438 4598 a
1493 4543 1680 4598 divino
1734 4543 2006 4616 PrOpheta

417 4640 768 4710 deploratur,
846 4643 901 4690 et
992 4634 1134 4688 inter
1194 4649 1283 4689 res
1334 4634 1524 4689 beatas
1586 4633 2007 4706 fortunatasque

420 4731 750 4785 collocatur.
776 4745 794 4778 ι
827 4725 1026 4781 Beatus
1051 4725 1221 4787 enim,
1247 4726 1341 4790 ait,
1367 4725 1550 4790 homo,
1581 4727 1668 4780 cui
1689 4737 1771 4783 est
1804 4743 2005 4783 nomen

427 4820 644 4877 Domini
678 4834 804 4890 spes
833 4819 976 4888 ejus,
1013 4825 1068 4873 et
1105 4832 1214 4871 non
1250 4817 1493 4888 respexit
1535 4817 1590 4872 in
1622 4820 1919 4886 vanitates,
1951 4826 2008 4876 et
2037 4867 2039 4870 ο

430 4916 680 4972 insanias
711 4913 880 4969 falsas
915 4912 982 4966 “.
1025 4929 1044 4962 ι
1079 4909 1333 4979 Nunquid
1367 4925 1469 4965 nos
1508 4910 1612 4980 ipsi
1656 4925 1872 4976 sumus,
1910 4911 2004 4982 qui

428 5007 554 5062 vita:
593 5017 797 5062 nostra:
824 5002 1138 5060 necessaria
1180 5001 1537 5072 perlicimus?
1574 5002 1718 5060 Deus
1757 5012 1863 5070 est,
1911 5004 2006 5074 qui

424 5113 552 5154 eam
579 5096 854 5168 disponit:
889 5104 943 5151 et
974 5095 1212 5148 humana
1248 5095 1428 5149 studia
1457 5094 1644 5150 divino
1675 5095 1882 5149 auxilio
1911 5096 2008 5150 de-

429 5188 646 5247 stituta,
683 5185 996 5240 necessario
1040 5183 1148 5238 fine
1184 5197 1286 5239 suo
1327 5182 1699 5252 frustrantur;
1726 5191 1780 5236 at
1822 5184 2006 5239 divina

428 5277 743 5348 dispositio,
770 5277 1025 5332 submoto
1053 5278 1217 5332 etiam
1252 5277 1497 5347 quolibet
1531 5279 1772 5332 humano
1803 5277 2008 5330 auxilio

426 5367 976 5438 destituta,perfccta
1002 5368 1222 5424 exhibet
1243 5369 1403 5424 bona.
1435 5370 1646 5422 Bonum
1679 5369 1863 5437 itaque
1889 5368 2008 5424 fue-

432 5460 505 5515 rit
533 5460 736 5514 bonum
765 5460 1042 5530 amplecti;
1071 5461 1346 5530 quodnam
1375 5451 1510 5513 vero.
1527 5459 1657 5513 illud
1697 5458 1881 5526 fuerit,
1903 5459 2006 5514 nisi

434 5551 581 5621 quod
611 5551 714 5608 ﬁde
744 5553 898 5607 firma
943 5567 1007 5607 ac
1049 5567 1197 5618 vera,
1232 5551 1357 5607 altis
1391 5551 1556 5622 jactis
1587 5549 1866 5606 radicibus
1902 5566 2003 5606 nos

501 5725 527 5758 ⁹
555 5703 756 5786 Ilabac.
788 5745 846 5797 ιι,
876 5728 932 5784 6.
1009 5729 1052 5762 ¹⁶
1083 5728 1206 5784 Act.
1245 5745 1319 5795 Ix,
1351 5727 1404 5786 5.
1495 5727 1535 5759 ¹¹
1573 5725 1716 5783 PsaI.
1747 5741 1932 5794 xxxix,
1976 5724 2031 5779 5.

2113 4547 2580 4619 Τεταλανισμένον
2612 4547 2770 4602 τοῦτό
2811 4567 2898 4618 γε,
2938 4551 3058 4623 οὐχὶ
3101 4553 3540 4627 μακαριζόμενον
3585 4559 3688 4611 ὑπὸ

2114 4635 2258 4690 θείου
2310 4637 2599 4707 Προφήτου
2656 4637 2716 4690 τὸ
2761 4639 2962 4692 τοιόνδε
3014 4643 3290 4714 φρόνημα.
3353 4663 3370 4696 ι
3407 4647 3688 4716 Μακάριος

2112 4729 2243 4800 γάρ,
2269 4729 2454 4799 φησὶν,
2482 4729 2636 4801 ἀνὴρ,
2669 4725 2728 4785 οὗ
2754 4733 2868 4785 ἐστι
2895 4733 2954 4785 τὸ
2973 4732 3143 4805 ὄνομα
3169 4737 3376 4808 Κυρίου
3410 4739 3568 4802 ἐλπὶς
3594 4741 3690 4792 αὑ-

2113 4818 2228 4883 τοῦ,
2265 4821 2357 4873 καὶ
2382 4821 2481 4874 οὐκ
2516 4821 2812 4892 ἐπέϐλεψεν
2840 4826 2921 4887 εἰς
2946 4828 3335 4898 ματαιότητας,
3371 4831 3464 4883 καὶ
3495 4831 3686 4901 μανίας

2103 4910 2375 4982 ψευδεῖς.»
2399 4913 2489 4983 Μὴ
2517 4912 2624 4983 γάρ
2653 4916 2816 4984 ἡμεῖς
2849 4916 3015 4986 ἐσμεν
3041 4920 3091 4970 οἱ
3121 4917 3190 4971 τὰ
3212 4919 3312 4989 τῆς
3339 4921 3484 4991 ζωῆς
3503 4903 3687 4974 ἀνύον-

2105 5021 2197 5067 τες
2226 5004 2436 5058 ἑαυτῶν
2461 5021 2474 5071 ;
2525 5004 2656 5069 Θεός
2689 5007 2836 5062 ἐστιν
2875 5008 2903 5060 ὁ
2933 5008 3136 5081 ταύτην
3165 5011 3486 5081 οἰκονομῶν
3535 5013 3628 5065 καὶ
3654 5013 3683 5080 ή

2110 5097 2210 5169 μὲν
2256 5096 2571 5170 ἀνθρωπίνη
2629 5097 2852 5168 σπουδὴ,
2895 5099 2968 5170 μὴ
2993 5100 3229 5170 τυχοῦσα
3274 5101 3375 5168 τῆς
3416 5101 3508 5153 τοῦ
3556 5099 3685 5154 Θεοῦ

2116 5188 2389 5260 βοηθείας,
2419 5189 2480 5254 ἐξ
2507 5190 2753 5259 ἀνάγκης
2783 5191 3152 5262 ἀποτυγχάνει
3192 5191 3286 5245 τοῦ
3329 5193 3537 5256 τέλους·
3569 5195 3604 5262 η
3634 5192 3685 5244 δὲ

2113 5281 2208 5334 τοῦ
2235 5280 2371 5336 Θεοῦ
2400 5280 2703 5351 οἰκονομία,
2737 5283 2832 5334 καὶ
2872 5281 2994 5353 δίχα
3043 5284 3141 5353 τῆς
3168 5283 3517 5354 ἀνθρωπίνης
3549 5299 3686 5353 συμ-

2116 5369 2368 5441 πράξεως
2417 5371 2597 5424 τέλεια
2640 5371 2871 5442 παρέχει
2919 5370 2988 5424 τὰ
3043 5373 3241 5440 ἀγαθά.
3297 5372 3476 5425 Καλὸν
3511 5373 3686 5425 τοίνυν

2113 5463 2262 5516 ἐστὶν
2297 5461 2639 5526 ἀσπάζεσθαι
2672 5463 2732 5517 τὸ
2757 5463 2941 5518 καλόν.
2979 5464 3044 5517 Τί
3072 5463 3116 5517 δ’
3141 5465 3207 5519 ἂν
3233 5464 3321 5534 εἴη
3351 5464 3534 5529 τοῦτο,
3565 5465 3598 5538 ἢ
3630 5465 3687 5516 τὸ

2114 5554 2290 5610 πίστει
2322 5553 2518 5627 βεϐαίᾳ
2577 5555 2671 5610 καὶ
2721 5556 2944 5627 ἀψευδεῖ
3003 5554 3332 5626 ριζωθέντας
3374 5556 3564 5625 ἡμᾶς,
3596 5556 3687 5611 καὶ
