4064 6160
413 250 520 316 2‘33

1636 267 2168 352 EPISTOLAIIUM
2197 273 2344 336 LIB.
2387 277 2470 336 ΙΙ.

3566 296 3678 360 294

414 360 959 432 ίαχυροποιηθέντας,
996 364 1174 417 πᾶσαν
1225 368 1316 420 ἐπὶ
1348 369 1552 437 Κύριον
1585 372 1799 442 ῥίπτειν
1826 391 1963 446 φρον-

2063 423 2066 437 ,
2099 379 2296 436 robore
2332 381 2630 452 obﬁrmati,
2664 403 2881 445 onmem
2919 408 3105 448 curam
3143 408 3388 456 nostram
3446 418 3509 461 ac
3543 408 3658 462 dili-

410 452 528 507 τίδα
578 453 676 505 καὶ
709 453 979 523 μέριμναν
996 472 1011 520 ;

606 545 733 598 PII’.
767 576 832 586 —
865 547 1158 620 ΒΑΛΕΡΙῼ
1192 552 1777 631 ΚΟΥΒΙΚΟΥΛΑΡΙῼ.

476 637 601 699 Πῶς
634 637 903 708 προφῆτις
967 640 1119 709 παρά
1148 641 1225 712 τῷ
1267 644 1460 716 Ἡσαΐᾳ
1501 648 1762 720 κέκληται
1797 650 1986 724 Μαρία

409 729 722 800 ἡθεοτόκος
747 769 762 794 ,
808 728 1010 784 ἐπύθου
1049 732 1226 801 ήμῶν.
1264 735 1560 804 Ἀνάγνωθι
1590 743 1648 794 ἐν
1679 741 1758 812 τῷ
1802 727 2000 812 Εὐαγέ

407 821 588 890 γελίῳ,
621 821 703 872 ὅτι
735 838 752 869 ι
797 820 1124 889 Ἐπέὸλεψεν
1150 825 1246 876 ἐπὶ
1271 827 1370 898 τὴν
1398 830 1726 885 ταπείνωσιν
1748 834 1849 904 τῆς
1873 835 1987 890 δού-

416 914 510 982 λης
562 911 764 966 αὐτοῦ’
802 912 910 964 ἰδοὺ
964 915 1072 985 γὰρ
1103 917 1210 969 ἀπὸ
1255 918 1349 971 τοῦ
1397 921 1491 974 νῦν
1532 925 1862 994 μακαριοῦσί
1913 945 1980 997 με

409 1006 572 1058 πᾶσαι
597 1007 653 1057 αἱ
681 1003 885 1073 γενεαί.
929 1021 948 1054 ι
986 1005 1095 1057 Καὶ
1121 1007 1216 1061 ἐάν
1250 1010 1324 1080 μὴ
1375 1011 1488 1085 ἴδῃς
1533 1017 1981 1089 μακαριζομένην

407 1099 500 1169 τὴν
528 1099 689 1166 ἁγίαν
714 1102 934 1172 Μαρίαν
959 1105 1018 1156 ἐν
1044 1103 1206 1156 παντὶ
1226 1103 1388 1169 ἔθνει,
1421 1106 1517 1159 καὶ
1543 1109 1602 1160 ἐν
1631 1109 1778 1180 πάσῃ
1804 1110 1982 1178 γλώσ-

409 1207 493 1262 σῃ,
522 1191 656 1245 διότι
685 1193 818 1247 Θεὸν
855 1195 1205 1265 σαρκωθέντα
1233 1198 1297 1250 ἐκ
1322 1197 1639 1267 Πνεῦματος
1670 1200 1849 1268 ἁγίου,
1887 1201 1980 1256 καὶ

407 1283 462 1348 ἐξ
489 1285 680 1354 αὐτῆς,
713 1288 1118 1359 κεκυοφόρηκέν
1155 1305 1216 1344 τε
1248 1289 1343 1343 καὶ
1381 1289 1534 1343 ἔτεκε
1594 1291 1714 1360 δίχα
1771 1293 1978 1363 φθορᾶς

408 1376 497 1427 καὶ
521 1375 800 1446 μολυσμοῦ
833 1380 1110 1443 παντοίου,
1139 1379 1214 1451 μὴ
1246 1380 1432 1433 πείθου
1467 1381 1546 1450 τῷ
1585 1381 1808 1452 Ἡσαῖᾳο
1843 1386 1890 1436 εἰ
1929 1383 1976 1437 δ’

406 1465 459 1518 ἐν
488 1467 653 1520 παντὶ
691 1468 770 1538 τῷ
814 1469 1003 1540 κόσμῳ
1047 1469 1410 1540 μακαρίζεται
1471 1471 1568 1524 καὶ
1621 1474 1972 1544 εὐφημεῖται,

405 1556 719 1626 ἀνυμνεῖται
752 1561 846 1612 καὶ
885 1559 1213 1628 εὐλογεῖται,
1262 1560 1402 1630 αῦτη
1433 1563 1550 1633 τεή
1595 1563 1840 1634 ἄσπορος
1881 1566 1974 1618 καὶ

404 1649 752 1721 ἀγεώργητος
782 1649 878 1720 γῆ,
913 1653 1008 1707 καὶ
1046 1655 1074 1706 ὁ
1120 1654 1324 1725 ταύτης
1357 1657 1823 1727 παμμακάριστος
1880 1657 1974 1712 καὶ

2091 470 2330 538 gentiam
2369 473 2596 530 Domino
2630 483 3082 542 committamus?

2159 561 2321 633 212
2361 563 2620 623 CLXXX.
2650 601 2719 610 —
2749 571 3049 633 VALERIO
3103 579 3596 642 CUBICULARIO.

2160 652 2405 720 Quanam
2463 661 2674 717 ratione
2719 672 2870 720 vates
2921 673 3063 737 apud
3114 671 3310 726 Isaiam
3343 675 3511 731 Maria
3549 679 3669 734 Dei-

2086 758 2218 813 para
2243 757 2592 818 nuncupatur
2613 751 2677 814 ι’,
2701 767 2729 806 a
2765 755 2924 811 nobis
2945 763 3330 827 expostulasti.
3366 764 3584 826 Videsis
3613 773 3667 824 in

2085 828 2412 902 Evangelia.
2439 833 2730 906 «Respexit
2753 841 3114 899 humilitatem
3136 851 3350 905 ancillae
3367 869 3478 908 sua:
3502 875 3516 910 :
3538 873 3666 910 cccc

2084 921 2230 972 enim
2259 932 2326 974 cx
2372 938 2518 977 nunc
2551 927 2765 981 beatam
2797 946 2882 984 me
2911 932 3096 988 «licent
3139 953 3329 995 omnes
3356 947 3665 1011 generatio-

2083 1005 2258 1060 nes“.
2297 1025 2316 1058 ι
2350 1007 2412 1064 Et
2443 1011 2486 1065 si
2520 1027 2628 1066 non
2651 1021 2983 1085 compereris
3006 1019 3230 1076 Mariam
3255 1005 3660 1086 sanctissimam

2083 1097 2225 1165 apud
2259 1113 2453 1156 omnes
2487 1104 2760 1169 nationes,
2780 1117 2832 1162 et
2854 1109 2908 1163 in
2933 1114 3190 1168 omnibus
3222 1116 3423 1186 linguis
3446 1121 3659 1176 beatam

2082 1184 2308 1252 dictam,
2335 1191 2483 1260 quod
2514 1192 2706 1260 Deum,
2729 1199 2821 1268 qui
2851 1215 3070 1256 carnem
3101 1219 3167 1258 ex
3202 1184 3407 1274 Spiritu
3441 1223 3658 1278 sancto,

2083 1282 2140 1328 et
2180 1275 2370 1332 eadem
2416 1286 2736 1354 assumpsit,
2776 1288 2832 1342 in
2866 1301 3020 1346 utero
3048 1297 3311 1363 gestavit,
3355 1307 3408 1351 et
3452 1275 3661 1371 peperit

2077 1365 2284 1438 absque
2317 1374 2668 1444 corruptione
2697 1387 2751 1432 et
2777 1383 2922 1435 omni
2955 1386 3192 1451 macula,
3217 1403 3284 1442 ne
3308 1388 3466 1444 fidem
3501 1392 3659 1447 adhi-

2076 1457 2208 1512 beas
2235 1458 2414 1527 lsa'im;
2450 1463 2495 1517 si
2533 1481 2663 1520 vero
2690 1470 2832 1539 apud
2862 1474 3175 1530 universum
3203 1479 3466 1533 mundum
3496 1482 3656 1536 beata

2075 1549 2295 1618 dicitur,
2327 1560 2382 1607 et
2414 1553 2672 1614 laudibus
2717 1564 3026 1630 extollitur,
3061 1579 3114 1624 et
3148 1573 3438 1639 praeconiis
3469 1581 3522 1628 et
3553 1575 3652 1629 be-

2077 1641 2482 1702 nedictionibus
2517 1647 2844 1708 ltonestatur
2882 1655 2997 1712 hazc
3033 1661 3152 1714 sine
3185 1662 3416 1726 semine,
3453 1671 3506 1718 et
3531 1665 3652 1720 sine

403 1741 613 1805 αἰώνιος
633 1743 866 1814 καρπὸς,
889 1743 1029 1798 διατί
1056 1743 1385 1817 ζυγομαχεῖς
1407 1746 1677 1820 προφῆτιν
1703 1746 1963 1820 δεδεῖχθαι

2077 1733 2182 1786 ulla
2211 1734 2424 1789 cultura
2461 1746 2632 1807 terra,
2677 1754 2731 1796 et
2771 1744 3122 1805 beatissimus
3156 1751 3323 1814 illius,
3355 1761 3410 1807 et
3442 1755 3651 1824 sempi-

402 1832 496 1902 τὴν
520 1833 778 1887 Θεοτόκον
804 1833 1022 1906 Μαρίαν
1040 1849 1074 1905 ἲΔ

873 2116 1048 2170 PIIA'.
1078 2146 1132 2156 —--
1184 2115 1268 2182 Τῷ
1297 2117 1480 2183 αὐτῷ.

474 2220 494 2255 t
535 2203 844 2270 Πεινῶντας
877 2207 1174 2278 ἐνέπλησεν
1201 2210 1438 2279 ἀγαθῶν,
1479 2211 1574 2266 καὶ
1606 2209 1966 2280 πλουτοῦντας

395 2293 738 2358 ἐξαπέστειλε
767 2300 976 2368 κενούς.
1014 2319 1033 2353 ι
1066 2304 1128 2355 Οί
1157 2303 1265 2374 γὰρ
1297 2305 1403 2374 πρὸ
1440 2305 1540 2375 τῆς
1577 2304 1823 2376 κλήσεως
1847 2323 1966 2359 πει-

395 2385 596 2453 νῶντες
620 2391 712 2444 τὸν
749 2391 887 2445 θεῖον
919 2393 1077 2461 λόγον
1120 2394 1344 2460 ἐθνικοὶ,
1383 2395 1521 2466 μετά
1559 2396 1622 2450 τὸ
1653 2397 1960 2465 πιστεῦσαι,

395 2481 689 2551 τρέφονται
743 2483 1075 2554 κατακόρως,
1124 2488 1219 2540 καὶ
1270 2488 1603 2542 ἀπολαύουσι
1648 2489 1756 2542 τῶν
1801 2489 1962 2545 θείων

392 2572 739 2642 διδαγμάτων
761 2589 778 2606 ο
808 2575 857 2626 ot
882 2574 936 2628 δέ
982 2593 1046 2644 γε
1074 2577 1474 2649 πλουτήσαντες
1512 2580 1662 2652 νόμῳ
1716 2582 1810 2635 καὶ
1849 2584 1960 2647 τοῖς

392 2665 698 2734 προφήταις
742 2664 1000 2737 Ἑϐραῖοι,
1041 2669 1131 2722 διὰ
1171 2670 1268 2740 τῆς
1307 2670 1566 2733 ἀπιστίας
1605 2671 1957 2743 λιμώττουσι.

393 2757 484 2810 καὶ
529 2758 734 2828 πτωχοὶ
779 2758 1102 2831 πορεύονται
1154 2762 1518 2828 ἀπολέσαντες
1553 2764 1652 2829 τάς
1682 2765 1741 2834 ἐξ
1791 2765 1957 2838 ὕψους

392 2847 645 2917 χάριτας·
677 2849 813 2903 διότι
863 2851 1003 2906 κατά
1043 2852 1169 2918 τοὺς
1209 2853 1399 2923 λόγους
1429 2855 1536 2910 τῶν
1575 2856 1897 2928 προφητῶν,
1921 2858 1955 2928 ἠ

392 2938 686 3010 Συναγωγή
714 2939 894 2994 αὐτῶν
921 2939 1124 3009 βιὸλίον
1151 2945 1483 2999 ἀποστασίου
1516 2946 1778 3014 λαὸοῦσα,
1800 2946 1956 3002 ἐκσέο

392 3029 585 3100 ὄληται
613 3032 678 3084 ἐκ
697 3031 789 3086 τοῦ
816 3033 968 3087 οίκου
997 3035 1090 3088 τοῦ
1121 3035 1280 3101 Θεοῦ,
1309 3037 1385 3101 ὡς
1423 3040 1670 3109 μοιχαλὶς
1696 3040 1791 3130 καὶ
1818 3038 1954 3110 πρὸς
1986 3072 2030 3130 C

389 3123 698 3195 ἀλλοτρίους
727 3123 924 3196 ἄνδρας
977 3127 1364 3198 ἐκμαινομένη,
1398 3130 1643 3183 τουτέστι
1695 3129 1823 3194 τοὺς
1846 3130 1962 3184 δαί⁹

392 3232 576 3285 μονας.
617 3216 818 3285 Εῖληφε
864 3217 1044 3270 τοίνυν
1087 3218 1150 3271 τὸ
1204 3219 1298 3272 τοῦ
1346 3221 1684 3283 ἀποστασίου
1731 3221 1959 3292 βιϐλίον,

387 3307 519 3378 ὅπερ
545 3309 688 3372 τινὲς
726 3308 948 3363 καλοῦσι
985 3309 1292 3382 ρεπούδιον,
1323 3313 1417 3366 καὶ
1458 3313 1800 3384 ἐξορισθεῖσα
1850 3313 1960 3368 τῶν

390 3402 599 3455 σεπτῶν
639 3404 980 3474 μυστηρίων,
1022 3404 1110 3459 διὰ
1140 3404 1300 3459 τοῦτο
1334 3404 1623 3476 πτωχεύει.
1660 3407 1820 3462 Ὅθεν
1843 3406 1959 3462 ἐστι

387 3493 588 3563 ἀρτίως
639 3495 936 3565 ὀφθαλμοῖς
1009 3496 1378 3552 κατοπτεῦσαι
1447 3498 1509 3552 τὸ
1568 3501 1958 3570 γεγραμμένον

387 3584 739 3654 προφητικῶς
769 3587 827 3639 ἐν
845 3591 912 3658 τῇ
945 3587 1112 3660 βίϐλῳ
1139 3590 1246 3648 τῶν
1281 3591 1519 3660 Κριτῶν.
1565 3592 1688 3646 Ἐπὶ
1720 3595 1818 3664 μὲν
1848 3593 1958 3666 γὰρ

388 3675 562 3729 πᾶσαν
590 3677 692 3749 τὴν
730 3678 852 3747 γῆν,
881 3680 977 3732 καὶ
1007 3683 1188 3735 πᾶσαν
1218 3683 1318 3754 τὴν
1350 3684 1440 3753 ὑφ’
1463 3683 1619 3755 ἡλίῳ,
1653 3685 1876 3754 γέγονέν
1897 3702 1956 3738 τε

386 3767 478 3820 καὶ
506 3767 723 3834 γίνεται
755 3770 788 3840 ἡ
812 3769 999 3840 δρόσος
1028 3770 1130 3840 τῆς
1161 3771 1415 3839 γνώσεως
1447 3772 1542 3826 τοῦ
1571 3773 1831 3846 Χριστοῦ·
1862 3775 1957 3828 ἐπὶ

385 3857 438 3910 δέ
460 3859 550 3913 τὸν
596 3862 766 3916 πόκον
807 3864 917 3920 τῶν
949 3866 1217 3922 Ἰουδαίων
1251 3869 1409 3939 μόνον
1437 3871 1471 3938 ή
1510 3869 1746 3939 ξηρασία
1782 3869 1952 3923 ἐστίν’

387 3952 604 4024 ἀπέπτη
663 3956 773 4027 γὰρ
813 3958 908 4011 ἀπ’
955 3959 1134 4013 αὐτῶν
1167 3962 1200 4030 ὴ
1240 3960 1339 4025 τὰς
1388 3961 1566 4031 ψυχὰς
1617 3959 1958 4024 ζωοποιοῦσα

387 4042 480 4096 καὶ
525 4043 786 4112 αὔξουσα,
848 4047 1170 4120 δροσίζουσά
1193 4068 1253 4103 τε
1280 4051 1374 4104 καὶ
1412 4051 1748 4122 ἐκτρέφουσα
1774 4051 1955 4121 χάρις.

343 4137 348 4142 “
399 4135 554 4190 Ἀλλὰ
583 4141 806 4193 κάκεῖνο
830 4141 1018 4208 γνῶθι,
1049 4143 1132 4195 ὅτι
1165 4145 1211 4195 οἱ
1240 4143 1306 4196 ἐκ
1337 4143 1444 4195 τῶν
1468 4143 1750 4213 ἁμαρτιῶν
1785 4161 1954 4213 μετα-

387 4229 652 4294 νοοῦντες,
703 4232 800 4285 καὶ
831 4233 966 4303 πρὸς
997 4233 1058 4286 τὺ
1092 4237 1342 4304 κρεῖττον
1387 4234 1808 4305 ἐπιστρέφοντες
1856 4236 1954 4289 ἄν·

388 4316 610 4386 θρωποι,
639 4319 1112 4393 ἐμπλησθήσονται
1152 4323 1364 4387 πάντως
1401 4323 1508 4378 τῶν
1551 4325 1653 4396 τῆς
1702 4326 1955 4397 ποικίλης

386 4408 583 4481 ἀρετῆς
615 4413 988 4484 πανευφήμων
1034 4415 1238 4471 σιτίων·
1281 4417 1330 4470 ol
1370 4416 1414 4469 δ’
1442 4418 1506 4470 ἐκ
1538 4417 1646 4470 τῶν
1669 4418 1951 4489 ἡμετέρων

386 4500 792 4571 ἁμαρτημάτων
824 4504 1014 4574 πρώην
1043 4506 1226 4570 κακῶς
1261 4507 1665 4577 πλουτήσαντες
1681 4506 1953 4578 δαίμονες,

385 4594 702 4649 ἀπολέσουσι
745 4596 838 4648 τὸν
876 4595 1125 4664 πλοῦτον,
1166 4601 1334 4669 ὅνπερ
1370 4601 1462 4654 ἐπὶ
1502 4601 1613 4652 τῶν
1663 4599 1800 4653 δνων
1863 4600 1956 4653 κα)⁸

382 4685 484 4737 τῶν
521 4687 786 4758 καμήλων
815 4687 1098 4756 ἐκόμιζον,
1146 4689 1222 4753 ῶς
1256 4708 1422 4761 φησιν
1482 4691 1738 4754 Ἡσαΐαςο
1794 4708 1956 4761 σκορ·

383 4777 603 4848 πίζομεν
625 4779 738 4850 γὰρ
765 4781 858 4833 τὸν
889 4782 1127 4837 τοιοῦτον
1177 4782 1426 4848 πλοῦτον,
1459 4784 1552 4836 καὶ
1594 4782 1953 4853 ὀλοφύρεσθαι

382 4871 470 4924 καὶ
487 4872 704 4942 θρηνεῖν
731 4874 943 4945 πικρῶς
977 4875 1234 4947 ποιοῦμεν
1265 4877 1390 4939 τοὺς
1418 4876 1694 4946 δαίμονας,
1727 4878 1854 4932 ὅταν
1883 4876 1950 4949 δὴ

380 4962 510 5032 πρὸς
550 4963 841 5033 μετάνοιαν
865 4965 1115 5036 ῥέψωμεν
1139 5011 1154 5028 .

865 5055 1038 5112 PIIB'.
1062 5086 1132 5098 -—
1163 5056 1248 5123 Τῷ
1274 5057 1454 5122 αὐτῷ.

440 5140 683 5211 Εἷρηκάς
713 5160 804 5212 μοι
829 5143 968 5213 ἄγαν
1000 5147 1475 5219 πολυπραγμονεῖν
1497 5147 1565 5201 τὰ
1593 5147 1946 5219 ἀναγεγραμ-

379 5231 511 5300 μένα
537 5235 826 5306 ίστορικῶς
849 5239 1170 5303 (εὖσύνοπτα
1194 5241 1304 5312 γὰρ
1329 5239 1544 5307 ταῦτα),
1577 5240 1711 5294 ἀλλά
1749 5241 1948 5311 μᾶλλον

375 5321 469 5392 τὴν
493 5326 680 5394 νόησιν
708 5324 816 5380 τῶν
838 5330 1234 5400 γεγραμμένων
1262 5331 1457 5402 λίχνως
1482 5330 1720 5402 διαθρεῖν
1746 5332 1946 5401 λέγεις,

375 5413 466 5467 καὶ
495 5417 572 5476 εις
599 5416 778 5483 λέξεις
823 5422 1019 5490 νοητὰς
1050 5421 1332 5492 βούλεσθαι
1375 5423 1546 5493 ἡδέως
1578 5424 1677 5494 τὴν
1726 5423 1952 5496 Γραφὴν

375 5503 756 5579 ἐκλαμϐάνειν.
792 5512 977 5582 Κέρας
1012 5515 1193 5569 τοίνυν
1233 5517 1506 5588 σωτηρίας
1549 5517 1646 5588 τὴν
1683 5517 1951 5572 ἀπάθειαν

393 5641 518 5764 ﬂ:
546 5640 656 5766 Issa.
688 5662 770 5703 vn
797 5687 814 5718 ,
846 5649 933 5707 I4.
977 5648 1022 5684 ¹³
1049 5651 1183 5708 Luc.
1223 5667 1266 5708 ι.
1299 5652 1390 5709 48.
1472 5652 1514 5686 ¹⁵
1547 5651 1685 5711 Ibid.
1711 5654 1800 5711 53.

1918 5654 1961 5687 "
1992 5655 2095 5710 Isa.
2140 5666 2192 5712 ι,
2230 5650 2281 5700 1.
2362 5646 2403 5677 ¹⁸
2440 5643 2552 5702 Jer.
2588 5659 2668 5712 ιιι,
2699 5645 2751 5699 8.

2077 1831 2267 1880 ternus
2330 1825 2574 1896 fructus;
2635 1834 2766 1902 quid
2827 1836 2972 1892 ultra
3036 1843 3323 1897 contendis
3375 1844 3649 1914 postulas-

2075 1929 2212 1984 que,
2253 1915 2536 1988 Deiparam
2573 1921 2799 1980 Mariam
2843 1927 2942 1983 tibi
2983 1934 3409 1989 commonstrari
3464 1943 3646 1990 vatem

2074 2001 2282 2061 fuisse?

2534 2099 2816 2157 CLXXXI.
2850 2135 2922 2145 —
2961 2106 3165 2163 Eidem.

2147 2201 2167 2235 ‹
2195 2184 2512 2245 Esurientes
2536 2191 2781 2260 implevit
2812 2196 2986 2261 bonis,
3011 2201 3272 2257 etdivites
3301 2204 3505 2259 dimisit
3532 2206 3648 2262 ina-

2071 2289 2170 2330 nes
2203 2275 2268 2330 “.
2316 2295 2335 2329 ι
2371 2277 2475 2344 Qui
2506 2281 2653 2336 enim
2685 2291 2810 2339 ante
2843 2289 3181 2344 vocationem
3213 2295 3530 2350 esuriebant
3563 2297 3646 2350 di-

2070 2365 2256 2421 vinum
2292 2371 2517 2425 verbum
2568 2375 2820 2443 gentiles,
2857 2389 3144 2449 postquam
3177 2385 3550 2452 crediderunt,
3575 2388 3642 2442 ad

2069 2459 2374 2515 satietatem
2399 2463 2772 2531 enutriuntur,
2799 2477 2851 2521 et
2875 2469 3074 2526 divinae
3107 2473 3376 2530 doctrinae
3409 2480 3641 2547 partici-

2066 2570 2163 2626 pes
2197 2557 2374 2624 Iiunt;
2424 2558 2517 2628 qui
2559 2575 2690 2615 vero
2722 2571 2777 2616 et
2814 2563 2964 2634 lege,
2996 2575 3050 2620 et
3085 2571 3362 2639 prOphetis
3397 2574 3642 2631 abunda-

2065 2655 2196 2702 runt
2228 2650 2464 2718 Hebraai,
2488 2660 2718 2724 propter
2751 2654 3194 2715 incredulitatem
3225 2662 3368 2720 fame
3385 2679 3638 2735 pereunt,

2064 2736 2370 2812 inopesque
2413 2745 2810 2815 obambulant,
2870 2765 2991 2806 cum
3034 2753 3195 2818 dona,
3246 2775 3368 2828 qua
3407 2764 3642 2832 desuper

2065 2832 2351 2901 accedunt,
2401 2837 2707 2894 amiserint.
2761 2838 2829 2895 Ut
2885 2843 3031 2898 enim
3097 2845 3282 2902 ferunt
3341 2854 3638 2924 pr0phetae,

2063 2927 2418 2996 congregatio
2455 2930 2741 3000 ipsorum,
2789 2933 2931 2990 libro
2972 2941 3186 3008 repudii
3244 2952 3472 3014 accepto
3518 2954 3640 3000 tan—

2062 3029 2224 3086 quam
2252 3017 2495 3072 adultera
2524 3019 2687 3076 domo
2717 3019 2814 3076 Dei
2840 3023 3015 3091 ejecta
3043 3035 3130 3082 est
3153 3028 3218 3095 ",
3252 3038 3306 3084 et
3339 3032 3390 3085 in
3429 3033 3645 3089 alienos.

2061 3107 2234 3174 viros,
2266 3108 2545 3166 daemones
2579 3110 2816 3178 scilicet,
2845 3114 3070 3172 insanit.
3106 3119 3329 3190 Accepit
3357 3123 3539 3191 itaque
3574 3126 3644 3178 li-

2061 3199 2263 3255 bellum
2303 3201 2539 3272 repudii,
2585 3217 2615 3258 a
2670 3207 3108 3278 venerandisque
3154 3215 3428 3282 mysteriis
3474 3217 3634 3287 213

2059 3287 2299 3343 extorris
2354 3289 2569 3360 inopem
2615 3293 2784 3345 vitam
2824 3295 2934 3364 agit
2963 3296 3027 3350 ιθ.
3065 3294 3204 3353 Ilinc
3254 3301 3416 3354 modo
3457 3305 3635 3358 oculis

2058 3377 2205 3449 quod
2239 3379 2294 3434 in
2328 3380 2471 3436 libro
2509 3379 2764 3437 Iudicum
2811 3384 2995 3440 divine
3038 3403 3375 3457 praesensum
3415 3401 3469 3447 et
3498 3409 3632 3462 pra:—

2057 3471 2262 3527 dictum
2295 3481 2402 3538 est,
2439 3475 2637 3530 intueri
2679 3493 2972 3547 possumus
3004 3481 3066 3533 ".
3106 3479 3160 3535 In
3186 3498 3400 3539 omnem
3433 3489 3631 3542 etenim

2056 3570 2282 3628 terram,
2323 3580 2444 3636 qua:
2490 3567 2592 3621 sub
2651 3570 2767 3623 sole
2797 3578 2901 3633 est,
2946 3586 3037 3626 ros
3079 3571 3410 3630 Christiana:
3443 3579 3633 3649 cogni-

2057 3653 2222 3710 tionis
2243 3663 2396 3710 ortus
2421 3667 2524 3721 est,
2544 3667 2594 3712 et
2623 3674 2770 3714 nunc
2789 3677 3008 3731 quoque
3037 3663 3180 3718 cadit
3207 3683 3220 3719 :
3254 3676 3628 3726 verumtamen

2057 3758 2224 3813 super
2252 3746 2425 3800 vellus
2459 3744 2768 3802 Judaeorum
2807 3755 3185 3808 tantummodo
3232 3756 3451 3810 siccitas
3498 3760 3624 3813 lior-

2056 3843 2160 3891 ret.
2191 3835 2436 3908 Namque
2467 3835 2535 3894 ab
2565 3841 2720 3910 ipsis,
2753 3843 2966 3898 animas
2993 3845 3296 3913 vivilicans,
3329 3850 3624 3920 adaugens,

2057 3925 2304 3982 irrorans
2337 3939 2391 3984 et
2419 3932 2703 3988 enutricns
2734 3933 2908 4002 gratia
2936 3936 3195 3990 evolavit.
3239 3937 3373 3992 Illud
3411 3955 3627 4012 quoque

2058 4021 2202 4076 scias
2237 4023 2419 4087 velim,
2460 4039 2554 4078 eos
2589 4028 2679 4094 qui
2714 4041 2742 4078 a
2769 4029 3016 4094 peccatis
3051 4030 3401 4100 resipiscunt,
3426 4042 3480 4088 et
3513 4051 3625 4105 pos~

2057 4112 2341 4166 nitentiam
2391 4123 2612 4184 agentes
2661 4116 2728 4168 ad
2783 4116 3068 4170 Dominum
3119 4121 3348 4188 gradum
3395 4124 3622 4191 faciunt,

2056 4202 2447 4259 laudatissimis
2479 4204 2641 4258 varia:
2667 4205 2884 4260 virtutis
2911 4205 3110 4263 eduliis
3145 4212 3370 4265 omnino
3403 4212 3517 4268 fore
3541 4231 3623 4270 re—

2055 4296 2313 4368 piendos;
2346 4296 2437 4367 qui
2463 4312 2590 4351 vero
2621 4297 2690 4351 ob
2721 4298 2920 4352 delicta
2953 4308 3141 4356 nostra
3177 4312 3334 4357 antea
3367 4306 3505 4360 male
3539 4307 3626 4359 di—

1983 4401 2029 4457 D
2059 4385 2196 4442 vites
2228 4384 2356 4438 facti
2385 4392 2512 4441 sunt
2538 4385 2830 4452 dremoues,
2861 4385 3081 4443 divitias
3116 4389 3438 4458 amissuros,
3482 4408 3622 4462 quas

2055 4493 2224 4548 super
2256 4478 2440 4532 asinos
2477 4485 2529 4530 et
2554 4477 2790 4532 camelos
2831 4477 3192 4548 deportabant
3228 4482 3300 4548 ¹¹¹,
3349 4491 3406 4537 ut
3443 4485 3624 4554 inquit

2053 4565 2243 4621 Isaias.
2281 4565 2500 4620 Similes
2532 4566 2676 4620 enim
2709 4566 2928 4622 divitias
2955 4568 3312 4642 dissipamus,
3353 4583 3407 4628 et
3439 4575 3623 4647 Iacry-

2052 4671 2192 4722 mas,
2242 4655 2589 4724 ejulatusque
2643 4671 2859 4711 amaros
2902 4658 3244 4718 daemonibus
3295 4663 3626 4732 incutimus,

2052 4761 2177 4801 cum
2207 4745 2274 4800 ad
2303 4745 2677 4816 paenitentiam
2711 4748 3061 4804 inclinamur.

2498 5053 2810 5110 CLXXXII.
2837 5087 2908 5096 —
2938 5057 3146 5112 Eidem.

2119 5143 2318 5202 Dixisti
2350 5145 2504 5212 mihi,
2537 5154 2590 5202 te
2623 5148 2840 5204 curiose
2874 5150 3036 5206 nimis
3068 5151 3395 5222 conquirere
3441 5155 3620 5214 histo~

2046 5239 2159 5296 rias
2211 5240 2417 5310 scripto
2461 5240 2694 5302 relatas,
2745 5256 2866 5309 qua:
2907 5241 3067 5296 facile
3101 5244 3157 5297 in
3199 5244 3618 5317 intelligentiam

2047 5317 2558 5401 cadere'possunt;
2605 5333 2714 5386 imo
2764 5333 2936 5401 magis
2987 5350 3198 5403 eorum,
3244 5354 3364 5408 quae
3413 5341 3622 5410 scripto

2048 5425 2304 5481 mandata
2327 5431 2476 5486 sunt,
2510 5425 2836 5478 sententiam
2865 5425 3026 5481 enixe
3053 5427 3245 5486 lateris
3283 5433 3616 5500 expendere,

2049 5524 2105 5572 et
2136 5516 2205 5571 ad
2262 5514 2538 5569 dictiones
2571 5513 2973 5570 intellectuales
3003 5517 3240 5576 libenter
3275 5519 3615 5592 Scripturam

2865 5647 2907 5678 "
2937 5645 3116 5708 Judic.
3149 5622 3224 5722 vi,
3251 5656 3344 5728 40.
3449 5659 3490 5691 ⁸⁸
3511 5658 3616 5712 Isa.
