4064 6160
401 278 515 342 295

1873 280 1932 338 S.
1975 275 2139 338 NlLI

3555 265 3664 329 296

400 392 746 458 detorquere.
789 387 969 444 Cornu
1023 386 1209 457 itaque
1256 385 1448 442 salutis
1496 387 1562 451 ",
1611 384 1967 442 indolentiam

2090 383 2286 451 νόησον,
2310 374 2458 433 οἶκον
2486 378 2543 432 δὲ
2568 375 2659 430 τοῦ
2693 374 2858 430 Δαυτδ
2886 374 2984 446 τὴν
3016 373 3364 446 Ἐκκλησίαν.
3395 376 3458 429 Ei
3481 377 3662 431 τοίνυν

403 496 526 536 esse
566 479 868 550 intelligito,
896 479 1119 549 domum
1144 476 1312 530 David
1350 476 1670 533 Ecclesiam.
1707 477 1766 532 Si
1793 478 1978 548 itaque

403 577 462 626 ct
489 571 606 640 ipse
633 586 697 625 ex
725 571 908 634 domo,
939 584 1059 639 quae
1092 569 1416 639 intelligitur
1454 584 1578 625 esse
1613 569 1858 634 Davidis,
1893 583 1975 634 es,

405 661 759 717 indolentiam
786 675 1002 726 exerce,
1027 668 1082 716 et
1114 661 1308 714 animae
1341 659 1758 728 perfectionem.
1792 660 1979 716 Potest

405 768 638 822 namque
664 752 826 805 etiam
861 752 963 806 hoc
992 753 1044 806 in
1075 751 1254 805 medio
1283 759 1552 806 terrarum
1587 751 1706 805 orbi
1743 749 1978 814 absolvi,

404 842 864 912 quemadmodum
922 842 978 896 in
1025 840 1262 911 Josepho
1300 849 1354 897 et
1401 843 1459 897 in
1500 841 1725 897 Daniele
1771 839 1979 896 factum

405 942 507 989 est.

758 1027 922 1098 2m
963 1023 1368 1081 CLXXXIII.—
1389 1025 1597 1083 Eidem.
1973 1089 1976 1094 _

477 1119 617 1175 Sunt
637 1121 887 1174 nonnulli
916 1134 1062 1173 nunc
1084 1133 1305 1188 quoque
1338 1117 1605 1188 temporis
1626 1132 1854 1174 numero
1877 1115 1984 1173 llu-

401 1213 475 1268 vii
539 1226 806 1282 aquarum
862 1225 1029 1266 cursu
1090 1208 1461 1275 indeficienti',
1523 1209 1725 1264 divinis
1792 1210 1983 1279 repleti

404 1304 647 1368 ﬂuentis,
673 1311 728 1359 et
750 1301 971 1373 praprio
994 1301 1198 1372 impetu
1233 1299 1510 1354 civitatem
1540 1298 1654 1363 Dei,
1681 1297 1984 1354 Ecclesiam

404 1398 553 1462 dico,
593 1395 871 1451 hilaritate
904 1401 1332 1464 conspergentes
1357 1406 1639 1462 nunquam
1665 1392 1987 1462 quiescente

405 1488 777 1543 irroratione:
811 1502 905 1542 eos
938 1485 1210 1556 intelligo,
1247 1484 1343 1556 qui
1369 1500 1472 1540 usu
1503 1493 1558 1538 et
1586 1480 1987 1539 consuetudine

408 1580 575 1634 amati
604 1589 658 1632 et
685 1579 843 1633 beato
872 1577 1179 1633 Philemoni
1211 1583 1266 1632 et
1299 1573 1610 1645 Nicephoro
1637 1569 1798 1640 conju
1812 1563 1984 1627 netis-

409 1671 534 1726 simi
563 1671 770 1726 vivunt.
803 1668 870 1724 Ili
901 1686 1028 1726 vere
1064 1669 1514 1726 sublimissimam
1548 1657 1903 1722 indolentiam
1933 1673 1986 1720 et

408 1763 774 1834 cognitionem
835 1761 1202 1832 possidentes,
1266 1774 1484 1815 necnon
1544 1759 1983 1829 pretiosissimas

409 1851 620 1923 lapides
654 1851 707 1905 in
738 1851 863 1906 sinu
911 1850 1224 1906 deferentes
1265 1851 1523 1905 omnibus
1574 1859 1983 1918 proponuntur,

411 1944 830 2009 carbunculum,
877 1943 1125 2014 inquam,
1159 1951 1215 1998 et
1245 1942 1472 1999 viridem
1505 1941 1763 2010 lapidem.
1795 1938 1989 1994 lnnuet

411 2051 579 2106 porro
602 2037 741 2106 lapis
761 2035 952 2090 viridis
973 2050 1119 2101 cum,
1142 2034 1235 2105 qui
1257 2049 1326 2089 ex
1346 2033 1746 2089 exercitatione
1769 2031 1825 2085 in
1849 2029 1991 2085 facie

412 2132 658 2194 apparet,
694 2139 873 2192 quam,
903 2123 1140 2178 maxime
1178 2121 1551 2178 venerandum
1603 2121 1901 2190 pallorem',
1935 2127 1990 2175 et

412 2214 903 2284 refrigerationem,
919 2212 1397 2268 etconcretionem
1421 2211 1492 2266 ob
1514 2225 1764 2280 asperam
1788 2220 1990 2265 tracta-

413 2305 614 2359 tionem
642 2303 1009 2358 membrorum
1050 2303 1322 2370 corporis.
1353 2301 1736 2358 Carbunculus
1765 2302 1991 2372 praecla-

413 2408 526 2458 ros,
573 2393 881 2463 ignitosque
921 2391 1227 2461 spiritualis
1257 2389 1742 2460 contemplationis
1788 2403 1988 2445 sensus

415 2486 672 2546 intimos.
713 2484 805 2553 qui
846 2499 977 2538 sane
1021 2492 1075 2538 et
1113 2481 1327 2552 Cleopse
1368 2495 1464 2536 cor
1514 2481 1843 2537 adurebant.
1894 2479 1991 2537 His

411 2577 523 2646 jam
543 2575 780 2630 laudatis
808 2573 1222 2628 admirabilibus
1251 2573 1383 2628 viris
1404 2573 1577 2642 major
1600 2587 1628 2625 a
1647 2573 1757 2628 Deo
1785 2572 1992 2628 mundo

417 2667 712 2737 profluens,
764 2665 952 2720 aureis
995 2665 1236 2719 fontibus
1283 2665 1622 2735 conspicuus
1665 2663 1829 2720 datus
1883 2671 1990 2728 est,

414 2757 658 2812 Joannes
723 2756 1365 2826 Constantiuopolitanus
1424 2756 1756 2826 episcopus,
1831 2755 1993 2826 cujus

417 2848 610 2902 laudes
633 2855 817 2900 multa;
846 2847 952 2901 sibi
975 2849 1279 2916 sapientum
1303 2847 1501 2916 linguae
1522 2847 1821 2919 dispertita:
1841 2854 1990 2903 sunt.

419 2937 520 2992 Hic
548 2939 690 2993 enim
711 2953 874 3009 quam
903 2939 1188 2994 verissime
1220 2939 1587 2996 carbunculus
1617 2947 1722 3007 est,
1747 2955 1775 2995 a
1798 2941 1993 2996 tenella

2077 475 2170 527 καὶ
2198 472 2359 536 αὐτὸς
2387 470 2479 524 τοῦ
2513 469 2662 524 οἷκου
2714 469 2979 540 ὑπάρχεις
3007 468 3100 521 τοῦ
3135 467 3426 538 νοουμένου
3476 467 3659 535 Δαυτδ,

2077 565 2347 620 ἀπάθειαν
2388 566 2628 634 ἇσκησον
2669 561 2768 616 καὶ
2823 561 3100 614 τελείωσιν
3146 560 3345 632 ψυχῆς.
3400 560 3666 633 Ἐγχωρεῑ

2077 657 2186 730 γὰρ
2215 657 2372 712 τοῦτο
2394 657 2488 711 καὶ
2517 659 2573 710 ὲν
2601 655 2748 727 μέσῳ
2774 653 2868 707 τοῦ
2889 652 3663 726 κόσμουῖτελεσιουργηθῆναι,

2078 749 2267 822 ὥσπερ
2299 751 2390 802 ἐπὶ
2417 747 2511 802 τοῦ
2545 747 2741 818 Ἰωσὴφ
2770 746 2865 800 καὶ
2897 746 2987 799 ἐπὶ
3008 745 3102 798 τοῦ
3130 745 3350 820 Δανιὴλ.

2567 1021 2737 1076 ΡΙ]Γ’⁸
2770 1051 2841 1062 —-
2870 1018 2954 1085 Τῷ
2985 1018 3166 1084 αὐτῷ.

2152 1113 2273 1166 Εἰσί
2303 1128 2448 1175 τινες
2493 1111 2588 1164 καὶ
2643 1110 2845 1180 ἀρτίως
2899 1107 3135 1177 ποταμοὶ
3191 1106 3394 1160 άένναα
3451 1105 3669 1177 ῥέοντες

2085 1205 2367 1276 θειοτέρων
2401 1201 2818 1274 πεπληρωμένοι
2844 1197 3094 1271 ῥείθρων,
3119 1200 3228 1262 τοῖς
3248 1198 3466 1261 οίκείοις
3497 1199 3668 1270 ὁρμή-

2087 1315 2219 1370 μασι
2238 1296 2336 1368 τὴν
2369 1295 2522 1348 πόλιν
2543 1293 2637 1348 τοῦ
2663 1292 2820 1358 Θεοῦ,
2850 1292 2950 1363 τὴν
2982 1290 3313 1362 Ἐκκλησίαν
3341 1296 3510 1364 φημί,
3534 1311 3666 1349 κατ-

2083 1388 2464 1460 εὐφραίνοντες
2506 1388 2574 1457 τῇ
2627 1384 2965 1455 ἀνεκλείπτῳ
2993 1382 3215 1455 ἀρδείᾳ·
3261 1383 3387 1446 τοὺς
3420 1383 3549 1453 περὶ
3577 1383 3670 1437 τὸν

2087 1480 2306 1551 θεοφιλῆ
2362 1480 2458 1532 καὶ
2495 1477 2664 1542 ὅντως
2721 1475 2994 1546 μακάριον
3028 1475 3226 1547 εἴρηκα
3262 1474 3538 1547 Φιλήμονα
3576 1477 3673 1529 καὶ

2085 1575 2417 1648 Νικηφόρον,
2445 1575 2641 1637 οἵτινες
2673 1572 3017 1644 ὑψηλοτάτην
3048 1572 3320 1627 ἀπάθειαν
3337 1572 3552 1644 άληθῶς
3574 1571 3669 1626 καὶ

2087 1667 2288 1736 γνῶσιν
2340 1666 2699 1738 κεκτημένοι,
2742 1667 2836 1718 καὶ
2869 1665 2997 1729 τούς
3049 1663 3449 1734 πολυτιμήτους
3487 1661 3670 1727 λίθους

2087 1758 2565 1829 ἐγκεκολπισμένοι
2617 1757 3013 1811 διαδείκνυνται
3063 1757 3221 1823 πᾶσι,
3277 1754 3368 1808 τὸν
3420 1753 3671 1825 ἄνθρακά

2076 1867 2228 1922 ,φημι
2287 1851 2380 1905 καὶ
2413 1851 2504 1904 τὸν
2538 1851 2798 1922 πράσινον
2833 1849 3000 1904 λίθον.
3040 1849 3306 1922 Σημαίνει
3348 1848 3394 1902 δ’
3422 1848 3486 1902 ἂν
3511 1849 3539 1900 ὁ
3571 1849 3670 1919 μὲν

2087 1940 2348 2013 πράσινος
2375 1940 2541 2007 λίθος,
2567 1940 2665 2012 τὴν
2703 1942 2767 1994 ὲκ
2797 1941 2901 2011 τῆς
2941 1939 3228 2010 ἀσκήσεως
3255 1939 3348 1992 ἐπὶ
3374 1936 3669 2007 προσώπου

2087 2029 2419 2100 φαινομένην
2449 2030 2786 2102 σεμνοτάτην
2816 2030 3102 2101 ὠχρότητα
3127 2029 3221 2083 καὶ
3244 2030 3343 2100 τὴν
3373 2027 3534 2098 ψύξιν
3577 2028 3673 2082 καὶ

2087 2122 2250 2193 πῆξιν
2274 2122 2381 2176 τῶν
2424 2121 2516 2174 τοῦ
2551 2121 2804 2193 σώματος
2835 2121 3012 2193 μελῶν
3053 2122 3140 2176 διά
3169 2121 3268 2191 τῆς
3318 2121 3669 2192 κληρουχίαςέ

2088 2218 2116 2271 ὁ
2139 2216 2194 2270 δὲ
2228 2217 2454 2289 ἄνθραξ,
2477 2215 2548 2270 τὰ
2572 2216 2804 2288 λαμπρὰ
2823 2216 2918 2270 καὶ
2943 2215 3141 2286 διακαῆ
3169 2218 3270 2286 τῆς
3289 2217 3670 2286 πνευματικῆς

2089 2304 2323 2377 θεωρίας
2353 2305 2730 2377 ἐνθυμήματα,
2766 2305 2910 2377 άπερ
2955 2305 3019 2375 δὴ
3046 2306 3140 2359 καὶ
3169 2303 3266 2358 τοῦ
3311 2305 3537 2361 Κλεόπα
3571 2305 3672 2377 τὴν

2090 2397 2317 2468 καρδίαν
2359 2396 2668 2468 ὲξέφλεγεν.
2705 2397 2923 2462 Μείξων
2969 2397 3026 2451 δὲ
3069 2397 3177 2451 τῶν
3209 2397 3512 2469 είρημένων
3537 2399 3671 2452 θαυ-

2094 2488 2312 2558 μαστῶν
2342 2489 2570 2560 άνδρῶν,
2603 2489 2754 2561 παρὰ
2781 2488 2918 2542 Θεοῦ
2947 2489 3026 2560 τῷ
3053 2489 3246 2560 κόσμῳ
3276 2490 3519 2560 ποταμὸς
3538 2507 3672 2562 χρυο

2092 2581 2319 2652 σορῤόας
2343 2581 2663 2652 δεδώρηται,
2701 2581 2956 2652 Ἰωάννης
2986 2583 3014 2635 ὁ
3045 2583 3670 2648 Κωνσταντινουπόλεως

2092 2671 2408 2736 ἐπίσκοπος,
2438 2667 2648 2737 οὗτινος
2677 2675 2806 2737 τούς
2843 2674 3098 2738 ἐπαίνους
3124 2673 3317 2730 πολλαὶ
3346 2673 3453 2727 τῶν
3491 2674 3670 2744 σοφῶν

2096 2765 2408 2834 μερίζονται
2429 2765 2692 2834 γλῶσσαι.
2718 2765 2960 2838 ’Δνθραξ
2983 2767 3092 2838 γὰρ
3124 2758 3276 2831 οὗτος
3307 2766 3669 2837 ἀληθέστατα,

2094 2854 2160 2908 ὲκ
2190 2853 2316 2917 νέας
2353 2854 2568 2924 ἡλικίας
2603 2854 2682 2926 τῷ
2721 2857 2861 2926 φωτὶ
2902 2857 3004 2926 τῆς
3033 2857 3314 2919 εὐσεϐείας
3340 2872 3671 2925 σπαργανώ-

2097 2946 2230 3015 θεὶς,
2257 2947 2352 3000 καὶ
2376 2947 2469 3001 ἐπὶ
2497 2947 2591 3001 τοῦ
2621 2947 2768 3002 θείου
2795 2949 2998 3003 κόκκου
3029 2948 3137 3002 τῶν
3161 2947 3441 3018 διαπύρων
3465 2947 3672 3019 νοημά-

420 3037 578 3083 aetate
608 3029 822 3100 pictatis
849 3029 1140 3097 splendore
1173 3030 1334 3086 etiam
1371 3031 1427 3086 in
1456 3031 1643 3088 fasciis
1678 3032 1987 3098 obvolutus,

2095 3055 2201 3093 των
2247 3038 2575 3109 τιθηνηθεὶς,
2605 3040 2698 3094 καὶ
2741 3040 3066 3112 πυριφλεγεί
3087 3041 3256 3113 πόθῳ,
3286 3041 3375 3095 διὰ
3406 3040 3508 3110 τῆς
3529 3040 3672 3095 κατὰ

421 3133 475 3175 et
504 3121 558 3174 iu
590 3121 775 3174 divino
807 3134 977 3190 grano
1011 3121 1305 3190 ignitarum
1354 3122 1750 3195 cogitationum
1783 3124 1994 3179 enutri-

420 3223 530 3278 tus,
579 3220 634 3269 et
683 3213 896 3267 ardenti
946 3212 1224 3268 desiderio
1257 3229 1356 3284 per
1394 3214 1702 3284 profectum
1735 3217 1992 3287 carptim,

420 3305 929 3375 incrementumque
963 3305 1018 3358 in
1058 3304 1292 3361 sublime
1320 3306 1542 3361 elevans
1578 3305 1853 3361 ﬂammam
1889 3306 1992 3361 do-

419 3397 610 3451 ctrin-.e
635 3435 649 3458 ,
690 3411 788 3465 pro
823 3411 930 3466 qua
965 3395 1034 3451 de
1071 3395 1220 3450 omni
1267 3396 1582 3451 mortalium
1616 3411 1817 3468 genere
1855 3398 1994 3454 bene

422 3486 754 3555 promeritus
794 3493 914 3551 est,
951 3486 1024 3542 ab
1067 3487 1176 3542 illis
1217 3494 1525 3557 separatus,
1559 3495 1827 3559 utensque
1863 3504 1996 3560 pru-

421 3576 828 3642 dentibusillis,
863 3578 955 3655 qui
987 3585 1148 3633 antea
1179 3584 1402 3647 propter
1436 3579 1693 3634 virtutem
1734 3579 1790 3634 in
1819 3580 1994 3635 maxi-

423 3679 510 3720 ma
559 3666 802 3720 omnium
851 3665 1216 3725 admiratione
1259 3674 1452 3734 erant;
1491 3675 1547 3723 at
1591 3683 1760 3734 nunc,
1808 3684 1873 3724 ea
1913 3679 1996 3725 est

423 3759 775 3828 praesentium
832 3762 1086 3816 socordia
1131 3801 1147 3828 ,
1180 3763 1462 3833 despectui
1520 3763 1816 3829 habentur,
1871 3764 1997 3821 licet

421 3859 668 3920 pastores
697 3852 840 3908 sint:
892 3853 1040 3924 quod
1069 3854 1252 3910 verbis
1290 3854 1398 3910 illis
1436 3852 1706 3910 Jeremias
1736 3855 1994 3927 deplora-

421 3941 538 3996 vit:
572 3941 856 4008 Quomodo
909 3950 1151 4000 stercore
1199 3943 1360 4014 215
1405 3944 1807 4001 circumvallati
1863 3956 1996 4004 sunt

2097 3128 2263 3200 μέρος
2305 3131 2588 3201 προκοπῆς
2652 3133 2749 3186 καὶ
2802 3131 3082 3203 αὐξήσεως
3101 3171 3118 3198 ,
3150 3133 3231 3196 είς
3256 3131 3392 3203 ὕψος
3413 3133 3550 3204 ἄρας
3575 3131 3672 3202 τὴν

2091 3221 2266 3290 φλόγα
2287 3224 2385 3293 τῆς
2415 3223 2636 3277 πάντων
2666 3224 2872 3296 βροτῶν
2901 3224 3257 3296 εὐεργετικῆς
3287 3225 3530 3296 διδαχῆς,
3553 3225 3672 3278 δια-

2090 3316 2492 3386 κεχωρισμένες
2524 3317 2768 3382 ἐκείνων,
2814 3317 2910 3372 καὶ
2935 3317 3371 3388 διακεχρημένος
3406 3320 3519 3382 τοῖς
3541 3318 3562 3340 '
3581 3317 3674 3370 εὐ-

2094 3407 2451 3477 φρονούντων,
2482 3408 2590 3462 τῶν
2619 3407 2810 3480 πρώην
2849 3411 2946 3480 μὲν
2977 3411 3414 3481 εὐφημουμένων
3450 3411 3517 3464 δι’
3544 3411 3672 3480 ἀρε-

2097 3497 2220 3568 τὴν,
2255 3499 2373 3552 νυνὶ
2401 3499 2458 3552 δὲ
2485 3499 2802 3570 ψεγομένων
2831 3501 2918 3556 διὰ
2937 3503 3039 3573 τὴν
3079 3501 3355 3574 ρᾳθυμίαν
3373 3541 3389 3568 ,
3420 3502 3526 3557 κᾶν
3551 3519 3671 3555 ποι-

2105 3588 2265 3660 μένες
2300 3591 2639 3662 τυγχάνωσιν
2661 3608 2676 3624 ο
2703 3590 2912 3662 οὕσπερ
2937 3593 3232 3665 ,Ἱερεμίας
3279 3593 3547 3665 ὲθρήνησι
3583 3593 3674 3648 λέ-

2103 3695 2216 3748 γων
2235 3698 2250 3712 ·
2279 3681 2402 3746 Πῶς
2441 3682 2671 3754 κοπρίαν
2704 3685 3091 3756 περιεσάλοντο
3123 3685 3463 3756 πραγμάτων
3493 3685 3677 3755 βιωτι-

2103 3772 2215 3826 κῶν
2245 3774 2340 3828 καὶ
2387 3774 2662 3847 φθαρτῶν,
2691 3777 2744 3831 οἵ
2773 3795 2904 3832 ποτε
2935 3778 3312 3850 τιθηνούμενοι
3345 3778 3438 3831 ἐπὶ
3474 3777 3677 3832 κόκκον

2097 3864 2197 3934 τῆς
2233 3865 2484 3936 οὐρανίου
2529 3870 2859 3940 καὶλσεμνῆς
2901 3869 3164 3941 βιώσεως,
3207 3869 3303 3925 καὶ
3328 3869 3425 3923 τοῦ
3458 3869 3675 3941 ἀφθάρ-

2093 3972 2188 4009 του
2238 3957 2333 4010 καὶ
2370 3959 2744 4030 πνευματικοῦ
2774 3960 3189 4032 πολιτεύματος.

421 4049 603 4089 rerum
627 4043 988 4102 terrenarum,
1008 4050 1073 4091 ac
1093 4035 1557 4108 corruptibilium,
1576 4037 1669 4109 qui
1691 4039 1990 4111 aliquando
2027 4048 2415 4105 nutriebantur
2444 4050 2498 4106 in
2527 4065 2697 4108 cocco
2727 4053 2772 4085 ²⁰
2797 4054 3047 4110 οωιεειίε
3077 4068 3143 4109 ac
3175 4053 3504 4111 venerandae
3532 4053 3674 4119 vita,

420 4136 475 4185 et
498 4129 960 4201 incorruptibilis,
989 4139 1043 4188 et
1069 4132 1335 4203 spiritalis
1370 4132 1634 4189 instituti.
1701 4183 1708 4188 .

606 4221 936 4278 CLXXXIV.
965 4253 1038 4265 —-
1069 4223 1348 4280 TEUCRO
1378 4221 1800 4307 CANDIDATO.

2376 4231 2546 4287 PHA'.
2580 4262 2650 4273 —
2687 4233 2965 4306 ΤΕΥΚΡῼ
2993 4233 3406 4307 ΚΔΝΔΙΔΑΤῼ.

492 4309 628 4365 Dum
665 4314 1003 4382 Scripturam
1048 4315 1450 4383 percurrimus,
1492 4317 1631 4370 nihil
1665 4303 1800 4372 novi.
1827 4317 1987 4374 nobis

2170 4321 2248 4391 Τῇ
2280 4321 2468 4394 Γραφῇ
2493 4323 2804 4395 ἐντυχόντες
2831 4303 3024 4380 οὐκ-ἂν
3052 4303 3427 4399 ξενισθείημεν
3454 4327 3678 4398 βλέπονο

420 4405 670 4458 accidere
700 4405 934 4468 videtur,
968 4419 1091 4458 cum
1129 4413 1182 4462 te
1212 4407 1588 4474 conspicimus
1616 4407 1803 4476 justos
1831 4423 1987 4464 exse-

2096 4409 2188 4472 τές
2213 4388 2272 4463 σε
2300 4388 2418 4468 λίαν
2443 4388 2871 4485 ’βδελυσσόμενον
2889 4417 3015 4480 τοὺς
3050 4388 3436 4483 δικαίουςϊκαὶ
3454 4388 3676 4490 ’μυκτη-

419 4501 688 4555 crautem,
721 4499 776 4545 et
809 4490 1151 4557 irridentem,
1187 4491 1489 4562 probisque
1533 4502 1807 4563 petentem
1848 4497 1987 4565 piam

2103 4499 2320 4569 ρίζοντά
2365 4519 2423 4555 τε
2478 4503 2575 4556 καὶ
2618 4504 3039 4576 διαχλευάζοντα
3075 4508 3171 4578 τὴν
3214 4507 3419 4562 τούτων
3476 4507 3676 4577 εὐσεϐῆ

417 4594 607 4634 eorum
627 4579 1048 4634 institutionem.
1067 4578 1345 4650 Scriptum
1373 4590 1457 4637 est
1479 4584 1658 4638 enim:
1691 4603 1707 4635 ι
1731 4584 1987 4641 Peccator

2099 4591 2419 4661 κατήχησιν.
2451 4593 2762 4665 Γέγραπται
2795 4595 2923 4668 γὰρ,
2952 4598 3032 4651 ὅτι
3065 4617 3084 4650 ι
3114 4598 3206 4669 Τῷ
3226 4599 3540 4670 ἁμαρτωλῷ
3558 4599 3676 4668 βδέ-

417 4679 736 4727 exsecratur
759 4669 854 4725 Dei
875 4672 1273 4727 ουίιυιιι¹¹.›Ει
1291 4673 1418 4730 alibi
1447 4692 1462 4730 :
1491 4693 1510 4727 ι
1537 4675 1724 4732 Audiit
1744 4678 1987 4733 divinum

2097 4680 2283 4753 λυγμά
2309 4686 2455 4738 ἐστιν
2472 4688 2506 4756 ἡ
2530 4685 2860 4744 θεοσέϐεια.»
2887 4691 2994 4744 Καὶ
3021 4691 3185 4744 πάλιν
3209 4669 3403 4762 φησὶν,
3422 4669 3546 4744 ὅτι(
3574 4691 3676 4743 Ἤ·

419 4762 642 4817 verbum
677 4763 898 4828 stultus,
931 4769 986 4817 et
1024 4778 1243 4829 excors,
1271 4769 1325 4820 et
1361 4765 1560 4836 abiecit
1587 4767 1724 4822 illud
1755 4777 1904 4824 retro
1935 4770 1987 4824 in

2099 4791 2262 4830 κουσε
2284 4776 2426 4833 θεῖον
2447 4777 2604 4848 λόγον
2634 4782 2816 4852 μωρὸς
2869 4783 2964 4836 καὶ
3007 4783 3287 4855 ἀκάρδιος,
3318 4784 3412 4837 καὶ
3443 4783 3677 4853 ἀπέρρι-

419 4852 662 4908 humeris
683 4855 798 4909 suis
816 4854 883 4908 “.
911 4871 928 4905 ι
955 4853 1094 4909 Alibi
1116 4871 1336 4926 quoque
1357 4857 1623 4927 scriptum
1646 4868 1730 4914 est
1749 4877 1761 4912 :
1777 4877 1794 4910 ι
1817 4857 1990 4916 Omne

417 4943 616 4997 animal
633 4943 810 4999 simile
827 4943 930 4999 sibi
958 4946 1164 5014 appetit
1193 4946 1260 5000 ".
1295 4966 1314 4999 ι
1340 4945 1620 5005 Scelestus
1650 4950 1796 5004 enim
1827 4950 1991 5007 homo

417 5035 706 5089 scelestum
736 5043 904 5103 amat,
932 5043 987 5090 et
1023 5037 1427 5107 complectitur.

552 5122 860 5180 CLXXXV.
883 5155 954 5165 —
984 5123 1298 5182 CAPITONI
1360 5126 1850 5184 PHRONTISTE.

485 5211 564 5266 Ne
594 5229 852 5270 manuum
881 5226 1100 5272 tuarum
1129 5233 1318 5274 amore
1350 5222 1607 5277 concitus
1629 5236 1724 5276 eas
1755 5221 1986 5286 exaltes,

415 5297 674 5352 laudibus
703 5305 970 5369 cumules,
1001 5314 1055 5360 et
1074 5307 1291 5362 beatum
1318 5317 1371 5363 te
1398 5310 1682 5378 praedices.
1708 5301 1857 5380 quod
1894 5327 1991 5382 per

415 5405 511 5446 eas
531 5396 587 5443 et
609 5387 829 5444 domum
865 5397 1164 5466 propriam,
1189 5407 1244 5452 et
1276 5399 1576 5470 plerosque
1599 5402 1738 5457 alios
1767 5401 1989 5458 nebulo-

414 5495 515 5535 nes
551 5487 716 5549 atque
754 5479 984 5541 infames
1015 5495 1314 5545 sustentas.
1357 5489 1470 5546 lmo
1501 5492 1685 5562 potius
1715 5491 1827 5548 Deo
1857 5509 1954 5562 gra

2091 4868 2192 4938 ψεν
2220 4868 2380 4924 αὐτὸν
2412 4869 2586 4924 ὀπίσω
2605 4871 2700 4924 τοῦ
2721 4873 2890 4927 νώτου
2913 4874 3100 4928 αὐτοῦ.
3145 4894 3163 4926 ι
3191 4876 3302 4927 Καὶ
3330 4873 3496 4928 πάλιν
3528 4873 3677 4943 είρη-

2091 4978 2201 5024 ται,
2234 4961 2314 5014 ὅτι
2343 4979 2362 5012 ι
2393 4961 2506 5016 Πᾶν
2537 4962 2678 5027 ζῶον
2702 4965 2764 5018 τὸ
2793 4950 2977 5036 ὅμοιον
3001 4968 3210 5038 ἀγαπᾷ.
3239 4986 3258 5018 ι
3294 4967 3538 5037 Πονηρὸς
3567 4965 3676 5036 γάρ

2092 5049 2398 5120 ἄνθρωπος,
2429 5051 2587 5106 ω).ον
2614 5054 2849 5125 πονηρὸν
2873 5057 3093 5126 στέργει
3118 5057 3216 5110 καὶ
3245 5056 3569 5118 ἀσπάζεται.

2277 5204 2286 5211 ἱ
2342 5140 2515 5197 ΡΠΕ¹.
2549 5172 2621 5186 --
2650 5145 2985 5200 ΚΑΠΙΤΩΝΙ
3014 5147 3427 5218 ΦΡΟΝΤΙΣΤῌ.

2165 5231 2258 5304 Μὴ
2289 5233 2430 5302 φίλει
2464 5234 2564 5299 τὰς
2583 5238 2774 5308 χεῖράς
2804 5253 2900 5292 σου
2929 5239 3170 5292 ἐπαινῶν
3189 5238 3413 5301 ταύτας,
3445 5237 3542 5290 καὶ
3573 5253 3674 5307 μα-

2097 5323 2340 5392 καρίζων
2380 5326 2590 5391 σαυτὸν,
2629 5327 2704 5394 ὡς
2726 5328 2795 5382 δι’
2814 5329 3026 5396 αὐτῶν,
3071 5331 3168 5386 καὶ
3210 5329 3301 5382 τὸν
3347 5329 3477 5384 ίδιον
3503 5324 3672 5394 οἷκον,

2093 5410 2188 5463 καὶ
2225 5413 2457 5480 πολλὼς
2487 5415 2682 5482 ἄλλους
2731 5420 2978 5492 ἀγύρτας
3041 5423 3138 5475 καὶ
3175 5420 3412 5491 φαύλους
3457 5419 3674 5490 διατρέσ-

2090 5513 2236 5568 φων·
2269 5502 2471 5570 μᾶλλον
2506 5505 2564 5558 δὲ
2595 5505 2674 5578 τῷ
2699 5506 2821 5577 Θεῷ
2849 5509 3160 5582 εὐχαρίστει
3204 5508 3281 5580 τῷ
3311 5509 3406 5563 καὶ
3435 5507 3534 5571 τὰς
3560 5509 3672 5578 χεῖ-

491 5652 535 5684 ¹⁹
571 5650 717 5708 Psal.
747 5670 878 5724 xvu,
918 5659 970 5713 3.
1047 5659 1314 5718 "Thrcn.
1350 5679 1424 5732 Iv,
1462 5664 1515 5720 5.
1591 5668 1634 5698 “
1674 5665 1840 5722 Eccli.
1875 5682 1914 5736 ι,
1941 5669 1987 5726 ’δε

2113 5671 2160 5703 ’³
2203 5671 2374 5730 Eccli.
2403 5691 2522 5747 ιιι,
2556 5679 2643 5737 18.
2745 5679 2790 5714 ³³
2826 5681 2999 5740 Eccli.
3033 5697 3152 5748 xm,
3182 5645 3264 5736 19.
