4064 6160
449 218 556 288 297

450 426 843 498 λανθανόμενος
871 427 972 492 τὰς
996 429 1184 501 χεῖράς
1214 447 1306 485 σου
1341 437 1692 504 προσκυνεῖς,
1739 438 2033 512 φοϐήθητι,

452 521 526 590 μή
553 535 683 572 ποτε
712 518 1072 592 παραλυθῶσι
1118 520 1189 576 δι’
1231 522 1516 590 ἀσθενείας
1548 527 1606 579 al
1635 529 1821 600 χεῖρές
1855 547 1970 598 σου,
1999 531 2034 604 ἢ

449 610 925 682 ἀποξηρανθῶσιν.

726 700 920 768 PHG".
949 732 1020 744 —
1045 701 1382 780 ΕΟΡΤΑΣΙῼ
1418 707 1743 782 ΔΙΔΚΟΝῼ.

520 791 790 856 Ἕκαστος
813 792 1169 864 ἁμαρτάνων,
1198 798 1560 870 μακρύνεται,
1590 803 1686 857 καὶ
1717 804 2035 877 ἀποσχοινί-

448 882 597 946 ζεται
629 883 738 936 ἀπὸ
784 882 944 950 Θεοῦ,
990 886 1052 939 οὐ
1103 887 1278 959 τόπῳ,
1329 891 1466 946 ἀλλὰ
1511 893 1719 966 τρόπῳο
1755 895 1849 950 καὶ
1875 897 2037 965 ξένην

447 974 856 1060 καταλαμϐάνει
877 976 1084 1049 χώραν,
1109 981 1360 1036 τουτέστι
1395 984 1556 1056 ξένην
1588 987 1712 1041 τινὰ
1737 987 2032 1064 διαγωγὴν,

447 1069 538 1121 καὶ
563 1058 1092 1140 ἀπηλλοτριωμένην
1110 1071 1206 1152 τοῦ
1229 1074 1575 1146 Κρείττονος·
1594 1080 1756 1133 κάκεῖ
1777 1058 2036 1152 λιμώττει

447 1157 630 1211 λοιπὸν
657 1151 765 1222 ζῶν
799 1158 1047 1225 ἀσώτως,
1074 1149 1168 1214 καὶ
1193 1152 1588 1236 διασκορπίσας
1619 1149 1871 1242 μοχθηρᾷ
1899 1189 2034 1244 προ-

449 1249 656 1321 αιρέσει
705 1249 805 1321 τὴν
840 1253 983 1306 κατὰ
1029 1253 1194 1323 φύσιν
1221 1257 1436 1330 ἀγαθὴν
1471 1261 1823 1319 κατάστασιν.
1859 1265 2034 1323 Ὅπου

451 1345 557 1414 γὰρ
579 1344 904 1416 σωφροσύνη
943 1346 1005 1400 οὐ
1029 1348 1298 1416 φαίνεται,
1325 1351 1444 1406 ἐκεῖ
1479 1353 1634 1425 λιμὸς
1660 1357 1899 1429 ἰσχυρός.
1933 1361 2038 1414 Πο-

444 1431 584 1486 tam
608 1433 664 1486 δὲ
692 1433 792 1498 τῆς
814 1433 1002 1506 χώρας
1022 1438 1237 1509 ἐκείνης
1267 1441 1516 1498 νοοῦνται
1555 1447 1606 1500 οί
1629 1446 1902 1519 δαίμονες,
1956 1452 2036 1504 οἶ-

451 1541 588 1586 τινες
617 1525 754 1595 μόνα
784 1527 852 1579 τὰ
877 1528 1220 1604 γλυκυφανῆ,
1256 1534 1350 1590 καὶ
1369 1535 1459 1588 τὸν
1476 1537 1732 1609 φάρυγγα
1760 1541 1856 1596 τοῦ
1885 1542 2035 1597 ἐσθί-

447 1632 592 1680 οντος
632 1617 966 1687 τραχύνοντα
995 1623 1226 1688 κεράτια
1264 1626 1361 1694 τῆς
1395 1628 1673 1700 ἁμαρτίας
1713 1631 2028 1704 κέκτηνται.

614 1710 782 1763 PﬂZ'.
815 1741 888 1752 —
913 1713 1349 1788 ΜΑΡΤΙΝΙΛΝῼ
1375 1719 1849 1795 ΙΙΡΕΣΒΥΤΕΡῼ.

513 1798 637 1864 Τοῖς
677 1801 930 1872 μέλλουσι
967 1804 1030 1857 τὸ
1080 1806 1354 1877 πρόϐατον
1401 1811 1605 1865 ἐσθίειν
1663 1813 2026 1886 Ἰσραηλίταις

443 1891 683 1963 κεφαλὴν
718 1894 816 1949 σὺν
843 1897 959 1959 τοῖς
992 1897 1150 1952 ποσὶν
1179 1899 1380 1954 ἐσοίειν
1409 1904 1439 1956 6
1461 1902 1624 1974 νόμος
1651 1905 1922 1975 ἐκέλευεν,
1957 1908 2024 1962 ἵν’

443 1983 599 2054 ἡμεῖς
621 1984 710 2038 διὰ
731 1983 823 2038 τοῦ
852 1985 1028 2042 τύπου
1060 1989 1326 2062 μάθωμεν
1364 1993 1464 2063 τὴν
1491 1995 1754 2067 ἀλήθειαν
1791 1998 1892 2069 τῆς
1928 1999 2022 2054 τοῦ

440 2075 708 2130 Δεσπότω
723 2078 1054 2149 οἰκονομίας,
1072 2082 1318 2154 κεφαλῆς
1345 2083 1444 2155 μὲν
1464 2085 1566 2155 τῆς
1596 2086 1849 2159 Θεότητος
1869 2108 2022 2145 νοου-

441 2165 632 2235 μένηςο
659 2167 837 2222 ποδῶν
865 2169 921 2222 δὲ
942 2172 1039 2242 τῆς
1068 2172 1489 2247 ἀνθρωπότητος
1508 2178 2019 2253 ἐκλαμϐανομένης.

447 2255 506 2312 '0
534 2259 644 2330 γὰρ
665 2259 836 2314 εἰπὼν
857 2263 1252 2338 εὐαγγελιστής
1275 2282 1288 2296 ·
1324 2285 1344 2320 ι
1393 2269 1481 2322 Ἐν
1510 2269 1654 2342 ἀρχῇ
1679 2267 1748 2344 ἦν
1769 2275 1798 2328 6
1825 2274 2018 2344 Λόγος,

439 2349 535 2403 xa‘t
563 2350 592 2402 6
618 2351 790 2420 Λόγος
818 2348 884 2424 ἦν
903 2354 1038 2426 πρὸς
1070 2355 1160 2410 τὸν
1189 2356 1343 2424 Θεὸν,
1369 2361 1464 2414 καὶ
1487 2362 1623 2426 Θεὸς
1641 2356 1708 2434 ἦν
1729 2365 1758 2418 6
1785 2365 2013 2434 Λόγος,ι

438 2441 690 2522 ἐπήγαγε
740 2443 942 2511 λέγων·
1002 2465 1020 2500 t
1055 2449 1166 2502 Καὶ
1222 2451 1252 2502 6
1293 2451 1468 2521 Λόγος
1529 2453 1671 2525 σὰρξ
1714 2456 1950 2524 ἐγένετο.
1991 2477 2012 2512 ι

440 2517 858 2600 Προσκυνείσοω
899 2535 997 2604 μὲν
1043 2531 1139 2591 οὖν
1169 2536 1243 2602 ὡς
1284 2517 1423 2610 Θεῷ,
1448 2517 1790 2598 πιστευέσθω
1815 2547 1892 2613 δὲ,
1933 2548 2016 2603 ὅτι

439 2623 532 2676 καὶ
553 2623 894 2696 ἡνθρώπησε.
926 2626 1158 2692 Διπλοῦς
1188 2630 1296 2702 γὰρ
1321 2626 1389 2703 ἦν
1417 2634 1445 2686 6
1475 2635 1728 2704 Χριστὸς,
1756 2637 1889 2702 Θεὸς
1914 2640 2014 2710 μὲν

436 2714 576 2768 κατὰ
603 2715 668 2769 τὸ
696 2717 946 2786 ἀόρατον,
987 2720 1273 2790 ἅνθρωπος
1313 2722 1372 2775 δὲ
1401 2725 1542 2778 κατὰ
1565 2726 1624 2779 τὸ
1659 2727 2010 2798 βλεπόμενον.

437 2804 571 2859 Οὔτε
626 2802 720 2862 οὖν
771 2808 832 2862 τὸ
883 2809 1061 2877 λέγειν
1099 2813 1388 2883 ἄνθρωπον
1445 2814 1573 2894 ἄνευ
1605 2817 1706 2888 τῆς
1759 2818 2011 2890 θεότητος

435 2897 730 2968 ἐωφελές,
766 2901 889 2954 οὔτε
936 2901 1034 2974 τὴν
1073 2904 1473 2978 ἁνθρωπότητα
1519 2907 1596 2978 μὴ
1629 2911 2010 2980 συνομολογεῖν

434 2992 501 3060 τῇ
535 2991 748 3062 θεότητι
783 2995 1068 3065 σωτήριον.
1105 2995 1290 3052 Ταῦτα
1335 2999 1472 3068 πρὸς
1502 3000 1573 3052 τὰ
1597 3001 1880 3072 γραφέντα
1916 3020 2008 3074 μοι

437 3081 588 3153 παρὰ
613 3082 708 3137 σοῦ
737 3083 806 3136 δι’
838 3084 1058 3154 ὀλίγων.

829 3235 832 3239 ,
911 3179 1092 3235 Pﬂll'.
1120 3211 1192 3220 —
1225 3181 1310 3248 Τῷ
1342 3184 1527 3250 αὐτῷ.

503 3265 566 3319 Τί
591 3268 759 3334 ἐστιν,
779 3269 912 3341 ὅπερ
942 3270 1089 3340 λέγει
1110 3271 1138 3323 6
1164 3275 1450 3346 προφήτης
1478 3277 1608 3346 περὶ
1645 3277 1757 3332 τῶν
1787 3279 2014 3349 ἀσωμά-

433 3373 538 3410 των
563 3356 863 3429 δυνέιμεων,
893 3361 975 3414 ὅτι
1010 3379 1030 3414 t
1067 3358 1177 3417 Ἦν
1199 3364 1270 3420 τὰ
1299 3365 1469 3436 σκέλη
1508 3367 1691 3421 αὐτῶν
1726 3369 1885 3439 όρθὰ,
1915 3370 2012 3426 καὶ

434 3451 700 3520 πτερωτοὶ
727 3452 778 3504 oi
802 3451 964 3514 πόδες
995 3453 1213 3521 αὑτῶν;
1259 3474 1279 3508 ι
1313 3457 1389 3511 υῦ
1423 3457 1534 3529 γὰρ
1560 3459 1624 3528 δὴ
1656 3461 2011 3532 προσδέονται

433 3537 537 3590 τῶν
589 3542 916 3609 σωματικῶν
965 3543 1183 3614 πάντων
1214 3547 1270 3599 αἱ
1316 3547 1634 3620 ἐπουράνιοι
1659 3587 1675 3614 ,
1727 3551 1824 3604 καὶ
1857 3551 2011 3620 ἅγιαι

432 3630 686 3702 δυνάμεις
709 3633 770 3687 τὸ
802 3635 1052 3704 καθόλου,
1085 3638 1146 3691 οὐ
1176 3638 1232 3691 δὲ
1260 3637 1366 3711 μὴν
1392 3640 1492 3712 τῆς
1520 3643 1658 3714 πρὸς
1686 3643 1859 3697 ταῦτα
1884 3646 2015 3718 χρῄ-

431 3717 612 3782 ζουσιν
634 3727 991 3792 ἐπινεύσεως’
1022 3729 1111 3783 διὰ
1137 3730 1296 3784 τοῦτο
1324 3732 1393 3786 τὰ
1416 3733 1581 3804 σκέλη
1607 3735 1742 3807 ὀρθὰ
1763 3717 2010 3808 εἴρηνται

432 3811 591 3881 ἔχειν.
619 3815 685 3867 Τί
716 3816 761 3868 δ’
779 3816 848 3870 ἂν
873 3818 1169 3884 δηλώσεηιαν
1195 3821 1354 3886 πόδες
1383 3825 1779 3896 ἐπτερωμένοι,
1809 3828 1843 3898 ἢ
1869 3828 2009 3882 πάν-

431 3916 536 3965 τως
564 3904 626 3956 τὸ
659 3907 794 3976 πρὸς
823 3909 891 3962 τὰ
917 3908 1184 3981 ⁸θειότερα
1223 3913 1333 3967 τῶν
1370 3915 1660 3985 νοημάτων
1692 3917 2010 3990 ὀξυκίνητον

429 3993 528 4063 τῆς
551 3996 766 4065 φύσεως
797 4001 1013 4072 ἐκείνης
1049 4004 1476 4079 ἀπηλλαγμένης
1502 4008 1687 4080 πάσης
1718 4010 2012 4082 χθαμαλω-

429 4085 592 4154 τέρας
612 4088 892 4158 ὑφέσεως;

639 4181 808 4235 ΡΠεν.
822 4213 893 4224 --
909 4185 1237 4259 ΓΕΡΜΑΝῼ
1267 4191 1784 4264 ΚΑΓΚΕΛΛΑΡΙῼ.

508 4269 918 4343 Ἦμιμόχθηρος
990 4276 1260 4346 ὑπάρχειν
1337 4297 1431 4349 μοι
1493 4281 1721 4348 ἔοικας,
1773 4283 1836 4337 οὐ
1898 4283 2008 4354 μὴν

427 4360 808 4434 όλομόχθηρος.
846 4366 1006 4420 Ὅθεν
1033 4369 1128 4422 καὶ
1163 4370 1334 4441 μικρὰ
1371 4372 1511 4427 καλὰ
1533 4376 1590 4426 ἐν
1613 4376 1700 4428 σοὶ
1720 4393 2003 4446 καταμαν-
2035 4397 2082 4456 ο

427 4453 620 4522 θάνων,
643 4457 861 4522 ἐλπίδας
889 4461 1130 4531 χρηστὰς
1158 4464 1380 4534 ἐμαυτῷ
1398 4466 1526 4535 περὶ
1549 4465 1644 4519 σοῦ
1662 4466 2000 4538 ὐποσπείρω,

428 4547 517 4600 καὶ
551 4548 782 4620 εὔχομαι
835 4553 964 4607 ἰδεῖν
1021 4571 1118 4609 σου
1171 4554 1368 4610 θᾶττον
1402 4556 1499 4628 τὴν
1523 4559 1616 4612 ἐπὶ
1660 4559 1728 4612 τὰ
1754 4559 2002 4628 βέλτιστα

429 4639 749 4712 μεταϐολήν.

734 4730 849 4800 PL}.
871 4765 941 4774 —
969 4735 1282 4808 ΟΛΥΜΠΙῼ
1314 4738 1681 4812 ΕΠΙΣΚΟΠῼ.

488 4819 580 4888 Μὴ
609 4819 1021 4894 ἐσοὰπότομος,
1054 4825 1267 4894 μήποτε
1313 4829 1584 4899 πειραθῇς
1621 4830 1770 4895 Θείας
1792 4833 2001 4900 ἀγανα-

423 4909 694 4979 κτήσεως,
720 4911 823 4966 κᾶν
843 4914 1018 4978 δοκεῖς
1047 4916 1196 4988 ζήλῳ
1221 4918 1646 4987 περιφλέγεσθαι
1671 4921 1998 4987 θεοσεϐείας.

424 4996 529 5049 Καὶ
555 4997 662 5069 γὰρ
683 5000 710 5050 6
741 5002 1159 5072 μακαριώτατος
1181 5009 1370 5071 Ἰωνᾶς
1397 5009 1458 5062 τὸ
1487 5010 1626 5079 ἄγαν
1664 5011 1864 5083 θερμὸν
1904 5013 1998 5069 τοῦ

401 5077 583 5158 ’ζήλου
620 5089 711 5144 διὰ
752 5093 846 5146 τοῦ
881 5097 1086 5167 κήτους
1138 5099 1511 5168 μεμάλακται.
1537 5077 1543 5079 Ἴ
1571 5102 1681 5156 Καὶ
1710 5077 1872 5170 adeo;
1902 5103 1996 5162 οὖν

423 5177 612 5248 βλέπε.
655 5185 730 5254 μή
765 5203 895 5240 ποτε
943 5187 1031 5242 διὰ
1059 5189 1122 5242 τὺ
1153 5191 1479 5260 ἁσυμπαθές
1507 5193 1585 5262 τῷ
1609 5195 1764 5266 κήτει
1821 5214 2000 5269 παρα-

420 5270 602 5344 δοθῇς,
634 5279 930 5350 πειρασμῷ
951 5299 1057 5334 τινι
1091 5283 1509 5357 ἀπροσδοκήτῳ,
1540 5288 1634 5340 καὶ
1662 5288 1994 5362 ἀνυποίστῳ.

421 5362 601 5436 Κῆτος
629 5367 688 5420 δέ
716 5370 813 5424 νῦν
846 5372 938 5426 τὸν
979 5374 1224 5428 διάϐολον
1269 5375 1429 5444 λέγω.
1491 5377 1637 5448 Πλὴν
1681 5379 1766 5433 ἵνα
1795 5381 1872 5452 μὴ
1900 5381 1998 5452 τὴν

425 5459 760 5529 συμμετρίαν
789 5461 1062 5517 ἐκϐαίνειν
1090 5462 1246 5531 δόξω,
1275 5467 1556 5538 συντόμως
1587 5468 1726 5536 λέξω
1747 5470 1991 5540 ἱστορίαν

490 5631 538 5664 ’⁵
561 5632 693 5688 Luc.
727 5651 818 5698 xv,
857 5636 944 5689 15.
1058 5638 1102 5669 ’⁸
1135 5637 1307 5693 Exod.
1341 5657 1440 5706 xu,
1482 5643 1533 5698 9.

698 5729 971 5790 Panos.
1017 5734 1128 5791 Gn.
1179 5734 1449 5797 LXXIX.

1649 5643 1870 5699 πίοιμι.
1908 5659 1947 5711 ι,
1986 5643 2036 5700 1.

1678 229 2217 298 EPISTOLARUM
2255 241 2404 304 LIB.
2447 245 2508 306 ΙΙ
2517 293 2528 306 .

455 293 554 409 ραε
584 336 728 392 δόντι
760 352 866 404 σοι.
896 335 988 392 καὶ
1018 338 1396 412 προνοουμένῳ
1421 357 1538 398 σου.
1567 343 1630 397 El
1658 345 1714 399 δέ
1745 346 1881 402 Θεοῦ
1911 350 2017 404 ἐπι·

455 427 468 452 -.
488 426 843 452 _..n....1..-..--
872 427 1183 452 ..ι-----9-ι.,
1222 447 1303 452 -,,,
1344 447 1496 452 ,μμ
1620 437 1642 452 .
1815 438 1913 452 -.λ

2117 293 2216 298 ___
2255 293 2404 304 _-...
2447 293 2528 306 --.
3617 293 3722 330 ινα

2141 355 2250 414 tias
2276 374 2398 432 age,
2428 363 2526 434 qui
2553 372 2607 422 et
2628 380 2824 426 manus
2853 371 3126 439 exhibuit,
3154 381 3208 430 et
3237 376 3320 430 tui
3345 392 3534 435 curam
3558 385 3722 452 gerit.

3617 261 3727 330 298

2140 446 2296 516 Quod
2330 453 2378 508 si
2408 453 2508 511 Dei
2544 457 2749 517 oblitus
2777 477 2974 519 manus
3005 472 3130 519 tuas
3164 446 3631 536 venerat-ismare
3657 489 3726 530 ne

2137 538 2441 611 aliquando
2465 556 2696 616 propter
2729 552 2928 606 malam
2959 555 3342 624 aegritudinem
3385 575 3584 618 manus
3611 571 3723 621 tua:

2139 631 2492 690 resolvantur
2525 646 2620 693 aut
2657 642 3029 697 exsiccentur.

2317 724 2650 785 CLXXXVI.
2681 763 2755 774 -
2780 731 3177 794 HEORTASIO
3216 738 3538 801 DIACONO.

2167 815 2452 882 ~Quilibet
2503 822 2634 878 dum
2695 836 2912 894 peccat,
2962 829 3254 901 elongatur
3313 843 3369 889 et
3433 847 3724 907 separatur

2133 922 2169 964 a
2197 908 2336 976 Deo,
2358 913 2524 985 216
2552 931 2662 970 non
2690 918 2835 984 loco,
2861 921 2957 976 sed
2988 923 3182 990 modo;
3207 935 3262 982 et
3284 927 3519 985 alienam
3544 934 3724 1002 regio-

2134 1011 2262 1054 nem
2303 1003 2549 1070 appellit,
2579 1019 2780 1060 novum
2816 1008 3029 1065 scilicet
3056 1011 3182 1067 vita:
3209 1013 3530 1072 institutum
3553 1060 3569 1084 ,
3601 1031 3656 1074 et
3688 1036 3720 1074 a

2130 1085 2373 1145 Numine
2405 1092 2682 1150 alienum:
2717 1097 2902 1167 ibique
2933 1100 2986 1154 in
3018 1112 3296 1170 posterum
3345 1106 3489 1163 fame
3519 1124 3721 1164 eneca-

2139 1181 2248 1241 tur,
2282 1176 2567 1236 luxuriose
2596 1183 2876 1249 vivens",
2903 1194 2956 1242 et
2989 1203 3157 1257 prava
3177 1192 3448 1248 electione
3472 1197 3718 1251 innatam

2131 1267 2466 1340 probitatem
2513 1272 2814 1344 dissipans.
2852 1277 2954 1334 Ubi
2989 1281 3138 1336 enim
3176 1285 3516 1341 continentia
3543 1290 3716 1356 nulla,

2137 1357 2211 1411 ibi
2237 1358 2408 1418 fames
2434 1363 2615 1420 valida
2650 1375 2756 1423 est.
2793 1368 2958 1426 Cives
2998 1388 3131 1429 vero
3165 1375 3407 1444 regionis
3449 1377 3600 1432 illius
3633 1379 3720 1432 in-

2137 1447 2458 1520 telliguntur
2497 1469 2625 1512 esse
2666 1457 2964 1529 daemones,
3011 1465 3109 1532 qui
3160 1479 3257 1522 eas
3309 1469 3713 1536 tantummodo,

2135 1555 2256 1609 qua:
2285 1542 2476 1602 dulces
2507 1561 2794 1618 apparent,
2821 1561 2878 1608 et
2905 1553 3123 1617 edentis
3151 1565 3344 1627 guttur
3360 1569 3714 1630 exasperant,

2133 1631 2366 1702 siliquas
2389 1641 2598 1704 peccati
2622 1643 2931 1712 possident.

2057 1709 2104 1768 Β
2201 1723 2557 1786 CLxxxvu.
2588 1709 2658 1774 -ζ
2687 1734 3124 1794 MARTINIANO
3153 1739 3640 1806 passsvrsao.

2201 1815 2488 1888 lsraelitis,
2520 1839 2680 1880 ovem
2709 1830 3066 1897 comesturis,
3103 1841 3272 1903 caput
3311 1849 3437 1890 cum
3482 1836 3714 1905 pedibus

2127 1919 2451 1966 consumere
2482 1913 2565 1969 lex
2605 1917 2955 1988 praecipiebat
2981 1922 3051 1986 ³⁸,
3086 1930 3146 1977 ut
3175 1937 3278 1978 nos
3306 1940 3372 1980 ea
3413 1926 3590 1996 tigura
3619 1942 3713 1983 ve-

2125 1997 2345 2056 ritatem
2407 2001 2711 2064 Dominictc
2763 2011 3154 2082 dispositionis
3214 2019 3711 2086 comprehendere-

2122 2103 2273 2152 mus,
2307 2105 2430 2148 cum
2469 2107 2635 2166 caput
2672 2099 3017 2173 intelligatur
3045 2119 3170 2162 esse
3207 2106 3513 2176 divinitas;
3543 2111 3712 2180 pedes

2119 2175 2372 2236 iudicent
2421 2182 2846 2245 humanitatem.
2895 2191 3248 2264 Evangelista
3308 2175 3560 2270 namque
3613 2203 3708 2272 qui

2123 2265 2372 2327 dixerat:
2399 2292 2418 2325 ι
2443 2275 2502 2330 In
2531 2278 2803 2350 principio
2819 2291 2940 2338 erat
2964 2283 3228 2348 Verbum,
3253 2297 3310 2344 et
3327 2265 3570 2346 Verbum
3592 2265 3712 2348 erat

2123 2358 2268 2428 apud
2299 2356 2491 2430 Deum,
2523 2375 2580 2422 et
2611 2367 2756 2425 Deus
2790 2380 2910 2428 erat
2934 2371 3176 2433 Verbum
3206 2379 3257 2410 ³⁸
3283 2397 3298 2447 ;
3334 2398 3354 2432 ι
3395 2381 3540 2438 infra
3567 2386 3708 2441 sub-

2115 2448 2302 2520 junxit
2331 2471 2343 2507 :
2378 2474 2398 2507 ι
2430 2455 2498 2510 Et
2527 2456 2762 2516 Verbum
2788 2478 2924 2519 caro
2954 2464 3159 2522 factum
3183 2477 3270 2525 est
3287 2471 3352 2525 "’.
3383 2490 3402 2524 ι
3432 2473 3710 2532 Moretur

2116 2539 2304 2613 itaque
2355 2553 2416 2599 ut
2461 2546 2630 2616 Dens,
2677 2553 3046 2626 credaturque
3099 2559 3377 2617 hominem
3428 2565 3702 2624 induisse.

2117 2631 2328 2704 Duplex
2369 2653 2604 2711 namque
2633 2652 2754 2700 erat
2792 2646 3080 2718 Christus;
3111 2654 3192 2708 uti
3219 2656 3313 2724 qui
3358 2659 3541 2716 oculis
3583 2675 3696 2715 non

2115 2725 2556 2814 subiiciebatur,
2609 2733 2792 2804 Deus;
2839 2739 2920 2794 uti
2963 2745 3060 2811 qui
3112 2744 3290 2801 oculis
3338 2747 3694 2814 subdebatur,

2113 2811 2300 2870 homo.
2335 2815 2468 2873 Eum
2501 2821 2670 2892 igitur
2699 2825 2979 2884 hominem
3021 2832 3206 2889 dicere
3248 2835 3371 2892 sine
3401 2811 3698 2898 divinitate

2112 2903 2260 2960 baud
2294 2912 2603 2978 proﬁcuum
2642 2925 2759 2983 est,
2797 2935 2976 2992 neque
3008 2923 3407 2984 humanitatem
3439 2946 3552 2986 non
3591 2949 3699 2988 una

2111 3007 2236 3047 cum
2280 2995 2568 3058 divinitate
2609 3005 2885 3073 conﬁteri,
2919 3013 3185 3073 salutare.
3227 3015 3358 3074 Haec
3383 3019 3458 3074 ad
3487 3036 3554 3077 ea
3577 3039 3702 3094 qua

2043 3063 2090 3125 ο
2121 3082 2251 3138 mihi
2277 3088 2602 3158 scripseras,
2622 3063 2978 3161 paucissimis
2987 3063 3208 3161 verbis.

2539 3183 2918 3246 CLXXXVIII.
2948 3223 3020 3236 -—
3047 3193 3261 3253 Eidem.

2189 3267 2330 3370 Quid
2361 3281 2465 3336 est,
2496 3277 2641 3344 quod
2678 3282 2946 3351 propheta
2972 3287 3076 3354 ait,
3112 3289 3181 3345 de
3210 3291 3560 3364 incorporeis
3593 3314 3696 3370 po.

2103 3361 2408 3426 ,testatibus
2433 3381 2446 3418 :
2485 3365 2687 3422 «Erant
2709 3386 2874 3428 crura
2895 3389 3089 3431 eorum
3120 3388 3291 3445 recta,
3327 3361 3390 3436 et
3409 3387 3576 3454 pedes
3595 3361 3697 3444 eo-

2112 3465 2234 3549 rum
2257 3452 2382 3508 alati
2403 3455 2512 3509 "‘h
2532 3457 2695 3530 217
2721 3460 2904 3533 Neque
2922 3467 3068 3522 enim
3095 3471 3350 3529 cmlestcs
3381 3452 3698 3549 sanctasque

2112 3538 2220 3596 illa:
2273 3554 2571 3614 potestates
2618 3553 2846 3616 omnlino
2893 3556 3051 3615 hisce
3095 3565 3380 3633 corporeis
3424 3538 3691 3639 indigent.

2102 3648 2291 3703 neque
2313 3637 2442 3694 item
2466 3641 2574 3699 illis
2601 3659 2739 3714 opus
2765 3656 2850 3703 est
2872 3648 2940 3704 ad
2959 3650 3067 3706 ista
3088 3667 3350 3712 accessus
3371 3675 3385 3724 ;
3405 3637 3691 3730 propterea

2110 3739 2275 3782 crura
2308 3739 2459 3787 recta
2495 3733 2699 3791 habere
2725 3738 3011 3795 dicuntur.
3039 3742 3180 3809 Quid
3218 3762 3351 3802 vero
3375 3759 3571 3806 notant
3598 3767 3692 3822 pe-

2111 3815 2209 3872 des
2243 3821 2395 3887 alati,
2433 3825 2541 3879 nisi
2582 3824 2651 3879 ad
2694 3827 2970 3885 diviniora
3007 3834 3252 3890 velocem
3310 3815 3690 3907 pernicitatem

2110 3905 2259 3965 illius
2331 3921 2543 3970 natura:
2619 3915 2691 3971 ab
2765 3920 2915 3974 omni
2979 3921 3266 3979 humiliori
3312 3905 3692 3998 Vsubjectione

2109 3997 2410 4058 immunis?

2239 4182 2571 4240 CLXXXIX.
2595 4216 2665 4227 —
2683 4187 3021 4246 GERMANO
3049 4192 3559 4256 CANCELLARIO.

2182 4273 2536 4346 Semipravus
2580 4279 2715 4333 mihi
2771 4280 2979 4338 videris
3019 4299 3172 4353 esse,
3222 4302 3338 4342 non
3381 4299 3530 4347 totus
3565 4295 3688 4348 uni~

2109 4379 2325 4421 versus.
2373 4365 2514 4421 Ilinc
2553 4375 2608 4424 et
2646 4369 2852 4439 pusilla
2893 4372 3038 4428 bona
3070 4374 3124 4430 in
3162 4383 3222 4434 te
3248 4377 3684 4450 deprehendens,

2096 4457 2309 4526 bonam
2338 4459 2458 4528 ipse
2479 4458 2551 4514 de
2598 4470 2650 4515 te
2678 4477 2830 4531 spem
2862 4465 3143 4536 concipio,
3172 4467 3550 4541 deprecorque
3574 4475 3685 4529 cito

2110 4545 2293 4601 videre
2319 4557 2470 4602 tuam
2502 4550 2570 4604 ad
2591 4551 2798 4620 optima
2823 4569 3058 4624 qumque
3087 4557 3550 4617 immutationem.

2415 4731 2570 4787 CXC.
2598 4764 2666 4774 ——
2686 4734 2992 4793 OLYMPIO
3019 4739 3382 4798 EPISCOPO.

2179 4819 2478 4879 Discaveas
2530 4825 2889 4892 immanitati,
2936 4831 3230 4900 nequando
3292 4834 3531 4888 divinam
3593 4834 3680 4889 in-

2103 4912 2484 4983 dignationem
2547 4917 2822 4982 incurras,
2877 4921 3006 4976 licet
3055 4923 3277 4991 pietatis
3341 4926 3461 4980 zelo
3523 4915 3690 4982 aduri,

2102 5005 2363 5064 videaris.
2399 5008 2536 5063 Nam
2566 5010 2926 5066 beatissimus
2955 5010 3126 5068 Jonas
3165 5015 3381 5070 terrens
3425 5018 3526 5072 zeli
3556 5027 3678 5073 stu-

2103 5099 2255 5156 dium
2283 5101 2465 5156 medio
2487 5109 2608 5157 ceto
2627 5103 2944 5159 emolliit”.
2968 5103 3115 5159 Cave
3159 5105 3322 5175 igitur
3365 5116 3424 5162 tu
3457 5126 3678 5180 quoque

2104 5210 2195 5259 ne,
2227 5195 2373 5264 quod
2406 5197 2624 5250 exorari
2657 5205 2710 5250 te
2753 5213 2865 5251 non
2905 5198 3070 5262 sinis,
3100 5209 3224 5252 ceto
3263 5200 3520 5268 tradaris,
3555 5211 3679 5258 ten-
3731 5242 3740 5248 .

2103 5289 2302 5342 talioni
2354 5303 2551 5358 nempe
2604 5289 2997 5358 inexspectata
3045 5296 3100 5344 et
3163 5290 3520 5348 intolerabili.
3572 5295 3678 5349 Ce-

2102 5386 2220 5433 tum
2269 5394 2436 5448 porro
2465 5394 2610 5434 nunc
2650 5380 2932 5434 diabolum
2971 5396 3254 5452 nuncupo.
3311 5385 3566 5440 Attamen
3610 5404 3680 5444 ne

2101 5485 2420 5525 mensuram
2470 5470 2714 5540 epistolae
2757 5470 3028 5526 excedere
3089 5474 3299 5539 videar,
3347 5478 3680 5546 compendio

2151 5645 2195 5676 ’⁷
2222 5644 2354 5700 ibid.
2387 5644 2464 5696 11.
2595 5646 2640 5675 ’⁸
2677 5647 2873 5702 Ezech.
2905 5664 2944 5711 ι,
2987 5650 3040 5706 7.
3137 5652 3180 5681 ¹⁹
3219 5649 3341 5705 Jon.
3375 5666 3435 5717 ιι,
3477 5653 3528 5707 1.

3213 5742 3281 5805 10
