4064 6160
464 375 567 438 305

1651 367 2186 428 EPISTOLARUM
2228 371 2372 428 LIB.
2413 371 2498 430 Ιῐ.

3579 367 3709 432 ’πιϐ

455 481 590 554 μεθα
617 475 712 530 τοῦ
764 474 910 528 θείου
955 472 1304 544 παραδείσου.
1373 474 1466 527 καὶ
1517 475 1644 538 τοὺς
1689 477 2040 546 δερματίνως

2144 497 2172 535 a
2247 480 2434 534 divino
2489 479 2745 549 paradiso
2800 479 3075 547 ejieimur,
3109 477 3166 533 et
3233 478 3473 546 pelliceis
3502 479 3708 535 “aﬂc-

452 569 682 643 χιτῶνας
715 566 826 619 τῶν
867 564 1056 618 παθῶν
1102 564 1474 633 ἐνδυσάμενοι,
1535 567 1599 635 τῇ
1641 566 1886 637 ἁμαρτίᾳ
1933 584 2034 621 ππ.

452 659 738 734 χυνθέντες
788 654 1260 726 καταϐρυνόμεθα.
1315 656 1411 708 Ἂν
1474 655 1530 708 δὲ
1573 656 1733 710 πάλιν
1768 657 2035 726 νήψαντες

450 754 536 807 διὰ
551 749 868 820 φιλοπονίας
879 746 1234 816 λεπτύνωμεν
1257 747 1354 817 τὴν
1370 744 1476 800 τῶν
1495 745 1763 817 ἐμπαθῶν
1785 747 2034 817 χιτώνων

453 842 758 913 παχύτητα,
813 838 1096 910 μετάρσιοι
1147 837 1414 906 γινόμεθα
1473 838 1907 908 πτεροφυοὼτες
1961 837 2036 901 ὡς

453 935 618 996 ἀετοὶ,
668 932 762 984 καὶ
811 927 1178 997 πνευματικοὶ
1225 925 1784 998 προσαγορευόμεθα,
1857 925 2036 990 καθὼς

456 1024 792 1093 γέγραπται,
827 1020 913 1072 ὅτι
956 1019 984 1069 ό
1017 1017 1415 1085 γεγεννημένος
1462 1019 1527 1069 ἐκ
1570 1016 1665 1070 τοῦ
1704 1015 2035 1088 πνεύματος,

454 1113 669 1183 πνεῦμά
701 1113 870 1164 ἐστιν*
900 1107 1040 1161 ὥστε
1068 1106 1248 1174 λέγειν
1278 1107 1408 1177 ἡμῖν
1442 1107 1532 1159 τὸν
1571 1106 1866 1162 ἀπόστολον
1886 1106 2035 1160 Παῦ-

452 1206 539 1260 λον
565 1222 578 1236 ·
613 1222 636 1258 ι
667 1204 860 1274 Ὑμεῖς
905 1202 963 1254 δέ
995 1201 1098 1254 οὐκ
1137 1199 1263 1254 ἐστέ
1300 1201 1358 1253 ἐν
1401 1199 1589 1268 σαρκὶ,
1620 1198 1735 1252 ἀλλ’
1790 1201 1846 1250 ἐν
1876 1197 2037 1251 πνεύ-

455 1315 608 1369 ματι,
639 1313 658 1346 ι
695 1293 834 1348 διότι
865 1290 1143 1346 ἀπέθεσθε
1200 1291 1292 1344 τὸν
1336 1289 1568 1344 παλαιὸν
1605 1289 1912 1359 ἄνθρωπον,
1944 1287 2037 1341 τὸν

454 1388 569 1448 ταῖς
600 1383 875 1445 ποικίλαις
915 1381 1235 1451 ἐπιθυμίαις
1285 1379 1628 1451 διεφθορότα.
1696 1380 1884 1450 Σάρκα
1927 1379 2037 1450 γὰρ

455 1476 850 1547 περικείμενοι,
889 1474 951 1543 οῤ
979 1473 1124 1527 κατὰ
1176 1474 1357 1546 σάρκα
1383 1470 1768 1543 στρατεύεσθε,
1800 1470 1914 1524 ἀλλ’
1955 1471 2038 1523 οὐ·

456 1567 799 1639 ρανοϐατείτε
817 1568 883 1636 τῇ
914 1566 1145 1636 διανοίᾳ.
1193 1583 1212 1618 ι
1264 1564 1448 1635 ’Υμῶν
1500 1564 1608 1636 γὰρ
1641 1565 1703 1616 τὸ
1736 1563 2038 1632 πολίτευμα

457 1664 510 1717 ἐν
533 1663 780 1734 οὐρανοῖς
797 1660 1057 1730 ὑπάρχει.
1107 1677 1126 1710 ι

824 1751 898 1805 Σ⁹.
939 1778 1008 1790 —-
1030 1749 1352 1820 ΣΩΚΡΑἸᾘ
1381 1746 1678 1802 KOMHTI.

2135 582 2323 626 ctuum
2402 571 2647 626 vestibus
2725 571 2949 634 amicti,
3017 578 3239 638 peccato
3302 580 3710 626 crassost-entes

2137 662 2458 731 gloriamur.
2501 659 2556 714 Si
2602 677 2820 714 rursum
2852 659 3035 713 stmlio
3066 659 3357 728 laboreque
3408 661 3529 714 sani
3582 659 3707 713 lacti
3797 663 3800 668 '

2136 754 2372 809 vestium
2408 753 2920 822 perturbationibus
2963 751 3328 805 ohnoxiarum
3380 751 3708 806 crassitudi-

2137 861 2261 900 nem
2299 845 2735 908 tenuaverimus,
2775 844 2957 899 enatis
2998 843 3158 898 nobis
3197 843 3300 898 alis
3347 843 3492 896 velut
3519 843 3712 910 aquin

2136 937 2194 993 in
2233 950 2361 991 aera
2397 937 2791 999 sublevauiur,
2824 948 3322 1004 nuncupamurque
3357 934 3710 1003 spirituales,

2135 1027 2602 1100 quemadmodum
2635 1028 2901 1096 scriptum
2951 1036 3038 1082 est
3069 1041 3218 1087 emn,
3267 1026 3362 1095 qui
3407 1041 3474 1079 ex
3515 1025 3710 1094 spiritu
3778 1018 3784 1028 “

2138 1122 2356 1191 genitus
2384 1128 2490 1182 est,
2524 1119 2780 1188 spiritum
2817 1133 2941 1174 esse
2963 1119 3007 1150 “
3037 1133 3050 1170 :
3076 1117 3209 1171 adeo
3233 1127 3295 1169 ut
3330 1116 3534 1170 Paullus
3591 1131 3715 1184 apo-
3771 1169 3773 1172 ,

2137 1210 2312 1265 stolus
2342 1209 2520 1264 dicat:
2547 1228 2566 1261 ι
2601 1207 2714 1263 Vos
2733 1216 2914 1262 autem
2946 1223 3053 1262 non
3084 1209 3218 1262 estis
3248 1209 3300 1260 in
3325 1221 3508 1269 carne,
3535 1207 3628 1259 sed
3659 1207 3711 1258 iu

2138 1301 2338 1371 Spiritu
2367 1303 2434 1367 “,
2495 1319 2514 1352 ι
2569 1299 2828 1368 queuiam
2881 1298 3216 1367 deposuistis
3277 1297 3438 1368 224
3478 1304 3710 1350 veterem
3754 1292 3759 1299 ’

2139 1393 2442 1456 hominem,
2492 1391 2658 1446 variis
2697 1389 2988 1447 desideriis
3038 1399 3358 1458 corruptum
3410 1388 3475 1439 ".
3539 1387 3716 1441 Carne

2137 1481 2284 1538 enim
2310 1482 2662 1545 circumdati,
2685 1497 2794 1536 non
2818 1482 3122 1536 secundum
3142 1493 3362 1532 carnem
3383 1475 3630 1530 militaris
3648 1475 3712 1538 “',

2137 1574 2235 1631 sed
2291 1575 2621 1646 cogitatione
2682 1575 2738 1628 in
2795 1573 2996 1628 cmlum
3049 1569 3393 1627 ascenditis:
3455 1586 3472 1619 ι
3521 1565 3712 1620 Vestra

2138 1677 2377 1734 namque
2401 1663 2754 1720 conversatio
2792 1664 2848 1716 in
2883 1662 3040 1717 caelis
3069 1669 3154 1717 est
3180 1659 3248 1714 δ’.
3289 1679 3310 1711 ι

2519 1754 2626 1809 CC.
2653 1784 2722 1796 —-
2745 1751 3038 1810 SOCRATI
3065 1749 3322 1810 COMITI.

525 1841 798 1914 Εὐμαριῖκ
844 1841 965 1897 λίαν
1023 1840 1131 1894 τῶν
1187 1839 1457 1894 θανόντων
1495 1838 1798 1909 ἀνθρώπων
1827 1838 1894 1892 τὰ
1929 1839 2036 1892 σώ-

2197 1843 2497 1915 Facillimo
2533 1845 2755 1915 negotio
2803 1843 3220 1898 demortuorum
3271 1838 3555 1894 hominum
3588 1851 3715 1890 cur—

459 1952 603 2006 ματα
645 1935 674 1987 ό
705 1933 898 2003 Σωτὴρ
926 1930 1162 2002 Χριστὸς
1203 1930 1500 2000 ἀγαπήσει
1533 1928 1728 1982 θᾶττον
1759 1928 2032 1999 πταρμοῦ.

459 2027 614 2078 Ποῖον
643 2024 775 2095 γὰρ,
815 2022 936 2076 εἰπέ
971 2039 1082 2092 μοι,
1127 2021 1310 2090 μεῖζον
1336 2023 1394 2074 ἐν
1430 2018 1715 2091 συγκρίσει
1752 2018 2035 2086 καμάτων,

459 2118 748 2188 ἀνδριάντα
772 2115 974 2170 πλάσαι
1003 2115 1095 2167 τὸν
1128 2112 1320 2184 πρώην
1375 2112 1451 2182 μὴ
1494 2109 1802 2180 ὑφεστῶτα,
1856 2108 1891 2179 ἢ
1945 2106 2038 2160 τὸν

461 2209 782 2262 διαπεσόντα
809 2204 1268 2277 ἀναχονεῦσαιείς
1302 2203 1366 2256 ab
1417 2202 1590 2267 αὐτό;
1632 2202 1692 2254 'U
1734 2200 1918 2253 τοίνυν
1972 2200 2038 2252 ἐκ

462 2300 551 2354 τοῦ
581 2300 656 2369 μὴ
681 2299 834 2363 ὄντος
862 2297 1097 2366 ποιήσας
1117 2297 1267 2366 ἡμᾶς
1287 2295 1443 2358 Θεὸς,
1484 2293 1645 2362 δῆλον
1673 2291 1756 2346 ὅτι
1794 2291 1890 2345 καὶ
1935 2307 2035 2344 πε-

463 2391 751 2454 πτωκότας
777 2390 924 2460 ἡμᾶς
951 2387 1317 2459 ἐξαναστῆσαι
1336 2385 1644 2456 δυνήσεται.

743 2664 863 2718 xm.
897 2691 967 2702 -
994 2662 1308 2732 ΒοΥΣιΡιῃ
1346 2659 1753 2727 ΝΑγκΑιιΡο.

535 2755 818 2825 Μέμνησο,
861 2756 943 2808 ὅτι
967 2756 1001 2826 ὴ
1039 2755 1184 2824 χήρα
1226 2754 1261 2824 ἡ
1297 2754 1354 2806 ἐν
1386 2754 1497 2814 τοῖς
1535 2748 1889 2818 Εὐαγγελίοις
1937 2764 2033 2815 γε·

466 2845 798 2916 γραμμένη,
854 2844 948 2897 ἐπὶ
1000 2844 1161 2898 ἱκανὰ
1203 2844 1296 2913 ἔτη
1355 2841 1680 2910 ἐνετύγχανε
1735 2838 1814 2909 τῷ
1864 2838 2035 2906 ἀδίκῳ

469 2941 622 3010 κριτῇ
674 2938 870 3007 ἐκείνῳ
909 2937 1177 3004 λέγουσα·
1225 2956 1244 2988 ι
1287 2934 1607 3002 Ἐκδίκησόν
1669 2950 1738 2999 με
1781 2931 1891 2985 ἀπὸ
1939 2929 2034 2982 τοῦ

467 3030 735 3084 ἀντιδίκου
788 3046 912 3098 μου.
961 3028 1132 3090 Αὐτὸς
1184 3027 1241 3080 δὲ
1293 3028 1395 3080 οὑκ
1444 3027 1634 3097 ἢθελεν
1686 3024 1780 3079 ἐπὶ⁸
1817 3023 2031 3094 χρόνον,

469 3120 582 3174 ἀλλ’
615 3107 990 3190 ὑπερετίθετο.
1027 3137 1047 3170 ι
1102 3117 1394 3182 Ἀντίδικος
1445 3117 1512 3172 ἂν
1562 3118 1647 3187 εἰη
1695 3117 1756 3170 οὐ
1804 3116 1962 3186 μόνον
2007 3116 2036 3168 ό

2138 1913 2272 2007 pora
2313 1936 2570 1992 Salvator
2609 1913 2869 1991 Christus
2923 1939 3368 1990 sternutamento
3406 1929 3574 1983 citius
3628 1944 3713 1981 re-

2137 2043 2366 2107 surgere
2400 2027 2589 2082 faciet.
2617 2026 2758 2093 Quid
2789 2027 2961 2090 enim,
2991 2025 3102 2088 dic,
3141 2023 3326 2082 sodes,
3361 2020 3414 2074 in
3457 2020 3708 2074 laborum

2139 2118 2556 2188 comparatione
2605 2119 2790 2186 majus
2827 2117 2954 2171 est?
3010 2115 3359 2177 Statuamne,
3395 2126 3517 2179 quae
3554 2117 3714 2164 antea

2139 2209 2289 2264 nulla
2312 2217 2461 2275 erat,
2497 2207 2780 2278 effingere,
2813 2222 2884 2262 an
2923 2221 3060 2261 casu
3106 2205 3364 2274 quopiam
3397 2201 3704 2268 disruptum

2135 2301 2196 2356 in
2223 2300 2471 2358 eamdem
2507 2297 2736 2354 formam
2763 2297 3033 2353 reﬁcere?
3061 2295 3166 2362 Qui
3199 2296 3369 2366 igitur
3399 2309 3501 2349 nos
3530 2309 3593 2348 cx
3627 2308 3713 2353 eo,

2138 2392 2282 2464 quod
2315 2407 2426 2446 non
2463 2400 2603 2456 erat,
2640 2391 2784 2446 Deus
2811 2389 3049 2452 creavit,
3088 2389 3204 2458 ipse
3239 2404 3372 2451 nos,
3408 2395 3708 2457 postquam

2138 2476 2521 2543 cceiderimus.
2551 2493 2612 2539 ut
2639 2483 3010 2540 clarissimum
3042 2492 3148 2548 est,
3197 2497 3228 2536 a
3284 2481 3474 2536 limine
3519 2478 3715 2534 mortis

2137 2578 2431 2635 restituere
2461 2576 2666 2646 poterit

2437 2668 2571 2724 CCI.
2599 2700 2668 2711 —
2694 2667 2780 2725 ιιι]
2793 2666 2976 2722 SIRIO
3006 2665 3402 2722 NAUCLERO.

2207 2759 2542 2827 Recordare,
2573 2759 2818 2824 viduam,
2868 2775 2990 2829 quae
3051 2759 3104 2813 in
3161 2756 3478 2828 Evangeliis
3529 2754 3716 2826 expri-

2137 2853 2326 2918 mitur,
2379 2866 2478 2922 per
2525 2849 2730 2907 multos
2790 2865 2966 2905 annos
3017 2849 3348 2911 instantem,
3454 2842 3715 2914 injustum

2139 2943 2290 2997 illum
2343 2942 2585 3011 iudicem
2659 2942 2987 2998 convenisse
3051 2939 3287 2996 dicendo
3345 2954 3358 2990 :
3418 2956 3437 2989 ι
3489 2936 3717 2991 Vindice

2139 3049 2225 3089 me
2253 3033 2321 3090 de
2345 3033 2664 3091 adversario
2712 3049 2854 3088 meo.
2887 3035 2958 3086 At
2993 3032 3084 3087 ille
3117 3031 3340 3086 nolebat
3365 3029 3432 3083 ad
3475 3035 3716 3097 tempus.

2139 3124 2236 3179 sed
2301 3124 2589 3180 differebat
2645 3124 2914 3194 judicium
2967 3125 3035 3178 5“.
3070 3141 3089 3176 ι
3143 3122 3506 3176 Adversarius
3559 3135 3722 3190 porro

468 3211 703 3283 δαίμων,
736 3211 874 3265 ἀλλὰ
912 3211 1008 3264 καὶ
1045 3209 1108 3263 τὸ
1139 3209 1394 3279 φρόνημα
1427 3207 1490 3261 τὸ
1527 3207 1810 3278 σαρκικόν.
1839 3205 2036 3258 "rm-

2142 3213 2308 3269 fuerit
2337 3230 2446 3270 non
2477 3193 2688 3269 tantum
2718 3215 2953 3278 daemon,
2982 3212 3078 3268 sed
3109 3213 3276 3296 etiam
3301 3211 3562 3281 cogitatio
3595 3226 3717 3264 car-

467 3321 558 3373 ρον
587 3304 643 3359 δὲ
693 3302 1007 3366 ἐκϐιασθεὶς
1047 3303 1113 3355 ἐκ
1156 3300 1257 3370 τῆς
1301 3299 1635 3370 ἐνοχλήσεως
1676 3299 1708 3352 ό
1748 3296 2032 3366 δικαστὴς.

466 3395 746 3466 ἐξεδίκησε
769 3395 870 3465 τὴν
893 3394 1089 3464 χήραν.
1129 3392 1242 3462 Τὴν
1277 3390 1458 3445 τοίνυν
1489 3388 1804 3460 παραϐολὴν
1836 3386 2040 3456 ταύτην

466 3488 605 3559 πρὸς
641 3488 792 3558 ἡμᾶς
826 3486 856 3538 ὁ
887 3485 1094 3556 Κύριος
1131 3481 1375 3554 εἴρηκεν,
1409 3481 1620 3552 νευρῶν
1641 3483 1813 3552 ἡμᾶς,
1849 3480 1937 3543 ἵνα
1966 3479 2041 3549 μὴ

465 3579 955 3647 ἁπογινώσιιιωμεν⁸
968 3575 1233 3646 δεόμενοι,
1262 3574 1356 3627 καὶ
1399 3571 1696 3636 αἰτοῦντες.
1727 3571 1900 3636 Δὺτδς
1932 3573 2044 3642 γὰρ

465 3671 498 3722 ὁ
531 3668 913 3741 φιλάνθρωπος
958 3667 1164 3737 Κύριος
1201 3666 1487 3719 ἐπίσταται
1531 3663 1624 3718 τὸν
1674 3664 1904 3737 καιρὸν,
1954 3665 2043 3718 ὅτε

467 3745 721 3833 βούλεται
756 3760 1085 3827 ἐπακοῦσαι,
1120 3761 1216 3815 καὶ
1265 3760 1451 3814 δοῦναι
1492 3758 1570 3830 τῷ
1597 3757 1840 3813 αἰτοῦντι
1864 3759 1926 3812 τὸ
1963 3757 2045 3812 αἷ-

462 3869 638 3923 τημα.
687 3854 799 3906 Καὶ
847 3853 970 3906 τότε
1007 3853 1134 3908 ὅταν
1175 3853 1430 3922 θελήσει,
1468 3852 1703 3922 τάχιστα
1758 3855 1903 3906 ποιεῖ
1945 3852 2045 3922 τὴν

460 3945 754 4017 ἐκδίκησιν
783 3945 892 3997 τῶν
931 3946 1442 4014 καταπονουμένων,
1476 3947 1570 3998 καὶ
1606 3943 2041 4012 ὀνειδιζομένων,

461 4035 654 4098 καθὼς
691 4035 1037 4104 γέγραπται·
1076 4053 1095 4085 ι
1153 4035 1241 4088 Ἐν
1276 4034 1354 4104 τῷ
1386 4033 1642 4101 λέγεσθαί
1675 4051 1766 4104 μοι
1807 4033 2044 4087 καθεκά-

460 4139 606 4191 στην
637 4121 888 4191 ἡμέραν⁸
935 4120 1042 4174 Ποῦ
1084 4123 1230 4173 ἐστιν
1260 4123 1288 4174 ό
1323 4121 1454 4183 Θεός
1494 4137 1629 4184 σου;
1671 4141 1688 4172 ι
1726 4118 1896 4173 Τοῦτο
1935 4120 2044 4190 γάρ

461 4213 572 4265 καὶ
598 4213 678 4282 τῷ
708 4211 1063 4283 παραλυτικῷ
1105 4211 1182 4281 τῷ
1231 4213 1288 4264 ἐν
1314 4214 1379 4282 τῇ
1430 4209 1738 4282 προϐατικῇ
1783 4227 2042 4264 κατακει-

463 4303 659 4374 μένῳ,
712 4303 1048 4357 καθικαστον
1096 4302 1214 4365 ἔτος
1261 4303 1692 4372 άποτυγχάνοντι
1728 4303 1828 4370 τῆς
1873 4319 2043 4372 προσ-

457 4396 657 4462 δοκίας
697 4396 805 4451 ὑπὸ
831 4397 1103 4467 δαιμόνων
1130 4395 1456 4459 ὠνειδίζετο,
1492 4395 1582 4448 καὶ
1616 4394 1849 4462 ἐλέγετο.

743 4486 862 4539 ΣΒ⁹.
893 4517 959 4526 -
985 4485 1316 4556 ΘΕΟΔΟΣΙῼ
1347 4483 1784 4556 ΔΝΑΓΝΩΣΤῌ.

551 4577 766 4646 ’Ὥσπερ
794 4577 855 4629 τὸ
884 4576 984 4648 ἤδη
1017 4575 1284 4648 ξηρανθέν
1314 4575 1374 4640 ἐξ
1404 4576 1661 4646 ἀνυδρίας
1690 4574 1866 4642 ξύλον,
1892 4574 2045 4628 ὕδατι

456 4668 815 4738 κοινωνῆσαν
847 4667 1223 4732 ἐκϐλαστάνει,
1250 4667 1394 4720 οὕτω
1437 4667 1534 4721 καὶ
1565 4667 1710 4738 ψυχὴ
1741 4667 1833 4720 διὰ
1868 4667 2050 4736 ἁμαρ-

451 4759 600 4820 τίας
633 4759 1014 4829 νενεκρωμένη
1037 4800 1051 4824 ,
1087 4761 1136 4812 εἰ
1168 4759 1471 4829 μετανοήσῃ
1493 4798 1508 4822 ,
1557 4758 1651 4816 καὶ
1697 4756 2051 4827 ἐξιλεώσηται

450 4848 565 4902 τὸν
605 4849 804 4903 οίκεϊον
841 4849 1120 4918 Δεσπότην
1140 4891 1156 4916 ,
1185 4849 1516 4903 ὲκπλύνεται
1543 4848 1652 4923 τῶν
1701 4848 1923 4920 ρύπων,
1956 4847 2052 4901 καὶ

449 4938 1111 5010 χάριτοςπνευματικῆς
1147 4940 1564 5011 μεταλαϐοῦσα,
1614 4943 1707 4996 καὶ
1739 4940 2052 4994 ποτισθείσα

449 5031 561 5086 τὸν
593 5029 722 5084 νοῦν
750 5033 872 5095 ταῖς
895 5031 1174 5096 πλουσίαις
1199 5031 1446 5099 σταγόσι,
1479 5031 1725 5101 καρποὺς
1757 5031 2053 5101 προϐάλλει

450 5123 667 5190 πάσης
693 5122 1061 5192 δικαιοσύνης.

779 5213 898 5267 EI".
925 5243 996 5253 —
1027 5214 1280 5286 ΖΩΣΙΜῼ
1317 5211 1750 5282 ΚΑΛΛΙΓΑΡιῼ.

545 5303 666 5358 Ἐκ
693 5305 1076 5370 ταπεινώσεως
1107 5305 1276 5376 μόνης
1309 5307 1578 5358 σέσωσται
1602 5309 1629 5360 ὁ
1664 5305 1898 5373 τελώνης
1921 5321 1934 5335 ·
1966 5302 2059 5355 καί

445 5412 653 5467 φησιν
684 5398 710 5449 ὁ
734 5397 962 5466 Κύριος,
985 5399 1067 5451 ὅτι
1112 5419 1129 5449 ι
1155 5401 1268 5463 Πᾶς
1301 5401 1330 5452 ὁ
1355 5399 1631 5454 ταπεινῶν
1660 5398 1874 5464 ἑαυτὸν,
1908 5397 2056 5458 ὑψω-

445 5490 734 5560 θήσεται.
775 5506 794 5538 ι
838 5489 1038 5559 Διόπερ
1078 5490 1174 5543 καὶ
1217 5492 1248 5544 ὁ
1291 5490 1442 5557 ἅγιος
1474 5489 1636 5544 Δαυῒδ
1673 5491 1793 5543 ἀντὶ
1830 5508 2059 5561 συνηγο-

444 5585 601 5654 ρίας
637 5579 828 5651 τίθησι
855 5580 1014 5636 τοῦτο
1051 5581 1228 5650 λέγων
1253 5601 1266 5614 ·
1303 5603 1320 5635 ι
1358 5584 1600 5654 Πρόσχες
1632 5586 1767 5656 πρὸς
1797 5585 1895 5654 τὴν
1936 5584 2058 5655 δέη-

528 5718 588 5751 ¹¹⁸
619 5713 768 5768 Gen.
804 5729 889 5777 Ill,
923 5714 1012 5769 2|.
1092 5716 1137 5746 “
1161 5715 1315 5770 Joan.
1348 5734 1427 5784 ιιι,
1452 5722 1503 5773 (ἰ.

449 5783 502 5814 ⁵⁸
540 5789 708 5845 Luc.
733 5799 886 5848 ινιιι,
913 5785 970 5838 3.
1043 5785 1086 5818 ⁸⁸
1119 5784 1260 5840 Psal.
1300 5803 1406 5855 xu,
1437 5791 1488 5845 4.

1582 5722 1626 5751 ’⁵⁸
1654 5722 1809 5774 Rom.
1839 5737 1955 5778 vm,
1979 5720 2028 5772 9.

1567 5792 1608 5820 5”
1647 5789 1802 5844 Joau.
1844 5807 1891 5854 ν,
1923 5791 1976 5842 .‘i.

2144 3307 2253 3363 nis.
2284 3307 2650 3363 Postmodum
2692 3306 2862 3377 iudex
2900 3305 3316 3375 importunitate
3359 3302 3538 3356 viduze
3567 3317 3720 3355 com-

2144 3401 2364 3473 pulsus,
2394 3399 2618 3456 viduam
2657 3397 2979 3453 vindicavit.
3012 3395 3166 3450 lianc
3206 3394 3373 3465 igitur
3402 3391 3721 3448 similitudi-

2145 3509 2269 3550 nem
2298 3492 2571 3550 Dominus
2592 3492 2812 3554 aﬂ‘atur,
2837 3507 2940 3547 nos
2962 3489 3358 3552 corroborans,
3381 3501 3450 3541 ne
3472 3493 3720 3545 orantes,

2144 3593 2502 3657 petentesque
2550 3585 2796 3639 animum
2867 3581 3331 3654 d-espondeamus.
3388 3579 3510 3649 Ipse
3571 3577 3718 3632 eiiim

2145 3678 2582 3735 humanissimus
2651 3675 2916 3730 Dominus
2977 3674 3084 3729 scit
3112 3672 3590 3741 tempus,quovult
3625 3683 3724 3720 nos

2143 3768 2426 3833 exaudire,
2457 3776 2512 3822 et
2547 3765 2886 3836 postulantis
2925 3764 3069 3818 votis
3101 3761 3458 3831 respondere.
3495 3759 3561 3812 Et
3592 3767 3723 3810 tunc

2145 3877 2272 3916 eum
2328 3859 2590 3924 voluerit,
2637 3857 2913 3912 citissime
2955 3869 3256 3924 oppressos
3297 3849 3725 3920 opprobriisque

2145 3951 2373 4007 aliectos
2404 3948 2720 4012 vindicabit,
2751 3946 2913 4016 225
2943 3953 3003 4000 ut
3051 3944 3318 4012 scriptum
3357 3948 3440 3994 est
3477 3954 3490 3989 :
3533 3954 3556 3988 ι
3587 3937 3722 3989 Cum

2145 4042 2350 4097 dicitur
2371 4041 2504 4095 mihi
2532 4038 2784 4108 quotidie
2813 4052 2828 4090 :
2863 4035 2964 4089 Ubi
2998 4041 3082 4088 est
3103 4032 3248 4086 Deus
3283 4038 3410 4084 tuus
3437 4029 3521 4081 '4?
3556 4048 3572 4078 ι
3611 4026 3724 4080 Iloc

2147 4146 2345 4199 nempe
2395 4139 2452 4185 et
2504 4126 2810 4196 paralytico
2871 4125 2926 4177 in
2982 4121 3267 4191 prohatica
3303 4118 3508 4189 jacenti
3554 4119 3623 4179 ⁸³,
3670 4124 3725 4168 et

2147 4223 2446 4295 quotannis
2493 4221 2762 4273 frustrato
2813 4214 3231 4285 exspectatione
3285 4227 3314 4266 a
3379 4209 3722 4264 dzemonibus

2145 4314 2506 4386 objiciebatur
2525 4318 2578 4366 et
2612 4307 2920 4364 dicebatur.

2431 4490 2589 4547 CCII.
2621 4518 2688 4530 —
2718 4480 3112 4540 THEODOSIO
3141 4479 3459 4535 LECTORI.

2228 4583 2700 4651 Quemadmodum
2719 4593 2873 4648 aquae
2894 4577 3112 4632 defectu
3132 4575 3410 4630 exsiccato
3428 4572 3538 4640 jam
3557 4570 3723 4638 ligno,

2160 4676 2207 4730 si
2245 4675 2464 4746 lympha
2513 4671 2757 4735 advenit,
2792 4670 3048 4725 surculos
3098 4665 3319 4728 emittit,
3349 4664 3428 4718 sic
3461 4668 3514 4715 et
3545 4661 3724 4714 anima

2156 4776 2387 4838 peccato
2425 4765 2736 4825 demortua,
2780 4758 3234 4830 si-pmnitentiam
3274 4756 3486 4823 egerit,
3538 4751 3726 4821 propi-

2158 4859 2404 4926 tiumque
2434 4855 2540 4910 sibi
2567 4853 2848 4923 proprium
2882 4851 3170 4904 Dominum
3203 4844 3527 4906 reddiderit,
3552 4858 3580 4894 a
3605 4857 3724 4896 sor-

2159 4946 2321 5001 dibus
2352 4950 2688 5013 expurgatur
2709 4981 2724 5005 ,
2756 4951 2811 4996 et
2847 4937 3157 5009 spiritualis
3194 4935 3383 5004 gratia:
3419 4932 3690 5002 particeps
3710 4973 3727 4995 ,

2158 5043 2505 5105 mentemque
2547 5034 2714 5087 stillis
2742 5030 3018 5100 opulentis
3057 5027 3308 5097 irrigata,
3355 5024 3568 5078 fructus
3605 5023 3730 5076 uni-

2155 5141 2327 5181 versa:
2353 5123 2582 5194 iustitia:
2614 5105 2846 5191 profert.

2448 5215 2626 5271 CCIII.
2655 5247 2725 5256 --
2754 5213 3006 5270 ZOSIMO
3034 5208 3430 5267 CALIGARIO.

2227 5309 2550 5366 IIumilitate
2572 5310 2686 5364 sola
2718 5307 3046 5377 publicanus
3070 5320 3136 5358 ex
3159 5301 3480 5357 inﬁrmitate
3531 5314 3719 5352 cxmu-

2156 5409 2282 5469 ptus
2309 5407 2394 5454 est
2424 5418 2437 5454 :
2466 5406 2521 5453 et
2550 5398 2626 5450 ait
2653 5396 2949 5449 Dominus:
2981 5412 2998 5445 ι
3029 5391 3355 5461 Quicunque
3380 5406 3438 5444 se
3460 5388 3728 5447 humiliat,

2157 5491 2488 5545 exaltabitur
2513 5490 2582 5543 ⁵³.
2619 5507 2636 5538 ι
2671 5489 3019 5555 Quapropter
3045 5492 3098 5538 et
3146 5490 3373 5539 sanctus
3427 5477 3592 5531 David
3628 5492 3728 5544 pro

2165 5582 2247 5637 sui
2282 5580 2603 5634 defensione
2637 5577 2726 5630 illa
2771 5575 3024 5630 edisserit
3059 5592 3072 5628 :
3112 5591 3130 5624 ι
3172 5573 3395 5627 Intende
3447 5569 3501 5622 in
3531 5566 3735 5622 oratio-

2110 5720 2149 5748 ’³⁷
2178 5718 2388 5770 Cnlnss.
2424 5731 2505 5776 ιιι,
2531 5715 2584 5767 9.
2663 5711 2704 5741 ⁵⁸
2742 5711 2780 5762 ll
2819 5710 2944 5764 Cor.
2976 5726 3030 5774 ιι,
3192 5710 3234 5742 δ’
3266 5706 3498 5778 Philipp.
3529 5721 3610 5771 ιιι,
3639 5705 3728 5757 20.

2107 5790 2124 5817 ³
2156 5788 2286 5842 Luc.
2319 5800 2471 5847 xvm,
2514 5785 2605 5848 li;
2673 5781 2860 5837 Multh.
2890 5797 3044 5847 xxm,
3085 5781 3163 5834 1‘2.
