4064 6160
354 341 459 408 307

1856 343 1918 405 S.
1958 345 2123 407 NILI

3496 340 3602 406 308

358 465 482 506 nem
527 446 1025 517 meam,'quoniam
1068 433 1386 506 humiliatus
1415 429 1550 506 sum
1593 447 1760 507 nimis
1807 450 1875 517 ⁸ι;
1904 469 1921 502 ι

2035 455 2119 508 σίν
2162 471 2299 526 μου,
2355 454 2438 508 ὅτι
2491 422 2862 519 ἐταπεινώθην
2922 446 3150 519 σφόδρα.
3204 462 3228 500 ι
3275 446 3385 501 Καὶ
3436 449 3598 504 πάλιν
3686 504 3689 507 Α

359 553 415 601 ct
442 557 637 598 rursus
672 558 688 594 :
725 559 743 592 ι
777 539 913 595 Vide
955 540 1315 596 humilitatem
1350 556 1549 607 meam,
1578 548 1635 597 et
1681 542 1924 597 laborem

356 648 565 697 meum,
604 639 659 686 et
702 629 918 684 dimitte
974 630 1232 686 universa
1278 630 1477 686 delicta
1536 646 1654 686 mea
1681 632 1749 684 ⁸⁵.
1791 650 1810 683 ι
1848 631 1927 689 Ne

313 778 317 785 ,
358 720 543 790 itaque
565 718 945 788 intempestive
970 719 1349 784 contristeris,
1377 721 1566 776 dicens
1599 739 1612 776 :
1648 721 1769 776 Non
1794 729 1925 777 sunt

314 818 315 821 ‘
358 812 491 867 mihi
525 810 791 881 pecuniae,
827 826 968 881 quas
999 813 1264 867 continuo
1301 812 1631 881 pauperibus
1668 811 1927 882 suppedi-

357 910 488 958 tem.
522 901 772 973 Namque
816 904 863 959 si
911 904 1049 958 nihil
1099 904 1401 970 habueris,
1446 904 1586 959 nihil
1625 919 1654 958 a
1691 912 1745 959 te
1778 903 1924 959 Deus

305 1047 313 1051 _
355 1001 651 1063 exposcet;
690 995 834 1065 quod
888 1009 1017 1049 vero
1069 995 1259 1057 habes,
1314 1004 1601 1064 promptus
1643 993 1924 1050 Salvatori

354 1083 512 1148 oﬂ‘er,
540 1098 639 1139 cor
668 1100 865 1154 nempe
892 1085 1193 1141 contritum
1220 1094 1277 1139 et
1312 1085 1684 1151 humiliatum,
1708 1094 1765 1142 et
1799 1101 1925 1157 pre-

355 1190 448 1231 ces
505 1176 859 1246 frequentes,
910 1185 966 1233 et
999 1177 1079 1233 sic
1127 1192 1234 1232 non
1282 1179 1563 1247 spcrneris
1605 1179 1675 1235 ab
1703 1194 1794 1247 eo,
1830 1180 1924 1251 qui

354 1264 537 1337 diligit
567 1266 921 1332 humiliatos,
952 1283 1158 1339 eosque
1193 1269 1359 1324 solari
1391 1284 1499 1326 non
1526 1269 1873 1341 dedignatur.

561 1468 731 1541 226
751 1470 929 1526 CCIV.
970 1500 1039 1513 —-
1072 1469 1365 1525 VALENTI
1416 1468 1714 1527 SCRIBE.

428 1556 668 1616 Sanctus
695 1571 748 1616 et
779 1562 1033 1617 vivilleus
1063 1561 1320 1632 Spiritus,
1350 1563 1444 1633 qui
1472 1578 1581 1617 una
1609 1564 1769 1619 simul
1799 1578 1924 1619 cum

354 1646 515 1703 Patre
546 1656 600 1704 et
639 1645 778 1704 Filio
821 1652 1103 1716 adoratur,
1153 1661 1208 1707 et
1258 1653 1727 1723 congloriflcatur,
1781 1670 1924 1711 unus

354 1737 486 1792 licet
541 1739 634 1803 sit,
690 1741 985 1796 multarum
1038 1750 1221 1797 tamen
1254 1743 1519 1797 virtutum
1570 1752 1765 1798 auctor
1819 1753 1921 1800 cst.

354 1826 468 1882 Eos
522 1844 781 1900 namque,
836 1831 927 1900 qui
980 1846 1040 1886 se
1091 1841 1371 1898 exercent,
1424 1832 1493 1887 ad
1531 1828 1925 1890 continentiam

355 1919 719 1987 corroborat;
785 1928 1106 1985 certantes,
1170 1923 1223 1976 in
1293 1923 1647 1980 confessione
1709 1923 1926 1980 Domini

354 2010 532 2065 nostri
561 2007 692 2065 Jesu
726 2010 934 2067 Christi
969 2011 1284 2081 confirmat;
1317 2013 1461 2069 alius
1515 2015 1699 2085 lingua
1753 2016 1927 2069 utitur

354 2098 426 2154 ad
456 2100 804 2169 sapientiam,
836 2103 980 2157 alius
1029 2102 1273 2156 animum
1324 2102 1389 2157 ad
1432 2103 1689 2158 vaticinia
1722 2104 1927 2159 illumi-

355 2196 474 2256 nat;
507 2191 665 2246 alteri
697 2191 1015 2247 facultatem
1048 2193 1302 2262 abigendi
1334 2194 1609 2251 daemones
1639 2195 1923 2267 elargitur,

357 2282 518 2337 alteri
546 2283 760 2339 divinas
793 2284 1099 2354 exponendi
1132 2277 1450 2355 Scri'pturas
1478 2300 1680 2343 munus
1720 2287 1927 2359 impar-

356 2372 515 2436 titur;
538 2373 702 2429 alium
729 2373 797 2429 ad
813 2374 1205 2430 continentiam
1226 2375 1458 2441 stabilit,
1490 2377 1657 2432 alium
1694 2377 1763 2432 ad
1808 2391 1927 2433 ero-

355 2462 532 2531 ganda
561 2480 661 2520 sua
696 2466 1029 2535 pauperibus
1070 2467 1295 2532 excitat,
1320 2475 1375 2524 et
1394 2468 1521 2523 huic
1548 2467 1767 2541 quidem
1790 2467 1927 2539 vigi—

354 2553 802 2623 liam,jejunium,
820 2571 1111 2627 rerumque
1123 2565 1463 2613 terrenarum
1479 2559 1721 2613 omnium
1734 2558 1927 2627 despe~

352 2651 504 2699 ctum
536 2644 724 2710 donat,
754 2652 808 2701 et
828 2655 1201 2719 paupertatem
1237 2647 1441 2716 fovere,
1480 2656 1535 2704 et
1556 2648 1679 2704 aliis
1709 2663 1925 2719 praepo-

354 2750 487 2791 nere
501 2736 607 2792 sibi
631 2737 733 2807 ipsi
748 2737 948 2806 vivere,
963 2746 1018 2794 et
1033 2753 1129 2795 cor
1144 2739 1591 2810 imperterritum;
1609 2739 1773 2793 alium
1788 2746 1924 2794 teni-

353 2828 582 2898 poribus
614 2831 1061 2899 persecutionum
1091 2832 1203 2888 vita
1234 2838 1462 2887 mortem
1500 2831 1770 2901 potiorem
1824 2842 1927 2900 pro

352 2916 575 2974 Christo
604 2919 806 2991 eligere
835 2933 1104 2992 praeparat
1155 2940 1168 2976 :
1201 2928 1257 2978 et
1294 2922 1379 2979 sic
1406 2923 1461 2977 in
1494 2922 1619 2978 aliis
1649 2922 1758 2978 alio
1783 2937 1923 2993 quo-

352 3022 460 3076 que
488 3008 652 3064 modo
678 3020 959 3079 operatur;
993 3012 1108 3082 ipse
1130 3027 1261 3067 vero
1307 3019 1503 3066 natura
1537 3025 1637 3067 sua
1697 3018 1782 3067 est
1820 3012 1923 3065 im-

350 3100 629 3156 mutabilis
683 3114 749 3155 ac
802 3110 1086 3159 constans.
1155 3102 1257 3159 ﬂic
1312 3117 1408 3174 per
1461 3104 1759 3173 prophetas
1805 3103 1915 3171 jam
1945 3132 1987 3190 ο

350 3190 482 3245 olim
500 3191 717 3249 divinas
739 3192 1051 3264 Scripturas
1105 3195 1430 3250 enuntiavit.
1447 3195 1547 3248 Hic
1568 3194 1915 3265 postmodum

349 3296 449 3349 per
492 3290 839 3355 contemptos
876 3286 1043 3342 nimis
1091 3300 1411 3357 paucosque
1455 3285 1781 3355 discipulos,
1834 3300 1921 3341 sa-

352 3372 565 3438 pientes
597 3377 865 3444 gentium,
905 3375 1140 3432 invictos
1179 3378 1337 3443 alias,
1368 3378 1592 3447 eloquio
1614 3378 1915 3448 superavit.

351 3458 454 3514 llic
488 3461 673 3517 fideles
699 3502 715 3528 ,
768 3465 973 3533 quibus
1018 3466 1254 3534 apostoli
1303 3481 1501 3521 manus
1541 3468 1917 3537 imponebant,

351 3548 502 3603 illico
524 3549 729 3618 linguis
758 3552 1015 3611 omnibus
1055 3553 1224 3622 loqui,
1264 3568 1404 3623 quas
1457 3555 1563 3625 ipsi
1600 3569 1708 3610 non
1748 3570 1918 3611 nove-

352 3648 499 3706 rant,
531 3640 814 3697 edocebat.
867 3640 1022 3699 iiunc
1065 3642 1253 3714 itaque
1290 3653 1344 3701 et
1399 3647 1519 3716 ipse
1556 3662 1655 3717 per
1687 3648 1916 3702 multant

351 3728 537 3794 tidem,
574 3737 627 3785 ct
657 3731 798 3785 bona
824 3747 992 3801 opera
1022 3733 1077 3787 in
1112 3740 1165 3788 te
1208 3733 1332 3803 ipso
1360 3736 1568 3793 habens
1601 3736 1919 3793 inhabitan»

351 3831 460 3877 tem
478 3834 531 3877 et
552 3822 783 3879 similem
804 3823 1114 3894 prasidem,
1139 3833 1194 3881 et
1210 3827 1518 3893 custodem,
1542 3835 1596 3883 et
1612 3844 1919 3901 prepugna-

349 3920 551 3978 torem,
591 3919 646 3969 et
674 3924 1042 3985 protectorem
1074 3920 1386 3989 possidens,
1419 3922 1629 3976 nullum
1680 3930 1916 3987 metuas,

350 4019 530 4075 neque
573 4005 894 4074 (immanem,
948 4026 1131 4082 neque
1175 4012 1453 4069 hominem
1503 4028 1757 4084 nequam,
1822 4014 1917 4084 qui

350 4103 460 4149 tuae
482 4108 512 4149 a
542 4093 655 4151 Deo
681 4098 937 4154 stabilita:
969 4099 1158 4156 domui
1187 4100 1420 4159 insidias
1439 4118 1635 4174 parare
1662 4106 1916 4161 intentet.

487 4272 648 4342 227
673 4272 828 4329 CCV.
860 4305 929 4317 —
960 4276 1238 4333 HELIONI
1275 4278 1774 4337 HAGISTRIANO.

421 4362 481 4418 Si
511 4362 658 4419 Deus
686 4364 993 4433 interdixit,
1044 4383 1113 4422 ne
1153 4368 1284 4424 fiant
1317 4372 1482 4436 mala,
1542 4380 1600 4427 et
1654 4387 1773 4436 eos,
1822 4372 1921 4442 qui

2027 546 2226 618 φησίν·
2274 564 2295 598 ι
2328 543 2437 598 Ἴδε
2465 543 2571 614 τὴν
2603 537 2931 607 ταπείνωσιν
2970 555 3111 610 μου,
3161 537 3256 592 καὶ
3296 537 3388 591 τὸν
3431 538 3599 594 κόπον

2029 654 2156 709 μου,
2195 635 2291 691 καὶ⁵
2314 636 2453 705 ἄφες
2480 632 2660 697 πάσας
2700 630 2802 693 τὰς
2834 628 3112 701 ἁμαρτίας
3144 642 3267 699 μου.
3307 646 3326 679 ι
3356 628 3449 698 Μὴ
3486 629 3598 682 τοί-

2024 745 2120 782 νυν
2155 728 2401 800 ἀκαίρως
2429 723 2625 789 λυποῦ,
2668 721 2866 790 λέγων’
2901 720 2986 774 ὅτι
3033 719 3151 772 Οὐκ
3201 718 3312 788 ἔχω
3341 721 3600 790 χρήματα

2024 821 2108 885 είς
2133 820 2193 873 τδ
2233 820 2490 890 χορηγεῖν
2532 814 2830 876 ἀπαύστως
2875 812 2991 875 τοῖς
3025 810 3244 880 πένησι.
3276 812 3462 882 Μηδὲν
3486 813 3598 883 γὰρ

2024 911 2217 982 ἔχοντά
2247 927 2329 977 σε,
2359 909 2512 963 οὐδὲν
2543 906 2769 977 ζητήσει
2801 904 2934 967 Θεὸς
2961 919 2975 934 ⁸
3003 902 3032 955 δ
3059 902 3116 956 δὲ
3143 902 3308 973 ἔχεις,
3347 902 3421 972 μὴ
3450 902 3597 956 Exim

2025 1000 2358 1075 προσφέρειν
2393 998 2472 1069 τῷ
2520 998 2777 1067 Σωτῆρι,
2806 994 3094 1058 τουτέστι,
3127 992 3598 1064 συντετριμμένην

2024 1091 2285 1163 καρδίαν,
2320 1089 2416 1143 καὶ
2451 1083 2927 1157 τεταπεινωμένην
2949 1123 2965 1150 ,
3013 1084 3108 1170 καί
3154 1083 3337 1154 δέησιν
3374 1082 3593 1153 δαψιλῆ,

2024 1184 2121 1239 καὶ
2160 1184 2222 1237 ού
2262 1182 2337 1253 μὴ
2363 1178 2730 1250 ἐξουδενωθῇς
2789 1176 2943 1248 παρά
2990 1174 3084 1230 τοῦ
3118 1173 3443 1244 ἀγαπῶντος
3469 1172 3598 1237 τοὺς

2022 1274 2530 1345 τεταπεινωμένους
2558 1314 2573 1338 ,
2647 1271 2742 1327 καὶ
2810 1268 3152 1341 παρακαλεῖν
3213 1266 3439 1330 τούτους
3517 1263 3596 1336 μὴ

2024 1363 2519 1437 ὑπερηφανοῦντος.

2328 1457 2444 1511 EA’.
2481 1483 2551 1496 —-
2579 1454 2930 1509 ΟΥΑΛΕΝΤΞ
2952 1451 3301 1506 ΣΚΡῙΒΩΝΙ.

2095 1548 2169 1603 Τὸ
2203 1549 2379 1618 ἅγιον,
2408 1548 2502 1602 καὶ
2524 1546 2789 1611 ζωοποιὸν
2818 1544 3044 1615 Πνεῦμα
3075 1544 3136 1597 τὸ
3157 1540 3595 1614 συνπροσκυνούέ

2028 1657 2206 1711 μενον,
2250 1640 2344 1694 καὶ
2385 1638 2842 1709 συνδοξαζόμενον
2885 1636 2963 1708 τῷ
3003 1636 3181 1708 Πατρὶ
3212 1636 3307 1689 καὶ
3338 1633 3416 1705 τῷ
3454 1634 3590 1704 Υίῷ,

2031 1729 2301 1800 μονοειδὲς
2350 1729 2629 1801 ὑπάρχον,
2684 1727 2887 1790 πολλὰς
2932 1728 3145 1797 ἐνεργεῖ
3185 1725 3405 1797 ἀρετάς.
3454 1724 3592 1787 Τοὺς

1958 1796 2001 1855 Β
2031 1796 2130 1889 μὲν
2173 1820 2283 1889 γὰρ
2320 1796 2622 1881 ἀσκοῦντας
2646 1858 2661 1882 ,
2698 1796 3035 1889 ἰσχυροποιεῖ
3079 1796 3235 1871 κατάί
3266 1817 3365 1887 τὴν
3394 1814 3596 1885 ἐγκρά-

2025 1922 2208 1962 τειαν·
2244 1909 2370 1973 τοὺς
2415 1909 2472 1962 δέ
2498 1908 2795 1972 ἀθλοῦντας
2836 1909 3023 1979 νευροῖ
3059 1908 3139 1970 είς
3173 1908 3275 1977 τὴν
3305 1905 3597 1977 ὁμολογίαν

2025 1996 2123 2051 τοῦ
2171 1998 2374 2069 Κυρίου
2444 1997 2621 2070 Ἰησοῦ
2673 1997 2932 2069 Χριστοῦ.
2992 1997 3217 2068 Ἐτέρου
3268 1998 3334 2067 τῇ
3377 1994 3597 2065 γλώττῃ

2028 2089 2397 2160 συγκέχρηται
2430 2089 2568 2160 πρὸς
2599 2091 2812 2159 σοφίαν,
2857 2090 2952 2144 καὶ
2989 2090 3152 2145 ἀλλον
3177 2083 3278 2160 τὴν
3304 2087 3487 2159 ψυχὴν
3513 2087 3596 2150 είς

2026 2182 2367 2252 προφητείαν
2393 2182 2619 2251 φωτίζει
2644 2200 2659 2216 ’
2701 2182 2873 2254 ἑτέρῳ
2901 2182 3185 2255 χαρίζεται
3214 2182 3445 2253 δύναμιν
3477 2180 3598 2235 δαί.

2028 2288 2196 2344 μονας
2216 2272 2562 2339 ἀπελαύνειν,
2585 2273 2679 2326 καὶ
2704 2273 2851 2345 ἄλλῳ
2868 2273 3050 2328 δίδωσι
3076 2272 3176 2337 τὰς
3202 2272 3351 2337 Θείας
3375 2272 3595 2344 διερμη-

2027 2365 2203 2419 νεύειν
2246 2364 2503 2435 Γραφάςο
2532 2364 2699 2419 ἄλλου
2737 2364 2837 2436 τὴν
2880 2364 3234 2434 σωφροσύνην
3284 2364 3591 2434 ἐνδυναμοῖ,

2025 2456 2122 2509 καὶ
2148 2455 2308 2512 ἄλλον
2345 2455 2603 2527 διεγείρει
2638 2458 2811 2510 ποιεῖν
2843 2454 3137 2526 ἀπλήστως
3170 2455 3270 2519 τάς
3301 2454 3597 2526 ἐλεημοσύ-

2023 2562 2121 2611 νας
2144 2586 2160 2611 ,
2203 2547 2299 2602 κα)⁸
2338 2546 2516 2617 τούτῳ
2557 2548 2656 2617 μὲν
2686 2546 2941 2619 δωρεῖται
2988 2547 3323 2617 ἀγρυπνεῖν,
3371 2548 3467 2601 καὶ
3494 2563 3593 2616 νη-

2026 2638 2271 2703 στεύειν,
2318 2636 2415 2690 καὶ
2463 2637 2682 2691 πάντων
2733 2640 3100 2707 καταφρονεῖν
3152 2636 3262 2691 τῶν
3294 2637 3352 2691 ἐν
3402 2636 3592 2707 κόσμῳ

2024 2726 2399 2797 πραγμάτων,
2435 2726 2532 2781 καὶ
2564 2728 2662 2798 τὴν
2708 2727 3095 2798 ἀκτημοσύνην
3124 2727 3409 2798 περιέπειν
3432 2768 3447 2793 ,
3495 2726 3592 2779 καὶ

2023 2818 2298 2889 προτιμᾷν
2325 2818 2424 2888 τὴν
2452 2818 2969 2891 ίδιοπραγμοσύνην,
2993 2819 3088 2873 καὶ
3113 2819 3213 2890 τὴν
3240 2817 3545 2890 ἀπτοησίαν
3575 2831 3588 2846 ·

2022 2910 2208 2981 ἕτερον
2241 2910 2299 2964 δὲ
2322 2911 2457 2980 πρὸς
2484 2911 2545 2964 τὸ
2567 2910 3005 2983 ὑπεραποθανεῖν
3032 2910 3270 2981 Χριστοῦ
3295 2912 3354 2963 ἐν
3377 2909 3591 2980 καιροῖς

2021 3001 2132 3054 τῶν
2153 2998 2406 3072 διωγμῶν
2452 3002 2732 3071 έτοιμάζει
2755 3017 2770 3032 ο
2812 3001 2958 3073 ἄλλῳ
2985 3000 3161 3065 ἄλλως
3187 3002 3423 3072 ἐνεργεῖ,
3455 3000 3589 3053 αὐτὸ

2021 3091 2079 3145 δὲ
2119 3091 2262 3147 κατά
2312 3091 2479 3160 φύσιν
2519 3091 2672 3162 μένει
2713 3091 3107 3159 ἀναλλοίωτον,
3159 3091 3255 3144 καὶ
3297 3091 3589 3160 ἄτρεπτον.

2021 3185 2193 3239 Τοῦτο
2235 3185 2323 3239 διὰ
2375 3186 2484 3240 τῶν
2531 3186 2823 3258 προφητῶν
2867 3186 3059 3258 πρώην
3103 3186 3204 3250 τὰς
3260 3184 3592 3254 σεϐασμίους

2020 3276 2244 3346 Γραφάς
2272 3278 2669 3347 ἀπεφθέγξατο.
2711 3278 2881 3333 Τοῦτο
2916 3280 3010 3335 καὶ
3038 3280 3095 3343 ἐς
3135 3277 3361 3348 ὕστερον
3391 3273 3459 3331 δι’
3499 3277 3590 3329 εύ-

2018 3367 2190 3421 τελῶν
2231 3367 2372 3433 λίαν,
2418 3367 2514 3423 καὶ
2558 3368 2756 3438 ὀλίγων
2804 3369 3084 3441 μαθητῶν,
3120 3368 3588 3439 κατερῤητόρενσε

2018 3458 2131 3513 τῶν
2169 3459 2304 3529 παρ’
2347 3454 2607 3531 Ἕλλησιν
2662 3459 3102 3530 δυσμαχωτάτων
3154 3457 3361 3528 σοφῶν.
3418 3455 3589 3510 Τοῦτο

2017 3551 2132 3614 τοῖς
2175 3551 2675 3622 χειροθετουμένοις
2704 3553 2916 3615 πιστοῖς
2948 3551 3052 3605 ύπδ
3087 3548 3196 3604 τῶν
3247 3547 3587 3610 ἀποστόλων,

2020 3641 2191 3697 ἐδίδου
2220 3642 2435 3715 ἀθρόως
2488 3644 2672 3697 πᾶσαν
2717 3642 2926 3713 ὁμιλεῖν
2968 3639 3246 3710 γλῶτταν,
3295 3641 3473 3710 ἥνπερ
3514 3636 3589 3709 μὴ

2020 3733 2337 3802 ἐγίνωσκον.
2383 3729 2556 3788 Τοῦτο
2585 3732 2875 3805 τοιγαροῦν
2920 3731 3017 3787 καὶ
3049 3731 3211 3794 αὐτὸς
3251 3730 3339 3784 διὰ
3385 3728 3589 3798 πολλῆς

2017 3825 2255 3889 πίστεως
2293 3825 2390 3879 καὶ
2439 3826 2549 3880 τῶν
2592 3824 2967 3896 ἀγαθοεργιῶν
3016 3822 3223 3876 ἐνοικον
3266 3820 3404 3891 ἔχων
3427 3861 3442 3886 ,
3472 3819 3588 3895 ,καὶ

2018 3913 2336 3986 τηλικοῦτον
2365 3914 2458 3969 τὸν
2505 3914 2839 3985 προστάτην,
2868 3914 2963 3968 καί¹
2998 3911 3252 3985 ιρρουρδν,
3288 3911 3384 3965 καὶ
3412 3909 3585 3977 ὑπέρ-

2021 4024 2215 4078 μαχον,
2238 4007 2334 4060 καὶ
2357 4004 2669 4077 σκεπαστὴν
2689 4005 3044 4076 κεκτημένος,
3063 4003 3266 4075 μηδένα
3288 4001 3582 4073 δειλιάσῃς.

2021 4099 2097 4172 μὴ
2125 4098 2374 4170 δαίμονα,
2408 4097 2483 4169 μὴ
2526 4096 2812 4168 ἄνθρωπον
2840 4093 3074 4166 πονηρὸν
3102 4092 3473 4149 ἐπιϐουλεύειν
3506 4092 3584 4163 τῷ

2020 4189 2098 4261 σῷ
2122 4187 2490 4259 θεοστηρίκτῳ
2518 4186 2652 4257 οῐκῳ
2678 4185 3018 4255 βουλόμενον.
3547 4184 3555 4194 ”

2296 4278 2412 4330 ΣΕ’.
2452 4304 2522 4317 --
2550 4276 2786 4331 ΗΛΙΩΝΙ
2818 4274 3298 4347 ΜΑΓΙΣΤΡΙΔΝῼ.

2087 4370 2152 4424 El
2181 4368 2314 4433 Θεὸς
2358 4368 2678 4440 ἀπηγόρησε
2698 4404 2715 4433 ,
2762 4367 2837 4439 μὴ
2883 4369 3056 4421 ποιεῖν
3098 4366 3279 4432 κακὰ,
3322 4365 3417 4421 καὶ
3456 4367 3583 4429 τοὺς

350 4457 555 4513 similia
586 4464 926 4527 perpetrant,
960 4457 1017 4512 in
1062 4459 1369 4529 gehennam
1412 4462 1556 4532 ignis
1607 4464 1866 4519 amandat
1897 4480 1911 4516 :

2019 4462 2189 4518 ταῦτα
2222 4461 2650 4534 μετερχομένους
2687 4461 2754 4531 τῇ
2801 4458 2993 4530 γεέννῃ
3038 4458 3133 4512 τοῦ
3179 4458 3351 4529 πυρὸς
3404 4473 3581 4527 παρα-

347 4546 649 4618 quomodo,
690 4560 816 4601 cum
858 4547 948 4611 iis,
986 4549 1081 4618 qui
1129 4564 1297 4619 prava
1350 4551 1673 4619 conficiunt,
1719 4567 1916 4624 coope-

347 4633 601 4689 rabiturl
644 4632 789 4689 Cave
822 4633 1007 4705 itaque
1046 4636 1223 4701 dicas,
1259 4637 1445 4701 LDeum
1492 4640 1752 4698 exaudire
1785 4658 1915 4714 pro-

347 4725 568 4791 brosos,
600 4726 863 4782 scelestos
886 4734 942 4782 et
970 4727 1175 4783 studiis
1197 4728 1315 4786 suis
1350 4730 1464 4801 jam
1495 4733 1827 4800 emarcidos,
1855 4744 1911 4791 et

348 4818 618 4886 perimere
645 4818 865 4888 quidem
893 4818 1169 4886 homines,
1200 4830 1488 4880 currentes
1508 4839 1635 4881 vere
1660 4840 1834 4897 equos
1854 4826 1912 4881 in

349 4909 513 4965 circis
542 4924 828 4966 enervare.
844 4909 1003 4966 Absit
1018 4910 1121 4966 hoc
1140 4912 1155 4966 l
1174 4910 1294 4968 Non
1321 4922 1452 4970 sunt
1475 4914 1589 4972 haec
1607 4914 1700 4973 Dei
1724 4933 1914 4989 opera,

347 5000 446 5058 sed
473 5017 764 5071 pravorum
785 5002 1097 5059 daemonum
1128 5006 1401 5062 actiones.
1421 5007 1693 5080 Imagines
1711 5011 1915 5082 quippe

348 5094 736 5147 nonnullorum
813 5094 1023 5150 scilicet
1082 5105 1399 5153 sanctorum
1482 5101 1916 5172 prastigiatores

350 5181 695 5253 clangentes,
740 5196 795 5240 et
853 5202 1261 5258 supervcanea
1300 5192 1548 5261 quadam
1584 5194 1918 5263 operositate

350 5272 549 5329 lamias
580 5274 928 5346 colligantes,
968 5293 1064 5334 eas
1093 5279 1149 5333 in
1199 5272 1408 5350 postica
1458 5282 1713 5354 imaginis
1760 5290 1916 5354 parte

351 5360 626 5430 sepeliunt
654 5380 667 5415 :
696 5371 753 5417 et
783 5379 906 5420 cum
936 5367 1041 5424 sibi
1066 5368 1336 5431 arriserit,
1388 5377 1483 5425 aut
1535 5373 1824 5428 mulierem
1858 5373 1912 5427 in

352 5448 683 5507 adulterium
712 5455 1062 5524 compellere,
1095 5465 1191 5513 aut
1224 5458 1344 5515 viro
1368 5475 1559 5516 necem
1579 5460 1795 5525 aﬂ‘erre,
1820 5470 1913 5516 aut

351 5556 527 5609 equos
572 5558 854 5612 enervare,
904 5549 1326 5617 exsecrandum,
1379 5558 1434 5605 et
1466 5549 1604 5607 diris
1651 5552 1905 5610 devotum

424 5714 466 5746 “
500 5710 643 5770 Psal.
684 5729 827 5781 cm,
856 5718 911 5773 7.
986 5720 1033 5753 "
1063 5720 1208 5777 Psal.
1252 5739 1398 5791 xxiv,
1432 5724 1519 5781 l8.

2014 4554 2247 4625 πέμπει,
2274 4552 2390 4616 πῶς
2419 4552 2486 4606 ἂν
2511 4553 2623 4615 τοῖς
2649 4549 2720 4604 τὰ
2758 4549 2936 4620 φαῦλα
2965 4548 3178 4603 ποιοῦσι
3208 4546 3579 4618 συμπράξειες

2013 4645 2108 4716 Μὴ
2136 4639 2233 4698 οὖν
2253 4644 2405 4714 λέγε,
2436 4643 2518 4697 δτι
2542 4643 2573 4696 ὁ
2598 4643 2729 4706 Θεὸς
2763 4640 3035 4695 είσακούει
3062 4639 3445 4711 διεφθορότων,
3491 4640 3583 4693 καὶ

2013 4734 2226 4803 ἐναγῶν
2245 4774 2262 4800 ,
2323 4733 2419 4787 καὶ
2478 4732 2793 4805 σεσηπότων
2850 4734 2963 4795 τοῖς
3011 4731 3402 4801 ἐπιτηδεύμασι
3426 4771 3443 4797 ,
3490 4730 3583 4783 καὶ

2012 4825 2230 4897 φονεύει
2266 4824 2367 4896 μέν
2389 4823 2728 4895 ἀνθρώπους,
2762 4824 2865 4895 κλᾷ
2884 4822 2942 4876 δὲ
2971 4822 3101 4885 τοὺς
3129 4822 3331 4886 ἵππους
3359 4822 3584 4893 τρέχονο

2011 4932 2112 4982 τας
2148 4918 2209 4971 ἐν
2234 4918 2348 4980 τοῖς
2391 4914 2625 4987 κίρκοις.
2663 4915 2757 4986 Μὴ
2801 4914 3010 4982 γένοιτο
3037 4914 3050 4966 l
3082 4912 3197 4968 Οὐκ
3247 4912 3365 4966 ἐστι
3413 4912 3584 4967 ταῦτα

2011 5008 2148 5063 Θεοῦ
2182 5007 2519 5078 πράγματα,
2572 5004 2711 5059 ἀλλὰ
2753 5004 3023 5075 δαιμόνων
3062 5002 3317 5074 πονηρῶν
3354 5003 3581 5076 ἐνεργή-

2018 5118 2183 5173 ματα.
2212 5101 2445 5163 Εἰκόνας
2476 5099 2586 5169 γάρ
2613 5114 2777 5151 τινων
2813 5095 2974 5167 δῆθεν
3014 5095 3188 5164 ἁγίων
3226 5093 3507 5159 ποιοῦντες
3532 5096 3583 5149 οί

2014 5191 2230 5262 γόητες,
2261 5187 2463 5261 λαμίας
2490 5205 2550 5241 τε
2596 5183 3022 5256 συνδεσμοῦντες
3064 5183 3410 5255 περιεργίαις
3450 5181 3580 5246 τισὶ,

2013 5281 2093 5352 τῷ
2125 5280 2357 5352 ὀπισθίῳ
2404 5279 2504 5350 τῆς
2553 5277 2761 5341 είκόνος
2806 5275 3296 5349 ἐγκατορύττουσι,
3332 5275 3428 5329 καὶ
3454 5276 3581 5329 ὅταν

2019 5370 2318 5442 βούλονται,
2351 5372 2386 5443 ῆ
2421 5374 2655 5441 γυναῖκα
2684 5372 2909 5440 ποιῆσαι
2949 5368 3323 5440 μοιχευθῆναι,
3351 5366 3384 5439 ἢ
3412 5369 3580 5439 ἄνδρα

2014 5461 2322 5517 θανατῶσαι
2341 5501 2356 5526 ,
2392 5463 2425 5532 ἢ
2453 5462 2650 5525 ίππους
2680 5461 2872 5515 κλάσαι
2898 5502 2913 5528 ,
2964 5458 3286 5531 νηστεύουσι
3333 5474 3580 5528 κατηρα-

2017 5551 2209 5624 μένην,
2234 5554 2325 5608 καὶ
2355 5552 2613 5627 βδελυρὰν
2645 5553 2919 5625 νηστείαν,
2959 5550 3050 5606 καὶ
3079 5549 3415 5620 ἀγρυπνοῦσι
3441 5550 3577 5620 πρὸς

3082 5860 3127 5867 -σ
