4046 6152
313 239 454 307 1629

1123 252 1226 313 DE
1259 255 1746 322 VOLUNTARIA
1776 264 2273 330 PAUPERTATE
2311 273 2409 332 AD
2447 275 2792 341 MAGNAM.

3432 293 3569 359 1030

302 354 498 418 Οὐδεὶς
545 353 655 426 γάρ
707 356 857 410 ἐστιν
909 356 1052 413 οὕτω
1103 359 1252 426 ξένος
1290 364 1468 438 πάντη
1511 370 1606 422 καὶ
1661 370 1880 442 ἔκφυλος

304 442 536 470 ιι-...ι--.
562 445 1133 470 --..,-ι---.-..ι--,,.-,
1165 454 1219 470 ί-
1297 455 1309 470 .
1355 455 1377 470 ,Α
1520 458 1532 470 .
1707 462 1719 470 .

1994 377 2251 448 iniuriam
2298 382 2593 440 inferentes
2637 387 2846 455 pudore
2869 387 3203 460 suffundens,
3240 409 3345 451 non
3369 401 3567 470 solum,

303 442 542 515 ἀσκήσει
562 445 830 516 πονηρίας
848 448 1134 518 γενόμενος
1157 454 1257 523 τῆς
1284 455 1630 530 ἀνθρωπίνης
1652 462 1886 532 φύσεως,

308 533 388 599 ὡς
411 535 488 607 μὴ
511 536 886 590 δυσωπεῖσθαι
914 542 1029 603 τοῖς
1055 536 1138 605 οἷς
1165 545 1434 601 πέπονθεν
1469 551 1786 625 ἀντιδρᾶσαι
1819 556 1887 611 τὰ

309 626 402 679 [aa
435 626 757 698 δυνάμενον,
788 628 884 680 καὶ
909 632 974 700 τῇ
1007 631 1236 718 δμνάμει
1277 638 1366 690 ἐπ’
1393 640 1584 713 ἀγαθῷ
1613 648 1887 718 κεχρημέ-

302 733 413 781 νον,
448 718 850 787 καταδυόμενος
879 718 965 787 ἐφ’
1001 715 1083 785 οἷς
1109 724 1374 797 ἀδικήσας
1418 732 1516 795 τὰς
1551 732 1644 786 τοῦ
1671 715 1885 809 ὠφελη-

301 806 459 868 κότος
480 804 869 876 ἁντιλαμϐάνει
891 809 1143 879 χάριτας,
1172 816 1424 881 κακίζων
1446 820 1545 889 μὲν
1564 804 1760 878 ἐαυτὸν
1786 804 1885 896 τῆς

300 896 567 966 πονηρίας
602 896 850 985 εἰκότως,
900 897 1200 970 θαυμάζων
1224 906 1281 960 δὲ
1304 911 1406 979 τῆς
1452 911 1769 985 φιλοσοφίας
1794 920 1885 971 εύ-

296 985 471 1055 λόγως
497 987 728 1051 ἐκεῖνον,
744 981 811 1041 οὗ
834 988 911 1058 τῷ
935 993 1347 1065 παραδείγματι
1371 1000 1433 1052 τὸ
1454 981 1754 1073 ἀποστῆναι
1783 1008 1882 1079 τῆς

298 1076 561 1147 πονηρίας
589 1077 897 1152 ὠφέληται,
931 1083 1031 1136 καὶ
1072 1087 1400 1155 μεταϐαλεῖν
1433 1093 1526 1146 ἐπὶ
1550 1095 1610 1149 τὸ
1640 1076 1882 1166 γνωσθεν

295 1169 360 1236 τῇ
397 1168 564 1237 πείρᾳ
590 1166 756 1220 καλὸν
794 1169 1035 1235 τοιοῦτος
1071 1174 1291 1240 πάντως
1322 1177 1508 1235 λοιπὸν
1538 1221 1553 1246 ,
1585 1187 1679 1239 καὶ
1717 1189 1880 1255 αὐτὸς

294 1260 409 1320 τοῖς
443 1257 755 1322 ἐπιϐούλοις
784 1262 1097 1332 γενόμενος,
1134 1261 1247 1322 οἷον
1281 1268 1407 1341 ἔσχε
1442 1272 1534 1327 τὸν
1565 1277 1879 1334 ἐπιϐουλευο

297 1346 457 1405 θέντα
502 1349 844 1418 εὐεργεσίαις
878 1356 1282 1423 χειρωσάμενον
1316 1361 1414 1432 τὴν
1444 1367 1710 1436 πονηρίαν
1743 1370 1878 1441 πρὸς

294 1437 356 1490 τὸ
388 1438 693 1492 ἔνσπονδον.
739 1442 849 1495 Καὶ
899 1445 1113 1515 τούτοις
1157 1449 1257 1519 μὲν
1288 1447 1356 1522 ἦν
1380 1453 1572 1519 ἱκανὸς
1598 1460 1626 1511 ὁ
1666 1437 1876 1526 ﬂatile;

296 1531 581 1584 παιδεῦσαι
626 1532 752 1597 τοὺς
789 1536 1062 1604 εὐπειθεῖς
1099 1540 1191 1594 τὸν
1236 1545 1488 1615 σώφρονά
1536 1550 1668 1619 βίον,
1719 1552 1873 1618 εἰδὼς

292 1621 350 1673 δέ
379 1639 531 1686 τινας
555 1626 648 1678 καὶ
671 1627 1022 1696 δυσαγώγους
1047 1632 1183 1702 πρὸς
1205 1634 1387 1700 τοῦτο,
1414 1639 1657 1694 πλείοσιν
1681 1642 1872 1707 ἄλλαις

1991 486 2115 538 qua:
2165 471 2239 526 ab
2292 473 2425 543 ipsis
2476 484 2847 544 attentantur,
2915 484 3259 551 magnanime
3310 487 3568 560 ferendo,

1990 575 2179 617 verum
2223 572 2280 618 et
2322 578 2515 631 came,
2563 568 2707 636 quod
2781 572 2977 638 poterit
3032 572 3234 629 bonum
3299 591 3366 633 ex
3397 582 3569 638 animi

1990 654 2197 709 affectu.
2223 654 2551 710 exhibendo.
2589 658 2763 713 Nemo
2791 662 2936 715 enim
2968 663 3105 717 adeo
3134 670 3477 739 peregrinus,
3514 684 3570 730 et

1987 746 2201 815 penitus
2270 755 2571 805 extraneus.
2614 760 2865 807 enatura
2933 755 3191 822 humana,
3266 769 3375 816 eta
3444 765 3572 834 jure

1986 835 2224 903 gentium
2281 838 2455 892 evasit
2513 841 2819 895 exercendo
2846 856 2966 897 sese
3019 844 3072 897 iu
3107 847 3332 911 malitia,
3372 858 3429 904 ut
3456 869 3566 908 non

1984 938 2106 978 eum
2158 927 2385 995 pudeat,
2426 943 2556 982 cum
2601 930 2659 984 in
2705 932 2810 997 his,
2859 949 2983 1004 qua;
3032 950 3225 1005 passus
3256 949 3359 1005 est,
3396 942 3571 1010 possit

1985 1012 2133 1080 paria
2155 1014 2400 1080 reddere,
2457 1018 2698 1085 atquein
2751 1020 2955 1075 bonum
3024 1023 3227 1077 utisua
3276 1036 3565 1095 petestate,

1982 1098 2354 1155 erubescendo
2412 1110 2468 1155 et
2513 1102 2569 1156 in
2599 1103 2706 1168 his,
2761 1105 2814 1158 in
2849 1107 3051 1175 quibus
3074 1108 3333 1177 injuriam
3366 1113 3564 1180 intulit,

1974 1190 2139 1258 quasi
2170 1206 2234 1244 ex
2253 1191 2433 1247 debito
2460 1195 2660 1263 gratias
2683 1212 2713 1250 e
2741 1206 2926 1253 contra
2953 1200 3284 1270 recipiendo,
3312 1207 3445 1273 quin
3478 1222 3566 1261 se—

1982 1276 2160 1346 ipsum
2211 1280 2429 1349 quidem
2489 1285 2874 1341 convenienter
2929 1289 3252 1346 condemnet
3306 1295 3562 1362 malitiae;

1980 1368 2278 1422 admiretur
2304 1378 2482 1424 autem
2511 1370 2635 1439 jure
2663 1374 2856 1429 merito
2898 1377 2968 1431 ob
3002 1392 3243 1435 amorem
3271 1385 3559 1451 sapientia;

1978 1449 2155 1515 illum,
2200 1455 2363 1524 cujus
2387 1459 2636 1527 exemplo
2666 1460 2951 1531 elongandi
2990 1480 3051 1519 se
3102 1481 3133 1519 a
3170 1449 3374 1522 malitia
3403 1470 3562 1538 juva-

1977 1557 2100 1596 tnen
2134 1544 2346 1608 habuit,
2381 1555 2431 1601 et
2448 1550 2746 1604 transitum
2802 1551 3031 1608 faciendi
3057 1556 3123 1610 ad
3148 1557 3353 1613 bonum
3394 1576 3562 1631 expe-

1976 1631 2208 1687 timetth
2236 1636 2550 1704 cognitum;
2595 1639 2718 1694 talis
2746 1644 2968 1697 omnino
3036 1646 3291 1717 deinceps
3320 1658 3377 1703 et
3442 1651 3562 1721 ipso

290 1713 599 1778 νουθεσίαις
646 1718 883 1785 ἀπάγειν
912 1722 1060 1790 ἡμᾶς
1102 1724 1431 1795 εὐμηχάνως
1463 1733 1721 1801 πειρᾶται
1766 1734 1869 1803 τῆς

1967 1721 2193 1789 cili-ctus
2248 1724 2675 1795 insidiatoribus,
2732 1733 2945 1800 qualem
3012 1736 3201 1792 habuit
3263 1756 3410 1807 eum,
3471 1746 3554 1798 cui

295 1806 678 1878 ματαιότητος,
705 1811 978 1882 εὐφήμοις
1008 1817 1234 1887 ὀνόμασι
1263 1820 1472 1889 ἐνάγων
1506 1825 1649 1894 πρὸς.
1684 1826 1745 1880 τὸ
1782 1828 1869 1882 ἕν-

293 1891 515 1965 θεσμον,
549 1900 679 1952 ποτὲ
717 1904 836 1971 μὲν,
872 1922 893 1953 ί
926 1905 1060 1957 Θεοῦ
1085 1909 1207 1971 ναός
1231 1911 1374 1977 ἐστε,
1417 1931 1435 1963 ι
1468 1891 1596 1966 ποτὲ
1618 1915 1694 1981 δὲ,
1734 1936 1753 1969 t
1783 1919 1868 1982 Ὠς

290 1984 456 2039 τέκνα
487 1988 663 2056 φωτὸς
695 1996 1066 2059 περιπατεῖτε.
1104 2014 1122 2047 ι
1160 1999 1269 2051 Καὶ
1298 2001 1478 2067 πάλιν,
1500 2022 1523 2054 1
1556 2003 1743 2067 Ἀξίως
1772 2005 1866 2059 τοῦ

293 2075 629 2144 Εὑαγγελίου
681 2081 1048 2137 πολιτεύεσθε.
1099 2104 1117 2136 ι
1167 2089 1277 2141 Καὶ
1319 2087 1508 2155 αὖθις’
1560 2111 1579 2145 t
1630 2095 1710 2147 Τὰ
1762 2095 1867 2148 σώ-

293 2182 439 2235 ματα
479 2168 633 2237 ὑμῶν
676 2171 815 2242 μέλη
846 2174 1087 2243 Χριστοῦ
1130 2177 1268 2230 ἐστι·
1322 2183 1417 2233 καὶ
1448 2181 1634 2237 ἄλλοτε
1677 2185 1865 2252 ἁγίους

288 2255 435 2322 ἡμᾶς
460 2259 555 2309 καὶ
598 2259 863 2329 ἀμώμους
887 2263 1061 2325 καλεῖ,
1084 2266 1295 2334 ἄλλοτε,
1324 2269 1608 2339 ἄμεμπτα,
1630 2274 1864 2345 ἀκέραια

287 2344 453 2397 τέκνα
480 2344 639 2412 Θεοῦ,
665 2352 757 2402 καὶ
784 2351 1080 2423 ἁμώμητα.
1124 2354 1308 2413 Ταῦτα
1342 2359 1425 2431 di;
1447 2363 1690 2429 παρόντα
1722 2383 1862 2436 μαρ-

287 2436 491 2504 τυρῶν,
540 2437 578 2491 ἆ
618 2439 755 2504 τέως
797 2444 858 2495 οὐ
900 2446 1139 2516 παρόντα
1180 2450 1487 2518 κτήσασθαι
1526 2452 1626 2518 δεῖ,
1666 2454 1753 2510 ἵνα
1788 2458 1867 2529 μὴ

286 2524 540 2590 ψευδέσιν
585 2529 880 2601 ἐγκωμίοις
936 2535 1422 2609 ὑπωπιαζώμεθα,
1473 2544 1751 2614 χαίρωμεν
1789 2524 1871 2602 ’δὲ

287 2617 465 2670 ταῦτα
516 2627 1063 2698 προσαγορευόμενοι,
1100 2629 1137 2684 ἃ.
1166 2632 1260 2685 καὶ
1304 2637 1416 2697 τοῖς
1445 2635 1628 2704 ἔργοις
1672 2640 1861 2709 ἐσμὲν,

286 2706 463 2780 ἀληθῆ
498 2713 596 2780 τὴν
637 2719 945 2789 μαρτυρίαν
992 2725 1057 2793 τῇ
1095 2724 1415 2794 συνειδήσει,
1446 2730 1542 2779 καὶ
1577 2729 1677 2782 οὐκ
1703 2706 1864 2799 είρωο

286 2799 437 2851 νείαν
471 2806 847 2873 γνωρίζοντες
876 2812 969 2864 καὶ
1000 2813 1125 2882 ἑξῆς
1155 2815 1212 2867 δὲ
1238 2816 1437 2887 πολλὴν
1463 2819 1560 2887 τῆς
1590 2820 1864 2890 ἡμετέρας

285 2892 570 2962 προκοπῆς
629 2898 891 2966 φροντίδα
953 2903 1295 2974 ποιούμενος,
1358 2909 1453 2961 καὶ
1514 2909 1662 2972 ὅπως
1717 2913 1863 2981 ἡμᾶς

285 2980 451 3031 παντὶ
476 2984 661 3054 τρόπῳ
686 2992 1006 3065 καταστήσῃ
1036 2996 1113 3057 εἰς
1135 2995 1307 3067 ἄνδρα
1330 2999 1642 3065 τέ).ειον,είς
1667 2980 1875 3071 μέτρον.

1965 1809 2148 1867 fuerat
2176 1813 2485 1883 insidiatus,
2524 1820 2615 1887 qui
2648 1820 2927 1878 beneﬁciis
2958 1828 3241 1893 superavit,
3293 1833 3555 1887 malitiam

1971 1901 2036 1954 ad
2065 1901 2603 1960 confaederationem.
2662 1906 2729 1960 Et
2774 1909 2875 1964 ista
2932 1913 3152 1981 quidem
3192 1915 3367 1972 Paulo
3397 1921 3562 1976 satis-

1972 1989 2219 2057 fnissent,
2254 2002 2312 2047 ut
2343 1995 2583 2049 erudiret
2614 1995 2817 2052 dociles
2843 2000 2908 2054 ad
2948 2001 3114 2056 vitam
3149 2012 3556 2075 temperantem.

1972 2080 2166 2137 Sciens
2178 2099 2309 2138 vero
2322 2083 2536 2154 aliquos
2559 2087 2624 2139 ad
2640 2087 2694 2140 id
2711 2087 3157 2160 difﬁcile‘adduci,
3180 2095 3423 2164 pluribus
3439 2099 3560 2152 aliis

1968 2173 2441 2230 adhortationibus
2472 2176 2738 2233 abducere
2763 2196 2864 2235 nos
2897 2180 3175 2252 ingeniose
3198 2194 3388 2251 tentat,
3413 2203 3443 2242 a
3473 2206 3560 2243 Vu-

1970 2267 2135 2320 nitate
2144 2267 2306 2336 29],
2327 2268 2957 2327 nominibuscelehribus
2975 2274 3234 2332 inducens
3268 2278 3332 2332 ad
3353 2290 3553 2333 rectam

1964 2356 2170 2424 legem;
2198 2358 2489 2427 aliquando
2513 2360 2763 2429 quidem:
2799 2380 2817 2413 ι
2861 2361 2950 2417 Dei
2983 2365 3239 2433 templum
3267 2369 3396 2423 estis
3415 2369 3491 2432 “;
3526 2388 3547 2421 ι

1968 2463 2362 2519 nonnunquam
2382 2465 2512 2506 vero
2539 2468 2552 2504 :
2585 2470 2603 2502 ι
2637 2451 2727 2506 Uti
2753 2453 2845 2507 filii
2875 2440 3011 2510 lucis
3037 2457 3315 2514 ambulate
3339 2459 3420 2526 ⁶³;
3448 2479 3465 2511 ι
3499 2471 3554 2516 et

1968 2538 2207 2601 iterum:
2241 2559 2261 2592 ι
2288 2541 2459 2612 Digne
2479 2542 2771 2615 Evangelii)
2792 2549 3188 2603 convey-semini
3207 2549 3285 2616 “;
3312 2570 3331 2603 ι
3356 2560 3407 2607 et
3431 2569 3555 2607 rur-

1968 2647 2087 2685 sum
2120 2649 2134 2687 ;
2176 2651 2195 2684 ι
2218 2631 2407 2689 Vestra
2437 2650 2666 2705 corpora
2695 2646 2823 2692 sunt
2846 2642 3086 2694 membra
3125 2641 3327 2698 Christi
3350 2642 3425 2710 ‘5;
3453 2664 3469 2695 ι
3498 2651 3555 2699 et

1965 2721 2101 2776 alias
2149 2739 2247 2779 nos
2294 2734 2513 2780 sanctos
2542 2734 2596 2780 et
2624 2728 2999 2783 immaculatos
3032 2740 3209 2795 vocat,
3242 2731 3377 2787 alias
3413 2734 3551 2786 irre-

1966 2813 2381 2879 prehensibiles,
2409 2824 2462 2870 et
2492 2815 2740 2871 sinceros
2771 2817 2863 2873 Dei
2894 2819 3053 2884 filios,
3081 2831 3130 2873 et
3159 2820 3461 2888 inculpatos
3480 2825 3546 2876 “.

1965 2903 2091 2958 Haec
2140 2913 2400 2975 tanquam
2458 2909 2747 2976 praesentia
2801 2918 3139 2975 contestans,
3191 2928 3313 2981 qua:
3368 2913 3549 2967 adhuc

1968 3010 2075 3048 non
2145 2997 2434 3065 praesentia
2482 3008 2698 3067 oportet
2722 3002 3030 3069 acquirere,
3066 3012 3118 3056 ut
3150 3018 3217 3055 ne
3251 3003 3403 3057 falsis
3428 3002 3548 3056 latt-

285 3069 503 3139 ἡλικίας
534 3075 627 3128 τοῦ
653 3077 1025 3152 πληρώματος
1040 3086 1134 3138 τοῦ
1158 3088 1397 3157 Χριστοῦ
1426 3069 1729 3159 μεριμνῶν,
1761 3069 1862 3143 πᾶ-

1967 3085 2126 3139 dihus
2170 3087 2545 3156 suggillemur.
2597 3087 2945 3144 Gaudeamus
3008 3099 3187 3144 autem
3264 3092 3329 3146 de
3395 3091 3545 3147 hisce

286 3175 384 3213 σαν
413 3164 675 3220 πάντοθεν
732 3174 874 3225 κινεῖ
929 3175 1174 3246 μηχανὴν
1230 3178 1381 3232 οὐδὲν
1428 3180 1864 3250 παραλιμπάνων

1963 3177 2294 3245 cotnpellati,
2340 3193 2462 3247 quae
2495 3194 2560 3233 ex
2608 3180 2864 3248 operibus
2919 3195 3131 3247 sumus,
3162 3197 3357 3236 verum.
3390 3184 3544 3239 ιρειί-

281 3251 389 3304 τῶν
426 3258 819 3314 συντελούντων
855 3267 994 3337 πρὸς
1025 3268 1201 3322 τοῦτο.

1963 3267 2211 3321 monium-
2239 3268 2592 3334 conscientia,
2643 3279 2698 3325 et
2753 3273 3101 3328 tton-ironice
3161 3287 3540 3345 agnoscentes.

281 3339 544 3417 Deinceps
607 3367 764 3419 vero,
816 3358 1040 3412 multam
1103 3361 1269 3414 nostri
1324 3376 1648 3431 progressus
1695 3375 1881 3417 curam
1923 3358 2228 3427 suscipiens
2286 3365 2453 3426 utque
2503 3375 2606 3415 nos
2660 3362 2810 3417 omni
2875 3364 3038 3417 modo
3089 3363 3144 3417 in
3180 3366 3369 3419 virum'
3412 3382 3540 3436 per-

279 3430 479 3489 lectum
538 3444 832 3506 constituat
886 3448 952 3500 ad
1013 3430 1331 3505 mensuram
1372 3430 1548 3507 aetatis
1583 3450 1932 3522 plenitudinis
1971 3448 2169 3503 Christi
2198 3447 2243 3479 "
2294 3449 2557 3504 sollicitus
2581 3452 2850 3508 exsistens
2877 3466 3099 3507 omnem
3122 3454 3339 3523 penitus
3362 3456 3543 3515 πιόντι

282 3529 610 3598 machinam,
662 3535 794 3589 nihil
841 3537 1221 3608 derelinquens
1249 3556 1461 3609 eorum,
1495 3559 1615 3613 quae
1670 3542 1738 3596 ad
1772 3542 1875 3595 hoc
1911 3537 2299 3609 perliciendum
2355 3538 2663 3595 (ῑοιιΐεΐωιῐο

852 3652 1100 3705 ΚΕΦΔΛ.
1133 3654 1185 3707 Μ
1194 3653 1274 3708 H'.
1771 3712 1800 3747 .

346 3753 554 3808 Λύτίκα
581 3756 710 3823 γοῦν
775 3760 1001 3829 νεκροὺς
1046 3756 1183 3814 εἶναι
1216 3761 1488 3831 βούλεται,
1529 3762 1624 3815 καὶ
1658 3765 1852 3816 ἐσταυ-

278 3844 557 3912 ρωμένους
578 3845 655 3916 τῷ
686 3847 902 3917 κόσμῳ,
930 3849 1141 3914 οὐδενὸς
1176 3852 1236 3903 ού
1263 3852 1371 3906 τῶν
1409 3853 1580 3924 ἡδέων
1610 3852 1844 3918 τούτων,

269 3931 332 3983 ού
363 3933 472 3984 τῶν
501 3933 757 4005 λυπηρῶν
788 3936 1164 4007 λαμϐάνοντας
1195 3940 1468 4011 αἴσθησιν·
1510 3941 1699 4012 ἐπειδὴ
1731 3941 1851 3994 κατ’

268 4023 435 4076 αὑτὸν
467 4027 705 4094 παράγει
734 4027 795 4079 τὸ
823 4029 1010 4099 σχῆμα
1037 4031 1129 4083 τοῦ
1161 4031 1369 4100 κόσμου
1405 4031 1594 4085 τούτου
1619 4073 1635 4099 ,
1679 4031 1853 4103 μικρὰ

269 4113 365 4164 καὶ
394 4113 602 4167 λυποῦν
630 4115 704 4177 ὡς
736 4118 943 4187 σχῆμα,
977 4121 1070 4173 καὶ
1114 4122 1401 4191 εὐφραῖνον
1425 4124 1481 4175 ἐν
1512 4126 1576 4194 τῇ
1606 4123 1845 4193 παρόδῳ,

265 4203 470 4272 ὁμοίως
504 4206 697 4276 μικρὰ,
734 4210 792 4261 ού
819 4212 1158 4279 χρονίζοντα,
1193 4214 1314 4266 οὐδὲ
1342 4216 1529 4286 μακρᾷ
1561 4217 1626 4285 τῇ
1668 4231 1845 4285 παρα-

268 4298 408 4365 μονῇ
441 4295 540 4365 τὴν
580 4299 858 4370 ἑκατέρων
892 4303 1192 4372 ποιούμενα
1212 4304 1487 4375 αἴσθησιν,
1530 4307 1761 4377 ὀξυτάτῃ
1784 4306 1841 4358 δὲ

2507 3649 2737 3704 CAPUT
2774 3650 3007 3707 XLVIII.

2027 3756 2219 3810 Statim
2258 3757 2420 3826 igitur
2469 3768 2714 3814 mortuos
2781 3776 2902 3816 esse
2944 3764 3076 3829 vult,
3133 3776 3189 3821 et
3248 3771 3539 3827 crucifixos

1956 3844 2179 3905 mundo,
2235 3844 2438 3897 nullius
2464 3860 2637 3913 neque
2691 3846 3090 3903 delectabilium
3173 3852 3407 3910 istarum
3451 3873 3537 3911 re-

1958 3949 2110 3998 rum,
2161 3948 2340 4001 neque
2393 3921 2743 3990 molesiarum
2803 3953 2997 3994 sensus
3043 3955 3164 3996 esse
3219 3946 3532 4015 participes,

1962 4023 2222 4092 quoniam
2277 4024 2574 4078 secundum
2605 4027 2779 4093 ipsum
2816 4046 2834 4077 ι
2865 4031 3102 4096 praeterit
3149 4031 3320 4100 ﬁgura
3372 4035 3532 4113 hujus

1963 4109 2139 4164 .nundi
2170 4109 2282 4171 ης»
2309 4121 2363 4164 et
2394 4118 2499 4163 tam
2533 4112 2676 4179 quod
2703 4111 2858 4166 all'crt
2885 4115 3150 4181 dolorem,
3182 4132 3371 4186 parum
3407 4109 3534 4175 cru;

1948 4200 2078 4264 ciat,
2114 4216 2278 4270 quam
2326 4201 2472 4270 quod
2496 4202 2728 4256 delectat
2761 4218 2852 4271 per
2879 4213 3224 4260 transennam
3283 4211 3535 4267 similiter

1945 4305 2140 4360 parum
2196 4292 2424 4347 solatur.
2486 4289 2763 4348 Utrumvis
2792 4294 2935 4347 enim
2974 4310 3072 4349 nec
3109 4295 3367 4355 diuturno
3397 4312 3533 4356 tem-

263 4386 680 4457 παρατρέχοντα
719 4393 861 4463 φορᾷ
886 4434 900 4458 ,
934 4395 1028 4446 καὶ
1062 4397 1284 4465 μνήμης
1313 4398 1371 4449 ὲν
1397 4399 1465 4466 τῇ
1510 4396 1654 4467 ψυχῇ
1695 4397 1838 4466 ἴχνος
1877 4403 1880 4449 l

1963 4398 2074 4438 tore
2118 4385 2396 4454 perdurat,
2452 4399 2552 4438 nec
2603 4384 2813 4459 prolixe
2895 4389 3259 4456 perseverans
3306 4407 3527 4448 sensum

260 4475 323 4526 οὐ
351 4480 833 4548 καταλιμπάνοντα
861 4485 923 4553 τῇ
960 4484 1242 4554 ταχύτητι.
1288 4487 1426 4555 Φησὶ
1457 4487 1607 4555 γοῦψ
1653 4505 1672 4538 ι
1712 4488 1842 4540 Ἀπ-

259 4566 572 4640 εθάνετετῷ
592 4570 805 4642 κόσμῳ,
828 4575 922 4626 καὶ
948 4576 980 4645 ἡ
1013 4575 1124 4646 ζωὴ
1142 4576 1295 4644 ὑμῶν
1314 4578 1615 4648 κέκρυπται
1638 4578 1733 4631 σὺν
1762 4576 1839 4648 τῷ

257 4658 479 4729 Χριστῷ
515 4662 574 4715 ἐν
601 4661 680 4732 τῷ
705 4663 824 4733 Θεῷ
848 4681 861 4694 ⁸
903 4683 921 4715 ι
971 4665 1135 4736 ἄλλην
1166 4667 1312 4738 ζωὴν
1353 4668 1509 4730 εἰδὼς
1546 4669 1685 4738 μετᾶ
1740 4668 1835 4722 τὸν

255 4750 549 4818 εἰρημένον
575 4752 825 4817 θάνατον,
853 4756 920 4825 ἢν
952 4754 1119 4819 ζῶσιν
1146 4758 1196 4810 oi
1222 4760 1654 4822 συναναστάντες
1695 4761 1832 4830 Χρι-

255 4836 388 4905 στῷ,
413 4838 480 4891 τὰ
498 4838 610 4893 ἄνω
639 4841 931 4911 ζητοῦντες
957 4846 1050 4898 καὶ
1081 4845 1424 4917 φρονοῦντες,
1469 4847 1833 4912 ἀποθανόντες

250 4928 365 4981 ἀπὸ
394 4929 504 4981 τῶν
536 4935 815 5004 στοιχείων
852 4935 944 4989 τοῦ
983 4937 1212 5007 κόσμου,
1245 4937 1341 4990 καὶ
1375 4939 1476 4990 οὐκ
1507 4938 1586 4991 ἔτι
1629 4939 1831 5003 ζῶντες

249 5020 311 5071 ἐν
343 5021 547 5087 αὐτοῖς,
580 5023 656 5087 ὥς
684 5043 849 5091 τινες,
877 5022 957 5091 οἷς
977 5029 1209 5100 ἐπιτιμᾷ
1239 5028 1435 5096 λέγων,
1469 5047 1487 5079 ι
1523 5031 1586 5082 Εἰ
1621 5031 1829 5084 ἀπεθά-

247 5127 369 5164 νετε
409 5112 518 5165 ἀπὸ
545 5114 653 5167 τῶν
692 5119 972 5188 στοιχείων
1000 5119 1094 5173 τοῦ
1125 5121 1356 5188 κόσμου,
1395 5138 1412 5171 ι
1453 5120 1505 5172 τί
1531 5120 1605 5182 ὡς
1629 5120 1831 5184 ζῶντες

244 5200 306 5251 ὲν
346 5200 422 5271 τῷ
463 5203 653 5274 κόσμῳ
686 5205 1123 5277 δογματίζεσθες
1170 5211 1244 5281 μὴ
1294 5209 1426 5280 ἅψῃ,
1469 5210 1604 5280 μηδὲ
1636 5209 1828 5281 γεύσῃ,

244 5291 387 5362 μηδὲ
414 5292 593 5366 ,θίγῃς
620 5312 635 5327 ο
662 5297 845 5351 πάντα
893 5299 1002 5369 γὰρ
1037 5301 1120 5362 είς
1171 5300 1382 5370 φθορὰν
1411 5302 1477 5370 τῇ
1524 5299 1829 5370 ἀποχρήσει

237 5384 356 5446 τοῖς
382 5383 622 5439 παύσασι
643 5387 721 5459 τῷ
746 5388 961 5461 θανάτῳ
989 5391 1087 5462 τὴν
1122 5392 1259 5462 προς
1285 5393 1423 5446 αὐτὰ
1461 5392 1559 5460 τῆς
1595 5390 1827 5463 ὀρέξεως

312 5563 358 5595 “
387 5564 408 5618 1
444 5565 577 5621 Cor.
612 5581 697 5627 ιιι,
723 5567 827 5632 16;
857 5566 897 5618 11
923 5567 1051 5621 Cor.
1085 5584 1160 5634 vi,
1184 5569 1270 5625 l6.
1348 5571 1614 5640 "Ephes.
1649 5588 1702 5636 ν,
1768 5571 1825 5626 8.

320 5633 518 5698 Εριιιιε.
556 5652 631 5698 tv,
667 5636 756 5689 15.
833 5636 877 5666 ⁸⁸
911 5636 928 5687 1
967 5638 1094 5691 Cor.
1123 5653 1216 5698 vn,
1246 5641 1333 5694 51.
1413 5642 1456 5671 ⁸⁸
1483 5642 1694 5698 Coloss.
1756 5656 1837 5698 In.

1969 5571 2181 5640 Philipp

2025 5643 2070 5674 ⁸ο
2101 5644 2176 5695 Co

1681 5681 1694 5696 ο
1756 5680 1837 5707 ιιι,
1894 5680 1947 5694 υ.

238 5633 285 5663 ³⁷
320 5633 518 5698 Εριιιιε.
556 5652 631 5698 tv,
667 5636 756 5689 15.
833 5636 877 5666 ⁸⁸
911 5636 928 5687 1
967 5638 1094 5691 Cor.
1123 5633 1216 5704 vn,
1246 5641 1333 5694 51.

1948 4473 2140 4540 allicit;
2195 4476 2520 4530 transcurrit
2575 4491 2703 4531 vero
2739 4478 3086 4534 velocissimo
3150 4492 3324 4550 motu,
3383 4491 3438 4538 et
3471 4484 3526 4540 in

1945 4568 2125 4621 anima
2176 4568 2463 4635 vestigium
2515 4569 2791 4625 memoriae
2847 4571 3055 4626 nullum
3095 4589 3206 4643 pm
3251 4575 3528 4631 celeritate

1943 4663 2219 4731 relinquit.
2249 4665 2359 4734 (Ait
2380 4664 2632 4733 itaque):
2670 4684 2688 4717 ι
2719 4664 2917 4721 Mortui
2949 4669 3093 4723 enim
3127 4669 3261 4725 estis
3299 4671 3524 4740 mundo,

1942 4763 1995 4809 et
2042 4756 2153 4810 vita
2227 4764 2403 4810 vestra
2481 4758 2533 4811 in
2588 4756 2698 4812 Deo
2750 4774 2875 4813 cum
2933 4758 3151 4815 Christo
3203 4762 3523 4819 abscondita

1935 4856 2018 4901 est
2040 4846 2124 4899 ηε
2180 4847 2418 4910 taliam
2486 4848 2652 4902 vitam
2711 4850 2889 4905 sciens
2949 4850 3065 4904 fore
3097 4861 3217 4920 post
3243 4854 3522 4922 praefatam

1936 4946 2186 5005 mortem,
2246 4953 2351 5005 qua
2402 4940 2612 5004 vivunt,
2673 4944 2765 5009 qui
2804 4956 2925 4994 eum
2971 4941 3185 4996 Christo
3226 4959 3521 5000 consurre-

1932 5041 2149 5098 xerunt,
2196 5031 2356 5101 292
2423 5041 2674 5100 quaerunt
2750 5047 2833 5095 ea,
2917 5049 3038 5101 que
3094 5050 3310 5089 sursum
3367 5045 3515 5102 sunt,

1939 5120 2304 5190 sapiunlque,
2360 5123 2559 5176 mortui
2612 5122 2680 5175 ab
2731 5123 3011 5178 cietueutis
3063 5126 3270 5192 mundi,
3312 5135 3365 5181 et
3416 5143 3517 5183 nec

1937 5214 2116 5267 adhuc
2174 5215 2417 5269 viventes
2466 5215 2606 5269 intra
2672 5215 2859 5284 ipsos,
2910 5224 2969 5269 ut
3016 5216 3259 5284 quidam,
3314 5219 3514 5289 quibus

1937 5315 2223 5361 succenset
2283 5307 2469 5362 dicens
2502 5326 2514 5362 :
2548 5326 2566 5359 ι
2598 5307 2653 5361 Si
2715 5308 2913 5361 mortui
2945 5308 3081 5362 estis
3130 5309 3199 5364 ab
3229 5311 3511 5369 elementis

1933 5397 2239 5463 mundi“;
2281 5416 2299 5448 ι
2359 5399 2552 5468 ecquid
2604 5399 2762 5467 quasi
2864 5397 3107 5454 viventes
3177 5399 3231 5453 in
3303 5402 3512 5458 mundo

2191 5587 2268 5636 .t,
2299 5572 2389 5626 27.
2466 5572 2511 5603 “
2542 5571 2560 5624 1
2599 5570 2727 5627 Cor.
2759 5585 2836 5636 νι,
2873 5572 2959 5628 l5.
3036 5573 3083 5604 “
3106 5572 3315 5630 Coloss.
3340 5588 3380 5640 ι,
3410 5569 3503 5626 22.

2025 5643 2070 5674 ⁸ο
2101 5642 2312 5697 Coloss.
2346 5658 2404 5708 ιι,
2466 5641 2555 5693 ‘20.
