4046 6152
525 243 655 311 i031

2025 265 2085 324 S.
2128 265 2289 325 NlLI

3654 279 3781 347 1032

522 356 834 421 decernitis,
891 372 957 412 ne
1008 369 1216 430 tangas,
1251 377 1426 433 neque
1460 375 1664 435 gustes,
1699 384 1797 426 nec
1818 373 2054 444 attingas

2172 436 2173 439 η
2201 375 2397 446 ὁρμήν.
2444 376 2601 431 Ἀλλὰ
2662 379 2755 433 καὶ
2809 384 3195 456 παραστήσατε
3229 387 3476 453 ἑαυτοὺς,
3510 388 3677 459 λέγει,
3710 397 3781 467 τῷ

522 447 704 500 omnia
735 448 934 500 etenim
971 450 1034 503 ad
1089 454 1493 522 corruptionem
1554 459 1727 515 abusu
1770 462 1853 517 his
1876 465 1967 532 qui
1993 480 2099 533 pra:

521 537 716 591 morte,
749 528 816 582 ad
876 529 964 581 illa
1021 532 1334 601 cupiditatis
1389 537 1588 607 impetu
1638 541 1765 596 ferri
1798 528 2093 602 desierunt.

520 619 626 672 Sed
679 627 731 672 et
785 620 1165 690 vosmetipsos,
1221 626 1416 696 inquit,
1466 629 1575 684 Deo
1626 633 1894 702 exhibete,
1952 638 2099 693 velut

518 709 801 764 emortuis
857 713 1128 781 viventes;
1180 731 1243 770 ea
1271 729 1422 786 parte
1488 723 1707 791 quidem
1769 728 1941 782 emori
1996 743 2096 784 nos

517 786 723 862 volens,
770 814 879 868 qua
910 803 1193 871 passiones
1224 810 1656 878 concupiscentis
1699 816 1959 873 adversus
1982 821 2093 888 spi-

516 892 675 944 ritum
702 892 880 949 carnis
905 905 1200 965 operantur
1224 901 1294 966 ",
1313 917 1376 957 ea
1409 919 1535 959 vero
1569 915 1720 974 parte
1746 909 1923 965 vivere
1952 926 2092 978 prat-

514 980 743 1049 cipiens,
806 999 913 1053 qua
960 986 1174 1044 virtutis
1196 1006 1359 1061 opera
1395 995 1750 1063 perficiuntur
1777 1001 1843 1054 ad
1880 1003 2093 1070 placen-

512 1075 642 1130 dum
676 1075 808 1132 Deo.
839 1076 949 1135 Hac
982 1083 1048 1135 de
1082 1098 1249 1139 causa
1304 1086 1536 1142 hostiam
1565 1093 1790 1161 quoque
1823 1095 2089 1151 viventem

513 1167 758 1221 nominat
781 1183 892 1234 eos,
934 1172 1025 1239 qui
1063 1176 1458 1233 mortificarunt
1497 1184 1738 1238 membra
1789 1202 1951 1256 super
1982 1197 2090 1243 ter-

512 1270 628 1310 ram
645 1256 711 1319 5’,
742 1267 794 1311 et
820 1259 872 1311 iu
900 1266 1135 1318 novitate
1155 1266 1273 1321 vitae
1291 1270 1570 1325 ambulant
1591 1273 1638 1305 ⁸³
1697 1290 1795 1329 nec
1826 1279 1890 1333 ad
1924 1279 2090 1347 prava

513 1357 797 1402 moventur
828 1353 1147 1409 mortilic'ata
1183 1374 1276 1426 per
1327 1361 1749 1419 immolationem
1824 1371 2085 1436 potentia,

510 1452 632 1509 quae
680 1440 823 1495 circa
878 1458 940 1498 ea
1006 1454 1109 1513 est,
1176 1465 1350 1519 neque
1411 1454 1725 1524 pigrescunt
1789 1461 1853 1514 ad
1922 1462 2084 1529 bona,

508 1531 946 1601 quandoquidem
1010 1554 1132 1593 cum
1166 1542 1471 1599 sintltostia
1524 1548 1730 1615 vivens,
1769 1552 1893 1618 vim,
1922 1571 2083 1623 quam

508 1621 709 1677 habent
734 1624 798 1677 ad
828 1627 1002 1693 utilia,
1030 1644 1135 1683 non
1163 1632 1498 1688 abstulerunt
1523 1638 1682 1692 simul
1713 1655 1834 1694 cum
1872 1646 2081 1713 robore,

508 1716 653 1782 quod
683 1727 767 1774 est
798 1719 862 1772 ad
900 1721 1124 1773 ntinime
1163 1722 1430 1789 decentia,
1471 1726 1588 1795 ipsa
1622 1740 1800 1786 autent
1841 1735 1924 1789 usi
1959 1747 2086 1792 sunt
2119 1727 2159 1781 Β

504 1803 895 1874 efﬂorescente,
960 1819 1013 1863 et
1073 1822 1309 1877 recente,
1344 1826 1531 1871 contra
1587 1823 1773 1877 carnis
1800 1828 2082 1897 antiquum

504 1897 874 1952 adversarium
936 1915 1180 1965 sensum,
1228 1904 1366 1957 haud
1432 1911 1647 1964 attracti
1711 1913 1964 1985 deinceps
2015 1924 2083 1977 ab

2205 465 2326 535 Θεῷ
2363 467 2496 519 ὡσεὶ
2541 470 2603 523 ἐκ
2646 471 2855 542 νεκρῶν
2901 473 3128 539 ζῶντας·
3184 479 3338 549 μέρει
3379 480 3477 550 μὲν
3527 465 3777 542 τεθνάναί

2206 557 2378 610 θέλων
2401 560 2567 628 ἡμᾶς,
2596 555 2640 630 ᾧ
2683 563 2752 615 τὰ
2783 563 2885 634 τῆς
2920 566 3293 638 ἐπιθυμούσης
3317 571 3457 625 κατὰ
3487 573 3583 627 τοῦ
3620 579 3779 630 πνεύ-

2206 662 2376 715 ματος
2409 650 2613 719 σαρκὸς
2646 654 2950 723 ἐνεργεῖται
2981 657 3151 728 πάθη,
3200 659 3355 729 μέρει
3394 660 3451 714 δὲ
3494 661 3594 733 ζῇν
3626 667 3779 735 ἐγκε-

2202 739 2491 810 λευόμενος
2544 735 2589 808 ᾧ
2640 743 2706 796 τὰ
2745 744 2844 813 τῆς
2885 746 3086 816 ἀρετῆς
3148 750 3478 806 ἐπιτελεῖται
3527 757 3666 827 πρὸς
3720 760 3777 813 τὸ

2201 830 2435 898 ἀρέσκον
2472 831 2612 903 Θεῷ.
2659 835 2860 888 Τούτου
2896 839 3055 907 χάριν
3102 840 3193 892 καὶ
3229 842 3418 896 θυσίαν
3447 844 3626 907 ζῶσαν
3667 853 3776 915 ὀνο·

2203 919 2364 989 μάζει
2396 922 2520 986 τοὺς
2561 927 2941 995 νεκρώσαντας
2986 930 3055 983 τὰ
3095 932 3231 1004 μέλη
3281 934 3347 987 τὰ
3388 937 3482 989 ἐπὶ
3526 938 3625 1008 τῆς
3654 941 3773 1011 γῆς,

2200 1015 2293 1067 καὶ
2324 1018 2381 1068 ἐν
2418 1019 2695 1089 καινότητι
2719 1019 2862 1091 ζωῆς
2890 1026 3345 1093 περιπατοῦντας,
3378 1028 3503 1083 οὔτε
3537 1035 3674 1103 πρὸς
3709 1037 3774 1090 τά

2198 1108 2376 1175 φαῦλα
2411 1110 2760 1179 κινουμένους
2787 1114 3156 1183 νεκρωθείσης
3199 1120 3262 1188 τῇ
3304 1118 3463 1190 θυσίᾳ
3506 1123 3604 1192 τῆς
3637 1127 3773 1195 πρὸς

2197 1198 2366 1253 ταῦτα
2403 1201 2706 1271 δυνάμεως,
2737 1202 2859 1255 οὔτε
2891 1205 3194 1275 ἀργοῦντας
3227 1211 3332 1262 τῶν
3358 1213 3557 1277 καλῶν,
3591 1217 3772 1288 ἐπειδὴ

2196 1286 2342 1352 ζῶσα
2360 1289 2510 1352 ὄντες
2537 1290 2694 1344 θυσία
2710 1292 2805 1361 τὴν
2834 1294 2968 1364 πρὸς
2987 1295 3054 1347 τὰ
3086 1300 3330 1368 χρήσιμα
3363 1302 3516 1371 ίσχὺν
3546 1305 3606 1356 οὐ
3644 1286 3769 1359 συν-ζ

2195 1381 2402 1435 ανείλον
2429 1384 2494 1453 τῇ
2529 1383 2666 1453 πρὸς
2692 1384 2760 1437 τὰ
2799 1386 2860 1438 οὐ
2906 1387 3214 1458 καθήκοντα
3241 1391 3419 1463 ῥώμῃ,
3450 1394 3769 1469 ἁκμαζούσῃ

2195 1471 2250 1525 δὲ
2281 1472 2436 1544 αὐτῇ,
2480 1475 2574 1527 καὶ
2604 1478 2774 1546 νεαρᾷ
2813 1476 3112 1548 κέχρηνται
3147 1481 3290 1535 κατὰ
3337 1484 3431 1536 τοῦ
3470 1487 3637 1539 πάλαι
3674 1490 3769 1559 τῆς

2194 1566 2395 1635 σαρκὸς
2450 1567 2709 1637 πολεμίου
2760 1573 3105 1641 φρονήματος
3152 1575 3249 1628 οὐκ
3281 1576 3622 1648 ἐξελκόμενοι
3667 1582 3767 1635 λοι-

2194 1657 2293 1709 πὸν
2310 1659 2414 1711 ὑπὸ
2436 1659 2543 1711 τῶν
2572 1658 2877 1731 τ[οι]ούτων
2908 1664 3117 1733 ἀλόγων
3141 1668 3443 1739 ἐπιθυμιῶν
3468 1671 3556 1724 διὰ
3589 1673 3647 1726 τὸ
3676 1692 3767 1743 με-

2189 1747 2550 1819 ταϐεϐηκέναι
2598 1753 2875 1814 παντελῶς
2905 1756 2969 1808 ἐκ
3005 1760 3102 1826 τῆς
3140 1757 3460 1831 σωματικῆς
3494 1766 3576 1828 εἰς
3607 1783 3767 1818 πνευ-

2194 1840 2428 1911 ματικὴν
2468 1842 2712 1914 ἀγωγὴν,
2761 1845 2856 1899 καὶ
2906 1846 3003 1918 ζῇν
3047 1851 3147 1902 οὐκ
3186 1851 3267 1904 ἔτι
3315 1848 3373 1906 ἐν
3420 1857 3606 1923 σαρκὶ,
3637 1858 3769 1912 ἀλλὰ

2191 1932 2485 2003 πνεύματι.

504 1988 623 2054 ejus
675 1990 1076 2047 irrationalibus
1126 1998 1599 2067 concupiscentiis,
1661 2007 1789 2072 quia
1845 2012 2082 2078 perfecte
2161 2026 2405 2089 ιιιωιειδιῑ
2485 2037 2611 2081 sum
2657 2043 2688 2083 θ
2743 2044 3003 2100 corporea
3067 2033 3118 2089 in
3185 2037 3484 2106 spiritalem
3544 2056 3765 2098 conver.

504 2083 789 2151 salientem,
821 2096 874 2140 ct
916 2088 1103 2142 vivunt
1137 2106 1240 2145 non
1274 2095 1508 2163 amplius
1540 2098 1591 2153 in
1629 2116 1811 2170 carne,
1852 2112 1943 2164 sed
1985 2117 2197 2185 spiritu.
2685 2122 2692 2127 ’

972 2286 975 2289 λ
1063 2223 1292 2280 CAPUT
1334 2229 1518 2285 xux.

574 2343 695 2402 Istis
716 2349 913 2403 ctenim
946 2351 1158 2406 videtur
1186 2355 1362 2412 dicere
1401 2378 1413 2413 :
1451 2379 1468 2410 ι
1500 2359 1616 2416 Νοη
1648 2368 1778 2424 estis
1807 2372 1858 2425 in
1894 2389 2077 2444 carne,

498 2430 714 2493 verum'
744 2441 797 2494 in
849 2444 1039 2512 spiritu
1102 2446 1169 2513 ³⁸⁸,
1209 2466 1227 2499 ι
1292 2451 1468 2508 adhuc
1526 2456 1846 2519 circumdati
1883 2483 2078 2526 carnea

498 2544 699 2595 massa,
730 2534 877 2588 nullo
917 2535 1074 2591 modo
1108 2546 1286 2593 tamen
1317 2543 1614 2602 etiamnum
1651 2551 1891 2623 impediti
1946 2562 2082 2616 ulla-

498 2628 657 2675 tenus
736 2623 804 2675 ab
854 2639 953 2689 ea,
1022 2629 1199 2697 (quia
1248 2648 1353 2686 non
1441 2650 1628 2707 regnat
1688 2659 1968 2713 peceatum
2028 2654 2083 2708 in

496 2711 736 2779 ipsorum
789 2716 948 2787 293
1005 2723 1220 2775 mortaii
1274 2740 1503 2794 corpore
1534 2730 1578 2760 ⁵⁸
1618 2750 1636 2782 ι
1673 2750 1846 2805 nequc
1903 2741 2080 2796 adhuc

497 2807 794 2874 ty'rannice,
840 2824 903 2862 ac
932 2811 980 2863 vi
1032 2815 1305 2883 compellit
1354 2819 1417 2871 ad
1453 2820 1811 2880 obcdiendum
1843 2833 2077 2900 propriis

492 2893 681 2961 jussis,
761 2903 814 2949 et
840 2896 958 2965 ejus
1033 2901 1127 2968 qui
1180 2914 1444 2973 repugnat
1505 2909 1604 2980 legi
1659 2893 1876 2981 mentis,
1944 2893 2078 2974 ’γει--

2763 2262 3012 2317 ΚΕΦΑΛ.
3045 2264 3182 2318 ΜΘ’.

2256 2360 2476 2433 Τούτοις
2503 2371 2612 2443 γὰρ
2632 2373 2727 2426 καὶ
2745 2372 2922 2443 λέγειν
2945 2376 3139 2430 ἔοικεν’
3173 2397 3191 2430 ι
3216 2379 3329 2432 Οὐκ
3352 2382 3473 2434 ἐστὲ
3491 2384 3547 2436 ἐν
3578 2384 3755 2455 σαρκὶ,

2183 2459 2297 2514 ἀλλ’
2330 2464 2387 2513 ἐν
2417 2463 2708 2533 πνεύματι,
2743 2484 2762 2517 ι
2786 2466 2863 2519 ἔτι
2893 2469 2991 2537 μὲν
3031 2474 3434 2543 περικειμένοις
3455 2475 3546 2529 τὸν
3573 2494 3759 2548 σαρκι-

2184 2553 2280 2606 κὺν
2327 2555 2508 2623 ὄγκον,
2554 2558 2653 2609 οὐκ
2688 2555 2771 2610 ἔτι
2824 2558 2878 2610 δὲ
2921 2561 3440 2631 παρενοχλουμένοις
3481 2566 3539 2616 ἐν
3585 2566 3756 2618 οὐδενὶ

2184 2644 2334 2714 παρὰ
2373 2646 2563 2698 τούτου
2593 2647 2700 2699 τῶν
2742 2649 2815 2720 μὴ
2864 2650 3168 2718 βασιλεύειν
3203 2671 3221 2703 ι
3258 2654 3356 2724 τὴν
3383 2655 3660 2724 ἁμαρτίαν
3698 2659 3754 2709 ἐν

2179 2734 2256 2803 τῷ
2303 2734 2499 2806 θνητῷ·
2532 2738 2712 2789 αὐτῶν
2761 2739 2995 2809 σώματι,
3036 2758 3055 2792 ι
3112 2741 3244 2810 μηδὲ
3279 2744 3612 2815 τυραννικῶς
3670 2745 3750 2798 ἔτι

2180 2824 2461 2894 βιάζεσθαι
2534 2829 2668 2899 πρὸς
2716 2830 2966 2902 ὑπακοὴν
3007 2832 3116 2886 τῶν
3185 2833 3322 2886 ἰδίων
3360 2835 3752 2905 ἐπιταγμάτων

2176 2917 2323 2970 τοῦτ’
2353 2921 2905 2992 ἁντιστρατευομένου
2930 2922 3005 2994 τῷ
3043 2926 3192 2994 νόμῳ
3224 2923 3317 2978 τοῦ
3351 2926 3487 2992 νοὸς,
3527 2927 3621 2980 τοῦ
3653 2930 3743 2999 ἐμ-

493 2993 752 3054 saturque
780 2988 835 3041 in
889 2992 1144 3049 membris
1169 2994 1368 3050 inlirmi
1399 2998 1465 3063 “,
1496 3016 1603 3070 quo
1642 3008 1912 3074 captivum
1946 3025 2070 3066 eum

2178 3010 2590 3082 πολιτευομένου
2614 3016 2670 3067 ἐν
2693 3016 2808 3076 τοῖς
2834 3014 3048 3085 μέλεσιν
3068 3016 3447 3082 ἀσθενοῦντος,
3473 3019 3747 3090 αἰχμαλω-

493 3073 701 3141 redigat
728 3074 783 3128 in
811 3077 1120 3132 servitutem
1150 3082 1252 3136 sub
1285 3083 1399 3153 lege
1429 3092 1658 3156 peccati,
1711 3073 1823 3148 imo
1852 3109 2071 3154 econtra

492 3160 743 3215 redactus
800 3165 915 3230 ipse
1007 3166 1079 3219 sit
1104 3167 1163 3220 in
1242 3170 1603 3230 obedientiam
1690 3183 2070 3239 mandatorum

488 3238 713 3310 Christi,
737 3255 791 3300 et
817 3252 1137 3305 succumbat
1175 3256 1446 3311 serviliter
1506 3262 1817 3321 melioribus
1841 3269 2066 3338 legibus.

491 3331 697 3400 Quibus
753 3341 1095 3411 congaudere
1127 3342 1329 3400 Paulus
1384 3364 1609 3407 monens
1657 3358 1953 3413 secundum
1995 3363 2073 3415 itt-

491 3423 742 3477 teriorem
799 3424 1096 3489 hominem,
1156 3430 1332 3485 dicit:
1395 3452 1413 3483 ι
1452 3436 1507 3488 ltt
1554 3449 1804 3509 promptu
1862 3446 2068 3503 habens

492 3511 677 3566 ulcisci
714 3529 931 3568 omnem
1011 3518 1433 3578 inobcdientiam
1486 3526 1531 3557 ⁸⁷
1579 3540 1633 3583 ct
1674 3533 1936 3592 adversus
1980 3555 2064 3605 ea,

489 3597 689 3665 quibus
741 3601 998 3668 deceptus
1058 3607 1385 3676 quandoque
1465 3627 1743 3673 erraverat
1827 3597 2063 3694 pugnam

492 3689 982 3760 redintegraturum
1043 3711 1103 3751 se
1135 3696 1485 3771 denuntians,
1536 3709 1782 3767 adhibito
1811 3689 2065 3788 deinceps

489 3780 690 3845 studio,
749 3793 932 3838 contra
955 3800 1018 3840 ea
1040 3791 1315 3857 operando
1351 3793 1626 3856 laboribus
1651 3803 1703 3856 in
1731 3821 1927 3877 corpus
1966 3780 2064 3880 pro

487 3871 686 3928 virtute
706 3879 993 3945 susceptis,
1016 3896 1137 3950 quae
1184 3883 1394 3941 illectus
1448 3891 1608 3948 rebus
1669 3871 2064 3959 oblectantibus

487 3962 555 4017 ab
607 3965 724 4034 ipso
778 3974 972 4037 passus
1027 3973 1224 4029 fuerat.
1273 3975 1528 4043 Quaenam
1556 3986 1721 4051 enim,
1752 3998 1804 4042 et
1873 3994 2063 4061 cujus-

486 4055 630 4109 modi
677 4064 732 4112 et
780 4074 1015 4129 quonam
1066 4077 1226 4133 pacto
1276 4070 1390 4126 haec
1420 4076 1552 4131 ultio
1607 4078 1745 4136 facta
1772 4085 1845 4138 sit
1874 4055 2063 4143 educet

486 4142 782 4214 Romanos,
858 4154 1102 4212 scribens
1157 4175 1173 4212 :
1246 4178 1267 4212 ι
1321 4160 1378 4216 In
1414 4167 1635 4235 quibus,
1689 4173 1884 4249 inquit,
1921 4177 2061 4232 sicut

484 4239 806 4298 exbibuistis
833 4248 1075 4302 membra
1137 4260 1337 4333 vestra_
1370 4258 1581 4315 servire
1608 4239 1984 4333 immunditiae,
2006 4280 2060 4325 et

486 4324 761 4395 iniquitati
811 4331 876 4384 ad
926 4334 1286 4405 iniquitatem,
1324 4328 1426 4397 "ita
1458 4360 1600 4402 nunc
1648 4351 1895 4408 exhibete
1940 4324 2058 4425 ipsa

483 4418 689 4473 servire
730 4420 955 4487 iustitiae
1004 4425 1059 4478 in
1115 4429 1598 4496 sanctificationem
1656 4441 1704 4473 ⁸⁸
1740 4460 1753 4495 :
1794 4462 1813 4495 ι
1880 4418 2060 4503 sciunt

481 4521 612 4565 vero
638 4510 783 4580 quis,
828 4521 880 4567 et
904 4525 1141 4583 quantus
1163 4519 1233 4575 sit
1253 4522 1426 4591 labor,
1452 4529 1544 4597 quj
1584 4544 1851 4601 coguntur
1875 4546 2057 4594 trans-

483 4607 691 4652 mutare
744 4615 963 4667 pravam
1016 4604 1386 4667 habitudinem
1433 4616 1486 4669 in
1520 4618 1716 4676 bonam
1750 4639 1781 4677 a
1826 4638 2054 4684 consue-

480 4684 666 4738 tudine
699 4688 859 4740 vcluti
891 4692 1168 4758 tyrannide
1209 4702 1486 4770 oppressi;
1517 4706 1658 4762 unde
1673 4718 1724 4764 et
1762 4712 1853 4781 qui
1882 4715 2055 4771 valide

477 4772 851 4828 contendendo
906 4779 1236 4844 processisse
1281 4785 1530 4844 videntur
1571 4772 1856 4854 indefessis
1905 4801 2054 4859 labo-

478 4862 652 4927 ribus,
701 4865 827 4920 dum
882 4874 1220 4929 consuetudo
1259 4862 1528 4950 celeriter,
1589 4894 2048 4959 quemadmodum

477 4967 572 5020 per
599 4964 865 5023 catenam,
897 4970 1044 5016 retro
1093 4967 1276 5034 trahit,
1303 4970 1426 5027 inde
1468 4974 1624 5034 facile
1646 4983 1838 5040 subtus
1868 5002 2047 5043 rever-

479 5050 684 5108 tttnlur,
734 5054 784 5098 et
831 5050 1067 5120 persaepe
1122 5056 1323 5113 multus
1377 5061 1529 5119 labor
1591 5071 1774 5125 tandiu
1819 5075 2047 5133 cllicitur
2104 5112 2107 5113 ν

478 5130 703 5199 inutilis,
765 5135 936 5193 donec
981 5144 1177 5212 saepius
1206 5150 1540 5220 secedentes,
1573 5168 1622 5211 et
1666 5163 1856 5217 crebro
1887 5183 2041 5238 repe-

476 5220 666 5276 dantes
714 5228 925 5292 possint
972 5234 1225 5300 paulatim
1271 5242 1437 5296 averti
1498 5245 1566 5299 ab
1627 5247 1732 5305 illis
1784 5220 2039 5322 vitiisfin

477 5312 671 5379 quibus
722 5317 935 5376 fuerant
985 5324 1217 5395 educ‘ati,
1289 5339 1449 5402 atque
1506 5338 1789 5397 traducere
1839 5312 2039 5405 statum

547 5511 589 5542 ⁸¹
623 5512 796 5567 Galat.
828 5531 877 5579 ν,
914 5519 989 5573 l7.

1067 5520 1283 5610 f’nCol.
1358 5532 1525 5610 tlt,_5.
1603 5534 1648 5565 ’⁵³
1686 5498 1842 5595 Rom.
1888 5560 1957 5610 \‘l,
1992 5548 2046 5602 4.

476 5575 518 5609 ⁸⁷
562 5580 601 5632 Il
638 5585 759 5635 Cor.
814 5575 874 5648 κ,
893 5585 945 5638 6.

1029 5590 1073 5619 ⁵⁸
1110 5589 1263 5645 Rutn.
1302 5612 1371 5661 τι,
1402 5589 1485 5653 19.

2172 3102 2361 3156 τεῦσαι
2388 3103 2464 3174 τῷ
2490 3105 2639 3175 νόμῳ
2655 3108 2753 3177 τῆς
2784 3107 3079 3176 ἁμαρτίας,
3106 3109 3744 3182 άνταιχμαλωτευομένου

2172 3191 2228 3243 δὲ
2270 3193 2405 3263 πρὸς
2436 3195 2680 3267 ὑπακοὴν
2719 3196 2825 3248 τῶν
2864 3197 3095 3250 ἐντολῶν
3128 3198 3219 3251 τοῦ
3266 3202 3527 3270 Χριστοῦ,
3557 3204 3653 3256 καὶ
3677 3203 3747 3256 εί-

2171 3297 2358 3344 κοντος
2374 3282 2633 3348 δουλικῶς
2651 3288 2763 3348 τοῖς
2792 3287 3066 3357 κρείττοσι
3092 3291 3297 3359 νόμοις,
3320 3287 3400 3355 οἷς
3429 3294 3742 3364 συνήδεσθαι

2169 3370 2196 3422 ὁ
2227 3371 2437 3434 Παῦλος
2464 3374 2600 3426 κατὰ
2628 3375 2719 3429 τὸν
2746 3376 2853 3428 ἔσω
2885 3377 3171 3447 ἄνθρωπόν
3207 3398 3390 3451 φησιν’
3432 3402 3450 3433 ι
3500 3385 3588 3436 Ἐν
3620 3385 3743 3436 ἑτοί-

2173 3481 2257 3532 μῳ
2287 3466 2464 3518 πᾶσαν
2484 3468 2622 3535 ἔχων
2661 3469 2939 3538 ἐκδικῆσαι
2971 3474 3274 3543 παρακοήν·
3313 3493 3331 3525 ι
3369 3473 3514 3545 ἆπερ
3536 3477 3739 3543 ἀπατη-

2170 3553 2281 3615 θεὶς
2306 3557 2507 3627 ἐσφάλη
2544 3560 2696 3626 ποτὲ,
2723 3560 2895 3613 ταῦτα
2926 3564 3316 3618 ἀναπαλαίσειν
3347 3568 3741 3638 ἐπαγγελλόμε·

2167 3665 2271 3719 νοςᾱ
2289 3652 2354 3718 τῇ
2377 3651 2512 3719 μετὰ
2532 3653 2704 3706 ταῦτα
2742 3656 2944 3726 σπουδῇ
2978 3656 3056 3727 τῷ
3083 3659 3279 3729 δρᾶσαι
3310 3665 3421 3724 τοῖς
3471 3663 3612 3733 ὑπὲρ
3648 3663 3739 3731 τῆς

2165 3739 2365 3810 ἀρετῆς
2416 3743 2495 3805 εἰς
2540 3743 2601 3796 τὸ
2653 3744 2812 3813 σῶμα
2860 3748 3043 3810 πόνοις
3092 3751 3234 3820 ἆπερ
3280 3751 3588 3817 δελεασθεὶς
3629 3756 3738 3816 τοῖς

2164 3830 2379 3899 ἤδουσιν
2430 3832 2599 3907 ἔπαθε
2638 3836 2764 3905 παρ’
2806 3838 2991 3894 αὐτοῦ.
3033 3841 3127 3903 Τίς
3169 3842 3277 3912 γάρ
3305 3845 3335 3912 ἡ
3366 3845 3611 3914 τοιαύτη,
3650 3845 3740 3897 καὶ

2164 3918 2311 3981 ὅπως
2340 3914 2601 3990 γινομένη
2626 3924 2927 3997 ἐκδίκησις,
2955 3930 3262 3984 ἐκδιδάσκει
3295 3933 3589 4002 Ῥωμαίοις
3608 3934 3738 4004 γρά-

2164 4027 2299 4079 φων,
2349 4013 2407 4064 ἐν
2447 4009 2528 4077 οἷς
2558 4033 2744 4085 φησιν,
2776 4038 2794 4069 ι
2835 4020 3049 4092 Ὥσπερ
3081 4026 3462 4095 παρεστήσατε
3504 4027 3573 4079 τὰ
3603 4028 3733 4097 μέλη

2163 4100 2315 4170 ὑμῶν
2364 4102 2527 4157 δοῦλα
2567 4109 2633 4177 τῇ
2688 4110 3001 4182 ἀκαθαρσίᾳ
3034 4114 3129 4165 καὶ
3168 4117 3235 4185 τῇ
3279 4116 3479 4187 ἀνομία
3522 4119 3603 4180 εἰς
3641 4118 3736 4188 τὴν

2161 4192 2410 4260 ἀνομίαν,
2425 4195 2567 4248 οὕτω
2590 4201 2977 4270 παραστήσατε
2998 4204 3319 4259 αύτὰδοῦλα
3340 4209 3406 4276 τῇ
3428 4208 3734 4278 δικαιοσύνῃ

2093 4312 2135 4365 D
2164 4283 2242 4346 εἰς
2273 4284 2561 4355 ἁγιασμόν.
2607 4306 2625 4338 ι
2658 4289 2836 4344 Ἴσασι
2884 4293 2962 4357 δὲ,
3001 4296 3103 4360 τίς,
3150 4297 3248 4350 καὶ
3281 4299 3405 4362 ὅσος
3443 4300 3656 4362 όκόπος
3686 4302 3733 4353 οἱ

2165 4376 2591 4447 μεταρυθμίζειν
2625 4383 2867 4453 πονηρὰν
2917 4383 3030 4451 ἕξιν
3055 4389 3134 4450 είς
3171 4389 3383 4458 ἀγαθὴν
3425 4390 3732 4460 βιαζόμενοι

2157 4466 2221 4533 τῇ
2256 4466 2514 4540 συνηθείᾳ
2541 4473 2962 4542 τυραννούμενοι
2984 4490 3000 4507 '
3031 4478 3122 4529 καὶ
3147 4478 3284 4550 ὅπερ
3311 4482 3369 4534 ἐν
3390 4480 3470 4550 τῷ
3502 4483 3731 4536 σποιιδα-

2156 4547 2372 4624 ζομένῳ
2427 4556 2644 4611 δοκοῦσι
2690 4564 3021 4631 προκόπτειν
3072 4567 3257 4630 πόνοις
3285 4570 3561 4641 ἀτρύτοις,
3588 4572 3728 4625 τοῦθ’

2158 4643 2578 4711 ὑπονοστοῦντες
2612 4650 2811 4720 ῥαδίως
2847 4656 2940 4707 τοῦ
2970 4655 3123 4721 ἔθους
3159 4659 3357 4724 αὐτοὺς
3390 4664 3640 4734 καθάπερ
3668 4665 3729 4717 ἐκ

2152 4733 2350 4803 δεσμοῦ
2397 4738 2671 4808 συντόμως
2698 4742 2944 4806 ἕλκοντος
2971 4747 3050 4809 είς
3087 4748 3352 4814 τούπίσω,
3385 4754 3480 4805 καὶ
3518 4753 3608 4806 τὸν
3632 4770 3726 4805 πο-

2161 4822 2257 4877 λὺν
2305 4827 2467 4881 πόνον
2509 4820 2770 4896 πολλάκις
2822 4836 3104 4902 ποιοῦντος
3141 4841 3277 4905 τέως
3320 4845 3581 4915 ἀνόνητον
3627 4847 3726 4906 ἕως

2161 4915 2421 4982 πολλάκις
2459 4922 2890 4993 ἀναχωροῦντες,
2925 4929 3019 4980 καὶ
3054 4930 3313 4995 πολλάκις
3338 4935 3723 5005 ἀναποδιζόμε·

2156 5024 2233 5059 νοι
2258 5008 2526 5081 δυνηθῶσι
2550 5014 2670 5066 κατ’
2702 5015 2881 5083 ὀλίγον
2919 5019 3221 5090 ἀποστῆναι
3249 5022 3359 5075 τῶν
3395 5026 3454 5075 ἐν
3486 5019 3568 5087 οἷς
3588 5021 3724 5095 ἦσαν

2153 5101 2508 5171 γεγενημένοι
2534 5105 2741 5167 κακῶν,
2769 5107 2861 5159 καὶ
2887 5109 2985 5176 τὴν
3017 5108 3255 5163 διάθεσιν
3282 5116 3613 5182 μεταγαγεῖν
3636 5131 3720 5166 τε·

2070 5228 2075 5235 .
2149 5188 2432 5254 λείωςάπὸ
2460 5196 2566 5248 τῶν
2597 5198 2884 5268 χειρίστων
2910 5201 3000 5254 ἐπὶ
3020 5201 3089 5255 τὰ
3117 5203 3399 5270 κάλλιστα,
3427 5206 3503 5270 ὡς
3528 5224 3719 5278 χρησι-

2152 5278 2337 5346 μεύειν
2381 5282 2552 5337 ταῦτα
2582 5286 2649 5338 τὰ
2695 5288 2831 5359 μέλη
2873 5292 3012 5345 κατὰ
3059 5295 3168 5347 τεῖν
3210 5296 3484 5367 πολεμίων
3513 5299 3717 5364 παθῶν,

2147 5368 2288 5424 ὅπλα
2333 5371 2678 5448 δικαιοσύνης
2724 5380 2781 5446 ἐξ
2820 5381 3000 5436 ὃπλων
3036 5384 3250 5450 ἀδικίας
3286 5388 3578 5459 γενόμενα,
3625 5389 3717 5443 καὶ

2131 5554 2176 5585 ’⁵³
2202 5553 2360 5614 Rom.
2398 5577 2510 5631 vttt,
2548 5566 2602 5620 9.
2679 5571 2723 5603 "
2755 5572 2914 5631 Rom.
2949 5595 3019 5645 Vl,
3052 5580 3139 5635 19..
3211 5548 3457 5636 "Rom.
3490 5600 3590 5649 vn,
3623 5581 3711 5638 25.
