4046 6152
361 361 499 427 1033

1142 354 1238 413 DE
1269 347 1755 413 VOLUNTARIA
1788 344 2308 407 'PAUPERTATE
2349 342 2449 400 AD
2487 338 2831 400 MAGNAM.

3477 336 3613 398 1034

354 466 565 528 τούτοις
590 463 815 524 ἐνδίκως
841 461 1185 532 χειρούμενα,
1209 453 1290 521 οἷς
1317 457 1581 526 πρότερον
1602 448 1932 523 παρανόμως

2043 448 2271 520 perfecte
2294 464 2325 502 a
2363 447 2614 517 pessimis
2637 446 2703 500 ad
2738 445 2958 514 optima,
2997 452 3056 498 ut
3094 443 3387 498 inserviant
3412 444 3617 498 utiliter

356 557 622 628 ὐπούργει
651 555 789 625 πρὸς
816 552 1036 623 ὀλεθρον
1057 549 1165 602 τῶν
1187 549 1561 618 κεκτημένων.

2042 548 2289 595 membra
2341 540 2475 608 ipsis
2530 539 2789 593 adversus
2848 538 3133 607 passiones
3213 537 3439 591 hostiles
3465 552 3614 590 arma

352 625 579 721 iustitiae
620 645 762 699 facta
810 659 873 697 ex
909 641 1076 695 armis
1112 641 1412 708 iniustitiae,
1447 647 1608 707 atque
1645 635 1764 691 istis
1799 633 1943 703 juste
1980 631 2244 701 subjecta,
2285 626 2448 699 295,
2480 628 2675 697 quibus
2713 627 2864 697 prius
2898 626 3097 693 injuste
3131 625 3513 680 ministrabant
3549 626 3618 680 ad

353 738 650 811 perniciem
697 734 1109 807 possidentium.

952 823 1200 878 ΚΕΦΑΛ.
1244 823 1327 880 Ν’.

440 916 745 989 Ὀφθαλμδς
787 917 886 987 μὲν
927 915 1037 986 γὰρ
1080 914 1220 985 ὁρῶν
1254 913 1324 968 τὰ
1365 917 1458 969 τοῦ
1498 916 1723 988 πλησίον
1765 914 1926 977 καλὰ,

351 1012 478 1064 ὅταν
512 1009 654 1062 κινεῖ
702 1007 839 1079 πρδς
886 1006 1186 1076 ἐπιθυμίαν
1243 1005 1276 1077 ἦ
1316 990 1617 1075 βασκανίαν
1656 1005 1748 1059 τὸν
1783 1005 1927 1070 νοῦν,

353 1102 516 1156 ὅπλον
548 1101 759 1169 γίνεται
801 1099 1040 1161 ἀδικίας,
1096 1100 1439 1168 εὐχαριστεῖν
1467 1098 1524 1150 δὲ
1567 1097 1644 1168 τῷ
1679 1098 1932 1151 δεδωκότι

355 1191 813 1266 παρασκευάζων,
848 1191 1011 1244 ὅπλον
1037 1190 1386 1260 δικαιοσύνης
1425 1188 1748 1243 καθίσταται
1783 1205 1797 1219 ·
1839 1189 1932 1243 καὶ

351 1282 575 1352 γλῶσσα
604 1280 971 1352 κακηγορίαις
1028 1279 1125 1333 καὶ
1152 1279 1428 1341 διαϐολαῖς
1456 1276 1780 1331 διακονοῦσα
1799 1318 1813 1343 ,
1840 1278 1935 1330 καὶ

352 1375 474 1447 χεὶρ
498 1373 848 1444 ὑπουργοῦσα
871 1372 1274 1433 πλεονεκτικαῖς
1298 1372 1593 1441 ἁρπαγαῖς,
1618 1371 1710 1423 καὶ
1741 1371 1934 1442 καρδία

353 1462 745 1533 τεκταινομένη
760 1461 1056 1532 λογισμοὺς
1071 1459 1412 1531 πανούργους
1430 1461 1936 1526 κατασκευάζοντας

356 1556 584 1609 ἕκαστον
611 1554 817 1608 τούτων
851 1552 988 1625 πρὸς
1014 1554 1074 1607 τὸ
1104 1554 1289 1608 λαϐεῖν
1333 1556 1527 1629 πέρας,
1573 1552 1682 1610 οἷον
1715 1557 1870 1627 ἔσχεν
1902 1559 1935 1628 ἡ

358 1646 615 1716 πρόθεσις
635 1644 919 1714 δύσφημον
946 1643 1171 1708 εἰκότως
1189 1645 1402 1716 δέχεται
1424 1648 1522 1716 τὴν
1542 1648 1934 1719 προσηγορίαν,

355 1735 535 1799 δεξιὰν
573 1735 628 1813 δὲ
663 1733 974 1805 πληροῦντα
1016 1735 1113 1788 καὶ
1156 1736 1539 1805 συμφέρουσαν
1572 1736 1749 1802 τάξιν,
1783 1737 1939 1803 ἀξίαν

356 1825 449 1880 τοῦ
479 1825 641 1896 ἔργου
671 1825 770 1896 τὴν
793 1825 1082 1896 ὀνομοσίαν
1113 1826 1397 1897 λαμϐάνει,
1431 1829 1756 1898 ἐνεργοῦντα
1787 1830 1940 1898 νομί-

358 1934 444 1987 μω
455 1934 492 1981 ς,
531 1917 625 1968 καὶ
653 1916 915 1984 ἀοιδίμοις
947 1915 1175 1988 κλήσεσι
1202 1918 1593 1988 σεμνυνόμενοι.
1633 1921 1783 1972 Ἐπεὶ
1801 1917 1894 1974 οῦν
1921 1961 1936 1987 ,

356 2006 450 2058 καὶ
479 2005 638 2057 θυσία
672 2006 793 2058 ἐστὲ
827 2005 974 2069 ζῶσα
996 2006 1077 2068 είς
1099 2005 1197 2076 τὴν
1228 2006 1451 2077 λογικὴν
1475 2009 1732 2079 λατρείαν
1749 2012 1939 2083 εὐάρε-

357 2111 471 2146 στοι
502 2092 578 2163 τῷ
614 2092 755 2163 Θεῷ,
804 2095 898 2147 καὶ
941 2094 1341 2148 συναπεθάνετε
1371 2096 1447 2167 τῷ
1486 2099 1705 2170 Χριστῷ
1744 2119 1934 2156 συντα-

357 2184 548 2249 φέντες
586 2183 734 2253 αὐτῷ
771 2184 909 2236 κατά
950 2185 1011 2237 τὸ
1060 2184 1428 2256 νενεκρῶσθαι
1473 2188 1551 2258 τῷ
1597 2190 1805 2262 κόσμῳ,
1846 2194 1938 2247 καὶ

357 2275 716 2344 συνανέστητε
743 2276 821 2337 είς
848 2275 908 2326 τὸ
932 2273 997 2327 τὰ
1022 2276 1133 2329 ἄνω
1157 2281 1374 2347 φρονεῖν
1401 2271 1462 2333 οῦ
1490 2281 1765 2351 ὁΧριστός
1789 2286 1936 2337 ἐστιν

357 2363 415 2412 ὲν
453 2361 601 2430 δεξιᾷ
643 2359 737 2413 τοῦ
775 2360 908 2413 Θεοῦ
958 2360 1290 2432 καθήμενος,
1356 2366 1452 2417 καὶ
1513 2367 1574 2420 τὸ
1631 2370 1935 2441 πολίτευμα

358 2452 512 2522 ἔχετε
544 2453 601 2504 ὲν
635 2450 848 2522 οὐρανῷ
882 2451 987 2519 πρὸ
1006 2452 1105 2523 τῆς
1140 2454 1487 2519 ἀναστάσεως
1527 2457 1625 2528 τὴν
1661 2462 1796 2529 μετά
1835 2463 1934 2534 τὴν

358 2543 657 2595 ἀνάστασιν
693 2540 934 2611 βιοῦντες
973 2542 1275 2612 ἀμέριμνον
1314 2546 1457 2599 κατά
1499 2550 1626 2612 τούς
1668 2551 1934 2620 ἀγγέλους

361 2633 527 2704 ζωὴν,
569 2633 636 2703 ἢν
676 2634 770 2685 καὶ
798 2632 1025 2704 δυνατὴν
1050 2633 1441 2703 ὑποτιθέμενος
1480 2637 1695 2703 Παῦλος
1725 2640 1928 2711 ἔλεγεν·

363 2745 381 2777 ι
430 2725 614 2786 Εῖπως
642 2726 1069 2794 καταντήσωμεν
1103 2726 1183 2787 εἰς
1213 2725 1311 2797 τὴν
1349 2727 1707 2792 ἐξανάστασιν
1733 2733 1830 2806 τὴν
1868 2740 1933 2792 ἐκ

357 2816 587 2886 νεκρῶν,
621 2834 638 2865 ι
674 2814 884 2882 φθάσας
919 2816 1008 2867 τὸν
1036 2818 1224 2887 καιρὸν
1248 2821 1312 2889 τῇ
1340 2822 1623 2896 πρεπούσῃ
1644 2825 1722 2896 τῷ
1756 2830 1932 2901 καιρῷ

2673 809 2901 864 CAPUT
2933 810 2996 865 L.

2108 904 2314 961 Oculus
2361 904 2562 975 quippe
2607 903 2825 957 intuens
2870 902 3013 956 bona
3034 899 3154 971 ejus
3185 902 3280 971 qui
3311 916 3477 971 prope
3509 912 3617 962 est,

2038 997 2258 1067 quando
2310 1004 2545 1051 mentem
2602 1000 2947 1049 commovent
2993 992 3059 1047 ad
3100 994 3617 1063 concupiscentiam,

2036 1088 2120 1141 vel
2174 1087 2452 1152 invidiam,
2500 1094 2777 1139 armatura
2824 1084 3051 1140 efﬁcitur
3102 1085 3434 1155 iniquitatis;
3480 1100 3620 1155 pra:-

2039 1195 2242 1250 parans
2293 1188 2475 1234 autem
2540 1190 2599 1234 se
2647 1186 2704 1232 ut
2730 1178 2929 1249 gratias
2957 1185 3079 1247 agat
3107 1178 3301 1243 datori,
3326 1177 3507 1232 evadit
3532 1193 3620 1230 ar-

2041 1272 2558 1342 matura'justitize;
2603 1278 2656 1324 et
2700 1272 2900 1341 lingua,
2958 1286 3079 1341 qua:
3108 1270 3357 1341 malignis
3394 1286 3619 1325 accusa-

2044 1364 2284 1419 tionibus
2317 1373 2479 1434 atque
2546 1364 2836 1418 calumniis
2863 1363 3084 1418 inservit
3111 1381 3126 1431 ;
3178 1378 3241 1417 ac
3272 1377 3469 1417 manus
3499 1377 3620 1430 qua:

2042 1456 2224 1510 avaris
2271 1455 2478 1525 rapinis
2530 1463 2886 1526 coeperatnr;
2933 1460 2987 1508 et
3029 1469 3143 1518 cer,
3188 1454 3332 1524 quod
3373 1462 3619 1507 versutas

2044 1548 2345 1604 fabricatur
2396 1549 2791 1619 cogitationes;
2826 1547 3253 1618 unumquodque
3311 1556 3534 1617 apparat
3561 1562 3618 1601 se

2041 1643 2107 1698 ad
2173 1643 2468 1698 terminum
2513 1658 2638 1697 cum
2676 1642 3140 1712 prehemlendum,
3183 1640 3487 1712 cujusmodi
3520 1642 3619 1694 ha-

2041 1735 2160 1790 buit
2193 1736 2557 1806 propositum,
2594 1736 2735 1789 male
2788 1734 3087 1788 ominatum
3121 1748 3364 1803 congrue
3394 1733 3621 1803 suscipit

2041 1828 2494 1897 appellationem;
2554 1829 2599 1883 si
2667 1826 2959 1895 adimpleat
3035 1840 3163 1879 vero
3227 1823 3503 1879 dexteram
3569 1833 3623 1877 et

2041 1920 2226 1974 utilem
2279 1920 2697 1983 ordinationem,
2727 1917 2924 1987 accipit
2942 1917 3161 1987 dignam
3187 1931 3349 1986 opere
3370 1916 3619 1970 denomi-

2041 2012 2349 2078 natiouem;
2385 2018 2647 2079 cperatur
2684 2010 2884 2080 quippe
2927 2007 3187 2079 legitime,
3227 2017 3283 2062 et
3316 2006 3622 2063 celebribus

2038 2103 2320 2157 vocabulis
2390 2103 2729 2156 honestatur.
2814 2099 3269 2169 Quandoquidem
3349 2099 3512 2171 igitur
3571 2112 3623 2154 et

2039 2194 2230 2249 hostiae
2249 2194 2382 2249 estis
2410 2195 2655 2249 viventes
2674 2192 2739 2246 ad
2754 2176 3089 2247 rationabile
3108 2191 3428 2261 obsequium
3458 2192 3625 2246 bene-

2035 2283 2312 2354 placentes
2334 2282 2444 2337 Deo
2474 2284 2540 2349 '9,
2573 2290 2627 2337 et
2657 2281 2985 2336 commortui
3012 2282 3143 2336 estis
3179 2281 3623 2349 Christo,conse-

2036 2376 2173 2446 pulti
2218 2364 2319 2445 ipsi
2342 2375 2386 2407 ⁸ο
2439 2374 2737 2429 secundum
2793 2374 2941 2443 quod
2986 2372 3186 2427 mortui
3237 2374 3371 2427 estis
3393 2374 3619 2435 mundo,

2035 2477 2089 2523 et
2138 2466 2561 2523 consurrexistis
2604 2465 2670 2519 ad
2725 2464 3046 2535 sapiendum
3103 2478 3190 2529 ea,
3234 2479 3356 2533 qua:
3399 2480 3620 2521 sursum

2036 2570 2183 2624 sunt,
2231 2559 2323 2613 ubi
2367 2557 2618 2613 Christus
2649 2565 2734 2611 est
2772 2555 2824 2609 in
2872 2555 3092 2610 dextera
3120 2553 3214 2609 Dei
3250 2555 3444 2610 sedens
3474 2556 3541 2621 ⁸¹,
3570 2566 3621 2611 ct

2036 2650 2504 2708 conversationem
2528 2650 2738 2703 habetis
2764 2649 2816 2701 in
2848 2648 2986 2703 ccelo
3009 2649 3081 2712 θ’,
3112 2656 3235 2702 ante
3257 2650 3621 2703 resurrectiod

2036 2761 2158 2801 nem
2197 2744 2452 2814 degentes
2509 2757 2628 2798 eam
2671 2742 2837 2794 vitam
2864 2741 3013 2796 curis
3034 2756 3284 2805 vacuam,
3311 2756 3472 2811 quam
3500 2751 3625 2812 post

2034 2833 2494 2890 resurrectionem
2547 2830 2847 2887 secundum
2881 2830 3099 2898 angelos
3133 2831 3359 2900 degetis,
3382 2841 3619 2901 etquam

360 2907 550 2963 ἐκείνω
585 2907 849 2976 διαγωγῇ,
882 2908 986 2960 κᾶν
1028 2908 1127 2962 οὐκ
1154 2909 1449 2975 ἐφθακέναι
1490 2915 1646 2981 τέως,
1684 2916 1751 2990 ἦν
1787 2923 1939 2992 ἐντὸς

2045 2940 2355 2995 supponens
2410 2923 2724 2994 possibilem
2776 2922 2981 2977 Paulus
3029 2922 3246 2976 dicebat
3295 2939 3359 2975 ει
3398 2923 3455 2975 Si
3482 2938 3626 2992 quo-

361 2998 715 3069 ὑπεκορίζετο
739 2992 802 3051 οὗ
824 2999 1063 3068 ταπεινῷ
1089 3002 1392 3073 φρονήματι
1419 3004 1677 3074 κρύπτων
1698 3011 1797 3081 τῆς
1817 3015 1939 3088 ἀρε-

357 3095 458 3162 τῆς
516 3091 576 3143 τὸ
629 3089 864 3159 ἀξίωμα,-
919 3091 1046 3143 καῖ’
1085 3109 1104 3141 ι
1143 3092 1262 3156 Φῶς
1313 3097 1457 3160 ἐστε,
1510 3099 1603 3151 καὶ
1654 3101 1789 3168 ἅλας
1845 3109 1940 3164 τοῦ

360 3183 564 3252 κόσμου
603 3199 622 3231 ι
654 3179 913 3251 αὐστηρῷ
936 3181 1035 3249 μὲν
1068 3180 1361 3249 στύφοντες
1389 3185 1510 3254 ἤθει
1569 3192 1694 3253 τοὺς
1720 3194 1940 3265 ἀδιαφο-

362 3274 453 3345 ρίᾳ
489 3273 932 3342 διακεχυμένους,
986 3272 1079 3325 καὶ
1124 3273 1283 3337 ὄντας
1337 3275 1551 3346 σήψεως
1592 3281 1653 3334 οὐ
1697 3289 1937 3359 μακρὰν,

359 3365 664 3434 λάμποντες
690 3364 748 3416 δὲ
775 3363 852 3433 τῷ
884 3363 1140 3434 ἐπισήμῳ
1170 3365 1268 3433 τῆς
1296 3367 1590 3437 πολιτείας,
1632 3376 1726 3427 καὶ
1763 3396 1779 3428 ι
1816 3382 1942 3445 τοῦς

360 3458 602 3527 ὁρῶντας
639 3457 709 3508 τὰ
744 3454 883 3509 καλὰ
914 3454 1067 3525 ὐμῶν
1104 3454 1262 3524 ἔργα,
1307 3475 1325 3508 ι
1359 3460 1500 3513 κατά
1530 3462 1626 3533 τὴν
1656 3467 1940 3540 Κυριακὴν

368 3549 572 3616 φωνὴν,
632 3547 725 3600 ἐπὶ
789 3547 1097 3614 δοξολογίαν
1166 3548 1258 3601 τοῦ
1308 3551 1366 3603 ἐν
1427 3554 1675 3624 οὐρανοῖς
1732 3564 1943 3635 Harpe;

368 3638 520 3707 ὑμῶν
543 3638 915 3706 διεγείροντες,
939 3637 1223 3707 ἐπιμένετε
1246 3639 1323 3709 τῷ
1354 3642 1525 3712 καλῷ,
1554 3647 1586 3716 ἢ
1618 3651 1711 3701 καὶ
1743 3654 1942 3719 μᾶλλον

366 3732 425 3782 ὲν
462 3729 671 3791 τούτοις
708 3729 1061 3799 προκόπτετε,
1088 3731 1370 3802 προτροπὴ
1399 3733 1505 3786 τῶν
1531 3738 1941 3814 ῥᾳθυμοτέρως),

364 3820 423 3872 ὲν
469 3817 550 3882 οἷς
597 3819 995 3883 πλεονεκτεῖτε,
1037 3821 1337 3891 γινόμενοι,
1380 3823 1603 3878 διπλοῦν
1646 3831 1711 3883 ὲκ
1750 3833 1941 3887 τούτου

365 3910 745 3981 πεπεισμένοι,
790 3909 821 3979 ἢ
873 3910 967 3962 καὶ
1006 3910 1267 3983 τριπλοῦν
1320 3915 1471 3985 παρά
1523 3916 1619 3969 τοῦ
1669 3921 1941 3977 Δεσπότου

366 4000 588 4069 σχήσειν
611 4000 701 4051 τὸν
726 3998 964 4053 ἔπαινον.
984 4000 1041 4052 '0
1073 4001 1182 4072 γάρ
1212 4002 1301 4055 τὸν
1332 4003 1588 4072 τοιοῦτον,
1624 4004 1733 4063 οἷον
1764 4013 1940 4082 ὑμεῖς,

369 4089 756 4159 μετερχόμενοι
798 4089 911 4158 βίον
941 4091 998 4142 ὲν
1026 4084 1106 4154 οἷς
1136 4091 1273 4161 πρὸς
1300 4092 1397 4163 τὴν
1438 4095 1726 4166 ἀκρίϐειαν
1752 4101 1943 4156 ἑαυτὸν

370 4181 621 4253 ῥυθμίζει
661 4182 758 4250 τῆς
801 4181 1177 4251 τελειότητος,
1216 4184 1313 4237 ἕνα
1356 4187 1455 4254 μὲν
1500 4187 1615 4258 ἔχει
1646 4191 1810 4245 αὐτοῦ
1848 4194 1941 4246 τοῦ

2041 3016 2183 3085 piam
2222 3015 2385 3068 modo
2416 3027 2768 3067 occurramus
2798 3013 2851 3064 in
2884 3012 3344 3067 exsurrectioncm
3378 3022 3622 3067 mortuo.

2042 3124 2163 3162 rum
2195 3109 2260 3174 ⁸³,
2294 3124 2314 3159 ι
2372 3121 2494 3161 cum
2542 3103 2892 3174 praevenisset
2943 3112 3159 3172 tempus
3205 3103 3330 3157 vitae
3382 3105 3616 3169 ratione,

2045 3213 2169 3266 quae
2196 3206 2405 3266 tempus
2446 3193 2576 3249 illud
2600 3194 2804 3259 deceat,
2856 3192 2957 3246 etsi
2987 3207 3095 3246 non
3124 3208 3189 3247 eo
3214 3208 3384 3262 usque
3409 3210 3465 3248 se
3497 3210 3620 3264 per-

2046 3289 2276 3353 venisse,
2341 3287 2430 3341 ubi
2481 3296 2617 3351 erat,
2648 3292 2981 3355 praetexeret,
3025 3284 3214 3338 humili
3239 3300 3402 3339 sensu
3433 3287 3619 3341 occulo

2044 3392 2163 3435 tans
2188 3379 2400 3435 virtutis
2429 3377 2771 3449 dignitatem;
2796 3383 2881 3429 et:
2908 3393 2926 3424 ι
2952 3372 3068 3427 Lux
3102 3375 3255 3439 estis,
3285 3383 3338 3429 et
3362 3376 3441 3431 sal
3464 3392 3621 3430 mune

2041 3472 2093 3525 di
2122 3472 2199 3535 εδ,
2245 3488 2263 3521 ι
2319 3468 2479 3538 295
2539 3467 2783 3521 moribus
2831 3463 3051 3536 quidem
3118 3466 3354 3520 austeris
3423 3466 3623 3521 astrin-

2043 3561 2217 3631 gendo
2260 3576 2375 3624 eos,
2426 3560 2518 3629 qni
2564 3559 2819 3614 dissoluti
2860 3568 2983 3613 sunt
3047 3558 3393 3630 negligentia,
3448 3574 3623 3630 neque

2042 3652 2231 3721 procul
2262 3652 2459 3705 absunt
2485 3666 2513 3705 a
2539 3651 2909 3720 corruptione,
2961 3648 3233 3721 fulgentes
3266 3667 3394 3707 vero
3426 3653 3622 3722 insigni

2043 3741 2480 3805 conversatione,
2521 3751 2575 3795 ct
2625 3757 2720 3796 eos
2768 3756 3008 3811 quoque,
3044 3743 3137 3812 qui
3176 3762 3196 3794 ι
3251 3745 3431 3798 vident
3461 3761 3622 3814 opera

2043 3838 2221 3884 vestra
2254 3829 2394 3882 bona
2422 3868 2436 3893 ,
2471 3848 2487 3880 ι
2534 3829 2685 3897 juxta
2722 3827 3059 3881 Dominicam
3086 3843 3298 3894 vocem,
3330 3829 3398 3883 ad
3432 3829 3625 3898 gloriﬁ-

2044 3916 2314 3969 cationem
2370 3933 2387 3965 ι
2419 3912 2596 3968 Patris
2638 3914 2824 3977 vestri,
2851 3914 2944 3983 qui
2993 3923 3075 3969 est
3104 3915 3159 3968 in
3186 3915 3338 3970 caelis
3370 3917 3435 3981 εδ,
3476 3935 3495 3966 ι
3525 3932 3623 3970 ex-

2044 4006 2264 4062 citando
2317 4014 2631 4073 permanete
2690 4005 2744 4056 in
2790 4004 2951 4068 bono,
2979 4012 3075 4058 aut
3117 4013 3170 4059 et
3220 4005 3395 4075 magis
3444 4007 3498 4058 in
3539 4007 3625 4063 his

2046 4094 2488 4165 progrediamiui.
2520 4092 2932 4146 Incitamentum
2956 4094 3325 4149 -tardioribus
3358 4094 3530 4149 eﬂ‘ecti
3571 4098 3625 4151 in

2048 4185 2167 4250 liis,
2221 4185 2274 4237 in
2333 4183 2533 4252 quibus
2587 4182 2895 4251 superiores
2980 4184 3270 4247 cvasistis,
3358 4185 3626 4254 duplicem

366 4275 528 4342 ἔργου
571 4273 779 4344 μισθὸν,
813 4273 970 4327 ἄλλον
1041 4275 1097 4328 δὲ
1167 4278 1253 4346 ἐφ’
1320 4272 1402 4341 οἷς
1442 4281 1522 4342 είς
1569 4282 1798 4352 μίμησιν
1824 4286 1939 4349 τοὺς

2053 4275 2248 4329 exinde
2298 4273 2562 4343 persuasi,
2611 4273 2744 4342 quin
2794 4283 2847 4327 et
2898 4273 3159 4342 triplicem
3197 4274 3483 4329 aDomino
3512 4277 3629 4331 lau-

360 4366 663 4438 ὁμοζήλους
712 4367 1103 4436 προτρέπεται,
1153 4370 1245 4421 καλ⁵
1290 4370 1473 4440 τρίτον
1533 4373 1670 4446 ὑπὲρ
1711 4372 1785 4429 ὦν
1824 4379 1952 4441 τοὺς

369 4459 554 4524 ξένους
592 4460 690 4527 τῆς
713 4458 1029 4522 θεοσεϐείας
1059 4459 1279 4527 ὠφελεῖ,
1313 4463 1514 4533 εὐσεϐῆ
1546 4465 1753 4534 κρίνειν
1780 4458 1952 4539 παρα-

367 4549 646 4611 σκευάζων
675 4550 874 4612 αὐτοὺς
902 4550 997 4620 τὴν
1033 4550 1331 4621 θρησκείαν
1357 4554 1434 4623 τῷ
1472 4556 1822 4630 ἀνεπιλήπτῳ
1852 4561 1950 4631 τῆς

366 4642 661 4705 πολιτείας,
705 4644 800 4695 καὶ
835 4641 1003 4712 μόνην
1046 4643 1215 4704 ὅντως
1242 4646 1404 4712 ἁγίαν
1432 4647 1525 4700 τοῦ
1564 4651 1718 4716 Θεοῦ,
1745 4652 1950 4716 τούτοις

368 4730 750 4797 κοσμουμένην
802 4733 917 4793 τοῖς
977 4730 1177 4801 ἔργοις,
1231 4727 1312 4796 οἷς
1371 4738 1570 4805 πρέπει
1627 4742 1947 4810 κοσμεῖσθαι

366 4818 492 4878 τοὺς
524 4821 1002 4891 ἐπιγραφομένους
1030 4825 1275 4893 ἡγεμόνα
1304 4826 1458 4892 Θεὸν,
1490 4831 1581 4883 καὶ
1627 4830 1834 4896 ζῶντας
1872 4833 1947 4897 ὡς

366 4910 396 4976 ἡ
429 4908 522 4959 τοῦ
552 4910 967 4975 ἐπιστατοῦντος
986 4914 1278 4982 ἀρέσκεται
1304 4916 1947 4991 δικαιοσύνη,ὲξαιρέτοις

366 4999 872 5065 ἐγκαλλωπίζεσθαι
904 5005 1349 5076 πλεονεκτήμασι
1380 5009 1606 5063 θέλουσα
1636 5015 1761 5074 τοὺς
1783 5015 1951 5079 ἐπαγ-

363 5090 724 5160 γελλομένους
741 5094 840 5165 τὴν
870 5096 1006 5165 πρὸς
1039 5099 1210 5167 αὐτὴν
1237 5101 1565 5171 οἰκειότητα,
1599 5104 1693 5155 καὶ
1719 5104 1949 5172 λέγουσα

364 5184 500 5250 πρὶς
521 5185 650 5247 τοὺς
670 5187 966 5255 εὐκαίρως·
989 5206 1007 5237 ι
1040 5188 1165 5242 Ἐὰν
1192 5191 1265 5260 μὴ
1290 5193 1624 5263 περισσεύσῃ
1648 5194 1800 5265 ὑμῶν
1820 5197 1853 5267 ἡ
1872 5197 1950 5248 δι-

361 5275 621 5345 καιοσύνη
643 5277 806 5330 πλέον
826 5278 934 5329 τῶν
951 5279 1264 5349 Φαρισαίων
1305 5283 1399 5335 καὶ
1420 5284 1527 5337 τῶν
1546 5286 1941 5356 Γραμματέων,

359 5364 421 5415 οὐ
460 5364 534 5434 μὴ
568 5367 849 5437 εἰσέλθητε
888 5371 965 5431 εἰς
1003 5371 1100 5440 τὴν
1136 5371 1414 5440 βασιλείαν
1457 5375 1565 5428 τῶν
1606 5378 1872 5448 οὐρανῶν.
1923 5398 1941 5429 ι

2053 4368 2173 4421 dem
2205 4379 2300 4420 vos
2323 4365 2627 4420 habituros.
2663 4362 2765 4431 Qui
2813 4366 2959 4419 enim
2988 4367 3054 4419 ad
3095 4364 3255 4419 talem
3285 4366 3469 4430 vitam,
3502 4383 3630 4437 qua-

2053 4460 2154 4513 lem
2197 4472 2292 4511 vos
2341 4456 2698 4525 pertransitis,
2765 4456 2818 4509 in
2859 4457 2943 4510 his
2974 4471 3095 4526 quae
3128 4466 3373 4525 spectant
3410 4463 3474 4512 ad
3505 4459 3627 4511 dii}-

2050 4566 2182 4620 gens
2230 4547 2580 4617 perfectionis
2630 4548 2870 4602 studium
2933 4549 3173 4618 seipsum
3227 4551 3626 4610 accommodat,

2052 4646 2213 4696 unam
2245 4641 2464 4711 quidem
2497 4641 2656 4694 habet
2679 4639 2851 4709 ipsius
2881 4642 3062 4711 operis
3096 4644 3422 4704 mercedem,
3462 4642 3627 4694 aliam

2049 4750 2180 4789 vero
2212 4735 2365 4803 injco
2396 4732 2541 4802 quod
2582 4731 2647 4785 ad
2707 4734 3060 4787 imitationem
3103 4749 3196 4788 eos
3224 4742 3500 4804 provocat,
3541 4735 3629 4802 qui

2050 4827 2239 4879 eodem
2284 4833 2537 4879 tenentur
2594 4824 2794 4888 studio,
2855 4835 2909 4878 et
2964 4826 3197 4891 tertiam,
3233 4840 3300 4879 eo
3361 4827 3503 4893 quod
3536 4839 3630 4878 eos

2047 4916 2216 4985 juvet,
2271 4918 2470 4986 quibus
2523 4916 2819 4970 inusitatus
2876 4923 2960 4968 est
3012 4916 3228 4970 divinus
3276 4917 3475 4980 cultus,
3536 4918 3627 4969 tali
3699 4956 3708 4977 ε,

2050 5008 2508 5077 irreprehcnsihili
2540 5006 2969 5061 conversatione
2991 5005 3255 5069 efficiens,
3285 5017 3344 5061 ut
3392 5007 3625 5072 iudicem
3700 5004 3707 5025 ‘

2053 5099 2223 5166 ipsam
2266 5098 2580 5167 religionem
2616 5097 2788 5150 solam
2822 5110 2949 5149 vere
2986 5096 3203 5165 dignam
3245 5110 3365 5149 esse
3400 5093 3528 5159 Deo,
3561 5099 3633 5149 iis

2051 5194 2368 5247 adornatam
2390 5191 2668 5260 operibus,
2701 5187 2900 5257 quibus
2923 5187 3079 5240 decet
3099 5186 3349 5239 exornari
3384 5200 3501 5249 eos,
3535 5202 3622 5252 qm

2051 5285 2218 5338 Deum
2283 5283 2385 5338 sibi
2447 5283 2730 5351 praesidem
2777 5278 3081 5342 ascribunt,
3117 5286 3170 5331 et
3196 5277 3358 5330 vitam
3404 5279 3627 5346 degunt,

2051 5376 2210 5430 sicuti
2273 5374 2487 5443 justitia
2536 5373 2700 5437 illius,
2731 5372 2823 5442 qui
2854 5376 3065 5440 praeest,
3116 5375 3325 5436 gratum
3365 5367 3523 5420 habet
3567 5381 3632 5417 ac

360 5462 646 5528 placitum,
691 5481 811 5533 quae
838 5466 952 5519 vult
990 5476 1048 5520 ut
1093 5470 1309 5522 eximiis
1367 5473 1799 5528 condecorentur
1867 5471 2261 5544 praerogativis,
2321 5471 2413 5539 qui
2461 5468 2892 5522 familiaritatem
2937 5479 3060 5519 cum
3109 5464 3222 5531 ipsa
3280 5463 3626 5550 profitentur.

359 5569 564 5622 eosque
597 5559 913 5625 tempestive
935 5568 1137 5611 monet.
1175 5578 1193 5608 ι
1235 5559 1352 5612 Nisi
1390 5563 1748 5619 abundaverit
1803 5565 2013 5634 justitia
2052 5575 2233 5617 vestra
2288 5563 2576 5630 plusquam
2631 5560 3027 5613 Pharisaeorum
3062 5564 3112 5609 et
3145 5554 3478 5616 Scribarum,
3519 5566 3630 5611 non

359 5645 636 5699 intrabitis
660 5648 713 5700 in
749 5664 970 5716 regnum
1005 5652 1268 5704 caelorum
1295 5652 1361 5703 ⁸⁸.
1397 5673 1414 5704 ›

432 5741 477 5811 ⁸9
513 5741 671 5796 Rom.
717 5759 815 5801 xu.
854 5744 905 5796 l.
983 5747 1024 5775 ⁸ο
1055 5743 1215 5799 Rom.
1258 5762 1333 5811 τι,
1361 5747 1413 5800 4.

364 5809 411 5840 ⁸⁸
441 5810 570 5866 ibid.
606 5815 689 5871 16,
772 5814 819 5844 ⁸³
846 5814 976 5866 ibid.
1007 5815 1098 5869 “20.

734 5910 1011 5966 PATROL.
1060 5910 1175 5966 GR.
1219 5911 1457 5970 LXXIX

1492 5752 1533 5784 ⁸⁸
1570 5753 1781 5808 Coless.
1811 5769 1888 5821 tu,
1917 5756 1968 5809 1.

2047 5753 2091 5785 ι’
2142 5751 2374 5821 Philipp.
2426 5768 2506 5817 ιη,
2555 5752 2643 5806 20.
2725 5754 2768 5784 ω
2800 5752 2929 5806 ibid.
2977 5747 3064 5804 ιι.
3141 5743 3187 5777 σι
3220 5743 3409 5799 Matth.
3447 5757 3500 5808 v,
3540 5737 3633 5796 ιε.

3204 5905 3281 5967 33
