4046 6152
453 381 584 447 1θ35

1076 479 1298 535 CAPUT
1337 477 1418 531 l.|.

522 622 677 689 Quod
710 628 885 672 autem
919 626 1048 670 tunc
1102 611 1362 683 apostolis
1391 611 1540 665 fuere
1590 607 1843 684 Pharisaei
1875 605 2018 659 circa

1934 358 1993 416 S.
2031 353 2193 416 NILI

3561 333 3693 397 1036

2700 455 2942 507 ΚΕΦΑᾹ.
2989 453 3114 504 NA'.

2193 600 2367 668 Ὅπερ
2407 597 2462 650 δὲ
2508 598 2618 657 τοῖς
2652 591 2966 652 ἀποστόλοις
2991 584 3129 658 ἦσαν
3167 589 3214 638 oi
3244 585 3527 653 Φαρισαῖοι
3557 583 3698 644 τότε,

443 715 708 785 justitiam
763 707 1004 762 studiose
1061 700 1369 764 colendam,
1444 699 1536 768 qui
1616 682 1822 752 Scilicet
1891 694 2021 762 ipsis

2167 687 2263 740 ατὰ
2288 687 2382 748 τὴν
2419 681 2861 752 σπουδαζομένην
2890 675 3237 744 δικαιοσύνην
3275 671 3697 727 ἀντιδιαστελλό-

2309 774 2397 785 α--
2551 773 2561 785 ι
2636 775 2657 785 ς
2820 768 2844 778 υ
2894 767 2908 785 ι
2949 767 3078 785 κι--.Α
3119 765 3243 785 ,οη-9η
3279 763 3332 785 ι..
3377 759 3448 785 ,κ
3479 761 3697 785 _._-1..-.

448 784 604 874 quasi
633 798 890 857 contrarii
914 803 1067 853 erant
1091 794 1325 864 oppositi
1351 811 1366 856 ;
1406 792 1457 846 id
1489 800 1616 846 sunt
1681 787 1833 841 vobis
1861 784 2025 855 296

2126 792 2278 845 μενοι
2304 774 2462 845 δῆθεν
2504 773 2709 833 αὐτοῖς,
2754 767 2910 822 τοῦτό
2941 767 3078 818 εἰσιν
3118 765 3244 833 ὑμῖν
3276 763 3333 814 έν
3375 759 3451 831 τῷ
3477 761 3704 831 παρόντι

452 851 603 874 ιι---υ
638 851 866 857 πυρί-η
924 851 935 853 τ
1131 851 1182 864 ..
1353 851 1361 856 .
1862 851 1952 855 __
1985 851 2012 855 _

452 895 919 965 inprasentiarnm
953 890 1027 954 hi,
1067 887 1159 956 qui
1211 885 1452 952 eiusdem
1484 881 1712 937 instituti
1742 885 2023 933 consortes

2167 869 2172 918 ἱ
2222 865 2496 918 κοινωνεῖν
2543 862 2825 922 δοκοῦντες
2862 859 2957 912 τοῦ
2999 853 3432 925 ἐπιτηδεύματος
3479 851 3573 904 καὶ
3631 851 3706 919 τῷ

450 1003 570 1045 esse
619 984 902 1046 videntur;
933 992 1119 1032 verum
1151 991 1218 1029 ex
1243 974 1366 1028 vita:
1415 987 1578 1041 cpum
1633 968 1909 1024 affluentia
1940 981 2028 1021 re-

452 1082 647 1132 cusant
671 1077 908 1125 vestram
936 1065 1136 1120 habere
1164 1059 1624 1120 communionem,
1651 1066 1706 1111 et
1746 1056 2024 1110 vobiscum

455 1160 672 1231 quidem
715 1157 782 1209 ab
807 1152 962 1207 initio
984 1151 1086 1203 viae
1114 1149 1431 1218 inceperunt
1459 1145 1563 1199 iter
1608 1143 1674 1197 ad
1706 1141 2024 1212 promissio-

456 1265 602 1313 nem,
657 1253 891 1298 attamen
945 1239 1010 1294 ad
1041 1236 1212 1307 ipsius
1237 1235 1526 1289 terminum
1572 1233 1795 1286 minime
1841 1244 2028 1299 perve-

457 1345 672 1393 nerunt.
723 1331 967 1386 Rctinuit
1014 1328 1159 1383 enim
1206 1327 1354 1395 ipsos
1401 1340 1524 1379 cum
1591 1322 1715 1376 filiis
1747 1320 1934 1374 Ruben
1979 1327 2031 1374 et

457 1430 592 1495 Gaxl,
641 1436 695 1481 et
748 1423 970 1478 dimidia
1024 1419 1162 1473 tribu
1196 1416 1441 1474 Manasse
1493 1426 1637 1469 terra
1663 1414 2030 1483 jumentorum

459 1522 638 1585 altrix,
667 1525 720 1572 et
777 1511 1092 1583 multiplicis
1139 1524 1302 1572 curae,
1361 1505 1663 1576 effecitque,
1713 1504 1857 1574 quod
1911 1515 2034 1572 pars

463 1613 582 1674 vim,
631 1621 752 1678 qua:
803 1611 1017 1674 peracta
1070 1607 1207 1658 erat,
1263 1596 1467 1651 frustra
1515 1607 1768 1664 suscepta
1821 1592 2033 1656 fuisset,

464 1716 586 1756 cum
631 1712 826 1768 scopus
878 1709 984 1748 non
1015 1694 1153 1746 bene
1235 1691 1493 1744 cessisset
1541 1687 1837 1742 secundum
1891 1683 2035 1755 quod

2127 957 2373 1027 πολυύλῳ
2406 957 2502 1027 τῆς
2525 955 2670 1023 ζωῆς
2705 953 2804 1020 τὴν
2834 950 2964 1019 πρὸς
2992 951 3134 1019 ὑμᾶς
3165 945 3488 1016 ἀρνούμενοι
3519 960 3706 996 κοινω-

2127 1052 2266 1114 νίαν,
2308 1047 2424 1119 μεθ’
2464 1047 2616 1116 ὑμῶν
2649 1045 2946 1116 ἀρξάμενοι
2988 1043 3085 1108 τῆς
3119 1041 3210 1093 ἐπὶ
3246 1035 3707 1108 τὴνέπαγγελίαν

2129 1139 2382 1210 ἀπαρχῆς
2411 1135 2552 1198 ὁδοῦ,
2583 1135 2678 1189 καὶ
2721 1134 2858 1203 πρὸς
2890 1131 2950 1184 τὸ
2993 1130 3163 1200 πέρας
3191 1127 3390 1195 ταύτης
3423 1126 3522 1177 οὐκ
3549 1125 3707 1190 ἀφιγ-

2133 1231 2304 1301 μένοι.
2330 1227 2577 1295 Κατέσχε
2606 1225 2714 1294 γὰρ
2754 1223 2948 1285 αὐτοὺς
2975 1221 3112 1292 μετὰ
3138 1219 3243 1271 τῶν
3273 1217 3402 1270 υἱῶν
3441 1214 3667 1282 Ῥουϐὶμ
3689 1252 3704 1275 ,

2133 1323 2227 1375 καὶ
2255 1320 2362 1372 Γὰδ
2387 1359 2402 1384 ,
2439 1319 2533 1371 καὶ
2562 1315 2656 1368 τοῦ
2686 1315 2913 1385 ἡμίσους
2939 1312 3108 1382 φυλῆς
3146 1309 3410 1376 Μανασσῆ
3449 1309 3483 1376 ή
3515 1322 3708 1374 κτηνο⁴

2132 1413 2328 1481 στρόφος
2374 1410 2471 1463 καὶ
2509 1407 2909 1476 πολυμέριμνος
2963 1404 3055 1473 γῆ,
3105 1402 3200 1454 καὶ
3241 1401 3303 1452 τὸ
3343 1396 3570 1452 άνυσθὲν
3613 1395 3709 1464 τῆς

2133 1501 2254 1554 ὀδοῦ
2286 1500 2561 1570 ποιήσασα
2592 1497 2834 1566 μάταιον,
2867 1495 2927 1546 οὐ
2974 1491 3437 1563 προχωρήσαντος
3480 1489 3556 1550 είς
3595 1486 3710 1538 δέον

2134 1594 2222 1647 διὰ
2252 1594 2312 1646 τὺ
2339 1592 2656 1660 λειπόμενον
2681 1587 2773 1641 τοῦ
2799 1585 3161 1657 προλαϐόντος
3182 1582 3396 1653 χρόνου,
3426 1580 3546 1633 οὐδὲ
3570 1577 3712 1658 ἐξελ-

2139 1686 2319 1749 θόντος
2345 1685 2485 1737 οὕτω
2509 1682 2600 1736 τοῦ
2626 1679 2928 1743 σκοποῦ,ιῖ›ς
2951 1673 3092 1747 εἶχεν
3117 1677 3179 1727 ὲκ
3198 1672 3496 1745 προοιμίων
3523 1673 3556 1742 ἡ
3582 1671 3715 1740 πρό-

465 1761 780 1860 oportebat;
818 1786 886 1840 ob
909 1783 1188 1853 temporis,
1219 1781 1363 1850 quod
1392 1780 1503 1849 jam
1551 1784 1921 1848 praecesserat,
1954 1776 2040 1828 de-

2174 1796 2307 1841 εσις.
2341 1777 2557 1837 Εἰκαῖος
2590 1773 2645 1826 δὲ
2679 1770 2818 1824 κατὰ
2855 1770 2946 1822 τον
2981 1767 3153 1837 άληθῆ
3181 1766 3336 1832 λόγον
3364 1764 3471 1825 πᾶς
3523 1761 3717 1832 μόχθος

467 1882 687 1944 fectum,
721 1892 820 1932 nec
855 1875 1135 1929 habuisset
1157 1873 1357 1926 exitum
1398 1886 1463 1924 eo
1503 1868 1685 1933 modo,
1715 1882 1823 1938 quo
1851 1880 2041 1936 propo-

467 1973 632 2026 situm
678 1969 745 2022 ab
798 1966 954 2021 initio
1009 1963 1330 2034 requirebat.
1383 1961 1591 2015 Etenim
1621 1959 1919 2013 secundum
1955 1971 2044 2010 ve-

468 2075 647 2115 racem
696 2065 1001 2111 sermonem
1050 2063 1220 2103 vanus
1251 2055 1334 2102 est
1362 2046 1539 2101 omnis
1568 2044 1740 2108 labor,
1764 2059 1828 2098 ac
1858 2056 2042 2096 revera

469 2151 698 2214 inutilis,
758 2146 849 2218 qui
874 2143 1095 2199 minime
1140 2141 1384 2209 pervenit
1432 2139 1498 2193 ad
1543 2138 1693 2203 illud,
1722 2136 1788 2189 ad
1847 2133 2046 2204 quoda

468 2240 739 2316 principio
795 2235 1112 2298 collimavit,
1165 2231 1395 2303 quiescit
1447 2244 1573 2283 vero
1610 2237 1732 2281 ante
1780 2227 1961 2288 finem,
1993 2233 2046 2276 et

471 2333 654 2389 deficit
677 2329 804 2394 illic,
853 2327 944 2384 ubi
981 2323 1114 2380 nihil
1141 2321 1411 2376 fructuum
1443 2319 1842 2390 propositorum
1875 2317 2046 2387 perci-

471 2441 599 2494 pere
623 2424 784 2487 licet;
844 2417 985 2472 unde
1033 2430 1128 2468 vos
1175 2414 1414 2483 quidem,
1446 2427 1480 2465 ο
1526 2410 1732 2476 dilecti,
1767 2416 2048 2463 currentes

475 2513 772 2568 secundum
823 2521 1046 2576 scopum
1095 2505 1160 2558 ad
1211 2503 1459 2558 bravium
1515 2501 1813 2556 vocationis
1857 2515 2048 2569 super-

476 2605 639 2670 nae",
655 2611 708 2657 et
725 2598 956 2670 proximi
968 2597 1080 2668 jam
1106 2595 1323 2652 coronis
1339 2611 1462 2650 cum
1485 2595 1627 2660 sitis,
1641 2595 1807 2651 nolite
1822 2594 2051 2663 abjieere

476 2699 675 2750 bonam
733 2691 1086 2755 alacritatem,
1140 2688 1313 2758 ipsam
1352 2701 1480 2741 vero
1519 2685 1932 2741 successoribus
1961 2699 2052 2739 ve-

480 2788 613 2842 stris
636 2783 986 2840 transmittite
1007 2795 1072 2835 eo
1091 2779 1250 2834 modo
1272 2780 1562 2848 vigentem,
1589 2791 1698 2849 quo
1713 2791 1831 2831 eam
1859 2789 2052 2848 appre-

480 2875 746 2934 hendistis
773 2874 964 2939 abhis,
997 2873 1092 2944 qui
1138 2879 1552 2941 praecesserunt.
1581 2869 1691 2924 Eos
1732 2877 1934 2934 autem,
1961 2868 2054 2938 qui

481 2973 746 3026 hactenus
772 2967 1106 3021 delectantur
1144 2963 1403 3028 vanitate,
1437 2962 1756 3033 laboresque
1787 2962 1854 3016 ad
1884 2962 2056 3016 virtu-

2141 1872 2236 1924 καὶ
2285 1868 2453 1924 ὅντως
2499 1865 2803 1934 ἀνόνητοςό
2848 1861 2922 1932 μὴ
2974 1860 3107 1929 πρὸς
3154 1857 3312 1910 τοῦτο
3356 1856 3530 1925 ἥκων,
3584 1854 3717 1922 πρὸς

2141 1965 2277 2033 ὅπερ
2310 1960 2535 2013 ἔϐλεπεν
2563 1956 2656 2011 ἀπ’
2687 1955 2880 2025 ἀρχῆς,
2907 1951 3014 2022 πρὸ
3041 1948 3134 2003 τοῦ
3163 1948 3351 2010 τέλους
3391 1946 3447 1998 δὲ
3479 1945 3722 2013 παυόμε-

2144 2073 2252 2120 νος,
2286 2054 2378 2108 καὶ
2411 2049 2736 2118 καταλήγων
2785 2046 2919 2110 ἐκεῖ,
2950 2043 3075 2096 ἔνθα
3122 2041 3285 2110 μηδὲν
3315 2038 3428 2091 ἐστι
3453 2036 3561 2089 τῶν
3589 2051 3720 2106 προ-

2149 2143 2413 2214 κειμένων
2442 2137 2877 2211 καρπώσασθαι,
2915 2134 3035 2187 ὅθεν
3065 2134 3220 2203 ὑμεῖς
3263 2130 3383 2200 μὲν,
3427 2126 3722 2197 ἀγαπητοὶ,

2152 2235 2291 2288 κατὰ
2323 2231 2522 2286 σκοπόν
2553 2229 2837 2299 τρέχοντες
2860 2225 2954 2279 ἐπὶ
2975 2224 3036 2276 τὸ
3069 2222 3319 2293 βραϐεῖον
3342 2222 3436 2289 τῆς
3469 2218 3579 2272 ἄνω
3601 2217 3725 2283 κλή-

2153 2342 2310 2388 σεως,
2353 2323 2447 2376 καὶ
2482 2338 2590 2374 των
2608 2320 2885 2386 στεφάνων
2915 2316 3067 2378 ὄντες
3106 2313 3358 2382 πλησίον,
3399 2311 3472 2381 μὴ
3510 2306 3725 2361 ἐκλύετε

2153 2420 2250 2488 τὴν
2287 2415 2505 2484 ἀγαθὴν
2553 2411 2885 2480 προθυμίαν,
2929 2407 3071 2460 οὕτω
3112 2405 3168 2458 δὲ
3207 2403 3413 2472 ταύτην
3454 2404 3562 2462 τοῖς
3615 2397 3726 2468 μεθ’

2157 2511 2300 2579 ὑμᾶς
2321 2506 2721 2577 παραπέμψατε
2745 2544 2759 2566 ,
2789 2503 2862 2565 ὼς
2888 2501 3054 2570 αὐτὴν
3085 2497 3424 2562 παρελάϐετε
3452 2493 3598 2562 παρὰ
3626 2489 3731 2544 τῶν

2157 2596 2538 2669 προλαϐόντων
2577 2591 2955 2664 ἀκμάζουσαν,
2977 2589 3104 2650 τοὺς
3128 2587 3183 2641 δὲ
3209 2584 3574 2656 τερπομένους
3599 2581 3730 2641 τέως

2157 2693 2224 2760 τῇ
2279 2688 2624 2758 ματαιότητι,
2680 2685 2774 2738 καὶ
2824 2684 2951 2746 τοὺς
2995 2678 3375 2739 ἐπιϐάλλοντας
3426 2674 3619 2736 πόνους
3663 2675 3732 2740 τῇ

2157 2782 2325 2850 ἀρετῇ
2365 2781 2484 2842 ταῖς
2531 2779 2747 2847 γηῖναις
2785 2772 3120 2844 φιλοπονίαις
3164 2765 3687 2840 προσαναλίσκοντας
3718 2799 3735 2819 ,

2160 2872 2358 2924 ἐλεεῖτε
2390 2871 2487 2940 μὲν
2522 2870 2596 2932 ὡς
2631 2864 2958 2938 μοχθοῦντας
2989 2863 3242 2932 ἀνόνητα,
3282 2859 3372 2912 καὶ
3416 2855 3738 2923 σπείροντας

2163 2965 2243 3026 εἰς
2273 2963 2372 3033 τὴν
2409 2962 2607 3032 σάρκα,
2639 2959 2698 3024 ἐξ
2729 2952 2796 3027 ἧς
2831 2957 2944 3008 ἔστι
2977 2953 3189 3025 θερίσαι
3217 2950 3438 3021 φθοράν.

483 3077 592 3121 tem
643 3063 971 3136 pertinentes
1029 3059 1262 3113 terrenis
1315 3072 1480 3128 super
1510 3057 1795 3113 industriis
1847 3059 2189 3128 impendunt,
2249 3057 2616 3114 miser-camini
2667 3056 2887 3125 quidem
2939 3051 3016 3105 uti
3084 3050 3395 3105 laborantes
3455 3042 3733 3099 inutiliter.

487 3168 647 3230 atque
668 3156 998 3212 seminantes
1021 3153 1075 3205 in
1101 3167 1283 3215 carne,
1321 3166 1385 3205 ex
1427 3165 1534 3220 qua
1568 3151 1692 3205 meti
1716 3151 1913 3205 assolet
1944 3153 2238 3221 corruptio.

1118 3311 1342 3367 CAPUT
1365 3310 1470 3365 L-II.

560 3457 752 3529 Neque
787 3454 942 3509 valde
979 3462 1165 3508 contra
1216 3468 1311 3507 eos
1343 3451 1674 3506 contentiose
1713 3450 1983 3513 rixemini,
2005 3465 2069 3504 eo

495 3548 640 3619 quod
682 3543 926 3614 improbe
974 3556 1034 3597 se
1065 3551 1254 3611 gerant
1291 3541 1342 3592 in
1397 3538 1478 3591 his
1513 3551 1634 3605 quae
1685 3536 1849 3590 vitam
1882 3536 2073 3589 decent

495 3636 869 3710 apostolicam.
888 3634 1034 3699 Quos
1049 3633 1207 3702 297
1223 3646 1328 3684 non
1355 3627 1557 3698 pudore
1577 3625 1754 3680 affecit
1777 3640 1933 3694 opus,
1953 3623 2074 3679 illos

497 3746 608 3786 non
636 3727 830 3784 afficiet
847 3729 1386 3790 verecnndiaserino,
1403 3735 1530 3775 cum
1554 3719 1767 3789 possint
1794 3717 1860 3772 ad
1883 3717 2079 3771 exhor-

500 3820 731 3876 tationes
763 3813 1184 3886 impudentiores
1211 3826 1350 3875 esse,
1372 3825 1440 3864 ne
1467 3809 1750 3863 videantur
1778 3807 1921 3861 clare
1945 3821 2078 3862 eon-

497 3911 649 3977 victi,
707 3908 1072 3975 omnibusque
1124 3904 1301 3972 palam
1333 3899 1664 3957 manifestati
1690 3916 1754 3955 ex
1790 3898 2081 3976 reprehen-

502 4004 655 4060 sione
678 4000 746 4055 ob
775 4014 859 4055 res
888 3999 1028 4052 male
1061 4004 1272 4065 gestas;
1329 3992 1596 4063 siquidem
1643 3993 1806 4047 hosce
1844 3989 2082 4058 excipia-

502 4093 574 4148 tis
637 4089 890 4160 benigne,
926 4101 992 4142 ne
1051 4099 1245 4140 rursus
1275 4093 1535 4140 censeant
1579 4097 1638 4137 se
1677 4082 1846 4137 victos
1871 4095 1991 4136 esse
2011 4079 2086 4133 si-

502 4182 707 4249 lentio;
736 4180 781 4236 si
823 4179 966 4233 enim
997 4177 1065 4232 ad
1113 4175 1506 4232 correctionem
1567 4189 1627 4228 se
1669 4182 1887 4242 paratos
1931 4171 2086 4225 exhi-

501 4275 730 4338 berent,
827 4270 1052 4325 omnino
1131 4283 1242 4338 prae
1291 4264 1752 4321 admonitionibus
1834 4260 2088 4315 humanis

505 4362 718 4417 Domini
772 4359 932 4413 verba
988 4357 1292 4412 doctrinam
1345 4353 1678 4410 continentia
1733 4351 2084 4406 veneratione

505 4453 986 4518 prosequerentur,
1024 4458 1146 4512 quae
1167 4442 1268 4496 fuit
1309 4440 1503 4495 eﬁ'atus
1535 4439 1602 4493 ad
1634 4438 1919 4492 habentem
1953 4436 2092 4490 mul-

507 4545 590 4590 tas
603 4530 982 4605 possessiones
1060 4547 1073 4582 :
1101 4547 1118 4580 ι
1145 4528 1293 4583 Sivis
1311 4542 1432 4582 esse
1446 4526 1734 4596 perfectus,
1756 4525 1927 4580 vende
1943 4534 2089 4578 tuam

510 4617 891 4680 substantiam,
919 4616 1058 4670 etda
1090 4615 1448 4686 pauperibus;
1480 4622 1535 4668 et
1566 4613 1750 4682 accipe
1773 4626 2012 4678 crucem,
2041 4620 2094 4666 et

509 4722 633 4784 post
687 4725 776 4765 me
833 4706 1169 4778 sequere“;
1210 4726 1228 4760 ι
1288 4708 1374 4764 his
1433 4707 1609 4778 ipsum
1654 4719 1981 4771 exonerans,
2035 4715 2095 4758 ut

512 4814 796 4877 angustam
836 4811 890 4855 et
930 4800 1175 4856 strictam
1216 4815 1311 4871 per
1353 4801 1493 4855 viam
1540 4799 1696 4855 facile
1738 4799 1839 4853 iter
1872 4797 2090 4860 faceret,

513 4909 747 4969 quorum
803 4893 857 4949 hi
919 4908 1137 4964 gravem
1219 4901 1273 4948 et
1341 4907 1625 4948 onerosam
1681 4891 2092 4962 acquisitionem

514 4989 908 5060 amplexantur,
933 4987 1211 5042 difficilem
1259 4985 1632 5056 sibimetipsis,
1663 4999 1755 5038 aut
1799 4985 1960 5040 etiam
1996 4983 2098 5038 im-

516 5082 830 5153 possibilem
857 5079 1074 5151 penitus
1111 5079 1415 5150 ingressum
1463 5079 1518 5132 in
1573 5091 1795 5146 regnum
1835 5077 2098 5131 crelorum

517 5175 802 5229 reddentes
832 5171 1084 5227 foramini
1109 5185 1241 5226 acus
1302 5169 1663 5226 assimilatum
1707 5183 1734 5221 a
1773 5166 2097 5233 Veritate",

523 5272 576 5319 et
607 5263 751 5334 quod
811 5263 898 5319 vis
954 5261 1183 5332 suscipit
1212 5261 1446 5315 animam
1482 5259 1738 5313 nudatam
1771 5259 2098 5314 sollicitudi-

520 5347 684 5403 nibus
710 5348 1089 5418 steculi,atque
1118 5359 1378 5403 semetam
1401 5346 1470 5400 ab
1493 5345 1637 5400 omni
1666 5346 2102 5416 perturbatione;

524 5449 759 5504 cumque
810 5435 968 5488 etiam
1006 5435 1122 5489 haec
1167 5433 1306 5488 forte
1330 5449 1358 5487 a
1391 5447 1449 5487 se
1477 5432 1768 5499 dimoveat,
1796 5442 1849 5487 et
1877 5432 1985 5487 vim
2019 5435 2102 5486 in-

526 5525 684 5590 ferat,
745 5527 798 5579 in
856 5525 1076 5579 introitu
1125 5526 1326 5593 gloriae,
1381 5539 1499 5594 quae
1555 5525 1608 5578 in
1664 5526 1746 5579 via
1779 5524 1880 5581 sita
1905 5533 2101 5590 ρει,οο

2733 3308 3001 3368 ΚΕΦΑΛ.
3042 3306 3166 3358 NB'.

2239 3443 2329 3516 Μὴ
2363 3443 2505 3498 πάνυ
2540 3443 2597 3496 δὲ
2642 3443 2776 3513 πρὸς
2822 3443 3021 3504 αὐτοὺς
3066 3437 3398 3510 ὲρεσχελεῖτε
3431 3432 3739 3504 φιλονείκως

2170 3538 2247 3599 ὼς
2278 3535 2728 3607 πλημμελοῦντας
2762 3535 2839 3597 εἰς
2867 3535 2935 3586 τὰ
2963 3532 3276 3601 καθήκοντα
3303 3527 3382 3597 τῷ
3411 3521 3740 3591 ἀποστολικῷ

2175 3627 2296 3696 βίῳ.
2325 3624 2431 3689 Οὓς
2461 3625 2568 3694 γὰρ
2593 3624 2692 3676 οὐκ
2730 3621 3017 3692 ἐνέτρεψεν
3053 3621 3234 3691 ἔργον,
3269 3618 3490 3678 τούτους
3527 3615 3586 3668 ού
3624 3613 3743 3667 δυσ·

2175 3719 2386 3789 ωπήσει
2413 3717 2568 3784 λόγος
2589 3717 2785 3786 μᾶλλον
2817 3715 2952 3785 πρὸς
2976 3715 3074 3776 τὰς
3098 3709 3448 3781 παραινέσεις
3470 3709 3746 3774 ἀναισχυν-

2176 3813 2289 3864 τεῖν
2317 3808 2645 3879 δυναμένους
2672 3807 2746 3871 ὡς
2783 3807 2856 3878 μὴ
2887 3802 3177 3876 προφανῶς
3207 3801 3382 3854 δοκεῖν
3414 3797 3744 3857 ἁλίσκεσθαι,

2181 3904 2272 3955 καὶ
2301 3901 2494 3970 δήλους
2517 3900 2680 3952 πᾶσιν
2709 3897 2802 3950 ἐπὶ
2822 3897 2933 3958 τοῖς
2964 3894 3208 3964 ἐλέγχοις
3236 3890 3480 3958 γίνεσθαι
3507 3888 3608 3957 τῆς
3631 3887 3747 3938 δυσ-

2184 3991 2422 4063 πραγίας
2451 4008 2465 4022 ο
2513 3991 2668 4058 εἴπερ
2701 3985 3059 4056 εὐγνωμόνως
3113 3981 3332 4053 δέχεσθε
3386 3980 3626 4041 τούτους,
3667 3977 3750 4028 ῖνα

2189 4084 2264 4155 μὴ
2309 4081 2473 4136 πάλιν
2507 4083 2572 4150 τῇ
2609 4081 2789 4149 σιωπῇ
2839 4075 3106 4147 ἡττῆσθαι
3148 4072 3473 4143 νομίζωνται
3500 4087 3514 4100 ο
3563 4070 3612 4121 εί
3649 4067 3752 4136 γὰρ

2188 4154 2322 4244 πρὸς
2341 4171 2625 4241 διόρθωσιν
2646 4164 2791 4239 εἶχον
2815 4164 3157 4236 ἐπιτηδείως,
3187 4162 3403 4224 πάντως
3429 4159 3495 4213 ἂν
3526 4157 3630 4228 πρὸ
3651 4154 3752 4208 τῶν

2189 4263 2543 4334 ἀνθρωπίνων
2578 4258 2972 4328 παραινέσεων,
3003 4256 3128 4318 τοὺς
3161 4253 3254 4307 τοῦ
3279 4251 3484 4322 Κυρίου
3507 4246 3754 4302 διδασκά-

2189 4355 2312 4416 λους
2349 4350 2546 4422 μᾶλλον
2584 4347 2885 4419 ᾐδέσθησαν
2929 4344 3142 4413 λόγους,
3183 4341 3278 4404 οὒς
3311 4340 3449 4411 πρὸς
3479 4337 3569 4391 τὸν
3599 4335 3755 4388 πολυο

2193 4446 2438 4514 κτήμονα
2465 4441 2784 4510 ποιούμενος
2814 4439 3017 4506 ἔλεγεν·
3053 4455 3072 4488 ι
3092 4437 3154 4488 Εἰ
3177 4434 3350 4496 θέλεις
3377 4431 3581 4493 τέλειος
3603 4423 3754 4488 εἶναι,

2196 4531 2445 4604 πώλησόν
2477 4548 2572 4582 σου
2613 4529 2679 4582 τὰ
2730 4528 3062 4596 ὑπάρχοντα,
3114 4525 3210 4577 καὶ
3259 4523 3347 4583 δὸς
3380 4523 3630 4590 πτωχοῖς,
3670 4516 3760 4570 καὶ

2197 4622 2326 4676 λάϐε
2349 4621 2439 4674 τὸν
2467 4620 2719 4690 σταυρόν,
2752 4619 2845 4672 καὶ
2869 4618 3028 4689 δεῦρο
3055 4616 3340 4670 ἀκολούθει
3371 4632 3481 4684 μοι,
3516 4632 3532 4664 ι
3567 4610 3760 4665 τούτων

2171 4711 2572 4782 ’ἀποφορτίζων
2600 4711 2781 4777 αὐτὸν,
2809 4710 2896 4763 ἵνα
2929 4709 3028 4780 τὴν
3058 4708 3252 4777 στενὴν
3285 4708 3379 4758 καὶ
3406 4703 3762 4774 τεθλιμμένην

2197 4801 2446 4873 διοδεύσῃ
2467 4801 2583 4854 ὁδὸν
2616 4800 2871 4871 εὐμαρῶς
2892 4793 2966 4854 ῶν
3001 4793 3146 4853 οὗτοι
3175 4797 3400 4870 βαρεῖαν
3447 4795 3540 4848 καὶ
3557 4791 3762 4862 ἐπαχθῆ

2198 4894 2296 4962 τὴν
2327 4892 2523 4961 κτῆσιν
2551 4886 2716 4944 οὖσαν
2746 4889 3106 4955 ἀσπάζονται,
3156 4888 3417 4942 δύσκολον
3451 4887 3685 4947 ἑαυτοῖς,
3734 4882 3764 4950 ἢ

2203 4984 2300 5036 καὶ
2349 4984 2524 5052 πάντη
2577 4983 2837 5038 ἀδύνατον
2869 4981 2966 5052 τὴν
3001 4985 3079 5044 είς
3125 4980 3225 5050 τὴν
3280 4978 3560 5049 βασιλείαν
3610 4991 3768 5029 κατα-

2204 5074 2556 5138 σκευάζοντες
2587 5076 2810 5141 είσοδον,
2840 5075 2945 5145 ὁπῇ
2978 5072 3197 5143 ῥαφίδος
3233 5070 3596 5142 όμοιωθεῖσαν
3627 5065 3770 5133 παρᾶ

2202 5161 2305 5234 τῆς
2345 5163 2648 5233 Ἀληθείας,
2679 5165 2773 5216 καὶ
2801 5163 2953 5234 μόλις
2991 5163 3285 5232 δεχομένην
3315 5161 3528 5232 γυμνὴν
3561 5156 3770 5228 φροντί-

2205 5256 2311 5307 δων
2343 5254 2632 5324 βιωτικῶν,
2681 5254 2775 5307 καὶ
2803 5254 2981 5324 πάσης
3025 5253 3300 5322 ὀχλήσεως
3348 5248 3772 5320 ἀπηλλαγμένην

2207 5343 2402 5414 ψυχὴν,
2437 5344 2532 5397 καὶ
2559 5343 2730 5398 ταῦτα
2773 5344 2902 5406 ἴσως
2931 5343 3245 5412 ὼθουμένης
3284 5341 3378 5394 καὶ
3403 5341 3533 5412 δόξῃ
3563 5336 3776 5409 παρόδῳ

2211 5435 2540 5508 βιαζομένης
2565 5435 2662 5505 τὴν
2691 5436 2891 5489 εἴσοδον
2920 5434 3008 5487 διὰ
3036 5435 3094 5487 τὸ
3125 5433 3308 5486 στενὸν
3335 5433 3433 5500 τῆς
3463 5432 3656 5500 πύλης,
3685 5429 3774 5482 καὶ

2209 5526 2565 5596 δυσέμϐατον,
2590 5528 2681 5580 καὶ
2711 5527 2849 5580 αὐτὰ
2873 5526 3156 5595 θλιϐούσης
3180 5526 3248 5579 τὰ
3275 5523 3522 5591 πλαγίως
3549 5522 3789 5592 εἰσερχό-

603 5722 646 5752 ⁶²
671 5722 863 5792 Philip.
905 5739 984 5791 ιιι,
1020 5724 1106 5781 14.
1182 5725 1225 5755 ⁸⁸
1255 5725 1442 5781 Matth.
1473 5742 1600 5799 nx,
1624 5725 1810 5782 21-25.
1892 5727 1934 5758 "
1966 5724 2094 5780 ibid.
2131 5725 2220 5780 24.
