4046 6152
378 402 509 468 1037

1151 409 1248 468 DE
1287 409 1777 469 VOLUNTARIA
1818 409 2317 470 PAUI’ERTATE
2352 411 2450 468 AD
2499 411 2841 471 MAGNAM.

3483 412 3616 476 l038

384 534 515 591 μενα
549 515 800 585 σώματα,
850 516 1042 586 μήτιγε
1081 514 1264 581 ὄγκοις
1299 518 1676 588 ἐπηχθισμένα
1706 516 1945 587 βαρυτά-

2063 517 2186 587 ιιιοιί
2214 529 2448 587 augusta
2485 520 2575 581 sit,
2620 528 2674 575 et
2710 520 2852 573 invia
2894 520 3082 588 janua,
3118 528 3472 591 conteratque
3507 524 3622 593 ipsa

377 626 483 660 των
506 606 745 677 φορτίων
765 623 778 636 ·
830 606 948 668 πῶς
989 603 1207 672 ἐροῦσιν
1236 609 1284 659 οἰ
1313 608 1381 658 τὰ
1410 607 1651 660 σκύϐαλα
1682 609 1775 661 καὶ
1809 623 1942 660 σκυ-

376 698 556 752 ϐάλων
579 696 920 767 ἐκλυτώτερα
948 696 1298 768 περιέποντες
1331 699 1404 762 ὡς
1431 700 1585 770 τίμια
1614 701 1943 769 πράγματα·

378 807 398 843 ι
438 787 568 841 Ἰδοὺ
605 787 769 857 ἡμεῖς
796 776 1323 856 ἀφήκαμενπάντα,
1363 790 1457 840 καὶ
1499 788 1948 858 ἠκολουθήσαμέν

375 894 481 942 σοι,
524 896 544 929 ι
579 876 704 930 οὔτε
753 876 1141 940 καταλιπόντες
1172 894 1246 944 τι,
1274 877 1368 929 καί.
1396 877 1432 931 ἀ
1462 877 1538 949 μὴ
1566 875 1712 947 εἶχον
1745 879 1948 948 κτησά-

378 985 547 1036 μενοι,
575 966 763 1036 ὥσπερ
792 967 1092 1037 ἐμπορείας
1117 967 1179 1021 οὗ
1218 967 1534 1037 φιλοσοφίας
1568 968 1822 1023 ὑπόθεσιν
1859 969 1949 1021 τὸν

379 1058 663 1127 μοναδικὸν
721 1058 835 1127 βίον
882 1060 1274 1130 πεποιημένοις
1343 1060 1499 1113 Ἐστι
1544 1060 1601 1113 δέ
1651 1048 1952 1130 ἐμπορείας

378 1148 595 1217 ἀληθῶς
632 1148 896 1219 μεγίστης
943 1149 1167 1221 ἀφορμὴ
1211 1151 1321 1205 τῶν
1356 1150 1657 1220 μελλόντων
1705 1151 1948 1219 ἀγαθῶν,

377 1242 437 1293 οὐ
468 1240 574 1293 τῶν
607 1240 889 1311 παρόντων
936 1240 1226 1312 λαμπρῶν,
1280 1242 1437 1312 πενίᾳ
1472 1242 1592 1312 μὲν,
1624 1243 1718 1296 καὶ
1751 1244 1949 1313 ἐνδείᾳ,

382 1331 477 1385 καί
503 1334 614 1394 τοῖς
639 1330 816 1394 ἄλλοις
844 1332 938 1385 νῦν
969 1331 1187 1386 δοκοῦσι
1218 1333 1493 1403 σκληροῖς,
1536 1333 1647 1386 τῶν
1666 1335 1783 1386 ἐκεῖ
1814 1334 1950 1388 πάν-

382 1440 489 1477 των
510 1424 679 1493 ἡδέων
710 1422 1038 1493 προξενοῦσα
1059 1423 1160 1492 τὴν
1190 1422 1510 1484 ἀπόλαυσιν,
1542 1423 1622 1492 τῷ
1648 1423 1703 1476 δὲ
1733 1426 1949 1491 ἀφανεῖ,

385 1514 480 1565 καί⁵
509 1514 705 1583 ἀσήμῳ
729 1512 1042 1585 παρρησίαν
1070 1515 1167 1584 τὴν
1198 1516 1291 1568 ἐπὶ
1320 1513 1479 1576 Θεοῦ,
1512 1514 1605 1567 καὶ
1634 1514 1792 1580 δόξαν
1820 1531 1953 1585 παρ-

384 1605 585 1673 έχουσα
607 1604 819 1659 αἰώνιον
839 1622 851 1634 ’
887 1600 962 1661 ὧν
986 1609 1081 1677 τὴν
1106 1606 1296 1660 ἐλπίδα
1324 1606 1547 1677 βεϐαίαν
1576 1608 1670 1661 ἐπὶ
1694 1608 1952 1661 συνειδότι

383 1696 491 1747 τῶν
538 1696 940 1766 πεπραγμένων
984 1697 1196 1767 ἔχοντες
1245 1698 1405 1768 ὑμεῖς
1439 1738 1453 1760 ,
1479 1698 1558 1751 ἔτι
1600 1698 1696 1769 μὲν
1745 1698 1840 1751 καί
1873 1699 1953 1753 ἔτι

386 1789 743 1855 καταφρονεῖν
773 1787 1098 1851 σπουδάζετε
1131 1781 1204 1841 ὧν
1254 1789 1354 1860 ἤδη
1384 1788 1565 1853 καλῶς
1604 1792 1951 1862 λογισάμενοι

384 1877 822 1947 κατεφρονήσατε
847 1877 1069 1939 δικαίως
1088 1878 1361 1945 τοιούτων,
1393 1881 1486 1934 καί
1515 1880 1683 1934 ὄντων
1714 1881 1948 1952 ἀληθῶς,
1985 1855 2027 1910 Β

385 1968 477 2020 καὶ
509 1968 856 2038 ἐρριμμένων
895 1970 1006 2029 τοῖς
1041 1969 1288 2037 νήφουσι,
1324 1966 1427 2023 κὲἳν
1458 1973 1504 2024 εί
1537 1972 1798 2025 σπουδαῖα
1862 1973 1955 2026 καὶ

382 2056 695 2127 διτιθυμητὰ
722 2058 834 2119 τοῖς
855 2057 1303 2126 ἄφροσινέδοξεν,
1331 2062 1512 2131 ὴπατη
1524 2063 1659 2135 μένῃ
1684 2063 1955 2135 φαντασίᾳ

382 2148 776 2219 προσθεμένας
822 2149 899 2211 ὼς
945 2149 1180 2214 ἀστείοις
1227 2154 1338 2215 τοῖς
1380 2152 1499 2205 λίαν
1543 2156 1810 2224 αἰσχροῖς,
1860 2157 1956 2209 καί

383 2238 656 2310 ἐρασθεῖσι
682 2239 782 2309 τῆς
808 2238 962 2308 ὕλης,
993 2240 1242 2311 καθάπερ
1271 2240 1438 2306 ὅντως
1464 2242 1742 2313 εὐμόρφου
1768 2261 1957 2313 γυναι-

383 2333 497 2397 κὸς,
532 2332 633 2385 οὑκ
663 2330 829 2402 οΰσης
862 2333 1140 2401 τοιαύτης,
1188 2334 1326 2390 ἀλλά
1372 2337 1760 2408 κεχρωσμένης
1806 2337 1955 2393 ἄνθει

384 2423 693 2493 φαινομένῳ
721 2422 968 2492 τοιούτῳ,
1013 2425 1106 2477 καὶ
1136 2426 1535 2495 συναρπάζοντι
1587 2427 1723 2497 πρὸς
1763 2427 1955 2499 τέρψιν

384 2520 509 2577 τοὺς
540 2515 665 2585 ’πρὸ
692 2514 799 2567 τῶν
831 2514 1119 2583 ὠφελίμων
1159 2518 1562 2587 ἀρεσκομένους
1586 2520 1698 2583 τοῖς
1742 2518 1953 2589 ἦδουσι,

385 2606 479 2659 καὶ
510 2606 616 2657 τῶν
651 2605 1036 2675 συμφερόντων
1072 2606 1271 2677 μᾶλλον
1300 2607 1657 2679 αἱρουμένους
1689 2609 1757 2662 τὰ
1792 2608 1957 2679 λίχνῳ

383 2696 704 2765 δελεάσματι
735 2694 832 2758 τὰς
861 2696 1035 2767 όρμάς
1062 2697 1499 2769 προκαλούμενα.

2047 619 2113 659 ex
2144 605 2367 675 obliquo
2410 606 2736 662 introeuntia
2780 622 3029 676 corpora,
3060 608 3259 662 nedum
3314 610 3625 677 graviorum

2050 693 2351 762 ponderum
2404 696 2614 749 acervis
2657 703 2903 758 onerata,
2954 699 3228 765 quomodo
3272 698 3473 765 dicent,
3533 686 3672 771 qui,’

2051 788 2290 835 stercora
2346 790 2399 835 et
2445 782 2779 837 stercoribus
2834 784 3166 839 exsolutiora
3213 784 3666 865 circumferunt.}

2051 881 2116 921 ac
2146 868 2192 923 si
2241 877 2425 924 essent
2451 884 2538 924 res
2584 869 2808 924 maximi
2843 872 3033 940 pretii:
3075 889 3093 923 ι
3124 870 3261 927 Ecce
3290 887 3388 928 nos
3418 873 3629 928 dimisi-
3660 888 3664 895 ‘

2052 974 2176 1015 mus
2224 960 2430 1028 omnia,
2486 970 2542 1017 et
2599 962 2771 1018 secuti
2820 977 3007 1018 sumus
3060 970 3112 1016 te
3136 962 3203 1029 ’°,
3238 980 3257 1013 ι
3292 964 3386 1033 qni
3427 979 3524 1018 nec
3552 966 3635 1018 vel

2052 1046 2348 1119 quidquam
2414 1048 2839 1119 dereliquerunt,
2897 1057 2952 1103 et
3011 1062 3132 1118 qua:
3186 1064 3294 1103 non
3344 1050 3632 1109 habebant.

2054 1133 2416 1201 possederunt
2470 1144 2729 1206 tanquam
2761 1145 3100 1200 mercaturae,
3132 1152 3238 1190 non
3278 1137 3637 1207 philosophiae

2054 1226 2359 1290 materiam,
2408 1227 2573 1281 vitam
2654 1228 3012 1283 monasticam
3078 1228 3495 1298 computantes?
3540 1229 3637 1289 Est

2053 1328 2236 1375 autem
2299 1322 2414 1390 ipsa
2482 1337 2623 1377 verm
2700 1334 3028 1379 mercaturae
3108 1325 3382 1388 maximae,
3429 1322 3641 1379 futuro-

2056 1427 2178 1466 rum
2218 1412 2385 1483 298
2416 1414 2626 1468 scilicet
2676 1416 2892 1471 occasio
2936 1416 3228 1480 bonorum,
3254 1429 3359 1469 non
3404 1431 3642 1485 praesen-

2056 1502 2189 1557 tium
2221 1503 2649 1572 splendidorum,
2687 1515 2997 1576 paupertate
3027 1508 3269 1579 quidem,
3301 1516 3353 1562 et
3381 1516 3636 1578 egestate,

2055 1608 2120 1649 ac
2143 1595 2287 1661 aliis,
2346 1610 2468 1664 qua
2503 1612 2648 1651 nunc
2677 1600 2813 1653 dura
2863 1600 3135 1666 videntur,
3167 1614 3493 1669 comparans
3517 1615 3638 1654 om-

2056 1688 2230 1754 nium,
2266 1702 2387 1757 quae
2413 1689 2523 1745 illic
2549 1700 2697 1754 sunt,
2730 1691 3059 1746 suavitatum
3113 1690 3448 1758 fruitionem,
3482 1693 3667 1762 igno-.

2057 1780 2149 1834 bili
2202 1795 2353 1846 vero,
2388 1792 2442 1836 et
2494 1784 2678 1851 ignoto
2705 1782 2955 1838 ﬁduciam
3012 1785 3077 1837 ad
3108 1782 3301 1849 Deum,
3327 1792 3379 1837 et
3404 1782 3638 1853 gloriam

2056 1869 2300 1938 praebens
2344 1879 2599 1924 aeternam
2648 1886 2662 1923 :
2727 1885 2957 1939 quorum
2994 1870 3204 1924 ﬁrmam
3243 1885 3394 1942 spem
3424 1873 3475 1924 in
3505 1885 3642 1924 eon-

2056 1962 2282 2018 scientia
2336 1962 2604 2018 factorum
2661 1978 2760 2018 vos
2816 1964 3113 2028 habentes,
3174 1964 3337 2018 etiam
3390 1964 3640 2034 equidem

2057 2058 2221 2120 atque
2248 2051 2413 2105 etiam
2443 2060 2795 2105 contemnere
2817 2052 3030 2105 studete
3074 2065 3197 2120 quae
3236 2051 3347 2121 jam
3384 2053 3642 2119 praeclare

2056 2143 2361 2197 ratiocinati
2408 2142 2812 2213 contempsistis
2860 2143 2985 2211 jure
3036 2145 3233 2197 merito
3278 2144 3403 2197 talia
3457 2145 3639 2212 qualia

2057 2249 2184 2290 vere
2246 2244 2394 2297 sunt,
2450 2242 2504 2288 et
2552 2234 2753 2289 sobriis
2777 2234 3007 2303 abjecta,
3057 2234 3179 2288 licet
3210 2234 3455 2289 studiose
3502 2231 3639 2287 απε-

2057 2325 2252 2381 ctanda
2308 2336 2365 2382 et
2414 2327 2710 2396 expetenda
2745 2328 2857 2381 visa
2901 2326 3010 2380 sint
3050 2326 3262 2396 ineptis,
3290 2325 3641 2397 quideceptae

2058 2418 2432 2487 imaginationi
2489 2417 2781 2488 applicant,
2839 2418 2986 2471 velut
3032 2419 3258 2480 urbana,
3313 2432 3431 2487 qua:
3483 2417 3639 2470 valde

2062 2518 2190 2573 sunt
2228 2511 2427 2580 turpia,
2476 2519 2530 2563 et
2572 2524 2758 2565 amore
2804 2510 3096 2579 capiuntur
3147 2510 3392 2565 sordium
3424 2511 3645 2563 munda-

2063 2618 2282 2669 narum,
2307 2613 2363 2657 et
2417 2602 2633 2672 quidem
2686 2601 2951 2672 (exempli
3007 2600 3501 2672 gratiaHormosaz
3521 2615 3643 2654 mu-

2053 2695 2225 2761 lioris,
2254 2709 2375 2765 quae
2399 2703 2578 2748 tamen
2602 2693 2724 2748 talis
2752 2707 2857 2747 non
2891 2700 2993 2758 est,
3029 2693 3121 2748 sed
3143 2692 3325 2749 fucata
3352 2700 3406 2748 et
3424 2692 3643 2747 excolo-

384 2798 499 2847 rata
536 2786 665 2841 llore
696 2789 861 2842 hocce
899 2790 1060 2843 modo
1089 2800 1401 2860 apparente,
1438 2802 1491 2846 et
1522 2792 1851 2862 corripiente
1883 2791 1952 2847 ad
1992 2791 2321 2860 voluptatem
2361 2803 2475 2854 eos,
2516 2788 2735 2858 quibus,
2759 2803 2881 2859 quae
2909 2787 3087 2843 dulcia
3111 2797 3239 2843 sunt
3270 2802 3379 2858 prae
3422 2787 3645 2841 utilibus

384 2880 616 2951 placent,
648 2878 850 2948 quique
874 2880 1045 2950 magis
1074 2880 1279 2951 eligunt
1300 2896 1385 2945 ea,
1418 2897 1541 2951 quae
1560 2872 1748 2939 delosa
1777 2882 2026 2937 illecebra
2055 2887 2354 2949 provocant
2384 2878 2674 2948 appetitus,
2711 2891 2875 2947 quam
2914 2892 2977 2934 ea
3015 2892 3136 2949 qua:
3167 2878 3499 2933 conducunt.

960 3034 1206 3089 ΚΕΦΑΛ.
1248 3036 1371 3089 Nl".

468 3165 587 3218 Τῶν
640 3164 697 3218 δὲ
747 3164 849 3235 τῆς
895 3165 1133 3231 διανοίας
1183 3169 1501 3239 κινημάτων
1558 3168 1965 3240 ἐπιμελήθητε,

384 3258 749 3328 προσέχοντες
784 3255 903 3319 πῶς
947 3258 1045 3320 τάς
1094 3259 1430 3328 ὑπομνήσεις
1471 3260 1579 3313 τῶν
1623 3259 1967 3331 πραγμάτων

384 3347 732 3417 ἐργάζονται,
790 3347 1126 3418 προσπαθῶς
1170 3350 1203 3419 ἢ
1248 3349 1472 3412 ἀπαθῶς
1520 3351 1620 3415 τὰς
1669 3349 1968 3418 φαντασίας

382 3436 589 3490 τούτων
616 3437 900 3506 δεχόμενα.
938 3437 1115 3492 Πολλά
1140 3438 1248 3510 γὰρ
1274 3439 1529 3504 ἀτάκτως
1553 3440 1811 3513 ὁρμῶντα
1839 3440 1966 3509 βλά-

387 3544 545 3581 πτειν
587 3527 865 3583 εἰώθεισαν
918 3529 1112 3595 ταῦτα,
1166 3532 1263 3583 καὶ
1306 3532 1415 3585 τῶν
1467 3534 1526 3586 ἐν
1568 3535 1690 3595 ταῖς
1736 3533 1967 3603 πράξεσι

390 3616 612 3670 πλείονα
658 3619 890 3682 εὐκόλως
941 3622 999 3673 ἐν
1052 3623 1166 3684 τοῖς
1231 3621 1514 3692 λογισμοῖς
1575 3627 1689 3687 τοῖς
1737 3624 1967 3677 πάθεσιν

388 3709 626 3774 εἴκοντα,
672 3712 762 3763 καί
798 3712 1151 3783 συντιθέμενα
1199 3712 1409 3777 τούτοις
1452 3716 1695 3783 ἀφανῶς,
1738 3718 1831 3769 καὶ
1869 3716 1968 3786 τῆς

387 3800 675 3865 συνέσεως,
727 3801 878 3853 οὐδὲν
914 3806 1135 3873 σημεῖον
1170 3806 1281 3868 τοῖς
1321 3802 1425 3869 ἔξω
1453 3805 1761 3875 παρέχοντα
1794 3805 1947 3875 ήττώ

390 3908 550 3959 μενα,
579 3893 672 3944 καὶ
702 3892 971 3946 πίπτοντα
998 3894 1281 3958 πολλάκις,
1321 3896 1415 3948 καὶ
1442 3894 1544 3964 τῆς
1575 3895 1834 3958 πτώσεως
1861 3896 1967 3966 πρὸ

384 3981 482 4050 τῆς
510 3982 790 4052 ἐνεργείας
813 3983 948 4046 τέως
969 3984 1298 4038 λανθάνοντα
1323 3986 1447 4048 τοὺς
1474 3987 1533 4038 οὐ
1561 3986 1873 4056 πεφυκότας
1898 3985 1966 4038 τὰ

387 4070 537 4122 ἔνδον
560 4074 691 4142 ὁρᾷν
715 4090 728 4102 ·
770 4075 865 4126 καί
900 4075 1100 4144 σεμνὸς
1137 4077 1234 4146 μὲν
1268 4077 1331 4130 ἐκ
1356 4080 1454 4148 τῆς
1483 4076 1824 4145 καταστολῆς
1852 4081 1964 4141 τοῖς

387 4162 620 4231 παροῦσι
652 4166 901 4232 φαίνεται
932 4169 961 4219 ό
1003 4167 1204 4238 τυχὼν,
1254 4168 1324 4222 τὰ
1354 4169 1573 4241 κρυπτά
1605 4170 1765 4240 αἴσχη
1805 4171 1965 4233 αὐτὸς

385 4255 743 4325 ἐπιστάμενος
790 4259 948 4329 μόνος
995 4260 1089 4313 καί
1135 4260 1403 4333 ἐρυθριῶν
1442 4265 1525 4331 ἐφ’
1563 4257 1643 4326 οἷς
1672 4262 1750 4332 τῷ
1779 4280 1966 4331 φαινο-

2654 3033 2887 3090 CAPUT
2941 3032 3083 3089 Llll~

2142 3166 2449 3246 Intellectus
2479 3181 2610 3222 vero
2636 3167 2901 3221 motiones
2931 3165 3213 3238 diligenter
3235 3176 3441 3235 curate,
3463 3179 3642 3225 atten-

2069 3260 2259 3315 dentes
2285 3274 2393 3330 quo
2427 3268 2586 3330 pacto
2628 3270 2894 3315 revocatas.
2927 3273 3012 3314 res
3063 3259 3117 3312 in
3150 3260 3470 3315 memoriam
3513 3276 3640 3331 ope-

2068 3361 2279 3417 rantur,
2321 3350 2527 3419 absque
2555 3348 2771 3414 aﬂ‘ectu,
2814 3349 2896 3404 vel
2922 3365 3044 3405 cum
3076 3348 3268 3405 aﬂectu
3296 3350 3639 3422 imaginatio-

2071 3454 2166 3495 nes
2212 3440 2451 3509 ipsarum
2490 3438 2832 3510 excipiendo.
2882 3439 2977 3496 Hae
3017 3441 3215 3510 quippe
3248 3441 3476 3512 (scilicet
3520 3460 3642 3496 ino-

2071 3530 2245 3585 tiones
2276 3530 2493 3600 mentis)
2531 3530 2685 3584 valde
2731 3532 3087 3600 incomposite
3136 3533 3403 3589 irruentes
3450 3533 3643 3588 laalere

2067 3628 2502 3686 consueverunt;
2539 3635 2662 3676 eum
2705 3637 2811 3675 non
2837 3636 3036 3692 pauca,
3072 3639 3193 3693 qua:
3238 3624 3296 3677 in
3337 3624 3642 3680 actionibus

2068 3711 2413 3777 consistunt,
2457 3712 2615 3767 facile
2646 3712 2841 3767 cedant
2875 3711 3278 3777 aﬂ‘ectionibus,
3312 3714 3512 3784 quibus
3546 3731 3641 3769 co~

2073 3802 2363 3871 gitationes
2416 3802 2672 3856 involutae
2722 3811 2887 3866 sunt,
2934 3818 3166 3872 cumque
3209 3804 3291 3857 his
3337 3806 3641 3859 clanculum

2068 3894 2449 3962 astipulentur,
2482 3894 2801 3963 nullumque
2822 3892 3036 3962 signum
3060 3894 3414 3963 perspicaeiae
3452 3896 3507 3949 in
3548 3895 3642 3965 jn-

2067 3985 2297 4039 dicando
2321 3984 2684 4039 exterioribus
2701 3984 3012 4049 exhibeant,
3039 3985 3401 4038 succumbunt
3421 3986 3639 4055 saepius,

2069 4085 2123 4131 et
2155 4076 2478 4147 procidunt;
2512 4090 2576 4131 ac
2603 4076 2820 4130 interim
2851 4086 2976 4129 ante
3001 4089 3165 4130 casus
3203 4074 3368 4145 299
3393 4076 3639 4130 t‘ﬂi‘Cllllll

2074 4169 2314 4223 latebant
2354 4184 2470 4229 cos.
2496 4169 2590 4237 qui
2617 4183 2726 4221 non
2760 4175 3162 4223 consueverunt
3213 4167 3471 4220 interiora
3523 4182 3643 4236 per-

2072 4259 2282 4329 spicere
2310 4277 2323 4311 :
2358 4258 2500 4312 unde
2541 4258 2802 4314 honestus
2836 4255 3078 4325 quidem,
3108 4265 3161 4312 et
3194 4256 3373 4327 gravis
3419 4266 3645 4325 apparet

389 4344 536 4415 μένῳ
586 4346 647 4400 τὸ
700 4348 904 4418 ἀφανὲς
955 4352 1214 4412 ἐναντίως
1256 4352 1521 4408 διάκειται
1569 4358 1636 4423 τῇ
1677 4356 1959 4426 τιμωμένῃ

2070 4352 2428 4421 praesentibus
2460 4365 2527 4405 ex
2555 4351 2820 4405 modestia
2854 4351 2909 4404 in
2958 4349 3154 4405 vestitu
3198 4348 3375 4419 quivis
3424 4349 3512 4401 ille
3547 4349 3641 4413 sit,

386 4437 562 4506 σκηνῇ
593 4437 1099 4510 ἀντιφθεγγομένης
1149 4443 1245 4512 τῆς
1292 4441 1568 4512 ἀληθείας,
1610 4444 1704 4496 καὶ
1743 4443 1804 4497 τὸ
1835 4461 1963 4497 συν-

386 4526 528 4587 ειδὸς
581 4528 945 4583 καταδύεσθαι
994 4535 1522 4605 παρασκευαζούσης
1577 4536 1837 4599 εἰκότως,
1881 4536 1963 4588 ὅτι

389 4617 465 4684 μὴ
510 4622 789 4687 συμφωνεῖ
816 4623 879 4689 τῇ
930 4620 1197 4691 ὑπολήψει
1225 4624 1291 4675 τὰ
1327 4624 1428 4694 τῆς
1467 4626 1693 4696 καρδίας
1734 4626 1964 4697 ὲνθύμια

385 4705 629 4769 τοιαῦτα,
660 4703 745 4759 οἷα
770 4710 920 4780 παρά
939 4710 1048 4762 τῶν
1080 4712 1433 4782 ἱστορούντων
1460 4716 1762 4780 δοξάζεται.
1825 4718 1963 4771 Ἀλλ’

388 4794 530 4845 ἔοικε
579 4796 734 4865 τάφῳ
782 4799 1158 4869 κεκονιαμένῳ
1201 4800 1262 4852 τὸ
1312 4804 1537 4874 σοϐαρὸν
1583 4806 1682 4873 τῆς
1727 4806 1965 4869 διανοίας

389 4887 823 4958 πεπληρωμένης
850 4889 924 4952 ὡς
948 4891 1112 4954 ὅντως
1143 4893 1349 4962 τύμϐου
1380 4896 1580 4950 ὀστέων
1609 4898 1838 4967 νεκρῶν,
1866 4900 1960 4951 καὶ

381 4975 569 5046 πάσης
597 4979 956 5048 ἀκαθαρσίας.
1002 4983 1066 5034 Τί
1095 4983 1204 5055 γὰρ
1234 4984 1373 5054 αὕτη
1408 4987 1704 5055 μνήματος,
1736 4988 1865 5041 ὃταν
1894 4990 1963 5042 τὰ

388 5068 466 5137 μὴ
500 5067 806 5137 καθήκοντα
836 5071 1140 5142 λογίζηται,
1172 5073 1453 5144 διαφέρει,
1494 5077 1689 5146 ὁμοίως
1715 5078 1963 5148 ἀκάθαρ-

386 5172 479 5216 τος
508 5152 643 5209 οὗσα
672 5158 916 5221 ἐκείνων,
954 5161 1048 5212 καί
1077 5161 1277 5227 μᾶλλον
1306 5162 1637 5229 ἀκάθαρτος;
1679 5163 1836 5233 Σῆμα
1866 5165 1964 5232 μὲν

383 5249 495 5316 γάρ
524 5251 609 5300 ἐπ’
642 5249 820 5316 ὀλίγον
868 5252 980 5321 ἔχει
1014 5254 1110 5323 τὴν
1158 5254 1425 5308 δυσωδίαν
1455 5255 1728 5327 μυδῶντος
1757 5259 1838 5309 ἔτι
1868 5258 1961 5309 τοῦ

384 5338 661 5407 σώματος.
706 5343 811 5395 Τοῦ
842 5344 897 5395 δὲ
946 5346 1140 5414 ἰχῶρος
1181 5348 1577 5411 ἀποστάζοντος
1602 5347 1710 5400 τῶν
1738 5349 1961 5411 ὀστέων,

379 5424 571 5476 λοιπὸν
604 5426 700 5496 τῆς
726 5428 985 5492 δυσωδίας
1016 5432 1358 5502 ἀπήλλακται
1380 5474 1394 5500 ,
1439 5435 1544 5487 τῶν
1577 5437 1853 5506 σαρκικῶν
1888 5440 1967 5500 είς

380 5510 481 5583 τὴν
516 5515 619 5583 γῆν
664 5517 1050 5585 ἀναλυθεισῶν,
1090 5523 1182 5574 καὶ
1216 5525 1362 5574 κόνιν
1410 5523 1631 5593 λεπτὴν,
1683 5525 1741 5589 ἐξ
1771 5518 1844 5578 ὧν
1874 5528 1966 5577 καὶ

463 5773 659 5831 "Luc.
693 5792 846 5845 ινιιι,
871 5779 959 5833 ‘28.
1039 5783 1076 5811 ‘”
1112 5781 1300 5835 Matth.
1335 5797 1487 5853 χχιιι.
1535 5783 1615 5837 ‘27.

2070 4442 2289 4497 latentia
2318 4441 2582 4497 dedecora
2603 4443 2779 4497 sciens
2800 4443 2915 4513 ipse
2943 4443 3115 4508 solus,
3131 4450 3185 4498 et
3205 4440 3551 4504 erubescens,
3575 4454 3641 4493 eo

2073 4536 2218 4602 quod
2254 4533 2534 4603 apparcnti
2564 4534 2900 4588 contrarium
2933 4534 3003 4587 sit
3033 4533 3107 4600 id,
3148 4532 3291 4603 quod
3331 4546 3439 4586 non
3474 4545 3641 4599 appa-

2073 4635 2174 4690 ret,
2214 4627 2438 4680 veritate
2476 4624 2880 4680 contradicente
2925 4623 3276 4679 ostentationi
3322 4623 3637 4685 aestimatae,

2073 4726 2127 4769 et
2165 4716 2446 4782 tﬂit'iente,
2480 4726 2538 4771 ut
2575 4719 2771 4771 merito
2799 4718 3081 4773 erubescat
3124 4716 3474 4780 conscientia,
3513 4716 3642 4783 quia

2076 4820 2185 4859 non
2222 4817 2525 4861 consonant
2558 4807 2949 4861 existimationi
2978 4808 3112 4861 tales
3144 4806 3499 4875 cogitationes
3519 4820 3642 4857 cor-
3741 4867 3744 4870 .

2069 4897 2178 4961 dis,
2232 4898 2423 4966 quales
2453 4899 2521 4952 ab
2558 4899 2662 4963 his,
2692 4901 2786 4968 qui
2816 4900 3019 4963 visunt,
3065 4899 3429 4952 celebrantur.
3461 4896 3644 4961 Quare
3737 4915 3741 4919 ν

2072 4988 2268 5043 similis
2295 4999 2377 5043 est
2412 4990 2663 5059 sepulcro
2696 4990 2946 5044 dealbato
2972 4988 3249 5043 fastuosns
3280 4996 3454 5041 status
3486 4987 3642 5040 intel-

2074 5079 2264 5145 lectus,
2293 5082 2478 5148 repleti
2516 5081 2761 5151 (perinde
2799 5098 2861 5135 ac
2907 5081 2951 5135 si
2990 5095 3173 5136 revera
3212 5080 3452 5133 tumulus
3481 5077 3640 5143 foret;
3736 5066 3737 5069 i

2077 5170 2297 5223 ossibus
2333 5170 2656 5225 cadaverum
2687 5180 2741 5224 et
2770 5171 2918 5224 omni
2944 5170 3203 5237 spurcitia
3231 5170 3296 5222 “.
3328 5168 3466 5233 Quid
3493 5169 3639 5223 enim

2075 5259 2163 5313 hic
2186 5260 2417 5329 (scilicet
2442 5261 2767 5326 intellectus)
2794 5259 2973 5313 differt
3001 5274 3034 5313 a
3064 5267 3436 5325 monumento,
3467 5273 3642 5328 quan-

2077 5345 2146 5398 do
2171 5347 2389 5415 cogitat,
2422 5362 2542 5415 quae
2590 5346 2833 5401 decentia
2868 5344 3090 5399 minimc
3126 5344 3288 5399 sunt?
3315 5355 3398 5399 est
3444 5345 3643 5415 quippe

2080 5444 2208 5491 tunc
2244 5453 2395 5506 a'que
2422 5438 2667 5507 impurus
2696 5446 2861 5507 atque
2889 5437 3043 5501 illud,
3066 5438 3173 5489 imo
3192 5446 3246 5490 et
3275 5436 3638 5492 immundior:

2078 5528 2388 5595 sepulcrum
2426 5545 2657 5598 namque
2703 5528 2850 5582 brevi
2893 5536 3137 5597 tempore
3174 5526 3403 5582 fetorem
3458 5525 3639 5592 habet,
