4046 6152
398 280 535 345 1041

1177 287 1274 346 DE
1326 288 1817 349 VOLUNTARIA
1846 291 2345 353 PAUPERTATE
2386 297 2487 355 AD
2526 298 2871 359 MAGNAM.

3429 367 3437 375 ,
3510 301 3645 365 1012

392 395 605 459 ζεσθαι,
637 392 763 447 οὔτε
797 394 943 466 χαρὰ
974 396 1030 446 ἐν
1064 395 1254 466 Κυρίῳ
1282 397 1620 463 συνίσταται,
1649 398 1723 462 ὡς
1752 402 1780 452 ὁ
1812 400 1948 455 αὐτὸ

2075 403 2449 471 paenitentiam
2476 409 2689 475 operari
2719 408 2889 477 possit
2918 408 2970 462 in
3020 408 3280 474 salutem;
3322 424 3498 479 neque
3541 414 3644 470 hoc

386 486 676 541 ἐπίσταται
702 484 915 546 Παῦλος
935 504 947 518 ο
972 488 1084 548 τοῖς
1107 487 1205 555 μὲν
1227 487 1335 557 γὰρ
1358 490 1442 540 ἐπ’
1465 489 1642 561 ἀγαθῇ
1667 492 1968 561 συνειδήσει

386 576 838 648 εὐφραινομένοις
875 577 1312 647 παρακελεύεται
1343 579 1516 647 λέγων
1537 600 1548 612 ·
1594 601 1611 633 ι
1642 582 1873 654 Χαίρετε
1907 583 1965 637 ἐν

389 670 579 740 Κυρίῳ
618 669 871 725 πάντοτε.
925 686 945 718 ι
994 668 1156 722 Ἀλλά
1194 687 1278 734 τις
1306 671 1442 725 οῦσα
1468 674 1731 742 τυγχάνει
1758 674 1965 745 ψυχικὴ

384 755 746 828 δαιμονιώδης
800 756 1180 826 προσπάθεια,
1240 759 1448 824 οὐδενὸς
1506 763 1789 834 ἠρτημένη
1856 765 1965 817 τῶν

385 848 618 903 αίωνίων
665 846 866 914 καλῶν,
919 847 1051 918 ὕλης
1100 847 1157 901 δὲ
1191 850 1558 924 φθειρομένης
1592 854 1686 906 καὶ
1710 855 1808 925 τὴν
1844 856 1965 909 ἐπι-

384 940 582 1009 θυμίαν
608 937 936 1008 ἐλεγχούσης
958 939 1216 1012 ἀνόνητον
1236 958 1249 969 ·
1274 943 1330 995 τί
1350 943 1455 1012 γὰρ
1475 944 1677 998 εἴποιεν
1697 946 1762 999 ἄν
1785 963 1959 1014 τινες;

395 1029 683 1083 Ἑπέλιπον
709 1031 765 1082 αἱ
790 1029 1127 1099 καθήκουσαι
1149 1032 1445 1102 φροντίδες,
1466 1034 1551 1089 ἵνα
1581 1038 1691 1099 τοῖς
1712 1036 1960 1105 ματαίοις

383 1122 659 1190 λογισμοῖς
695 1122 1229 1191 προσασχολήσωμεν
1269 1122 1368 1193 τὴν
1397 1123 1658 1192 διάνοιαν,
1701 1125 1957 1195 πλοῦτον,

385 1210 478 1265 καὶ
504 1209 842 1272 δυναστείαν,
874 1211 966 1262 καὶ
992 1208 1170 1277 δόξαν,
1203 1213 1294 1265 καὶ
1330 1212 1429 1283 τὴν
1460 1214 1610 1281 παρὰ
1634 1214 1847 1278 πολλοῖς
1875 1234 1958 1289 νο-

386 1301 684 1374 μιζομένην
715 1299 1009 1372 εὐκληρίαν
1051 1303 1447 1373 φανταζόμενοι
1476 1343 1490 1365 ,
1549 1304 1853 1376 διώρθωται
1892 1307 1959 1360 τά

385 1394 513 1463 ἢθη,
566 1394 933 1448 ὑποτέτακται
980 1394 1048 1446 τὰ
1096 1393 1279 1462 πάθη,
1326 1394 1477 1448 οὐδὲν
1531 1394 1867 1465 πλημμελῶς
1924 1400 1957 1469 ή

383 1486 634 1555 αἴσθησις
683 1487 919 1555 ἐνεργεῖ,
975 1484 1343 1552 ὲξωμάλισται
1406 1485 1475 1538 τὰ
1522 1485 1622 1552 τῆς
1672 1489 1957 1557 προκοπῆς

385 1575 522 1646 ’πρὸς
567 1576 627 1627 τὺ
659 1573 899 1635 εὔκολον,
952 1574 1066 1638 ἕξις
1097 1575 1226 1644 ήμίν
1255 1578 1287 1644 ή
1339 1576 1571 1646 ἄσκησις
1600 1576 1843 1645 γέγονεν,
1880 1580 1955 1633 εί-

386 1670 554 1738 ρήνην
582 1666 701 1733 ἄγει
729 1669 762 1737 ή
800 1666 999 1736 καρδία
1028 1666 1238 1735 βαθεῖα,
1289 1668 1562 1721 πέπαυται
1602 1669 1669 1722 τά
1709 1668 1810 1738 τῆς
1847 1671 1953 1739 μά-

2068 494 2327 563 gaudium
2365 497 2417 549 in
2467 497 2697 551 Domino
2725 500 3026 563 stabilitur,
3068 508 3126 553 ιιι
3156 499 3269 568 ipse
3300 502 3645 558 animadver-

2069 586 2132 640 tit
2147 584 2377 654 Paulus;
2399 588 2520 644 illos
2533 591 2702 655 enim,
2722 606 2860 661 quos
2882 592 3020 646 bona
3038 593 3271 649 delectat
3284 596 3639 661 conscientia,

2068 677 2334 742 hortatur,
2357 678 2579 733 dicens:
2614 697 2633 729 ι
2665 678 2906 736 Gaudete
2934 682 2986 736 in
3012 681 3241 737 Domino
3276 698 3490 753 semper
3512 685 3580 741 ⁷⁸.
3618 705 3635 737 ι

2068 768 2267 824 Verum
2300 769 2555 827 animalis
2602 779 2686 827 est
2729 773 2977 841 quaedam
3021 773 3254 840 affectio,
3302 776 3640 831 (Immonibus

2064 860 2247 930 potius
2272 861 2624 929 conveniens,
2662 878 2785 931 quae
2819 863 3023 918 nullam
3073 880 3137 919 ex
3169 866 3387 921 aeternis
3439 867 3643 935 depen-

2063 950 2304 1005 dentiam
2347 952 2537 1016 habet,
2567 968 2692 1008 cum
2724 964 3148 1024 corrumpantur
3197 956 3506 1012 materiales
3540 958 3641 1011 ltu-

2063 1059 2238 1100 mame
2256 1046 2466 1112 sordes,
2493 1056 2549 1102 et
2580 1046 2929 1117 cupiditatem
2951 1048 3327 1104 demonstrent
3355 1050 3635 1117 inutilem;

2060 1136 2252 1203 ecquid
2278 1138 2423 1191 enim
2472 1138 2641 1208 aliqui
2692 1138 2934 1194 dicerent
2976 1158 2990 1194 :
3033 1138 3361 1194 Defecerunt
3404 1140 3637 1211 (forsan)

2062 1225 2233 1279 nostri
2286 1227 2533 1283 muneris
2582 1242 2756 1293 curae,
2808 1228 2883 1282 ita
2916 1237 2974 1284 ιιι
3023 1230 3445 1300 cogitationibus
3483 1232 3638 1286 vanis

2060 1315 2361 1371 debeamus
2404 1327 2635 1371 mentem
2666 1333 2953 1388 occupare,
3002 1321 3390 1391 imaginatione
3431 1324 3639 1378 scilicet

2059 1406 2431 1472 pervolventes
2467 1405 2705 1471 divitias,
2742 1407 3099 1476 dominatum,
3137 1411 3367 1481 gloriam
3396 1421 3452 1467 et
3474 1413 3636 1483 quid-

2056 1493 2184 1562 quid
2219 1494 2376 1547 multi
2418 1511 2729 1565 prosperam
2766 1499 3037 1552 fortunam
3070 1501 3415 1556 existimant?
3443 1503 3634 1560 Emen-

2060 1585 2170 1639 (ιιιιί
2203 1594 2332 1640 sunt
2365 1586 2572 1658 (igitur)
2601 1603 2804 1654 mores,
2853 1590 3109 1645 concitati
3159 1592 3385 1649 affectus
3422 1595 3630 1650 subacti

2054 1681 2205 1739 sum,
2238 1675 2315 1729 nil
2341 1691 2534 1730 sensus
2564 1676 2675 1746 agit
2706 1677 3084 1747 incomposite,
3120 1683 3478 1750 complanata
3506 1695 3633 1739 sunt

381 1775 483 1829 λης
511 1760 660 1828 ἡμῖν,
691 1759 723 1827 ἡ
763 1759 897 1829 πρὸς
923 1758 1021 1819 τὰς
1045 1757 1240 1827 ἀρχὰς,
1268 1760 1362 1812 καὶ
1391 1760 1488 1821 τὰς
1513 1758 1762 1824 ἐξουσίας
1792 1777 1948 1813 κατα‹

2061 1765 2158 1818 viae
2174 1779 2500 1834 progressus
2534 1766 2599 1819 ad
2626 1766 2966 1837 facilitatem;
3001 1770 3256 1825 diuturna
3286 1773 3446 1843 302
3475 1790 3632 1829 exer-

379 1851 593 1903 λέλυται
618 1849 762 1918 πάλη
788 1865 801 1879 ’
837 1847 1071 1911 σπονδὰς
1102 1848 1254 1902 ἔθετο
1276 1848 1410 1918 πρὸς
1440 1849 1499 1902 τὸ
1527 1849 1743 1919 πνεῦμα
1774 1852 1806 1921 ή
1833 1853 1952 1913 κατ’

376 1940 542 1997 αὐτοῦ
575 1938 855 2009 δυσμενῶς
889 1938 1203 2009 διακειμένη
1238 1938 1511 2009 σὰρξξοῦκ
1541 1939 1621 1992 ἔτι
1654 1941 1951 2011 στρατεύε-

374 2047 462 2083 ται
519 2028 661 2099 αὕτη
691 2028 833 2083 κατὰ
865 2028 959 2083 τοῦ
994 2027 1327 2098 πνεύματος,
1354 2028 1489 2092 ὅλως
1516 2028 1815 2099 νενίκηται,
1858 2031 1953 2083 καὶ

371 2122 471 2192 τὴν
491 2116 657 2193 ἧτταν
684 2120 934 2192 ὁμολογεῖ
959 2119 1291 2173 δουλεύσασα
1324 2120 1401 2183 ὡς
1433 2120 1794 2190 αἰχμάλωτος.
1828 2122 1953 2175 Συν-

370 2214 603 2283 εκόψατε
630 2214 731 2277 τὰς
774 2212 1052 2285 μαχαίρας
1082 2213 1162 2275 εἰς
1205 2212 1439 2283 ἄροτρα,
1476 2213 1570 2266 καὶ
1597 2212 1696 2277 τὰς
1727 2213 1951 2279 ζιϐύνας

371 2309 451 2371 είς
474 2307 737 2379 δρέπανα,
755 2305 824 2358 τὰ
844 2305 1116 2375 πολεμικὰ
1134 2303 1270 2375 ἔργα
1293 2306 1615 2375 ποιήσαντες
1640 2305 1727 2361 διὰ
1753 2305 1949 2378 πολλὴν

370 2400 593 2468 εἰρήνην
648 2396 814 2468 σκεύη
846 2396 1167 2468 γεωργικά·
1221 2381 1614 2465 ἀναπαυόμεθα
1664 2397 1805 2450 κατὰ
1849 2397 1949 2466 τὴν

371 2491 524 2545 θείαν
554 2492 844 2559 ὑπόσχεσιν
875 2490 1104 2553 ἕκαστος
1154 2488 1257 2542 ὑπὸ
1306 2488 1454 2543 κάτω
1502 2488 1746 2558 ἀμπέλου
1781 2489 1945 2542 αὐτοῦ

369 2582 788 2652 εὐφραινόμενοι
822 2583 912 2635 ἐπὶ
934 2584 1043 2643 τοῖς
1073 2580 1256 2652 ἔργοις
1284 2580 1392 2636 τῶν
1420 2580 1618 2650 χειρῶν
1647 2580 1822 2650 ήμῶν,
1852 2580 1945 2634 καὶ

369 2675 462 2728 ἐπὶ
504 2674 612 2727 τῶν
641 2674 837 2727 κωτῶν
881 2671 1301 2742 ἀγαλλιώμενοι,
1353 2672 1591 2734 οὐδενὸς,
1643 2670 1943 2740 οὐδαμόθεν

366 2765 667 2837 ὀχλοῦντος,
722 2766 780 2818 οὐ
830 2765 1172 2827 πάθους,ὀὺ
1223 2764 1533 2833 πνεύματος
1567 2762 1665 2831 τῆς
1708 2764 1944 2816 ἀντικει-

370 2859 538 2928 μένης
572 2858 851 2926 δυνάμεως
893 2857 992 2927 τῆς
1022 2855 1317 2925 ἐπιθυμίας
1359 2855 1756 2923 ἁναφλέγοντος
1804 2853 1944 2925 πρὸς

365 2951 435 3005 τὰ
460 2953 589 3020 ἡμῖν
622 2948 869 3019 οὐδαμῶς
906 2949 1225 3019 ἡρμοσμένα
1272 2948 1598 3017 πράγματα.
1642 2947 1704 2999 El
1735 2946 1791 2999 δὲ
1825 2947 1939 3008 καὶ,

367 3040 441 3101 ὡς
474 3039 707 3109 εἴρηται,
741 3038 910 3101 οὕτως
940 3034 1051 3109 εἶχε
1096 3039 1164 3091 τὰ
1202 3037 1323 3089 καθ’
1371 3038 1518 3106 ἡμᾶς
1565 3036 1812 3101 ἀπαθῶς,
1848 3038 1942 3090 καὶ

365 3132 607 3201 γαλήνην
653 3129 872 3201 εἴχομεν
901 3130 1008 3183 τῶν
1046 3128 1332 3201 ταράττειν
1365 3128 1631 3181 εἰωθότων
1670 3128 1760 3181 τὸν
1794 3128 1938 3195 νοῦν,

367 3224 460 3275 καὶ
494 3221 696 3292 πάσης,
726 3222 869 3274 κατὰ
897 3221 1023 3284 τοὺς
1057 3218 1225 3275 πάλαι
1256 3218 1463 3287 ἁγίους,
1496 3215 1639 3289 ἦμεν
1674 3218 1940 3287 ἀνώτεροι

367 3314 636 3383 κοσμικῆς
663 3312 984 3381 ἐπιθυμίας,
1032 3311 1134 3364 ποῦ
1167 3314 1433 3382 χρήσιμος
1463 3312 1593 3381 ήμῖν
1621 3312 1654 3379 ή
1690 3310 1797 3365 τῶν
1838 3328 1941 3379 μα-

366 3404 532 3456 ταίων
583 3404 825 3474 φροντὶς,
874 3402 967 3454 καὶ
998 3403 1383 3473 περισπασμὸς
1412 3402 1547 3455 οῦσα
1579 3404 1806 3467 εἰκαῖος.
1848 3404 1943 3456 καὶ

366 3495 434 3547 τὰ
466 3494 872 3564 σπουδαζόμενα
902 3496 1000 3547 οὐκ
1040 3494 1305 3559 ἁνύουσα;
1350 3493 1537 3563 (Οὐδὲν
1559 3495 1669 3565 γὰρ
1696 3494 1802 3547 τῶν
1838 3493 1938 3546 οὐκ

367 3585 453 3652 ἐφ’
475 3586 603 3655 ἡμῖν
624 3586 864 3656 ἡμετέρα
883 3587 1090 3653 γίνεται
1114 3585 1521 3657 ἐντρεχείᾳ,κᾶυ
1547 3584 1942 3655 ὑπερταθῶμεν

365 3676 502 3746 πρὸς
532 3676 628 3748 τὴν
656 3678 843 3747 κτῆσιν
871 3678 1034 3731 αὐτοῦ
1065 3681 1129 3749 τῇ
1186 3677 1508 3748 προθυμίᾳ.)
1554 3679 1815 3750 Προνοίας
1843 3678 1943 3745 τῆς

364 3769 430 3822 τὰ
462 3768 584 3831 me?
618 3770 763 3840 ἡμᾶς
790 3771 1178 3841 οίκονομοὺσης
1204 3769 1331 3823 ὄντα
1362 3770 1681 3839 δωρήματα,
1712 3770 1806 3822 καὶ
1829 3770 1928 3821 οὐκ

362 3860 708 3930 ἀνθρωπίνης
744 3861 880 3930 ἔργα
912 3861 1169 3931 σπουδῆς.

2055 1854 2238 1909 cilatio
2267 1858 2431 1925 quasi
2478 1856 2700 1915 habitus
2752 1860 2804 1913 in
2850 1861 3003 1914 nobis
3033 1862 3239 1926 evasit;
3272 1878 3365 1916 cor
3408 1863 3634 1932 profun-

2055 1946 2182 1999 dum
2219 1946 2414 2003 fruitur
2451 1964 2608 2017 pace;
2643 1962 2830 2019 pacata
2862 1963 2986 2006 Sttlll.
3013 1969 3132 2020 qua:
3160 1968 3261 2009 nos
3295 1956 3359 2007 ad
3387 1970 3630 2025 pugnam

2053 2037 2301 2103 ciebant;
2334 2048 2607 2092 certamen
2655 2041 2809 2094 lucta:
2853 2051 3039 2096 contra
3073 2043 3406 2114 principatus
3434 2054 3488 2099 et
3531 2061 3631 2115 po-

2058 2137 2282 2182 testates
2317 2128 2647 2184 dissolutum
2702 2140 2818 2198 est;
2864 2132 3112 2188 inducias
3159 2135 3463 2204 composuit
3505 2152 3631 2191 cum

2054 2217 2247 2285 spiritu
2304 2233 2426 2286 quae
2475 2228 2661 2274 contra
2718 2227 2899 2290 ipsum
2953 2222 3322 2278 inhumaniter
3370 2227 3630 2293 disposita

2050 2316 2167 2361 erat
2202 2322 2331 2361 caro
2361 2328 2373 2362 :
2408 2323 2515 2362 non
2547 2312 2781 2380 amplius
2809 2314 3075 2368 adversus
3104 2315 3356 2382 spiritum
3386 2331 3449 2370 ea
3482 2317 3626 2369 mili-

2051 2404 2147 2461 tat,
2184 2397 2280 2451 fuit
2317 2400 2540 2454 omnino
2565 2400 2795 2466 devicta,
2824 2405 3172 2472 serviensque
3198 2405 3362 2461 veluti
3393 2405 3625 2475 captiva,

2047 2485 2246 2541 fatetur
2280 2504 2337 2544 se
2378 2490 2728 2545 succubuisse
2768 2510 2780 2545 :
2826 2492 3153 2548 Concidistis
3201 2495 3411 2563 gladios
3444 2495 3496 2548 in
3531 2511 3621 2550 vo-

2049 2594 2246 2643 meres,
2283 2589 2334 2635 et
2366 2582 2581 2636 lanceas
2609 2583 2661 2637 in
2693 2582 2860 2641 falces
2886 2584 2959 2649 ⁷⁸⁵,
3007 2595 3225 2656 propter
3269 2602 3457 2657 pacem
3492 2589 3628 2640 mul-

2049 2680 2158 2724 tam
2186 2672 2376 2727 bellica
2397 2689 2557 2743 opera
2574 2674 2776 2729 fecistis
2800 2675 3158 2731 instrumenta
3176 2676 3521 2746 agriculturae
3610 2695 3625 2732 ;

2055 2762 2472 2830 requiescimus,
2505 2763 2655 2831 juxta
2685 2764 2924 2818 divinam
2975 2766 3411 2833 promissionem,
3459 2782 3629 2821 unus-

2044 2856 2274 2925 quisque
2301 2855 2401 2909 sub
2436 2856 2536 2907 liru
2575 2869 2672 2908 sua
2697 2895 2710 2918 ,
2744 2864 2796 2909 et
2839 2855 2942 2910 sub
2988 2856 3093 2911 vite
3109 2856 3542 2928 sua",dclectati
3573 2858 3626 2911 in

2045 2960 2303 2998 manuum
2340 2954 2648 2998 nostrarum
2690 2946 2966 3013 operibus,
3014 2948 3150 3000 etin
3190 2948 3460 3009 cubilibus
3493 2962 3626 3017 gau-

2045 3036 2235 3089 dentes
2263 3035 2328 3099 ⁷⁸,
2362 3034 2577 3087 nemine
2625 3035 2895 3089 ullatenus
2935 3035 3306 3103 perturbante,
3344 3051 3451 3091 non
3501 3052 3626 3106 pas-

2047 3125 2224 3189 sione,
2259 3140 2366 3178 non
2399 3123 2592 3193 spiritu
2628 3125 2880 3194 potentiae
2928 3126 3217 3180 contraria:
3251 3126 3621 3181 inﬂammante

2042 3231 2236 3270 rursus
2265 3215 2330 3270 ad
2362 3230 2423 3269 ea
2467 3216 2702 3283 negotia,
2732 3230 2853 3285 quae
2891 3215 3049 3270 nobis
3096 3216 3246 3269 nullo
3296 3215 3458 3271 modo
3493 3229 3621 3271 sunt

2043 3321 2185 3380 apta.
2217 3309 2277 3366 Si
2307 3326 2454 3375 vero,
2476 3312 2552 3365 uti
2580 3312 2782 3366 dictum
2816 3320 2920 3377 est,
2953 3327 3039 3368 res
3072 3320 3272 3367 nostrae
3303 3311 3621 3381 impassibi—

2045 3403 2164 3457 liter
2181 3419 2239 3458 se
2256 3403 2542 3469 habebant,
2565 3404 3063 3474 tranquillitaleque
3082 3403 3396 3459 [tuebamur
3410 3419 3623 3469 eorum,

2046 3510 2167 3564 quae
2202 3496 2449 3550 solebant
2485 3496 2803 3564 perturbare
2831 3496 3187 3562 intellectum,
3216 3506 3268 3550 et
3297 3496 3622 3566 (secundum

2044 3587 2349 3642 institutum
2389 3595 2629 3641 veterum
2679 3585 3014 3657 sanctorum)
3054 3602 3274 3643 eramus
3326 3587 3475 3641 omni
3522 3587 3623 3639 bu-

2046 3690 2205 3728 mana
2234 3675 2680 3743 conicupiscentia
2714 3677 3047 3745 superiores,
3083 3677 3152 3731 ad
3181 3676 3313 3746 quid
3346 3676 3504 3731 nobis
3536 3674 3622 3728 fu-

2047 3767 2219 3819 tilium
2250 3781 2431 3820 rerum
2461 3781 2591 3821 cura
2623 3767 2728 3820 erit
2769 3767 2937 3832 utilis,
2973 3782 3095 3835 quae
3133 3783 3272 3821 vana
3311 3777 3396 3822 est
3423 3767 3629 3823 abstra~
3680 3808 3685 3813 .

2047 3861 2181 3922 ctio,
2223 3867 2281 3911 et
2316 3873 2438 3926 qua:
2467 3858 2711 3913 studiose
2751 3866 3102 3927 appetuntur,
3130 3874 3235 3913 non
3272 3859 3480 3927 perficit
3522 3858 3627 3921 (ni-

366 3953 440 4006 hil
473 3954 621 4007 enim
652 3966 839 4006 eorum
874 3966 991 4021 quae
1039 3967 1143 4005 non
1179 3962 1304 4006 sunt
1340 3952 1392 4005 in
1440 3960 1623 4006 nostra
1660 3958 1944 4018 potestate,
1988 3951 2203 4020 propria
2263 3949 2492 4002 ellicitur
2517 3949 2802 4012 industria,
2837 3958 2890 4004 ct
2922 3950 2968 4002 si
2999 3949 3064 4003 ad
3092 3949 3143 4002 id
3196 3947 3617 4017 comparandum

365 4059 528 4112 supra
553 4044 772 4097 modum
807 4041 974 4095 animi
997 4043 1392 4096 contendamus
1423 4042 1772 4112 alacritate)?
1801 4045 1936 4096 tium
1977 4057 2040 4097 ea
2065 4041 2174 4095 sint
2235 4038 2592 4093 Providentia:
2622 4040 2763 4092 dona
2798 4038 2864 4091 ad
2907 4054 3007 4093 nos
3073 4040 3374 4106 spectantia
3422 4041 3627 4108 guber-

366 4135 567 4199 nantis,
600 4145 652 4189 et
680 4151 787 4188 non
825 4133 1049 4187 humani
1078 4149 1242 4203 opera
1270 4135 1457 4190 studii.

935 4246 1184 4300 ΚΕΦΑΛ.
1220 4246 1361 4313 Νςτν.

434 4359 546 4411 Καὶ
572 4357 659 4411 διὰ
701 4357 858 4411 τοῦτο
888 4357 1023 4424 πρὸς
1060 4356 1187 4419 τοὺς
1226 4357 1434 4419 εἰδότας
1474 4357 1649 4420 καλῶς
1695 4358 1935 4423 ἀκούειν,

361 4452 390 4504 ὁ
412 4448 612 4521 Κύριός
634 4465 786 4519 φησι*
812 4466 830 4499 ι
860 4450 954 4511 Τίς
975 4447 1033 4511 ἐξ
1054 4448 1205 4518 ὑμῶν
1234 4449 1514 4518 μεριμνῶν
1530 4449 1749 4503 δύναται
1774 4465 1940 4520 προσ-

2633 4231 2861 4287 CAPUT
2898 4229 3027 4285 LVI.

2117 4352 2182 4406 Et
2215 4365 2333 4404 eam
2366 4347 2435 4401 ob
2470 4362 2582 4400 rem
2614 4345 2679 4398 ad
2724 4360 2835 4408 eos,
2871 4347 2964 4415 qui
3005 4347 3137 4400 bene
3175 4343 3481 4402 auscultare
3521 4365 3621 4403 no-

2047 4454 2176 4498 runt
2213 4441 2473 4496 Dominus
2505 4437 2635 4491 dicit
2669 4455 2681 4490 :
2716 4455 2733 4487 ι
2760 4436 2894 4502 Quis
2918 4454 2981 4492 ex
3008 4438 3163 4492 vobis
3189 4438 3347 4509 303
3378 4439 3620 4509 cogitans

362 4540 533 4595 θεῖναι
568 4539 659 4592 ἐπὶ
688 4540 784 4609 τὴν
818 4538 1033 4609 ἡλικίαν
1069 4537 1233 4591 αὐτοῦ
1265 4540 1443 4609 πῆχυν
1487 4539 1602 4604 ἕνα,
1632 4557 1650 4591 ι
1700 4540 1778 4610 τῷ
1807 4544 1939 4611 ἀνη-

2053 4541 2213 4603 potest
2232 4532 2463 4601 adjicere
2487 4528 2552 4582 ad
2574 4535 2837 4582 staturam
2861 4544 3015 4583 suam
3041 4530 3276 4599 palmum
3301 4545 3465 4585 unum
3481 4531 3567 4583 7'?
3598 4552 3615 4582 ι

364 4632 505 4701 νύτῳ
540 4636 636 4702 τῆς
668 4631 937 4702 μερίμνης
962 4631 1167 4700 ταύτης
1197 4633 1375 4685 πᾶσαν
1408 4632 1678 4703 μέριμναν
1705 4632 1936 4697 δεικνὺς,

363 4725 481 4793 ἥτις
508 4725 581 4795 μὴ
605 4727 669 4795 τῇ
703 4723 945 4794 ἡμετέρᾳ
972 4724 1143 4794 πέρας
1169 4723 1434 4793 λαμϐάνει
1456 4724 1680 4795 σπουδῇ,
1709 4724 1941 4793 ματαίαν

364 4816 461 4868 καὶ
490 4815 659 4879 ὅντως
705 4819 986 4885 ἀνήνυτον,
1036 4814 1472 4886 μετεωρίζουσαν
1506 4814 1689 4877 ἁπλῶς
1729 4814 1820 4867 τὸν
1852 4815 1941 4866 λο-

365 4905 581 4973 γισμὸν,
615 4906 710 4958 καὶ
744 4906 841 4975 τῆς
867 4905 1100 4975 ἀληθοῦς
1132 4904 1606 4958 ἀποδουκολοῦσαν
1640 4904 1941 4974 φροντίδος,

363 4990 514 5042 οὐδὲν
560 4992 614 5045 δὲ
660 4993 768 5045 τῶν
817 4993 1344 5063 ὀνειροπολουμένων
1398 4994 1747 5064 περιποιῆσαι
1782 4994 1941 5046 δυνα-

369 5081 534 5151 μένην
566 5084 1127 5155 τινὶ,ὀνειρώττουσαν
1159 5088 1216 5137 ἐν
1246 5085 1358 5147 τοῖς
1392 5083 1758 5153 φαιδροῖς,κα“ι
1794 5084 1942 5154 ῦπαρ

365 5172 526 5243 κενὴν
570 5173 678 5226 τῶν
734 5174 1044 5241 φαντασιῶν
1089 5174 1185 5243 τὴν
1240 5174 1430 5228 ἐλπίδα
1478 5174 1806 5245 ὲλέγχουσαν
1856 5176 1945 5228 ἀεὶ

363 5271 493 5331 τοῖς
515 5268 761 5337 ματαίοις
791 5269 1071 5340 ὲνθυμίοις
1101 5270 1545 5340 ὲνευκαιροῦσαν,
1586 5269 1681 5323 καὶ
1706 5269 1851 5340 ἔργῳ
1877 5270 1945 5325 τὰ

367 5356 595 5427 ἑνθύμια
627 5358 931 5428 βλέπουσαν
963 5360 1401 5428 οὐδέποτε,κατὰ
1448 5359 1545 5432 τήν
1588 5359 1682 5413 τοῦ
1715 5360 1938 5414 Ἡσαΐου

367 5450 677 5521 παραδολήν
706 5455 762 5506 ὲν
858 5470 1054 5523 φησιν·
1097 5473 1116 5504 ι
1148 5455 1244 5507 Ὃν
1278 5454 1476 5525 τρόπον
1504 5452 1886 5516 ἐνυπνιάζεται
1914 5455 1942 5505 ὁ

365 5539 551 5608 διψῶν,
581 5541 656 5603 ὡς
681 5542 871 5607 πίνων,
901 5547 992 5597 καὶ
1023 5545 1320 5607 ἐξαναστὰς
1352 5544 1430 5598 ἔτι
1456 5543 1583 5613 διψᾷ
1609 5560 1623 5576 ·
1655 5545 1686 5613 ή
1715 5543 1771 5595 δὲ
1797 5544 1941 5612 ψυχὴ

436 5696 732 5765 "Philipp.
772 5714 844 5761 tv,
878 5699 929 5751 4.
1009 5703 1052 5731 7‘
1105 5700 1203 5753 lsu.
1236 5717 1293 5763 ιι,
1344 5702 1388 5753 ί,

1466 5703 1510 5731 ⁷⁵
1540 5699 1605 5754 ιιι
1641 5698 1767 5771 Reg.
1807 5716 1875 5764 tv,
1910 5701 1999 5753 255.
2078 5701 2122 5731 7"
2152 5699 2495 5762 ἰ’›31.ειι.ικ,
2541 5698 2589 5751 ὃ.

2055 4624 2353 4679 ostendens
2379 4660 2392 4685 ,
2444 4617 2591 4689 quod
2641 4618 2802 4674 sicuti
2859 4620 3116 4691 cogitatio
3152 4620 3266 4674 haec
3305 4621 3482 4673 inanis
3519 4631 3618 4686 est,

2054 4732 2176 4787 quae
2206 4715 2411 4769 nullum
2441 4712 2603 4766 habet
2652 4720 2842 4765 nostro
2873 4712 3054 4766 studio
3096 4712 3280 4776 linem,
3318 4712 3397 4767 sic
3444 4711 3624 4767 omnis

2052 4824 2183 4864 cura
2217 4823 2352 4861 vana
2385 4815 2488 4869 est,
2521 4821 2584 4859 ac
2621 4821 2748 4859 vere
2773 4805 3038 4868 inellicax,
3066 4820 3187 4877 quae
3212 4821 3428 4860 sursum
3452 4807 3623 4859 extol-

2053 4901 2110 4954 lit
2144 4897 2640 4958 ratiocinationem,
2678 4896 3006 4964 abducitque
3024 4910 3054 4950 a
3078 4910 3201 4949 vera
3224 4894 3618 4961 sollicitudine;

2052 4992 2145 5044 sed
2189 5005 2290 5043 nec
2321 4997 2501 5059 potest
2547 4986 2709 5040 alicui
2752 4984 3049 5056 quidquam
3099 5001 3286 5039 eorum
3319 4987 3619 5056 acquirere,

2049 5099 2169 5153 qua:
2197 5083 2481 5138 somniarit
2515 5082 2628 5150 ipse
2659 5100 2670 5134 :
2697 5081 2900 5150 quippe
2929 5095 3049 5149 qua:
3089 5096 3282 5136 somno
3311 5080 3528 5151 quidem
3564 5080 3616 5134 in

2048 5176 2451 5230 delcctabilibus
2482 5184 2748 5239 versatur,
2775 5185 2829 5226 at
2858 5188 2991 5227 vera
3025 5173 3231 5226 visione
3260 5188 3453 5228 vanam
3478 5187 3622 5227 com-

2056 5271 2197 5340 perit
2237 5286 2387 5338 spem
2432 5267 2901 5339 imaginationum,
2939 5264 3198 5319 continuo
3248 5263 3493 5319 futilibus
3526 5280 3619 5316 va-

2049 5374 2135 5416 cat
2157 5361 2602 5430 cogitationibus,
2649 5361 2859 5427 istaque
2884 5356 3117 5425 cogitata
3148 5371 3426 5426 nunquam
3458 5368 3619 5423 Opere

2049 5453 2189 5506 videt
2218 5453 2459 5507 absoluta
2490 5452 2658 5521 (juxta
2687 5451 2832 5505 Isaia:
2864 5448 3199 5519 parabolam)
3228 5449 3283 5503 in
3305 5464 3412 5517 qua
3440 5445 3573 5499 dicit
3601 5461 3614 5496 ε

2057 5564 2073 5596 ι
2098 5544 2161 5598 Ει
2193 5547 2332 5599 sicut
2366 5543 2600 5597 somniat
2631 5542 2842 5607 sitiens,
2872 5540 3027 5610 quasi
3058 5540 3225 5604 bibat,
3249 5548 3301 5595 et
3332 5548 3618 5608 postquam

2668 5699 2710 5727 ⁷⁷
2744 5697 2929 5753 Matth.
2963 5714 3033 5758 γι,
3063 5696 3166 5761 :17;
3201 5695 3328 5753 Luc.
3373 5711 3467 5760 xu,
3526 5693 3613 5749 25.
