4046 6152
468 289 605 354 1343

1960 287 2019 347 S.
2056 288 2217 349 NlLI

3593 279 3724 344 10H

472 401 633 458 fuerit
684 397 1121 471 expergefactus,
1174 396 1353 451 lassus
1380 394 1560 448 adhuc
1592 394 1722 459 sitit,
1777 404 1829 447 et
1862 396 2044 448 anima

2150 395 2314 449 αὐτοῦ
2348 396 2429 459 είς
2459 394 2614 448 κενὸν
2655 393 2873 465 ήλπισε.
2924 412 2942 444 ι
3005 390 3260 447 Τοιοῦτον
3288 390 3396 462 γὰρ
3423 391 3457 461 ή
3485 392 3594 444 τῶν
3622 410 3733 463 μα-

467 495 585 565 cjus
625 506 795 546 vacua
836 498 953 555 est;
990 488 1224 559 speravit
1262 488 1315 540 in
1356 500 1553 540 vanum
1591 486 1658 540 ’⁸.
1692 503 1710 536 ι
1769 483 1858 540 Sic
1897 486 2041 540 enim

470 598 735 641 vanorum
783 595 908 651 spes
944 581 1191 648 voluptas
1238 579 1486 648 quzedam
1518 588 1601 633 est
1633 577 1881 631 nocturni
1914 592 2046 631 cou-

471 676 621 740 vivii,
646 670 1172 741 deceptionesomnii
1192 671 1490 732 oblectans,
1520 678 1575 723 et
1601 682 1877 738 nunquam
1910 682 2038 735 prae-

472 767 604 821 bens
637 762 1016 819 delectationis
1054 762 1377 816 existimatis
1425 760 1590 815 ullam
1627 760 2041 829 experientiam.

469 857 578 912 Cur
616 856 780 927 igitur
818 869 940 924 quae
965 862 1148 909 nostra
1173 868 1278 907 non
1311 863 1438 908 stmt
1469 853 1685 907 assidue
1721 852 2043 922 cogitamus,

469 948 693 1018 perinde
743 959 806 1001 ac
856 954 1063 1010 nostra,
1098 953 1152 999 et
1198 944 1371 999 aliena
1427 944 1504 999 uti
1539 943 1756 1013 propria
1806 942 2048 996 studiose

474 1039 880 1110 prosequimur,
918 1045 1134 1106 tempus
1170 1034 1523 1105 inspectionis
1556 1047 1740 1088 rerum
1797 1047 2048 1087 necessa-

474 1133 684 1185 riarum
714 1130 866 1185 vanis
886 1130 1224 1184 insumentes
1263 1128 1315 1182 in
1336 1126 1759 1197 cogitationibus
1782 1126 1805 1179 ?
1826 1124 2049 1195 Oportet

470 1235 623 1291 ergo,
671 1220 717 1274 si
748 1227 1034 1275 cessarunt
1065 1219 1164 1291 (uti
1195 1218 1504 1288 censemus)
1535 1218 1836 1288 passiones,
1877 1217 2048 1271 clam-

471 1327 575 1381 que
604 1319 952 1366 recesserunt
976 1311 1206 1381 spiritus
1236 1311 1478 1376 malitiae,
1505 1311 1597 1381 qui
1628 1310 2047 1376 insidiabantur,

472 1403 672 1469 gratias
702 1402 755 1456 in
797 1402 1140 1457 orationibus
1167 1417 1325 1473 agere
1374 1404 1593 1458 assidua
1635 1402 1895 1456 memoria
1940 1401 2048 1457 Do-

473 1498 624 1551 mino
667 1495 906 1562 Christo,
944 1497 1038 1566 qui
1087 1511 1188 1552 nos
1230 1498 1295 1550 ad
1341 1498 1486 1551 hunc
1524 1506 1722 1551 statum
1764 1496 2047 1566 perduxit;

477 1587 561 1640 vix
590 1588 732 1641 enim
765 1587 920 1642 nobis
949 1597 1119 1641 totum
1149 1597 1363 1655 tempus
1392 1585 1642 1652 sufﬁciet,
1675 1602 1798 1642 cum
1842 1587 1907 1641 ad
1948 1587 2053 1642 hoc

475 1681 543 1733 sit
571 1690 860 1751 angustum
882 1689 936 1734 et
965 1680 1149 1744 breve,
1174 1681 1240 1734 ad
1268 1680 1681 1734 retributionem
1734 1679 1942 1735 scilicet
1988 1680 2053 1734 il-

2146 488 2312 542 ταίων
2342 486 2516 551 ἐλπὶς,
2546 485 2707 555 ήδονή
2731 483 2815 547 τίς
2863 486 2980 535 ἐστι
3024 481 3347 550 νυκτερινῆς
3380 480 3614 549 εὐωχίας
3656 485 3723 553 τῇ

2147 580 2331 651 ἀπάτῃ
2354 577 2449 631 τοῦ
2471 577 2683 648 ὀνείρου
2701 575 3092 646 εὐφραίνουσα,
3120 574 3217 627 καὶ⁸
3240 575 3439 644 πεῖραν
3460 572 3521 624 οὐ
3548 572 3727 625 ποιοῦο

2148 672 2217 723 σά
2245 686 2374 723 ποτε
2403 670 2503 740 τῆς
2525 667 2887 739 νομιζομένης
2912 665 3278 735 εὐφροσύνης.
3310 664 3376 717 Τί
3407 658 3502 717 οὖν
3528 664 3595 717 τὰ
3628 664 3725 733 οὐχ

2147 764 2393 834 ἡμέτερα
2426 760 2780 832 μεριμνῶμεν
2808 757 2897 812 διὰ
2930 756 3128 820 παντὸς
3153 757 3231 820 ὼς
3253 755 3518 827 ἡμέτερα,
3548 755 3642 809 καὶ
3659 755 3728 809 τά

2149 855 2401 926 ἀλλότρια
2427 853 2504 917 ὡς
2530 854 2702 907 οίκεϊα
2728 851 3100 921 σπουδάζομεν
3132 849 3224 902 τὸν
3254 848 3447 921 καιρὸν
3474 850 3572 918 τῆς
3604 849 3729 903 σκέο
3763 877 3768 881 -

2148 948 2292 1017 ψεως
2313 948 2423 1002 τῶν
2454 944 2769 1014 ἀναγκαίων
2795 943 3284 1014 προσδαπανῶντες
3308 946 3422 1005 τοῖς
3440 944 3621 1005 κενοῖς
3640 944 3726 996 ἐν·

2150 1039 2398 1108 θυμίοιςς
2452 1038 2625 1108 Εἴπερ
2656 1035 2957 1106 ἐλώφησεν,
3004 1033 3082 1097 ὡς
3110 1031 3411 1105 ἡγούμεθα,
3454 1031 3524 1085 τὰ
3557 1031 3723 1102 πάθη,

2150 1133 2245 1185 καὶ
2273 1130 2342 1184 τὰ
2385 1129 2486 1198 τῆς
2533 1127 2798 1200 πονηρίας
2845 1124 3209 1197 ὑπεχώρησαν
3260 1122 3518 1177 ἐπίϐουλα
3561 1123 3722 1176 πνεύο

2154 1237 2298 1290 ματα
2328 1220 2671 1290 εὐχαριστεῖν
2699 1218 2758 1269 ἐν
2786 1216 3117 1287 προσευχαῖς
3153 1214 3342 1286 μνήμῃ
3371 1212 3608 1282 διηνεκεῖ
3649 1212 3723 1283 τῷ

2151 1312 2289 1383 πρὸς
2320 1311 2417 1377 τὴν
2452 1309 2710 1380 τοιαύτην
2744 1307 3076 1361 κατάστασιν
3117 1305 3266 1375 ἡμᾶς
3317 1304 3580 1373 ἀγαγόντι
3626 1306 3723 1356 Δε-

2154 1404 2328 1476 σπότῃ
2346 1401 2585 1473 Χριστῷ·
2612 1398 2764 1471 μόλις
2789 1398 2897 1469 γάρ
2926 1397 2992 1450 ἂν
3027 1397 3172 1459 ἀπας
3197 1396 3328 1466 ἡμῖν
3361 1395 3389 1447 ό
3414 1395 3603 1465 χρόνος
3629 1394 3721 1463 ἀρι-

2153 1494 2302 1548 κέσει
2336 1494 2472 1565 πρὸς
2500 1492 2660 1546 τοῦτο
2691 1489 2876 1552 στενὸς
2902 1487 2998 1551 ὣν,
3029 1487 3124 1540 καὶ
3152 1485 3357 1556 βραχὺς
3383 1486 3463 1548 είς
3492 1482 3721 1554 ἀμοιϐὴν

2151 1580 2226 1639 ὧν
2276 1583 2686 1653 ἀπελαύσαμεν,
2737 1581 2832 1634 καὶ
2877 1574 2953 1634 ὧν
3002 1578 3352 1646 ἀπολαύομεν
3397 1575 3722 1645 εὐεργεσιῶν

2153 1677 2445 1747 ὁσημέραι,
2479 1673 2573 1727 τοῦ
2599 1673 2707 1727 τῶν
2741 1666 3033 1724 θλιϐόντων
3062 1669 3187 1732 τοὺς
3214 1667 3442 1730 πολλοὺς
3475 1664 3725 1735 ὑψηλοτέ-

476 1775 676 1837 lorum,
708 1789 828 1842 quae
861 1773 1176 1842 recipimus,
1206 1772 1597 1828 beneﬁciorum
1620 1775 1899 1843 quotidie;
1923 1792 2045 1830 cum

2154 1786 2281 1840 ρους
2308 1769 2459 1838 ἡμᾶς
2485 1766 2947 1835 καταστήσαντος.
2980 1763 3043 1815 Ei
3064 1758 3171 1832 γὰρ
3197 1758 3455 1825 ἑκάτερον
3478 1755 3571 1809 τοῦ
3599 1772 3726 1827 χροο

476 1878 575 1917 nos
598 1863 666 1917 iis
701 1864 862 1917 rebus
900 1864 1231 1917 excelsiores
1274 1863 1533 1929 eﬂecerit,
1586 1879 1708 1933 qua:
1753 1866 2048 1933 permultos

475 1952 762 2008 aMiclant.
803 1953 937 2007 Nam
974 1955 1019 2007 si
1058 1970 1155 2023 per
1196 1964 1488 2024 utrumque
1539 1954 1696 2023 spatii
1734 1957 2050 2025 temporarii

473 2046 787 2109 terminum,
823 2046 963 2099 diem
1008 2046 1227 2114 inquam
1273 2054 1328 2100 et
1378 2056 1592 2100 noctem
1640 2045 1809 2100 David
1851 2062 2047 2116 percu-

476 2139 552 2204 pit
576 2137 642 2200 ⁷⁹,
685 2146 742 2189 ιιι
767 2136 901 2206 legis
941 2137 1160 2191 assidue
1191 2136 1353 2209 30a.
1382 2137 1713 2194 meditationi
1761 2137 2044 2193 incumba-

476 2243 620 2287 mus.
653 2237 707 2281 et
747 2228 1041 2297 legislator,
1063 2237 1121 2282 ut
1151 2228 1204 2282 id
1235 2229 1409 2297 ipsum
1442 2228 1739 2284 faciamus:
1776 2248 1794 2279 ι
1823 2228 2046 2283 Medita-

476 2318 693 2373 beris'in
714 2334 775 2373 ea
803 2319 1000 2390 (aiens)
1024 2321 1169 2374 domi
1198 2320 1413 2384 sedens,
1454 2332 1507 2376 et
1536 2322 1590 2376 in
1615 2322 1699 2376 via
1728 2322 2045 2391 procedens,

476 2411 530 2463 in
582 2411 721 2465 lecto
758 2411 1108 2478 accumbens,
1146 2421 1199 2465 et
1222 2426 1521 2480 exsurgens
1554 2411 1631 2477 ⁸⁸,
1670 2431 1689 2464 ι
1736 2413 1946 2466 nullum
1980 2413 2047 2467 ad

474 2498 652 2556 otium
700 2502 855 2558 nobis
891 2502 1332 2573 derelinquentes
1373 2511 1624 2573 tempus;
1666 2512 1721 2558 et
1745 2504 1889 2559 alius
1915 2545 1931 2571 ,
1988 2511 2047 2558 ut

472 2591 858 2650 benedicamus
888 2595 942 2648 in
962 2595 1110 2650 omni
1137 2604 1381 2665 tempore
1411 2595 1698 2650 Dominum
1718 2598 1940 2651 mandat
1961 2596 2004 2628 ’"
2031 2614 2047 2664 ;

470 2695 525 2739 et
556 2686 759 2743 Paulus
795 2689 950 2759 jubet
982 2690 1028 2723 ⁸³
1057 2690 1176 2745 sine
1206 2690 1619 2746 intermissione
1651 2706 1810 2746 orare
1838 2709 1850 2745 :
1874 2705 2049 2761 quan-

472 2791 585 2832 tum
621 2788 836 2850 tempus
854 2782 1119 2838 remansit
1142 2780 1210 2837 ad
1245 2783 1548 2838 vacandum
1600 2782 1924 2853 dispectioni
1955 2796 2048 2837 eo-

471 2883 616 2929 rum.
656 2885 777 2939 quaa
807 2872 983 2927 nostri
1033 2887 1141 2928 non
1194 2883 1324 2928 sunt
1366 2871 1613 2929 muneris
1637 2913 1652 2939 ,
1688 2887 1813 2928 cum
1844 2889 2045 2927 unum-

2152 1863 2304 1918 νικοῦ
2331 1861 2702 1930 διαστήματος
2734 1858 2881 1929 ὅρον,
2914 1856 3131 1927 ἡμέραν
3175 1852 3319 1920 λέγω
3352 1851 3449 1905 καὶ⁸
3478 1848 3665 1912 νύκτα,
3697 1849 3726 1902 ό

2155 1953 2253 2026 μὲν
2301 1951 2465 2005 Δαϐὶδ
2514 1948 2898 2020 προσεδρεύειν
2934 1946 3081 2018 ἡμᾶς
3130 1944 3381 2014 βούλεται
3422 1944 3492 2012 τῇ
3528 1939 3723 2010 μελέτῃ

2148 2044 2243 2101 τοῦ
2264 2046 2450 2116 νόμον,
2473 2041 2565 2096 καὶ
2587 2043 2616 2094 ό
2637 2039 2930 2109 νομοθέτης
2951 2037 3082 2091 αὐτὸ
3101 2035 3259 2089 τοῦτο
3281 2033 3453 2087 ποιεῖν
3472 2073 3487 2099 ,
3518 2050 3537 2082 ι
3556 2029 3726 2085 Μελε·

2151 2140 2339 2211 τήσεις
2390 2139 2449 2190 ἐν
2497 2133 2681 2203 αὐτῷ,
2730 2132 2925 2199 λέγων,
2975 2127 3283 2199 καθήμενος
3330 2126 3389 2178 ἐν
3434 2123 3589 2192 οἴκῳ,
3636 2121 3725 2173 καὶ

2153 2229 2518 2301 πορευόμενος
2568 2226 2626 2277 ἐν
2676 2221 2802 2293 ὁδῷ,
2853 2219 3258 2288 κοιταζόμενος,
3318 2216 3414 2268 καὶ
3456 2213 3726 2266 διανιστά-

2156 2340 2336 2396 μενος,
2373 2340 2392 2373 ι
2438 2317 2629 2373 οὐδένα
2661 2314 2797 2384 πρὸς
2827 2310 3023 2383 ἀργίαν
3046 2307 3548 2378 καταλιμπάνοντες
3596 2305 3726 2374 ἡμῖν

2155 2414 2365 2485 καιρόν.
2385 2411 2495 2465 Καὶ
2528 2409 2688 2470 ἄλλος
2713 2406 2956 2473 εὐλογεῖν
2980 2404 3038 2455 ἐν
3066 2400 3229 2455 παντὶ
3250 2397 3429 2470 καιρῷ
3458 2396 3725 2485 προστάτ-

2155 2523 2236 2561 τει
2260 2484 2361 2558 τὸν
2410 2502 2637 2573 Κύριον,
2690 2496 2785 2551 καὶ
2844 2492 3056 2555 Παῦλος
3104 2488 3317 2544 κελεύει
3370 2484 3725 2545 ἀδιαλείπτως

2154 2593 2568 2668 προσεύχεσθαι·
2594 2592 2745 2652 ποῖος
2768 2586 2955 2658 καιρὸς
2982 2583 3365 2638 ὑπολέλειπται
3389 2577 3526 2649 πρὸς
3546 2576 3726 2630 ἄδειαν

2155 2688 2399 2758 σκέψεως
2418 2685 2527 2738 τῶν
2555 2684 2613 2737 οὐ
2646 2679 2998 2751 καθηκόντων
3030 2677 3182 2747 ἡμῖν,
3216 2673 3443 2728 ἐκάστου
3473 2669 3581 2723 τῶν
3603 2669 3726 2720 ἐπι-

2149 2780 2501 2847 τεταγμένων
2534 2774 2651 2828 ὅλον
2679 2770 3039 2832 ἀπαιτοῦντος
3062 2767 3155 2821 τὸν
3187 2765 3390 2837 χρόνον,
3419 2761 3512 2814 καὶ
3538 2774 3734 2830 παρα-·

2152 2869 2455 2943 χωροῦντος
2481 2868 2593 2931 τοῖς
2621 2864 2803 2928 ἀλλοις
2840 2862 3025 2926 οὐδένς

473 2937 729 3030 ηυοάαύθ
772 2960 989 3030 horum,
1033 2978 1154 3034 quae
1186 2961 1441 3019 mandata
1513 2937 1644 3019 sunt
1707 2963 1888 3031 nobis,
1929 2937 2251 3019 universum.
2308 2958 2550 3030 requirat
2602 2963 2850 3023 tempus,
2899 2948 3219 3017 nullumque
3291 2941 3554 3000 concedat
3605 2937 3730 2994 aliis

473 3052 707 3122 negotiis
727 3053 753 3108 ?

1016 3175 1248 3232 CAPUT
1302 3174 1459 3229 ιγιι.

540 3284 833 3353 Quomodo
878 3286 1025 3344 enim
1079 3288 1201 3344 sine
1242 3287 1649 3344 intermissione
1694 3287 1913 3355 orabit,
1955 3288 2048 3356 qui

469 3394 578 3434 non
608 3379 906 3434 meditatur
954 3378 1009 3432 in
1040 3377 1158 3448 lege
1189 3377 1407 3433 Domini
1455 3379 1545 3433 die
1587 3393 1653 3433 ac
1680 3378 1874 3433 nocte?
1902 3377 2050 3444 Quo-

471 3471 636 3525 modo
684 3485 812 3525 vero
846 3468 1085 3539 perfecte
1115 3468 1407 3524 Dominum
1465 3469 1751 3525 henedicet
1800 3468 1910 3536 ille,
1953 3469 2047 3540 qui

473 3554 786 3630 aggreditur
811 3574 980 3614 unum
1022 3559 1228 3629 aliquid
1259 3575 1475 3625 eorum,
1529 3576 1651 3630 quae
1696 3560 1842 3617 dicta
1895 3571 2046 3629 sunt,

472 3667 596 3706 cum
622 3651 712 3705 vix
742 3660 958 3721 tempus
990 3649 1223 3707 sumeiat
1250 3652 1489 3707 navandi
1533 3668 1752 3722 operam
1780 3664 2048 3709 accuratae

416 3780 423 3791 ρ
468 3742 762 3812 diligentiae
794 3741 1030 3811 cujusvis
1066 3755 1253 3797 eorum
1286 3784 1300 3805 ,
1333 3758 1454 3812 qua:
1502 3746 1742 3799 virtuose
1779 3760 2050 3817 peragun-

471 3832 603 3887 tur?
631 3832 839 3888 ldcirco
875 3832 1183 3901 Scriptura,
1220 3833 1456 3903 plurium
1506 3835 1785 3891 hominum
1817 3851 2048 3894 noscens

471 3922 890 3992 negligentiam,
938 3923 1239 3992 majoribus
1299 3925 1463 3979 etiam
1514 3936 1702 3982 nostra
1749 3937 2046 3997 potestate,

469 4028 571 4068 nos
596 4015 828 4069 arctavit
867 4014 1179 4084 praeceptis,
1210 4024 1270 4070 ut
1297 4018 1538 4073 studium
1580 4020 1835 4076 extendat
1875 4021 1942 4075 ad
1972 4020 2047 4087 id,

471 4103 617 4172 quod
678 4113 761 4158 est
803 4104 1085 4175 possibile,
1133 4118 1187 4162 et
1230 4109 1560 4165 inﬁrmitatis
1598 4120 1891 4181 praeteritus
1922 4127 2050 4167 suc—

468 4191 644 4258 cidat;
686 4208 808 4246 cum
853 4193 946 4264 qui
993 4194 1196 4250 bonum
1247 4205 1527 4267 operatur,
1597 4201 1932 4255 moderatum
1997 4209 2053 4255 et

468 4297 687 4352 aequum
740 4296 860 4339 sese
908 4285 1088 4354 potius
1134 4287 1391 4356 prabeat,
1441 4289 1588 4358 quod
1632 4305 1696 4344 ea
1748 4290 1927 4347 facere
1954 4306 2049 4346 ne-

468 4373 609 4443 quit,
662 4381 722 4427 ut
769 4373 873 4428 sibi
931 4374 1031 4428 fuit
1073 4376 1321 4445 jussum,
1363 4392 1529 4447 quam
1586 4378 1851 4447 inﬂatum,
1903 4382 2048 4451 quod

2748 3157 3002 3213 ΚΕΦΑΔ.
3034 3154 3165 3209 ΜΖ’.

2220 3279 2345 3343 Πῶς
2375 3277 2486 3350 γὰρ
2514 3273 2873 3335 ἀδιαλείπτως
2936 3266 3297 3340 προσεύξεται
3324 3265 3353 3317 ὁ
3384 3264 3460 3334 μὴ
3492 3260 3726 3333 μελετῶν

2150 3375 2207 3428 ἐν
2240 3371 2389 3441 νόμῳ
2417 3368 2621 3440 Κυρίου
2652 3365 2867 3437 ἡμέρας
2919 3363 3017 3416 καὶ
3041 3359 3271 3430 νυκτόςς
3319 3357 3444 3419 Πῶς
3467 3355 3521 3408 δέ
3553 3354 3724 3408 διόλου

2149 3465 2435 3536 εὐλογήσει
2467 3461 2558 3515 τδν
2586 3458 2811 3529 Κύριον,
2839 3458 2867 3510 ὁ
2893 3455 2953 3508 ἐν
2979 3471 3031 3506 τι
3058 3452 3166 3505 τῶν
3201 3449 3506 3522 εἰρημένων
3536 3445 3723 3536 ποιῶν,

2153 3559 2301 3631 μόλις
2328 3535 2421 3610 τοῦ
2453 3550 2647 3624 καιροῦ
2672 3548 2966 3620 φθάνοντος
2996 3544 3342 3615 ὑπουργῆσαι
3373 3543 3441 3610 τῇ
3472 3535 3726 3631 ἀκριϐείᾳ

2149 3627 2456 3704 οὑτινοσοῦν
2509 3644 2617 3697 τῶν
2670 3641 2787 3695 κατ’
2839 3636 3040 3711 ἀρετὴν
3089 3634 3424 3707 γινομένων;
3479 3630 3577 3683 Διά
3620 3627 3726 3696 γάρ

2150 3739 2309 3793 τοῦτο
2334 3740 2367 3808 ἡ
2399 3736 2588 3807 Γραφὴ
2621 3737 2681 3788 τὸ
2709 3732 2948 3805 ῥᾴθυμον
2976 3729 3085 3783 τῶν
3119 3725 3329 3781 πολλῶν
3361 3718 3723 3790 ἐπισταμένη,

2150 3829 2245 3885 καὶ
2286 3829 2495 3901 μείζοσι
2547 3827 2647 3896 τῆς
2673 3822 2948 3894 ἡμετέρας
2975 3818 3257 3887 δυνάμεως
3280 3814 3428 3885 ἡμᾶς
3462 3810 3723 3901 ἐστένωσε

2152 3898 2589 3993 προστάγμασιν,
2624 3916 2710 3969 ἵνα
2739 3914 2831 3979 καὶ
2856 3911 2954 3984 τὴν
2986 3908 3219 3977 σπουδήν
3244 3904 3381 3976 πρὸς
3421 3902 3482 3956 τὸ
3504 3898 3723 3993 δυνατύν

2149 3990 2395 4084 ἐπιτείνῃ
2433 4010 2529 4064 καὶ
2555 4008 2653 4072 τὰς
2688 4005 2787 4077 τῆς
2816 4002 3096 4065 ἀσθενείας
3137 3996 3479 4066 ὑποτέμηται
3506 3990 3716 4084 προφά-

2153 4123 2286 4169 σεις,
2322 4083 2518 4174 μᾶλλον
2556 4095 2936 4170 μετριάζοντος
2968 4092 3062 4146 τοῦ
3091 4085 3458 4161 ἐργαζομένου
3495 4084 3557 4136 τὸ
3591 4083 3723 4149 ἀγα-

2151 4199 2241 4254 θὸν
2270 4199 2354 4266 ἐφ’
2383 4190 2465 4259 οἷς
2507 4193 2582 4258 ὡς
2624 4188 2919 4258 ἐκελεύσθη
2956 4188 3018 4240 οὐ
3059 4184 3252 4255 φθάνει
3277 4179 3437 4234 τοῦτο
3465 4178 3657 4240 ποιεῖν,
3688 4175 3718 4243 ἢ

2155 4290 2477 4360 φυσωμένου
2513 4287 2595 4339 ὅτι
2628 4282 2792 4354 μέρος
2837 4280 2946 4334 τῶν
2997 4275 3225 4333 ἐντολῶν
3271 4267 3720 4360 ἐπλήρωσενᾷοὴ

2151 4358 2327 4442 οὑτως
2353 4378 2497 4449 ὑπὲρ
2523 4368 2597 4429 ὧν
2620 4373 2765 4439 ἔδοξε
2788 4367 3084 4442 κατορθοῦν
3105 4361 3580 4433 ἐπαινεθήσεσθαι,
3605 4358 3721 4410 ὅσον

464 4475 673 4536 partem
716 4467 1069 4537 compleverit
1104 4478 1495 4538 praeceptorum
1517 4510 1531 4535 ,
1572 4487 1799 4541 sperans
1831 4489 1890 4529 se
1922 4449 2045 4530 non

2155 4468 2271 4525 ἀνθ’
2303 4461 2378 4521 ὧν
2411 4464 2679 4534 ἐνέλειψεν
2708 4464 2783 4526 ὼς
2815 4459 3094 4532 ἀμελήσας
3126 4449 3722 4557 μεμφθήσεσθαιέτροσο

468 4554 603 4609 adeo
632 4554 962 4609 laudandum
992 4569 1091 4625 pro
1108 4556 1213 4621 his,
1233 4572 1354 4626 quae
1371 4557 1474 4613 sibi
1502 4538 1653 4615 visus
1673 4567 1757 4615 est
1790 4574 2046 4633 prospere

2155 4561 2326 4616 δοκῶν
2348 4575 2363 4588 ·
2418 4555 2539 4610 ἐπεὶ
2589 4553 2754 4625 μηδὲν
2786 4551 2970 4612 ἀτελὲς
3003 4550 3161 4621 έργον
3192 4542 3506 4615 παρρησίαν
3544 4538 3721 4592 δίδωσι

468 4654 753 4716 patrasse,
799 4653 1062 4715 quantum
1121 4647 1529 4717 vituperandum
1582 4667 1681 4722 pro
1735 4653 1875 4717 illis,
1929 4671 2052 4725 qua:

469 4738 747 4807 negligens
796 4736 1027 4792 omisit:
1060 4737 1434 4809 imperfectum
1492 4743 1691 4797 etenim
1741 4759 1878 4815 opus
1938 4763 2047 4802 non

466 4829 669 4898 praebet
702 4829 954 4884 ﬁduciam
988 4832 1252 4901 aperanti,
1289 4832 1399 4889 imo
1427 4833 1589 4890 eﬂicit
1632 4847 1690 4892 ut
1732 4838 2047 4905 erubescat,

466 4918 623 4987 quasi
664 4918 979 4974 detrectarit
1005 4918 1072 4974 ad
1111 4919 1271 4977 linem
1310 4937 1499 4978 eorum
1538 4924 1840 4982 laborando
1881 4927 2042 4999 305

466 5013 788 5083 pertingere,
820 5030 943 5084 quae
990 5015 1092 5070 luit
1117 5016 1363 5074 studiose
1411 5028 1685 5088 sectatus;
1733 5030 1786 5076 et
1823 5023 2039 5092 quidem

466 5103 645 5174 aliqua
697 5106 965 5162 artiﬁcum
997 5122 1160 5177 opera
1188 5110 1479 5166 terminum
1535 5112 1756 5176 habent,
1788 5121 1952 5183 atque
1985 5114 2042 5168 li-

468 5205 587 5244 nem
607 5231 621 5257 ,
659 5192 723 5247 ad
753 5209 912 5262 quem
950 5196 1202 5251 collineat
1230 5198 1652 5268 aggrediendum
1684 5214 1902 5270 scapus,
1927 5200 2040 5254 feli-

466 5281 623 5352 cique
651 5299 908 5342 successu
957 5291 1390 5360 unumquodque
1430 5290 1672 5360 ipsorum
1725 5307 1833 5346 non
1872 5306 2039 5362 parvo

466 5373 749 5441 perﬁcitur
783 5385 1056 5447 tempore;
1086 5380 1286 5450 quippe
1317 5382 1463 5451 quod
1514 5381 1568 5435 in
1600 5381 1842 5440 materiis
1867 5381 2034 5438 emci-

467 5468 579 5525 tur,
614 5461 886 5533 ﬁnemque
929 5465 1094 5522 habet
1142 5476 1484 5537 praesentem,
1520 5477 1574 5525 et
1615 5469 1790 5525 solum
1842 5484 2035 5540 ex5pe-

2148 4655 2226 4727 τῷ
2252 4649 2632 4724 ἐργασαμένῳ,
2671 4646 2928 4719 ἐρυθριᾷν
2967 4642 3024 4696 δὲ
3062 4635 3471 4727 παρασκευάζει
3494 4633 3570 4696 ὡς
3612 4633 3721 4727 ἀτο-

2149 4719 2378 4815 νήσαντι
2407 4737 2481 4797 ὧν
2511 4738 2837 4810 ἐπετήδευσε
2884 4735 3018 4804 πρὸς
3065 4732 3127 4786 τὸ
3175 4730 3348 4801 πέρας
3397 4726 3592 4790 ἐλθεῖν,
3631 4719 3717 4774 καὶ

2147 4836 2266 4892 τινά
2303 4835 2402 4907 μὲν
2433 4832 2539 4886 τῶν
2570 4827 2842 4901 τεχνητῶν
2872 4827 3049 4897 ἔργων
3079 4824 3202 4894 ὅρον
3231 4821 3341 4891 ἔχει
3393 4821 3489 4872 mi.
3530 4815 3716 4884 πέρας,

2150 4929 2286 5001 πρὸς
2326 4928 2383 4979 ὃν
2411 4927 2439 4980 ό
2474 4924 2679 4985 σκοπὸς
2723 4919 2829 4973 τῶν
2864 4917 3179 4990 ἀρχομένων
3228 4910 3493 5003 opsum
3530 4922 3716 5003 κατορ-

2150 5000 2335 5075 θοῦται
2368 5016 2569 5071 τούτων
2597 5014 2828 5067 ἕκαστον
2860 5012 2918 5063 ἐν
2948 5009 3007 5061 οὐ
3043 5005 3221 5076 πολλῷ
3266 5000 3445 5074 χρόνῳ
3486 5004 3543 5055 ἐν
3571 5000 3715 5060 ὒλαις

2150 5109 2564 5180 ἐνεργούμενον,
2609 5106 2703 5161 καὶ
2747 5104 2808 5157 τὸ
2836 5101 2987 5165 τέλος
3014 5100 3135 5170 ἔχον
3176 5094 3367 5161 ἑστὼς,
3418 5093 3515 5146 καὶ
3565 5106 3716 5160 περι-

2150 5203 2308 5274 μένον
2340 5200 2430 5254 τδν
2458 5197 2859 5267 περικόπτοντα
2880 5212 2892 5225 ’
2937 5194 2970 5263 ή
2997 5192 3053 5246 δὲ
3079 5188 3249 5260 ἀρετὴ
3282 5185 3495 5257 μακρὸν
3526 5183 3636 5253 ἔχει
3661 5181 3716 5233 τὸ

2148 5294 2342 5366 μῆκος,
2373 5293 2467 5346 καὶ
2495 5291 2637 5360 τάχα
2669 5288 2969 5359 ἀπέραντον
2998 5285 3096 5355 τήν
3125 5281 3351 5351 δύναμιν
3380 5277 3474 5333 τοῦ
3534 5290 3715 5366 μετερ-

2145 5381 2377 5451 χομένου
2407 5377 2577 5449 αὐτὴν
2606 5375 2862 5441 κενοῦσα,
2895 5375 2990 5427 καὶ⁵
3021 5372 3100 5425 ἔτι
3128 5369 3422 5439 ἀφεστῶσα
3443 5365 3715 5439 τῆξκατα-

2139 5471 2392 5543 λήψεως,
2441 5468 2761 5540 ἐρεθίζουσα
2808 5468 2899 5521 τὸν
2948 5464 3108 5518 πόθον
3158 5462 3253 5516 τοῦ
3311 5460 3539 5533 πλησίον
3585 5454 3715 5512 εῖναι

544 5656 592 5689 ⁷⁸
629 5657 733 5712 isa.
766 5675 918 5728 xxix,
952 5662 1003 5715 8.
1083 5666 1126 5695 τ’
1162 5664 1305 5719 l’sal.
1347 5681 1382 5731 ι,
1409 5667 1462 5719 2.
1540 5669 1585 5700 ⁸ο
1618 5667 1774 5723 Dent.
1801 5686 1875 5734 ιιι,
1906 5668 1990 5723 19.

2150 5674 2289 5729 Psal.
2329 5688 2524 5739 xum,
2559 5673 2614 5727 2.
2693 5673 2738 5704 ⁸³
2773 5674 2788 5727 l
2831 5671 3048 5735 Thess,
3087 5685 3137 5735 γ,
3173 5672 3253 5722 l7.
