4046 6152
396 288 533 356 1045

1173 291 1269 349 DE
1305 292 1792 352 VOLUNTARIA
1831 290 2326 354 PAUPERTATE
2358 295 2457 353 AD
2490 294 2836 357 MAGNAM.

3511 302 3642 369 1056

391 405 588 468 δοκεῖν,
637 403 731 457 καὶ
763 402 889 466 τοὺς
919 404 1374 474 προσεγγίζοντας
1408 407 1794 476 ὑποφεύγουσα
1835 423 1961 460 τοσ-

2069 415 2216 472 ctat,
2263 425 2292 463 a
2328 425 2439 480 quo
2475 411 2832 470 circumcirca
2886 427 3195 484 resecetur;
3240 419 3410 474 virtus
3460 436 3640 478 antem

393 495 568 559 οὗτον,
601 494 727 547 ὅσον
761 496 855 547 καὶ
886 496 1060 547 κενεῖν
1105 494 1201 565 τὴν
1233 495 1537 566 προθυμίαν
1565 499 1640 561 ὡς
1673 497 1839 566 οὖσαν
1880 501 1972 566 ὲγ-

393 586 514 651 γὺς,
549 583 762 638 καὶτοῦ
809 584 1212 654 προκόπτοντος
1246 585 1498 640 κλέπτειν
1546 588 1636 640 τὸν
1672 589 1833 643 πόνον
1892 587 1970 658 τῷ

393 674 534 727 κατά
567 674 762 744 μικρὸν
788 673 1089 743 λεληθότως
1121 675 1445 744 ὑποχωρεῖν.
1485 676 1594 728 Καὶ
1617 676 1776 729 τοῦτό
1797 679 1966 744 ἐστιν,

393 765 468 828 ὡς
496 765 657 829 ἔοικε,
689 765 749 818 τὸ
779 766 906 832 περὶ
951 766 1044 819 τοῦ
1077 768 1414 836 πατριάρχου
1465 768 1646 830 καλῶς
1676 769 1968 839 εἰρημένον

406 856 675 925 Ἀϐραὰμ,
727 856 809 908 ὅτι
836 851 998 927 ἦλθεν
1029 859 1106 919 εἰς
1151 857 1241 910 τὸν
1272 858 1454 922 τόπον,
1487 859 1544 912 ὃν
1572 858 1724 913 εῐπεν
1768 861 1916 930 αὐτῷ
1940 864 1968 914 ό

389 946 542 1008 Θεὸς,
593 947 686 998 καὶ
730 946 940 1015 ἐπάρας
988 949 1113 1010 τοὺς
1159 947 1470 1019 ὀφθαλμοὺς
1515 949 1678 1002 αὐτοῦ
1719 949 1969 1021 Ἀϐραὰμ

390 1031 495 1088 εἶδε
527 1035 616 1088 τὸν
640 1035 807 1088 τόπον
838 1037 1249 1108 ἁπομακρόθεν,
1285 1041 1380 1092 καὶ
1412 1039 1625 1108 φθάσας
1665 1041 1753 1092 ἐπ’
1781 1041 1960 1106 αὑτὸν,

389 1125 462 1194 τῷ
498 1126 694 1189 δοκεῖν,
749 1127 843 1179 ἐπὶ
889 1127 950 1180 τὺ
1001 1129 1465 1202 παραμυθηθῆναι
1507 1132 1606 1202 τὴν
1660 1132 1755 1186 τοῦ
1805 1134 1966 1187 πόνου

389 1219 726 1290 δυσχέρειαν,
768 1219 862 1272 καὶ
889 1219 1077 1290 μαθὼν
1109 1220 1186 1290 τῷ
1229 1222 1364 1286 τέως
1409 1225 1710 1292 ἀφεστάναι
1757 1225 1832 1289 ὡς
1874 1227 1966 1279 ού-

389 1309 535 1363 δέπω
566 1309 916 1380 κατείληφεν,
969 1311 1057 1364 ἵνα
1091 1311 1258 1384 μὴτὸ
1296 1314 1573 1386 πρόθυμον
1603 1317 1846 1387 ἀναπέση
1891 1317 1967 1379 ὡς

389 1400 695 1468 ἠνυσμένου
731 1401 826 1454 τοῦ
858 1403 1243 1473 προκειμένου.
1276 1405 1609 1477 ὲπιτείνηται
1638 1407 1694 1460 δὲ
1723 1409 1807 1460 ἀεὶ
1829 1411 1965 1476 πρὸς

394 1491 453 1542 τὸ
496 1491 907 1562 σπουδαιότερον
950 1492 1125 1546 ἐλπίδι
1171 1493 1264 1547 τοῦ
1301 1496 1418 1565 μετ’
1449 1498 1509 1549 ού
1559 1497 1692 1550 πολὺ
1739 1497 1962 1552 ἔσεσθαι

397 1582 530 1650 πρὸς
561 1582 695 1651 ὅπερ
734 1583 1011 1652 ἠπείγετο.

397 1673 550 1742 longe
575 1674 778 1739 aberat,
803 1675 1055 1744 cognovit
1093 1691 1152 1731 se
1190 1678 1426 1731 nondum
1467 1679 1943 1750 comprehendisse

2074 497 2402 567 praalongam
2435 503 2727 571 quamdam
2761 503 2922 560 habet
2961 506 3347 576 prolixitatem,
3377 518 3430 564 et
3460 509 3641 568 forsan

2074 586 2474 646 interminatam
2498 634 2514 659 ,
2555 609 2676 664 qua
2696 610 2891 666 nempe
2921 601 3178 655 sectantis
3206 616 3324 655 eam
3353 603 3494 659 vires
3524 608 3644 661 red-

2071 678 2151 732 dit
2178 679 2387 746 inanes,
2431 683 2697 755 longeque
2730 689 2903 753 abest,
2949 691 3080 759 quin
3117 693 3638 762 comprehendatur;

2071 772 2298 838 proritat
2327 775 2657 833 desiderium
2679 780 2816 849 ejus,
2863 782 2956 851 qui
2989 783 3326 854 propinquus
3344 801 3466 843 esse
3492 787 3640 843 vide-

2072 869 2180 926 tur,
2225 873 2280 919 et
2312 868 2750 935 approximantes
2776 872 2847 927 ita
2878 874 3222 946 subterfugit,
3257 886 3313 932 ut
3340 878 3503 932 animi
3531 881 3644 934 ala-

2071 954 2316 1009 critatem
2337 972 2560 1013 vacuam
2583 961 2790 1028 reddat,
2819 973 3003 1034 utpote
3027 967 3273 1037 quaejam
3303 985 3467 1040 prope
3483 982 3602 1026 erat
3625 991 3638 1036 ;

2071 1045 2423 1118 laboremque
2460 1054 2853 1123 progredientis
2882 1056 3180 1114 sulfuretur
3209 1062 3470 1127 latenter,
3524 1079 3642 1120 scn-

2072 1140 2173 1193 sim
2207 1142 2325 1196 sine
2353 1159 2516 1201 sensu
2556 1148 2853 1205 evadendo.
2881 1151 3058 1222 Atque
3083 1154 3312 1223 idipsum
3348 1165 3450 1223 est,
3472 1165 3532 1210 ut
3559 1157 3639 1209 vi-

2070 1232 2250 1298 detur,
2286 1236 2431 1304 quod
2472 1230 2537 1293 de
2575 1241 2882 1309 patriarcha
2911 1242 3185 1299 Abraham
3239 1247 3496 1314 praeclare
3539 1245 3640 1301 fuit

2064 1321 2288 1390 dictum,
2319 1327 2465 1392 quod
2499 1331 2642 1384 venit
2673 1331 2726 1385 in
2772 1333 2972 1397 locum,
3005 1349 3165 1405 quem
3201 1336 3337 1390 dixit
3361 1337 3466 1406 ipsi
3490 1336 3633 1392 Deus

2062 1422 2116 1466 et
2144 1414 2367 1471 elevatis
2390 1421 2563 1476 oculis
2593 1423 2707 1479 suis
2728 1424 3000 1479 Abraham
3031 1427 3167 1480 vidit
3191 1427 3649 1499 locumulonge”,

2060 1507 2373 1577 appulitque
2428 1512 2688 1583 adipsum
2736 1514 2830 1587 (ut
2881 1517 3196 1590 videbatur)
3226 1520 3291 1574 ad
3325 1520 3507 1590 aliquo
3553 1535 3634 1576 so-

2059 1591 2190 1649 latio
2214 1597 2412 1656 laboris
2438 1603 2654 1658 taedium
2678 1606 3056 1674 mitigandum,
3101 1615 3152 1662 et
3173 1624 3236 1663 ex
3271 1624 3380 1680 quo
3414 1608 3631 1664 interim

2022 1699 2037 1748 ;
2081 1699 2146 1740 ue
2173 1687 2336 1742 animi
2368 1692 2620 1748 alacritas
2651 1696 2979 1762 concideret,
3011 1699 3167 1766 quasi
3193 1699 3526 1769 propositum
3545 1714 3635 1754 cs-

396 1772 476 1816 set
510 1761 825 1832 perfectum,
859 1767 1240 1822 extcnderetur
1283 1785 1412 1824 vero
1452 1771 1672 1826 assidue
1707 1772 1774 1826 ad
1815 1771 1992 1841 majus
2036 1776 2295 1844 studium,
2361 1785 2627 1851 sperando
2672 1803 2730 1841 se
2777 1803 2882 1841 non
2934 1761 3104 1844 multo
3137 1761 3260 1859 post
3295 1761 3386 1844 ‘ad
3419 1790 3471 1845 id
3515 1805 3635 1858 per-

395 1864 678 1910 venturum
711 1857 778 1910 ad
816 1856 958 1926 quod
1000 1858 1164 1913 citato
1201 1862 1370 1930 gradu
1400 1864 1740 1932 properebat.

967 1969 1220 2025 ΚΕΦΑΛ.
1249 1955 1408 2027 ΝΗ¹.’

461 2075 644 2129 Ταῦτα
687 2078 791 2148 γὰρ
819 2079 917 2148 τῆς
959 2079 1160 2152 ἀρετῆς
1195 2087 1590 2157 χαρακτηρίζει
1616 2087 1714 2159 τὴν
1743 2089 1961 2158 μέθοδον

392 2169 524 2236 πρὸς
567 2169 666 2238 τὴν
711 2170 1065 2242 ἐνδεχομένην
1124 2175 1406 2246 προκοπὴν
1455 2177 1814 2248 σοφιζομένης
1872 2182 1960 2234 τὸν

392 2259 681 2330 γνώριμον,
714 2260 836 2314 οὔτε
892 2262 1026 2316 πολὺ
1084 2265 1321 2333 μήκοθεν
1373 2269 1722 2339 φαινομένην,
1760 2271 1845 2324 ἵνα
1885 2273 1959 2342 μὴ

391 2351 545 2403 δκνον
578 2349 704 2422 δόξῃ
740 2353 909 2404 ποιεῖν
950 2353 1030 2424 τῷ
1058 2354 1236 2424 πολλῷ
1273 2356 1622 2428 διαστήματι,
1653 2358 1774 2412 οὔτε
1801 2377 1959 2430 περι-

397 2440 660 2509 μενούσης
685 2441 788 2504 ἕως
810 2441 876 2495 ἂν
903 2443 1221 2515 καταληφθῇ
1255 2448 1403 2514 παρά
1427 2445 1518 2499 τοῦ
1545 2447 1847 2511 διώκοντος,
1873 2450 1958 2502 ἵνα

396 2531 470 2601 μὴ
508 2532 612 2601 πρὸ
645 2532 736 2584 τοῦ
769 2533 992 2588 θανάνου
1037 2536 1220 2608 παύσῃ
1245 2538 1343 2606 τὴν
1378 2539 1705 2609 προθυμίαν,
1734 2541 1882 2612 πάσῃ
1903 2541 1959 2594 δὲ

392 2626 457 2694 τῇ
497 2621 608 2695 ζωῇ
630 2623 727 2696 τὴν
745 2626 980 2698 σπουδὴν
1013 2630 1343 2704 παρεκτείνῃ
1369 2630 1546 2686 διόλου
1582 2632 1956 2706 ἀκμάζουσαν,

390 2721 676 2788 ἀνέφικτον
709 2718 902 2789 ἔχουσα
935 2721 995 2773 τὸ
1027 2722 1195 2785 τέλος,
1221 2724 1314 2776 καὶ
1343 2725 1418 2793 τῷ
1442 2726 1528 2779 διὰ
1561 2729 1758 2791 παντὸς
1789 2746 1960 2799 παρα-

391 2808 672 2876 φαίνεσθαι
713 2812 940 2881 πλησίον
991 2814 1124 2884 πρὸς
1166 2816 1224 2868 τὸ
1274 2817 1494 2885 ἐφικτὸν
1543 2822 1957 2892 προτρεπομένη

389 2898 484 2969 τὴν
513 2900 761 2970 δύναμιν,
794 2903 930 2973 πρὸς
969 2905 1099 2975 ὅσην
1134 2907 1418 2978 προκοπὴν
1452 2910 1758 2964 ἐπιδίδωσιν
1787 2913 1818 2980 ἡ
1857 2911 1958 2981 φύ-

391 3003 474 3050 σις
507 2990 943 3061 προκαλουμένη,
967 2995 1060 3046 καὶ
1092 2995 1230 3063 μετὰ
1266 2996 1491 3061 πολλοὺς
1525 3000 1719 3062 πόνους
1763 3001 1959 3065 [κανῶς

389 3076 679 3142 ἀφεστῶσα
721 3081 821 3144 τῆς
867 3081 1242 3152 καταλήψεως.
1283 3085 1379 3147 Τίς
1421 3085 1530 3154 γὰρ
1579 3087 1779 3156 ταύτην
1818 3087 1958 3141 οὕτω

389 3166 748 3237 κατώρθωσεν
766 3169 841 3234 ὡς
877 3171 1044 3242 μηδὲν
1071 3171 1273 3228 λείπειν
1298 3175 1447 3246 αὐτῷ
1475 3177 1610 3246 πρὸς
1636 3178 1731 3249 τὴν
1761 3179 1962 3232 τελειό-

388 3275 560 3327 circa;
631 3260 715 3322 τίς
761 3260 839 3324 δὲ,
887 3263 979 3314 καὶ
1023 3263 1169 3334 πάσῃ
1209 3267 1551 3336 χρησάμενος
1603 3270 1804 3340 σπουδῇ
1852 3272 1958 3324 τῶν
1985 3280 2028 3338 c

388 3349 590 3418 ταύτης
630 3351 771 3420 ὅρων
823 3354 1152 3424 κατελείφθη
1189 3358 1444 3426 μακράν;
1495 3359 1604 3411 Καὶ
1650 3360 1735 3412 ἵνα
1775 3360 1956 3433 δειχθῇ

389 3441 543 3493 τούτο
574 3445 885 3511 προφανῶς,
913 3445 1283 3518 ἀληθεστάτης
1312 3450 1531 3521 ἀγάπης
1556 3451 1842 3505 ἀκόλουθον
1881 3456 1958 3506 εί-

393 3533 512 3584 πεῖν
565 3532 848 3603 ἰδιώματα,
895 3537 1082 3607 ἐπειδὴ
1137 3539 1412 3611 πλήρωμα
1448 3541 1634 3613 νόμου,
1676 3546 1770 3598 καὶ
1815 3545 1958 3598 ἔστιν

394 3622 552 3691 αὕτη,
592 3627 681 3677 καὶ
710 3626 926 3694 λέγεται
959 3629 1184 3693 δικαίως
1217 3632 1364 3702 παρὰ
1403 3635 1502 3703 τῆς
1533 3633 1682 3697 θείας
1715 3636 1954 3706 Γραφῆς,

393 3715 567 3766 πάντα
605 3717 1078 3787 περιλαμϐάνουσα
1100 3721 1166 3774 τὰ
1189 3722 1327 3795 μέρη
1363 3723 1469 3777 τῶν
1507 3724 1606 3793 τῆς
1639 3726 1957 3794 νομοθεσίας

390 3804 587 3869 καλῶν,
621 3807 928 3875 εὐεργετεῖν
960 3810 1281 3866 διδάσκουσα
1318 3813 1379 3884 τὸ
1403 3815 1693 3884 ὁμόφυλον,
1718 3816 1811 3868 καὶ
1843 3817 1957 3870 ἀδι-

389 3899 500 3947 κεῖν
531 3899 630 3949 ούκ
657 3899 1048 3970 ἐπιτρέπουσα,
1071 3904 1192 3955 ούδέ
1223 3921 1276 3956 τι
1309 3906 1570 3975 πράττειν
1600 3909 1680 3968 είς
1712 3906 1844 3958 αὐτὸ
1874 3909 1956 3959 ἐν·

388 3985 586 4050 αντίον,
628 3988 830 4043 ἑκοῦσά
869 4009 928 4043 τε
963 3998 1264 4064 συγχωρεῖν
1309 3997 1369 4049 τὸ
1402 3998 1588 4051 κακόν.
1627 3998 1719 4060 Τίς
1746 3994 1838 4052 οὖν
1867 3997 1956 4051 τὸν

391 4077 613 4146 πλησίον
637 4083 920 4152 ἠγάπησεν
952 4085 1144 4151 οὕτως,
1189 4087 1261 4150 ὡς
1295 4087 1452 4141 ἄλλον
1483 4089 1674 4142 ἑαυτὸν
1705 4091 1763 4143 έν
1791 4091 1956 4144 πᾶσιν

388 4172 592 4225 ἐκεῖνον
618 4175 958 4243 ἡγήσασθαις
987 4179 1082 4240 Τίς
1099 4182 1218 4242 ταῖς
1244 4180 1300 4231 έν
1326 4180 1403 4250 τῷ
1431 4182 1617 4252 ἀγαθῷ
1651 4184 1957 4253 προκοπαῖς

386 4260 478 4312 τοῦ
505 4261 735 4331 ἀδελφοῦ
768 4265 843 4328 ὡς
872 4268 1102 4329 οἰκείαις
1143 4271 1585 4340 ἐπευφραίνεται,
1618 4273 1712 4325 καὶ
1750 4273 1810 4325 ού
1840 4274 1955 4326 κνί-

387 4350 537 4411 ζεται
569 4359 792 4418 ταύταις
821 4358 1052 4426 ἀλόγως,
1087 4362 1180 4414 καὶ
1217 4363 1354 4431 πρὸς
1381 4363 1574 4431 φθόνον
1605 4364 1812 4431 ἀδοξεῖν
1853 4366 1950 4418 αύ-

390 4442 475 4504 τὸς
499 4443 842 4516 λογιζόμενος
862 4451 917 4501 ἐν
949 4445 1029 4514 οἷς
1058 4453 1538 4524 παρευδοκιμεῖται
1563 4456 1710 4527 παρὰ
1736 4457 1831 4510 τοῦ
1857 4459 1954 4511 πέ-

388 4549 511 4601 hac;
548 4536 642 4598 Τίς
677 4537 777 4608 τὴν
809 4541 968 4594 ἄλλου
1008 4545 1093 4611 ἐφ’
1125 4541 1204 4608 οἷς
1244 4544 1312 4599 ἂν
1340 4548 1478 4619 τύχῃ
1509 4548 1691 4619 τιμὴν,
1733 4549 1794 4602 ού
1829 4550 1952 4619 κρί-

2621 1980 2848 2035 CAPUT
2888 1981 3069 2036 LVIII.

2136 2065 2240 2120 ista
2289 2081 2521 2138 namque
2559 2069 2774 2125 virtutis
2822 2071 3057 2142 figurant
3109 2069 3464 2136 methodum,
3511 2086 3632 2140 quas

2066 2155 2306 2226 (scilicet
2340 2158 2542 2228 virtus)
2592 2159 2912 2216 familiarem
2964 2177 3122 2218 suum
3172 2162 3362 2216 edocet
3410 2162 3629 2231 sapien-

2065 2244 2195 2298 tiam
2246 2245 2312 2298 ad
2355 2248 2761 2317 suscipiendum
2807 2265 3194 2321 progressum,
3254 2265 3426 2320 neque
3474 2250 3630 2304 valde

2062 2337 2254 2405 procul
2288 2348 2529 2408 apparet,
2566 2354 2635 2393 ne
2669 2341 2954 2411 segnitiem
2989 2342 3237 2395 videatur
3267 2342 3525 2398 inducere
3559 2342 3629 2398 ob

2062 2431 2416 2503 longinquum
2462 2435 2838 2502 intervallum,
2880 2437 3041 2508 306
3077 2452 3177 2492 nec
3211 2449 3378 2507 prope
3417 2451 3628 2502 perma-

2063 2533 2188 2588 net,
2220 2525 2395 2582 donec
2417 2542 2445 2580 a
2471 2538 2827 2597 persequente
2861 2529 3373 2598 comprehendatur,
3402 2545 3470 2584 ne
3501 2537 3630 2582 ante

2061 2623 2288 2669 mortem
2331 2632 2550 2673 cessare
2598 2617 2760 2672 faciat
2811 2618 2978 2672 animi
3027 2620 3403 2689 propositum,
3454 2627 3626 2674 totum

2061 2720 2190 2763 vero
2241 2723 2338 2779 per
2387 2708 2508 2764 vitae
2551 2716 2765 2779 tempus
2805 2708 3041 2766 studium
3088 2724 3184 2781 per
3225 2710 3407 2766 omnia
3441 2711 3628 2783 vigens

2060 2801 2363 2869 protendat,
2411 2801 2611 2870 quippe
2646 2817 2767 2870 quae
2800 2801 2963 2858 linem
2998 2802 3178 2867 habet,
3213 2819 3372 2872 quem
3411 2804 3628 2874 assequi

2059 2906 2168 2945 non
2219 2907 2553 2960 possumus,
2611 2907 2848 2963 cumque
2897 2891 3338 2963 frequentissime
3375 2905 3629 2965 appareat

2060 2981 2376 3051 praeteriens
2413 2997 2600 3050 prope,
2653 2982 2843 3040 incitat
2892 2983 3037 3038 vires
3072 2983 3138 3037 ad
3199 2984 3377 3053 ipsum
3428 2984 3624 3049 finem,

2059 3070 2152 3139 qui
2207 3071 2437 3140 pertingi
2493 3079 2704 3139 potest,
2763 3087 3064 3142 provocans
3115 3073 3182 3127 ad
3240 3088 3625 3144 progressum,

2060 3176 2221 3230 quem
2265 3170 2460 3215 natura
2517 3161 2842 3231 impertitur,
2882 3178 2945 3218 ac
2988 3163 3202 3218 tandem
3252 3173 3375 3234 post
3428 3165 3628 3220 multos

2061 3253 2275 3307 labores
2296 3251 2450 3306 valde
2474 3251 2766 3306 admodum
2788 3253 2940 3308 abest
2965 3254 3094 3323 quin
3116 3255 3624 3324 comprehendatur.

2061 3345 2195 3412 Quis
2229 3346 2372 3400 enim
2423 3346 2594 3414 ipsam
2645 3347 2718 3400 ita
2761 3347 2895 3402 bene
2937 3356 3021 3401 est
3061 3356 3364 3411 assecutus,
3400 3354 3461 3400 ut
3492 3345 3628 3400 nihil

2059 3439 2108 3493 ei
2147 3436 2380 3493 defuerit
2415 3437 2479 3492 ad
2513 3437 2942 3507 perfectionem?
2972 3437 3104 3502 Quis
3133 3453 3280 3505 vero,
3312 3439 3460 3493 omni
3490 3452 3626 3506 quoa

2061 3543 2165 3596 que
2195 3528 2375 3582 studio
2408 3543 2558 3594 usus,
2593 3543 2701 3582 non
2733 3529 2918 3599 procul
2956 3529 3023 3582 ab
3071 3527 3215 3584 illius
3244 3526 3490 3582 terminis
3528 3526 3627 3581 fuit

2060 3619 2394 3674 derelictus?
2427 3617 2604 3689 thue
2637 3619 2689 3674 id
2725 3619 3014 3674 manifeste
3038 3618 3460 3684 demonstretur,
3495 3632 3627 3673 con-

2061 3717 2369 3764 sectaneum
2413 3717 2497 3764 est
2540 3710 2840 3765 verissimae
2900 3709 3206 3766 dilectionis
3269 3710 3448 3764 dicere
3503 3724 3630 3778 pro-

2060 3800 2350 3869 prietates;
2386 3800 2830 3870 quandoquidem
2880 3800 2995 3868 ipsa
3041 3810 3124 3855 est
3171 3800 3625 3868 complementum

2059 3890 2212 3961 legis,
2241 3890 2492 3960 justeque
2523 3891 2604 3945 sic
2637 3890 2838 3946 dicitur
2879 3905 2908 3943 a
2949 3889 3134 3945 divina
3178 3889 3492 3958 Scriptura;
3539 3902 3628 3944 ut-

2058 3992 2182 4053 pote
2221 3998 2341 4051 quze
2377 3997 2566 4037 omnes
2612 3982 2990 4051 complectitur
3034 3991 3214 4050 partes
3273 3980 3626 4051 legislatioiiis

2057 4076 2352 4139 bonorum,
2393 4073 2585 4128 edocet
2619 4073 2756 4128 bene
2800 4072 2981 4127 facere
3027 4072 3354 4136 contribuli,
3413 4080 3464 4124 et
3517 4087 3624 4125 non

2057 4166 2325 4238 permittit
2371 4165 2516 4233 quod
2546 4164 2597 4219 ei
2631 4162 2895 4218 inferatur
2945 4162 3166 4232 injuria,
3197 4177 3295 4216 nec
3334 4163 3536 4232 aliquid
3570 4162 3622 4215 in

2058 4260 2233 4330 ipsum
2273 4258 2365 4312 liat
2398 4255 2756 4318 contrarium,
2788 4255 2904 4307 vult
2953 4265 3129 4307 autem
3163 4262 3220 4306 ut
3262 4253 3462 4307 malum
3493 4269 3627 4307 con-

2057 4353 2306 4407 donetur.
2361 4347 2498 4414 Quis
2548 4347 2715 4417 igitur
2769 4347 3078 4415 proximum
3127 4343 3263 4398 adeo
3308 4345 3527 4410 dilexit,
3568 4356 3626 4400 ut

2057 4443 2223 4497 alium
2260 4439 2500 4510 seipsum
2537 4439 2591 4492 in
2622 4436 2878 4491 omnibus
2912 4436 3062 4489 illum
3090 4436 3459 4489 existimarit?
3492 4435 3624 4501 Quis

2054 4539 2121 4592 de
2176 4533 2552 4606 progressibus
2606 4529 2792 4585 fratris
2832 4528 2888 4584 in
2925 4529 3069 4584 bono
3095 4568 3108 4592 ,
3163 4528 3242 4582 uti
3279 4528 3346 4584 de
3392 4530 3625 4597 propriis

388 4639 464 4674 νει
497 4624 790 4678 κατάλυσιν
821 4627 920 4698 τῆς
968 4629 1104 4694 ιδίας
1136 4634 1327 4702 τιμῆςς
1375 4635 1468 4697 Τίς
1507 4637 1565 4688 ὲν
1607 4636 1684 4707 τῷ
1726 4654 1954 4708 προκρι-

2060 4631 2378 4693 delectatur,
2415 4641 2593 4695 neque
2639 4623 3086 4678 irrationabiliter
3131 4622 3280 4676 hisce
3321 4621 3621 4685 vellicatur,

388 4714 530 4766 θέντι
562 4716 620 4769 ἐν
684 4719 990 4789 ὁτῳδήποτε
1044 4724 1150 4776 τῶν
1204 4725 1504 4797 εὐδοκίμων
1552 4729 1610 4781 οὐ
1654 4730 1956 4783 κατέπεσεν

387 4804 612 4876 ἀθυμίᾳ,
643 4808 702 4860 τὸ
730 4809 1066 4883 δευτερεύειν
1105 4815 1161 4865 έν
1194 4816 1416 4885 ἀτιμίας
1447 4818 1602 4889 μέρει
1641 4820 1953 4890 τιθέμενος;

388 4896 480 4958 Τίς
527 4901 635 4960 τοῖς
673 4900 914 4963 ἐπαίνοις
953 4903 1046 4955 τοῦ
1081 4909 1471 4976 συμμετιόντος
1497 4909 1556 4962 τὸ
1594 4910 1751 4980 ἔργον
1776 4913 1833 4965 ού
1866 4911 1957 4966 δά-

389 5003 592 5052 κνεται,
623 4990 699 5052 ὡς
732 4993 822 5044 ἐπὶ
851 4993 1038 5061 ψόγοις
1070 4998 1324 5064 οίκείοιςς
1358 5001 1452 5065 Τίς
1504 5003 1779 5072 σφάλματί
1815 5022 1956 5068 τινος

387 5078 788 5148 ἑπεστύγνασεν
808 5083 884 5146 ὼς
909 5085 973 5138 ἂν
1001 5088 1084 5156 ἐφ’
1124 5089 1303 5160 ἑαυτῷ
1333 5092 1584 5159 σφαλέντι
1616 5093 1775 5146 τοῦτο
1797 5096 1955 5165 ἡγού-

387 5185 583 5236 μενος;
616 5173 711 5236 Τίς
745 5176 1104 5248 ἀστοχήσαντι
1133 5183 1208 5246 ὡς
1242 5183 1421 5254 ἑαυτῷ
1456 5185 1825 5257 συνεπάθησε;
1859 5187 1955 5251 Τίς

383 5257 566 5331 ἀδοξίᾳ
585 5261 679 5314 τοῦ
707 5267 959 5334 τυχόντος
978 5271 1077 5323 οὐκ
1099 5272 1397 5341 ὲπεγέλασε
1418 5293 1432 5341 ;
1451 5274 1546 5338 Τίς
1573 5276 1828 5347 πτώματι
1853 5278 1954 5332 οὐκ

383 5351 626 5423 ἐπεχάρη
658 5356 863 5427 ἐτέρου,
911 5362 1007 5413 καὶ
1039 5363 1140 5416 οὐκ
1171 5366 1387 5437 ἐπήρθη
1419 5367 1510 5419 ἐπὶ
1548 5367 1628 5438 τῷ
1665 5368 1953 5422 ὑποσκελίη

382 5459 545 5511 σματι
576 5447 786 5514 τούτου,
840 5451 981 5520 μέγα
1011 5455 1084 5516 ὡς
1119 5457 1288 5518 ἑστὼς
1316 5459 1410 5512 ἐπὶ
1441 5458 1518 5529 τῷ
1554 5461 1770 5514 πεσόντι
1819 5478 1950 5532 φρο-

382 5534 582 5604 νήσας
634 5537 729 5600 Τίς
785 5541 992 5612 ἐλέγχῳ
1046 5545 1512 5619 πλημμελήματος
1577 5550 1845 5622 ἐρυθριῶν
1890 5571 1950 5605 τε

452 5689 495 5718 ⁸¹
527 5686 661 5740 (ἶριν.
702 5705 832 5754 mi,
864 5693 916 5744 4.

2055 4731 2108 4778 et
2153 4720 2439 4784 invidiose,
2490 4725 2687 4788 putans
2723 4733 2781 4771 se
2829 4715 3120 4785 inglorium
3172 4714 3226 4768 in
3267 4714 3349 4769 his
3399 4728 3538 4778 esse,
3570 4713 3622 4766 in

2055 4815 2252 4887 quibus
2285 4812 2433 4867 fama
2477 4810 2806 4882 praecellitur
2835 4824 2866 4862 a
2897 4809 3179 4878 proximo?
3223 4807 3356 4873 Quis
3403 4805 3624 4860 alterius

2057 4910 2319 4962 honorem
2359 4905 2411 4958 in
2442 4902 2730 4973 quibusvis
2764 4916 2871 4954 non
2906 4899 3115 4968 judicat
3145 4899 3481 4952 eversionem
3526 4898 3626 4951 ho-

2055 5000 2206 5055 noris
2251 4995 2497 5067 proprii?
2530 4993 2687 5060 Quis,
2723 4992 2850 5046 dum
2881 4990 3015 5044 alter
3053 4989 3402 5057 anteponitur
3433 4988 3534 5042 sibi
3570 4989 3622 5041 in

2057 5095 2240 5164 aliqua
2275 5090 2650 5164 (quacunque
2681 5088 2771 5141 illa
2803 5085 2997 5154 fuerit)
3029 5083 3363 5142 celebritate,
3393 5097 3498 5136 non
3531 5083 3622 5137 de-

2052 5187 2199 5257 jecto
2230 5183 2468 5240 concidit
2499 5182 2703 5245 animo,
2737 5178 3034 5234 secundum
3085 5183 3267 5230 tenere
3292 5175 3495 5239 locum,
3526 5175 3623 5227 de-

2055 5279 2269 5335 decoris
2298 5274 2501 5345 aliquid
2543 5288 2662 5328 esse
2688 5268 3024 5325 arbitratus?
3048 5265 3183 5333 Quis
3212 5282 3317 5320 non
3344 5266 3625 5321 mordetur

2057 5370 2330 5433 laudibus,
2368 5366 2567 5436 quibus
2605 5363 2764 5433 307
2794 5359 3024 5414 adicitur
3055 5358 3174 5424 ille,
3228 5357 3321 5427 qui
3369 5355 3435 5410 ad
3480 5357 3618 5410 idem

2057 5477 2194 5532 opus
2225 5457 2624 5528 assequendum
2657 5453 2977 5514 collaborat,
3003 5465 3068 5504 ac
3094 5453 3140 5503 si
3183 5448 3399 5518 propria
3426 5461 3610 5502 essent

2058 5549 2368 5620 vituperia?
2413 5546 2547 5612 Quis
2591 5545 2660 5600 ob
2707 5556 2948 5598 errorem
2996 5540 3226 5610 alicujus
3275 5538 3619 5593 contristatus
