4046 6152
436 286 572 349 1M7

1926 286 1986 344 S.
2025 284 2189 345 NILI

3558 278 3697 340 1048

429 397 556 462 fuit,
577 398 901 471 existimans
930 397 1034 451 boc
1063 404 1319 466 tanquam
1345 412 1374 450 a
1402 411 1582 466 seipse
1608 400 2003 467 perpetratum?

2123 397 2577 470 συνηρυθρίασεν,
2619 399 2737 468 οὐχὶ
2777 398 2832 450 δὲ
2862 397 2957 468 τὴν
2988 397 3196 450 ἐκείνου
3235 394 3536 469 διατροπὴν
3557 400 3691 467 παῤ-

428 491 564 557 Quis
593 491 869 544 aberranti
902 504 931 543 a
961 503 1129 558 scopo
1161 489 1236 542 uti
1262 489 1366 543 sibi
1400 489 1502 560 ipsi
1538 504 1862 559 compassus
1891 491 2007 545 est?

428 582 562 648 Quis
601 584 839 637 dedecus
875 582 1113 652 vulgaris
1161 581 1403 636 hominis
1456 598 1562 635 non
1612 582 1825 636 irrisit?
1869 581 2005 649 Quis

424 677 492 726 de
521 673 745 728 alterius
772 688 903 728 casu
935 688 1041 728 non
1075 682 1162 728 est
1199 674 1440 742 gavisus,
1477 690 1652 743 neque
1692 675 1870 729 elatus
1917 682 2003 729 est

426 765 495 816 ob
522 765 641 833 ejus
678 780 741 819 ex
775 765 1218 835 supplautationc
1262 765 1495 834 lapsum,
1543 766 1651 820 alte
1686 766 1753 819 de
1805 781 1864 821 se
1909 780 1999 820 sa-

425 855 619 921 piens,
665 855 810 924 quod
862 857 980 926 ipse
1025 857 1261 919 steterit,
1304 871 1369 910 eo
1401 856 1672 912 cadente?
1710 856 1844 922 Quis
1874 873 1997 911 cum

425 948 782 1002 erubescente
807 989 825 1015 ,
874 950 1002 1003 dum
1043 951 1290 1019 arguitur
1314 950 1517 1015 delicti,
1552 951 1713 1005 simul
1743 951 1961 1005 erubuit
1988 992 2003 1017 ,

425 1042 480 1085 ct
523 1050 628 1087 nun
676 1049 708 1088 e
754 1046 980 1103 contra,
1029 1038 1177 1093 illius
1229 1039 1606 1093 confusionem
1651 1041 1863 1095 censuit
1921 1042 2007 1095 sui

2111 492 2308 563 ῥησίαν
2338 491 2506 544 αὑτοῦ
2536 492 2802 562 ἡγήσατο,
2829 491 2924 542 ἐπὶ
2960 491 3148 560 μεῖζον
3170 489 3271 559 τὴν
3299 488 3513 542 οἰκείαν
3539 489 3698 554 δόξαν

2088 578 2433 651 ἐπαίρεσθαι
2476 581 2648 635 δοκῶν
2704 582 2762 633 ἐν
2816 575 2900 642 οἷς
2943 579 3296 633 ἐλαττοῦσθαι
3350 579 3450 638 τὴν
3496 580 3697 651 ἐτέρων

2110 671 2439 743 συμϐαίνει;
2494 675 2601 727 Καὶ
2638 674 2742 737 τίς,
2784 670 2925 726 κατά
2972 670 3064 726 τὸν
3125 671 3358 735 Παῦλον,
3412 672 3697 743 συντόμως

2106 766 2308 831 εἰπεῖν,
2360 766 2540 836 χαίρει
2601 766 2738 836 μετά
2779 765 3103 836 χαιρόντων,
3158 765 3251 816 καί
3312 763 3486 816 κλαίει
3558 764 3699 834 μετά

2111 860 2432 927 κλαιόντων,
2460 862 2928 932 συνδιατιθέμενος
2957 860 3130 922 οὓτως
3160 859 3378 926 ἑκάστῳ
3411 858 3488 920 ὡς
3531 859 3694 922 αὐτὸς

2112 951 2400 1021 διάκειται,
2438 956 2495 1007 ἐν
2530 956 2776 1025 φαιδροῖς
2841 954 2875 1024 ἢ
2926 950 3272 1022 σκυθρωποῖς
3312 949 3694 1020 ἐξεταζόμενος

2114 1044 2402 1113 πράγμασι
2430 1063 2445 1112 ;

428 1124 837 1191 conﬁdentiam,
872 1137 1055 1195 ratus,
1094 1130 1379 1199 proprium
1444 1130 1613 1184 decus
1676 1133 1741 1184 ad
1775 1131 1951 1202 majus
1976 1131 2090 1187 fore
2128 1138 2506 1203 attollendum,
2530 1140 2656 1192 dum
2680 1138 2967 1210 contingit,
2989 1140 3219 1193 aliorum
3252 1135 3383 1191 illud
3409 1133 3693 1188 imminui?

428 1215 494 1267 Et
528 1217 651 1284 quis
694 1216 789 1281 (ut
821 1218 1062 1273 breviter
1102 1219 1533 1291 perstringam),
1575 1223 1873 1276 secundum
1903 1221 2133 1279 Paulum
2160 1226 2229 1292 ⁸⁸,
2259 1230 2458 1298 gaudet
2485 1246 2607 1284 cum
2647 1231 3028 1301 gaudentibus,
3084 1231 3175 1285 ﬂet
3234 1246 3360 1284 cum
3415 1227 3686 1291 ﬂentibus,

430 1310 500 1360 ita
543 1321 664 1361 sese
728 1309 1153 1367 accommodans
1228 1313 1545 1382 unicuique,
1597 1321 1757 1382 prout
1809 1314 1928 1385 ipse
1973 1330 2094 1371 sese
2144 1320 2469 1376 examinans
2538 1321 2590 1375 in
2661 1338 2705 1373 ι·‹
2725 1323 2826 1377 bus
2889 1322 3156 1376 hilaribus
3209 1323 3291 1376 vel
3350 1319 3555 1374 tetricis
3609 1325 3690 1372 est

427 1398 731 1467 dispositus
753 1400 778 1451 ?

1011 1511 1238 1567 CAPUT
1281 1513 1414 1568 LIX.

503 1618 606 1674 lsta
669 1630 752 1675 est
807 1622 1007 1693 quippe
1058 1624 1344 1680 cbaritatis
1391 1627 1751 1696 prau'Ogativa
1804 1629 2002 1689 eximia

432 1707 665 1777 elliccre,
704 1721 763 1765 ut
804 1728 997 1783 nempe
1039 1726 1235 1782 status,
1280 1732 1374 1771 seu
1426 1718 1713 1787 dispositio
1760 1722 2002 1772 onuiinm

432 1801 506 1863 sit
534 1802 697 1855 veluti
749 1819 895 1870 una,
949 1821 1280 1876 unoquoque
1323 1808 1598 1878 gaudente
1639 1825 1762 1863 cum
1796 1811 2000 1875 altero,

429 1892 513 1947 vel
546 1893 796 1947 similiter
823 1895 1041 1951 dolente
1079 1898 1251 1953 instar
1284 1899 1651 1954 membrorum
1684 1900 1845 1955 unius
1875 1916 2001 1955 cor-

428 1981 580 2053 poris
613 1983 991 2050 colligatorum
1015 2026 1030 2051 ,
1072 1993 1125 2039 et
1159 1985 1544 2052 commissura,
1600 2003 1693 2042 seu
1745 2004 2004 2058 compage

428 2072 662 2126 invicem
720 2073 821 2127 sibi
878 2077 1270 2145 compatienter
1323 2079 1892 2146 communicautium,
1940 2096 2003 2135 ac

428 2172 649 2220 mutuas
702 2166 1115 2236 suscipientium
1173 2169 1479 2240 passiones.
1541 2170 1727 2239 itaque
1792 2171 1837 2226 si
1905 2188 2005 2228 nec

428 2271 594 2311 omne
630 2265 845 2327 tempus
892 2258 1092 2315 sullicit
1139 2260 1206 2315 ad
1249 2263 1465 2317 virtutis
1503 2263 1741 2318 studium
1778 2278 2005 2320 accura-

427 2359 580 2414 tum,
638 2358 691 2403 et
744 2366 880 2420 opus
931 2359 1011 2405 est
1058 2353 1228 2407 multa
1280 2354 1554 2425 vigilantia
1599 2355 2004 2411 decertantibus

427 2435 693 2493 adversus
748 2439 1023 2495 daemonas
1072 2442 1497 2512 impnguautes,
1553 2445 1866 2514 quomodo,
1916 2447 2002 2501 vel

427 2526 732 2594 poterimus
760 2528 1021 2597 perlicere
1051 2531 1221 2597 viam,
1263 2548 1384 2601 qua:
1421 2532 1588 2586 multa
1618 2543 1722 2600 est,
1770 2550 1893 2589 cum
1924 2537 2002 2590 si-

430 2635 554 2672 mus
615 2619 913 2675 oscitantes
983 2636 1047 2674 ac
1098 2622 1372 2690 distracti;
1429 2626 1510 2678 vel
1564 2625 2001 2681 adversariorum

431 2724 627 2763 cavere
663 2710 910 2777 insidias,
946 2712 1042 2781 qui
1082 2715 1238 2767 multi
1268 2724 1417 2779 sunt,
1449 2725 1501 2769 et
1543 2716 1866 2783 invisibiles,
1902 2733 2003 2773 no-

431 2802 666 2871 strisque
702 2803 1072 2871 passionibus,
1122 2815 1175 2861 et
1224 2807 1478 2862 sensibus
1523 2817 1584 2862 ut
1618 2811 1785 2864 armis
1814 2817 2001 2864 contra

428 2908 532 2950 nos
565 2904 810 2963 utuntur,
841 2909 891 2951 et
938 2897 1075 2967 ipsis
1108 2914 1211 2954 nos
1242 2898 1467 2967 feriunt,
1521 2902 1721 2971 quibus
1772 2911 1831 2957 ut
1870 2906 2001 2973 pro-

428 2978 774 3057 pulsantibus
807 2987 973 3061 308
1012 2990 1230 3046 auxiliis
1266 3003 1461 3048 natura
1500 3009 1602 3048 nos
1645 2996 1878 3050 armavit
1910 2996 2005 3050 ad-

434 3095 624 3135 versus
656 3082 817 3149 illos;
850 3084 1044 3138 oculus
1080 3082 1215 3153 ipsis
1247 3083 1475 3138 inservit
1519 3087 1585 3140 ad
1613 3088 2005 3157 concupiscen-

435 3174 562 3226 liam
584 3190 773 3228 earum
796 3190 980 3229 rerum
1006 3191 1128 3244 quae
1150 3176 1349 3245 saapius
1370 3177 1643 3242 videntur,
1672 3179 2004 3234 desiderium

435 3267 655 3335 pariens
687 3269 1009 3336 quorumvis
1036 3269 1399 3322 materialium
1432 3269 1869 3338 splendidorum;
1907 3286 2005 3325 au-

434 3357 583 3411 ditus
617 3357 686 3411 ob
725 3359 917 3412 nuntia
961 3360 1139 3414 tristia
1167 3359 1410 3418 dolorem
1448 3362 1731 3416 consuevit
1774 3361 2003 3430 inferre,

433 3457 485 3501 ct
514 3448 583 3502 ob
616 3463 678 3503 ea
718 3465 838 3517 qua:
874 3458 1004 3503 sunt
1038 3451 1205 3505 veluti
1248 3451 1434 3504 animo
1476 3459 1625 3521 grata
1672 3451 2005 3522 voluptatem

433 3553 811 3604 commovere;
846 3540 1129 3596 iracundia
1151 3558 1182 3596 e
1213 3550 1477 3611 praetextu
1518 3552 1841 3599 occurrente
1879 3561 2006 3600 suc-

432 3630 684 3685 cenditur
728 3631 1132 3700 eﬂ‘ervcscens,
1184 3645 1238 3690 et
1294 3636 1627 3693 tumultuose
1686 3638 2007 3696 concutiens

434 3738 634 3793 corpus
670 3725 1010 3789 universum,
1043 3730 1483 3799 perturbansque
1507 3730 2006 3802 ratiocinationem,

433 3824 487 3868 et
514 3817 634 3884 ejus
665 3818 957 3887 puritatem
991 3820 1304 3890 inquinans,
1328 3822 1813 3893 sicutpellueidam
1839 3824 2007 3882 fontis

437 3924 659 3976 aquam,
688 3907 765 3963 ita
792 3918 852 3964 ut
880 3925 989 3965 non
1020 3912 1200 3967 videat
1222 3914 1508 3983 perspicue
1531 3916 1759 3986 vestigia
1788 3931 2003 3984 eorum,

433 4014 553 4068 qua:
581 4002 765 4056 animo
808 4003 1207 4071 obversantur;
1242 4021 1383 4067 vana
1421 4007 1591 4078 gloria
1628 4022 1767 4078 opus
1799 4008 1854 4064 in
1901 4026 2002 4080 pu-

433 4090 634 4145 blicum
688 4092 882 4148 eﬂ‘erre
937 4097 1254 4166 compellit,
1324 4099 1496 4169 magis
1547 4101 1761 4169 placere
1818 4103 2005 4157 volens

2695 1523 2943 1576 ΚΕΦΑΛ.
2982 1524 3110 1579 NG’.

2183 1641 2354 1694 Ton
2383 1639 2493 1710 γὰρ
2514 1639 2616 1709 τῆς
2641 1639 2862 1710 ἀγάπης
2895 1638 3173 1709 ἐξαίρετον
3205 1637 3608 1707 πλεονέκτημα,
3630 1637 3690 1691 to

2109 1731 2207 1802 τὴν
2235 1730 2475 1784 διάθεσιν
2503 1730 2613 1783 τῶν
2648 1730 2905 1783 ἁπάντων
2926 1728 3255 1799 ἐργάζεσθαι
3284 1728 3433 1798 μίαν,
3459 1730 3687 1782 ἑκάστου

2112 1820 2395 1891 χαίροντος
2443 1820 2581 1889 μετὰ
2609 1820 2703 1873 τοῦ
2725 1820 2936 1890 ἐτέρου,
2974 1821 3068 1873 καὶ
3096 1820 3441 1888 λυπουμένου
3465 1820 3685 1888 ὁμοίως,

2114 1912 2293 1981 μελῶν
2349 1911 2468 1974 ἐνὸς
2534 1912 2785 1981 σώματος
2837 1913 2995 1982 δίκην
3034 1912 3452 1981 συνδεδεμένων,
3493 1912 3586 1964 καὶ
3621 1913 3685 1982 τῇ

2112 2003 2350 2074 ἁρμονίᾳ
2385 2004 2687 2073 συμπαθῶς
2721 2004 3113 2074 μεταδιδόντων
3161 2003 3436 2072 ἀλλήλοις,
3476 2003 3570 2057 καὶ
3603 2004 3687 2055 δε⁸

2111 2096 2352 2166 χομένων
2384 2092 2515 2164 παρ’
2539 2091 2783 2162 ἀλλήλων
2823 2091 2891 2145 τὰ
2926 2091 3096 2160 πάθη.
3130 2091 3192 2143 Εἰ
3221 2090 3402 2143 τοίνυν
3436 2088 3556 2143 οὔτε
3582 2090 3687 2150 πᾶς

2109 2188 2137 2239 ὁ
2160 2187 2346 2256 χρόνος
2377 2186 2539 2255 ἀρκεῖ
2566 2185 2705 2254 πρὸς
2732 2183 2830 2252 τὴν
2860 2183 2956 2251 τῆς
2991 2182 3193 2253 ἀρετῆς
3224 2181 3564 2250 ἐπιμέλειαν,
3595 2180 3686 2232 καὶ

2110 2277 2313 2346 πολλῆς
2345 2279 2457 2338 τοῖς
2479 2274 2899 2345 ἀγωνιζομένοις
2921 2273 3009 2325 διὰ
3031 2273 3158 2336 τοὺς
3182 2272 3686 2342 ἀνταγωνισμένους

2108 2369 2368 2440 δαίμονας
2422 2368 2579 2440 χρεία
2621 2368 2722 2436 τῆς
2764 2366 3003 2437 νήψεως,
3058 2365 3176 2428 πῶς
3221 2366 3522 2435 κεχηνότας
3592 2364 3686 2417 καὶ

2113 2461 2631 2535 μετεωριζομένους,
2676 2460 2709 2529 ἢ
2752 2459 2851 2530 τὴν
2899 2458 3018 2511 ὁδὸν
3067 2456 3333 2510 δύσϐατον
3367 2452 3533 2510 οὖσαν
3593 2455 3686 2509 καὶ

2111 2554 2312 2623 πολλὴν
2352 2552 2501 2605 ἔστιν
2534 2552 2753 2615 ἀνῦσαι,
2782 2550 2815 2620 ἢ
2846 2549 2956 2601 τῶν
2995 2548 3308 2602 ἀντιπάλων
3349 2548 3686 2615 φυλάξασθαι

2108 2642 2206 2705 τὰς
2240 2640 2531 2704 ἐπιδουλάς
2562 2639 2770 2692 πολλῶν
2799 2639 2991 2704 ὄντων,
3022 2634 3117 2691 καὶ
3145 2637 3416 2707 ἀοράτων,
3446 2637 3537 2689 καὶ
3578 2638 3686 2689 πά-

2111 2734 2257 2788 θεσιν
2293 2733 2581 2804 ἡμετέροις
2641 2732 2735 2784 καὶ
2769 2731 3089 2799 αἰσθήσεσιν
3145 2729 3331 2792 ὅπλοις
3366 2728 3487 2779 καθ’
3525 2727 3679 2796 ἡμῶν

2110 2822 2485 2893 κεχρημένων,
2524 2821 2621 2873 καὶ
2652 2819 2864 2881 τούτοις
2905 2819 3211 2888 βαλλόντων
3247 2818 3409 2887 ἡμᾶς,
3441 2811 3521 2877 οἷς
3556 2817 3676 2868 κατ’

2107 2914 2285 2968 αὐτῶν
2313 2913 2670 2982 ἀμυντηρίοις
2703 2913 2737 2981 ἡ
2768 2909 2931 2980 φύσις
2962 2911 3112 2979 ἡμᾶς
3134 2907 3374 2961 ὥπλισεν
3400 2925 3415 2974 ;
3454 2905 3680 2975 Ὀφθαλ-

2109 3004 2208 3075 μὸς
2239 3002 2419 3066 αὐτοῖς
2446 3001 2707 3071 ὑπηρετεί
2745 2999 2881 3069 πρὸς
2909 2997 3207 3066 ἐπιθυμίαν
3245 2998 3354 3049 τῶν
3396 2996 3684 3067 ὁρωμένων

2107 3095 2386 3157 πολλάκις,
2429 3096 2610 3162 πάσης
2643 3092 2901 3162 λαμπρᾶς
2939 3089 3070 3160 ὕλης
3098 3089 3465 3161 ἐργαζόμενον
3501 3087 3675 3151 πόθον,

2106 3184 2245 3256 ἀκοὴ
2273 3185 2451 3254 λύπην
2475 3184 2568 3235 ἐπὶ
2602 3185 2723 3245 ταῖς
2746 3182 3102 3253 σκυθρωπαῖς
3131 3181 3442 3248 ἀγγελίαις.
3467 3181 3575 3233 Καὶ
3597 3178 3696 3234 ἐπὶ

2105 3280 2216 3340 τοῖς
2242 3277 2317 3339 ὼς
2348 3275 2706 3345 καταθυμίοις
2747 3277 2916 3327 κινεῖν
2970 3275 3214 3342 πέφυκεν
3258 3272 3475 3343 ἡδονήν·
3521 3271 3688 3341 θυμὸς

2106 3368 2171 3420 ἐκ
2219 3367 2317 3437 τῆς
2364 3366 2637 3438 τυχούσης
2667 3367 2966 3421 ἀνάπτεται
3015 3367 3365 3438 προφάσεως,
3412 3366 3685 3435 βράσσων,

2108 3462 2200 3513 καὶ
2230 3459 2433 3514 κλονῶν
2466 3460 2586 3513 ὅλον
2617 3460 2677 3511 τὸ
2710 3459 2893 3530 σῶμα,
2934 3460 3029 3513 καὶ
3068 3459 3157 3512 τὸν
3189 3458 3451 3527 λογισμὸν
3483 3456 3684 3523 ταράτ-

2106 3568 2235 3615 των,
2268 3551 2364 3605 καί
2400 3551 2567 3604 οολῶν
2606 3551 2667 3604 τὸ
2697 3551 2937 3621 καθαρὸν
2968 3550 3180 3611 τούτου,
3216 3550 3471 3618 καθάπερ
3505 3547 3687 3616 πηγῆς

2107 3642 2328 3709 διαυγὲς
2359 3642 2673 3713 ὓδωρ,πρὸς
2703 3641 2763 3694 τὸ
2797 3641 2870 3712 μὴ
2897 3641 3112 3709 τρανῶς
3132 3639 3365 3711 ὁρᾶσθαι
3396 3639 3506 3691 τῶν
3531 3637 3686 3691 ἐνθυ-

2112 3733 2249 3803 μίων
2302 3735 2429 3796 τοὺς
2468 3732 2692 3796 τύπουςο
2724 3732 2998 3796 κενοδοξία
3034 3731 3383 3801 δημοσιεύειν
3426 3731 3486 3783 τὸ
3526 3730 3682 3800 ἔργον

2110 3821 2379 3892 βιάζεται,
2415 3821 2614 3891 μᾶλλον
2641 3820 2947 3891 ἀνθρώποις
2976 3821 3231 3891 ἀρέσκειν
3263 3821 3514 3885 θέλουσα,
3547 3820 3580 3887 ἧ
3611 3817 3684 3888 τῷ

2108 3911 2246 3982 Θεῷ,
2278 3913 2523 3975 καὶτοὺς
2562 3912 2759 3974 πόνους
2802 3912 3097 3984 ἀχρειοῦσα
3141 3912 3223 3981 (ού
3258 3912 3367 3984 γὰρ
3406 3912 3686 3966 ἀκολουθεῖ

2106 4002 2185 4072 τῷ
2224 4002 2559 4073 πλημμελῶς
2605 4003 2875 4073 γινομένῳ
2925 4004 2952 4055 ὁ
3005 4003 3214 4073 μισθὸς,
3252 4004 3377 4055 ἐπεὶ
3426 4004 3502 4073 μὴ
3553 4002 3684 4072 πρὸς

2109 4094 2403 4164 ἀρέσκειαν
2446 4094 2538 4145 τοῦ
2570 4094 2897 4164 ἀμείϐεσθαι
2929 4094 3250 4164 δυναμένου,
3294 4094 3429 4165 πρὸς
3468 4094 3683 4149 ἔπαινον

435 4182 748 4240 hominibus
786 4201 950 4254 quam
985 4186 1122 4254 Deo,
1156 4200 1209 4243 ct
1238 4190 1453 4246 labores
1483 4192 1703 4247 inutiles
1730 4193 2001 4262 reddens;

2110 4185 2165 4237 δὲ
2188 4185 2293 4237 τῶν
2322 4182 2568 4254 ὁρώντων
2593 4185 2621 4235 ό
2646 4183 2848 4246 σκοπὸς
2874 4183 3101 4235 ἔϐλεπεν
3129 4182 3307 4254 ὅλως)ο
3341 4183 3683 4253 ὑπερηφανία

432 4287 533 4328 uec
579 4275 724 4328 enim
772 4275 848 4339 id,
898 4278 1043 4346 quod
1080 4294 1361 4350 perperam
1397 4281 1599 4336 factum
1646 4294 1749 4348 est,
1797 4300 2004 4341 merces

435 4365 543 4420 ulla
593 4368 968 4436 consequitur,
1028 4372 1247 4439 quando
1291 4387 1398 4427 non
1446 4376 1510 4428 ad
1552 4375 1873 4443 placendum
1917 4376 2002 4445 ei,

433 4456 526 4524 qui
552 4466 732 4528 potest
756 4460 977 4529 praemia
1002 4463 1318 4529 rependere,
1339 4479 1524 4521 verum
1548 4466 1615 4520 ad
1641 4477 2003 4536 spectatorum

435 4546 652 4602 laudem
707 4563 908 4619 scapus
967 4552 1191 4609 omnino
1236 4556 1586 4624 respiciebat;
1635 4561 1890 4631 superbia
1937 4564 2005 4619 ad

436 4640 707 4695 tumidum
749 4639 954 4696 fastum
995 4645 1195 4700 attollit
1245 4661 1425 4716 sensa,
1471 4664 1798 4722 omnemque
1828 4655 2005 4710 homi-

437 4745 562 4784 nem
592 4738 944 4786 contemnere
973 4731 1153 4800 docet,
1188 4746 1241 4790 et
1267 4737 1429 4794 simul
1452 4740 1717 4811 despuere
1748 4755 2004 4814 tanquam

437 4822 573 4874 viles
594 4836 955 4892 quoscunque
987 4823 1233 4894 ejusdem
1266 4833 1477 4900 generis
1498 4872 1513 4897 ,
1562 4834 1613 4888 in
1660 4835 1891 4890 sublime
1922 4847 2006 4890 ato

439 4909 581 4964 tollit
614 4916 849 4965 mentem
880 4911 945 4966 ad
976 4916 1291 4980 amentiam,
1324 4926 1377 4973 et
1400 4922 1692 4991 persuadet
1721 4933 1781 4977 ut
1816 4924 2007 4995 imagi-

436 5015 634 5055 netnur
661 5003 1025 5071 aequalilatetn
1067 5021 1189 5060 cum
1222 5004 1367 5076 Dco;
1402 5012 1790 5080 providentiam
1826 5025 1879 5069 et
1906 5031 2007 5085 gu-

434 5092 813 5148 bernationem
872 5095 1152 5162 melioris,
1210 5113 1305 5152 seu
1354 5098 1604 5157 Numinis
1648 5098 1768 5157 non
1814 5106 2004 5172 novit;

438 5181 657 5252 quando
708 5185 897 5254 gratiis
940 5185 1527 5266 perfruitur,greputat
1587 5209 1708 5249 sese
1767 5196 2008 5265 recipere

439 5273 583 5343 quod
621 5275 876 5343 operibus
915 5277 1170 5347 debetur;
1212 5281 1307 5335 Dei
1345 5287 1777 5352 c00pcratiouem
1817 5287 1871 5341 in
1923 5287 2008 5343 bis

440 5381 561 5434 qua:
593 5364 739 5431 facit,
772 5374 826 5418 et
854 5376 1000 5422 recte
1030 5371 1187 5440 gerit,
1221 5387 1327 5426 non
1360 5374 1472 5427 vult
1500 5390 1815 5444 agnoscere,
1848 5376 2006 5432 sulti-

440 5458 672 5512 cientem
724 5471 783 5512 se
835 5458 903 5510 ad
960 5474 1123 5515 omne
1169 5461 1368 5515 bonum
1422 5475 1604 5521 censet
1650 5481 1679 5520 e
1718 5467 2004 5537 semetipsa

514 5650 558 5679 “
576 5650 731 5705 Rom.
776 5672 871 5721 xu,
906 5658 993 5714 15.

2113 4279 2252 4350 πρὸς
2274 4278 2437 4347 ὄγκον
2463 4279 2679 4350 ἐπαίρει
2708 4279 2769 4330 τὸ
2800 4278 3071 4349 φρόνημα,
3097 4279 3460 4347 καταφρονεῖν
3491 4274 3681 4336 παντὸς

2113 4370 2401 4440 ἀνθρώπου
2432 4370 2693 4436 διδάσκει,
2725 4372 2821 4423 καὶ
2849 4369 3130 4423 διαπτύειν
3178 4369 3251 4430 ὡς
3281 4368 3498 4430 εὐτελὲς
3544 4366 3681 4418 ἀπαν

2113 4460 2250 4531 ὁμοῦ
2310 4461 2371 4514 τὸ
2419 4461 2714 4531 ὁμόφυλον,
2761 4459 3081 4530 μετεωρίζει
3123 4458 3214 4510 τὸν
3255 4457 3520 4527 λογισμὸν
3553 4455 3681 4524 πρὸς

2114 4553 2393 4619 ἀπόνοιαν,
2448 4552 2683 4606 ἰσοθεῖαν
2741 4552 2920 4605 πείθει
2962 4549 3354 4620 φαντάζεσθαι,
3431 4549 3677 4619 πρόνοιαν

2116 4646 2208 4699 καὶ
2237 4644 2562 4715 κηδεμονίαν
2593 4642 2686 4695 τοῦ
2719 4644 3040 4713 Κρείττονος
3067 4643 3167 4695 οὐκ
3196 4642 3508 4701 ἐπίσταται,
3535 4639 3676 4706 ὀφει-

2112 4735 2210 4806 λὴν
2241 4734 2419 4805 ἔργων
2444 4732 2853 4805 ἀπολαμϐάνειν
2880 4731 3152 4799 λογίζεται
3180 4726 3253 4784 ὧν
3285 4730 3547 4785 ἀπολαύει
3592 4745 3680 4796 χα-

2119 4827 2302 4897 ρίτων,
2339 4825 2629 4895 συνεργίαν
2659 4823 2793 4875 Θεοῦ
2828 4824 2886 4877 ἐν
2919 4818 2998 4885 οἷς
3031 4824 3260 4893 πράττει
3308 4824 3404 4876 καὶ
3438 4819 3681 4891 κατορθοῖ

2115 4918 2313 4971 εἰδέναι
2346 4916 2407 4968 ού
2443 4913 2712 4983 βούλεται,
2741 4914 3020 4984 αὐτάρκης
3049 4915 3214 4984 ἐαυτῇ
3247 4914 3385 4983 πρὸς
3413 4915 3521 4966 πᾶν
3553 4916 3678 4977 ἁγα-

2115 5011 2207 5064 θὸν
2250 5005 2392 5062 εἶναι
2427 5006 2658 5076 νομίζει,
2704 5005 2879 5058 πάντα
2928 5007 2995 5076 τῇ
3050 5006 3224 5074 οἰήσει
3266 5004 3475 5073 ἰσχύειν
3522 5003 3675 5060 δοκεῖ,

2114 5101 2264 5155 οὐδὲν
2300 5098 2558 5169 ἰσχύουσα
2586 5097 2742 5161 ὅλως,
2773 5093 3055 5165 πομφόλυξ
3087 5095 3201 5147 ἐστὶ
3236 5091 3674 5163 ύπερωγκωμένη

2114 5190 2383 5262 ὑπολήψει
2428 5186 2653 5259 ματαίᾳ,
2702 5181 2768 5258 ἧς
2815 5184 3289 5253 διαπνευσθείσης,
3351 5185 3503 5237 οὐδὲν
3556 5178 3677 5234 οὖσα

2114 5283 2417 5353 ἐλέγχεται.
2463 5279 2759 5350 Πνεύματα
2791 5276 3000 5347 πονηρά
3042 5277 3110 5327 τὰ
3152 5275 3251 5345 μὲν
3290 5274 3529 5343 ἐχόμενα
3569 5269 3676 5343 τρί-

2116 5377 2232 5447 βου,
2278 5376 2459 5445 τίθησι
2506 5370 2774 5426 σκάνδαλα
2828 5371 2943 5432 τοῖς
2982 5366 3233 5420 δοκοῦσιν
3280 5367 3544 5459 εὐλόγοις,
3584 5361 3675 5459 τῆς

2113 5465 2370 5537 ἀληθείας
2400 5462 2702 5532 ἀπάγοντα,
2740 5460 2905 5529 ἔτερα
2940 5455 3189 5526 καθάπερ
3215 5459 3470 5525 πετηνοῖς
3514 5457 3569 5506 ἐν
3604 5455 3673 5517 τῷ
