4046 6152
365 320 504 384 ιρις)
1145 322 1243 381 DE
1283 323 1772 386 VOLUNTARIA
1808 325 2308 388 PAUPERTATE
2338 329 2438 388 AD
2463 323 2825 391 'MAGNAM.
3481 329 3619 398 toso

357 435 480 503 ἀέρι
523 433 942 487 διαπετάννυσιν
978 431 1188 495 δίκτυα,
1232 436 1360 498 τούς
1389 438 1570 506 ὢιίγον
1595 439 1706 492 τῶν
1731 439 1922 510 γηΐνωι

2042 455 2163 496 esse
2188 459 2202 506 ;
2238 441 2338 495 sibi
2369 441 2580 495 videtur
2605 443 2787 496 omnia
2813 457 2996 512 posse,
3027 443 3195 498 nimia
3219 445 3620 506 existimatione

358 525 672 594 ὐψωθέντας
709 523 922 595 βρόχων
958 525 1071 586 τοῖς
1112 525 1474 595 ὑπερέχουσιν
1509 531 1591 593 είς
1617 530 1922 594 ἀλαζονείαι

2025 533 2130 596 sui,
2165 547 2289 586 cum
2321 533 2457 586 nihil
2485 534 2712 588 omnino
2739 535 2948 600 valeat;
2977 535 3124 590 bulla
3151 546 3236 592 est
3281 539 3445 594 nimia
3473 543 3618 597 mole

354 617 616 684 ἀγρεύειν
637 615 978 687 πειρώμενα.
1444 662 1468 686 ο

2025 623 2236 694 turgida
2282 637 2380 678 sua
2435 637 2501 677 ex
2563 624 2818 692 opinione
2879 625 3074 691 stulta,
3129 641 3250 696 quae
3296 631 3616 696 exsaniata,

355 711 520 783 309
553 711 688 765 nihil
714 724 836 764 esse
861 709 1126 779 arguitur.
1171 709 1292 765 Mali
1325 711 1546 780 quidem
1581 715 1809 784 spiritus
1858 716 1933 770 illi
1973 717 2028 771 in
2095 717 2289 770 semita
2357 725 2763 770 commorantes
2795 725 3006 787 ponunt
3035 719 3356 776 oll'endicula
3390 725 3492 788 his,
3525 729 3618 796 qui

355 804 460 858 sibi
491 803 748 856 videntur
773 800 1146 866 rationabiles,
1199 810 1257 855 ut
1292 817 1389 856 eos
1419 818 1450 857 a
1501 806 1727 860 veritate
1767 806 2062 868 abducant,
2092 805 2184 858 alii
2253 805 2412 859 sicuti
2475 805 2810 870 volucribus,
2843 807 2897 860 in
2958 823 3082 863 aere
3121 810 3255 864 retia
3283 815 3616 882 expandunt,

355 899 630 948 tentantes
660 891 824 960 paulo
852 905 883 944 a
911 890 1144 945 terrenis
1173 891 1441 947 exaltatos
1482 893 1692 964 laqueis
1719 895 2254 966 supereminentibus
2283 895 2351 950 ad
2381 895 2701 964 iactantiam
2733 898 3019 966 aucupari.

960 997 1218 1054 ΚΕΦΑΛ.
1256 998 1367 1054 Ξ’.’
1427 995 1434 1002 ’

429 1114 598 1168 Ἀλλα
632 1113 762 1176 τούς
799 1111 1154 1182 ἑπουρανίους
1171 1113 1547 1168 καταλαϐόντα
1597 1115 1818 1184 τόπους,
1855 1116 1933 1182 ὥς

356 1221 518 1275 φησιν
547 1204 575 1256 6
595 1201 906 1266 Παῦλος,τὰ
939 1203 1288 1268 πνευματικὰ
1308 1205 1408 1273 τῆς
1433 1205 1700 1277 πονηρίας
1733 1209 1791 1260 ὲν
1817 1211 1931 1272 τοῖς

353 1297 725 1368 ἐπουρανίοις,
757 1295 886 1358 τοὺς
911 1295 972 1348 τὸ
1003 1295 1304 1367 πολίτευμα
1347 1297 1572 1368 ἔχοντας
1601 1301 1659 1352 ἐν
1689 1301 1926 1372 οὐρανῷ,

352 1391 470 1444 ἐκεῖ
495 1388 602 1442 τῶν
632 1391 728 1458 τῆς
771 1386 1151 1457 ὑπερηφανίας
1187 1387 1338 1451 ὲντὺς
1371 1387 1591 1456 ἀρκύων
1633 1389 1928 1459 πειρῶνται

353 1483 560 1537 λαϐεῖν’
601 1475 645 1548 ᾧ
694 1480 861 1536 πάθει,
900 1479 991 1534 τὸν
1032 1480 1248 1550 πρῶτον
1281 1480 1654 1550 ἀπονοηθέντα
1681 1479 1928 1535 διάϐολον

354 1573 651 1627 κατέϐα).ον
680 1576 758 1636 εἰς
792 1573 891 1643 τὴν
923 1574 1046 1642 γῆν,
1079 1571 1252 1643 τούτῳ
1276 1573 1404 1636 τούς
1428 1571 1820 1634 ἀναϐαίνοντας
1848 1571 1928 1642 τῷ

357 1663 459 1733 βίῳ
485 1664 552 1716 ὲκ
589 1663 687 1732 τῆς
715 1663 892 1732 ἄκρας
934 1662 1219 1732 περιωπῆς
1251 1659 1628 1731 καταστρέψαι
1661 1675 1924 1730 πραγμα-

353 1754 788 1826 τευόμενα.”οσα
800 1754 857 1806 δὲ
874 1753 1119 1822 πολεμεῖ,
1138 1753 1232 1806 καὶ
1250 1751 1530 1816 πυκτεύει,
1554 1750 1649 1804 καὶ
1671 1751 1924 1822 μάχεται,

355 1844 759 1916 παγκρατιάζει
800 1861 882 1907 τε,
927 1843 1021 1896 καὶ
1061 1843 1302 1904 παλαίει,
1349 1843 1443 1896 καὶ
1485 1843 1770 1913 συντρέχει
1813 1843 1925 1904 τοῖς

350 1935 654 2008 τρέχουσιν,
681 1935 782 2005 οὐχ
803 1935 889 1988 ἵνα
921 1935 1038 2004 μετ’
1059 1933 1238 1987 αὐτῶν
1267 1933 1360 1985 ἐπὶ
1380 1932 1439 1984 τὺ
1464 1931 1716 2003 βραϐεῖον
1742 1929 1923 2002 φθάσῃ

349 2033 452 2100 τῆς
474 2028 722 2090 κλίσεως,
755 2025 870 2078 ἀλλ’
906 2027 1053 2087 ὃπως
1091 2025 1527 2078 ὐποσκελίσαντα
1553 2022 1819 2096 ὲμποδίσῃ
1846 2021 1926 2092 τῷ

349 2119 552 2190 δρόμῳ,
584 2113 756 2168 πολλὰ
781 2113 930 2176 ὄντα,
958 2111 1034 2175 ὡς
1062 2113 1154 2164 καὶ
1177 2111 1205 2163 6
1231 2111 1440 2174 Παῦλός
1469 2127 1624 2179 φησι,
1652 2109 1745 2161 καὶ
1770 2107 1927 2177 ποιῆ-

352 2226 442 2262 σαι
470 2207 713 2279 τῷλόγῳ
751 2207 925 2276 μῆκος
947 2204 1242 2272 δυνάμενα,
1274 2201 1506 2272 χαλεπὸν
1535 2199 1740 2270 ἀπαριο
1749 2199 1925 2270 μήσα-

352 2300 474 2353 σθαι
503 2299 598 2352 καὶ
634 2299 694 2350 οὐ
727 2297 926 2368 ρᾲδιον,
961 2289 1040 2356 οἷς
1069 2295 1114 2346 οἱ
1144 2293 1440 2364 μαχόμενοι
1464 2291 1651 2361 καιρὸν
1673 2288 1924 2360 οὐδαμῶς

351 2391 594 2460 ἴσχουσιν
657 2388 905 2456 ἀσχολεῖν
947 2385 1084 2456 πρὸς
1122 2384 1286 2455 ἕτερα
1323 2383 1422 2454 τὴν
1445 2382 1680 2436 διάνοιαν
1703 2381 1802 2450 τῆς
1827 2398 1922 2433 τυο

351 2481 552 2550 χούσης
580 2477 902 2546 ἀπαγωγῆς,
927 2475 1136 2536 τούτοις
1161 2474 1258 2544 μὲν
1280 2473 1468 2543 ἥττης,
1499 2475 1613 2529 τοῖς
1633 2471 1688 2524 δὲ
1711 2471 1923 2542 ἐχθροῖς

350 2573 502 2640 νίκῃς
536 2569 826 2640 γινομένης
843 2567 1038 2630 αἰτίας.
1073 2565 1294 2628 Τούτοις
1315 2560 1406 2618 οὖν
1436 2563 1726 2634 προσέχειν
1751 2565 1922 2629 ἀναγ-

349 2663 522 2724 καῖον,
559 2659 758 2730 καὶμὴ
825 2655 1196 2728 περισπᾶσθαι
1241 2656 1377 2726 πρὸς
1428 2654 1496 2707 τὰ
1557 2651 1921 2723 συνεργοῦντα

347 2751 468 2807 καθ’
495 2751 652 2822 ἡμῶν
682 2753 796 2812 τοῖς
833 2747 1168 2810 ἀντιπάλοις.
1208 2747 1272 2799 Ὀ
1323 2744 1430 2816 γὰρ
1461 2745 1526 2798 ἄν
1570 2761 1654 2806 τις
1699 2742 1921 2812 λογίση-

345 2859 435 2896 ται
487 2840 595 2896 τῶν
633 2841 708 2910 μὴ
741 2838 1136 2892 συντελούντων
1169 2836 1305 2907 πρὸς
1334 2837 1432 2904 τὴν
1470 2835 1777 2904 γυμνασίαν
1821 2834 1921 2902 τῆς

346 2915 618 3004 ἡμετέρας
648 2929 948 3000 ἀθλήσεως,
980 2927 1138 2982 τοῦτο
1167 2927 1306 2997 λαϐὴ
1345 2931 1458 2990 τοῖς
1484 2927 1752 2989 ἐναντίοις
1781 2927 1918 2991 ἐστὶ,

349 3017 789 3088 μεσολαϐούντων
825 3019 994 3086 ἡμᾶς,
1025 3016 1120 3069 καὶ
1164 3016 1267 3083 ἔξω
1293 3017 1596 3086 βαλλόντων
1628 3015 1719 3067 τού
1751 3015 1922 3084 σκάμ-

2631 1003 2860 1061 CAPUT
2903 1005 3016 1062 LX.

2106 1119 2212 1175 Alii
2263 1119 2508 1192 (scilicet
2554 1119 2814 1192 spiritus)
2870 1123 3112 1178 coelestia
3163 1129 3278 1183 loca
3314 1131 3614 1187 invadendo

2036 1209 2198 1280 (cum
2231 1211 2376 1277 sint,
2411 1221 2472 1266 ut
2503 1213 2578 1266 ait
2620 1209 2824 1268 Paulus
2849 1253 2864 1277 ,
2914 1215 3218 1282 spiritualia
3262 1224 3514 1290 nequitiae
3561 1227 3614 1278 in

2035 1303 2350 1358 caelestibus
2375 1303 2486 1374 ⁸⁵),
2531 1318 2628 1358 eos
2669 1305 2764 1374 qui
2802 1310 3277 1364 conversationem
3329 1312 3528 1368 habent
3557 1315 3614 1370 in

2034 1393 2188 1449 cmlis
2212 1395 2281 1459 ⁸⁸,
2317 1395 2390 1449 ibi
2435 1392 2576 1448 intra
2605 1396 2876 1465 superbia:
2902 1400 3130 1454 reticula
3175 1417 3366 1472 capere
3408 1420 3614 1458 conan-

2033 1495 2161 1553 tur;
2213 1503 2321 1557 qua
2355 1489 2614 1557 passione
2645 1489 3014 1546 dementatum
3053 1494 3288 1564 primum
3332 1495 3609 1550 diabolum

2031 1578 2366 1650 prtecipitem
2425 1579 2738 1648 dejecerunt
2803 1583 2856 1636 in
2911 1592 3133 1648 terram,
3191 1585 3293 1641 hac
3347 1602 3462 1652 eos,
3517 1588 3610 1658 qui

2033 1669 2338 1724 ascendunt
2366 1669 2495 1726 illuc
2519 1673 2644 1726 vitae
2671 1671 2829 1727 istius
2852 1688 3066 1743 genere,
3098 1690 3128 1729 e
3157 1691 3371 1731 summa
3394 1679 3609 1746 specula

2033 1768 2092 1812 ut
2132 1759 2392 1814 deorsum
2447 1777 2667 1817 eversos
2717 1763 3024 1832 projiciant,
3078 1769 3430 1822 contendunt.
3468 1768 3611 1835 Quot

2027 1863 2154 1904 vero
2183 1849 2540 1920 belligerant,
2569 1861 2623 1907 et
2653 1863 2916 1922 pugnant,
2949 1865 3002 1922 et
3027 1856 3328 1921 decertant,
3365 1867 3420 1912 et
3457 1875 3612 1914 exer-

2027 1950 2151 1996 cent
2175 1957 2234 1997 se
2255 1944 2404 1996 omni
2431 1944 2750 2008 certamine,
2775 1953 2830 1999 et
2856 1945 3154 2011 luctantur,
3187 1957 3242 2002 et
3266 1958 3610 2004 concurrunt

2029 2049 2154 2088 cum
2183 2035 2554 2099 currentibus,
2593 2051 2700 2090 non
2738 2045 2798 2090 ut
2827 2052 2950 2092 cum
2981 2037 3114 2108 ipsis
3141 2040 3427 2108 praemium
3461 2041 3606 2095 obti-

2028 2130 2196 2176 neant
2245 2124 2585 2190 vocationis,
2639 2125 2732 2180 sed
2769 2134 2827 2179 ιιι
2859 2141 2952 2182 eos
2983 2129 3384 2197 supplantando
3435 2130 3607 2198 impe-

2025 2211 2176 2266 diant
2207 2228 2236 2266 a
2270 2228 2464 2280 cursu;
2503 2231 2627 2269 cum
2660 2216 2814 2270 multi
2849 2217 3114 2272 exsistant
3146 2218 3252 2288 (uti
3307 2229 3360 2272 et
3402 2217 3606 2276 Paulus

2025 2301 2103 2356 ait
2127 2301 2203 2370 ⁸⁷)
2235 2311 2291 2357 et
2320 2304 2594 2373 prolixum
2631 2319 2941 2359 sermonem
2971 2307 3187 2376 exigere
3217 2309 3449 2376 possint,
3483 2323 3605 2362 mo-

2026 2391 2224 2448 lestum
2261 2403 2371 2458 est,
2404 2411 2502 2449 nec
2527 2395 2650 2450 illos
2676 2395 2834 2450 facile
2857 2396 3226 2463 dinumerare,
3259 2414 3381 2452 cum
3406 2398 3606 2467 quibus

2023 2497 2333 2556 pugnantes
2365 2503 2710 2558 nequaquam
2752 2489 2934 2542 valent
2967 2503 3234 2558 occupare
3267 2497 3502 2543 mentem
3546 2489 3605 2543 in

2025 2577 2149 2631 aliis
2181 2579 2368 2642 rebus,
2403 2595 2540 2648 quas
2567 2579 2688 2632 talis
2721 2580 3021 2648 requireret
3049 2578 3342 2644 abductio;
3377 2593 3494 2648 (luat
3520 2577 3605 2633 his

2026 2671 2246 2739 quidem
2276 2687 2442 2725 causa
2473 2670 2614 2725 foret
2641 2671 2834 2735 cladis,
2864 2669 3102 2724 inimicis
3131 2678 3313 2723 autem
3342 2669 3601 2722 victoriae.

2021 2760 2103 2815 Ad
2150 2761 2267 2816 bare
2301 2761 2468 2832 igitur
2499 2765 2778 2817 attendere
2810 2776 3094 2816 necessum
3134 2769 3237 2824 est,
3277 2776 3452 2830 neque
3494 2760 3606 2813 dis-

2025 2849 2162 2904 trahi
2197 2850 2262 2904 ad
2295 2867 2381 2916 ea,
2415 2867 2538 2920 qua:
2566 2859 2756 2906 contra
2798 2866 2900 2906 nos
2953 2851 3282 2905 adversariis
3311 2865 3606 2919 cooperan-

2025 2949 2148 3006 tur;
2177 2943 2320 3011 quod
2347 2942 2490 2996 enim
2521 2951 2713 2997 censet
2744 2941 2943 3010 aliquis
2977 2956 3097 2995 esse
3119 2956 3184 2995 ex
3216 2941 3303 3004 iis,
3333 2956 3451 3010 qua:
3473 2939 3604 2993 nihil

2027 3031 2323 3086 conferunt
2351 3033 2419 3087 ad
2453 3035 2898 3088 exercitationem
2925 3033 3098 3086 nostri
3129 3032 3462 3096 certaminis,
3501 3031 3604 3086 hoc

348 3125 534 3178 ματος,
571 3108 710 3175 ὅπερ
744 3109 836 3160 καὶ
875 3109 1027 3172 αὐτὸ,
1066 3109 1114 3162 εί
1147 3109 1242 3161 καὶ
1273 3107 1350 3178 μὴ
1379 3107 1600 3176 πτῶμα,
1635 3105 1750 3160 ἀλλ’
1773 3109 1922 3176 ὅμως

2029 3122 2094 3174 ad
2132 3122 2550 3188 prchensionent
2583 3122 2836 3176 hostibus
2866 3130 2949 3176 est
2979 3131 3164 3190 aptum
3189 3163 3204 3185 ,
3242 3137 3350 3189 quo
3397 3136 3502 3174 nos
3546 3121 3602 3174 in

342 3193 483 3272 ἦττά
515 3199 1144 3271 ἐστι,παρασαλευθῆναι
1173 3197 1274 3272 τῆς
1305 3197 1674 3268 βεϐαιότητος,
1707 3199 1799 3251 καὶ
1825 3197 1915 3265 ἀφ’

344 3285 420 3347 ὧν
457 3291 562 3345 ἔδει
601 3291 908 3362 φροντίζειν
933 3289 1205 3361 ὲξωθῆναι
1243 3292 1334 3343 ἐπὶ
1373 3291 1442 3343 τὰ
1473 3289 1735 3360 μηδαμῶς
1767 3307 1918 3359 μερι-

349 3383 582 3452 μνᾶσθαι
605 3383 909 3450 ὀφείλοντα·
942 3383 1154 3452 ἐπειδὴ,
1179 3381 1508 3450 δικαζοΰσης
1539 3379 1816 3449 ἀληθείας,
1842 3380 1917 3443 ὡς

345 3472 405 3526 ἐν
435 3470 588 3534 ὕλαις
617 3473 650 3541 ἡ
681 3473 946 3542 ἐνέργεια,
973 3471 1146 3534 οὕτως
1168 3473 1223 3524 ἐν
1259 3469 1476 3540 βουλαῖς
1502 3473 1530 3524 6
1559 3475 1634 3545 μὴ
1661 3469 1918 3539 καθήκων

345 3561 601 3630 λογισμὸς
628 3556 765 3634 ἧττα
823 3563 920 3615 καὶ
950 3561 1150 3630 πτῶμα
1175 3563 1310 3614 ἐστι.
1337 3562 1434 3614 Διὰ
1463 3561 1640 3628 τοῦτο,
1669 3561 1919 3632 λογισμοὶ

346 3651 568 3706 δικαίων
590 3653 848 3722 κρίματαο
880 3653 1186 3723 κυϐερνῶσι
1221 3653 1276 3704 δὲ
1310 3653 1400 3704 καὶ
1428 3653 1646 3714 ἀσεϐεῖς
1678 3653 1862 3715 δόλους
1901 3669 1914 3682 ’

343 3745 393 3798 oi
439 3747 537 3816 μὲν
567 3744 860 3818 βεϐηκότες
923 3748 980 3800 ἐν
1023 3743 1100 3814 τῷ
1141 3743 1330 3814 ἀγαθῷ
1377 3743 1736 3814 κεκριμένως,
1767 3746 1816 3796 οἱ
1862 3744 1918 3798 δὲ

345 3839 484 3909 πρὸς
511 3837 572 3890 τὸ
595 3838 766 3891 κακὸν
794 3838 1044 3900 εὐκόπως
1077 3836 1442 3905 οἰακιζόμενοι
1477 3835 1629 3906 παρὰ
1664 3835 1757 3889 τοῦ
1785 3837 1921 3904 πρὸς

343 3930 403 3982 τὸ
437 3930 799 4000 προκείμενον
827 3929 1102 3992 ποικίλαις
1135 3929 1380 4000 μεθόδοις
1417 3927 1790 3998 κυϐερνῶντος
1829 3929 1920 3982 τὸν

341 4018 514 4082 δόλον,
547 4019 622 4088 πῆ
659 4019 758 4089 μὲν
789 4012 912 4084 ὧδε,
946 4018 1022 4088 πῆ
1048 4018 1102 4070 δὲ
1133 4019 1331 4081 ἐκεῖσε,
1363 4015 1602 4086 συνεχῶς
1629 4017 1922 4086 τρέποντος

341 4108 412 4160 τὰ
443 4108 787 4178 βουλεύματα
814 4108 1064 4179 καθάπερ
1096 4107 1270 4160 ἱστίου
1303 4105 1626 4176 μεταϐολαῖς
1651 4106 1922 4168 ίθύνοντος

340 4199 436 4253 τοῦ
469 4201 655 4254 πλοίου
692 4200 782 4252 τὸν
825 4200 1026 4270 δρόμον
1079 4198 1216 4270 πρὸς
1246 4195 1339 4261 οὓς
1371 4195 1620 4267 ἐξορμῶν
1661 4195 1922 4268 προέθετο

339 4285 588 4356 λιμένας.
618 4289 716 4340 Διὰ
745 4287 901 4340 τοῦτο
927 4289 954 4340 ό
985 4289 1082 4357 μέν
1113 4303 1265 4356 φησι·
1305 4306 1323 4338 t
1368 4286 1579 4355 Καρδία
1615 4285 1807 4356 ἀνδρὸς
1833 4285 1922 4338 λο-

343 4377 583 4446 γιζέσθω
611 4380 816 4442 δίκαια,
849 4380 936 4432 ἵνα
963 4379 1068 4431 ὐπὸ
1097 4378 1231 4430 Θεοῦ
1257 4377 1524 4448 διορθωθῇ
1557 4376 1626 4430 τὰ
1649 4377 1921 4446 διαδήμα-

2030 3209 2212 3262 tncdio
2245 3224 2408 3264 cursu
2445 3209 2814 3280 intercipiant,
2849 3219 2903 3264 et
2933 3219 3084 3264 extra
3117 3209 3320 3264 fossam
3348 3225 3443 3264 seu
3475 3224 3602 3274 gra-

2019 3301 2090 3353 du
2114 3317 2144 3352 ιι
2193 3284 2483 3368 dejiciant;
2526 3301 2673 3371 quod
2709 3302 2960 3370 equidem
3001 3301 3164 3371 310
3200 3300 3452 3370 quamvis
3494 3315 3600 3354 non

2025 3391 2092 3442 sit
2129 3391 2336 3460 lapsus,
2368 3401 2608 3446 attamen
2643 3390 2935 3446 inferiores
2965 3401 3094 3446 sunt
3117 3401 3318 3460 partes,
3350 3391 3602 3460 aliquan-

2020 3488 2136 3535 tum
2177 3481 2390 3537 scilicet
2416 3483 2636 3537 concuti
2684 3497 2714 3535 a
2758 3483 2933 3550 prima
2978 3481 3268 3542 firmitate,
3304 3491 3359 3535 et.
3403 3481 3473 3534 ab
3513 3482 3601 3541 iis,

2021 3590 2144 3643 quae
2173 3589 2367 3629 curare
2416 3573 2800 3628 debuissemus
2847 3569 3082 3631 extrudi,
3125 3577 3180 3624 et
3217 3569 3378 3637 dejici
3415 3569 3480 3622 ad
3513 3585 3601 3632 ea,

2019 3668 2084 3718 de
2144 3667 2344 3732 quibus
2392 3666 2552 3721 nobis
2607 3664 2756 3718 nulla
2803 3663 2962 3717 debet
3016 3675 3138 3715 esse
3234 3659 3578 3722 sollicitudo;

2025 3755 2492 3824 quandoquidem,
2534 3755 2578 3808 si
2609 3752 3044 3808 controversiam
3081 3749 3282 3805 veritas
3313 3751 3601 3819 disceptet,

2021 3843 2163 3897 sicut
2197 3842 2250 3894 in
2282 3841 2524 3896 materiis
2555 3839 2836 3910 operatio,
2884 3839 2957 3891 ita
3005 3837 3059 3890 in
3102 3837 3474 3892 voluntatibus
3519 3838 3603 3890 in-

2021 3931 2358 3986 conveniens
2406 3929 2668 4000 cogitatio
2714 3937 2800 3982 est
2833 3926 3124 3980 diminutio
3161 3934 3212 3979 et
3250 3941 3436 3980 casus.
3480 3926 3602 3980 Ideo

2022 4021 2388 4090 cogitationes
2417 4021 2688 4088 iustorum
2730 4017 2938 4086 judicia
2974 4015 3218 4082 dirigunt
3248 4033 3260 4069 :
3294 4016 3602 4084 gubernant

2020 4125 2151 4164 vero
2181 4119 2236 4163 et
2267 4109 2421 4176 impii
2451 4108 2608 4161 dolos
2638 4107 2705 4160 ⁸⁸.
2753 4104 2921 4158 Primi
2948 4105 3168 4173 quidem
3199 4104 3291 4158 ubi
3321 4119 3602 4174 processe-

2023 4199 2133 4254 rint
2165 4198 2408 4253 adhibito
2433 4195 2644 4265 judicio
2679 4195 2732 4247 in
2767 4194 2948 4258 bono;
2983 4193 3210 4247 secundi
3238 4208 3366 4248 vero
3393 4193 3458 4246 ad
3483 4209 3602 4246 ma-

2023 4293 2136 4346 lum
2169 4291 2363 4352 facile,
2403 4288 2559 4358 quasi
2595 4285 2966 4354 gubernaculo
2995 4283 3252 4350 admoto,
3307 4283 3497 4338 directi
3532 4286 3601 4338 ab

2023 4396 2119 4442 eo,
2174 4379 2265 4446 qui
2295 4376 2592 4432 secundum
2634 4373 2864 4444 subjecti
2916 4373 3196 4427 materiam
3225 4373 3394 4427 variis
3426 4372 3602 4427 modis

342 4484 409 4519 τα
429 4467 596 4520 αὐτοῦ
623 4483 637 4499 ο
673 4487 690 4519 ι
725 4470 752 4522 6
783 4467 860 4530 δὲ,
901 4487 919 4519 ι
953 4469 1020 4521 Εἴ
1043 4486 1126 4532 τις
1167 4469 1358 4538 ἁρετὴ,
1388 4469 1482 4522 καὶ
1508 4467 1562 4519 εί
1594 4485 1677 4530 τις
1701 4467 1920 4532 ἔπαινος

2027 4472 2213 4526 dolum
2239 4478 2459 4524 struens
2491 4473 2739 4536 apparat,
2773 4474 2828 4520 et
2850 4465 3198 4533 aliquatenus
3226 4464 3444 4534 quidem
3471 4461 3599 4523 huc,

343 4559 518 4612 ταῦτα
551 4559 854 4627 λογίζεσθε.
896 4579 914 4611 ι

2028 4564 2373 4631 aliquatenus
2400 4559 2528 4624 alio,
2563 4556 2784 4613 assidue
2813 4567 2995 4610 autem
3042 4555 3272 4610 consilia
3315 4553 3498 4617 vertit,
3533 4553 3599 4606 ad

343 4651 518 4705 instar
545 4652 647 4706 veli
703 4651 985 4720 dirigentis
1025 4667 1246 4706 rursum
1301 4652 1500 4719 navigii
1569 4667 1667 4722 pro
1731 4653 2129 4708 mutationibus
2188 4653 2255 4706 ad
2319 4665 2434 4717 eos,
2477 4665 2614 4719 quos
2656 4649 2876 4704 solvens
2920 4661 2951 4700 e
2988 4647 3222 4701 statione
3269 4644 3366 4700 sibi
3401 4658 3600 4713 propo-

344 4745 554 4808 suerit,
603 4750 830 4812 portus;
887 4743 1008 4796 ideo
1039 4743 1188 4806 dicit,
1224 4744 1435 4813 primus
1461 4745 1720 4812 quidem:
1760 4763 1778 4796 ι
1813 4744 1923 4799 Cor
1960 4744 2196 4797 hominis
2221 4741 2368 4811 justa
2400 4741 2598 4808 cogitet
2623 4777 2637 4802 ,
2680 4749 2743 4793 ut
2787 4754 2815 4791 a
2860 4737 2970 4792 Deo
3035 4751 3252 4808 gressus
3316 4734 3435 4804 ejus
3465 4733 3610 4789 diri-

345 4842 542 4902 gantur
571 4833 616 4866 ⁸ο
643 4849 658 4899 ;
702 4851 720 4884 ι
762 4832 902 4886 alter
933 4846 1100 4886 vero:
1139 4849 1157 4884 t
1192 4831 1248 4886 Si
1279 4849 1384 4902 qua
1419 4835 1611 4898 vit-tus,
1647 4843 1701 4888 et
1729 4835 1776 4888 si
1805 4850 1912 4903 qua
1948 4835 2068 4886 laus
2093 4831 2417 4901 disciplinae,-
2449 4831 2552 4884 ista
2582 4829 2816 4898 cogitate
2841 4829 2909 4881 9°.
2945 4846 2964 4878 ι

931 4945 1184 4998 ΚΕΦΑΛ.
1217 4945 1338 5000 ΞΑ’.

414 5033 510 5099 Οἷς
537 5036 603 5106 δὴ
629 5037 910 5105 λογισμοῖς
950 5035 1254 5106 κεχρῆσθαι
1292 5036 1638 5100 διδάσκοντες
1669 5039 1797 5101 τοὺς
1829 5038 1918 5091 εὔ-

339 5142 541 5179 τακτον
570 5125 716 5195 ἔχειν
749 5125 1109 5194 βουλομένους
1134 5125 1242 5178 τῶν
1267 5126 1540 5196 ὲνθυμίων
1582 5127 1672 5180 τὸν
1697 5129 1914 5198 δρόμον·

339 5216 512 5281 οὕτως
567 5218 596 5270 ό
645 5217 809 5270 Δαϐὶδ
847 5218 977 5272 ποτε
1021 5218 1120 5288 μὲν
1152 5217 1360 5287 ἔλεγεν,
1397 5237 1414 5266 α
1451 5219 1515 5272 Ἡ
1571 5219 1770 5289 μελέτη
1821 5220 1919 5288 τῆς

340 5309 570 5380 καρδίας
605 5326 708 5379 μου
743 5309 978 5372 σύνεσις-ο
1009 5329 1027 5361 ι
1061 5309 1193 5364 ποτὲ
1217 5310 1294 5370 δὲ,
1339 5327 1356 5360 ι
1398 5309 1696 5381 Μελετήσω
1723 5313 1782 5363 ὲν
1807 5314 1920 5374 τοῖς

339 5397 674 5468 δικαιώμασί
705 5415 800 5452 σου
831 5398 919 5454 διὰ
944 5398 1165 5461 παντός·
1209 5417 1226 5449 ι
1273 5399 1367 5451 καὶ
1397 5398 1580 5464 πάλιν,
1620 5417 1638 5449 ι
1673 5399 1915 5468 Μελετή-

343 5508 421 5544 σω
451 5491 510 5542 ἐν
535 5492 672 5544 πᾶσι
696 5493 810 5554 τοῖς
835 5490 1016 5562 ἔργοις
1046 5507 1139 5542 σου
1174 5493 1266 5544 καὶ
1294 5493 1348 5543 ἐν
1379 5493 1492 5554 τοῖς
1523 5490 1918 5560 ἐπιτηδεύμασί

413 5647 458 5676 ⁸⁵
489 5645 686 5714 Ephcs.
721 5663 793 5712 vt,
829 5647 916 5702 ιε.
991 5649 1039 5679 ⁸⁸
1067 5645 1300 5714 Philipp.
1338 5663 1416 5706 ιιι,
1449 5648 1538 5700 20.
1616 5645 1658 5678 ⁸⁷
1702 5647 1740 5700 ll
1771 5647 1909 5702 'l‘im.

2045 5649 2124 5708 iii,
2165 5647 2246 5699 l7.

345 5718 391 5750 ³ο
430 5715 666 5782 Philipp.
705 5732 776 5778 tv,
807 5719 860 5771 8.
937 5719 976 5748 "
1011 5716 1155 5771 Psal.
1195 5730 1374 5776 xtvnt,
1405 5723 1434 5774 4
1467 5733 1480 5782 ;
1515 5717 1657 5770 l’sal.
1698 5735 1846 5770 wn.
1885 5720 1965 5770 13.

2591 4939 2820 4995 CAPUT
2865 4936 3000 4992 LXI.

2095 5035 2190 5089 His
2224 5036 2405 5104 itaque
2433 5032 2857 5104 cogitationibus
2887 5029 3084 5082 docent
3117 5027 3193 5080 uti
3229 5026 3426 5080 debere
3454 5027 3595 5088 illos,

2024 5127 2116 5198 qui
2147 5143 2368 5182 cursum
2401 5123 2832 5178 intellectionnm
2870 5122 3008 5174 bene
3058 5117 3367 5172 ordinatum
3418 5125 3597 5170 teneri:

2022 5221 2242 5282 volunt;
2285 5219 2365 5274 sic
2408 5216 2577 5270 David
2611 5227 3002 5282 nonnunquam
3049 5209 3300 5278 equidem
3345 5207 3596 5262 dicebat:

2033 5329 2051 5360 ι
2099 5309 2376 5362 Mcditatio
2425 5307 2610 5362 cordis
2651 5303 2754 5357 ιιιεί
2805 5301 3206 5371 prudentia“;
3251 5316 3269 5346 ι
3323 5297 3594 5352 interdum

2026 5417 2154 5455 vero
2197 5419 2210 5454 :
2246 5420 2263 5450 ι
2327 5399 2632 5453 Μωίιιιὺοι
2679 5395 2732 5448 in
2782 5391 3262 5462 iustiﬁcationibus
3305 5390 3412 5444 tuis
3457 5405 3589 5444 sem-

2025 5495 2229 5562 per“;
2275 5513 2292 5544 ι
2338 5493 2502 5562 atque
2542 5501 2774 5542 rursus:
2825 5504 2842 5536 ι
2895 5484 3198 5540 Meditabor
3240 5485 3292 5536 in
3345 5481 3596 5537 omnibus

2326 5647 2368 5677 '"‘
2408 5645 2566 5698 Prov.
2604 5660 2664 5707 ιι,
2702 5642 2852 5697 5-15.
2931 5642 2974 5672 “9
3013 5639 3169 5693 Prov.
3204 5655 3286 5702 ιιι,
3313 5636 3514 5704 6;xvt,
3543 5634 3596 5700 9,

2045 5721 2088 5750 Μ
2127 5718 2266 5770 l’sal.
2301 5731 2482 5774 cum,
2523 5713 2602 5768 i6.
