4046 6152
438 293 569 364 1051

1933 301 1992 359 S.
2020 299 2183 359 NILI

3552 283 3689 348 1052

433 412 699 484 uperibus
726 412 854 476 tuis,
879 419 934 467 et
959 411 1012 465 in
1045 411 1153 467 tuis
1179 409 1398 476 studiis,
1431 424 1527 467 seu
1559 410 1720 468 factis
1741 426 2002 466 manuum

2122 427 2203 463 που
2249 406 2615 477 ἀὼλεσχὴσω.
2657 422 2676 455 ι
2735 400 2952 471 Ταύτην
3002 399 3100 469 τὴν
3146 397 3463 469 ἀδολεσχίαν
3508 397 3686 464 διδοὺς

432 515 652 558 tuarum
684 503 903 558 assidue
936 500 1348 572 contemplabor
1377 500 1446 555 ”.
1481 519 1500 553 ι
1555 499 1707 558 Hanc
1761 501 1864 557 sibi
1899 500 2003 570 ipsi

431 596 734 650 attribuens
761 592 1301 662 contemplationem,
1338 594 1498 648 ut'ne
1528 601 1746 663 tempus
1781 593 2006 647 haberet

433 687 630 741 mentis
658 685 915 739 assiduus
947 684 1105 754 311
1144 693 1326 740 motus
1355 684 1643 755 divagandi
1672 684 1740 740 ad
1767 700 1853 752 ea,
1885 700 2006 755 quae

434 777 658 831 minime
702 775 1053 841 conveniunt,
1105 775 1341 831 insideat
1370 790 1500 831 vero
1548 776 1776 832 firmiter
1826 776 2002 838 hisce,

431 882 667 939 quorum
717 868 1106 937 contemplatio
1153 868 1295 938 parit
1362 866 1775 923 oblectationem
1838 866 2010 937 pluri-

431 975 689 1031 mamque
728 960 1038 1025 utilitatem,
1083 973 1205 1028 quae
1248 967 1300 1014 et
1344 958 1459 1012 visu
1504 958 1722 1027 quidem
1759 973 2005 1022 sensum,

437 1052 817 1123 speculatione
848 1065 978 1105 vero
1004 1049 1243 1105 animam
1285 1050 1577 1105 delectant.
1613 1049 1785 1115 Quale
1816 1064 2011 1118 nempe

435 1151 520 1197 est
555 1158 699 1208 vere,
747 1142 1104 1199 meditatione
1143 1158 1371 1213 operum
1431 1141 1524 1197 Dei
1572 1156 1668 1211 per
1694 1141 2008 1194 universum

430 1232 717 1297 diversari,
766 1240 822 1288 et
861 1233 1156 1303 aliquando
1203 1234 1269 1288 ad
1315 1234 1512 1288 coelum
1548 1231 1766 1302 quidem
1796 1240 2014 1300 proten-

432 1327 561 1379 dere
623 1324 877 1391 oculum,
957 1325 1057 1380 soli
1120 1340 1216 1395 per
1276 1325 1458 1390 diem,
1513 1332 1570 1379 et
1623 1330 1788 1377 noctu
1841 1322 2012 1376 stellis

435 1416 809 1473 attendendo:
852 1433 1247 1488 nonnunquam
1304 1432 1429 1472 vero
1461 1426 1517 1472 et
1566 1416 1721 1470 illum
1776 1414 2015 1483 dejicere

438 1510 493 1561 in
536 1516 734 1562 terram
781 1509 1026 1579 germina
1071 1508 1444 1578 respiciendo,
1500 1507 1774 1562 fructuum
1837 1505 2014 1559 omni-

435 1614 726 1668 genarum,
757 1608 811 1653 et
840 1599 1159 1655 animalium
1187 1599 1620 1671 quamplurimas
1647 1596 2011 1653 diversitates.

2108 497 2306 567 ἐαυτῷ,
2341 498 2429 550 ἴνα
2463 495 2538 567 μὴ
2561 493 2660 566 ἔχῃ
2688 492 2879 564 καιρὸν
2899 491 2959 544 τὸ
2984 490 3079 544 τοῦ
3094 489 3186 543 νοῦ
3214 488 3522 559 ἀεικίνητον
3552 492 3687 560 pay..-

2108 587 2322 661 δασμοῦ
2358 587 2450 641 ἐπὶ
2481 587 2551 640 τά
2583 585 2657 656 μὴ
2692 583 3023 653 καθήκοντα,
3079 580 3416 653 προσεδρεύῃ
3461 579 3518 633 δέ
3561 579 3689 634 τού⁴

2108 697 2244 745 τοις,
2271 673 2345 734 ὧν
2372 679 2405 748 ή
2433 675 2718 747 ἀδολεσχία
2743 674 2935 744 τέρψιν
2961 672 3095 743 ἔχει,
3129 673 3225 727 καὶ
3254 671 3527 741 ὠφέλειαν
3560 669 3691 724 πολ-

2109 772 2225 841 λὴν,
2251 774 2317 841 τῇ
2355 769 2451 841 μὲν
2479 768 2601 837 ὄψει
2628 767 2730 837 τὴν
2753 765 3027 834 αῖσθησιν,
3058 763 3155 835 τὴν
3186 764 3242 817 δὲ
3261 763 3440 834 ψυχὴν
3460 766 3527 834 τῇ
3556 763 3690 818 θεω-

2113 864 2206 934 ρίᾳ
2232 860 2613 931 εὐφραίνοντα.
2640 851 2768 910 Οἷον
2815 856 2925 926 γάρ
2961 858 3111 908 ἐστιν
3148 853 3366 924 ἀληθῶς
3394 856 3462 925 τῇ
3492 854 3691 927 μελέτῃ

2112 952 2219 1007 τῶν
2250 951 2426 1021 ἔργων
2478 948 2572 1002 τοῦ
2607 946 2743 1002 Θεοῦ
2781 946 3138 1017 ἐνδιατρίϐειν
3181 946 3378 1009 διόλου,
3410 945 3507 998 κα)⁸
3561 947 3690 999 ποτὶ

2116 1044 2213 1115 μὲν
2259 1042 2394 1112 πρὸς
2442 1039 2672 1110 οὐρανὸν
2725 1036 3025 1092 άνατείνειν
3079 1036 3140 1089 τὸ
3185 1036 3342 1107 ὄμμα
3391 1036 3528 1106 ἡλίῳ
3568 1037 3687 1107 μεθ’

2113 1133 2350 1204 ἡμέραν,
2389 1131 2482 1185 καὶ
2521 1131 2738 1201 νύκτωρ
2780 1131 2999 1198 ἄστροις
3031 1129 3418 1204 προσέχοντας,
3462 1128 3593 1181 ποτὲ
3632 1129 3688 1181 δὲ

2114 1224 2275 1278 τοῦτο
2307 1224 2567 1291 κατάγειν
2602 1223 2682 1285 εἰς
2715 1219 2840 1289 γῆν,
2873 1219 3110 1290 βλάστην
3135 1217 3378 1289 ὁρῶντας
3419 1218 3687 1271 παντοίων

2115 1314 2364 1386 καρπῶν,
2413 1313 2505 1367 καὶ
2555 1310 2711 1375 ζώων
2772 1309 3125 1380 παμπληθεῖς
3148 1308 3431 1379 διαφοράς·
3483 1307 3685 1379 ἀέριδέ

2115 1406 2276 1459 πάλιν
2314 1403 2640 1474 θεωμένους,
2673 1402 2765 1456 καὶ
2791 1402 3031 1474 θαλάττῃ
3073 1402 3283 1473 μυρίων
3326 1401 3565 1472 πτηνῶν,
3597 1405 3686 1456 καὶ

2118 1496 2318 1568 ίχθύων
2348 1493 2744 1563 ἐνδιαιτώμενα
2773 1493 2930 1562 γένη,
2973 1493 3101 1563 πρὶν
3129 1492 3331 1561 γνῶναι
3359 1492 3444 1556 τίς
3472 1492 3532 1557 ἐξ
3558 1494 3685 1546 ἑκά-

2118 1606 2242 1642 στου
2276 1587 2481 1641 τούτων
2510 1585 2749 1656 ὠφέλεια
2774 1584 2910 1648 τέως
2944 1582 3248 1654 θαυμάζειν
3266 1584 3366 1655 τὴν
3395 1584 3490 1637 τοῦ
3517 1587 3685 1654 Δημιο

435 1688 573 1744 Cum
604 1706 795 1747 rursus
832 1691 885 1746 in
922 1707 1045 1746 aere
1073 1693 1320 1761 marique
1345 1699 1655 1762 spectemus
1681 1688 2015 1744 diversantia

2122 1679 2313 1752 ουργοῦ
2334 1679 2546 1749 σοφίαν,
2572 1677 2667 1732 καὶ
2690 1676 2932 1741 δοξάζειν
2960 1677 3052 1730 τὸν
3083 1676 3215 1730 Θεὸν
3242 1676 3335 1730 ἐπὶ
3357 1675 3434 1747 τῷ
3462 1676 3688 1748 ποικίλῳ

440 1782 589 1836 mille
644 1783 955 1848 volucrum,
1013 1791 1063 1837 et
1120 1782 1347 1851 piscium
1407 1796 1638 1853 genera,
1695 1781 2014 1850 priusquam

2122 1773 2214 1842 τῆς
2254 1772 2483 1833 κτίσεως
2507 1770 2951 1839 διδασκομένους,
2979 1770 3106 1822 ὅταν
3134 1769 3192 1822 δὲ
3227 1769 3323 1822 καλ⁷
3349 1768 3411 1822 τὸ
3437 1770 3557 1839 μετ’
3577 1769 3690 1821 ἐπι-

437 1888 833 1943 cognoscamus
884 1889 1134 1944 quaenam
1176 1873 1383 1928 utilitas
1421 1889 1484 1927 ex
1520 1887 1851 1941 unoquoque
1883 1872 2017 1925 isto-

442 1978 561 2016 rum
603 1963 905 2031 proveniat,
938 1963 1143 2017 interea
1193 1964 1516 2033 sapientiam
1560 1961 1878 2016 Conditoris
1923 1959 2019 2015 ad-

445 2051 650 2115 mirari,
696 2061 750 2106 et
800 2052 1022 2107 laudare
1063 2052 1228 2106 Dcum
1267 2052 1320 2105 in
1356 2051 1617 2106 varietate
1647 2058 2016 2106 creaturarmn

443 2143 793 2209 edoccamur,
824 2153 877 2198 et
904 2143 1125 2214 quando
1152 2144 1446 2198 accesserit
1466 2143 1572 2207 his,
1595 2157 1717 2213 quze
1743 2141 2017 2205 videnlur,

449 2234 552 2290 hoc
592 2234 777 2301 etiam,
809 2236 957 2306 quod
996 2251 1119 2290 cum
1160 2235 1361 2289 virtute
1390 2234 1663 2303 adjicitur,
1701 2241 1830 2287 tunc
1864 2246 2018 2286 mens

444 2320 499 2372 in
536 2320 849 2376 omnimoda
886 2322 1240 2391 constituitur
1274 2321 1481 2388 laetitia,
1522 2329 1712 2392 utpote
1747 2337 1868 2392 quae
1925 2336 2021 2374 na-

445 2412 608 2466 turali
642 2413 949 2480 cOgnitione
982 2429 1011 2468 e
1036 2423 1179 2468 terra
1223 2414 1529 2485 genitarum
1557 2428 1740 2467 rerum
1779 2412 2019 2468 oblecta-

447 2511 536 2556 tur
568 2521 580 2557 :
616 2504 751 2557 nihil
797 2506 943 2559 enim
995 2514 1079 2560 est
1119 2520 1332 2571 eorum,
1364 2520 1485 2574 quae
1531 2506 1821 2569 exsistunt,
1876 2502 2019 2574 quod

2122 1866 2333 1933 στήμης
2361 1864 2472 1924 τοῖς
2502 1859 2798 1930 ὁρωμένοις
2828 1858 3133 1912 ἐπιϐαίνειν
3158 1859 3548 1928 προσγένηται,
3570 1857 3689 1911 τότε

2120 1952 2388 2021 παντελὴ;
2426 1949 2733 2021 εὐφροσύνη
2775 1949 2998 2019 κατέχει
3026 1947 3116 2002 τὸν
3159 1947 3288 2002 νοῦν
3322 1947 3692 2018 εὐωχούμενον

2118 2047 2183 2115 τῇ
2214 2045 2411 2113 φυσικῇ
2443 2041 2639 2109 γνώσει
2678 2041 2786 2095 τῶν
2829 2041 3096 2112 γηγενῶν.
3134 2040 3305 2094 Οὐδὲν
3330 2039 3440 2111 γάρ
3469 2040 3577 2093 τῶν
3608 2039 3693 2093 δν-

2119 2153 2228 2191 των
2259 2133 2426 2197 ἐστὶν,
2450 2134 2479 2186 ὃ
2511 2134 2585 2203 μὴ
2617 2132 2863 2187 παιδεύει
2899 2132 3117 2195 πάντως
3149 2132 3319 2201 ἡμᾶς,
3352 2131 3571 2202 ἠθικὴν,
3604 2134 3694 2185 καὶ

2121 2226 2437 2297 θεολογικήν
2486 2243 2598 2278 τινα
2635 2225 2890 2297 θεωρίαν·
2919 2224 3105 2296 ἐπειδὴ
3141 2223 3196 2276 δὲ
3223 2223 3325 2296 τὴν
3357 2226 3568 2287 ἑαυτοῖς
3600 2223 3692 2277 τοῦ

2122 2319 2281 2387 λόγου
2323 2320 2442 2382 ταῖς
2492 2317 2845 2389 ἡδυπαθείαις
2882 2317 3267 2387 ἀπεσθέσαμεν
3310 2317 3562 2388 δύναμιν,
3596 2318 3693 2370 οῦκ

2123 2411 2203 2465 ἔτι
2232 2411 2363 2482 παρ’
2388 2411 2554 2482 αὐτῆς
2580 2411 2649 2462 τά
2676 2412 3023 2481 συμφέροντα
3047 2410 3156 2463 τῶν
3186 2411 3473 2480 πρακτέων
3505 2411 3695 2479 ὑπομι-

2129 2501 2512 2571 μνησκόμενοι,
2561 2499 2759 2565 ἔξωθεν
2815 2503 2933 2562 ταῖς
2975 2500 3204 2563 οἰκείαις
3254 2499 3556 2571 ἐνεργείαις
3597 2498 3695 2569 τὴν

450 2593 749 2660 moralem,
786 2603 840 2648 et
892 2594 1253 2664 theologicam
1304 2594 1541 2664 aliquam
1592 2593 2018 2663 speculationem

2129 2593 2354 2661 μνήμην
2382 2591 2636 2661 κινοῦμεν
2672 2593 2809 2668 πρὸς
2839 2591 2899 2644 τὸ
2936 2591 3053 2653 πῶς
3105 2592 3212 2664 χρὴ
3247 2591 3345 2663 ζῇν
3400 2592 3495 2646 καὶ
3523 2591 3689 2661 βιοῦν,

448 2693 548 2733 nos
577 2681 834 2736 omnibus
857 2697 964 2736 non
1009 2684 1225 2737 erudiat
1274 2684 1451 2737 modis
1482 2700 1496 2736 :
1526 2694 1576 2736 et
1617 2682 1877 2751 quoniam
1927 2695 2018 2735 vo-

2126 2682 2273 2746 ὅπως
2304 2683 2587 2753 εὐάρεστοι
2618 2677 2767 2753 ὦμεν
2801 2682 2877 2754 τῷ
2913 2684 3233 2754 Ποιήσαντι.

448 2768 747 2837 luptatibus
783 2772 940 2827 nobis
985 2771 1117 2842 ipsis
1148 2773 1376 2830 rationis
1418 2775 1819 2843 suppressimus
1863 2772 2027 2835 vires,
2067 2779 2122 2826 et
2188 2773 2254 2827 ab
2296 2773 2411 2842 ipsa
2460 2775 2510 2828 in
2543 2784 2783 2830 nostram
2814 2791 2922 2829 non
2968 2787 3290 2832 revocantur
3350 2775 3686 2842 memoriam,

448 2874 572 2928 quae
611 2860 900 2916 conferunt
945 2863 1214 2929 facienda,
1250 2879 1532 2921 necessum
1575 2874 1659 2921 est
1705 2866 1848 2937 quod
1895 2864 2256 2919 exterioribus
2320 2866 2554 2936 propriis
2611 2868 3020 2935 operationibus
3079 2882 3513 2925 commoveamus
3571 2882 3695 2923 me-

449 2953 682 3007 moriam
714 2954 781 3009 ad
818 2953 1063 3019 modum,
1100 2970 1210 3026 quo
1247 2956 1434 3011 deceat
1474 2958 1638 3013 vitam
1685 2957 1883 3029 degere
1906 2999 1921 3021 ,
1968 2963 2027 3010 ut
2063 2954 2235 3011 simus
2270 2960 2474 3027 accepti
2518 2959 2779 3014 Creatori.

1023 3089 1255 3146 CAPUT
1294 3091 1457 3145 LXII.
2054 3049 2098 3107 θ

520 3201 727 3259 idcirco
764 3204 1034 3260 interdum
1080 3206 1298 3275 quidem
1346 3204 1657 3269 formicam,
1696 3206 2027 3276 quandoque

447 3309 578 3349 vero
621 3310 774 3365 apem
829 3297 1181 3364 gubernatrix
1220 3299 1395 3368 gratia
1453 3298 1711 3353 doctores
1747 3298 2022 3364 adhibuit,

447 3385 542 3454 qui
578 3396 724 3439 muta
754 3401 889 3440 voce
919 3386 985 3440 ad
1021 3388 1377 3440 imitationem
1415 3401 1576 3456 opere
1624 3387 1940 3455 hortantur;
1970 3396 2026 3443 et

446 3474 609 3543 312
639 3478 715 3529 ait
741 3494 756 3530 :
794 3474 974 3529 «Vade
1005 3477 1072 3529 ad
1104 3477 1408 3540 formicam,
1431 3492 1465 3531 ο
1500 3477 1667 3548 piger,
1696 3487 1751 3531 et
1772 3479 2027 3532 aemulare

451 3566 569 3618 vias
604 3565 747 3633 ejus,
804 3581 928 3635 qua:
979 3566 1032 3618 in
1093 3583 1268 3621 messe
1316 3583 1586 3636 reponens
1634 3568 1889 3623 alimenta
1930 3584 2028 3638 pro

453 3654 632 3707 hieme
665 3654 732 3718 ⁸⁸,
779 3673 800 3706 ι
846 3657 1085 3726 suggerit
1120 3666 1174 3711 ut
1221 3674 1318 3727 pro
1362 3659 1548 3713 futuro
1588 3659 1787 3715 saeculo
1822 3660 2028 3716 utiliter

447 3745 768 3816 colligamus
806 3748 1038 3814 viatica;
1074 3758 1169 3803 aut
1198 3768 1210 3803 :
1244 3768 1263 3800 ι
1301 3750 1646 3819 Progu-edere,
1711 3750 1910 3820 inquit,
1957 3752 2024 3806 ad

450 3854 643 3908 apem,
685 3849 741 3895 et
787 3840 939 3895 disce
984 3855 1147 3909 quam
1181 3842 1427 3909 operaria
1477 3842 1566 3906 sit,
1609 3861 1628 3894 ι
1665 3843 1865 3912 quippe
1903 3857 2025 3911 quze

451 3935 616 3987 ﬂores
645 3931 985 4002 decerpendo
1026 3933 1342 3996 herbarum,
1377 3942 1431 3989 et
1455 3933 1607 3991 favos
1644 3937 1822 3991 mellis
1852 3934 2024 3989 conli-

450 4024 643 4079 ciendo
670 4025 945 4094 sapienter
976 4025 1168 4079 edocet
1200 4025 1361 4079 istam
1397 4026 1748 4096 agnitionem,
1776 4043 1883 4097 qua
1917 4029 2027 4081 col-

450 4115 665 4182 ligando
717 4115 898 4184 quivis
941 4114 1205 4169 bonorum
1269 4116 1552 4171 hominum
1603 4119 2020 4190 prierogativas,

452 4204 555 4259 sibi
588 4204 688 4273 ipsi
734 4205 1048 4261 dulcedines
1092 4205 1402 4276 huiusmodi
1432 4207 1762 4263 thesaurizet
1791 4210 1857 4263 ad
1893 4225 2022 4264 sua-

452 4309 569 4350 vcm
615 4295 919 4350 habendum
956 4296 1154 4350 victum
1204 4296 1402 4350 futurae
1430 4297 1573 4362 vitae,
1614 4312 1776 4367 quam
1814 4308 2016 4367 sperat.

2712 3093 2934 3146 ΚΕΦΑΛ
2946 3134 2961 3149 .
2987 3091 3107 3149 ΞΒν.

2198 3199 2297 3252 Διά
2331 3200 2487 3253 τοῦτο
2514 3202 2642 3255 ποτὲ
2682 3201 2783 3273 μὲν
2820 3203 2913 3256 τὸν
2942 3202 3230 3277 μύρμηκα,
3259 3208 3387 3261 ποτέ
3409 3208 3467 3262 δὲ
3491 3210 3588 3282 τὴν
3612 3209 3700 3282 μέ-

2126 3290 2334 3352 λιτταν,
2368 3294 2401 3362 ἠ
2453 3290 2785 3364 κηδεμονικὴ
2826 3294 2986 3365 χάρις
3028 3295 3381 3363 διδασκάλους
3417 3300 3699 3371 ἐφίστησιν

2125 3381 2388 3453 ἀφθόγγῳ
2423 3387 2575 3455 φωνῇ
2610 3384 2689 3454 τῷ
2716 3386 2861 3457 ἐργῳ
2891 3388 3291 3459 παραινοῦντας
3316 3390 3417 3460 τὴν
3448 3393 3699 3464 μίμησιν.

2124 3477 2236 3531 Καί
2261 3495 2444 3549 φησιν·
2478 3497 2495 3529 ι
2525 3479 2629 3534 Ἴθι
2661 3482 2799 3552 πρὸς
2823 3484 2915 3535 τὸν
2956 3484 3243 3557 μύρμηκα,
3274 3481 3320 3541 ὦ
3351 3487 3572 3557 ὁκνηρὲ,
3608 3489 3700 3541 καὶ

2126 3568 2371 3640 ζήλωσον
2400 3573 2499 3635 τὰς
2522 3572 2673 3636 ὁδοὺς
2698 3575 2886 3639 αὐτοῦ,
2915 3576 2975 3640 ὃς
3009 3578 3068 3630 ἐν
3100 3579 3294 3650 ἀμήτῳ
3342 3579 3441 3651 τὴν
3489 3582 3548 3633 ἐν
3590 3598 3699 3649 χει·

2130 3661 2268 3729 μῶνι
2312 3662 2649 3733 ἀποθέμενος
2680 3665 2906 3736 τροφὴν,
2944 3686 2961 3718 ι
2992 3668 3277 3739 χρησίμως
3318 3669 3384 3722 τὰ
3427 3668 3521 3723 τοῦ
3573 3671 3700 3739 μέλ⁸

2126 3751 2310 3817 λοντος
2346 3753 2544 3817 αἰῶνος
2579 3755 2892 3810 ὑποτίθεται
2926 3760 3180 3827 συνάγειν
3211 3761 3420 3829 ἐφόδια⁸
3447 3762 3501 3831 ἢ,
3542 3785 3560 3814 ι
3598 3763 3697 3816 Πο-

2130 3841 2353 3913 ρεύθητι
2402 3843 2539 3912 πρὸς
2566 3844 2663 3914 τὴν
2697 3845 2976 3911 μέλισσαν,
3021 3847 3117 3900 καί⁹
3160 3848 3297 3919 μάθε
3357 3849 3434 3913 ὡς
3484 3850 3701 3922 ἐργάτις

2127 3933 2298 3998 ἐστὶν,
2331 3951 2349 3983 ι
2387 3935 2523 4003 ἄνθη
2557 3933 2797 4004 βοτανῶν
2824 3936 3131 4008 δρεπομένη
3164 3940 3256 3992 καὶ
3290 3940 3461 4010 κηρία
3490 3940 3699 4008 μέλιτος

2126 4022 2497 4095 ἐργαζομένη,
2549 4026 2726 4094 σοφῶς
2756 4027 2850 4081 καὶ
2902 4027 3084 4093 τοῦτο,
3115 4030 3204 4082 τὸν
3234 4031 3546 4101 γνωρισμδν
3576 4048 3698 4084 παι-

2126 4114 2356 4168 δεύουσα
2418 4114 2526 4169 τῶν
2591 4115 2813 4183 ἀγαθῶν
2876 4118 3088 4187 ἀνδρῶν
3152 4119 3583 4190 ἀπανθιζόμενον
3634 4119 3698 4172 τὰ

2131 4204 2598 4278 πλεονεκτήματα,
2632 4208 2993 4279 γλυκάσματα
3024 4210 3338 4282 θησαυρίζει
3367 4211 3546 4281 ἐαυτῷ
3570 4212 3696 4280 πρὸς

2126 4295 2256 4364 ἡδὺν
2287 4295 2402 4366 βίον
2446 4296 2544 4365 τῆς
2578 4297 2939 4368 ἐλπιζομένης
2988 4299 3148 4370 ζωῆς.
3182 4299 3403 4352 Ἀλλοτε
3439 4301 3690 4371 τρυγόνα,

447 4387 598 4441 Alias
644 4386 1078 4442 inobedientibus
1122 4387 1277 4456 jubet
1318 4395 1383 4441 ut
1443 4394 1686 4442 urturem
1741 4398 1795 4443 et
1835 4390 2018 4444 hirun-

2129 4388 2220 4439 καὶ
2252 4387 2512 4458 χελιδόνα,
2534 4389 2658 4452 τοὺς
2703 4389 2950 4451 ἀπειθεῖς
3001 4389 3434 4460 παρακελεύεται
3482 4389 3691 4460 ζηλοῦν,

450 4479 630 4533 dinem
658 4479 956 4543 imitentur,
988 4478 1176 4533 dicens
1202 4497 1216 4532 :
1256 4496 1275 4529 ι
1313 4477 1517 4533 Turtur
1546 4488 1600 4533 et
1635 4478 1871 4535 hirundo
1896 4496 2021 4551 pas-

455 4572 655 4627 serculi
698 4581 940 4643 agrestes
981 4570 1344 4626 observarunt
1388 4581 1627 4641 tempora
1673 4588 1897 4627 suorum
1926 4574 2022 4628 ad-

452 4673 736 4729 ventuum,
773 4663 1007 4732 populus
1034 4671 1215 4716 autem
1244 4678 1398 4718 meus
1435 4680 1543 4718 non
1574 4666 1794 4735 agnovit
1817 4666 2021 4736 judicia

352 4773 359 4779 '
451 4756 665 4811 Domini
686 4757 758 4809 ".
786 4775 803 4808 ι
840 4753 906 4808 Ει
925 4753 1091 4809 infert
1117 4773 1130 4809 :
1155 4774 1173 4805 ι
1197 4755 1478 4821 Quomodo
1500 4756 1680 4812 dicitis
1705 4776 1718 4812 :
1739 4758 2024 4829 Sapientes

451 4860 665 4910 sumus,
694 4854 788 4900 aut
826 4856 879 4900 et
906 4846 988 4900 lex
1022 4845 1115 4900 Dei
1164 4846 1450 4900 nobiscum
1490 4853 1572 4902 est
1600 4847 1683 4901 ἐξ)
1720 4867 1739 4899 ι
1785 4847 1875 4903 Sic
1917 4849 2022 4901 im-

453 4952 751 5006 properans
811 4938 1228 4993 rationabilibus
1292 4948 1405 4992 tum
1468 4948 1720 4993 naturam
1794 4940 2022 4995 scicntia

452 5031 757 5101 praeditam,
817 5040 931 5085 tum
984 5031 1146 5084 etiam
1196 5030 1366 5101 legem
1417 5046 1629 5084 morum
1668 5033 2021 5098 magistram,

451 5126 599 5192 quod
659 5123 1126 5178 irrationabilibus
1178 5124 1232 5176 in
1289 5121 1666 5192 cognoscenda
1712 5121 2025 5178 Conditoris

451 5211 733 5264 voluntate
761 5219 889 5264 sunt
915 5210 1368 5264 insensibiliores.
1424 5208 1636 5264 Rursus
1676 5209 1777 5273 iis,
1832 5212 1921 5280 qui
1968 5211 2020 5263 in

451 5299 818 5367 potentatibus
850 5315 954 5353 non
989 5301 1297 5354 moderatos
1329 5313 1387 5352 se
1413 5298 1674 5367 praebent,
1717 5298 1809 5352 scd
1843 5297 2024 5368 inepte

456 5388 791 5445 insolescunt
814 5390 866 5442 in
892 5391 1167 5458 proximos
1189 5388 1433 5458 ejusdem
1461 5389 1695 5459 generis,
1722 5405 1872 5444 mare
1898 5405 2020 5460 pro-

457 5476 644 5533 fundis
676 5478 933 5533 inversim
964 5481 1360 5537 circumdatum
1394 5480 1602 5549 profert
1625 5481 1679 5535 in
1712 5482 2018 5555 exemplum

553 5655 596 5684 ³⁸
632 5658 775 5710 l‘sal.
812 5673 973 5721 CXLII,
1053 5659 1104 5712 5.

2129 4476 2324 4544 λέγων⁸
2363 4497 2381 4528 ι
2405 4477 2655 4547 Τρυγὼν,
2685 4480 2777 4531 καὶ
2805 4477 3030 4549 χελιδὼν
3064 4478 3237 4550 ἀγροῦ
3274 4480 3535 4549 στρουθία
3568 4480 3695 4548 ἐφύο

2126 4568 2292 4631 λαξαν
2353 4571 2579 4639 καιροὺς
2638 4571 2856 4625 εἰσόδων
2915 4570 3085 4639 αύτῷ,
3144 4572 3173 4623 ὁ
3207 4571 3264 4624 δὲ
3309 4571 3439 4634 λαός
3477 4589 3575 4642 μου
3602 4571 3694 4623 ούκ

2128 4661 2267 4728 ἔγνω
2322 4662 2392 4715 τά
2432 4662 2677 4733 κρίματα
2728 4663 2958 4734 Κυρίου.
2994 4682 3012 4712 ι
3064 4663 3170 4715 Καὶ
3213 4662 3486 4732 ἐπιφέρει·
3530 4682 3548 4715 ι
3578 4661 3693 4724 Πῶς

2126 4752 2321 4821 ἐρεῖτεο
2359 4753 2517 4821 Σοφοί
2548 4755 2734 4821 ἐσμεν;
2770 4753 2803 4825 ἢ
2848 4754 2963 4818 καὶ,
2996 4753 3176 4822 Νόμος
3203 4753 3339 4806 Θεοῦ
3388 4753 3507 4821 μεθ’
3545 4752 3693 4822 ἡμῶν

2130 4845 2265 4909 ἐστι,
2286 4863 2303 4893 ι
2323 4844 2494 4897 καὶτὸ
2517 4844 2614 4913 τῆς
2638 4843 3306 4913 φύσεωςέπιστημονικὸν,
3332 4843 3535 4897 καὶτὸν
3554 4843 3695 4897 παιδ·

2130 4935 2344 5003 αγωγδν
2366 4936 2472 4988 τῶν
2503 4935 2650 5005 ἠθῶν
2689 4936 2862 5005 μόμον
2882 4934 3156 4998 ὀνειδίζων
3189 4937 3301 4998 τοῖς
3330 4935 3588 5003 λογικοῖς,
3616 4935 3690 4988 ὅτι

2130 5031 2239 5085 τῶν
2277 5032 2489 5098 ἀλόγων
2519 5033 2597 5092 είς
2628 5030 2688 5081 τὸ
2721 5026 2924 5095 γνῶναι
2962 5026 3021 5078 τὸ
3054 5024 3302 5096 βούλημα
3332 5025 3428 5078 τοῦ
3466 5027 3692 5080 κτίσαν-

2131 5122 2219 5174 τὸτ
2259 5121 2399 5171 εἰσιν
2428 5117 2885 5186 ἀναισθητότεροι.
2925 5113 3096 5167 Πάλιν
3138 5117 3251 5176 τοῖς
3289 5114 3346 5165 ἐν
3389 5117 3509 5176 ταῖς
3543 5114 3691 5166 δυνα-

2134 5209 2337 5271 στείαις
2386 5208 2459 5279 μὴ
2510 5206 2910 5278 μετριάζουσιν,
2946 5204 3061 5258 ἀλλ’
3092 5204 3377 5274 ὑϐρίζουσι
3405 5204 3692 5274 ἀπειροκά-

2130 5301 2237 5363 λως
2272 5304 2349 5362 εἰς
2378 5300 2439 5351 τὸ
2467 5298 2757 5369 ὁμόφυλον,
2800 5296 3176 5365 κυκλουμένην
3204 5295 3564 5367 βυθοστροφίᾳ
3602 5292 3691 5361 τὴν

2131 5390 2408 5444 θάλασσαν
2438 5389 2785 5457 παράδειγμα
2819 5386 3142 5456 προστίθησι
3171 5386 3308 5454 πρὸς
3336 5385 3397 5438 τὸ
3424 5385 3687 5439 καταστεῖσ

2129 5485 2216 5537 λαι
2247 5483 2426 5537 αὐτῶν
2481 5482 2558 5550 (ἐν
2610 5475 2691 5542 οἷς
2741 5479 2896 5549 φησι)
2946 5477 3282 5548 φλεγμαῖνον
3325 5478 3382 5531 τὸ
3415 5477 3685 5549 φρύαγμαο

1182 5661 1222 5689 "‘
1279 5660 1433 5714 Prov.
1466 5677 1537 5724 γι,
1569 5664 1621 5716 6.
1700 5663 1744 5693 ”
1796 5661 1994 5717 .lcrcm.
2031 5680 2145 5729 vm,
2176 5664 2227 5714 7.
2307 5662 2350 5692 "
2384 5662 2511 5715 ibid.
2549 5659 2600 5712 8.
