4046 6152
380 302 518 368 1053

1151 314 1249 378 DE
1280 318 1771 381 VOLUNTARIA
1802 319 2302 381 PAUPERTATE
2334 324 2435 383 AD
2467 323 2814 385 MAGNAM.

3493 326 3629 395 1054

379 443 399 476 ι
426 423 519 496 Μὴ
557 423 658 492 ἐμὲ
683 419 775 479 οὖν
796 427 1186 511 φοῦηθήσεσθε,
1212 431 1357 500 λέγει
1384 435 1606 507 Κύριος,
1643 438 1676 508 ἡ
1726 439 1820 491 καὶ
1847 438 1952 491 ἀπὸ

2033 435 2131 496 ad
2176 439 2580 507 reprimendum
2629 454 2818 496 eorum
2887 440 3339 498 intumescentem
3380 442 3579 500 fastum
3606 484 3626 513 ,

372 515 468 569 τοῦ
496 516 797 600 προσώπου
828 536 927 589 μου
959 522 1059 573 οὑκ
1087 521 1549 596 εὐλαϐηθήσεσθε,
1583 529 1674 583 τὸν
1704 529 1946 594 τάξαντα

370 609 557 678 ἄμμον
582 609 730 679 ὄριον
748 611 814 679 τῇ
843 609 1084 683 Θαλάσσῃ
1106 615 1434 687 πρόσταγμα
1457 619 1692 684 αἰώνιον,
1733 620 1825 673 καὶ
1849 621 1946 689 οὑχ

372 697 746 767 ὑπερϐήσεται
769 699 934 764 αὑτός
965 699 1043 770 τῷ
1072 700 1128 754 δὲ
1153 701 1268 773 λαῷ
1288 707 1464 778 τούτῳ
1485 710 1718 778 ἐγενήθη
1748 711 1947 780 καρδία

370 789 621 859 ἀνήκοος,
651 791 742 842 καὶ
769 790 1020 861 ἀπειθὴς·
1060 810 1080 843 ι
1119 793 1195 864 τῷ
1233 796 1361 867 περὶ
1392 798 1454 851 τὸ
1488 800 1817 871 πρόσταγμα
1848 801 1945 870 φό-

369 879 450 949 σῳ
477 878 574 932 τοῦ
596 877 808 949 ἀψύχου
841 882 1107 950 στοιχείου
1134 884 1378 949 εὐλαϐεῖς
1400 888 1569 941 ποιῶν
1593 889 1791 952 αὑτοὺς
1821 891 1946 962 περὶ

367 968 466 1039 τὴν
499 969 749 1040 φυλακὴν
782 970 891 1024 τῶν
919 973 1168 1037 ἐντολῶν,
1220 977 1307 1029 ἵνα
1335 978 1411 1041 ὡς
1447 978 1510 1032 τὸ
1537 980 1753 1034 πόντιον
1794 980 1946 1050 κῦμα

365 1062 431 1114 ὲκ
462 1058 732 1127 πελάγους
765 1059 1079 1131 ὠθούμενον
1110 1066 1179 1135 τῇ
1225 1065 1316 1135 βίᾳ
1349 1066 1444 1121 τοῦ
1482 1067 1813 1137 πνεύματος,
1850 1072 1946 1122 καὶ

367 1147 508 1200 κατὰ
539 1148 734 1217 μικρὸν
755 1150 1117 1219 ἀνιστάμενον
1144 1152 1282 1222 πρὸς
1303 1153 1365 1205 τὸ
1395 1154 1625 1223 μέγεθος
1655 1155 1825 1225 ὁρέων
1849 1157 1945 1224 ἐφ-

367 1237 592 1307 άμιλλον
641 1238 760 1305 ἄμα
808 1238 887 1306 τῷ
923 1239 1220 1310 πλησιάσαι
1254 1243 1321 1312 τῇ
1366 1243 1644 1314 αἰγιαλείᾳ
1700 1244 1938 1314 ψάμμῳ,

366 1328 447 1389 είς
465 1326 709 1379 τούπίσω
736 1326 900 1381 πάλιν
922 1328 1313 1400 ἀνακλώμενον
1349 1332 1677 1403 ὑποστρέφει
1711 1335 1800 1389 τὸν
1820 1336 1945 1406 ὅρον

368 1416 686 1485 αἰδούμενον
734 1417 830 1470 τοῦ
876 1418 1233 1490 πεδήσαντος,
1268 1422 1411 1476 οὑτω
1445 1427 1624 1477 πᾶσαν
1676 1427 1975 1496 ὲπέχωσιν.

367 1507 552 1560 ἄδικον
576 1506 752 1577 ὁρμὴν
799 1509 850 1560 οἱ
895 1507 1124 1577 λογικοὶ,
1165 1511 1261 1562 καὶ
1307 1511 1451 1582 λόγῳ
1477 1514 1942 1583 προστεταγμένοι

368 1599 550 1651 πᾶσαν
579 1598 828 1662 κολάζειν
868 1599 1170 1669 ἐνθύμησιν
1211 1602 1551 1674 παράνομον,
1579 1604 1673 1657 καὶ
1709 1604 1944 1675 μάλιστα

365 1688 535 1757 τύφον
565 1690 846 1743 πεπαίνειν
902 1691 1112 1760 ἀλόγως
1142 1693 1500 1763 σηκούμενον,
1545 1696 1775 1765 μιμήσει
1810 1695 1942 1762 γοῦν

2048 524 2176 579 dum
2236 529 2434 582 asserit
2484 547 2497 581 :
2545 546 2563 580 ι
2615 529 2709 585 Me‘
2747 530 2912 601 igitur
2964 545 3069 587 non
3118 532 3375 588 timcbitis
3423 534 3630 606 (inquit

2050 616 2354 690 Dominus)
2388 628 2483 675 aut
2511 619 2707 676 faciem
2741 637 2913 676 meam
2952 614 3059 676 non
3097 624 3496 691 reverebimini,
3529 627 3623 697 qui

2049 708 2294 763 ordinavi
2327 726 2550 765 arenam
2585 713 2878 767 terminum
2921 714 3090 769 maris
3123 725 3446 785 praeceptum
3482 732 3629 773 sem-

2047 799 2342 866 piternum,
2383 808 2435 856 et
2465 787 2569 856 non
2611 804 3048 873 supergredietur
3072 805 3262 860 illum?
3289 806 3493 877 Populo
3523 822 3624 863 au-

2048 888 2160 946 tem
2182 891 2270 945 isti
2300 891 2500 947 factum
2521 903 2601 949 est
2618 894 2711 949 eor
2737 895 3051 952 inobedicns
3071 906 3125 965 et
3151 897 3570 967 incredulum";
3597 919 3618 952 ι

2053 979 2132 1033 sic
2172 989 2321 1035 metu
2355 981 2638 1036 inanimati
2683 996 2747 1035 ex
2780 991 3051 1052 przecepto
3090 972 3341 1037 elementi
3395 984 3623 1038 reddens

2050 1086 2145 1126 eos
2187 1081 2379 1127 cautos
2412 1071 2558 1127 circa
2606 1073 3047 1128 observationem
3090 1075 3504 1141 mandatorum,
3561 1084 3624 1130 ut

2047 1161 2504 1230 quemadmodum
2540 1161 2737 1218 ﬂuctus
2774 1164 3019 1219 marinus
3062 1179 3093 1218 e
3137 1164 3325 1235 pelago
3352 1165 3622 1234 impulsus

2054 1249 2307 1305 violentia
2340 1253 2586 1321 spiritus,
2631 1264 2684 1309 et
2718 1257 2979 1324 paulatim
3011 1267 3225 1312 erectus
3252 1259 3315 1313 ad
3345 1258 3622 1328 magnitu-

2046 1341 2224 1394 dinem
2245 1346 2509 1398 montium
2531 1346 2918 1402 tcmulatricem
2935 1388 2949 1412 ,
2973 1348 3132 1419 313
3155 1349 3315 1403 simul
3337 1364 3400 1401 ac
3427 1363 3621 1417 appro-

2049 1433 2284 1507 pinquat
2308 1449 2485 1489 arenae
2510 1437 2738 1493 littorete
2776 1454 3132 1509 repercussus
3162 1439 3496 1494 convertitur
3521 1439 3620 1493 de-

2044 1539 2158 1579 nuo
2202 1534 2349 1585 retro
2393 1528 2657 1584 reveritus
2685 1529 2805 1598 ejus
2844 1540 3066 1596 metam,
3107 1546 3137 1584 a
3169 1546 3280 1597 quo
3308 1531 3463 1601 quasi
3494 1545 3618 1585 cum

2044 1617 2401 1684 compedibus
2448 1616 2555 1693 fuit
2602 1619 2862 1675 astrictus
2907 1640 2921 1674 :
2959 1622 3032 1675 ita
3091 1635 3308 1675 omnem
3356 1620 3618 1690 iniustum

2045 1707 2353 1776 reprimant
2376 1709 2761 1780 impetum-qui
2788 1711 3002 1765 ratione
3034 1720 3284 1775 utuntur,
3313 1722 3367 1764 et
3393 1712 3491 1777 illi,
3523 1712 3617 1780 qui

366 1779 474 1832 τῶν
494 1781 832 1850 ἀναισθήτων
852 1782 1010 1835 τοῦτο
1038 1783 1388 1853 πράττοντες,
1422 1785 1555 1856 ὅπερ
1593 1786 1686 1840 καὶ
1720 1786 1938 1856 νομοθει

2048 1816 2080 1854 a
2108 1800 2320 1856 ratione
2348 1802 2708 1871 imperantur,
2750 1818 2970 1873 pravam
2994 1818 3206 1857 omnem
3233 1804 3615 1873 cogitationem

367 1871 487 1934 σίας
532 1874 689 1937 ἐκτὸς
744 1872 974 1943 ὤφειλον
1016 1874 1166 1946 (αὑτὸ
1214 1876 1550 1945 λογιζόμενοι
1607 1878 1666 1932 τὸ
1710 1880 1940 1949 δίκαιον)

366 1963 627 2034 πράττειν
687 1964 996 2036 αὐθαιρέτῳ
1052 1968 1255 2037 κρίσει,
1312 1970 1451 2039 ὅπερ
1518 1965 1598 2040 ἦν’
1651 1971 1939 2042 ἐλευθέρου
1990 1988 1999 1993 '

361 2056 559 2127 δεῖγμα
621 2058 988 2128 φρονήματος,
1055 2059 1464 2129 αὑτοκελεύστῳ
1523 2061 1715 2135 γνώμῃ
1783 2079 1940 2133 κινηο

362 2151 546 2215 θέντος
598 2152 735 2223 πρὸς
786 2155 924 2224 ὅπερ
973 2153 1197 2225 ἔμελλεν
1247 2154 1404 2224 ἄγειν
1448 2155 1662 2227 ἀνάγκη
1709 2156 1804 2210 τοῦ
1851 2158 1940 2213 νό-

365 2257 490 2309 μου.

1546 2368 1572 2391 ι.

944 2587 1192 2641 ΚΕΦΑΛ.
1245 2587 1360 2641 EI".

428 2740 537 2795 Καὶ
566 2743 673 2794 τῶν
707 2745 1010 2813 φωστὴρων
1043 2744 1098 2797 δὲ
1124 2745 1360 2798 διδάσκει
1400 2746 1453 2799 τί
1483 2746 1751 2817 χρήσιμον
1790 2748 1931 2818 ὁρῶ-

361 2850 519 2901 μενος
539 2834 764 2898 ἕκαστος
787 2850 800 2864 ο
833 2836 982 2905 ἥλιος
1008 2836 1106 2905 μὲν
1134 2837 1207 2905 τῷ
1241 2837 1633 2908 άπαυγάσματι
1666 2839 1933 2893 συναῖδιον

355 2920 434 2992 τῷ
468 2924 639 2994 Πατρὶ
670 2923 762 2977 τὸν
790 2924 919 2976 Υίδν
951 2924 1334 2994 ὑποτιθέμενος
1388 2928 1549 2986 νοεῖν,
1602 2929 1694 2980 καὶ
1739 2929 1930 2981 τούτου

357 3013 613 3085 μάρτυρα
647 3015 738 3066 τὸν
774 3014 982 3067 Παῦλον
1012 3015 1161 3068 καλῶ
1186 3016 1432 3083 λέγοντα,
1471 3038 1489 3069 ι
1525 3018 1619 3080 Ὃς
1646 3017 1722 3071 ὣν
1752 3019 1931 3073 ἀπαύ-

364 3126 546 3178 γασμα
575 3110 674 3177 τῆς
717 3106 894 3175 δόξης,
950 3107 1042 3159 καὶ
1098 3110 1383 3177 χαρακτὴρ
1436 3108 1537 3178 τῆς
1579 3110 1928 3176 ὑποστάσεως
1956 3096 2001 3157 C

352 3200 539 3255 αὑτοῦ·
584 3218 601 3250 ι
634 3195 788 3261 οὗτος
828 3198 935 3267 γὰρ
976 3199 1113 3270 ὅπερ
1144 3195 1283 3252 εἶδεν
1328 3200 1568 3277 ἐνόησεν,
1600 3202 1675 3266 ὡς
1708 3205 1740 3273 ἡ
1768 3204 1929 3273 φύσις

351 3290 445 3344 τοῦ
479 3290 754 3359 ὁρωμένου
786 3288 1037 3359 ἐδίδαξε),
1069 3289 1259 3344 τοῦτον
1285 3294 1349 3362 τῇ
1388 3295 1697 3365 κατασκευῇ
1729 3296 1821 3348 τὸν
1847 3295 1930 3348 λὸ-

353 3398 447 3447 γον
469 3379 885 3448 ὲναποκείμενον
911 3379 1193 3449 ὀξυδορκεῖ
1211 3382 1308 3450 τῆς
1330 3382 1505 3452 ψυχῆς
1534 3382 1823 3453 διαθρῆσαι
1851 3384 1929 3455 τῷ

353 3471 582 3540 ὄμματι,
616 3469 674 3523 ὃν
713 3469 1053 3540 συμϐολικῶς
1096 3471 1391 3525 ἐναπέθετο
1429 3475 1457 3525 ὁ
1495 3475 1832 3545 Δημιουργδς
1865 3479 1928 3529 ἐκ

355 3562 454 3629 τῆς
481 3560 888 3630 ἐνυπαρχούσης
921 3559 998 3630 τῷ
1031 3560 1215 3631 ἄστρῳ
1249 3560 1484 3629 θεωρίας
1536 3563 1628 3615 ἐπὶ
1655 3562 1753 3633 τὴν
1790 3565 1926 3634 πρὸς

355 3651 548 3704 ἑαυτὸν
599 3649 691 3705 τοῦ
746 3651 876 3704 Υίοῦ
926 3653 1262 3722 συνάναρχον
1300 3652 1485 3722 σχέσιν
1524 3653 1633 3706 τῶν
1674 3654 1926 3724 ὁρώντων

351 3742 562 3811 ὁδηγῶν
595 3740 694 3813 τὴν
721 3741 977 3796 διάνοιαν.
1006 3743 1209 3813 Σελήνη
1244 3743 1298 3794 δὲ
1337 3744 1629 3814 αὐξομένη,
1694 3747 1789 3797 καὶ
1833 3747 1927 3816 λή-

350 3848 544 3896 γουσα,
583 3831 643 3883 τὸ
678 3830 1081 3901 εὑμετάόλητον
1115 3830 1222 3883 τῶν
1257 3832 1542 3902 ἡμετέρων
1586 3834 1926 3903 πραγμάτων

347 3921 517 3992 δηλοῖ,
576 3920 857 3974 καὶτοῦτο
884 3923 1003 3984 ταῖς
1047 3923 1432 3992 ἁγχιστρὸφοις
1476 3922 1584 3976 τῶν
1630 3925 1925 3994 σχημάτων

354 4010 716 4080 μεταλ).αγαίς
748 4013 1020 4082 παραινεῖ,
1054 4012 1129 4075 ὡς
1159 4010 1283 4064 οὔτε
1314 4013 1583 4083 εὑημερία
1607 4014 1688 4066 δεῖ
1711 4014 1924 4084 χαίρειν

348 4100 424 4164 ὡς
455 4101 775 4171 παραμόνῳ,
827 4099 950 4155 οὕτε
1013 4101 1349 4172 δυσημερίαν
1392 4104 1643 4174 ἡγεῖσθαι
1673 4095 1925 4174 λυπηρὰν

345 4192 420 4256 ὡς
453 4194 716 4265 ἐσομένην
745 4193 984 4264 χρονίαν·
1019 4195 1184 4259 ὀξέως
1214 4197 1322 4266 γὰρ
1348 4190 1506 4250 αὗται
1535 4198 1923 4267 ὲπαμείὸονται

347 4285 607 4356 ἀλλήλαις
633 4286 707 4349 ὡς
749 4287 823 4356 μὴ
846 4288 1018 4339 ποιεῖν
1070 4285 1323 4359 αἴσθησιν
1362 4288 1460 4358 τῆς
1500 4291 1799 4360 παρουσίας
1845 4292 1923 4360 τῷ

343 4378 501 4447 τάχει
543 4380 639 4447 τῆς
672 4378 1096 4449 ὑποχωρήσεως,
1130 4379 1296 4451 ἄλλης
1329 4381 1726 4451 ὲφεδρευούσης
1764 4383 1918 4453 ἄλλῃ,
1954 4428 1999 4480 D

345 4470 440 4522 καὶ
472 4469 568 4539 τὴν
589 4470 899 4539 ἡγουμένην
926 4470 1308 4543 διαδεχομένης
1351 4473 1449 4541 τῆς
1484 4474 1764 4543 προσεχῶς
1794 4476 1921 4528 ἑπο-

348 4559 515 4629 μένης
550 4561 691 4613 κατὲι
718 4562 846 4624 τοὺς
876 4562 975 4630 τῆς
1016 4562 1243 4633 σελήνης
1284 4566 1528 4633 συνεχεῖς
1566 4582 1920 4637 μετασχημα-

341 4654 587 4720 τισμοὺς,
634 4654 682 4706 οἳ
725 4653 976 4706 τοσοῦτον
1033 4654 1453 4723 παραχωροῦσιν
1488 4655 1758 4728 ἀλλήλοις,
1795 4659 1917 4712 ὅσον

342 4744 437 4795 καὶ
462 4745 560 4814 τὴν
594 4745 884 4813 συνήθειαν
914 4743 1165 4812 γενέσθαι
1198 4746 1292 4815 τῆς
1317 4745 1578 4815 βιώσεως,
1617 4749 1710 4802 καὶ¹
1738 4750 1917 4803 ἐπιδό-

340 4851 475 4895 σεως
523 4835 729 4904 τροπὴν
776 4834 870 4887 τοῦ
898 4834 1093 4903 φωτὸς,
1130 4837 1222 4889 καὶ
1257 4836 1353 4909 τὴν
1390 4840 1747 4911 παραλλαγὴν
1787 4842 1913 4895 τού-

337 4940 446 4975 των
473 4920 611 4976 εἷναι
643 4924 1134 4996 δυσπαρατήρητον
1163 4967 1177 4990 ,
1224 4929 1344 4980 κατ’
1367 4929 1546 4996 ὀλίγον
1596 4933 1912 5004 προσθήκης

339 5012 434 5063 καὶ
462 5012 800 5083 ὑφαιρέσεως
832 5012 1201 5086 λανθανούσης
1240 5016 1465 5080 εἰκότως
1507 5018 1604 5088 τὴν
1637 5019 1911 5090 αἴσθησιν.

350 5103 503 5154 Ἐπεὶ
546 5105 636 5154 καὶ
675 5104 845 5157 πολλὰ
887 5105 995 5157 τῶν
1028 5105 1169 5160 οὕτω
1214 5107 1610 5178 αὑξομένων,ἧ
1662 5113 1916 5182 μειουμέ-

340 5213 463 5253 νων,
496 5194 692 5267 ἄδηλον
722 5196 834 5266 ἔχει
856 5200 955 5267 τὴν
988 5198 1383 5271 καθημερινὴν,
1413 5203 1496 5270 ἐφ’
1526 5196 1677 5273 ᾧπερ
1708 5205 1773 5257 ἂν
1812 5205 1909 5257 τύ-

337 5300 409 5356 χῃ
458 5287 833 5358 παραλλαγὴν,
864 5291 1075 5354 οὐδενὸς
1122 5292 1324 5359 γνῶναι
1367 5294 1670 5363 δυναμένου
1713 5296 1911 5367 ῥαδίως

335 5375 458 5425 ὅσον
496 5375 617 5427 καθ’
655 5377 891 5447 ἑκάστην
922 5381 954 5447 ἡ
987 5379 1095 5431 τῶν
1123 5380 1436 5450 αὐξομένων
1468 5383 1652 5452 ἡλικία
1685 5385 1908 5454 προστί-

333 5465 461 5536 θησι
491 5466 876 5535 προκόπτουσα
915 5470 1109 5536 διόλου,
1148 5472 1239 5523 καὶ
1276 5474 1373 5541 τῆς
1417 5475 1697 5544 προκοπῆς
1725 5474 1783 5527 τὸ
1813 5478 1908 5546 μὲ-

404 5688 450 5721 ’τ
480 5686 683 5742 Jercm.
718 5706 769 5752 γ,
796 5690 886 5755 ‘22,
940 5693 1028 5744 2⁸5.
1107 5689 1151 5722 ⁵⁸
1202 5688 1364 5746 Ilebl‘.
1394 5708 1432 5755 ι,
1461 5692 1513 5744 5.

2044 1893 2333 1960 castigare.
2378 1897 2618 1948 maxime
2664 1894 2861 1950 fastum
2895 1909 3140 1964 premere
3171 1894 3616 1949 irrationabiliter

2043 1980 2267 2046 elatum,
2306 1983 2715 2037 insensibilium
2747 1985 2938 2038 saltem
2968 1982 3271 2039 imitatione
3292 1983 3344 2037 id
3370 1993 3614 2053 agentes,

2040 2074 2185 2143 quod
2211 2072 2375 2127 etiam
2406 2083 2601 2143 praeter
2629 2075 3024 2145 legislationem
3046 2074 3364 2130 debuissent
3387 2073 3613 2145 (justum

2040 2163 2159 2220 fore
2188 2163 2398 2221 ratione
2418 2167 2782 2235 dijudicantes
2798 2167 2844 2237 ),
2863 2177 3163 2238 spontaneo
3184 2167 3393 2236 judicio
3412 2166 3611 2234 facere,

2038 2257 2241 2326 quippe
2278 2258 2424 2326 quod
2464 2258 2726 2313 indicium
2771 2269 2918 2314 esset
2962 2259 3212 2314 libertate
3252 2257 3482 2314 fruentis
3524 2260 3615 2315 in-

2041 2349 2290 2405 tellectus
2324 2366 2390 2405 ex
2418 2352 2503 2406 sui
2536 2351 2639 2406 sibi
2666 2352 2894 2421 jubente
2924 2351 3157 2406 consilio
3198 2352 3330 2405 moti
3379 2351 3445 2405 ad
3485 2351 3592 2406 hac

2039 2440 2106 2496 ad
2139 2443 2291 2511 quod
2326 2457 2450 2497 eum
2477 2442 2777 2498 deductura
2807 2450 2927 2498 erat
2954 2443 3090 2513 legis
3118 2444 3438 2499 necessitas.

2594 2597 2819 2654 CAPUT
2854 2598 3039 2652 LXIII.

2106 2751 2248 2816 Quin
2287 2759 2343 2806 et
2380 2751 2808 2821 unumquodque
2846 2749 3198 2804 luminarium
3235 2748 3409 2802 visum
3452 2747 3615 2803 docet

2033 2842 2161 2910 quid
2199 2841 2328 2895 utile
2363 2840 2468 2906 sit;
2522 2840 2602 2895 sol
2635 2840 2852 2908 quidem
2888 2839 3185 2893 relucentia
3219 2836 3413 2891 Filium
3462 2837 3613 2891 Patri

2032 2943 2360 2987 coacternum
2388 2934 2721 2987 demonstrat
2743 2931 3173 3002 intelligendum,
3203 2937 3258 2983 et
3288 2928 3514 2997 hujusce
3533 2926 3612 2980 rei

2031 3032 2225 3079 testem
2255 3022 2481 3078 Paulum
2538 3023 2745 3077 advoco
2789 3023 3056 3077 dicentem
3111 3039 3124 3075 :
3165 3040 3183 3072 ι
3220 3019 3324 3085 Qui
3374 3033 3497 3073 cum
3539 3018 3611 3071 sit

2031 3112 2287 3184 Splendor
2320 3113 2525 3181 gloriae,
2544 3110 2606 3166 et
2637 3111 2807 3181 ﬁgura
2844 3112 3161 3167 substantia:
3213 3111 3332 3180 ejus
3363 3111 3433 3174 9°;
3471 3127 3488 3161 ι
3522 3108 3611 3161 ille

2031 3220 2288 3275 namque,
2321 3204 2463 3274 quod
2491 3201 2627 3259 vidit
2655 3202 2917 3259 inteilexit
2946 3205 3028 3274 (ut
3056 3214 3248 3257 natura
3273 3201 3374 3256 visi
3400 3198 3608 3269 docuit)

2029 3305 2084 3350 et
2123 3295 2420 3366 perspicaci
2479 3295 2676 3348 animae
2735 3295 2894 3348 oculo
2951 3294 3005 3347 in
3046 3292 3261 3363 opiﬁcio
3309 3289 3609 3359 repositum

2029 3385 2427 3454 dispiciendum
2453 3384 2558 3438 lioc
2588 3384 2834 3446 verbum,
2862 3384 3007 3452 quod
3032 3380 3328 3453 symbolice
3354 3375 3609 3447 deposuit

2028 3475 2241 3547 Opifex,
2270 3476 2508 3545 dirigens
2540 3474 2871 3528 intellectum
2905 3473 3308 3543 inspicientium
3345 3486 3411 3526 ex
3444 3468 3607 3522 insita

2028 3567 2195 3623 stellae
2245 3565 2582 3634 spectatione
2638 3564 2703 3618 ad
2757 3572 3082 3618 coaeternam
3119 3560 3241 3614 Filii
3297 3557 3607 3613 naturalem

2029 3657 2458 3713 convenientiam
2501 3671 2624 3710 cum
2661 3654 2862 3724 seipso.
2921 3652 3071 3707 Luna
3105 3666 3236 3707 vero
3271 3664 3523 3706 crescens
3551 3654 3609 3701 et

2028 3748 2281 3802 deficiens
2313 3762 2493 3800 rerum
2526 3753 2838 3799 nostrarum
2866 3743 3078 3798 facilem
3113 3738 3603 3798 ostentatmutabi-

2028 3836 2256 3896 litatcm,
2282 3833 2586 3902 subitisque
2609 3833 2907 3902 figurarum
2938 3830 3333 3885 mutationibus
3353 3828 3606 3881 admonet

2028 3929 2149 3987 hoc,
2181 3926 2323 3994 quod
2370 3925 2579 3979 scilicet
2607 3937 2783 3992 neque
2813 3921 3090 3983 felicitate,
3119 3918 3283 3989 314
3322 3926 3604 3986 propterea

2026 4025 2273 4087 Oporteat
2306 4015 2564 4085 gaudere,
2598 4013 2755 4083 quasi
2808 4026 3188 4082 permansura,
3242 4024 3343 4064 nec
3370 4007 3603 4062 infelici-

2026 4120 2189 4164 tatem
2215 4108 2413 4162 ducere
2446 4105 2757 4165 molestam,
2791 4102 3014 4172 perinde
3049 4115 3115 4155 ac
3148 4100 3193 4155 si
3242 4098 3425 4153 futura
3459 4104 3603 4152 esset

2024 4204 2280 4258 diuturna
2312 4217 2326 4252 :
2353 4199 2507 4252 ocius
2548 4197 2693 4250 enim
2721 4195 2837 4248 istae
2867 4193 2971 4249 sibi
3002 4191 3236 4246 invicem
3277 4189 3600 4254 succedunt,

2030 4295 2103 4349 ita
2138 4306 2320 4347 utnon
2349 4289 2585 4344 adiciant
2609 4301 2830 4342 sensum
2859 4300 2957 4341 sua
2983 4283 3290 4354 prasentia,
3314 4296 3425 4352 pra:
3454 4280 3599 4335 cele-

2026 4389 2182 4442 ritate
2236 4384 2550 4445 discessus,
2612 4393 2733 4433 cum
2799 4379 2968 4432 altera
3034 4376 3267 4430 insideat
3320 4371 3600 4435 alteri,et

2026 4479 2285 4550 praeeunti
2315 4476 2590 4538 succedat,
2615 4489 2737 4544 quae
2752 4473 3010 4529 continuo
3027 4469 3380 4539 subsequitur
3403 4480 3599 4555 securit

2025 4570 2153 4624 dum
2178 4567 2466 4623 continuas
2499 4565 2642 4618 lunae
2683 4560 3213 4633 transfiguratioues,
3240 4572 3360 4627 qua:
3387 4556 3461 4608 ita
3493 4553 3595 4607 sibi

2023 4661 2253 4714 invicem
2308 4657 2527 4722 cedunt,
2589 4664 2648 4709 ut
2680 4656 2803 4709 vitae
2833 4652 3169 4709 consuetudo
3202 4655 3512 4719 peragatur,
3545 4653 3598 4698 et

2024 4749 2257 4804 mutatio
2284 4746 2378 4801 ﬁat
2399 4745 2626 4800 luminis
2656 4745 3075 4808 incrementum,
3115 4742 3415 4808 harumque
3441 4734 3594 4790 dide-

2025 4841 2204 4896 reutia
2255 4838 2326 4893 sit
2375 4835 2606 4893 difﬁcilis
2660 4837 2990 4901 observatu,
3045 4847 3169 4887 cum
3237 4829 3439 4885 additio
3509 4825 3595 4881 vel

2023 4934 2224 4989 ablatio
2256 4934 2452 5003 exigua
2488 4947 2707 4988 sensum
2748 4930 2944 4984 merito
2976 4927 3217 4981 lateant:
3252 4917 3594 4992 quandoqui-

2020 5027 2141 5081 dem
2155 5035 2204 5080 et
2236 5025 2403 5079 multa
2425 5040 2612 5079 eorum
2635 5038 2754 5093 qua:
2781 5021 2860 5076 sic
2883 5026 3148 5088 augentur
3170 5023 3223 5068 et
3249 5013 3589 5074 minuuntur,

2021 5118 2351 5188 incognitam
2381 5119 2432 5170 in
2464 5116 2656 5186 quovis
2675 5129 2805 5169 casu
2835 5105 3430 5167 habentdiderentiam,
3457 5116 3592 5170 quo-

2020 5205 2305 5272 tidianam,
2342 5220 2463 5258 cum
2499 5218 2658 5257 nemo
2695 5201 2850 5256 facile
2878 5201 3197 5269 dignoscere
3228 5200 3390 5262 queat
3413 5204 3589 5258 quan-

2021 5305 2131 5352 tum
2170 5312 2361 5351 eorum
2414 5311 2535 5366 qua:
2589 5301 2858 5364 augentur
2911 5299 3139 5352 statura,
3192 5284 3429 5355 quietidie
3458 5297 3584 5352 pro-

2017 5387 2268 5458 grediens
2328 5402 2421 5455 per
2475 5394 2668 5449 totum,
2724 5392 2778 5437 et
2833 5393 3154 5452 progressus
3207 5374 3424 5429 modum
3479 5384 3588 5425 non

2017 5477 2370 5534 manifestans
2436 5477 2682 5543 adjiciat,
2746 5474 2920 5528 donec
2975 5471 3028 5525 id
3082 5468 3305 5524 edoceat
3357 5472 3582 5531 tempus,
