4046 6152
451 284 593 352 1055

1954 283 2016 343 S.
2042 282 2208 343 NILI

3547 266 3690 334 1056

447 405 591 474 quod
624 402 876 457 contitma
908 401 1042 455 visio
1066 401 1205 470 ejus,
1238 401 1382 471 quod
1413 398 1571 455 nebat
1601 413 1709 455 non
1732 398 2007 455 consuevit

2117 412 2246 466 τρον
2275 393 2336 447 ού
2365 392 2591 447 ποιοῦσα
2616 391 2868 461 φανερὸν,
2919 391 3021 451 ἕως
3071 390 3137 443 ἂν
3187 388 3375 459 χρόνος
3420 384 3576 440 τοῦτο
3610 388 3690 440 δι’

378 560 383 565 μ
446 496 695 551 educere.

1012 742 1240 799 CAPUT
1263 743 1443 798 LXIV.

512 876 704 931 Nullus
741 877 937 931 etenim
982 877 1233 946 cognovit
1269 891 1506 945 unquam
1560 876 1859 931 secundum
1905 876 2015 930 sin-

442 968 596 1037 gulas
628 978 806 1037 partes
836 969 1230 1023 incrementum
1260 970 1589 1038 plantarum,
1614 976 1667 1022 et
1698 968 2012 1030 herbarum,

442 1059 847 1124 auimaliumve,
896 1075 960 1113 ac
990 1075 1303 1128 puerorum,
1350 1059 1443 1113 sed
1478 1074 1601 1111 cum
1648 1073 1743 1127 per
1793 1058 2013 1127 aliquod

441 1161 654 1218 tempus
692 1165 797 1202 non
840 1150 1033 1204 viderit
1087 1165 1206 1218 qua:
1240 1149 1609 1218 perliciuutur.
1637 1148 2011 1213 Postmodum,

440 1251 565 1289 cum
612 1250 802 1289 rursus
831 1238 1213 1303 conspexerit,
1269 1237 1516 1305 agnoscit
1559 1237 2011 1303 additamentum,

439 1324 587 1395 quod
612 1326 823 1381 interim
855 1327 1114 1396 paulatim
1147 1327 1396 1392 accessit,
1430 1326 1619 1394 sicque
1641 1326 1832 1380 ediscit
1862 1334 2012 1394 post-

439 1428 602 1481 quam
630 1412 787 1467 t'uerit
812 1413 1130 1482 perfectum,
1156 1414 1325 1482 quod,
1348 1414 1477 1467 dum
1503 1412 1674 1475 ﬁeret,
1706 1412 2010 1483 ignorabat;

440 1499 692 1553 similiter
723 1500 910 1563 etiam,
948 1501 1075 1554 dum
1116 1500 1316 1569 aliquis
1345 1513 1539 1553 saxum
1571 1508 1891 1553 excavatum
1927 1500 2016 1553 in-

440 1591 599 1659 spicit
648 1607 710 1644 ex
746 1591 1117 1646 indetieienter
1165 1592 1424 1645 instillata
1476 1600 1646 1659 gutta,
1706 1592 1860 1661 plene
1890 1607 2013 1661 per-

440 1684 700 1737 suadetur
734 1700 763 1736 a
816 1683 1184 1754 profunditate
1232 1685 1392 1753 longo
1423 1684 1685 1751 temporis
1730 1684 2013 1754 interiecto

439 1776 615 1843 spatio
642 1774 909 1837 confecta,
938 1778 1081 1845 quod
1109 1792 1447 1845 unaquaeque
1472 1778 1632 1848 315
1648 1778 1786 1832 stilla
1806 1787 2012 1847 partem

439 1862 731 1928 quamdam
764 1862 1073 1916 etinssiunis
1100 1864 1346 1932 perfecit,
1382 1866 1475 1917 sed
1509 1866 1863 1933 quantitatem
1896 1867 2011 1920 sin-

440 1948 667 2016 gillatim
697 1950 929 2016 ignorat,
961 1964 1082 2002 cum
1117 1950 1251 2003 visio
1283 1951 1548 2004 crassiora
1583 1953 1798 2020 quidem
1835 1954 2011 2007 sensi-

439 2034 569 2089 bilia
616 2036 1012 2104 aliquantulum
1069 2037 1355 2105 dignoscat
1395 2037 1620 2105 (fallitur
1665 2040 1809 2092 enim
1859 2050 1913 2093 et
1956 2040 2008 2093 in

443 2125 527 2177 his
555 2127 773 2193 saepius)
800 2168 814 2189 ,
852 2127 917 2180 ad
954 2127 1196 2181 tenuiora
1247 2143 1376 2182 vero
1426 2129 1749 2183 collimanda
1780 2139 2012 2199 nequeat

440 2210 582 2265 felici
618 2214 837 2267 tendere
889 2229 1076 2279 cursu,
1110 2224 1165 2269 et
1224 2217 1450 2270 inertior
1483 2217 1885 2285 quodammodo
1917 2221 2007 2286 sit,

436 2308 493 2356 et
522 2300 735 2356 inﬁrma
782 2302 846 2355 ad
897 2303 1211 2372 ltujusmodi
1266 2318 1552 2372 corporum
1588 2308 2008 2375 perceptionem.

444 2390 638 2445 Stcllas
678 2408 805 2446 vero
837 2394 882 2447 si
932 2396 1056 2462 quis
1088 2395 1457 2458 obscuriores,
1506 2405 1561 2449 et
1614 2398 2011 2464 splendidiores

439 2480 802 2543 temulabitur,
856 2480 983 2532 dum
1028 2481 1295 2534 obscurus
1354 2482 1423 2534 sit
1462 2490 1516 2534 et
1572 2481 1842 2549 ignobilis,
1902 2501 2008 2538 non

439 2570 699 2623 invidebit
732 2571 818 2634 iis,
856 2571 947 2638 qui
982 2572 1241 2640 dignitate
1266 2588 1328 2626 ac
1361 2573 1562 2627 divitiis
1589 2579 2008 2643 supereminent,

441 2675 539 2715 nec
572 2677 634 2715 ex
667 2662 914 2724 adverso,
949 2662 993 2716 si
1026 2664 1383 2717 sitexcellens
1408 2665 1460 2718 in
1494 2666 1619 2729 illis,
1640 2678 1828 2722 contra
1858 2671 2027 2743 viles,

437 2764 493 2808 et
539 2754 719 2822 (veluti
770 2756 1144 2824 purgamenta)
1203 2756 1442 2825 abiectos
1486 2760 1677 2825 grandi
1749 2770 2008 2817 tumcscet

439 2846 751 2913 supercilio,
797 2846 1173 2915 conspicatus,
1227 2849 1371 2917 quod
1419 2849 1521 2902 illa!
1560 2862 1829 2907 contenta:
1884 2867 2011 2909 sunt

437 2937 656 3006 pr0pria
702 2936 829 2991 sede
861 2953 924 2991 ac
961 2937 1100 3001 loco,
1151 2948 1203 2991 et
1251 2949 1438 2993 amant
1468 2956 1787 3010 permanere
1818 2946 1870 2997 in
1902 2946 2004 3011 his,

2116 486 2273 556 δάξη.
2296 486 2323 537 ὃ
2350 484 2426 554 μὴ
2444 484 2713 537 διδάσκειν
2749 486 2782 553 ὴ
2815 482 3041 553 συνεχὴς
3067 481 3306 549 πέφυκεν
3338 479 3458 548 διξιις
3480 477 3569 531 τοῦ
3600 496 3687 546 γι-

2117 593 2174 630 vo
2178 575 2339 646 μένου
2349 613 2362 629 .

2697 746 2923 800 ΚΕΦΛΛ
2935 783 2949 798 .
2987 746 3101 799 ΞΔ¹.

2187 859 2373 921 οὐδεὶς
2417 859 2511 911 οὖν
2566 857 2782 910 πώποτε
2818 858 3021 923 φυτῶν,
3068 856 3162 907 καί
3212 854 3379 913 ποῶν,
3412 853 3564 916 ζώων
3608 870 3687 911 τε,

2117 950 2210 1001 καὶ
2238 950 2445 1002 παίδων
2481 949 2621 1012 ἔγνω
2645 948 2744 1017 τὴν
2772 948 2913 1001 κατὰ
2941 947 3107 1019 μέρος
3130 946 3267 1015 πρὸς
3300 944 3473 1013 μῆκος
3505 945 3687 996 ἐπίδο-

2118 1056 2220 1092 σινο
2254 1040 2428 1109 χρόνῳ
2461 1039 2518 1091 δέ
2544 1056 2649 1091 τινι
2678 1039 2750 1107 μὴ
2775 1037 3106 1106 θεασάμενος
3133 1036 3199 1088 τὰ
3224 1035 3527 1104 ὑψούμενα.
3557 1029 3687 1086 Εἶτα

2116 1129 2274 1193 αὖθις
2308 1130 2430 1183 ἰδὼν
2462 1130 2558 1201 τὴν
2595 1133 2652 1183 ἐν
2678 1130 2754 1198 τῷ
2779 1129 3141 1199 μεταξυηιατά
3174 1127 3370 1196 μικρὸν
3396 1126 3686 1193 γινομένην

2116 1220 2255 1288 ἔγνω
2305 1221 2639 1291 προσθήκην,
2684 1222 2820 1290 ὅπερ
2869 1220 3137 1289 ἠγνόησεν
3194 1220 3251 1270 ὲν
3309 1217 3388 1286 τῷ
3421 1216 3682 1283 γίνεσθαι,

2113 1312 2270 1364 τοῦτο
2290 1314 2347 1365 ἐν
2365 1311 2442 1381 τῷ
2470 1311 2795 1381 γεγενῆσθαι
2823 1310 3030 1380 μαθών.
3055 1309 3211 1362 Οῦτω
3234 1327 3337 1372 τις,
3367 1309 3461 1361 καὶ
3482 1308 3684 1376 πέτραν

2115 1405 2488 1459 κοιλανθεῖσαν
2539 1405 2900 1467 ἀδιαλείπτως
2939 1402 3305 1473 ἑπισταζούσῃ
3352 1402 3683 1470 θεασάμενος

2116 1496 2287 1567 ρανίδι
2316 1495 2393 1565 τῷ
2428 1497 2625 1566 χρονίῳ
2660 1495 2834 1565 βάθει,
2861 1496 3286 1565 πληροφορεῖται
3319 1494 3417 1563 μὲν
3454 1494 3528 1555 ὡς
3554 1493 3683 1545 ἑκά-

2117 1603 2215 1657 στη
2260 1585 2495 1654 σταγὼν,
2535 1586 2700 1658 μέρος
2730 1603 2785 1638 τι
2823 1585 2917 1639 τοῦ
2961 1586 3273 1656 ὀρύγματος
3306 1585 3493 1654 ἤνυσε.
3529 1584 3589 1636 τὸ
3626 1583 3685 1636 δὲ

2114 1678 2237 1730 ὅσον
2293 1677 2391 1730 οὐκ
2438 1673 2569 1739 οἶδε,
2626 1677 2727 1746 τῆς
2784 1676 2959 1746 ὅψεως
3006 1677 3075 1731 τὰ
3118 1677 3217 1746 μὲν
3253 1675 3535 1744 παχύτερα
3579 1674 3684 1728 τῶν

2115 1767 2388 1837 αἰσθητῶν
2420 1769 2794 1839 γνωριζούσης
2824 1768 3006 1831 ποσῶς
3038 1767 3349 1838 (σφάλλεται
3371 1768 3482 1833 γὰρ
3508 1767 3600 1820 καὶ
3629 1769 3686 1822 ἐν

2112 1859 2321 1922 τούτοις
2343 1859 2646 1927 πολλάκις),
2678 1861 2789 1922 τοῖς
2815 1859 2871 1912 δὲ
2896 1859 3241 1929 λεπτοτέροις
3269 1862 3388 1913 ούδέ
3411 1861 3684 1913 ἐπιϐαλεῖν

2112 1952 2434 2022 δυναμένης.
2461 1951 2762 2022 ἀργοτέρας
2789 1968 2904 2013 πως
2929 1949 3116 2018 οὔσης,
3144 1950 3239 2003 καὶ
3268 1951 3528 2014 ἀσθενοῦς
3550 1950 3684 2020 πρὸς

2114 2039 2211 2109 τὴν
2245 2040 2352 2092 τῶν
2386 2039 2643 2092 τοιούτων
2679 2039 2946 2108 σωμάτων
2979 2039 3284 2109 ἀντίληψιν.
3327 2030 3599 2109 Ἀἔττὲρων
3625 2037 3681 2093 δὲ

2111 2132 2237 2193 τοῦς
2266 2132 2689 2201 ἁμυδροτέρους,
2725 2131 2821 2184 καὶ
2855 2130 3255 2200 φαιδροτέρους,
3303 2131 3357 2183 εἴ
3389 2147 3470 2193 τις
3509 2128 3684 2198 ζηλώ-

2116 2239 2278 2284 σειεν,
2322 2222 2444 2275 οὔτε
2488 2222 2701 2291 ἀφανὴς
2749 2222 2824 2274 ὢν
2857 2223 2951 2275 καὶ
2984 2222 3217 2291 ἄσημος,
3279 2220 3542 2291 βασκανεῖ
3577 2223 3681 2284 τοῖς

2115 2313 2471 2382 ὑπερέχουσιν
2500 2313 2647 2384 ἀξίᾳ
2703 2313 2796 2366 καὶ
2835 2313 3070 2382 πλούτῳ,
3122 2312 3243 2365 οὔτε
3280 2313 3443 2366 πάλιν
3482 2313 3682 2365 εὐδοκι-

2118 2402 2234 2471 μῶν
2282 2404 2338 2455 ἐν
2387 2405 2595 2466 τούτοις
2626 2404 2768 2457 κατὰ
2794 2404 2903 2456 τῶν
2936 2403 3167 2455 εὐτελῶν
3208 2404 3283 2466 ὠς
3317 2404 3682 2473 καθαρμάτων

2113 2493 2548 2563 ὀφρυωθήσεται,
2579 2495 2903 2564 στέργοντας
2932 2496 3171 2557 ἐκείνους
3194 2494 3291 2564 τὴν
3317 2494 3522 2547 οἰκείαν
3536 2492 3682 2556 τάξιν

2113 2584 2275 2653 όρῶν,
2316 2586 2408 2637 καὶ
2451 2585 2777 2652 ἀγαπῶντας
2838 2585 3017 2654 μένειν
3053 2586 3112 2636 ἐν
3155 2579 3236 2647 οἷς
3276 2584 3677 2653 ἐκ).ηρὼθι;σαν,

2111 2674 2185 2737 ὡς
2223 2675 2495 2745 ἠϐουλήθη
2553 2679 2581 2729 ό
2628 2675 2696 2728 τὰ
2737 2676 2910 2746 μέτρα
2952 2678 3045 2731 τοῦ
3083 2677 3260 2746 φωτὸς
3297 2677 3476 2737 αὑτοῖς
3516 2675 3682 2736 τάξας

2112 2765 2263 2827 Θεὸς.
2303 2769 2408 2819 Καὶ
2435 2769 2730 2838 φρονίμους
2755 2769 2902 2838 ἡμᾶς
2936 2767 3078 2820 κατά
3118 2767 3209 2819 τὸν
3241 2766 3375 2833 ὅφιν.
3408 2764 3501 2816 καὶ
3544 2763 3674 2814 ἀκε-

2117 2856 2301 2924 ραίους
2344 2857 2484 2909 κατὰ
2533 2858 2632 2926 τὴν
2658 2859 2984 2928 περιστερὰν
3021 2853 3160 2910 εἶναι
3201 2856 3365 2909 θέλων
3393 2855 3420 2905 ό
3452 2853 3675 2923 Κύριος,

2114 2945 2332 2998 πάντων
2368 2949 2513 3016 ἡμᾶς
2540 2948 2647 2999 τῶν
2682 2948 2863 3018 μερῶν
2895 2947 2993 3016 τῆς
3021 2948 3250 3009 κτίσεως
3273 2945 3558 3014 καθίστησι
3583 2960 3689 3012 μα-

439 3026 492 3079 in
547 3026 744 3093 quibus
801 3027 954 3095 quasi
1001 3038 1148 3083 sorte
1197 3027 1419 3082 fuerunt
1477 3032 1679 3097 electae,
1736 3041 1795 3085 ut
1862 3032 2005 3090 Deus

2111 3037 2299 3108 θητὰς,
2343 3038 2404 3090 ού
2453 3039 2794 3107 φυλάξαντας
2828 3038 2929 3106 τῆς
2966 3037 3193 3100 κτίσεως
3235 3036 3333 3106 τὴν
3382 3036 3677 3101 εὐγένειαν,

436 3113 630 3176 voluit,
655 3113 745 3182 qui
780 3129 1065 3167 mensuras
1096 3114 1317 3170 luminis
1349 3116 1481 3185 ipsis
1510 3116 1802 3186 adaptavit.
1841 3120 2004 3186 Quin,

434 3217 560 3257 cum
612 3202 908 3270 prudentes
970 3203 1045 3255 uti
1104 3210 1418 3271 serpentes,
1488 3214 1541 3258 et
1597 3206 1870 3275 simplices
1930 3210 2007 3262 uti

435 3290 716 3345 columbas
740 3290 782 3321 ⁹⁹
814 3305 915 3344 nos
947 3305 1064 3344 esse
1094 3291 1221 3343 velit
1255 3291 1537 3355 Dominus,
1568 3294 1729 3346 etiam
1765 3295 2006 3349 omnimn

436 3381 583 3436 orbis
637 3382 871 3450 partium
918 3396 1018 3434 nos
1063 3381 1343 3434 constituit
1382 3371 1711 3450 diseipuios,
1769 3385 1858 3452 qui
1901 3401 2007 3438 non

434 3486 654 3528 servare
708 3473 760 3526 in
804 3474 905 3525 hoc
953 3472 1211 3526 debemus
1268 3472 1602 3527 nobilitatem
1660 3476 2007 3544 conditionis,

434 3564 527 3619 sed
559 3564 753 3618 merito
775 3564 972 3619 instrui
1010 3565 1075 3617 ad
1108 3565 1307 3618 bonum
1332 3566 1577 3620 ordinem
1608 3583 1671 3621 ex
1702 3570 2008 3639 insipientia

432 3658 502 3712 ab
532 3656 601 3710 iis
633 3658 725 3725 qui
763 3657 905 3711 servi
939 3659 1211 3725 quondam
1264 3661 1610 3726 exstiterunt,
1669 3670 1728 3715 ut
1783 3665 1851 3717 ab
1902 3666 2009 3720 illis

432 3744 735 3797 doctrinam
786 3743 1113 3810 accipientes
1164 3745 1268 3813 sub
1311 3746 1505 3810 oculis,
1562 3747 1615 3799 in
1671 3749 1827 3803 nobis
1874 3750 2008 3820 ipsis

433 3829 739 3895 scientiam,
771 3830 838 3883 ad
888 3846 1048 3899 quam
1105 3831 1215 3883 nati
1265 3848 1479 3899 sumus,
1513 3835 1844 3903 excitemus;
1883 3853 2005 3892 cum

431 3919 639 3974 scilicet
686 3921 955 3988 possimus
1004 3923 1274 3991 inculpate
1310 3922 1489 3977 vivere
1524 3940 1553 3978 e
1598 3927 2006 3998 nobismetipsis

431 4011 716 4080 deligendo
771 4015 932 4079 bona,
983 4031 1083 4070 nec
1115 4018 1276 4071 veluti
1311 4018 1702 4085 mendicantes,
1736 4021 2003 4089 faciendo,

431 4112 491 4156 ut
517 4104 566 4157 id
597 4104 651 4157 in
679 4120 778 4160 nos
809 4106 979 4161 exteri
1010 4109 1316 4164 conferant.
1359 4109 1581 4175 Verum,
1616 4129 1648 4167 ο
1682 4113 2002 4183 beatissimi,

430 4203 625 4263 praeter
646 4197 751 4251 alia
780 4200 963 4253 omnia
993 4200 1153 4265 bona,
1180 4211 1236 4256 et
1264 4204 1614 4257 concordiam
1650 4205 1792 4260 inter
1808 4223 1925 4271 vos,
1953 4216 2007 4263 et

430 4287 814 4354 experientiam
844 4305 1059 4357 eorum,
1090 4308 1210 4360 quae
1232 4293 1506 4361 pertinent
1538 4298 1603 4349 ad
1638 4313 2003 4367 unumquem-

2112 3127 2203 3180 καὶ
2252 3126 2402 3196 παρὰ
2444 3127 2550 3179 τῶν
2579 3144 2706 3179 ποτε
2739 3126 2943 3180 δούλων
2972 3127 3196 3190 εἰκότως
3230 3124 3679 3193 παιδαγωγουμέ-

2110 3236 2231 3281 νους
2254 3218 2390 3288 πρὸς
2414 3219 2473 3270 τὸ
2501 3218 2760 3271 εὔτακτον
2782 3220 2879 3287 τῆς
2913 3218 3401 3287 ἀφροσύνηςβπως
3430 3217 3528 3286 τὴν
3555 3216 3680 3284 παρ’

2111 3310 2292 3372 αὐτοῖς
2330 3310 2627 3379 μαθητείαν
2665 3310 2919 3372 λαϐόντες
2961 3311 3183 3364 ὑπώπια
3221 3308 3318 3379 τὴν
3365 3310 3423 3360 ἐν
3475 3308 3682 3367 ἑαυτοῖς

2112 3404 2421 3470 κινήσωμεν
2473 3404 2784 3471 ἐπιστήμην
2844 3401 2966 3456 καθ’
3012 3403 3077 3473 ἢν
3145 3402 3468 3469 γεγόναμεν·
3539 3397 3681 3467 βιοῦν

2110 3490 2418 3559 ἀμέμπτως
2446 3492 2732 3562 δυνάμενοι
2764 3493 2822 3557 ἐξ
2852 3491 3061 3545 ἑαυτῶν
3091 3490 3405 3560 αἱρούμενοι
3430 3489 3497 3541 τὰ
3522 3488 3678 3547 καλά.

2109 3582 2206 3635 καὶ
2239 3583 2336 3634 οὐκ
2377 3581 2576 3645 ἔξωθεν
2609 3583 2749 3635 κατὰ
2778 3584 2904 3645 τοὺς
2938 3581 3329 3653 μεταιτοῦντας
3364 3579 3681 3648 ἑρανιζόμεο

2108 3689 2189 3725 vo:
2216 3671 2392 3725 τοῦτο.
2440 3673 2578 3724 Ἀλλ’
2617 3674 2782 3741 ὑμᾶς,
2832 3668 2877 3725 ὦ
2926 3671 3356 3743 μακαριώτατοι,
3409 3668 3546 3739 μετὰ
3576 3666 3681 3719 τῶν

2109 3761 2282 3815 ἄλλων
2314 3763 2565 3815 ἁπάντων
2598 3763 2799 3826 καλῶν,
2831 3764 2924 3816 καὶ
2955 3766 3052 3833 τῆς
3081 3761 3418 3832 συμφωνίας,
3455 3758 3548 3811 καί⁵
3586 3760 3681 3825 τῆς

2110 3854 2238 3924 περὶ
2272 3853 2338 3906 τὰ
2379 3854 2737 3906 ἐπιϐάλλοντα
2782 3855 2988 3926 ἑκάστῃ
3021 3854 3353 3907 καταστάσει
3396 3849 3680 3921 ἐμπειρίας

2109 3944 2408 4015 θαυμάζειν
2437 3943 2585 4009 ἄξιον
2618 3945 2735 4007 πῶς
2759 3944 3060 4016 ψαλτηρίου
3100 3944 3201 4013 μὲν
3237 3943 3575 4014 εύαρμόστου
3607 3941 3670 3992 δί-

2108 4051 2210 4105 κην
2241 4037 2297 4087 ἐν
2328 4034 2604 4105 διαφόροις
2637 4036 2893 4103 φθόγγοις
2916 4034 2973 4086 ἓν
3003 4035 3103 4103 τῆς
3133 4033 3411 4095 εὐσεϐείας
3437 4032 3675 4100 συνηχεῖν

2107 4142 2164 4177 τε
2195 4126 2376 4195 μέλος,
2414 4125 2573 4189 ἄλλος
2602 4126 2729 4179 ἄλλο
2766 4144 2817 4178 τι
2857 4126 3063 4194 ταύτης
3103 4123 3488 4194 μετερχόμενοι
3520 4117 3676 4182 εἶδος,

2107 4218 2203 4270 καὶ
2235 4218 2410 4281 οὐδεὶς
2468 4218 2689 4287 ἀπᾴδων
2743 4217 2956 4280 οὐδενος
3003 4216 3091 4269 διὰ
3123 4215 3221 4286 τὴν
3249 4214 3385 4284 πρὸς
3423 4213 3678 4283 ἀλλήλους

2109 4308 2376 4379 ὑπακοὴν,
2406 4310 2526 4378 ἥτις
2575 4310 2702 4371 τοὺς
2749 4308 3112 4378 διῃρημένους
3156 4309 3268 4368 τοῖς
3306 4304 3518 4373 σώμασι
3557 4320 3678 4355 συν-

430 4390 536 4442 quc
562 4391 741 4430 rerum
784 4386 981 4432 statum
1004 4421 1018 4444 ,
1055 4380 1277 4449 dignum
1314 4392 1397 4437 est
1434 4394 1493 4437 ut
1544 4399 1735 4440 omnes
1770 4389 2005 4443 admira-

2111 4399 2302 4452 ἅπτειν
2337 4398 2627 4469 ὁμοψύχως
2650 4402 2767 4463 ταῖς
2798 4398 3046 4468 γνώμαις
3071 4400 3279 4465 πέφυκε
3308 4396 3443 4465 πρὸς
3470 4395 3565 4447 ἕνα
3592 4394 3677 4447 τὸν

431 4466 577 4518 tione
610 4474 846 4521 vestrum
896 4469 1057 4523 etiam
1108 4482 1507 4540 prosequantur
1576 4476 1823 4542 modum,
1876 4495 2003 4549 quo,

429 4555 494 4609 ad
548 4557 719 4611 instar
781 4558 916 4612 bene
979 4562 1143 4629 aptati
1200 4561 1443 4617 Psalterii
1503 4566 1731 4622 diversis
1782 4572 2005 4628 vocibus

373 4690 381 4698 .
427 4662 595 4701 unum
637 4648 852 4717 pietatis
889 4652 1177 4707 concinitis
1224 4655 1518 4723 canticum,
1562 4658 1725 4731 316
1767 4678 2002 4731 quarunt

429 4737 567 4790 alius
595 4738 754 4792 aliam
784 4740 947 4809 hujus
977 4744 1208 4811 speciem
1235 4756 1490 4813 sectatur,
1516 4759 1570 4804 et
1590 4753 1772 4807 nullus
1795 4754 1863 4809 ab
1892 4756 2000 4811 ullo

429 4827 695 4898 discrepat
718 4830 771 4884 in
804 4839 968 4887 cantu
1002 4835 1071 4889 ob
1104 4846 1343 4891 mutuam
1385 4841 1770 4910 obedientiam,
1803 4846 2001 4916 quippe

428 4933 548 4984 qua:
606 4920 910 4988 disjunctos
963 4935 1238 4996 utcunque
1288 4931 1609 5000 corporibus
1671 4935 1999 5005 conjungere

428 5015 757 5073 unanimiter
808 5023 1182 5080 voluntatibus
1236 5028 1435 5082 assolet
1487 5028 1553 5083 ad
1606 5045 1769 5084 uuam
1818 5032 1998 5099 operis

428 5112 656 5167 metam,
713 5110 903 5164 musici
968 5127 1166 5179 more,
1219 5116 1479 5184 cujusque
1535 5117 1754 5171 chorda:
1812 5127 1998 5174 tonum

2105 4489 2200 4542 τοῦ
2240 4489 2402 4559 ἔργου
2428 4491 2649 4554 σκοπὸν,
2685 4490 2948 4560 μουσικοῦ
2971 4490 3148 4559 δίκην,
3184 4488 3274 4540 τὸν
3302 4487 3539 4556 ἑκάστης
3558 4502 3676 4556 χορ·

2103 4580 2199 4649 δῆς
2244 4580 2375 4633 ἴδιον
2406 4581 2552 4646 ὀξὺν,
2582 4582 2615 4651 ἢ
2651 4581 2819 4651 βαρὺν
2856 4580 3005 4632 τόνον
3034 4578 3328 4649 κιρνῶντος
3358 4576 3497 4647 apo;
3524 4579 3676 4645 ἐναρ-

2109 4671 2292 4741 μόνιον
2327 4671 2616 4742 μελῳδίαν.
2644 4673 2716 4725 Τὸ
2744 4672 2847 4743 γὰρ
2878 4672 3111 4740 ἀπηχεῖν
3143 4670 3381 4739 ἑκάστης
3409 4666 3597 4720 δοκοῦν
3621 4666 3675 4717 ἐν

2108 4761 2187 4830 τῷ
2216 4762 2520 4832 ἀνωμάλως
2550 4763 2827 4827 τετάσθαι,
2865 4762 3025 4814 τοῦτο
3057 4762 3293 4831 μάλιστα
3324 4760 3427 4828 τὴν
3456 4774 3673 4828 συμφωο

2108 4851 2226 4904 νίαν
2259 4852 2579 4921 ἐργάζεται,
2607 4856 2718 4916 τοῖς
2748 4853 3024 4923 διαφόροις
3048 4869 3105 4905 τε
3117 4854 3391 4922 ρετισμοῖς
3428 4850 3562 4920 πρὸς
3590 4847 3677 4901 τὸν

2108 4941 2313 5011 ῥυθμὸν
2346 4944 2703 5014 χρησιμεύειν
2739 4945 2831 4997 τοῦ
2873 4945 3135 5016 ᾄσματος,
3173 4947 3262 5000 καὶ
3291 4945 3352 4997 τὸ
3394 4945 3556 5014 μέρος
3584 4943 3675 5011 ἀρ-

2104 5033 2232 5086 τύον
2269 5034 2405 5104 πρὸς
2441 5036 2502 5088 τὸ
2539 5036 2756 5106 λιγυρὸν
2795 5039 2906 5101 τοῖς
2935 5036 3351 5107 ἐνηλλαγμένως
3395 5036 3503 5089 τῶν
3537 5037 3675 5105 ἢχων

2106 5122 2480 5194 ψιθυρισμοῖς.

428 5197 647 5289 acutum
685 5207 777 5289 aut
815 5214 1032 5265 gravem
1064 5204 1444 5271 permiscentis
1473 5207 1538 5258 ad
1570 5206 1991 5262 modulationem
2030 5222 2152 5280 apte
2183 5217 2654 5284 componendam;
2725 5218 2856 5272 illud
2922 5220 3146 5284 etenim,
3189 5235 3301 5289 quo
3342 5229 3672 5286 unaqmeque

428 5279 629 5334 chorda
653 5282 866 5340 videtur
890 5290 1195 5356 dissonare,
1219 5292 1347 5345 dum
1386 5294 1726 5362 inaequaliter-
1794 5297 2065 5363 tendatur,
2105 5300 2206 5355 hoc
2257 5305 2494 5360 maxime
2540 5313 2865 5360 concentum
2917 5307 3081 5362 eilieit
3126 5279 3409 5371 sonorum,
3460 5323 3581 5360 cum
3611 5321 3668 5357 ex

431 5372 746 5470 diversitate
767 5377 1132 5444 pulsationum
1166 5383 1371 5437 utilitas
1405 5387 1669 5441 redundet
1736 5388 1801 5442 ad
1864 5390 2061 5446 cantici
2103 5394 2548 5462 concinnitatem,
2585 5407 2639 5452 et
2668 5407 2850 5468 partes
2892 5401 3109 5456 condiat
3160 5400 3226 5454 ad
3257 5400 3666 5470 jucunditatcm,

432 5465 779 5520 commutatis
819 5471 1096 5525 sonituum
1138 5477 1619 5533 susurrationibus.

510 5614 555 5647 ”
592 5615 780 5671 Matth.
813 5637 866 5687 χ,
924 5623 1005 5676 16.
