4046 6152
418 380 550 446 1057

1000 491 1250 545 ΚΕΦΔΛ.
1287 489 1374 542 ΞΕ
1392 531 1406 544 .

483 614 608 676 Πῶς
663 611 720 666 δὲ
767 605 930 666 πάλιν
979 605 1360 662 νεοσύντακτοι
1433 603 1529 657 καὶ
1585 601 1988 673 προκόπτοντες

413 708 515 772 ἔτι,
551 707 646 766 καὶ
675 707 786 767 τοῖς
813 700 1027 772 λιμέσιν
1057 697 1491 768 ἐνορμιζόμενοι,
1523 696 1622 764 τῆς
1657 694 1990 763 τελειότητος

412 801 599 872 τηρεῖν
645 797 743 866 τὴν
785 792 993 846 ἑαυτῶν
1035 791 1164 860 παρ’
1201 791 1330 860 ὑμῖν
1373 789 1546 842 οἴδασι
1598 785 1772 852 τάξιν,
1806 787 1857 838 οἱ
1892 785 1988 854 μέν

413 887 880 962 γαστριμαργίαν,
907 886 954 938 oi
991 885 1046 937 δὲ
1074 881 1402 946 κενοδοξίαν,
1439 878 1819 949 ὑπερηφανίαν
1849 877 1906 930 δὲ
1939 877 1989 928 οἱ

413 982 776 1052 ὑπερέχοντες
807 975 1220 1048 (ἐκτρεπόμενοι
1246 976 1326 1036 εἰς
1347 971 1566 1042 ὀλέθρια
1588 967 1988 1038 πόιθη),ἐγκριῖι⁸

411 1093 561 1128 τειαν
587 1074 665 1137 δὲ,
703 1071 798 1124 καὶ
827 1070 887 1124 τὸ
919 1072 994 1140 μὴ
1019 1069 1154 1138 πρὸς
1178 1066 1333 1132 δόξαν
1355 1065 1465 1119 τῶν
1496 1064 1802 1134 ἀνθρώπων
1834 1065 1986 1135 ὀρᾷν,

413 1167 504 1221 καὶ
555 1165 614 1219 τὸ
653 1164 858 1234 ἄτυφον
909 1163 1100 1216 ἀσκεῖν
1146 1159 1478 1223 σπουδαίως;
1523 1155 1648 1211 Ὀτι
1702 1157 1990 1228 πλησμονὴ

412 1257 669 1327 γαστρὸς,
703 1253 926 1324 ἀρδείαν
948 1251 1158 1318 είσάγει
1193 1251 1303 1305 τῶν
1341 1249 1742 1321 ὑπογαστρίων,
1773 1251 1990 1321 πικροῖς

413 1349 600 1418 ὥσπερ
625 1347 830 1417 ὀχετοῖς
859 1346 975 1407 τοῖς
1007 1345 1072 1396 ἐκ
1101 1341 1194 1396 τοῦ
1223 1341 1385 1412 κόρου
1415 1341 1738 1412 φερομένοις
1769 1341 1990 1406 ποτιζο-

417 1439 595 1508 μένων
627 1433 1022 1506 πλημμηροῦσι
1067 1431 1324 1502 ῥείθροις,
1356 1431 1620 1500 κιιισμοὺς
1677 1433 1740 1483 ἐκ
1783 1431 1989 1484 τούτων

415 1527 714 1582 ποιούντων
737 1527 978 1598 τραχεῖς,
1006 1523 1101 1577 καὶ
1129 1523 1218 1576 τὸν
1252 1522 1354 1593 τῆς
1394 1521 1751 1592 σωφροσύνης
1780 1521 1988 1588 ἀγῶνα,

414 1623 526 1684 τοῖς
551 1618 948 1689 γαργαλισμοῖς
977 1615 1325 1686 παρεχόντων
1367 1613 1642 1666 ἐπίπονον·
1685 1611 1990 1676 κενοδοξίαν

414 1713 470 1765 δέ
503 1710 662 1766 πάλιν
707 1709 906 1771 εἰδότες
947 1705 1246 1778 φαντασίαν
1286 1705 1565 1776 ἀνόνητον,
1617 1704 1839 1766 εἰκότως
1866 1702 1992 1772 φεύο

414 1818 569 1872 γουσι
605 1801 811 1872 ταύτην
861 1802 1042 1852 πονεῖν
1099 1798 1237 1868 ὑπὲρ
1291 1797 1490 1866 ἀρετῆς
1546 1795 1838 1849 πείθουσαν
1892 1795 1987 1848 καὶ

413 1892 747 1964 ἀχρειοῦσαν
781 1889 907 1953 τοὺς
940 1889 1154 1950 πόνους,
1188 1887 1311 1940 ἐπεὶ
1342 1888 1417 1958 μὴ
1435 1887 1552 1956 Θεῷ
1579 1887 1849 1941 δεικνύναι
1865 1886 1988 1939 τού-

409 2003 536 2048 τους
561 1983 810 2052 βούλεται
842 1981 920 2050 τῷ
952 1981 1061 2033 τῶν
1091 1980 1348 2052 κρυπτῶν
1377 1979 1552 2050 ἔργων
1583 1979 1840 2048 ἐμτρανῶς
1868 1978 1989 2048 ὀρέ-

410 2093 560 2144 γοντι
592 2073 690 2145 τὴν
719 2073 1007 2135 ἀντίδοσιν,
1031 2071 1336 2142 ἀνθρώποις
1363 2070 1418 2124 δὲ
1449 2071 1792 2142 δημοσιεύειν
1818 2071 1885 2122 τὰ
1908 2087 1990 2138 γι-

411 2168 614 2236 νόμενα
649 2165 929 2229 θέλουσαν,
957 2166 1069 2226 τοῖς
1100 2162 1353 2225 ἐπαίνους
1375 2161 1656 2232 παρέχειν,
1683 2161 1760 2224 εἰς
1797 2160 1990 2232 μισθοῦ

411 2256 589 2325 λόγον,
619 2258 820 2318 ἱκανοῖς
843 2255 962 2308 οὖσι
990 2253 1150 2307 πλέον
1181 2255 1353 2317 οὐδὲν,
1386 2253 1479 2306 καὶ
1507 2253 1605 2324 τῆς
1634 2252 1850 2306 αἰωνίου
1899 2252 1992 2306 καὶ

413 2349 617 2418 πολλῆς
648 2346 1010 2418 ἀποστεροῦσι
1033 2345 1220 2414 τιμῆς.
1265 2345 1324 2396 ’0
1371 2343 1479 2415 γὰρ
1523 2345 1659 2414 πρὸς
1689 2345 1750 2398 τὸ
1781 2344 1992 2414 θαυμα-

418 2439 610 2508 σθῆναι
637 2437 788 2508 παρὰ
809 2436 1242 2506 τῶν⁶ἀνθρὼπων
1270 2435 1668 2505 ἀναδεξάμενος
1697 2437 1876 2488 ὅντινα
1899 2431 1992 2488 οὖν

417 2527 684 2598 κάματον,
716 2526 866 2579 οὐδὲν
895 2526 1002 2578 τῶν
1032 2526 1127 2579 ἐπὶ⁹
1161 2527 1362 2597 σκηνῆς
1403 2525 1848 2596 παραδοξοποιῶν
1873 2527 1990 2578 δια-

415 2618 592 2688 φέρει,
625 2615 802 2687 μισθῷ
831 2616 908 2686 τῷ
940 2617 1092 2688 παρά
1113 2617 1219 2670 τῶν
1250 2619 1600 2686 τερπομένων
1632 2617 1990 2687 ἀρκούμενος,

415 2711 510 2763 καὶ
549 2709 701 2779 παρά
736 2709 826 2762 τοῦ
856 2709 991 2762 Θεοῦ
1021 2707 1178 2764 ἄλλον
1212 2710 1384 2761 αἰτεῖν
1414 2709 1598 2762 οὐκέτι
1637 2707 1858 2778 εὖ).ογος
1884 2709 1988 2762 ὧν·

413 2802 496 2855 ὅτι
542 2804 616 2872 μὴ
650 2802 740 2855 τὸν
775 2801 930 2873 παρά
954 2801 1144 2854 τούτου
1177 2801 1364 2854 λαϐεῖν
1399 2801 1458 2868 ἐξ
1495 2803 1694 2872 ἀρχῆς,
1731 2802 1868 2856 ἀλλὰ
1901 2803 1994 2856 τὸν

418 2893 546 2963 παρ’
566 2893 788 2945 ἐκείνων
813 2891 1092 2961 προὶθετο.
1146 2891 1308 2944 Ἀλλά
1347 2892 1440 2944 καὶ
1475 2892 1536 2944 τὸ
1576 2893 1676 2963 τῆς
1705 2893 1992 2963 ὑπερηφα-

419 2983 538 3047 νίας
580 2983 774 3051 ἅλογον
817 2983 983 3046 πάθος
1021 2983 1245 3046 δικαίως
1273 2983 1651 3053 βδελύττονται
1680 3001 1694 3014 ·
1735 2985 1856 3036 τίνα
1886 2987 1994 3054 γάρ

415 3092 502 3140 τις
524 3075 635 3146 ἔχει
666 3075 808 3128 κατὰ
831 3093 973 3138 τινος
999 3075 1132 3146 πρὸς
1167 3076 1424 3128 ἀπόνοιαν
1447 3077 1720 3145 πρόφασιν
1750 3077 1990 3145 εὔλογον,

1215 375 1312 434 DE
1344 369 1840 432 VOLUNTARIA
1867 362 2366 426 PAUPERTATE
2417 363 2516 421 AD
2549 359 2896 422 MAGNAM.

2017 485 2064 542 Α

3523 357 3670 424 ’1053

2667 469 2896 528 CAPUT
2933 467 3092 524 LXV.

2163 588 2268 643 Sed
2297 604 2328 643 e
2366 589 2661 652 contrario,
2693 588 2788 658 qui
2823 588 2891 642 de
2923 601 3064 641 novo
3097 585 3150 640 in
3181 584 3370 640 eodem
3403 601 3667 642 annume-

2090 677 2192 731 rati
2221 685 2350 731 sunt
2377 677 2587 742 ordine,
2613 685 2666 729 et
2685 678 2982 730 etia‘mmtm
3017 672 3245 727 ulterius
3267 675 3666 742 provehuntur,

2092 765 2256 834 quive
2283 765 2351 819 ad
2393 763 2742 834 perfectionis
2771 773 2961 834 portus
2990 763 3262 834 appellere
3305 763 3668 825 contendunt,

2091 852 2368 921 quomodo
2397 851 2538 921 apud
2573 865 2666 905 vos
2691 867 2848 904 suum
2902 851 3144 919 ipsorum
3178 849 3423 903 ordinem
3453 864 3672 904 servare

2020 967 2028 975 -
2089 954 2314 1008 norunt,
2363 952 2415 998 et
2469 942 2527 996 hi
2588 942 2807 1012 quidem
2855 926 3058 1011 gulam,
3132 941 3206 993 illi
3241 951 3420 994 autem
3475 953 3674 992 vanam

2089 1037 2344 1107 gloriam,
2378 1035 2686 1104 superbiam
2747 1049 2874 1087 vero
2907 1033 3021 1096 alii,
3056 1033 3146 1100 qui
3197 1032 3507 1100 superiores
3546 1039 3674 1084 sunt

2090 1129 2388 1198 reprimere
2436 1128 2582 1198 (eum
2615 1127 2680 1180 ad
2721 1125 3058 1194 perniciosas
3089 1126 3415 1193 quandoque
3443 1137 3672 1176 conver-

2091 1227 2277 1273 tantur
2307 1219 2615 1287 passiones)
2644 1232 2874 1285 seseque
2905 1215 3147 1269 studiose
3171 1229 3444 1278 exercere,
3473 1223 3587 1268 tum
3617 1214 3670 1266 in

2093 1307 2358 1363 servanda
2413 1307 2790 1376 temperantia,
2824 1314 2938 1358 tum
2990 1305 3048 1357 in
3097 1304 3261 1356 animi
3305 1303 3672 1371 simplicitate,

2093 1395 2508 1466 humilitateqne
2543 1395 2822 1457 sectanda,
2876 1408 2975 1447 nee
3027 1394 3092 1447 ad
3123 1393 3354 1460 gloriam
3391 1392 3673 1447 hominum

2093 1489 2336 1544 animum
2368 1487 2568 1542 habere
2607 1486 2910 1541 intentum?
2947 1486 3160 1540 Ventris
3193 1485 3392 1539 etenim
3444 1483 3675 1553 repletio

2095 1579 2468 1648 irrigationem
2509 1579 2718 1631 inducit
2759 1592 2974 1640 eorum,
3015 1592 3138 1646 qm}!
3171 1578 3278 1630 sub
3305 1584 3493 1628 ventre
3523 1583 3672 1637 sunt,

2094 1683 2218 1738 quae
2262 1669 2332 1720 ab
2383 1667 2787 1721 exundantibus
2833 1665 3054 1720 ﬂuentis
3099 1683 3128 1719 e
3159 1666 3408 1720 satietate
3469 1665 3675 1735 impetu

2095 1757 2413 1826 tlt'pnrtulis,
2435 1757 2598 1809 veluti
2639 1771 2704 1809 ex
2737 1757 2942 1808 amaris
2965 1755 3246 1810 canalibus
3276 1753 3678 1824 quodammodo

2021 1841 2370 1919 Birrigatur,
2432 1865 2663 1918 quaeque
2734 1849 3039 1917 prurigines
3117 1861 3376 1900 venereae
3450 1861 3513 1900 ex
3591 1845 3678 1899 his

2089 1935 2335 1989 efﬁciunt
2365 1936 2712 2002 acperrimas.
2749 1941 2806 1987 et
2834 1933 3182 1987 continentim
3212 1944 3492 1985 certamen
3523 1929 3678 1984 labo-

2091 2025 2302 2077 riosum
2331 2021 2734 2075 titillatiouibus
2785 2021 3086 2073 exhilnnt:
3119 2019 3211 2072 sed
3247 2028 3298 2070 et
3321 2032 3516 2072 vanam
3567 2017 3681 2085 glo-

2092 2113 2230 2164 riam
2267 2109 2501 2162 scientes
2531 2123 2652 2162 esse
2709 2107 3134 2162 ostentationem
3172 2104 3441 2169 inutilem,
3479 2105 3680 2158 merito

2095 2200 2265 2267 ipsam
2287 2197 2448 2266 317
2467 2196 2700 2264 fugiunt,
2729 2211 2851 2264 quae
2873 2196 3062 2248 suadet
3078 2193 3294 2262 quidem
3325 2191 3680 2246 laborandum

2093 2299 2192 2353 pro
2226 2284 2442 2348 virtute,
2473 2295 2526 2334 at
2553 2281 2766 2336 labores
2794 2281 2968 2335 reddit
2999 2279 3237 2344 inutiles,
3265 2282 3392 2348 quia
3419 2295 3526 2332 non
3565 2277 3680 2330 vult

2095 2374 2216 2428 illos
2242 2373 2350 2426 Deo
2369 2371 2740 2435 manifestare,
2763 2371 2856 2440 qui
2881 2386 3105 2440 operum
3133 2370 3475 2423 occultorum
3502 2369 3681 2438 palam

2093 2460 2591 2514 remunerationem
2653 2459 2898 2526 praebet,
2963 2441 3302 2511 hominibus.
3343 2470 3471 2508 vero
3533 2455 3683 2524 cupit

2096 2550 2372 2618 publicare
2396 2564 2518 2617 qua:
2567 2549 2725 2613 liunt,
2762 2549 2853 2616 qui
2893 2563 2998 2600 non
3034 2554 3164 2602 sunt
3199 2546 3306 2614 apti
3354 2545 3420 2598 ad
3445 2544 3687 2612 majores

2095 2642 2397 2696 reddendas
2455 2640 2675 2699 laudes,
2724 2639 2778 2693 in
2842 2639 3054 2692 ratione
3088 2638 3378 2703 mercedis,
3433 2637 3687 2706 quinimo

2096 2744 2304 2788 aeterno
2343 2732 2688 2802 plurimoque
2729 2732 2974 2800 privatur
3011 2731 3255 2795 honore;
3309 2731 3400 2785 ille
3424 2743 3685 2799 nutuque,

2097 2824 2218 2894 qui,
2251 2835 2307 2878 ut
2347 2823 2694 2878 admirationi
2743 2825 2812 2877 sit
2848 2822 3185 2886 hominibus,
3223 2820 3456 2890 suscipit
3489 2835 3684 2890 quem-

2096 2917 2180 2970 vis
2233 2915 2493 2980 laborem,
2550 2913 2686 2968 nihil
2743 2915 2959 2983 penitus
3000 2912 3179 2967 diﬂ’ert
3211 2913 3280 2966 ab
3335 2913 3443 2974 bis,
3476 2913 3567 2980 qui
3625 2911 3683 2965 iu

2061 3037 2068 3045 -
2098 3023 2264 3062 scena
2298 3007 2470 3060 multa
2503 3005 2711 3058 faciunt
2740 3005 3084 3066 admiranda,
3119 3019 3244 3058 eum
3287 3003 3358 3057 sit
3394 2993 3685 3056 contentus

2099 3092 2366 3157 mercede,
2427 3107 2552 3160 quae
2608 3091 2710 3144 sibi
2765 3091 3011 3160 provenit
3076 3106 3140 3144 ex
3196 3089 3286 3152 iis,
3339 3089 3432 3158 qui
3484 3089 3686 3142 talibus

415 3168 498 3222 ὅτι
532 3169 672 3222 κατὰ
703 3165 797 3220 τοῦ
827 3166 1052 3238 πλησίον
1107 3168 1418 3238 ἐπαίρεται,
1471 3168 1566 3221 καὶ
1612 3171 1756 3222 κατὰ
1801 3171 1994 3222 τούτου

2099 3183 2465 3248 oblectamur,
2501 3193 2554 3236 et
2585 3197 2614 3235 a
2669 3181 2777 3234 Deo
2813 3195 3159 3250 nequaquam
3207 3179 3368 3239 aliam
3412 3179 3686 3249 postulare

419 3259 560 3331 μέγα
590 3260 812 3329 φρονεῖ;
849 3257 1220 3328 Κατώρθωταί
1269 3276 1323 3311 τι
1371 3259 1529 3312 πλέον
1560 3261 1708 3331 αύτῷ
1747 3261 1854 3314 τῶν
1900 3261 1994 3314 ἀλ-

415 3349 544 3412 λων,
609 3349 704 3401 καὶ
751 3346 862 3400 τῶν
916 3347 1119 3400 λοιπῶν
1167 3350 1224 3400 ἐν
1267 3353 1378 3412 τοῖς
1431 3349 1618 3413 καλοῖς
1677 3353 1994 3422 περιουσίαν

417 3441 573 3508 ἄγειν
629 3441 832 3512 πολλὴν
880 3442 1044 3504 αὑτὸς
1093 3443 1310 3504 πάντως
1351 3441 1698 3508 ἐσπούδασες
1761 3445 1996 3513 καὶτῆς

422 3530 656 3600 σπουδῆς
710 3531 942 3602 λήψεται
997 3533 1161 3596 αὐτὸς
1187 3535 1314 3595 τοὺς
1365 3533 1610 3602 μισθούς·
1653 3534 1872 3603 Ἀμελεῖ
1911 3553 1995 3598 τις

421 3620 628 3692 ἔτερος,
661 3621 754 3676 καὶ
813 3625 942 3696 περὶ
1001 3625 1101 3694 τὴν
1149 3624 1350 3694 ἀρετὴν
1391 3624 1635 3694 ῥᾴθυμος
1683 3625 1992 3691 διάκειται;

419 3712 582 3772 αὐτὸς
627 3713 938 3784 ζημιοῦται,
979 3714 1074 3767 καὶ
1105 3716 1206 3766 οὑκ
1237 3713 1453 3766 ἐλαττοῖ
1489 3715 1616 3777 τοὺς
1656 3716 1863 3770 ἐκείνου
1901 3734 1993 3786 μι-

421 3802 602 3868 σθούς.

2103 3273 2493 3328 rationabiliter
2520 3273 2715 3336 valeat,
2755 3271 2900 3342 quod
2941 3271 3010 3326 ab
3039 3271 3194 3324 initio
3236 3285 3342 3324 non
3381 3285 3524 3332 eam,
3565 3285 3688 3340 quae

2101 3383 2166 3420 ex
2203 3366 2320 3436 ipso
2345 3365 2618 3434 provenit,
2639 3363 2732 3418 sed
2765 3378 2887 3430 quae
2918 3377 2983 3415 ex
3025 3361 3133 3415 illis
3163 3361 3438 3423 tribuitur,
3471 3361 3574 3414 sibi
3625 3373 3687 3414 se

2100 3468 2479 3518 assecuturum
2561 3457 2925 3527 pr0posuerit.
2983 3453 3184 3509 Verum
3240 3463 3294 3508 et
3370 3453 3683 3524 passionem

2101 3551 2472 3605 irrationalem
2520 3550 2788 3620 superbiae
2813 3548 2936 3618 jure
2965 3557 3319 3602 exsecrantur
3351 3563 3363 3598 :
3391 3560 3684 3614 quemnam

2102 3641 2245 3694 enim
2277 3640 2442 3695 habet
2464 3642 2665 3710 aliquis
2697 3641 2962 3694 adversus
2989 3638 3298 3708 quempiam
3325 3636 3522 3690 rationi
3553 3651 3686 3689 con-

2103 3737 2422 3782 scntaueum
2487 3737 2806 3796 praetextum
2852 3729 2918 3779 ad
2974 3727 3288 3790 amentiam,
3325 3733 3383 3776 ut
3425 3723 3688 3778 adversus

2101 3814 2408 3882 proximum
2442 3815 2756 3878 extollatur,
2789 3821 2844 3867 et
2877 3827 3042 3880 supra
3079 3811 3256 3880 ipsum
3305 3809 3592 3880 magniﬁce
3619 3809 3692 3862 de

417 3908 478 3949 se
549 3891 790 3947 sentiat?
829 3893 1141 3948 Patravitne
1222 3895 1340 3962 ipse
1380 3893 1607 3948 feliciter
1655 3895 1858 3965 aliquid
1929 3899 2050 3968 plus
2101 3917 2264 3970 quam
2317 3904 2438 3967 alii,
2485 3913 2541 3958 et
2607 3903 2674 3958 ad
2734 3903 3035 3970 augendam
3084 3901 3308 3953 multam
3364 3911 3688 3956 ceterorum

419 3985 1386 4054 bonorumcopiamomnicoutendit
1435 3987 1658 4040 studio?
1719 3989 2068 4046 nanciscetur
2105 3995 2268 4048 etiam
2335 3996 2454 4064 ipse
2517 3994 2748 4050 studiosi
2803 3993 2982 4061 cperis
3048 3991 3326 4044 mercedes

3394 4011 3407 4044 :
3467 3992 3688 4063 negligi:

421 4079 693 4149 quispiam
726 4079 883 4146 alter,
912 4090 964 4134 et
989 4081 1134 4134 circa
1158 4081 1415 4134 virtutem
1449 4081 1688 4150 segniter
1717 4097 1776 4137 se
1799 4083 2001 4138 habet?
2039 4087 2156 4157 ipse
2185 4089 2386 4142 damno
2415 4087 2644 4142 adicitur
2664 4124 2680 4149 ,
2711 4101 2809 4138 nec
2843 4085 2987 4138 illius
3012 4083 3291 4137 mercedes
3315 4081 3614 4137 imminuit.

989 4193 1240 4245 ΚΕΦΛΛ.
1288 4191 1424 4258 Ξςν.

491 4311 556 4363 Τί
604 4307 698 4364 οῦν
755 4313 785 4363 ὁ
834 4309 1066 4380 σοϐαρὸς
1115 4311 1372 4378 φυσάται,
1416 4311 1510 4363 καὶ
1545 4309 1886 4382 βρενθύεται,
1921 4311 1997 4374 ὡς

422 4403 561 4474 ὑπὲρ
586 4401 762 4456 ἄλλων
791 4401 989 4466 ἀθλῶν,
1036 4401 1212 4465 κοινὸς
1245 4401 1436 4470 ὥσπερ
1465 4401 1648 4472 σωτὴρ
1677 4401 1768 4454 τοῦ
1807 4401 2000 4468 γένους

2666 4193 2893 4250 CAPUT
2933 4191 3118 4246 LXVI.

2173 4304 2311 4370 Quid
2335 4321 2483 4376 ergo,
2509 4305 2608 4374 qui
2626 4303 2904 4359 fastuosus
2929 4312 3032 4368 est,
3061 4300 3281 4356 inﬂatur
3316 4313 3380 4355 ac
3417 4301 3690 4371 superbit,

2103 4412 2168 4452 ac
2197 4398 2241 4451 si
2293 4397 2412 4466 plus
2445 4412 2610 4465 quant
2668 4395 2760 4449 alii
2813 4395 3134 4458 decertaret,
3201 4407 3322 4447 sese
3380 4403 3688 4460 ostentans,

419 4495 793 4565 διακείμενο;;
853 4495 967 4547 υύκ
1033 4493 1190 4556 εἰδὼς
1251 4493 1471 4545 ἔλαττον
1543 4490 1800 4561 βλάπτειν
1863 4493 1994 4563 ἀμέυ

2110 4485 2269 4554 quasi
2299 4484 2607 4538 communis
2637 4493 2780 4538 esset
2813 4483 3024 4553 generis
3053 4480 3330 4536 salvator?
3363 4481 3445 4535 An
3479 4482 3690 4552 ignorat

422 4588 570 4642 λειαν
619 4589 764 4659 ἥπερ
815 4587 1074 4657 βλάπτειν
1135 4585 1380 4652 πέφυκεν
1447 4585 1622 4653 οἴησις
1647 4623 1662 4648 ,
1721 4584 1815 4636 καί
1870 4584 2006 4654 πρὸς

421 4681 482 4734 τὸ
521 4680 838 4748 λειπόμενον
881 4679 978 4748 τῆς
1028 4678 1312 4748 προκοπῆς
1359 4675 1726 4746 ἐμποδίζουσα
1761 4677 1828 4746 τῇ
1871 4692 2006 4746 προ-

423 4772 596 4842 θυμίᾳ
639 4773 714 4835 ὡς
761 4771 1066 4840 ἠνυσμένου
1097 4770 1194 4824 τοῦ
1234 4770 1617 4840 προκειμένου,
1657 4771 1753 4822 καὶ
1798 4771 1862 4822 ἐκ
1908 4768 2002 4822 τοῦ

421 4861 702 4917 διαπτύειν
773 4863 897 4926 τοὺς
956 4861 1420 4924 ἀναπεπτωκότας
1445 4902 1458 4924 ,
1519 4861 1762 4931 μεγάλην
1825 4860 2002 4932 ἑαυτῷ

425 4957 758 5028 προξενοῦσα
801 4959 899 5026 τὴν
949 4957 1186 5012 κόλασιν.
1239 4957 1313 5008 Τὸ
1358 4957 1416 5009 δὲ
1463 4956 1720 5009 ταπεινὸν
1761 4959 1818 5008 ἐν
1869 4957 2000 5028 ἡμῖν

423 5049 525 5103 οὑκ
574 5049 742 5104 ἔδωκε
786 5047 999 5120 χώραν,
1047 5051 1108 5102 οὑ
1159 5048 1365 5118 φθόνῳ,
1414 5049 1475 5100 οὺ
1525 5049 1678 5119 τύφῳ
1725 5049 1854 5101 ποτὲ
1905 5049 2002 5118 τὴν

422 5141 532 5195 τῶν
589 5141 770 5210 μελῶν
815 5143 1204 5212 κοινοπραγίαν
1261 5141 1618 5210 μιμουμένοις
1657 5139 1871 5202 καλῶς,
1909 5141 2003 5194 καὶ

421 5231 522 5303 τὴν
569 5234 801 5286 ἑκάστου
861 5231 1017 5298 δόξαν
1071 5232 1462 5301 οίκειουμένοις
1509 5231 1584 5294 ὡς
1644 5230 1759 5292 ἐνὸς
1818 5229 2004 5300 σώμα-

424 5337 538 5382 τος’
577 5321 697 5374 οὔτε
743 5322 850 5392 γὰρ
903 5325 930 5374 ὀ
964 5322 1170 5385 τέλειος
1213 5321 1354 5375 κατά
1388 5320 1484 5374 τοῦ
1515 5321 1595 5374 ἔτι
1633 5321 2003 5394 προσκόπτον-

425 5431 516 5476 τος
567 5413 643 5477 ὠς
695 5413 979 5486 ὑπερέχων
1041 5415 1364 5484 ἐπαίρεται,
1414 5413 1509 5466 καὶ
1566 5415 1726 5477 αὐτὸς
1777 5415 2006 5482 γεγενῆ-

429 5505 553 5558 σθαι
607 5505 846 5569 τοιοῦτος
890 5507 1046 5570 εἰδὼς
1106 5508 1268 5576 ἡνίκα
1333 5506 1660 5577 προέκοπτε,
1707 5505 1800 5556 καὶ
1847 5505 2007 5556 αὑτὸν

426 5587 579 5659 ⁴ἤξειν
611 5589 728 5658 μετ’
757 5590 816 5642 οὐ
845 5589 980 5641 πολὺ
1018 5589 1153 5659 πρὸς
1193 5587 1251 5640 τὸ
1285 5588 1415 5640 αὐτὸ
1449 5587 1646 5658 μέτρον
1679 5587 1777 5655 τῆς
1809 5586 2008 5639 τελειό-

427 5696 590 5748 τητος
617 5678 1128 5750 πεπεισμένον,οὑδέ
1157 5679 1232 5746 τῷ
1257 5679 1448 5746 τελείῳ
1483 5677 1784 5746 βασκαίνει,
1812 5681 1840 5730 ὁ
1871 5679 2007 5740 τέως

432 5771 574 5824 κατά
625 5767 723 5839 τὴν
767 5773 864 5840 τῆς
903 5769 1106 5840 ἀρετῆς
1155 5767 1310 5832 ἀξίαν
1357 5769 1547 5819 τούτου
1581 5767 2007 5836 ἀπολειπόμενον

2112 4577 2257 4646 quod
2287 4577 2469 4630 minus
2498 4583 2658 4630 nocet
2691 4575 3040 4644 negligentia,
3089 4587 3252 4642 quam
3291 4586 3489 4626 nocere
3519 4571 3692 4626 soleat

2110 4683 2374 4740 arrogans
2395 4669 2460 4724 de
2481 4684 2540 4722 se
2559 4668 2925 4722 existimatio?
2944 4667 3145 4736 quippe
3161 4681 3282 4736 qua:
3299 4665 3693 4735 impedimento

2109 4775 2191 4822 est
2215 4761 2382 4818 animi
2415 4761 2681 4815 alacritati
2719 4760 2884 4830 318
2907 4759 2975 4813 ad
3013 4759 3282 4826 reliquum
3313 4771 3689 4826 progressum,

2109 4865 2328 4926 putans,
2367 4867 2427 4908 se
2465 4851 2578 4921 jam
2611 4851 2854 4920 attigisse
2884 4851 3178 4918 objectum,
3211 4863 3546 4916 magnasque
3585 4847 3695 4902 sibi

2107 4961 2301 5016 poenas
2345 4945 2619 5009 conciliat,
2675 4957 2740 4996 eo
2803 4941 2947 5010 quod
2999 4939 3124 4994 illos
3178 4941 3270 5008 qui
3311 4937 3692 5004 conciderunt,

2109 5037 2296 5090 animo
2323 5043 2640 5091 contemnat
2667 5047 2732 5087 ac
2775 5033 3024 5102 despuat.
3079 5029 3371 5083 Humilitas
3418 5036 3598 5081 autem
3634 5027 3698 5081 in

2109 5128 2264 5182 vobis
2313 5142 2421 5180 non
2471 5125 2718 5180 concedit
2783 5137 3021 5193 unquam
3077 5121 3257 5175 locum
3305 5118 3541 5184 invidiae,
3591 5132 3694 5172 nec

2110 5219 2334 5282 tumori,
2390 5219 2481 5288 qui
2544 5219 2911 5272 membrorum
2967 5213 3424 5282 conspirationem
3478 5209 3700 5280 egregie

2110 5311 2422 5376 imitamini,
2447 5325 2512 5365 ac
2534 5310 2687 5365 vobis
2721 5308 2853 5378 ipsis
2883 5307 3148 5376 cujusque
3179 5304 3345 5358 decus
3380 5303 3694 5364 vindicat7s,

2109 5403 2266 5474 quasi
2295 5403 2458 5458 unius
2475 5402 2722 5472 corporis
2747 5420 2758 5456 :
2785 5415 2888 5456 nec
2908 5399 3108 5455 ctenim
3131 5397 3403 5468 perfectus
3430 5396 3696 5450 adversus

2117 5495 2356 5564 aliquem
2394 5493 2572 5548 adhuc
2597 5491 3052 5561 progredientem,
3075 5504 3138 5542 ac
3169 5489 3211 5543 si
3237 5485 3694 5556 superetnineret,

2114 5585 2410 5649 extollitur,
2441 5584 2570 5637 dum
2621 5592 2673 5637 et
2703 5583 2815 5652 ipse
2848 5595 2968 5636 sese
3023 5579 3184 5634 talem
3227 5575 3506 5631 exstitisse
3535 5573 3696 5640 sciat,

2115 5679 2334 5745 quando
2365 5675 2828 5745 progrediebatur,
2864 5673 3077 5742 sibique
3123 5683 3443 5742 persuasum
3476 5667 3698 5730 habeat,

2116 5769 2258 5836 quod
2289 5768 2449 5822 etiam
2489 5769 2590 5822 iste
2621 5766 2684 5820 ad
2717 5767 2964 5820 eamdem
2992 5760 3346 5834 perfectionis
3385 5771 3694 5818 mensuram
