4046 6152
350 293 363 302 ’
450 329 586 394 1059

1925 324 1984 382 S.
2030 324 2191 383 NlLi

3538 322 3676 389 1060

437 446 562 511 post
587 452 693 492 non
722 434 949 490 multum
981 432 1240 503 temporis
1273 431 1377 486 erit
1405 439 1799 502 perventurus;
1831 445 2008 501 neque

2119 435 2287 501 ζηλῶν
2323 436 2642 507 ἐξισωθῆναι
2674 440 2810 493 κατᾶ
2834 441 2924 493 τὸν
2954 439 3068 510 βίον
3096 438 3263 510 αὐτῷ,
3303 440 3397 492 καὶ
3434 438 3496 492 οὗ
3521 438 3676 510 ζηλο-

434 531 675 604 perl'ecto
701 527 918 590 invidet,
952 533 1064 589 aut,
1106 525 1249 594 quod
1279 524 1400 579 talis
1423 525 1536 592 ipse
1568 524 1822 588 evaserit,
1847 525 2006 578 ntali—

434 638 545 693 gno
594 617 892 689 percutitur
930 616 1115 669 animo
1164 614 1272 679 ille,
1326 614 1417 683 qui
1452 614 1660 668 interea
1705 614 1757 667 in
1794 612 2009 667 virtutis

437 712 703 782 dignitate
748 723 814 763 eo
844 706 1068 761 inferior
1098 715 1203 772 est,
1242 707 1370 761 dum
1419 715 1475 761 et
1509 705 1625 774 ipse
1652 704 2011 760 a‘mulationis

437 802 668 856 ducatur
702 797 883 852 studio
911 796 989 851 illi
1022 812 1144 852 sese
1195 797 1246 850 in
1277 796 1468 852 eodem
1511 795 1727 850 vivendi
1765 795 2012 850 instituto

437 889 807 962 aequiparandi
853 907 868 943 :
913 896 968 943 et
1027 887 1292 944 sic'alius
1348 887 1455 940 alio
1500 886 1686 942 multis
1740 887 2013 942 mensuris

440 986 699 1042 humilior
743 998 969 1055 prorsus
1018 984 1140 1046 erit,
1196 982 1242 1037 si
1298 982 1546 1052 progredi
1595 981 1720 1035 vitae
1766 980 2015 1036 instituto

442 1077 692 1139 voluerit,
719 1084 773 1130 et
802 1088 908 1128 non
947 1073 1073 1128 elati
1103 1072 1267 1126 animi
1299 1072 1592 1141 jactantia;
1618 1080 1673 1126 et
1703 1071 1750 1126 si
1775 1072 1900 1141 quis
1929 1088 2014 1125 re-

442 1183 562 1222 rum
587 1174 760 1222 status
791 1164 1141 1234 expenderet,
1197 1164 1366 1217 multo
1414 1163 1676 1229 pollentes
1714 1163 1894 1218 studio
1923 1178 2017 1216 vos

442 1259 721 1328 reperiret,
751 1270 983 1326 quorum
1008 1255 1145 1309 alter
1164 1254 1339 1309 altero
1362 1255 1415 1307 in
1450 1254 1693 1308 moribus
1720 1254 2017 1308 modestior

442 1364 562 1403 esse
582 1346 876 1412 contendit,
909 1345 987 1400 uti
1012 1343 1173 1398 facile
1201 1343 1383 1398 videre
1414 1351 1500 1396 est
1528 1343 1580 1396 iu
1610 1342 1753 1408 aliis,
1782 1356 2015 1411 quorum

441 1440 584 1494 alter
611 1440 781 1493 altero
807 1438 921 1493 vult
959 1435 1307 1506 praestantior
1342 1432 1511 1488 videri
1555 1434 1625 1488 ob
1668 1433 1873 1502 gloriae,
1898 1447 2020 1501 quae.

443 1528 499 1580 in
527 1528 726 1581 saeculo
742 1532 1011 1590 versatur,
1026 1524 1400 1593 cupiditatem.
1427 1522 1530 1577 Vos
1549 1532 1728 1576 autem
1755 1523 1831 1575 uti
1858 1521 2018 1575 Chri-

439 1628 586 1675 stum
630 1618 921 1684 didicistis,
968 1618 1046 1672 sic
1081 1617 1135 1670 in
1168 1617 1283 1685 ipso
1318 1613 1737 1679 conversemini,
1769 1625 2016 1668 mutuam

443 1713 513 1766 ab
540 1712 632 1768 illo
672 1711 814 1765 inter
848 1724 944 1764 vos
974 1707 1338 1763 obedientiam
1380 1706 1580 1773 edocti,
1630 1705 1724 1776 qui
1758 1705 2019 1760 obediens

2111 530 2272 580 τυπεῖ
2294 529 2373 582 ὃτι
2402 528 2641 593 τοιοῦτος
2671 531 2978 600 γεγένηται·
3005 533 3100 584 καὶ
3126 530 3280 595 ἄλλος
3305 532 3489 595 ἁπλῶς
3518 534 3676 589 ἄλλον

2111 618 2292 688 πολλῷ
2320 619 2397 690 τῷ
2429 620 2613 690 μέτρῳ
2653 623 2769 673 ἐστὶ
2814 622 3192 693 ταπεινότερος
3244 623 3573 692 προκόπτειν
3611 628 3677 695 τῇ

2113 709 2376 781 πολιτείᾳ,
2414 712 2508 765 καὶ
2550 715 2611 766 ού
2656 712 2734 782 τῷ
2767 713 2962 784 κόμπῳ
2995 712 3316 783 βουλόμενος
3349 713 3442 767 τοῦ
3484 717 3681 784 φρονή-

2114 816 2304 871 ματος,
2332 801 2425 853 καὶ
2471 803 2670 873 πολλὴν
2709 804 2846 873 τάχα
2883 804 2947 856 ἄν
2986 822 3069 867 τις
3108 804 3248 876 ὁρῶν
3280 805 3414 876 πρὸς
3444 807 3512 858 τὰ
3542 811 3681 877 πρᾶο
3778 824 3783 827 ·

2112 905 2298 958 γματα
2352 890 2586 962 σπουδὴν
2637 892 2859 962 ἔχοντας
2911 893 3056 963 ὑμᾶς
3120 893 3288 965 εὖροι,
3341 893 3424 957 τίς
3481 897 3680 964 μᾶλλον

2114 977 2287 1041 ἔσται,
2311 977 2452 1031 κατὰ
2477 983 2536 1032 τὺ
2557 975 2708 1050 ἦθος,
2740 982 2880 1044 τινὸς
2912 980 3297 1052 μετριώτερος,
3329 983 3404 1045 ὡς
3431 982 3578 1035 ἔστιν
3602 985 3683 1036 εύ-

2115 1071 2231 1139 ρεῖν
2262 1070 2320 1122 ὲν
2351 1070 2551 1136 ἄλλοις,
2582 1071 2811 1125 ’ἑκαστον
2850 1073 3082 1125 ἑκάστου
3127 1071 3348 1125 θέλοντα
3394 1073 3681 1141 φαίνεσθαι

2115 1161 2527 1232 προτιμότερον,
2565 1163 2651 1214 διὰ
2683 1164 2779 1234 τὴν
2831 1163 3327 1234 ἐμπολιτευομένην
3356 1163 3434 1234 τῷ
3467 1164 3568 1235 βίῳ
3602 1182 3683 1234 φι-

2114 1249 2374 1315 λοδοξίαν.
2419 1252 2605 1324 Ὑμεῖς
2633 1254 2690 1306 δὲ
2727 1255 2803 1317 ώς
2834 1255 3067 1325 ἐμάθετε
3101 1257 3192 1308 τὸν
3222 1256 3479 1325 Χριστὸν,
3512 1256 3681 1320 οὕτως

2116 1343 2174 1394 ὲν
2201 1342 2347 1412 αὐτῷ
2378 1344 2749 1412 πολιτεύεσθε,
2769 1344 2868 1415 τὴν
2893 1346 3029 1415 πρὸς
3054 1345 3315 1417 ἀλλήλους
3347 1346 3595 1416 ὑπακοὴν
3625 1348 3682 1411 ἐξ

2117 1435 2324 1488 ἐκείνου
2348 1436 2632 1506 μαθόντες,
2651 1435 2707 1499 ὃς
2734 1453 2751 1487 ι
2777 1437 3018 1507 ὑπήκοος
3042 1435 3203 1508 μέχρι
3237 1436 3467 1490 θανάτου
3497 1439 3679 1507 γέγονε

2116 1526 2195 1597 τῷ
2225 1528 2424 1598 Πατρὶ,
2448 1525 2678 1582 θανάτου
2703 1528 2759 1581 δὲ
2794 1528 3052 1598 σταυροῦ,
3090 1546 3109 1580 ι
3144 1530 3204 1582 τὸ
3234 1530 3432 1601 μέτρον
3459 1532 3556 1600 τῆς
3585 1532 3682 1603 ὑπ-

2116 1619 2287 1690 ακοῆς
2331 1618 2436 1682 ἕως
2487 1618 2641 1672 τοῦδε
2682 1618 2776 1673 τοῦ
2811 1620 3055 1674 κινδύνου
3096 1621 3422 1691 νομοθετῶν,
3455 1626 3547 1675 καί⁸
3588 1623 3684 1684 τὰς

2120 1708 2287 1774 ἄλλας
2352 1710 2492 1780 μετὰ
2550 1710 2731 1780 πάσης
2779 1710 3016 1780 σπουδῆς
3072 1712 3407 1781 μετέρχεσθε
3462 1713 3681 1782 ἀρετὰς,

442 1802 548 1857 (uit
572 1802 722 1857 Patri
748 1816 921 1871 usque
944 1800 1010 1855 ad
1038 1796 1290 1864 mortem,
1323 1808 1553 1853 mortem
1584 1809 1763 1852 autem
1789 1799 2013 1865 crucis‘,

2120 1799 2310 1869 ἐπειδὴ
2352 1801 2556 1863 ταύτας
2598 1800 2759 1863 αὐτὸς
2788 1800 2977 1865 ποιῶν,
3014 1801 3108 1854 καὶ
3138 1799 3426 1867 διδάσκων,
3478 1801 3686 1871 ἀξιόπὶ-

443 1895 561 1963 lege
621 1892 960 1963 praestituens
1007 1905 1321 1945 mensuram
1369 1889 1690 1944 obedientize
1738 1904 1911 1959 usque
1944 1888 2013 1942 ad

443 1985 554 2038 tale
593 1980 926 2051 periculum;
952 1980 1083 2050 quin
1109 1987 1163 2034 et
1189 1979 1321 2033 alias
1346 1994 1467 2033 cum
1495 1979 1643 2032 omni
1672 1976 1867 2032 aﬂ‘ectu
1901 1979 2010 2031 vir-

445 2084 589 2131 tutes
614 2071 916 2135 sectemiui,
939 2069 1398 2140 quandoquidem,
1422 2068 1587 2137 319
1610 2082 1734 2122 cum
1770 2068 1868 2123 has
1898 2068 2013 2137 ipse

444 2166 684 2232 ﬁxisset,
717 2173 773 2218 et
797 2163 1127 2226 edocuisset,
1163 2161 1419 2215 erunibus
1470 2160 1784 2215 hominibus
1812 2175 2014 2231 praece-

442 2262 565 2325 ptor
592 2252 696 2307 (ide
724 2252 922 2321 dignus
953 2250 1148 2315 evasit,
1173 2248 1335 2318 quive
1360 2249 1775 2318 possibilitatem
1802 2264 2014 2314 eorum,

442 2356 563 2410 quae
599 2337 963 2409 praecipiebat,
1000 2336 1237 2390 ostendit
1264 2334 1657 2400 ediscentibus,
1687 2351 1750 2390 ea
1777 2336 2016 2402 primum

443 2430 674 2501 ipsemet
720 2427 999 2493 faciendo;
1053 2427 1283 2501 multum
1338 2425 1501 2494 igitur
1547 2425 1793 2481 habeatis
1844 2428 2010 2480 animi

442 2521 696 2577 affectum
721 2520 786 2574 ad
809 2519 1064 2584 invicem,
1089 2517 1288 2587 quippe
1315 2517 1408 2586 qui
1433 2530 1539 2570 non
1563 2516 1846 2585 ignoratis,
1869 2518 2013 2587 quod

443 2610 534 2666 ille
582 2609 843 2682 apostolis
897 2608 967 2664 sit
1014 2617 1373 2675 contestatus,
1406 2609 1511 2662 hoc
1556 2607 1763 2663 scilicet
1790 2623 2011 2663 suorum

442 2703 832 2772 discipulorum
867 2715 990 2756 esse
1022 2701 1385 2769 signaculum,
1415 2701 1544 2755 dum
1579 2701 1658 2755 ait
1693 2718 1708 2754 :
1748 2718 1768 2753 ι
1810 2701 1869 2755 lu
1915 2704 2016 2757 hoc

444 2806 675 2849 noscent
712 2808 922 2859 omnes,
949 2792 1092 2862 quod
1131 2793 1233 2846 mei
1267 2793 1399 2848 estis
1436 2791 1715 2861 discipuli,
1750 2792 1797 2847 si
1830 2792 2015 2847 chari-

2119 1908 2243 1953 στος
2273 1890 2588 1955 διδάσκαλος
2617 1894 2781 1945 πᾶσιν
2814 1890 3120 1963 ἀνθρώποις
3155 1893 3469 1965 γεγένηται,
3499 1895 3561 1946 τὸ
3595 1894 3683 1946 δυ-

2121 1981 2279 2035 νατὸν
2310 1976 2385 2036 ὧν
2415 1983 2707 2036 ἐπέταττεν
2755 1982 2902 2054 ἔργῳ
2946 1983 3022 2055 τῷ
3063 1983 3293 2056 πρώτως
3330 1986 3469 2039 αὐτὰ
3513 1989 3684 2038 ποιεῖν

2119 2073 2333 2138 δεικνὺς
2370 2076 2481 2137 τοῖς
2515 2075 2865 2145 μανθάνουσι.
2919 2076 3128 2145 Πολλὴν
3187 2076 3319 2145 γοῦν
3367 2076 3536 2149 ἔχετε,
3593 2078 3687 2133 καὶ

2120 2164 2566 2235 ὑπερδάλλουσαν
2609 2166 2708 2235 τὴν
2752 2169 2808 2219 ἐν
2856 2166 3103 2236 ἀλλήλοις
3132 2167 3397 2234 διάθεσιν,
3427 2169 3686 2240 μαθόντες

2114 2254 2396 2326 εἰρηκέναι
2425 2257 2537 2318 τοῖς
2568 2255 2887 2318 ἀποστόλοις
2920 2256 3053 2309 αὐτὸ
3077 2255 3138 2309 τὸ
3172 2257 3439 2328 σύμὸολον
3464 2258 3571 2313 τῶν
3593 2260 3686 2314 αύ-

2112 2345 2207 2397 τοῦ
2241 2345 2519 2417 μαθητῶν,
2553 2347 2612 2398 ὲν
2642 2340 2721 2410 οἷς
2770 2364 2952 2415 φησιν·
2993 2366 3010 2397 ι
3053 2349 3140 2400 Ἐν
3173 2348 3347 2417 τούτῳ
3390 2349 3685 2417 γνώσονται

2117 2435 2317 2497 πάντες
2350 2436 2431 2490 ὅτι
2462 2437 2582 2507 ἐμοὶ
2610 2437 2852 2508 μαθηταί
2887 2441 3007 2491 ἐστε
3048 2438 3143 2493 ἐὰν
3172 2440 3396 2512 ἀγάπην
3434 2442 3591 2513 ἔχητε
3629 2445 3685 2497 ὲν

2120 2525 2389 2596 ἀλλήλοις.
2422 2526 2745 2597 Εἰρηνεύετε
2775 2529 3013 2598 γνησίως
3051 2532 3185 2601 πρὸς
3218 2531 3482 2597 ἅπαντας.
3527 2534 3685 2606 Εἰρή-

2120 2632 2216 2686 νην
2244 2615 2342 2687 τὴν
2364 2616 2504 2687 ἐμὴν
2529 2617 2731 2688 ἀφίημι
2761 2619 2907 2689 ὑμῖν.
2949 2622 3225 2691 Ἀγαπᾶτε
3251 2627 3374 2688 τοὺς
3398 2625 3684 2695 μισοῦντας

2123 2706 2288 2773 ὑμᾶς,
2340 2707 2437 2759 καὶ
2486 2708 2853 2779 προσεύχεσθε
2889 2710 3029 2781 ὑπὲρ
3058 2712 3167 2766 τῶν
3199 2713 3495 2767 διωκόντων
3538 2715 3682 2785 ὑμᾶς

2126 2798 2220 2849 καὶ
2252 2798 2355 2867 ὲπη
2365 2799 2689 2867 ρεαξόντων.
2719 2820 2739 2853 ι

445 2896 610 2942 tatem
643 2887 888 2942 habeatis
924 2885 991 2939 ad
1018 2885 1244 2938 invicem
1268 2886 1321 2950 ’ς
1350 2898 1536 2954 pacem
1574 2897 1761 2937 veram
1801 2896 2010 2941 servate
2037 2902 2161 2941 cum
2199 2866 2484 2957 omnibus;
2516 2866 2904 2961 pacemmeam
2948 2893 3194 2966 relinquo
3227 2896 3448 2963 vobis‘;
3484 2897 3687 2969 diligite

443 2991 541 3034 eos
572 2977 664 3047 qui
702 2978 933 3033 oderunt
964 2991 1083 3043 vos,
1120 2986 1174 3031 et
1199 2984 1351 3031 orate
1384 2990 1483 3046 pro
1516 2976 1623 3042 his,
1655 2977 1747 3046 qui
1780 2992 1877 3035 vos
1914 2991 2337 3052 persequuntur,
2374 2994 2428 3039 et
2456 2983 2668 3053 injuriis
2699 2984 2938 3042 alliciunt
2957 2987 2997 3041 ⁸.
3032 3007 3051 3040 ι

991 3086 1216 3144 CAPUT
1247 3087 1454 3143 LXVII.

517 3181 534 3235 1
543 3196 636 3249 pse
656 3182 854 3235 etenim
881 3180 985 3236 hoc
1002 3181 1190 3235 dicens
1218 3180 1511 3247 mandavit,
1531 3195 1735 3250 vosque
1758 3195 2016 3235 exercens

444 3269 503 3321 in
558 3266 999 3321 tribulationibus
1064 3268 1141 3319 uti
1201 3267 1430 3321 athletas
1492 3266 1560 3320 ad
1621 3267 2012 3322 constantiam.

443 3356 779 3412 Auscultatis
821 3354 996 3423 ipsum
1033 3353 1332 3419 dicentem;
1371 3370 1389 3403 ι
1434 3351 1631 3419 Discite
1665 3368 1696 3405 a
1736 3366 1850 3414 me,
1886 3351 2013 3419 quia

446 3448 595 3501 ruitis
617 3461 736 3500 sum
770 3454 823 3499 et
854 3443 1075 3497 humilis
1096 3444 1259 3496 corde
1280 3443 1322 3508 ',
1352 3460 1370 3493 ›
1395 3452 1450 3496 et
1472 3456 1635 3512 Opere
1657 3441 2015 3497 imitationem

447 3533 807 3597 exhibuistis;
841 3533 996 3600 alapa
1030 3531 1155 3585 caesi
1187 3531 1239 3582 in
1271 3529 1492 3584 dextera
1539 3531 1776 3598 maxilla,
1821 3532 2017 3587 obver-

447 3628 560 3680 titis
600 3624 781 3687 aliam,
833 3637 897 3675 ac
925 3622 1088 3674 etiam
1140 3621 1354 3689 spoliati
1394 3622 1576 3677 tunica
1625 3623 1923 3678 conceditis
1964 3633 2019 3679 et

446 3717 668 3787 pallium
709 3715 752 3778 ⁸,
783 3713 1038 3782 injuriain
1077 3721 1126 3768 ct
1169 3713 1438 3780 jacturam
1476 3713 1658 3781 potius
1696 3715 2013 3782 tolerantes,

447 3823 609 3878 quam
636 3805 923 3860 confestim
954 3816 1076 3858 cum
1100 3804 1303 3873 impetu
1326 3804 1593 3860 irruentes
1613 3806 1680 3861 ad
1700 3807 2014 3863 vindictam.

449 3900 553 3955 Sed
592 3897 819 3953 feliciori
851 3910 1108 3951 successu
1136 3895 1310 3960 vobis,
1343 3910 1507 3965 quam
1539 3896 1658 3950 aliis
1687 3898 1865 3951 evenit
1891 3897 2015 3957 hoc.

445 3991 588 4061 quod
616 3989 821 4045 scilicet
841 4003 950 4043 non
992 3986 1316 4057 possideatis
1341 3987 1636 4058 quidquam
1661 4003 1871 4053 eorum,
1897 4004 2018 4057 qua:

446 4070 683 4136 inhibuit
720 4080 1006 4145 Dominus,
1043 4080 1136 4150 qui
1164 4079 1269 4134 tale
1310 4079 1434 4133 vitae
1460 4079 1795 4134 institutum
1831 4079 2016 4132 militi—

446 4176 569 4238 hus,
594 4180 648 4228 et
668 4173 884 4228 athletis
908 4175 1257 4237 conveniens,
1276 4179 1626 4240 aptatamque
1653 4170 1766 4225 fore
1789 4171 2014 4225 sciebat.

446 4262 558 4320 Vos
586 4264 768 4332 itaque
798 4262 943 4318 nulla
985 4262 1264 4317 beatitudo
1310 4260 1593 4315 Dominica
1630 4263 2016 4329 praeteritur-rit,

445 4370 567 4425 quae
597 4354 745 4424 operi
793 4369 900 4408 non
934 4352 1096 4407 fuerit
1135 4353 1492 4416 demandata;
1537 4366 1729 4405 omnes
1778 4352 1923 4405 enim
1958 4353 2015 4404 in

446 4446 700 4500 manibus
732 4445 928 4498 vestris
960 4453 1089 4498 sunt
1135 4457 1369 4512 semper,
1401 4457 1526 4498 cum
1562 4441 2016 4497 retributiouibus
2048 4441 2090 4495 D

446 4534 741 4599 connexis;
774 4546 1040 4600 pauperes
1081 4532 1330 4586 evasistis
1360 4531 1574 4601 spiritu,
1619 4539 1675 4587 ct
1712 4531 1894 4597 mites,
1922 4546 2019 4601 pa-

446 4625 605 4688 eitiei,
629 4633 684 4679 et
710 4623 1106 4687 misericordes,
1129 4630 1182 4676 ct
1199 4623 1386 4678 mundi
1412 4624 1577 4678 corde
1623 4665 1640 4691 ,
1658 4624 1752 4680 sed
1773 4632 2017 4680 vestrum

444 4733 528 4772 εει
559 4731 783 4786 regnum
807 4713 1509 4784 cmlorun17-',320quoet
1524 4730 1627 4771 nos
1657 4725 1716 4771 ut
1735 4716 1883 4788 digni
1905 4716 2018 4771 elli-

444 4812 654 4866 ciamur
679 4816 918 4871 exorate,
946 4814 1248 4861 vestrorum
1277 4807 1579 4863 imitatores
1611 4823 1836 4877 operum
1865 4809 2013 4870 facti,

443 4915 675 4970 quorum
705 4898 987 4966 praemium
1016 4905 1099 4952 est
1128 4896 1381 4951 omnibus
1414 4897 1696 4951 vobiscum
1730 4899 2013 4966 condignis

443 4992 713 5060 promissa
771 4989 957 5043 fruitio
1009 4988 1159 5057 regni
1221 4989 1275 5041 in
1332 4986 1550 5043 Christo
1597 4988 1725 5043 Jesu
1780 4990 2013 5044 Domino

445 5094 655 5149 nostro,
683 5085 770 5139 cui
800 5083 971 5154 gloria
1006 5081 1061 5135 in
1095 5083 1316 5137 sarcula.
1347 5082 1539 5135 Amen.

2039 3104 2086 3163 C

2697 3098 2952 3156 ΚΕΦΑΛ.
2980 3100 3097 3155 ΞΖ’.

2191 3185 2358 3249 Αὐτὸς
2389 3186 2496 3256 γὰρ
2533 3188 2838 3243 ἐνετείλατο
2875 3190 3049 3258 λέγων
3092 3191 3269 3262 τοῦτο,
3302 3194 3594 3265 γυμνάζων
3632 3197 3686 3247 ἐν

2118 3278 2239 3339 ταῖς
2273 3276 2519 3347 θλίψεσιν
2567 3280 2711 3349 ὑμᾶς
2764 3280 2838 3343 ώς
2893 3281 3134 3353 ἀθλητὰς
3185 3286 3321 3356 πρὸς
3374 3287 3686 3357 καρτερίαν.

2132 3365 2430 3419 Ἠκούσατε
2475 3369 2718 3433 εἰπόντος
2759 3371 2947 3438 αὐτοῦ,
2986 3392 3005 3424 ε
3039 3373 3255 3427 Μάθετε
3290 3376 3385 3429 ἀπ’
3424 3376 3580 3447 ἐμοῦ,
3610 3379 3689 3431 ὅτι

2122 3458 2297 3526 πρᾶός
2330 3459 2445 3528 είμι
2476 3460 2570 3512 καὶ
2604 3462 2857 3526 ταπεινὸς
2883 3466 2949 3536 τῇ
2979 3466 3199 3536 καρδίᾳ,
3232 3485 3253 3517 ι
3291 3467 3387 3521 καὶ
3411 3467 3559 3540 ἔργῳ
3595 3470 3689 3538 τὴν

2125 3546 2354 3618 μίμησιν
2378 3551 2705 3616 ἐπεδείξατε,
2739 3554 3090 3626 ραπιζόμενοι
3116 3558 3215 3628 τὴν
3237 3558 3416 3624 δεξιὰν
3444 3561 3687 3629 σιαγόνα,

2124 3638 2386 3708 στρέφετε
2425 3642 2520 3694 καὶ
2543 3642 2642 3714 τὴν
2666 3644 2853 3716 ἄλλην,
2884 3647 3091 3702 καὶτὸν
3121 3648 3323 3720 χιτῶνα
3354 3652 3689 3722 ἀφαιρούμε-

2122 3745 2225 3788 νοι.
2258 3736 2635 3803 παραχωρεῖτε
2665 3736 2759 3790 καὶ
2794 3736 2854 3789 τὸ
2890 3738 3122 3807 ἱμάτιον,
3164 3739 3341 3811 ὕϐριν,
3369 3743 3465 3795 καὶ
3488 3742 3688 3813 ζημίαν

2123 3820 2378 3890 φέροντες
2421 3823 2617 3891 μᾶλλον
2649 3825 2681 3897 ἢ
2712 3828 3017 3899 προχείρως
3046 3830 3327 3901 ὁρμῶντες
3369 3833 3507 3905 πρὸς
3552 3834 3690 3903 ἄμυ-

2122 3929 2239 3966 ναν.
2284 3912 2657 3984 Κατώρθωται
2691 3917 2749 3970 δὲ
2792 3918 2956 3973 πλέον
2995 3921 3104 3974 τῶν
3134 3921 3308 3979 ἄλλων
3357 3925 3486 3994 ὑμῖν
3513 3927 3577 3981 τὴ
3616 3926 3686 3996 μὴ

2123 4001 2427 4072 κτήσασθαί
2452 4021 2506 4056 τι
2536 3998 2610 4058 ὧν
2644 4007 2671 4060 ὁ
2699 4007 2903 4078 Κύριος
2926 4010 3146 4079 ἀπεῖπε,
3180 4015 3538 4084 στρατιώταις
3596 4016 3687 4067 καὶ

2123 4091 2378 4161 ἀθληταῖς
2405 4095 2503 4163 τὴν
2526 4095 2745 4166 ἀγωγὴν
2773 4098 2866 4150 τοῦ
2895 4099 3009 4167 βίου
3034 4099 3237 4172 ταύτην
3262 4103 3495 4174 πρέπειν
3514 4104 3680 4168 εἰδώς.

2135 4180 2324 4250 Ἀργὸς
2367 4183 2510 4252 ὑμᾶς
2550 4185 2726 4249 οὐδεὶς
2758 4186 2868 4240 τῶν
2904 4189 3194 4260 Κυριακῶν
3226 4193 3550 4264 παρέδραμε
3585 4211 3684 4263 μα-

2123 4272 2413 4341 καρισμὸς,
2455 4273 2513 4327 ὲν
2550 4277 2707 4345 χερσὶ
2749 4277 2805 4328 δὲ
2846 4278 3046 4340 πάντες
3097 4280 3186 4333 ἀεὶ
3221 4284 3341 4345 ταῖς
3399 4284 3683 4352 ὑμετέραις

2122 4360 2375 4429 γεγόνασι
2409 4364 2547 4432 μετὰ
2573 4365 2681 4417 τῶν
2712 4368 3149 4440 συνεζευγμένων
3186 4373 3455 4442 ἁμοιὸῶν,
3481 4375 3683 4444 πτωχοὶ

2121 4455 2413 4525 γεγένησθε
2463 4456 2542 4526 τῷ
2575 4458 2867 4527 πνεύματι,
2924 4462 3019 4515 καὶ
3064 4466 3281 4533 πραεῖς,
3341 4468 3435 4518 καὶ
3472 4468 3679 4537 εἰρηνοο

2119 4545 2285 4610 ποιοὶ,
2317 4547 2413 4600 καὶ
2454 4547 2763 4619 ἐλεήμονες,
2803 4552 2897 4604 καὶ
2937 4553 3169 4624 καθαροὶ
3210 4558 3277 4626 τῇ
3311 4556 3530 4627 καρδίᾳ,
3574 4557 3681 4609 ἀλλ’

2120 4636 2273 4706 ὑμῶν
2303 4639 2452 4691 ἐστιν
2480 4641 2514 4709 ἡ
2551 4640 2797 4710 βασιλεία
2839 4644 2947 4697 τῶν
2985 4645 3249 4715 οὒρανῶν,
3296 4642 3366 4717 ἦς
3411 4651 3505 4701 καὶ
3544 4650 3682 4719 ἡμᾶς

2120 4731 2417 4801 ἀξιωθῆναι
2453 4734 2841 4805 προσεύχεσθε,
2878 4735 3123 4807 ζηλωτὰς
3151 4738 3260 4791 τῶν
3290 4740 3572 4810 ὑμετέρων
3600 4742 3683 4809 ἐρα

2120 4836 2232 4887 γων
2262 4824 2679 4893 γεγενημένους
2708 4819 2783 4879 ὧν
2813 4829 2929 4879 ἐστι
2960 4828 3130 4899 γέρας
3155 4831 3188 4898 ἡ
3224 4831 3360 4883 πᾶσι
3393 4832 3514 4901 μεθ’
3539 4831 3682 4902 ὑμῶν

2118 4912 2230 4972 τοῖς
2251 4911 2423 4975 ἀξίοις
2449 4915 2835 4988 ἐπηγγελμένη
2860 4917 2961 4987 τῆς
2983 4918 3261 4987 βασιλείας
3289 4922 3609 4987 ἀπόλαυσις,
3632 4923 3683 4972 ἐν

2118 5001 2341 5071 Χριστῷ
2382 5004 2554 5075 Ἰησοῦ
2582 5006 2662 5076 τῷ
2691 5008 2881 5079 Κυρίῳ
2928 5010 3107 5079 ἡμῶν,
3141 5004 3184 5077 ᾧ
3210 5014 3244 5080 ὴ
3292 5011 3418 5075 δόξα
3462 5014 3541 5075 εἰς
3568 5013 3683 5072 τοὺς

2119 5092 2340 5156 αἰῶνας.
2376 5095 2433 5147 ’A
2444 5097 2568 5167 μὴν.

445 5313 808 5388 Sequebantur
843 5321 980 5382 apud
1020 5312 1364 5376 Suaresium;
1405 5313 1455 5365 l°
1480 5310 1760 5368 Tractatus
1804 5315 2057 5381 moralis;
2103 5314 2164 5369 2ο
2197 5314 2423 5385 Epicteti
2470 5317 2818 5375 Enchiridion
2857 5338 2948 5375 seu
2996 5320 3287 5387 Manuale;
3339 5325 3396 5378 3°
3432 5323 3682 5380 Narratio

734 5409 971 5461 monachi
1004 5408 1243 5470 Pachon;
1273 5423 1387 5477 quae
1415 5408 1608 5472 omnia,
1642 5417 1699 5460 ut
1725 5408 1968 5462 sublesta
1996 5412 2206 5465 omnino
2234 5413 2379 5480 ﬁdei,
2408 5413 2476 5465 ad
2505 5415 2701 5467 calcem
2724 5431 2937 5484 operum
2959 5417 3388 5473 amandavimus.

2031 5555 2102 5570 ρ

518 5610 544 5689 ἑ.
564 5608 969 5689 Philipp-31,8.
1046 5609 1253 5689 ζιοιιιι.
1293 5628 1410 5689 χιιι,
1439 5613 1526 5668 35.
1607 5618 1626 5650 ³
1655 5618 1807 5673 Joan.
1840 5635 1949 5686 ιιιν,
1991 5620 2016 5673 ﬁ

2160 5624 2180 5653 ⁵
2209 5620 2395 5678 Matth.
2430 5638 2481 5689 v,
2520 5623 2608 5677 44.

520 5623 534 5638 ³
566 5623 794 5677 ιίιιιιρρ.
827 5626 885 5672 ιι,
916 5623 969 5662 δ.
1047 5623 1064 5638 ³
1094 5623 1253 5665 Joan.
1293 5628 1410 5677 xm,
1439 5623 1526 5668 55.
1607 5623 1626 5650 ³
1655 5623 1807 5673 Joan.
1840 5635 1949 5686 ιιιν,
1991 5623 2083 5677 ‘27.
2160 5624 2180 5653 ⁵
2209 5623 2395 5678 Matth.
2430 5638 2481 5689 v,
2520 5623 2608 5677 44.
2691 5627 2712 5658 ⁸
2738 5623 2925 5681 Matth.
2958 5624 3125 5685 xt.29

422 5672 688 5729 “'Hatth.
719 5691 771 5741 v,
800 5678 904 5733 5-9
931 5693 946 5741 ;
1053 5676 1183 5731 Luc.
1222 5696 1291 5747 vl,
1323 5682 1409 5733 20.
2746 5716 2750 5720 Α

3233 5628 3253 5659 ⁶
3289 5627 3481 5683 Matth.
3508 5643 3558 5694 v,
3595 5626 3675 5683 59.‘
