4046 6152
424 350 551 417 1061

1435 352 1532 411 DE
1571 351 2103 414 MONACHORUM
2142 353 2655 414 PRIESTANTIA.

3523 358 3657 422 1062

1695 697 1922 784 ΤΟΥ
1986 694 2363 786 ΑΥΤΟΥ

1998 896 2078 934 οτι

420 1024 777 1093 Διαφέρουσι
828 1021 949 1078 τῶν
991 1022 1061 1077 δν
1101 1022 1361 1079 πόλεσιν
1395 1022 1743 1093 ᾠκισμένων
1771 1027 1825 1077 οι
1878 1026 1948 1077 ἐν
1975 1023 2221 1094 ἐρήμοις
2247 1028 2677 1099 ἡσυχάζοντες,
2711 1032 2829 1088 κᾶν
2855 1037 3105 1104 πολλοῖς
3153 1037 3271 1092 τῶν
3294 1040 3549 1111 ἀπείρων
3592 1042 3662 1096 τὸ

1794 1116 2078 1175 ἐναντίον
2118 1118 2287 1189 δοκῇ.

1740 1454 2376 1576 EJUSDEM

1067 1701 1215 1793 DE
1300 1699 2179 1795 MONACHORUM‘
2238 1702 3023 1794 PRIESTANTIA

1997 1905 2094 1948 εευ

411 2038 597 2117 Quod
623 2040 703 2104 iis
727 2038 837 2120 qui
864 2038 1146 2102 habitant
1174 2038 1240 2099 in
1289 2035 1552 2100 urbibus
1595 2037 2065 2119 praestantiores
2112 2040 2237 2102 sint
2279 2040 2679 2121 quiescentes
2711 2061 2782 2108 ac
2821 2046 3077 2111 silentes
3120 2048 3185 2111 in
3236 2052 3483 2125 eremis,
3549 2052 3701 2115 etsi'

632 2157 638 2163 ι
1363 2139 1575 2203 multis
1603 2140 1953 2222 inexpertis
1999 2143 2381 2205 contrarium
2412 2143 2711 2208 videatur.

1022 2375 1275 2432 ΚΕΦΑΛ.
1312 2374 1393 2428 A'.

502 2470 710 2541 Τέχνης
749 2469 847 2540 μὲν
876 2468 1097 2538 ἁπάσης
1138 2467 1207 2521 τὰ
1257 2464 1494 2537 τεχνητὰ
1523 2463 1806 2535 κρίνοντες
1834 2463 1992 2519 ἄπει-

423 2583 515 2637 ρα,
567 2561 769 2632 σφόδρα
810 2557 1130 2628 σφάλλονται
1172 2557 1301 2627 περὶ
1351 2556 1451 2627 τὴν
1500 2555 1687 2626 κρίσιν
1725 2556 1990 2619 εἰκότως·

422 2658 602 2725 λόγοις
629 2655 685 2708 δὲ
717 2651 1047 2717 δικάζοντες,
1070 2648 1339 2703 οἱτούτων
1368 2647 1628 2718 ἀμύητοι,
1691 2645 1988 2717 πλημμελῆ

422 2750 544 2805 κατ’
567 2747 746 2802 αὐτῶν
775 2746 873 2818 τὴν
903 2745 1085 2815 κρίσιν
1124 2742 1471 2813 ἐκφέρουσιν,
1504 2742 1605 2794 οὐκ
1638 2740 1837 2803 εἰδότες
1861 2738 1991 2792 ἐκά-

425 2859 551 2895 στου
598 2840 702 2911 τὴν
737 2836 940 2910 άκριόἦ
988 2836 1376 2906 παρατήρησιν
1400 2849 1414 2864 ο
1448 2833 1530 2887 ὅτι
1571 2832 1645 2902 μὴ
1695 2833 1815 2894 ταῖς
1848 2829 1990 2884 κατὰ

425 2934 590 3003 μέρος
614 2931 796 2993 αὐτοῖς
839 2926 1171 2998 γυμνασίαις
1205 2926 1284 2988 εις
1320 2922 1435 2987 ἕξιν
1466 2924 1499 2992 ἡ
1535 2920 1816 2991 ἐπιστήμη
1856 2935 1992 2990 προ-

424 3021 638 3092 έκοψεν.
668 3021 742 3073 Οὐ
777 3018 957 3072 τοίνυν
986 3014 1287 3086 θαυμάζειν
1324 3012 1494 3079 ἄξιον,
1526 3013 1577 3064 εί
1598 3010 1708 3066 τῶν
1736 3011 1794 3065 ἐν
1840 3009 1991 3082 ὄρεσι

423 3123 514 3173 καὶ
564 3115 853 3188 σπηλαίοις
909 3112 1298 3186 ἡσυχαζόντων
1357 3108 1612 3181 μοναχῶν
1686 3104 1990 3174 καταγινὼ-

423 3227 644 3267 σκουσιν
670 3208 720 3263 οἱ
747 3208 864 3271 πῶς
902 3208 1072 3278 ἀρετῇ
1109 3202 1469 3275 κατορθοῦται
1525 3202 1602 3272 μὴ
1634 3199 1901 3271 μαθόντες
1919 3199 1987 3268 τῇ

421 3304 606 3376 πείρᾳ,
637 3303 766 3365 τοὺς
815 3302 875 3354 ὲν
912 3300 1062 3370 μέσῳ
1105 3295 1507 3369 στρεφομένους
1535 3291 1858 3361 ἀνθρώπων,
1892 3288 1990 3343 καὶ

422 3397 704 3463 διάγοντας
731 3397 788 3448 ὲν
810 3392 999 3447 πόλεσι
1029 3392 1301 3459 λέγοντες,
1335 3387 1445 3442 τῶν
1483 3382 1988 3456 άνακεχωρημένων

429 3488 627 3559 μᾶλλον
652 3483 791 3539 εἶναι
817 3482 1244 3555 δοκιμωτέρους,
1272 3480 1367 3535 καὶ
1405 3476 1645 3547 τοσούτῳ
1667 3474 1850 3538 πλέον,
1878 3473 1989 3543 ὅσῳ

427 3576 647 3630 καὶτῶν
672 3573 1119 3646 σκιαμσδίούντων
1146 3570 1415 3642 ἀθλητῶν,
1445 3569 1494 3620 oi
1526 3565 1668 3621 κατὰ
1690 3565 1850 3636 χεῖρα
1872 3565 1986 3626 τοῖς

427 3667 737 3731 ἀντιπάλοις
747 3665 1188 3737 συμπλεκόμενοι
1209 3662 1320 3715 εἰσὶ
1340 3658 1726 3729 γενναιότεροι·
1747 3654 1849 3708 οὐκ
1869 3653 1991 3706 ἐπι-

427 3760 686 3829 στάμενοι
726 3757 835 3828 γὰρ
871 3757 970 3820 τὰς
1014 3757 1095 3818 εἰς
1135 3753 1334 3823 πτῶμα
1383 3748 1577 3813 λαϐὰς,
1607 3747 1719 3800 οὐδ’
1747 3747 1849 3799 ὅσα
1883 3744 1992 3798 τῶν

423 3850 694 3920 ἁμμάτων
724 3844 896 3921 ἧτταν
925 3848 1086 3911 ποιεῖ,
1128 3843 1227 3908 τὰς
1258 3842 1380 3898 κατ’
1406 3840 1688 3909 ἐνέργειαν
1717 3834 1992 3908 ἁμαρτίας

430 3944 618 4012 μόνας.
655 3939 927 4011 πτώματα
968 3938 1253 4009 κρίνουσι·
1285 3935 1384 3997 τὰς
1423 3933 1547 3986 κατ’
1575 3930 1786 3985 ἔννοιαν
1818 3928 1989 3998 ἥττας

425 4032 517 4085 καὶ
540 4031 696 4093 νίκας
729 4029 791 4082 οὐ
821 4027 1183 4097 λογιζόμενοι.
1224 4022 1376 4077 Ἐπεὶ
1401 4021 1525 4093 μηδ’
1540 4017 1664 4088 ὄψις
1690 4015 1860 4078 αὐτὰς
1884 4012 1983 4065 πέ-

424 4140 596 4193 φυκεν
630 4125 786 4191 ὁρᾶν,
836 4120 1183 4192 ἀπορρήτους
1227 4116 1417 4180 οὔσας,
1451 4113 1543 4167 καὶ
1566 4110 1714 4182 μόνῳ
1732 4107 1811 4177 τῷ
1842 4107 1993 4174 ἀγω-

424 4217 616 4290 νοθέτῃ
687 4214 807 4284 Θεῷ
853 4214 947 4268 καὶ
993 4214 1063 4283 τῇ
1102 4210 1407 4279 συνειδήσει
1445 4205 1540 4260 τοῦ
1587 4197 1989 4290 ἀγωνιζομένου

422 4287 829 4377 γινωσκομένας
850 4321 864 4334 ο
893 4299 975 4368 οἷς
1027 4302 1121 4357 καὶ
1164 4299 1410 4372 χρησίμη
1468 4295 1701 4367 μάλιστα
1725 4293 1758 4363 ἡ
1787 4287 1989 4359 γνῶσίς

424 4402 562 4464 ἐστι,
594 4398 673 4467 τῷ
706 4399 805 4469 μὲν
847 4397 924 4460 ὡς
963 4394 1211 4450 ἀθλοῦντι
1252 4389 1526 4463 βραϐείων
1562 4386 1657 4440 καὶ
1711 4380 1990 4451 στεφάνων

424 4491 608 4546 ἕνεκεν
632 4507 645 4520 ·
678 4489 756 4558 τῷ
793 4488 851 4543 δὲ
887 4489 962 4550 ὼς
984 4485 1248 4556 ἀθλοθέτῃ
1280 4482 1377 4536 καὶ
1422 4477 1699 4547 διανέμειν
1744 4471 1991 4542 μέλλοντι

424 4580 521 4642 τὰς
542 4577 777 4646 ἀμοιϐὰς
842 4575 952 4629 τῶν
1002 4575 1178 4628 πόνων
1223 4570 1399 4636 ἀξίας.
1448 4566 1602 4638 Ἐμοὶ⁵
1648 4562 1901 4618 δοκοῦσιν
1943 4560 1990 4612 oi

424 4670 655 4722 τοιοῦτοι
684 4667 871 4739 κριταὶ
894 4665 1071 4737 ψυχὴν
1094 4664 1194 4735 μὲν
1217 4666 1328 4725 τοῖς
1360 4658 1682 4714 λανθάνουσι
1715 4653 1992 4709 καλλωπι-

427 4757 660 4826 ζομένην
683 4756 868 4820 καλοῖς
894 4757 1135 4808 ἐπαινεῖν
1160 4753 1361 4824 ἥκιστα
1387 4768 1400 4781 ’
1432 4749 1593 4817 σῶμα
1614 4748 1671 4801 δὲ
1692 4743 1992 4814 θαυμάζειν

426 4848 640 4918 λάμπον
658 4850 725 4919 τῇ
754 4846 874 4917 ὥρᾳ
905 4846 997 4915 τῆς
1031 4844 1208 4914 ὅψεως
1234 4860 1250 4874 ⁸
1301 4842 1394 4897 καὶ
1435 4838 1683 4908 ποικίλην
1726 4836 1993 4907 εὐφημεῖν

427 4940 649 5010 ἐσθῆτα,
689 4940 795 5009 πρὸ
830 4937 929 5007 τῆς
976 4935 1162 5000 εὐξξας
1193 4934 1288 4988 τοῦ
1336 4931 1539 5001 ταύτην
1563 4926 1951 4999 περικειμένου
1975 4939 1988 4953 ·

2512 2376 2865 2448 321-377
2928 2377 3155 2434 CAPUT
3196 2378 3239 2435 l.

2164 2464 2430 2534 lnexperti
2482 2467 2578 2535 qui
2630 2466 2882 2536 judicant
2930 2470 3064 2525 artis
3111 2468 3489 2543 cujuscunque
3532 2478 3668 2529 arti-

2091 2553 2235 2620 ﬁcia,
2265 2556 2463 2612 merito
2493 2558 2758 2613 falluntur
2783 2559 2938 2615 valde
2967 2562 3112 2616 circa
3141 2562 3405 2633 judicium
3430 2583 3446 2632 ;
3488 2568 3665 2621 ratio-

2093 2647 2259 2703 nibus
2284 2663 2414 2703 vero
2446 2649 2830 2720 disceptantes,
2858 2652 2951 2721 qui
2983 2652 3116 2722 ipsis
3139 2653 3338 2710 initiati
3374 2672 3479 2713 non
3511 2671 3659 2723 sunt,

2092 2737 2363 2793 absonum
2402 2754 2568 2810 super
2595 2741 2680 2796 bis
2718 2739 3222 2813 ferunt-judicium,
3264 2748 3532 2818 cujusque
3585 2753 3663 2805 rei
3762 2782 3766 2786 λ

2091 2828 2406 2898 diligentem
2471 2830 2907 2887 observationem
2963 2833 3278 2905 ignorantes
3313 2877 3328 2903 ,
3387 2852 3453 2894 eo
3515 2841 3662 2909 quod

2092 2923 2335 2994 ipsorum
2389 2926 2614 2982 scientia
2678 2928 2910 2999 singulis
2960 2933 3237 2988 exercitiis
3291 2933 3359 2988 ad
3408 2934 3655 2992 habitum

2093 3029 2445 3087 progressum
2476 3033 2587 3075 non
2636 3018 2847 3076 fecerit.
2892 3017 3051 3078 Haud
3091 3022 3256 3094 igitur
3295 3036 3378 3080 est
3420 3028 3663 3082 admira-

2094 3109 2242 3165 tione
2297 3109 2522 3182 dignum
2555 3151 2571 3178 ,
2633 3113 2681 3167 si
2742 3115 3045 3170 monachos
3094 3117 3261 3171 vitam
3309 3118 3564 3188 degentes
3606 3123 3660 3175 in

2092 3198 2371 3254 montibus
2418 3207 2473 3255 et
2530 3199 2807 3270 speluncis
2853 3203 3218 3259 condemnant
3266 3205 3303 3260 ii
3357 3208 3451 3276 qui
3501 3223 3667 3279 expc-

2091 3288 2287 3347 rientia
2318 3306 2427 3348 non
2473 3294 2745 3350 edidicere
2775 3296 3053 3365 quomodo
3095 3310 3438 3368 comparetur
3466 3301 3661 3367 virtus,

2096 3392 2393 3451 testantes,
2427 3385 2776 3443 anachoretis
2816 3403 2912 3444 eos
2951 3388 3113 3460 longe
3147 3391 3491 3459 probatiores
3517 3408 3659 3457 esse,

2090 3476 2185 3545 qui
2212 3485 2504 3532 versantur
2532 3477 2588 3532 in
2620 3477 2881 3545 urbibus,
2923 3495 3099 3549 eoque
3137 3478 3348 3553 magis,
3392 3500 3502 3553 quo
3541 3489 3664 3539 ath-

2092 3566 2216 3624 letis
2250 3568 2509 3635 inaniter,
2562 3578 2615 3625 et
2669 3571 2723 3625 in
2774 3571 2968 3627 umbra
3025 3575 3394 3645 pugnantibus
3448 3578 3526 3641 lii,
3567 3582 3662 3648 qui

2093 3674 2317 3715 manum
2369 3670 2669 3718 conserunt
2719 3678 2844 3718 cum
2883 3663 3215 3721 adversariis
3261 3675 3391 3722 sunt
3435 3683 3664 3738 genero-

2092 3751 2269 3808 siores
2295 3769 2312 3818 ;
2343 3753 2546 3807 etenim
2575 3754 2892 3824 ignorantes
2924 3755 3341 3824 preliensiones,
3383 3774 3505 3827 quae
3549 3770 3660 3815 tra-

2092 3842 2232 3898 hunt
2258 3843 2328 3898 ad
2371 3844 2606 3915 lapsum,
2646 3860 2747 3900 nec
2769 3854 2902 3915 quot
2944 3846 3367 3916 illaqueamcnta
3427 3850 3665 3907 inferant

2094 3934 2331 4001 cladem,
2362 3936 2479 3991 sola
2508 3943 2730 4006 peccata
2772 3937 3004 3991 actualia
3044 3938 3381 3994 arbitrantur
3415 3956 3538 3997 esse
3586 3945 3663 3998 la~

2094 4040 2249 4096 psus,
2276 4027 2496 4081 minime
2536 4036 2915 4097 supputantes,
2953 4044 3076 4098 qua:
3119 4044 3189 4084 ex
3231 4041 3411 4087 mente
3445 4037 3663 4089 contin-

2099 4127 2269 4189 gunt,
2324 4118 2507 4174 clades
2559 4134 2625 4172 ac
2677 4119 2976 4185 victorias;
3031 4121 3474 4192 quandoquidem
3515 4126 3662 4182 visus

2098 4210 2248 4280 ipsas
2277 4209 2548 4278 dispicere
2581 4224 2694 4264 non
2737 4210 3045 4275 consuevit,
3093 4226 3219 4266 cum
3267 4215 3378 4268 sint
3412 4218 3659 4285 occultae,

2096 4312 2153 4357 et
2189 4301 2291 4357 soli
2320 4300 2667 4371 praemiorum
2699 4301 3043 4357 distributori
3089 4302 3221 4368 Deo,
3255 4313 3419 4375 atque
3448 4318 3663 4365 certan-

2099 4394 2170 4449 tis
2203 4392 2553 4449 conscientiaz
2589 4395 2838 4464 cognitae,
2870 4395 3070 4465 quibus
3096 4398 3262 4452 etiam
3299 4402 3535 4458 maxime
3564 4407 3665 4460 uti-

2094 4486 2164 4542 lis
2205 4494 2292 4542 est
2331 4486 2593 4557 cognitio,
2627 4487 2717 4541 uni
2762 4486 2981 4557 quidem
3029 4489 3105 4544 uti
3146 4490 3467 4560 decertanti,
3498 4494 3667 4566 378

2095 4578 2445 4647 praemiorum
2479 4583 2533 4631 et
2559 4591 2887 4633 coronarum
2937 4581 3130 4649 gratia,
3179 4582 3335 4638 alteri
3377 4599 3505 4638 vero
3544 4595 3664 4641 tan-

2097 4684 2260 4740 quam
2320 4670 2637 4725 certaminis
2678 4671 2918 4740 praasidi,
2965 4686 3029 4727 ac
3074 4673 3320 4729 laborum
3363 4676 3664 4748 condignas

2100 4761 2462 4817 distributuro
2492 4764 2792 4818 mercedes.
2825 4761 2956 4818 Mibi
2995 4763 3246 4819 videntur
3284 4766 3662 4834 hujuscemodi

2095 4854 2335 4922 judices,
2356 4854 2601 4919 animam
2646 4856 2865 4924 quidem
2895 4856 3192 4912 latentibus
3234 4857 3391 4913 bonis
3430 4875 3666 4926 exorna-

2099 4954 2212 4999 tam
2245 4946 2471 5000 minimc
2506 4945 2809 5010 dilaudare,
2841 4960 3040 5014 corpus
3078 4955 3259 5001 autem
3290 4950 3544 5005 demirari
3586 4955 3667 5006 er-

427 5032 509 5084 ὄτι
541 5033 650 5094 τοῖς
678 5028 974 5099 ὁρωμένοις
997 5026 1311 5082 ἀπατῶνται
1343 5023 1440 5093 τὴν
1475 5019 1747 5089 αἴσθησιν,
1780 5019 1846 5086 τῇ
1892 5014 1990 5085 φύ-

2100 5035 2314 5106 fulgens
2369 5037 2682 5108 aspectabili
2734 5035 2931 5100 forma,
2977 5047 3033 5093 et
3076 5039 3403 5109 variegatam
3462 5055 3664 5099 vestem

430 5139 512 5176 σει
542 5120 653 5174 τῶν
687 5118 1027 5189 πραγμάτων
1074 5118 1366 5188 ἐπιστῆσαι
1411 5115 1501 5167 τὸν
1531 5111 1655 5166 νοῦν
1705 5111 1764 5165 οὐ
1813 5109 1995 5181 βουλό-

432 5229 601 5281 μενοι.
1470 5206 1473 5209 ’

1020 5563 1269 5617 ΚΕΦΛΛ.
1302 5561 1376 5613 Β’.

513 5654 601 5717 Ὠς
637 5652 748 5721 γὰρ
779 5650 836 5703 τὸ
864 5650 970 5704 ἔσω
997 5651 1091 5705 τοῦ
1123 5652 1382 5721 ποτηρίου
1415 5650 1550 5722 πρὸς
1576 5648 1766 5719 τέρψιν
1797 5650 1890 5703 τοῦ
1912 5652 1998 5704 πί-

2102 5130 2380 5205 t-elebrare
2432 5144 2541 5199 prae
2589 5129 2729 5183 bona
2765 5129 3010 5197 corporis
3051 5131 3369 5188 habitudine
3417 5136 3540 5203 viri,
3574 5139 3665 5206 qui

2102 5202 2185 5275 est
2249 5222 2362 5289 ipsa
2421 5219 2676 5285 indutus;
2735 5219 3010 5288 decipiunt
3061 5221 3204 5275 enim
3251 5238 3472 5280 sensum
3538 5228 3669 5283 visi-

2103 5311 2346 5375 bilibus,
2421 5322 2629 5366 naturae
2696 5326 2875 5367 rerum
2939 5311 3180 5366 animum
3245 5314 3504 5372 adhibere
3567 5335 3668 5375 no-

2102 5403 2296 5457 lentes.

2725 5560 2952 5616 CAPUT
2994 5561 3051 5615 ll.

2177 5653 2332 5709 Sicut
2357 5653 2578 5715 etenim,
2615 5653 2759 5723 quod
2811 5654 2948 5708 intra
2999 5658 3253 5725 poculum
3296 5665 3379 5712 est
3418 5658 3483 5712 ad
3515 5661 3671 5715 volu-

425 5764 612 5809 νοντος
646 5745 729 5796 δεῖ
761 5741 973 5805 πάντως
1016 5743 1256 5811 καθαρὸν
1283 5738 1441 5805 εἴναι,
1474 5741 1613 5793 οὕτω
1645 5743 1742 5811 τὴν
1775 5742 1990 5812 καρδίαι.

2105 5754 2305 5815 ptatem
2335 5747 2586 5813 bibentis,
2606 5754 2817 5816 oportet
2838 5749 3059 5802 omnino
3082 5764 3277 5820 purum
3310 5764 3450 5823 esse,
3474 5751 3548 5808 ita
3573 5766 3669 5810 cor
