4046 6152
385 111 413 155 η

452 294 459 299 .
481 239 617 306 1067

1982 256 2045 317 S.
2071 257 2237 319 NlLI
2270 280 2277 285 ·

3486 260 3735 325 ’1068

477 350 771 406 terioribus
796 351 1141 433 proveniunt,
1180 360 1293 406 tum
1327 352 1607 408 oculorum
1644 356 2043 427 inspicientium

2156 363 2295 431 μῶν,
2330 364 2365 418 ἃ
2391 363 2466 434 μὴ
2487 365 2644 432 θέμις
2671 363 2941 435 ὁρώντων,
2982 365 3152 436 ἀκοῆς
3178 367 3431 438 αἰσχραῖς
3461 369 3734 425 πάντοθεν

476 454 541 493 ea
584 456 704 510 quae
740 441 962 495 minime
994 428 1090 495 'i‘as
1122 450 1227 505 est,
1278 450 1391 496 tum
1427 443 1648 500 auditus
1681 447 1932 516 turpibus
1952 465 2050 503 un-

2153 458 2671 527 περικτυπουμένης
2717 460 2943 526 φωναῖς,
2989 458 3163 529 θυμοῦ
3208 460 3346 531 πρὸς
3382 460 3601 525 τούτοις
3640 479 3734 516 τα-

472 526 760 601 dequaque
816 531 1136 586 circumtusl
1222 532 1470 599 vocibus,
1519 549 1633 589 tum
1677 537 1803 592 irae
1864 539 2043 594 adbaec

2153 545 2514 615 ρασσομένου,
2567 526 2864 618 ἐπιθυμίας
2912 526 3337 620 δελεαζομένης,
3380 549 3579 622 ἡδονῆς
3609 552 3732 622 ἐρε-

472 624 821 694 perturbatae,
873 631 985 677 tum
1050 624 1508 694 concupiscentiae
1538 627 1810 684 illecebris
1846 639 2045 699 captae;

469 726 585 770 tum
621 715 918 784 voluptatis
945 716 1246 785 proritatae,
1284 726 1395 771 tum
1432 718 1619 789 gloria:
1649 721 1806 789 quasi
1833 720 2049 775 ﬂabello

468 807 794 873 eventilatas,
841 815 957 861 tum
988 806 1228 863 tristitia:
1265 811 1735 879 supervenientis;
1783 813 2049 883 reperiret

468 901 698 955 omnino
749 900 993 969 seipsum
1033 900 1182 954 velut
1208 914 1275 955 ex
1306 902 1559 973 pugilatu
1607 903 1805 973 pugnis
1857 913 2048 959 contu-

466 1007 587 1048 sum
621 1006 684 1046 ac
709 990 891 1061 plagis
917 1002 1233 1059 oneratum,
1263 1003 1503 1065 tuncque
1528 995 1713 1049 beatos
1745 996 2049 1065 praedican-

468 1095 575 1138 tem
631 1099 762 1149 eos,
816 1084 911 1153 qui
966 1084 1107 1138 nihil
1153 1085 1347 1140 horum
1380 1087 1564 1142 vident
1620 1097 1713 1143 aut
1743 1090 2044 1158 patiuntur,

467 1177 595 1231 dum
623 1176 677 1230 iu
707 1178 895 1245 quiete
928 1176 1250 1245 persistunt.
1284 1175 1544 1243 Quaenam
1586 1180 1788 1234 etenim
1838 1181 2046 1239 utilitas

468 1270 583 1339 ipsa
619 1284 801 1323 rerum
839 1269 1178 1339 experientia
1207 1271 1450 1325 excitare
1502 1272 1787 1347 passiones
1827 1275 1893 1329 ad
1944 1291 2046 1346 pu-

467 1377 659 1430 gnam,
682 1372 737 1416 et
770 1361 873 1416 hae
900 1362 1298 1418 exercitatione
1323 1362 1460 1433 ipsis
1481 1364 1721 1434 praebere
1745 1366 2042 1433 licentiam,

470 1463 531 1508 ut
564 1454 616 1508 in
651 1470 710 1508 re.
736 1454 1040 1509 difﬁciliore
1074 1463 1420 1510 atterantur:
1452 1457 1581 1510 dum
1608 1458 1675 1512 ad
1702 1467 1909 1513 statum
1934 1460 2028 1514 im-

469 1543 897 1612 perturbabilem
952 1544 1074 1600 illas
1135 1544 1405 1600 deducere
1447 1549 1854 1615 quodammodo
1912 1565 2045 1604 con-

476 1636 654 1690 suevit
680 1637 860 1706 quies,
901 1643 956 1691 et
989 1637 1255 1707 cujusque
1285 1637 1394 1691 vim
1440 1638 1706 1707 paulatim
1737 1638 2045 1697 diminuere

467 1728 606 1782 solet
651 1727 855 1782 bonum
898 1728 1093 1792 otium,
1129 1735 1189 1781 ut
1235 1728 1289 1797 (e
1332 1727 1579 1800 diverso)
1608 1731 1930 1786 eiercitatio
1970 1733 2036 1786 ad

467 1820 829 1874 robustiorem
878 1829 1079 1874 statum
1136 1820 1309 1889 ipsam
1357 1822 1596 1877 excitat?
1655 1823 1861 1879 etenim
1933 1827 2041 1879 ira-

467 1911 671 1965 cundia
714 1912 887 1965 silens
932 1911 1116 1966 mitior
1147 1904 1356 1979 evadit,
1392 1915 1841 1984 concupiscentia
1883 1918 2041 1986 quic-

468 2018 628 2059 scens
653 1994 877 2058 assuetit
902 2004 1158 2073 paulatim
1198 2006 1532 2060 mansuetius
1574 2022 1946 2077 prorumpere,
1982 2017 2037 2063 et

466 2093 649 2147 omnis
682 2094 865 2161 passio
903 2093 1229 2161 simpliciter
1269 2095 1334 2147 ad
1364 2095 1795 2149 moderationem
1847 2112 2039 2166 procee-

467 2183 541 2238 dit
584 2184 850 2252 quotidie,
887 2185 1114 2237 niiuime
1144 2194 1439 2250 commota,
1480 2202 1543 2239 ac
1592 2187 1812 2241 demum
1861 2190 2042 2244 evadit

467 2274 649 2345 quieta
676 2275 917 2345 penitus,
956 2291 1067 2344 pra:
1108 2277 1369 2345 temporis
1424 2280 1602 2346 spatio
1628 2280 1858 2348 propria!
1901 2281 2045 2335 ol-Ii»

2150 635 2459 707 θιζομένης,
2492 638 2653 709 δόξης
2685 639 3060 711 ῥιπιζομένης,
3087 640 3265 712 λύπης
3295 644 3726 714 ἐπισσμδαινού-

2150 745 2270 799 σης,
2306 729 2458 798 εὖροι
2484 730 2702 800 πάντως
2727 730 2886 783 αὐτὸν
2911 730 2985 794 ὡς
3018 733 3083 785 ἐκ
3123 733 3349 805 πυγμῆς
3387 750 3735 789 κατακεκονο

2147 820 2488 893 δυλισμένσν,
2532 820 2629 877 καὶ
2671 822 3005 893 τραυμάτων
3041 823 3430 894 καταγέμοντα
3464 825 3564 877 καὶ
3605 827 3732 879 τότε

2155 908 2544 980 μακαρίζοντα
2604 912 2734 973 τοὺς
2783 910 2948 981 μηδὲν
2985 911 3190 965 τούτων
3221 914 3279 966 ἐν
3321 913 3402 984 τῷ
3430 915 3731 985 ἡσυχάζειν

2147 1002 2414 1073 ὁρῶντας,
2444 1004 2476 1074 ἢ
2506 1003 2835 1074 πάσχοντας.
2869 1002 2935 1055 Τί
2973 1002 3083 1074 γὰρ
3104 1003 3295 1072 ὄφελος
3316 1006 3454 1076 αὐτῇ
3470 1008 3537 1076 τῇ
3562 1008 3731 1078 πείρα

2146 1092 2254 1147 τῶν
2316 1093 2659 1164 πραγμάτων
2713 1094 2883 1146 κινεῖν
2947 1093 3085 1163 πρὸς
3125 1093 3306 1163 μάχην
3342 1095 3410 1148 τά
3452 1096 3628 1165 πάθη,
3663 1101 3727 1167 τῇ

2146 1184 2426 1256 γυμνασίᾳ
2446 1183 2618 1255 ταύτῃ
2641 1184 2903 1254 παρέχειν
2928 1182 3114 1237 ἄδειαν
3135 1184 3319 1247 αὐτοῖς
3345 1185 3729 1255 ἐπιτρίσεσθαι

2147 1276 2241 1330 ἐπὶ
2273 1276 2335 1329 τὸ
2371 1274 2770 1346 χαλεπώτερον,
2802 1272 2862 1338 ἐξ
2882 1267 2956 1326 ὧν
2987 1274 3187 1344 ἡσυχία
3223 1272 3361 1344 πρὸς
3390 1276 3728 1331 κατάστασιν

2148 1367 2423 1438 ἀτάραχον
2449 1366 2610 1435 ἄγειν
2645 1364 2786 1419 αὑτά
2828 1365 3142 1436 ἐπειδήπως
3171 1367 3444 1435 πέφυκεν,
3471 1369 3567 1420 καὶ
3594 1369 3726 1422 ἐκά-

2150 1476 2279 1513 στου
2307 1458 2411 1530 τὴν
2424 1457 2661 1527 δύναμιν
2683 1455 2942 1509 ἐλαττοῦν
2974 1455 3119 1509 κατὰ
3150 1458 3348 1528 μικρὸν
3370 1458 3404 1529 ὴ
3430 1459 3625 1531 ἀργία,
3653 1460 3726 1523 ὡς

2148 1546 2487 1625 ἧγυμνασία
2528 1550 2735 1618 ταύτην
2774 1547 2981 1619 ἐγείρει
3017 1548 3110 1601 ἐπὶ
3139 1548 3201 1601 τὸ
3233 1549 3724 1623 ρωμαλαιότερονς

2152 1646 2261 1698 Kal.
2313 1643 2485 1713 θυμὸς
2525 1640 2635 1711 γὰρ
2692 1640 2916 1711 ἠρεμῶν
2943 1637 3355 1712 ἐπιεικέστερος
3377 1642 3613 1710 γίνεται,
3635 1639 3730 1696 καὶ

2146 1734 2411 1804 ἐπιθυμία
2461 1730 2813 1803 ἡσυχάζουσα
2855 1731 3160 1801 πραότερον
3187 1730 3368 1802 δρμᾷν
3395 1732 3519 1786 κατ’
3546 1733 3729 1795 ὀλίγον

2147 1822 2409 1889 ἐθίζεται,
2445 1824 2541 1875 καὶ
2569 1823 2678 1874 πᾶν
2704 1818 2873 1882 πάθος
2911 1819 3097 1882 ἁπλῶς
3124 1819 3218 1872 ἐπὶ
3247 1819 3310 1873 τὸ
3354 1820 3731 1891 μετριώτερον

2146 1911 2414 1983 ὁσημέραι
2443 1911 2517 1981 μὴ
2544 1908 2861 1976 κινούμενον
2888 1907 3123 1979 πρόεισι,
3158 1908 3254 1962 καὶ
3304 1907 3543 1963 παύεται
3586 1927 3726 1962 παν-

2148 2006 2319 2068 τελῶς
2378 2003 2605 2067 ὕστερον
2650 2001 2746 2071 τῆς
2790 1999 2995 2061 οἰκείας
3020 1999 3307 2069 ἐνεργείας
3323 1997 3404 2070 τῷ
3430 2000 3610 2071 χρόνῳ
3631 1999 3730 2071 λῇ.

2149 2102 2250 2174 θην
2285 2097 2631 2169 ποιούμενον,
2672 2095 2766 2148 καὶ
2799 2095 3049 2165 μένουσιν
3082 2094 3139 2147 αἱ
3165 2094 3375 2165 μνῆμαι
3402 2094 3592 2148 λοιπὸν
3615 2094 3731 2148 τῶν

2150 2193 2492 2265 πραγμάτων
2514 2186 2668 2257 ψιλαὶ
2687 2186 2785 2257 τῆς
2826 2183 3110 2256 ἐμπαθοῦς
3147 2184 3588 2257 ὑποχωρησάσης
3608 2183 3729 2240 δια-

2155 2286 2375 2346 θέσεως.

468 2366 630 2423 vione
694 2377 853 2436 capta
899 2368 1262 2438 operationis,
1335 2382 1398 2421 ac
1446 2368 1705 2439 deinceps
1776 2371 1934 2424 nudae
1990 2387 2273 2435 remanent
2311 2370 2610 2432 memoriae,
2659 2382 2782 2420 eum
2836 2364 3125 2419 secesserit
3174 2363 3393 2419 aﬁ‘ertio
3435 2368 3729 2435 perturba-

465 2462 612 2520 tione
641 2471 932 2517 commota.

978 2572 1140 2644 333
1178 2571 1405 2627 CAPUT
1447 2570 1533 2626 vs.

539 2686 606 2741 Et
627 2686 1089 2756 quemadmodum
1132 2670 1285 2741 valde
1313 2688 1562 2740 suavium
1605 2688 1962 2741 obsoniormn
1988 2696 2043 2741 et

467 2787 713 2848 potuum,
736 2793 835 2832 nec
869 2778 1041 2842 visus,
1079 2793 1178 2834 nec
1205 2779 1509 2833 recordatio
1538 2789 1717 2832 movet
1740 2780 2038 2848 appetitum

467 2871 586 2940 ejus
616 2870 709 2940 qui
753 2870 900 2924 nulla
935 2879 1151 2925 tenetur
1200 2871 1534 2941 cupiditate;
1573 2870 1643 2924 ita
1680 2871 1810 2924 nihil
1863 2870 2040 2926 sensi-

2742 2570 2996 2625 ΚΕΦΛΛ.
3040 2570 3132 2634 εῖν.

2217 2696 2331 2751 Καὶ
2353 2694 2548 2761 ὥσπερ
2575 2686 2671 2742 καὶ
2695 2686 2806 2740 τῶν
2833 2685 2974 2754 ἄγαν
3006 2683 3181 2756 ἡδέων
3201 2682 3373 2751 ὄψων,
3397 2678 3491 2733 καὶ⁸
3517 2680 3723 2741 ποτῶν,

2145 2785 2268 2838 οὔτε
2293 2786 2327 2854 ή
2355 2782 2478 2853 ὄψις
2522 2778 2645 2833 οὔτε
2676 2779 2709 2849 ἠ
2757 2777 2946 2847 μνήμη
2997 2775 3138 2828 κινεῖ
3185 2770 3280 2826 τοῦ
3318 2769 3390 2841 μὴ
3423 2768 3727 2837 ἐφιεμένου

2144 2877 2244 2948 τὴν
2289 2874 2491 2946 ὄρεξιν.
2548 2869 2734 2932 Οὕτως
2779 2867 2932 2921 οὐδὲν
2957 2864 3067 2920 τῶν
3109 2862 3402 2933 αἰσθητῶν,
3432 2858 3556 2914 οὒτε
3577 2858 3728 2928 δρω-

469 2962 681 3028 hilium,
719 2978 817 3018 nec
842 2963 989 3033 quod
1040 2963 1278 3030 videtur,
1327 2978 1429 3017 nec
1472 2963 1616 3033 quod
1657 2962 1899 3026 auditur,
1943 2976 2043 3016 nec

2158 2969 2363 3041 μένων,
2391 2964 2516 3019 οὔτε
2543 2961 2900 3032 ἀκουόμενον,
2945 2956 3071 3012 οὔτε
3089 2957 3189 3027 τὴν
3217 2954 3510 3026 ἐνθύμησιν
3538 2951 3727 3045 ἐπεισρ

468 3056 611 3124 quod
650 3054 702 3108 in
751 3055 1133 3125 cogitationem
1183 3055 1487 3124 ingreditur
1551 3054 1827 3110 illecebris
1866 3054 2035 3124 capit,

468 3147 539 3202 ad
559 3148 1026 3203 succumbendum
1054 3147 1332 3216 passioni,
1374 3147 1522 3201 illum
1556 3147 1651 3217 qui
1697 3146 1936 3202 as:uevit
1967 3145 2048 3201 fa-

470 3255 613 3307 cere,
641 3248 698 3295 ut
727 3241 981 3310 quiescat
1012 3256 1139 3310 pars
1195 3239 1366 3294 animi
1401 3239 1749 3308 passionibus
1787 3239 2047 3303 obnoxia,

470 3335 656 3389 habitu
719 3334 1039 3404 neutiquam
1100 3333 1450 3403 permittente
1519 3332 1853 3387 commoveri
1921 3346 2046 3387 eum

471 3427 585 3495 qui,
612 3441 707 3495 per
732 3426 958 3479 multam
995 3425 1256 3495 quietem,
1288 3423 1554 3478 dedidicit
1597 3424 2055 3487 commotionem._

472 3514 592 3582 Quo
621 3515 782 3583 igitur
814 3524 971 3583 pacto
1002 3513 1406 3583 aggredientem
1432 3514 1709 3583 inexperte
1734 3529 1799 3570 ac
1826 3515 2047 3584 pericu-

483 3606 602 3660 lose
640 3606 1085 3659 exercitationem
1129 3604 1358 3675 (scilicet
1403 3605 1787 3679 monasticam)
1820 3621 1887 3663 eo
1916 3621 2045 3678 pro-

472 3695 736 3750 batiorem
772 3695 898 3749 licet
921 3697 1123 3760 dicere,
1157 3696 1251 3765 qui
1299 3695 1547 3750 eamdem
1602 3696 1896 3751 artiﬁciosa
1934 3695 2040 3762 via,

472 3795 528 3843 et
553 3800 744 3842 secure
778 3787 919 3841 init?
957 3787 1080 3857 quis
1118 3786 1319 3841 bellum
1350 3786 1552 3842 rectius
1579 3788 1738 3857 gerit,
1769 3796 1825 3842 et
1862 3787 2047 3843 hostes

472 3877 689 3933 facilius
714 3887 954 3946 superat,
995 3879 1042 3933 is
1077 3878 1169 3948 qui
1220 3877 1425 3932 furiose
1457 3876 1723 3932 adversus
1762 3876 2047 3947 oppositos

470 3971 672 4041 prodit,
707 3980 762 4025 et
814 3970 1045 4024 obversa
1103 3968 1242 4025 faeie
1270 3970 1322 4023 in
1356 3968 1541 4024 aciem
1588 3968 1749 4022 irruit
1783 3968 2035 4023 inimico-

471 4079 616 4128 rum,
652 4063 736 4118 vel
773 4063 863 4133 qui
893 4063 1084 4133 majori
1111 4062 1304 4133 peritia
1345 4063 1649 4117 exercitum
1680 4060 1911 4115 ducendi
1950 4075 2046 4115 eos

471 4153 697 4220 invadit,
725 4163 779 4208 et
813 4153 1026 4209 insidiis
1054 4162 1110 4208 et
1152 4153 1532 4209 obsidionibus
1579 4153 1726 4224 ipsos
1775 4153 2035 4217 debellat,

471 4246 831 4317 prudentique
890 4246 1075 4300 animo
1154 4255 1417 4316 tropaeum
1476 4244 1672 4316 erigit,
1727 4246 1822 4315 qui
1870 4246 2044 4299 multo

2151 3060 2447 3131 ἐρχόμενον
2487 3055 2565 3126 τῷ
2612 3053 2845 3123 ἠρεμεῖν
2891 3049 2952 3103 τὸ
2997 3046 3303 3119 παθητικὸν
3356 3044 3599 3098 ἐθίσαντι
3634 3040 3726 3094 δεμ-

2148 3149 2331 3215 λεάζει
2360 3147 2499 3219 πρὸς
2531 3143 2703 3208 πάθος
2735 3143 2835 3213 τῆς
2861 3140 3031 3208 ἕξεως
3066 3140 3168 3192 οὐκ
3187 3138 3268 3190 ἔτι
3296 3135 3567 3190 κινεῖσθαι
3595 3149 3724 3201 συγ-

2149 3242 2436 3315 χωρούσης
2458 3239 2550 3293 τδν
2583 3235 2939 3308 ἁπομαθόντα
2979 3234 3048 3303 τῇ
3086 3229 3256 3300 πολλῇ
3284 3227 3492 3298 ἠσυχίᾳ
3520 3226 3618 3294 τὴν
3639 3223 3724 3277 κί-

2148 3314 2304 3408 νησιν
2329 3352 2343 3366 ο
2376 3334 2492 3396 πῶς
2522 3331 2617 3387 οὖν
2646 3331 2736 3386 τὸν
2790 3328 3060 3399 ἀπείρως,
3114 3322 3211 3377 καὶ
3244 3317 3603 3408 ἐπικινδύνως
3627 3314 3726 3384 τὴν

2148 3407 2382 3496 ἄσκησιν
2425 3422 2847 3494 μετερχόμενον,
2892 3414 2988 3471 τοῦ
3027 3410 3364 3485 ἐμμεθόδως,
3417 3407 3514 3461 καὶ
3550 3407 3726 3472 ἀσφαρ

2147 3517 2257 3581 λῶς
2275 3515 2375 3588 τὴν
2399 3517 2631 3586 ἄσκησιν
2651 3511 2929 3584 μετιόντος
2946 3504 3315 3580 δοκιμώτερόν
3330 3503 3479 3553 ἐστιν
3503 3497 3723 3588 simtu;

2149 3610 2247 3673 Τίς
2286 3586 2486 3679 μᾶλλον
2514 3604 2749 3673 πόλεμον
2790 3597 3002 3670 κατορθι
3029 3599 3075 3659 ί,
3115 3594 3212 3648 καὶ
3235 3590 3535 3661 πολεμίους
3570 3586 3723 3679 εύκό-

2147 3699 2254 3763 λως
2274 3678 2576 3769 χειροῦται,
2597 3696 2625 3747 ὁ
2648 3690 2896 3761 μανικῶς
2919 3687 3061 3744 κατὰ
3077 3685 3186 3739 τῶν
3206 3678 3729 3769 ἀντι[τε]ταγμένων

2147 3766 2375 3860 χωρῶν,
2412 3785 2509 3840 καὶ
2556 3781 2975 3852 ἀντιπρόσωπος
3001 3778 3068 3848 τῇ
3109 3773 3352 3843 φάλαγγι
3372 3770 3484 3823 τῶν
3514 3766 3723 3860 ἐχθριῖιν

2149 3857 2528 3950 προσπίπτων,
2562 3873 2601 3945 ἦ
2628 3867 3136 3942 στρατηγικώτερον
3165 3867 3195 3918 ό
3229 3861 3444 3925 τούτοις
3479 3857 3725 3950 ἐπιτιθέ-

2149 3949 2334 4042 μενος,
2352 3967 2450 4023 καὶ
2470 3966 2670 4042 λόχοις,
2692 3961 2786 4016 καὶ
2811 3959 3057 4030 ἐνέδραις
3079 3955 3276 4018 αὐτοὺς
3292 3949 3537 4024 εὐχερῶς
3558 3960 3721 4002 καταο

2149 4040 2379 4126 ϐάλλων,
2431 4059 2526 4113 καὶ
2571 4040 2835 4128 φρονήσει
2871 4051 3134 4124 τρόπαιον
3166 4047 3422 4118 ἐγείρων,
3452 4044 3486 4116 ἦ
3530 4046 3560 4097 ό
3589 4042 3722 4115 μετὰ

2148 4152 2345 4208 πολλοῦ
2372 4151 2539 4206 πόνου
2595 4147 2690 4202 καὶ
2715 4146 2883 4216 φόνου
2925 4143 3040 4205 τοῖς
3076 4138 3345 4209 συστάδην
3390 4134 3718 4208 μαχομένοις

2148 4242 2574 4313 άνθιστάμενος;
2604 4238 2703 4302 Τίς
2736 4233 3093 4306 σωφροσύνην
3125 4230 3296 4293 δοκεῖ,
3329 4227 3427 4282 καὶ
3449 4224 3719 4295 σωφρονεῖ

469 4353 597 4394 cum
639 4337 827 4393 labore
866 4352 929 4392 ac
978 4337 1243 4407 sanguine
1270 4338 1361 4400 iis,
1404 4337 1501 4406 qui
1539 4337 1792 4392 cominus
1835 4346 2043 4391 certant

2152 4334 2295 4390 κατὰ
2321 4311 2412 4387 τὸν
2442 4331 2567 4396 νοῦν
2601 4326 2838 4398 ἀληθῶς,
2866 4326 2894 4378 ό
2928 4322 3133 4396 θηρίων
3159 4320 3377 4390 θυμοῖς,
3401 4317 3498 4371 καὶ
3526 4316 3717 4407 φλεγο-

471 4431 695 4488 stataria
746 4443 927 4501 pugna
964 4428 1212 4485 resistit?
1243 4427 1379 4494 Quis
1424 4427 1846 4498 temperantiam
1899 4429 2047 4483 aesti-

471 4536 609 4592 mat,
640 4541 704 4580 ac
726 4526 778 4579 in
803 4536 985 4579 mente
1012 4538 1136 4577 vere
1175 4532 1512 4594 temperatus
1545 4532 1670 4590 est;
1704 4523 1815 4587 ille,
1863 4525 1955 4594 qui
1987 4523 2043 4578 in

472 4623 709 4677 ferarum
737 4618 1069 4677 iracundias,
1101 4628 1156 4672 et
1197 4618 1476 4672 caminum
1513 4615 1934 4682 inﬂammatum,
1973 4628 2030 4673 et

473 4731 621 4770 mare
646 4712 997 4769 furibundum
1035 4710 1244 4781 irrepit,
1292 4711 1369 4766 vel
1412 4710 1510 4781 qui
1558 4725 1759 4766 noxam
1805 4711 2040 4768 istorum

472 4820 652 4876 cavet,
679 4825 743 4865 ac
772 4819 925 4865 extra
951 4806 1195 4879 pericula
1226 4805 1347 4863 est?

1075 4920 1303 4976 CAPUT
1333 4919 1447 4975 VII.

547 5040 701 5095 Sicut
729 5038 878 5093 enim
906 5053 1127 5107 corpus,
1176 5036 1321 5106 quod
1353 5037 1406 5090 in
1441 5035 1527 5090 his
1562 5044 1817 5089 versatur
1855 5048 2040 5104 perpe-

475 5130 628 5195 titur,
677 5144 801 5200 quze
857 5126 1166 5182 necessario
1225 5125 1367 5179 idem
1414 5136 1613 5193 corpus
1678 5132 1940 5193 tangunt;
1973 5124 2046 5176 ita

475 5239 694 5288 sensus,
724 5225 817 5294 qui
869 5221 1220 5278 sensibilibus
1269 5218 1591 5282 inambulat,
1650 5217 1906 5271 materias
1949 5220 2047 5270 ad—

473 5328 669 5371 versus
697 5311 934 5364 animam
962 5309 1161 5379 praebet
1185 5307 1549 5379 passionibus,
1574 5315 1631 5359 ut
1658 5306 1760 5375 ipsi
1795 5314 2045 5369 noceant,

473 5403 640 5478 334
682 5417 787 5457 non
845 5402 1025 5457 minus
1062 5415 1224 5471 quam
1274 5414 1337 5452 ea
1372 5412 1493 5467 quae
1540 5396 1800 5451 diximus.
1844 5394 2046 5449 Natura

475 5508 557 5553 sat
593 5505 677 5551 est
706 5494 771 5549 ad
803 5501 1077 5549 certamen
1104 5492 1293 5547 nihile
1334 5490 1468 5546 foris
1499 5489 1600 5559 ipsi
1631 5489 1953 5544 inducamus
1982 5488 2047 5541 ad

475 5589 883 5656 epitulutioiiem
914 5600 1128 5655 pugnae,
1157 5599 1278 5654 quae
1305 5591 1493 5638 contra
1548 5580 1911 5649 nosmetipsos
1946 5579 2038 5644 llt;

478 5678 637 5730 habet
670 5678 866 5745 quippe
900 5676 1177 5744 proprium
1229 5677 1403 5744 ignem
1457 5673 1921 5742 concupiscentia,
1975 5687 2039 5726 uc

2155 4426 2295 4498 μένῃ
2337 4420 2558 4493 καμίνῳ
2625 4418 2720 4473 καὶ
2763 4415 3067 4488 μαινομένη
3111 4410 3359 4479 θαλάσσῃ
3406 4406 3716 4498 ἐπεισερχίίο

2155 4494 2337 4587 μενος,
2360 4514 2394 4583 ἢ
2421 4513 2450 4566 ό
2481 4511 2580 4582 τὴν
2610 4508 2812 4581 βλάϐην
2841 4506 3020 4561 αὐτῶν
3043 4501 3476 4573 φυλασσόμενος,
3502 4496 3597 4551 καὶ
3619 4494 3720 4558 ἔξω

2149 4607 2258 4661 τῶν
2292 4603 2554 4660 κινδύνων
2577 4599 2747 4663 ἐστώς
2772 4617 2786 4664 ;

2736 4922 2986 4977 manu.
3024 4924 3114 4988 cr.

2235 5039 2322 5102 Ὠς
2341 5038 2449 5109 γὰρ
2479 5037 2636 5105 σῶμα
2666 5035 2949 5104 γενόμενον
2975 5032 3034 5083 ἐν
3056 5031 3269 5093 τούτοις
3295 5027 3497 5096 πάσχει
3527 5020 3598 5077 τά
3630 5016 3719 5073 τοῦ

2154 5130 2402 5201 σώματος
2436 5126 2771 5196 ἀναγκαίως.
2812 5123 2984 5185 οὕτως
3028 5121 3282 5191 αἴσθησις
3317 5112 3721 5190 ἐπιρεμὸομένη

2149 5227 2262 5287 τοῖς
2290 5218 2567 5290 αίσθητοῖς
2595 5218 2726 5280 ὔλας
2769 5213 2909 5269 κατὰ
2934 5215 3034 5285 τῆς
3065 5211 3245 5284 ψυχῆς
3271 5213 3384 5272 τοῖς
3417 5206 3615 5271 πάθεσι
3650 5202 3725 5255 δί-

2148 5314 2281 5369 δωσι
2318 5313 2453 5384 πρὸς
2484 5311 2545 5362 τὸ
2581 5309 2781 5379 βλάψαι
2841 5304 3054 5375 ταύτην
3098 5303 3207 5356 τῶν
3261 5298 3571 5372 εἰρημένων
3627 5293 3723 5346 οὐκ

2149 5406 2392 5460 ἔλαττον.
2439 5401 2625 5472 Ἀρκεῖ
2662 5402 2799 5473 πρὸς
2849 5399 3031 5470 μάχην
3072 5399 3106 5468 ἡ
3148 5394 3332 5465 φύσις,
3375 5390 3547 5462 μηδὲν
3595 5386 3726 5453 ἐξω⁵

2150 5499 2240 5552 θεν
2270 5497 2408 5567 αὐτῇ
2444 5496 2580 5565 πρὸς
2601 5495 2700 5564 τὴν
2728 5490 2848 5546 καθ’
2868 5490 3026 5562 ημῶν
3051 5485 3236 5541 αὐτῶν
3269 5482 3725 5567 ἐπεισαγάγωμεν

2151 5563 2467 5657 συμμαχίαν
2491 5563 2511 5612 γ’
2550 5563 2665 5653 ἔχει
2724 5580 2835 5651 γὰρ
2880 5579 3013 5633 ἴδιον
3068 5578 3102 5646 ἡ
3151 5572 3421 5643 ἐπιθυμία
3483 5563 3722 5657 πῦρ,γμὴ

2149 5655 2323 5749 ὲχὲτιυ
2371 5675 2643 5746 φρύγανα,
2692 5672 2786 5724 καὶ⁵
2839 5670 2940 5723 οὐκ
3000 5666 3154 5734 αὔξει
3205 5664 3304 5737 τὴν
3345 5660 3539 5730 φλόγα.
3574 5655 3723 5720 Τάχα
