4046 6152
412 262 549 330 1063

1406 269 1501 329 DE
1530 248 2064 328 MONACttoRUn
2107 248 2599 321 PRES’I‘ANTIA

3522 243 3539 309 l
3553 241 3656 311 0‘3)

409 375 571 429 τοῦτο
587 373 655 428 δι’
680 374 1007 445 αἰνίγματος
1037 377 1094 429 τὸ
1123 379 1344 447 νομικὸν
1364 380 1739 432 ὑπαινίττεται
1773 376 1980 444 λόγιον·

2112 371 2288 424 tabent
2342 369 2565 430 ercmia,
2608 382 2699 420 seu
2746 354 2975 433 virgulta
3024 361 3193 423 arida,
3231 358 3283 412 et
3334 373 3438 411 non
3488 359 3656 410 adau‘
3694 386 3697 391 ι

414 480 435 513 ι
476 464 602 517 Ἐὰν
633 463 873 531 ἐξελθὸν,
908 467 1065 537 φησὶ,
1111 469 1223 539 πῦρ
1255 466 1394 542 εὕρῃ
1423 469 1667 533 ἀκάνθας
1695 469 1790 521 καὶ
1821 483 1988 536 προσ-

407 554 674 625 εμπρήσῃ
726 554 940 609 άλωνω
984 559 1234 612 ἀποτίσει
1281 562 1309 613 ὁ
1352 562 1414 614 τὸ
1457 560 1570 630 πῦρ
1623 558 1921 622 ἐκκαύσας,
1966 575 1983 606 ι

402 646 593 701 ἅλωνα
614 645 789 712 λέγων
831 645 900 697 τὰ
938 642 1106 713 πάθη,
1140 642 1249 714 πῦρ
1282 644 1380 708 τὰς
1418 646 1518 714 τῆς
1546 645 1762 713 φύσεως
1789 645 1987 715 ὁρμὰς.

414 733 655 796 ἀκάνθας
679 733 751 785 τὰ
776 732 1027 801 αἰσθητὰ,
1075 734 1150 803 μὴ
1196 734 1633 804 μσιτευέτωσαν
1679 728 1862 797 αὗται,
1894 734 1991 786 καὶ

411 826 507 894 τῆς
530 824 736 886 ἅλωνος
761 821 1003 892 ἅψασθαι
1028 823 1138 894 πῦρ
1162 825 1349 895 χώραν
1382 824 1482 878 οὐκ
1497 823 1611 894 ἔχει
1640 823 1714 894 μὴ
1738 824 1990 893 εὑρίσκον

414 912 569 983 ὕλην,
597 912 663 965 δι’
690 906 761 983 ἧς
787 910 872 964 ἐπ’
905 912 1077 982 αὐτὴν
1114 911 1325 965 ὀδεὺσει
1356 913 1692 982 φλεγόμενον
1716 929 1729 942 ·
1771 914 1990 977 πάντως

408 1006 519 1073 γάρ
547 1004 581 1073 ἢ
617 1003 985 1074 σϐεσθήσεται
1022 1004 1304 1068 παντελῶς
1364 1006 1570 1078 ἀπορίᾳ
1617 1007 1845 1079 τροφῆς,
1898 1009 1992 1061 καὶ

408 1095 730 1166 τελευτήσει
769 1097 852 1157 είς
903 1096 1110 1171 τέφραν
1164 1096 1264 1166 τὴν
1307 1099 1681 1167 σημαίνουσαν
1719 1098 1820 1169 τῆς
1862 1099 1992 1153 ποτὲ

411 1186 750 1258 τυραννίδος,
788 1186 884 1239 καὶ
931 1186 1148 1249 πάθους
1191 1186 1430 1258 ἐσχάτην
1457 1187 1765 1256 ἀσθένειαν,
1794 1191 1827 1262 ἦ
1861 1208 1994 1260 σμυ-

405 1278 644 1350 ιχόμενον
669 1282 728 1332 ὲν
764 1278 1031 1347 σπινθῆρι
1053 1277 1322 1345 διαμενεῖ,
1359 1280 1523 1351 μηδὲν
1555 1277 1813 1350 βλάπτον,
1841 1285 1905 1352 τῇ
1936 1281 1993 1335 δὲ

414 1370 538 1440 ὕψει
569 1370 841 1430 διδάσκον,
869 1369 945 1431 ὡς
970 1369 1195 1423 δύναται
1244 1369 1443 1439 βλάψαι
1483 1371 1614 1424 ποτὲ
1655 1370 1875 1442 mecm
1916 1373 1995 1434 εἰς

417 1462 614 1533 φλόγα.
640 1461 735 1514 ἐὰν
770 1460 908 1529 ῦλης
946 1459 1230 1532 εὐπορήσῃ
1266 1461 1401 1527 πρὸς
1447 1459 1544 1531 τὴν
1589 1461 1871 1533 παροῦσαν
1908 1462 1995 1515 δύ-

418 1570 583 1622 ναμιν
610 1551 947 1621 ἐπιτηδείας·
977 1550 1039 1602 οὗ
1083 1551 1192 1620 γὰρ
1230 1550 1391 1613 εὐθὺς
1422 1551 1595 1614 ξύλων
1638 1552 1995 1622 περιδράττε-

418 1658 508 1695 ται
550 1639 780 1710 σπινθὴρ
825 1638 946 1692 οὐδὲ
1000 1638 1261 1709 σχίδακας
1282 1638 1690 1709 παρατεθείσας
1740 1640 1992 1703 ἀνάπτει,

421 1729 640 1802 ἀχύρων
682 1729 737 1781 δὲ
785 1727 1006 1801 χρῄζει,
1053 1728 1149 1781 καὶ
1208 1728 1485 1799 καλάμης,
1504 1729 1603 1782 καὶ
1636 1728 1831 1801 χόρτου
1862 1731 1996 1802 πρὸς

419 1827 481 1879 τὺ
509 1826 602 1879 καὶ⁸
629 1827 728 1896 τῆς
759 1824 1058 1896 ἁδροτέρας
1088 1824 1221 1894 ὕλης
1263 1824 1670 1895 περιγενέσθαι.
1697 1826 1812 1879 Ἵνα
1833 1817 1992 1897 ἡμεῖς

423 1914 686 1986 μάθωμεν
746 1913 1014 1984 ἀκριϐῶς,
1047 1913 1128 1965 ὅτι
1155 1915 1223 1965 τά
1283 1914 1482 1982 μικρά,
1535 1915 1631 1966 καῖ
1670 1914 1860 1987 εὐτελῆ
1886 1915 1994 1969 τῶν

417 2005 838 2077 ἁμαρτημάτων
864 2007 1012 2075 ἡμᾶς
1038 2004 1305 2074 προσάγει
1329 2008 1443 2068 τοῖς
1477 2005 1709 2076 μείζοσι,
1754 2009 1848 2061 καὶ
1875 2010 1907 2079 ἡ
1936 2012 1993 2062 ὲν

419 2097 650 2160 ἐκείνοις
675 2097 969 2167 ἀδιαφορία
995 2096 1110 2159 όδξς
1142 2097 1239 2149 ἐπὶ
1270 2097 1337 2149 τὰ
1370 2096 1726 2169 χαλεπώτερα
1761 2099 1986 2167 γίνεται.

2090 463 2237 534 gebit
2279 461 2571 515 ﬂammam.
2610 461 2857 513 Forsitan
2889 458 2990 511 hoc
3023 455 3361 510 subobscure
3398 467 3490 521 per
3526 448 3661 505 ami-

2090 569 2210 623 gma
2234 552 2481 621 designat
2517 552 2649 619 legis
2681 549 2986 605 oraculum.
3026 565 3045 596 ι
3085 545 3143 599 Si
3201 558 3454 615 egressus
3499 541 3661 612 ignis,

2088 643 2290 711 inquit,
2318 642 2586 696 invenerit
2632 642 2838 712 spinas,
2871 645 2925 695 e't
2953 636 3258 694 incenderit.
3289 650 3513 701 aream;
3546 650 3665 704 prr-

2090 732 2287 796 solvet,
2314 733 2405 803 qui
2435 733 2981 803 sbecenderitig’nem
3016 726 3089 794 “;
3121 748 3138 781 ι
3175 732 3360 783 aream
3400 725 3514 780 sive
3556 727 3667 778 frn-

2095 844 2222 898 gum
2273 841 2530 880 acervum
2570 824 2761 878 dicens
2823 824 3126 892 passiones,
3186 820 3364 890 ignem
3388 822 3666 882 veram-

2094 928 2228 973 turae
2263 919 2548 979 motiones,
2604 916 2788 984 spinas
2838 918 3019 967 au'em
3060 910 3360 968 sensibilia,
3423 924 3491 963 ne
3549 910 3667 978 ipsa

2093 1013 2534 1080 interponantur,
2571 1004 2781 1078 cliguis
2812 1014 2930 1061 non-
2951 1005 3143 1076 poterit
3163 1018 3345 1058 aream
3375 1002 3664 1068 attingere.

2094 1104 2296 1174 quippe
2328 1101 2420 1170 qni
2463 1112 2568 1154 n0n
2613 1098 2851 1154 inveniet
2917 1098 3224 1161 materiam,
3264 1111 3359 1165 per
3408 1100 3573 1164 quam
3603 1091 3669 1144 ad

2095 1196 2268 1264 ips‘am
2299 1202 2481 1249 aream
2509 1193 2611 1247 sibi
2630 1191 2804 1247 Taciat
2849 1193 2952 1246 iter
2998 1187 3371 1244 inﬂammatus
3404 1203 3417 1239 :
3448 1180 3674 1240 omnino

2095 1287 2240 1342 enim
2266 1288 2361 1341 aut
2379 1285 2757 1354 exstingue’tur
2805 1287 2950 1337 totus
2976 1297 3085 1351 prae
3119 1279 3301 1349 p‘aliuli
3350 1277 3676 1348 penuria,t-t

2097 1381 2151 1436 in
2183 1384 2418 1437 cinerem
2471 1381 2704 1444 desinet,
2743 1378 3114 1449 designantem
3162 1365 3469 1446 tyrannidis
3512 1380 3675 1439 atque

2099 1471 2388 1542 passionis,
2418 1460 2553 1541 'qnm
2602 1470 2875 1539 quondam
2908 1467 3075 1538 viguit
3127 1451 3427 1520 extremam
3484 1460 3675 1515 debili-

2099 1569 2303 1627 tatem;
2348 1571 2443 1615 aut
2498 1567 2857 1629 consumptus
2916 1558 2969 1613 in
3020 1557 3258 1612 scintilla
3314 1553 3673 1626 permanebit.

2100 1652 2231 1705 nihil
2265 1652 2469 1706 interea
2497 1660 2720 1713 necens,
2748 1651 2866 1705 iano
2890 1650 3055 1704 visus
3092 1649 3347 1709 edocens,
3395 1645 3538 1716 quod
3579 1662 3674 1713 pu-

2105 1746 2210 1795 tes‘t
2236 1742 2537 1809 aliquando
2565 1752 2761 1795 nece’re
2813 1738 3177 1794 e‘xardescens
3208 1736 3259 1790 in
3284 1733 3590 1797 'llammam,
3633 1734 3677 1786 si

2101 1833 2461 1888 abundaverit
2518 1832 2739 1887 materia
2777 1831 2843 1884 ad
2891 1830 3211 1900 potentiam,
3275 1838 3439 1897 Quam
3497 1825 3677 1885 habet,

2103 1924 2331 1989 idonea;
2385 1940 2486 1979 nec
2518 1924 2662 1977 enim
2712 1923 2896 1976 statim
2946 1921 3092 1989 ligna
3146 1914 3504 1989 apprehendit
3531 1915 3679 1971 scin-

2102 2013 2234 2079 tilla,
2276 2029 2375 2069 nec
2418 2015 2632 2069 assutas
2681 2011 2963 2083 appositas
2995 2008 3264 2074 accendit,
3302 2002 3477 2076 paleis
3499 2015 3678 2059 autem

2099 2121 2237 2174 opus
2285 2106 2447 2160 habet
2496 2114 2548 2159 et
2570 2104 2809 2174 ~stipula,
2843 2101 3071 2165 ct'l'eno,
3099 2100 3165 2155 ad
3204 2091 3316 2155 itoc
3348 2107 3410 2154 ut
3440 2098 3678 2153 crassio-

421 2203 534 2244 rem
570 2204 784 2259 quoque
842 2189 1026 2244 vincat
1089 2191 1403 2248 materiam:
1440 2200 1498 2245 ut
1544 2207 1642 2246 nos
1691 2194 1847 2262 plene
1890 2195 2220 2261 ediscamus,
2268 2199 2412 2267 quod
2468 2210 2633 2268 parva
2700 2197 2755 2251 et
2788 2196 2948 2250 exilia
3010 2196 3236 2264 peccata
3303 2206 3402 2247 nos
3444 2188 3509 2244 ad
3570 2203 3684 2241 ma-

418 2281 539 2350 iora
561 2282 864 2351 perducunt
914 2290 967 2336 et
998 2282 1392 2347 indill‘erentia,
1428 2296 1548 2353 quae
1582 2283 1634 2337 in
1657 2284 1777 2338 illis
1800 2297 1905 2348 est,
1932 2288 1997 2340 ad
2042 2289 2378 2343 molestiora.

1048 2418 1300 2473 ΚΕΦᾹΛ.
1334 2420 1414 2472 H'.

500 2528 610 2582 Καὶ.
635 2528 717 2581 δεῖ
752 2528 827 2601 μὴ
854 2527 1007 2592 ἔθους
1053 2529 1239 2592 αὐτοῖς
1276 2530 1542 2601 παρέχειν
1587 2530 1832 2601 ἀγωγὴν,
1869 2533 2002 2604 μηδὲ

430 2620 743 2691 ἐπιτρέπειν
765 2620 1145 2691 παρακύπτειν
1168 2620 1422 2684 ἀναιδῶς,
1448 2622 1788 2691 ὲπιτιμᾷνδὲ
1813 2630 2001 2692 προοίλ

430 2708 783 2781 μιαζομένοις
822 2710 1119 2781 μέλλουσαν
1175 2713 1498 2782 παρρησίαν
1550 2714 1650 2782 μὲν
1699 2714 1798 2784 τὴν
1828 2731 2001 2782 κεφα-

428 2802 527 2873 λὴν
555 2802 636 2854 ἔτι
682 2802 991 2868 σαίνουσαν,
1044 2803 1174 2873 πρὶν
1219 2804 1322 2872 τῆς
1372 2805 1613 2874 πτέρνης
1654 2805 2001 2875 ἐπιλάϐηται,

431 2892 633 2946 θλίϐειν
667 2893 760 2945 τοῦ
796 2894 992 2962 ὄφεως,
1030 2895 1124 2947 καὶ
1146 2894 1367 2966 σπέρμα
1391 2894 1698 2964 ὀλοθρεύειν
1724 2899 1789 2949 ἐκ
1822 2897 2002 2950 Βαϐυ-

432 2981 620 3045 λῶνος,
648 2981 742 3033 καὶ
766 2981 833 3033 τὰ
860 2983 1030 3051 νήπια
1067 2982 1271 3053 ταύτης
1302 2982 1580 3051 ὲδαερίζειν
1616 2984 1752 3053 πρὸς
1774 2985 1874 3054 τὴν
1897 2985 2001 3038 πέ-

431 3088 589 3143 τραν,
644 3072 711 3143 ἢν
740 3074 773 3142 ὴ
799 3071 893 3125 τοῦ
955 3072 1160 3144 ἄρθρου
1210 3074 1521 3146 προσθήκη,
1562 3076 1691 3145 μίαν
1717 3075 1884 3129 οὖσαν
1909 3095 2007 3148 ση-

435 3163 639 3233 μαίνει·
674 3164 903 3234 καὶγὰρ
936 3166 1001 3235 τῇ
1046 3165 1255 3237 κεφαλῇ
1288 3166 1633 3237 παραδυείσῃ
1672 3166 1819 3230 ἄπας
1855 3168 1883 3219 ὁ
1919 3169 2009 3220 ὀλ-

432 3256 526 3320 κὸς
563 3256 993 3327 συνεισέρχεται,
1029 3257 1123 3310 καὶ
1157 3257 1219 3310 τὸ
1243 3257 1467 3327 σπέρμα
1500 3258 1608 3311 τῶν
1631 3258 1893 3323 ζιζανίων
1922 3261 2009 3332 ῥι-

435 3347 606 3411 ζωθὲν
631 3349 945 3419 ἐμποδίζειν
973 3352 1041 3420 τῇ
1068 3348 1273 3421 βλάστῃ
1286 3349 1391 3403 τῶν
1417 3350 1643 3422 ἡμέρων
1669 3350 1883 3418 πέφυκε
1912 3369 2012 3420 φυ-

434 3440 566 3503 τῶν,
598 3440 694 3493 καὶ
745 3440 1077 3511 ἁδρυνθέντα
1110 3441 1183 3494 τά
1215 3442 1384 3509 νήπια
1424 3444 1527 3495 οὐκ
1565 3438 1821 3515 ἀνεκτὴν,
1864 3444 2007 3514 ἀμφ-

440 3531 663 3599 ήριστον
691 3530 765 3593 δὲ,
800 3533 895 3585 καὶ
939 3532 1236 3601 ἐναγώνιον
1275 3533 1434 3588 εἴωθε
1466 3535 1564 3604 τὴν
1589 3532 1769 3607 μάχην
1803 3536 1972 3593 ποιεῖν
1999 3556 2010 3566 ·

441 3616 538 3669 καὶ
571 3617 893 3685 σημαίνεται
913 3621 1004 3674 διὰ
1039 3620 1247 3675 τούτων
1284 3623 1351 3676 τὰ
1385 3623 1530 3696 πάθη
1561 3625 1637 3688 ὡς
1666 3628 1724 3679 ὲν
1749 3629 1890 3700 ἀρχῇ
1916 3629 2016 3698 μέν

438 3710 588 3761 ἐστιν
627 3709 893 3774 εὐάλωτα,
919 3711 1032 3765 ἔθει
1060 3712 1118 3765 δὲ
1149 3715 1522 3784 κρατυνθὲντα
1547 3718 1625 3780 είς
1662 3719 1849 3790 ἀκμὴν
1881 3722 2017 3790 πρό-

441 3815 568 3864 εισι,
594 3799 688 3852 καὶ
712 3799 1193 3870 δυσκαταγώνιστα
1224 3805 1474 3873 γίνεται,
1494 3807 1633 3876 μετὰ
1681 3809 1744 3861 τὸ
1772 3811 2018 3880 κάματον

441 3889 703 3960 παρέχειν
753 3893 810 3944 ὲν
833 3894 900 3963 τῇ
933 3894 1079 3967 πάλῃ
1132 3894 1317 3950 πολύν.
1356 3895 1476 3949 Ἔτι
1506 3897 1563 3949 δὲ
1589 3899 1683 3951 καὶ
1722 3899 2014 3971 εὐχέρειαν

441 3981 600 4051 ἡμῶν
628 3985 722 4047 καὶ
751 3984 939 4038 ἄνοιαν
968 3986 1386 4057 κατηγοροῦντα
1413 3987 1613 4060 δεινὴν,
1649 3990 1771 4043 καθ’
1805 3992 2020 4045 ἑαυτῶν

444 4074 738 4144 πολεμίους
783 4074 1124 4147 ηὐξήσαμεν,
1156 4077 1250 4139 οὓς
1298 4079 1549 4133 καθελεῖν
1587 4083 1832 4145 ἀσθενεῖς
1861 4082 2022 4147 ὄντας

443 4160 510 4235 ἦν
537 4165 602 4218 ὲν
636 4169 770 4237 ἡμῖν
818 4169 1083 4233 εὐπετῶς.
1115 4170 1306 4234 Οὕτως
1354 4172 1463 4243 γὰρ
1499 4173 1692 4243 καιρὸν
1721 4169 1866 4244 εἶχεν
1901 4175 2019 4246 ἂνὴ
2057 4209 2060 4212 η

444 4257 657 4310 διάνοια
707 4259 849 4329 μετὰ
909 4260 1007 4331 τὴν
1054 4261 1165 4315 τῶν
1204 4263 1515 4317 ἀντιπάλων
1562 4259 1767 4333 φθοράν
1801 4266 2023 4336 εἰρήνην

2673 2422 2913 2482 CAPUT
2957 2424 3091 2480 Vll'l.

2170 2538 2516 2610 “Quapropter
2548 2553 2652 2593 non
2682 2549 2899 2609 oportet
2935 2538 3080 2593 viam
3107 2536 3241 2607 ipsis
3280 2533 3517 2605 praebere
3552 2545 3685 2586 con-

2109 2630 2433 2695 suetudinis,
2485 2645 2660 2700 neque
2691 2630 3025 2699 permittere,
3057 2630 3116 2682 u't
3146 2626 3344 2683 nedum
3380 2638 3476 2693 per
3502 2631 3686 2675 trans-

2108 2734 2306 2776 ennam
2342 2720 2506 2791 385
2535 2720 2803 2790 aspiciant
2825 2720 3195 2787 impudenter,
3229 2730 3415 2771 verum
3446 2704 3686 2768 futuram

2109 2809 2393 2863 audaciam
2451 2809 2540 2873 iis,
2581 2808 2711 2862 dum
2766 2807 3353 2885 primo'exprdiuntur,
3384 2802 3685 2870 increpare,

2109 2907 2164 2952 et
2209 2900 2474 2968 serpentis
2517 2906 2680 2968 caput
2752 2898 2936 2953 statim
2965 2912 3029 2952 ac
3051 2907 3342 2959 movetur,
3385 2903 3687 2956 conterere,

2109 2991 2426 3059 priusquam
2462 2991 2775 3044 caleaneum
2808 2988 3178 3058 apprehendat
3202 2987 3271 3050 ",
3305 2997 3470 3055 atque
3497 2997 3681 3040 semen

2112 3096 2141 3134 a
2166 3079 2438 3151 Babylone
2482 3082 2697 3149 penitus
2725 3080 2962 3143 abolere,
2984 3078 3277 3147 ipsiusque
3309 3076 3544 3140 inlantes
3570 3074 3693 3129 alli-

2113 3173 2240 3227 dere
2275 3174 2339 3227 ad
2366 3183 2573 3242 petram
2597 3172 2662 3234 ¹²,
2688 3186 2852 3240 quam
2905 3171 3125 3225 articuli
3167 3169 3373 3225 additio
3417 3167 3690 3237 signiﬁcat

2115 3277 2278 3317 unam
2314 3261 2616 3328 exsistere;
2657 3262 2862 3315 etenim
2912 3262 3091 3331 capite
3140 3260 3487 3316 subintrante
3542 3267 3690 3312 totus

2117 3360 2323 3407 tractus
2353 3353 2516 3407 simul
2572 3354 2899 3422 ingreditur;
2927 3363 2980 3407 et
3010 3366 3194 3407 semen
3260 3351 3537 3413 loliorum,
3597 3364 3690 3403 seu

2116 3446 2449 3500 zizaniorum
2482 3445 2744 3500 radicitus
2802 3445 3066 3511 deﬁxum,
3118 3444 3427 3513 plantarum
3482 3442 3693 3497 sativa-

2118 3552 2237 3590 rum
2264 3537 2510 3606 germina
2565 3536 2827 3606 impedire
2875 3536 3202 3601 consuevit;
3250 3544 3308 3589 et
3352 3531 3596 3587 infantes
3624 3533 3691 3584 ad

2129 3644 2158 3678 ιι
2183 3628 2496 3681 aturitatem
2560 3626 2800 3696 provecti
2860 3625 3277 3689 intolerabilem,
3330 3634 3388 3677 et
3442 3623 3697 3690 utrinque

2118 3728 2519 3771 controversam
2574 3718 2999 3786 athleticamque
3052 3730 3289 3786 pugnam
3340 3715 3491 3770 ciere
3537 3729 3694 3768 asso-
3779 3728 3791 3743 κ

2120 3807 2265 3872 lent;
2311 3822 2515 3877 perque
2552 3808 2668 3862 haec
2727 3808 2906 3863 omnia
2972 3808 3325 3875 designantur
3387 3805 3697 3873 passiones,

2118 3901 2263 3968 quod
2289 3900 2547 3954 nimirum
2604 3898 2661 3952 in
2705 3899 2978 3968 principio
3034 3898 3252 3967 quidem
3317 3894 3474 3950 facile
3523 3910 3697 3963 expu-

2121 4002 2378 4062 gnantur,
2406 3991 2806 4047 consuetudine
2837 4005 2965 4044 vero
2990 3997 3334 4044 assumentes
3365 3988 3536 4043 robur
3569 4003 3695 4056 pro-

2121 4085 2322 4141 cedunt
2351 4085 2415 4139 ad
2444 4083 2707 4153 trigonem,
2763 4082 3009 4150 ﬁuntque
3060 4087 3370 4149 expugnata
3421 4078 3696 4137 dil‘ticiles.

2124 4185 2409 4245 postquam
2435 4173 2731 4244 plurimum
2765 4171 3098 4241 praebuerint
3145 4169 3387 4223 laborem
3420 4168 3474 4221 in
3522 4178 3699 4223 certa-

2125 4266 2304 4343 mine;
2332 4280 2453 4333 qua:
2482 4272 2745 4334 praeterea
2778 4262 3048 4317 levitatem
3086 4269 3353 4325 nostram,
3386 4268 3441 4313 et
3478 4274 3697 4329 gravem

446 4349 655 4416 ἄγουσα
706 4351 844 4421 πρὸς
896 4351 1130 4424 θεωρίαν
1174 4351 1473 4425 τραπῆναι,
1543 4357 1637 4410 καὶ
1680 4356 1779 4420 τὰς
1817 4359 2005 4410 οἰκείας

2129 4364 2389 4411 accusant
2419 4354 2770 4417 dementiam,
2804 4368 2870 4408 eo
2920 4352 3064 4423 quod
3093 4361 3283 4405 contra
3337 4349 3702 4418 nosmetipsiis

447 4441 765 4511 γεωργῆσαι
790 4441 1070 4511 δυνάμεις.
1104 4443 1277 4496 Τοῦτο
1319 4444 1428 4516 γὰρ
1451 4444 1479 4495 ὁ
1512 4445 1611 4514 μὲν
1639 4462 1722 4509 τις
1753 4446 1861 4499 τῶν
1890 4463 2024 4515 προ-

450 4532 634 4599 φητῶν
668 4549 821 4603 φησι·
863 4552 882 4584 ι
926 4534 1267 4603 Συγκὸψουσι
1300 4537 1398 4598 τὰς
1426 4535 1703 4607 μαχαίρας
1733 4535 2023 4599 αὐτῶνλείς

449 4623 677 4695 ἄροτρα,
715 4625 808 4677 xui.
838 4625 934 4689 τὰς
964 4626 1189 4689 ζιόύνας
1226 4628 1305 4690 είς
1343 4627 1607 4698 δρέπανα,
1645 4625 2022 4700 παρελθοῦσαν

322 4708 398 4789 Ὺ».
448 4716 517 4766 τὰ
547 4715 841 4785 πολεμικὰ,
874 4720 964 4771 καὶ
995 4720 1106 4782 τοῖς
1137 4719 1237 4787 τῆς
1279 4720 1503 4789 εἰρήνης
1537 4718 1904 4787 εὐκαιροῦσαν
1932 4719 2025 4785 5p-

449 4820 568 4871 γοις
618 4809 899 4878 σημαίνων
931 4811 1291 4864 κατάστασιν.

2131 4445 2663 4501 accumulaverimus
2700 4444 2904 4506 hostes,
2928 4459 3086 4512 quos,
3113 4457 3236 4498 cum
3263 4451 3447 4496 essent
3475 4439 3698 4493 debiles.

2130 4540 2315 4592 nostia
2342 4543 2460 4590 erat
2514 4535 2569 4587 in
2627 4542 2895 4604 potesmte
2949 4534 3263 4587 interimere
3298 4528 3552 4600 perfacile
3581 4544 3594 4579 :
3624 4529 3703 4582 sie

2129 4627 2328 4696 quippe
2368 4626 2711 4680 occasionem
2766 4624 2987 4679 haberet
3034 4624 3340 4678 intellectus
3406 4630 3526 4690 post
3564 4628 3705 4674 stra-

2133 4734 2253 4789 gem
2287 4717 2739 4773 adversariorum
2769 4731 2902 4785 pace
2957 4714 3144 4769 fruens
3173 4713 3239 4767 ad
3288 4711 3705 4780 contemplatio-

2136 4824 2259 4864 nem
2293 4824 2412 4863 sese
2439 4808 2811 4873 convertendi,
2839 4816 3002 4875 atque
3032 4804 3281 4883 proprias
3309 4803 3589 4857 excolendi
3625 4800 3703 4854 fa-

451 4899 700 4954 cultates.
725 4899 838 4955 Hoc
866 4902 1010 4955 enim
1043 4919 1184 4957 unus
1208 4901 1426 4971 quidem
1455 4901 1838 4970 prophetarum
1901 4900 2064 4955 dicit:
2107 4918 2126 4953 ι
2192 4900 2496 4954 Coneident
2542 4900 2754 4969 gladios
2785 4912 2919 4952 suos
2956 4897 3010 4949 in
3061 4910 3332 4958 vomeres,
3361 4902 3415 4948 et
3440 4894 3626 4949 hastas
3654 4895 3704 4946 in

458 4989 691 5055 falces”,
737 5012 755 5044 ι
785 4994 1098 5063 signiﬁcans
1155 5004 1355 5049 statum
1389 4994 1891 5063 praetermittentem
1947 5009 2032 5048 res
2068 4993 2310 5058 bellicas,
2374 5002 2429 5048 et
2486 4994 2539 5047 in
2577 4993 2728 5062 pacis
2756 4988 3013 5061 operibus
3059 4989 3232 5042 otium
3290 5003 3448 5041 suum
3500 4988 3677 5056 impen

455 5079 691 5134 dentem.

1065 5173 1315 5252 mm.
1344 5196 1422 5253 εγ.

535 5308 593 5360 Ὀ
623 5308 699 5374 δὲ,
737 5325 755 5358 ι
800 5308 861 5360 Οἱ
892 5307 1161 5377 ὀφθαλμοί
1191 5325 1285 5361 σου
1307 5307 1529 5377 ὄψονται
1556 5304 1683 5367 τοὺς
1716 5302 2032 5366 πλανῶντάς

456 5414 539 5463 σε,
572 5399 665 5452 καὶ
693 5399 760 5451 τὰ
791 5392 907 5452 ὦτά
931 5415 1024 5451 σου
1044 5396 1366 5450 ἀκούσονται
1400 5395 1509 5449 τῶν
1531 5394 1704 5448 ὀπίσω
1736 5410 1794 5446 σε
1831 5392 2039 5459 πλανηο

456 5488 688 5544 σάντων.
726 5508 744 5538 ›
781 5489 940 5542 Μετὰ
967 5482 1029 5542 τὸ
1067 5486 1382 5541 παύσασθαι
1427 5486 1526 5557 τὴν
1559 5485 1659 5554 τῆς
1696 5484 1873 5552 μάχης
1914 5481 2042 5550 σύγ-

543 5662 584 5691 ‘°
613 5659 788 5714 Exod.
824 5676 956 5723 χχιι,
989 5660 1042 5711 0.
1124 5658 1163 5687 ¹¹
1191 5655 1325 5710 Gen.
1354 5672 1428 5707 ut.
1465 5654 1546 5706 15.
1628 5656 1670 5684 ¹²
1698 5651 1836 5708 Psal.
1867 5667 2005 5706 cxxx

2111 5652 2163 5708 9.
2243 5653 2283 5683 ”
2317 5650 2480 5706 Micli.
2510 5666 2582 5716 tv,
2620 5649 2673 5703 ’5.

2729 5183 2953 5241 CAPUT
2989 5181 3080 5236 1X.

2212 5301 2359 5355 Alter
2396 5315 2523 5354 vero
2558 5298 2788 5369 (scilicet
2817 5298 3224 5366 prophetarum)
3266 5295 3477 5365 inquit:
3517 5313 3535 5345 ι
3575 5293 3707 5350 Ocn-

2142 5391 2177 5445 li
2218 5392 2295 5445 tui
2341 5390 2599 5445 videbunt
2642 5403 2737 5442 eos
2790 5387 2884 5455 qui
2932 5394 2984 5439 te
3033 5387 3396 5454 deceperunt,
3436 5394 3490 5440 et
3547 5402 3710 5441 aures

2143 5489 2248 5536 tua:
2304 5481 2526 5536 audient
2547 5495 2641 5534 eos
2695 5477 2786 5548 qui
2820 5486 2872 5532 te
2902 5486 3050 5531 retro
3077 5476 3408 5546 deceperunt
3439 5477 3515 5538 ης
3555 5494 3573 5529 ι
3628 5477 3709 5532 ὥς·

2758 5647 2803 5679 ¹³
2846 5645 2947 5702 lsa.
2984 5665 3109 5713 xxx,
3140 5649 3239 5713 2|),
3269 5647 3357 5700 9-1,
