4046 6152
401 221 531 288 1071

1890 221 1950 278 S.
1992 217 2122 278 ΝΠ.

3518 203 3660 282 ΙΟῗΞ

391 349 565 401 oens,
601 332 1048 395 considerandus,
1091 331 1256 402 386
1305 347 1368 386 ac
1417 330 1719 385 luculenter
1775 330 1957 398 digno-

2069 346 2228 399 χυσιν
2263 328 2494 400 ὁρᾶσθαι
2526 329 2720 397 λέγων,
2765 331 2857 383 καὶ
2897 329 3260 398 γινώσκεσθαι
3298 328 3483 398 σαφῶς
3525 334 3656 387 τοὺς

392 425 624 482 scendos
674 424 848 485 dolos,
884 431 938 477 et
985 422 1160 476 studia
1223 423 1595 488 inimicorum,
1667 431 1955 492 postquam

393 515 613 570 desit-rit
652 527 843 582 pugnae
865 511 1155 565 confusio:
1191 513 1322 581 quin
1371 524 1425 566 et
1465 527 1696 583 magnus
1729 510 1964 582 Moyses,

392 621 513 675 qua:
547 607 596 657 in
634 603 848 656 deserto
899 610 1195 655 evenerant-
1241 602 1497 658 lsraelitis
1535 603 1576 634 ⁸⁸
1605 601 1660 656 in
1718 604 1866 656 exitu
1900 616 1966 654 ex

393 694 624 764 Egypto
653 692 895 760 studiose
923 703 1308 746 commemorat
1346 693 1397 745 in
1431 693 1671 748 secundo
1731 693 1872 746 libro
1951 732 1966 758 ,

393 785 682 850 :nlli'nrtans
733 798 848 848 eos,
889 791 945 835 ut
995 783 1294 852 prieteritas
1327 799 1535 854 pugnas
1591 799 1655 838 ac
1707 799 1966 837 manuum

391 879 759 930 consertiones
791 885 1105 930 exercerent
1157 877 1442 940 memoria,
1488 875 1968 946 -admirabilesque

390 968 644 1022 victorias
717 965 961 1020 facerent
1024 967 1305 1021 materiam
1360 965 1613 1020 maxima:
1669 965 1966 1036 gratiarum

389 1063 638 1117 actionis.
693 1059 810 1114 Non
845 1063 949 1116 ista
978 1061 1144 1125 novit,
1194 1076 1293 1116 nec
1319 1061 1486 1114 otium
1521 1059 1680 1127 habet
1726 1073 1966 1129 unquam

388 1156 478 1224 qui
513 1155 564 1208 in
595 1154 750 1209 bellis
782 1163 1053 1223 versatur,
1091 1154 1255 1224 quive
1284 1152 1494 1206 videtur
1523 1166 1708 1218 nosse,
1737 1159 1791 1204 et
1825 1150 1964 1205 alio-

388 1263 509 1300 rum
565 1247 751 1317 gerci'e
822 1245 1243 1315 praefecturam;
1294 1243 1571 1299 enimvero
1643 1243 1963 1313 praeclarum

388 1337 632 1407 quidem,
671 1347 724 1392 et
763 1339 946 1391 multis
981 1336 1212 1406 perutile
1243 1335 1391 1390 subit
1415 1349 1575 1404 opus,
1634 1341 1690 1388 at
1738 1334 1824 1387 vix
1877 1348 1965 1386 se-

389 1428 628 1481 cundum
678 1437 824 1483 tenet
850 1427 1027 1483 locum
1064 1436 1186 1497 post
1215 1441 1362 1490 eum,
1431 1425 1522 1494 qui
1553 1425 1835 1496 proprium
1864 1438 1962 1478 cu-

391 1529 472 1572 rat
507 1529 731 1584 statum,
788 1534 851 1574 ac
881 1520 1138 1574 interiora
1169 1517 1458 1582 emendat;
1499 1519 1698 1587 quippe
1727 1517 1819 1585 qui
1844 1531 1965 1570 cor-

392 1626 614 1679 poreum
690 1612 892 1680 przebet
953 1609 1319 1679 indigentibus
1385 1609 1668 1674 auxilium,
1724 1609 1960 1662 animam

387 1717 514 1754 vero
546 1718 698 1755 suam
743 1701 964 1756 dimittit
1013 1715 1226 1770 semper
1279 1701 1598 1770 neglectam.
1651 1699 1760 1769 Ego
1811 1698 1957 1765 novi,

385 1792 529 1860 quod
577 1801 686 1844 lum
725 1792 974 1861 agricola:
1006 1792 1154 1844 omni
1207 1800 1450 1861 tempore
1493 1801 1689 1844 vacant
1737 1789 1958 1858 proprio

386 1897 534 1947 arvo,
607 1892 717 1935 tum
783 1891 960 1936 nautae
1033 1883 1308 1952 propriam
1370 1898 1581 1951 semper
1655 1881 1957 1934 instaurant

388 1969 587 2032 navim,
623 1978 734 2022 tum
766 1970 1020 2036 viatores,
1051 1979 1103 2024 et
1132 1981 1488 2033 mercatores,
1523 1978 1576 2024 et
1609 1968 1865 2034 artifices,
1904 1978 1958 2022 et

387 2059 706 2113 mercenarii
762 2059 812 2112 id
842 2059 1085 2114 studiose
1119 2058 1388 2120 factitant,
1421 2057 1566 2126 quod
1600 2057 1700 2111 sibi
1727 2055 1859 2126 ipsis
1889 2057 1955 2109 ad

387 2151 674 2204 utilitatem
710 2151 1011 2204 conducere
1043 2149 1397 2212 arbitrantur,
1428 2163 1527 2201 nec
1557 2147 1696 2201 ullus
1720 2163 1802 2212 ea,
1835 2161 1957 2216 quae

386 2250 514 2294 sunt
568 2239 812 2305 alterius,
847 2238 1018 2309 pluris
1059 2239 1140 2292 vel
1169 2253 1321 2307 aeque
1356 2237 1600 2292 facienda
1652 2246 1814 2306 atque
1859 2253 1955 2290 sua

381 2322 627 2396 judicare
657 2333 927 2396 sustinet;
963 2329 1058 2384 sed
1101 2338 1154 2383 et
1186 2330 1438 2384 nauticus
1476 2328 1558 2382 vir
1586 2330 1848 2398 navigans
1897 2327 1951 2381 in

387 2421 523 2475 mari
560 2421 742 2492 dirigit
771 2422 838 2475 ad
893 2435 1047 2476 suam
1091 2420 1492 2490 navigationem
1557 2421 1854 2490 navigium,
1903 2428 1957 2474 et

384 2515 474 2582 qui
528 2523 723 2568 terram
763 2513 962 2568 excolit
1018 2512 1130 2568 suis
1155 2513 1303 2567 horis
1331 2527 1517 2567 curam
1550 2512 1959 2582 impenditeon-

384 2619 574 2674 gruam
605 2618 736 2657 arvo
765 2605 1009 2674 proprio,
1045 2613 1096 2658 et
1131 2603 1223 2672 qui
1250 2612 1421 2656 artem
1441 2610 1790 2657 consectatur
1811 2617 1958 2669 eain,

383 2708 720 2761 quaecunque
751 2695 852 2754 sit,
899 2702 1131 2755 exercet,
1186 2706 1307 2764 quae
1366 2692 1495 2744 facit
1555 2693 1620 2744 ad
1674 2691 1951 2761 proprium

385 2785 620 2848 lucrum,
661 2793 714 2836 ct
747 2797 970 2852 prorsus
1005 2782 1382 2852 unusquisque
1425 2780 1578 2835 futile
1633 2791 1794 2850 atque
1861 2796 1954 2834 va-

2074 421 2182 475 τῶν
2247 421 2457 492 ἐχθρῶν
2511 421 2714 488 δόλους,
2777 424 2870 476 καὶ
2929 423 2997 475 τὰ
3052 421 3485 490 ἐπιτηδεύματα.
3542 425 3655 477 Καὶ

2068 512 2307 581 Μωῦσῆς
2333 513 2390 565 δὲ
2419 515 2446 565 6
2479 513 2650 583 μέγας
2677 513 2747 566 τὰ
2772 513 3057 582 συμϐάντα
3080 513 3221 566 κατά
3244 513 3342 583 τὴν
3364 514 3462 581 ἀπ’
3494 516 3659 581 Αίγύ-

2070 620 2203 654 πτου
2227 602 2402 666 ἔξοδον
2421 605 2532 666 τοῖς
2569 603 2931 674 Ἰσραηλίταις
2958 605 3016 656 ἐν
3042 606 3107 674 τῇ
3141 605 3334 674 ἐρήμῳ
3351 605 3408 655 ἐν
3428 603 3657 674 δευτέρᾳ

2070 693 2236 764 βίϐλῳ
2279 693 2580 756 σπουδαίως
2624 694 3029 765 ὑπομιμνήσκει
3067 733 3082 757 ,
3134 695 3234 756 τὰς
3280 694 3656 764 παρελθούσας

2071 783 2285 853 μάχας,
2347 784 2441 835 καὶ
2518 782 2878 853 συμπλοκὰς,
2945 781 3248 853 γυμνάζειν
3329 786 3394 852 τῇ
3467 786 3658 854 μνήμῃ

2069 871 2352 942 παραινῶν
2375 872 2470 924 καὶ
2503 871 2600 934 τὰς
2640 872 2977 942 παραδόξους
3004 872 3160 934 νίκας
3197 873 3470 925 ποιεῖσθαι
3501 877 3654 942 μεγί-

2070 979 2202 1034 στης
2255 964 2606 1035 εὐχαριστίας
2655 963 2933 1017 ὑπόθεσιν.
2981 964 3095 1020 οὐκ
3151 959 3260 1018 οἶδε
3305 964 3480 1018 ταῦτα
3536 967 3656 1020 οὐδὲ

2069 1053 2263 1123 σχολὴν
2286 1053 2395 1125 ἔχει
2429 1054 2554 1108 ποτὲ
2583 1053 2676 1107 καὶ
2697 1053 2898 1122 γνῶναι
2927 1053 2956 1106 6
2976 1055 3033 1107 ἐν
3065 1054 3322 1124 πολέμοις
3341 1055 3652 1126 δητρίὸων,

2067 1143 2162 1194 καὶ
2203 1143 2231 1194 6
2275 1143 2616 1212 προστασίαν
2653 1142 2834 1206 ἄλλοις
2878 1145 3068 1212 νέμειν
3109 1143 3303 1198 δοκῶν’
3345 1144 3509 1199 καλὸν
3559 1147 3654 1215 μὲν

2065 1231 2195 1303 γάρ,
2221 1231 2314 1284 καί
2364 1232 2579 1296 πολλοῖς
2625 1235 2898 1304 χρήσιμον
2934 1232 3174 1303 μέτεισιν
3220 1231 3403 1304 ἔργον,
3449 1234 3544 1287 τοῦ
3595 1234 3652 1287 δέ

2066 1322 2164 1392 τῆς
2189 1322 2396 1384 οἰκείας
2426 1322 2858 1395 ἐπιμελουμένου
2881 1364 2894 1384 ,
2925 1324 3018 1389 καὶ
3054 1322 3438 1393 διορθουμένου
3469 1325 3537 1377 τά
3567 1325 3653 1377 εν-

2065 1413 2176 1477 δον,
2213 1413 2366 1483 μόλις
2395 1413 2462 1466 τὰ
2492 1413 2772 1485 δευτερεῖα
2820 1414 3006 1485 φέρει,
3057 1415 3376 1486 σωματικὴν
3402 1416 3652 1486 παρέχων

2065 1505 2176 1565 τοῖς
2206 1503 2482 1573 δεομένοις
2529 1503 2784 1575 βοήθειαν
2807 1493 2834 1568 ,’
2859 1505 2955 1557 καὶ
2991 1504 3168 1574 ψυχὴν
3198 1505 3302 1558 ἐῶν
3326 1506 3429 1575 τὴν
3458 1507 3651 1559 ἑαυτοῦ

2067 1597 2155 1650 διὰ
2209 1597 2410 1666 παντὸς
2451 1597 2818 1666 ἀτημέλητον.
2875 1593 3006 1648 Οἶδα
3057 1597 3152 1649 καὶ
3209 1598 3490 1666 γεωργοὺς
3543 1597 3656 1664 ἐγὼ

1997 1664 2037 1722 Β
2067 1689 2230 1740 παντὶ
2285 1689 2464 1758 καιρῷ
2527 1686 2603 1756 τῷ
2661 1686 2774 1756 ἰδίῳ
2821 1685 3074 1756 γεωργίρ
3124 1685 3510 1755 σχολάζοντας,
3563 1689 3653 1739 καὶ

2066 1779 2358 1849 πλωτῆρας
2388 1780 2473 1831 ἀεὶ
2502 1777 2599 1849 τὴν
2633 1779 2837 1831 οἰκείαν
2880 1778 3344 1841 ἐπισκευάζοντας
3375 1777 3527 1840 ναῦν,
3560 1778 3655 1830 καὶ

2061 1871 2259 1932 ἐδίτας,
2309 1873 2400 1922 καὶ
2435 1871 2742 1942 ἐμπύρους,
2781 1871 2876 1922 καὶ
2906 1871 3180 1939 τεχνίτας,
3210 1869 3304 1923 καὶ
3351 1869 3652 1938 μισθωτοὺς

2060 1962 2216 2016 τοῦτο
2251 1963 2672 2026 σπουδάζοντας,
2700 1962 2727 2014 ὃ
2751 1964 3022 2015 συντελεῖν
3049 1964 3116 2015 αύ
3129 1964 3254 2026 τοῖς,
3285 1963 3365 2024 εἰς
3385 1961 3651 2029 ὠφέλειαν

2061 2053 2359 2124 νομίζουσι,
2391 2054 2484 2107 καὶ
2511 2053 2684 2116 οὐδεὶς
2713 2055 2780 2106 τὰ
2821 2054 3008 2123 ἐτέρου
3038 2054 3410 2125 προτιμότερα
3437 2095 3453 2119 ,
3498 2055 3530 2124 ἢ
3559 2057 3654 2106 καὶ

2069 2147 2286 2216 ἰσότιμα
2318 2148 2426 2198 τῶν
2475 2145 2670 2199 ἐαυτοῦ
2719 2147 2925 2216 κρίνειν
2975 2146 3250 2215 ἀνέχεται.
3302 2145 3466 2198 Ἀλλά
3506 2146 3657 2199 καὶὸ

2065 2238 2315 2301 ναυτικὸς
2344 2236 2710 2299 Θαλαττεύων,
2743 2237 2880 2307 πρὸς
2911 2237 3002 2290 τὸν
3044 2237 3173 2289 ἴδιον
3199 2237 3369 2290 πλοῦν
3399 2235 3562 2290 ἰθύνει
3590 2239 3653 2290 τὸ

2066 2331 2294 2399 σκάφος,
2325 2330 2420 2383 καὶ
2456 2331 2484 2383 6
2531 2329 2768 2399 γηπόνος
2800 2328 2898 2399 τὴν
2943 2328 3278 2399 κατάλληλον
3312 2332 3433 2393 ταῖς
3479 2329 3646 2400 ὥραις

2063 2422 2382 2491 ἐπιμέλειαν
2411 2422 2487 2492 τῷ
2511 2421 2698 2490 οἰκείῳ
2721 2420 2978 2491 γεωργίῳ
3011 2421 3299 2491 προσάγει,
3337 2421 3429 2474 καὶ
3455 2424 3646 2490 τέχνην

2062 2515 2090 2565 6
2133 2514 2548 2583 μετερχόμενος,
2574 2512 2855 2582 ἡντιναοῦν
2891 2512 2984 2565 τοῦ
3023 2513 3153 2565 ἰδίου
3176 2513 3384 2580 γίνεται
3404 2513 3646 2582 κέρδους,-

2065 2605 2163 2657 καὶ
2184 2605 2416 2665 ἕκαστος
2444 2604 2630 2667 ἁπλῶς
2662 2605 2886 2666 εἰκαῖον,
2920 2605 3013 2656 καὶ
3037 2605 3267 2673 μάταιον
3293 2605 3555 2676 μεριμνᾷν
3576 2604 3648 2656 τὰ

2061 2692 2167 2744 τῶν
2198 2693 2504 2761 ὁμοτέχνων
2530 2694 2850 2762 ἡγούμενος,
2886 2694 3142 2764 φροντίδα
3170 2694 3367 2765 πολλὴν
3405 2694 3512 2763 ἔχει
3540 2696 3638 2746 καὶ

2062 2783 2352 2854 μέριμναν,
2379 2784 2528 2846 ὅπως
2556 2780 2614 2836 εὖ
2645 2786 2710 2837 τὰ
2740 2786 2917 2838 οἰκεῖα
2947 2785 3218 2858 διάθηται.

385 2889 513 2926 num
565 2874 878 2948 existimans
907 2873 1196 2927 sollicitum
1248 2889 1369 2929 esse
1398 2874 1465 2927 de
1521 2873 1606 2926 bis
1653 2887 1774 2942 qua:
1803 2882 2047 2941 spectant
2085 2875 2150 2928 ad
2195 2875 2314 2931 illos
2357 2876 2447 2945 qui
2480 2875 2722 2944 ejusdem
2771 2887 2897 2934 sunt
2943 2879 3098 2942 artis,
3129 2895 3315 2934 curam
3357 2879 3644 2949 plurimam

383 2963 516 3032 gerit
561 2978 625 3016 ac
650 2962 1089 3026 sollicitudinem,
1150 2977 1259 3034 qno
1309 2969 1472 3033 pacto
1523 2977 1610 3017 res
1662 2963 1914 3032 preprias
1950 2962 2220 3034 diSponat.

894 3072 1057 3143 337
1084 3071 1313 3128 CAPUT
1370 3071 1437 3128 χ.

458 3187 522 3241 Ει
558 3185 832 3256 quomodo
861 3186 1027 3255 aliqui
1075 3201 1222 3248 eum,
1245 3187 1338 3256 qui
1376 3187 1428 3239 in
1462 3186 1661 3240 virtute
1697 3185 1800 3240 sibi
1826 3184 1960 3254 ipsis

387 3279 536 3335 utilis
564 3289 669 3343 est,
708 3279 1096 3348 probatiorem,
1138 3295 1234 3334 seu
1260 3279 1455 3347 majori
1483 3277 1960 3333 commendatione

385 3371 608 3441 dignum
637 3370 881 3425 habent?
912 3368 1005 3423 Isti
1031 3370 1162 3423 mibi
1198 3371 1452 3424 videntur
1506 3373 1731 3425 omnino
1787 3369 1961 3424 dilau-

385 3461 534 3523 dare,
565 3468 619 3514 et
647 3459 796 3512 illum
846 3459 961 3528 qui,
1013 3459 1176 3514 domo
1207 3476 1303 3514 sua
1362 3474 1647 3523 succensa,
1712 3469 1765 3514 et
1829 3460 1959 3512 sub-

385 3550 608 3612 stantia,
642 3565 763 3618 qua:
811 3549 958 3602 intus
985 3557 1126 3614 erat,
1165 3558 1275 3604 tota
1318 3549 1672 3616 inllammata,
1734 3553 1960 3606 hortan-

386 3640 530 3694 tibus
573 3639 789 3701 amicis,
822 3646 882 3692 ut
935 3644 1221 3694 conveniat
1271 3641 1338 3695 ad
1394 3643 1692 3710 sponsalia,
1754 3658 1849 3698 seu
1891 3643 1956 3697 ad

385 3731 728 3801 legationem,
767 3732 1076 3801 persuaderi
1140 3748 1198 3786 se
1243 3733 1468 3802 patitur,
1504 3735 1641 3806 ‘quia
1691 3735 1955 3805 potiorem

385 3823 685 3876 amicorum
731 3822 1080 3890 indigentiam
1117 3823 1292 3888 duxit,
1327 3840 1492 3894 quam
1527 3839 1744 3880 cessare
1775 3825 1956 3882 facere

385 3913 470 3968 sui
508 3914 704 3967 domus
731 3914 1079 3979 incendium;
1105 3915 1208 3968 hoc
1238 3915 1412 3984 ipsum
1431 3915 1639 3971 honore
1664 3917 1956 3974 allicientes

382 4021 543 4076 quem
602 4004 944 4068 debuissent,
983 4015 1192 4060 rectum
1249 4006 1484 4063 ferentes
1533 4007 1826 4078 judicium,
1877 4011 1955 4064 uti

383 4105 562 4150 mente
590 4105 806 4165 captum
838 4109 1000 4166 atque
1043 4099 1295 4151 insanum
1335 4097 1612 4152 criminari
1641 4117 1656 4165 ;
1704 4100 1956 4154 incendio

385 4196 564 4240 autem
595 4186 890 4256 unicuique
915 4187 1104 4256 pejora
1141 4197 1288 4253 sum,
1337 4201 1455 4258 qua:
1505 4189 1652 4243 circa
1717 4199 1953 4244 mentem

381 4290 690 4348 versantur,
719 4281 821 4334 nisi
870 4282 992 4350 quis
1043 4290 1240 4336 renuat
1296 4295 1556 4336 sensuum
1605 4297 1954 4350 progressus,

2678 3078 2924 3135 ΚΕΦΑΛ.
2961 3077 3021 3135 P.

2133 3191 2240 3243 Και
2288 3191 2403 3253 πῶς
2448 3191 2539 3244 τὸν
2587 3192 2799 3255 ἑαυτοῖς
2831 3193 2888 3245 ἐν
2928 3196 2995 3264 τῇ
3039 3193 3206 3265 ἀρετῇ
3243 3197 3648 3267 χρησιμεύοντα

2061 3280 2328 3350 ἀποδοχῆς
2365 3275 2512 3334 οὗτοι
2558 3283 2758 3352 μᾶλλόν
2799 3301 2941 3348 τινες
2983 3286 3258 3356 κρίνουσιν
3304 3287 3493 3354 ἄξιονς
3539 3291 3644 3343 Μοὶ

2059 3373 2274 3426 δοκοῦσι
2332 3377 2576 3429 ἐπαινεῖν
2629 3378 2878 3442 πάντως,
2929 3381 3023 3433 καὶ
3070 3379 3162 3432 τὸν
3214 3382 3647 3453 ἐμπιπραμένης

2059 3465 2208 3536 αὖτῷ
2234 3466 2333 3537 τῆς
2359 3470 2536 3531 οἰκίας
2563 3508 2578 3532 ,
2609 3471 2704 3522 καὶ
2735 3470 2832 3540 τῆς
2865 3470 3011 3522 ἔνδον
3050 3472 3338 3549 ὑπάρξεως
3370 3473 3637 3544 φλεγομέσ

2059 3571 2155 3624 νης
2183 3555 2422 3627 ἀπάσης,
2451 3557 2626 3627 φίλοις
2662 3558 2754 3610 ἐπὶ
2781 3557 3098 3629 μνηστείαν,
3121 3560 3155 3630 ἢ
3191 3561 3487 3632 πρεσϐείαν
3519 3577 3646 3626 συνο

2059 3643 2235 3696 ελθεῖν
2278 3649 2748 3718 προτρεπομένοις
2789 3649 3110 3720 πειθόμενον
3134 3689 3148 3712 ,
3192 3651 3274 3704 ὅτι
3312 3651 3406 3705 τοῦ
3437 3650 3646 3704 παῦσαι

2057 3736 2150 3789 τού
2179 3737 2326 3790 οίκου
2348 3737 2440 3790 τὸν
2471 3741 2939 3812 ἐμπρηνσμ>ιν,.τὴν
2966 3741 3078 3798 τῶν
3098 3741 3265 3812 φίλων
3289 3743 3479 3814 χρείαν
3506 3760 3635 3812 προ-

2057 3830 2346 3899 τιμοτέραν
2367 3830 2610 3899 ἡγήσατο
2633 3831 2804 3900 τούτῳ
2837 3833 3190 3903 σεμνύνοντες
3210 3834 3372 3887 αὐτὸν
3398 3874 3412 3900 ,
3439 3834 3498 3888 ὃν
3525 3837 3636 3907 κρίο

2057 3936 2236 3982 νοντες
2287 3920 2464 3991 ὀρθῶς
2501 3920 2576 3983 ὡς
2609 3921 2972 3992 φρενοϐλαϐἦ,
3020 3924 3115 3976 καί
3157 3925 3495 3996 παραπλῆγα
3529 3926 3644 3978 διαο

2058 4011 2274 4064 ϐάλλειν
2307 4010 2536 4081 ὤφειλον
2561 4029 2574 4042 ·
2616 4013 2948 4084 ἐμπρησμοῦ
2980 4015 3037 4068 δὲ
3079 4019 3258 4088 χεῖρον
3290 4017 3357 4071 τά
3399 4018 3501 4087 τῆς
3523 4018 3639 4072 διας

2056 4103 2222 4169 νοίας,
2251 4103 2466 4173 ὲκάατῳ
2488 4104 2756 4159 διάκειται
2778 4104 2887 4158 τῶν
2914 4107 3242 4177 αἰσθήσεων,
3265 4111 3312 4161 εἰ
3337 4110 3412 4182 μή
3438 4127 3520 4176 τις
3542 4111 3640 4172 τάς

2055 4194 2314 4265 προόδους
2363 4198 2684 4266 παραιτοῖτο
2738 4195 3035 4267 τροφίμους
3101 4197 3232 4261 ὕλας
3279 4198 3639 4271 εἰσφερούσας

2053 4285 2131 4356 τῷ
2182 4286 2458 4356 καιομένῳ
2493 4287 2648 4357 πυρὶ,
2693 4287 2788 4340 καὶ
2835 4287 3039 4350 ταύτας
3083 4290 3525 4362 ἐπισωρευούσας
3561 4291 3640 4354 ὡς

379 4376 472 4445 (ιιιί
507 4375 768 4428 materias
815 4373 1033 4428 altrices
1082 4373 1322 4426 inferunt
1357 4373 1464 4442 igni
1491 4372 1728 4435 ardenti,
1767 4382 1824 4426 et
1872 4374 1951 4444 ip-

2061 4375 2311 4448 φρύγανα
2360 4378 2426 4446 τῇ
2474 4377 2572 4448 τῆς
2613 4377 2826 4447 φύσεως
2875 4379 3255 4446 ἀναπτομένας
3313 4381 3493 4450 φλογί”
3540 4383 3640 4451 τῆς,

379 4483 470 4522 sas
488 4468 564 4521 uti
592 4467 742 4522 sicca
767 4465 995 4535 virgulta
1012 4473 1354 4528 coacervant,
1373 4479 1492 4532 qua:
1522 4464 1735 4518 ﬂamma
1753 4474 1958 4520 natura:

380 4559 806 4623 snt-cenduntur,
845 4558 973 4611 dum
1026 4557 1287 4609 memoria
1349 4555 1721 4621 meditatione,
1790 4558 1953 4612 veluti

379 4655 593 4709 tlabello
625 4654 794 4722 ipsam
829 4652 1058 4722 (scilicet
1111 4652 1407 4719 ﬂammam)
1439 4651 1710 4717 eventilet,
1743 4668 1806 4708 ac
1855 4668 1950 4707 vo-

381 4748 644 4800 raciorem
675 4744 871 4799 efﬁciat
900 4745 974 4798 rei
998 4743 1116 4812 ejus
1140 4743 1284 4812 igne,
1313 4759 1433 4815 qua:
1479 4753 1717 4798 vastatur
1763 4746 1954 4799 incen-

377 4838 502 4902 diis,
541 4845 595 4890 et
623 4835 925 4899 difﬁcilem,
944 4849 1065 4904 quae
1100 4835 1272 4903 possit
1300 4832 1567 4903 exstingui
1602 4851 1622 4887 :
1653 4834 1859 4901 hocque
1885 4832 1954 4887 de

378 4930 702 4997 quibusdam
722 4929 929 4982 videtur
945 4927 1084 4982 Deus
1115 4927 1720 4997 prophetae-indignatus
1738 4926 1951 4994 procla-

379 5037 546 5086 mare,
564 5020 629 5075 de
660 5021 856 5090 quibus
875 5035 1213 5089 conquerens
1231 5020 1338 5073 ait:
1357 5037 1376 5066 ο
1400 5017 1516 5073 Non
1547 5018 1694 5072 vides
1711 5033 1830 5086 quae
1847 5018 1947 5087 ipsi

379 5115 582 5166 iaciunt
614 5115 666 5166 in
690 5113 1002 5167 civitatibus
1023 5110 1181 5174 Juda,
1210 5121 1264 5165 et
1300 5121 1451 5165 extra
1475 5109 1820 5164 Jerusalem?
1851 5109 1947 5162 lilii

375 5225 454 5259 eo:
473 5222 560 5258 nm
575 5205 834 5274 colligunt
859 5207 1022 5275 ligna,
1047 5215 1100 5258 et
1116 5215 1292 5273 patres
1311 5204 1549 5272 ipsorum
1569 5201 1745 5270 ignem
1764 5217 1952 5255 accen-

375 5297 531 5361 dunt,
567 5307 620 5350 et
640 5313 834 5351 uxores
865 5299 1102 5367 ipsorum
1133 5303 1504 5365 conspergunt
1533 5295 1765 5364 adipem,
1799 5301 1855 5346 ut
1876 5292 1955 5346 fa-

377 5389 518 5444 ciant
558 5391 835 5460 placentas
867 5390 1068 5442 militiae
1100 5387 1222 5442 coeli
1251 5387 1292 5417 ¹⁶
1315 5404 1328 5451 ;
1352 5405 1367 5436 ι
1405 5384 1593 5439 dicens
1626 5385 1768 5454 quod
1805 5384 1954 5438 visus

462 5589 504 5620 ¹³
533 5587 692 5641 δύω.
729 5602 855 5651 nv,
888 5586 955 5637 ‘27
983 5603 996 5649 ;
1027 5585 1180 5638 Deut.
1224 5601 1303 5648 ut,
1343 5585 1400 5637 ‘21
1435 5602 1447 5650 ;
1491 5599 1562 5650 tv,
1594 5585 1646 5637 ’5.

2065 4469 2282 4538 μνήμης
2306 4466 2496 4538 ὥσπερ
2517 4468 2764 4539 φωστῆρι
2787 4471 2852 4540 τῇ
2883 4468 3082 4540 μελέτῃ
3097 4469 3418 4541 ριπιζούσης
3443 4471 3630 4540 αὐτὴν.

2063 4559 2154 4612 καὶ
2201 4559 2460 4634 ποιούσης
2518 4558 2853 4630 λαϐροτέραν
2902 4560 2996 4614 τοῦ
3045 4561 3493 4632 πυηρπολουμένου
3543 4564 3632 4614 καὶ

2063 4650 2375 4705 δύσὸεστον.
2429 4653 2539 4704 Καὶ
2577 4651 2735 4704 τοῦτο
2782 4652 2926 4705 ἔοικε
2957 4654 3087 4722 περί
3134 4669 3296 4706 τινων
3327 4655 3354 4706 6
3389 4655 3520 4716 Θεὸς
3555 4653 3630 4722 τῷ

2056 4743 2310 4812 προφήτῃ
2336 4741 2703 4813 δυσχεραίνων
2732 4747 3093 4812 προσφωνεῖν,
3124 4744 3182 4796 ἐν
3203 4740 3284 4807 οἷς
3310 4744 3630 4810 ἀγανακτῶν

2057 4851 2240 4904 φησιν·
2271 4853 2289 4885 ι
2325 4834 2436 4904 Οὐχ
2471 4836 2602 4905 ὁρᾷς
2624 4834 2659 4888 ἃ
2685 4834 2840 4888 αὐτοὶ
2865 4834 3109 4887 ποιοῦσιν
3143 4835 3200 4888 ἐν
3245 4838 3364 4898 ταῖς
3413 4836 3641 4888 πόλεσιν-

2067 4925 2257 4989 Ἰούδα,
2291 4927 2385 4978 καὶ
2411 4923 2608 4990 ἔξωθεν
2649 4925 3041 4996 Ἰερουσαλήμ;
3070 4926 3132 4978 Oi.
3162 4925 3267 4978 υἱοὶ
3294 4925 3476 4980 αὐτῶν
3510 4926 3639 4978 συλ-

2055 5017 2271 5084 λέγουσι
2323 5016 2474 5082 ξύλα,
2519 5017 2612 5069 καὶ
2654 5019 2703 5069 οἰ
2753 5017 2988 5086 πατέρες
3032 5016 3210 5069 αὐτῶν
3239 5016 3628 5086 καίουσιπῦρ.

2057 5112 2150 5162 καὶ
2173 5111 2228 5163 αἰ
2253 5113 2508 5177 γυναῖκες
2527 5109 2706 5162 αὐτῶν
2735 5110 2955 5162 παίουσι
2981 5109 3074 5162 τοῦ
3100 5109 3321 5179 ποιῆσαι
3351 5109 3630 5180 χαυνῶνας

2059 5203 2123 5270 τῇ
2171 5201 2402 5270 στρατιᾷ
2443 5199 2538 5252 τοῦ
2581 5199 2833 5270 ούρανοῦ·
2901 5217 2919 5250 i
2959 5199 3056 5269 τὴν
3107 5200 3204 5268 μὲν
3253 5201 3444 5271 ὅρασιν
3477 5200 3630 5268 δίκην

2062 5292 2352 5362 φρυγάνων
2373 5292 2469 5353 τὰς
2505 5289 2852 5362 ἐρεθιστικὰς
2881 5288 3056 5358 λέγων
3081 5292 3334 5358 συνάγειν
3383 5290 3595 5360 μορςράς
3613 5329 3638 5353 ,

2059 5383 2158 5453 τὴν
2199 5383 2253 5435 δὲ
2291 5382 2584 5452 ἐπιθυμίαν
2611 5383 2670 5436 ἐν
2708 5382 2930 5443 ταύταις
2961 5382 3192 5452 σφοδρὸν
3229 5382 3496 5436 ἀνάπτειν
3524 5380 3631 5450 πῦρ

1727 5583 1767 5613 ⁸⁸
1787 5579 1986 5638 Jercm.
2003 5598 2097 5644 vir,
2129 5581 2208 5634 l8.
