4046 6152
382 407 517 489 1073

1367 430 1467 489 DE
1517 430 1675 488 ΜΘΝ
1683 433 1721 487 Α
1732 430 2051 489 CHORUM
2095 429 2607 488 PRAESTANTIA.

3511 418 3643 484 1θῖιὶ

379 532 594 600 καὶτην
630 537 852 608 μνήμην
893 535 1122 605 τρίὸειν,
1163 534 1257 587 καὶ
1301 535 1592 606 μαλάττειν
1628 536 1800 589 ταῦτα
1869 536 1946 588 δι-

2060 537 2268 606 quidem
2300 537 2443 590 velut
2490 534 2690 588 cremia
2736 532 3060 588 irritatorias
3086 540 3377 602 congregat
3414 533 3643 600 species,

377 625 606 697 ηνεκῶς*
637 623 779 677 οὕτω
812 625 918 694 γὰρ
973 626 1004 694 ἡ
1045 623 1166 691 ὄψις
1203 624 1291 678 δ,ιά
1319 623 1428 676 τῶν
1471 625 1650 695 μέσων
1691 624 1957 678 ὁδεύσασα

376 714 621 783 πρόεισιν
654 714 732 776 είς
765 713 862 782 τὴν
890 711 1008 764 κατ’
1049 713 1332 781 ἐνέργειαν
1361 712 1634 783 ἁμαρτίαν
1672 730 1949 782 κοινοπρα-

384 805 470 875 γίᾳ
497 805 602 856 τῶν
625 803 930 874 εἰρημένων
968 803 1320 872 τελειουμένη
1365 805 1588 872 μορίων·
1627 803 1721 856 καὶ
1747 803 1806 856 τὸ
1831 821 1958 856 cov-

377 895 529 961 ἀτειν
557 895 611 945 δὲ
643 894 896 963 καλάμην
930 896 1007 955 είς
1038 893 1215 962 ἄχυρα
1237 935 1251 955 ,
1289 895 1387 964 τῆς
1418 897 1474 946 ἐν
1506 893 1768 965 Αἰγύπτῳ
1805 895 1954 947 πλιν-

375 985 523 1045 θείας
557 983 666 1034 τῶν
711 985 1087 1055 ρεμδομένων,
1145 986 1236 1037 καὶ
1292 986 1354 1037 οὐ,
1413 985 1521 1038 τῶν
1576 984 1959 1056 ἡσυχαζόντων

375 1075 508 1128 ἐστί.

956 1373 1211 1428 ΚΕΦᾹΛ.
1263 1377 1364 1429 lA'.

445 1485 672 1550 Συνάγει
700 1485 816 1555 τγάρ
884 1486 978 1538 καὶ
1011 1485 1160 1538 ἄκων
1189 1488 1218 1540 ὁ
1265 1487 1496 1557 πλήθεσι
1542 1489 1960 1559 συμφυρόμενος

373 1575 699 1644 ἀδιαφόρως,
728 1577 827 1636 τὰς
865 1575 1151 1647 ποιητικάς
1187 1575 1316 1640 ὔλας
1358 1580 1460 1647 τῆς
1509 1577 1780 1645 ἁμαρτίας
1805 1622 1818 1643 ,
1865 1583 1957 1632 καὶ

382 1665 460 1715 τὸν
491 1662 658 1734 ἀργὸν
695 1663 790 1716 τοῦ
835 1663 1039 1726 πάθους
1080 1665 1160 1726 είς
1200 1662 1363 1716 κύϐον
1397 1661 1723 1733 σχηματίζει
1764 1663 1954 1732 πηλὸν,

378 1754 615 1822 Ξμορφον
655 1753 782 1806 ὅντα
833 1753 954 1805 καθ’
1000 1755 1216 1815 ἑαυτὸν,
1270 1753 1364 1806 καὶ
1421 1757 1615 1824 τρανὸν
1663 1754 1834 1807 τύπον
1886 1758 1952 1826 τῇ

376 1843 570 1914 μελέτῃ
601 1843 706 1896 τῶν
744 1845 810 1896 δι’
839 1845 1142 1914 αἰσθήσεως
1183 1844 1771 1914 εἰδωλογραφουμένων
1799 1845 1954 1915 δεχό-

373 1950 552 2001 μενον.
589 1934 662 1986 Τὸ
701 1934 799 2002 μὲν
837 1935 945 2003 γὰρ
970 1934 1140 1996 πάθος
1167 1933 1264 2004 τὴν
1297 1935 1530 2004 φυσικὴν
1568 1935 1742 2005 ὁρμὴν
1785 1938 1952 1988 κινεῖν

373 2022 474 2077 οἶδε
502 2026 682 2095 μόνον,
715 2026 808 2077 καὶ
832 2025 1036 2093 ταύτην
1064 2026 1452 2096 ἀσθενέστερον
1487 2026 1560 2097 μὴ
1589 2027 1954 2096 συνεργουμέ-

374 2130 464 2180 νην
492 2116 610 2176 ταῖς
639 2114 836 2177 ἔξωθεν
864 2113 1018 2178 ὕλαις
1047 2132 1060 2146 ⁸
1088 2115 1217 2169 ὅταν
1257 2116 1314 2168 δὲ
1344 2119 1558 2185 μορφάς
1583 2117 1796 2187 λίχνους
1814 2159 1828 2183 ,
1859 2122 1955 2170 καί⁹

372 2205 648 2274 ἀπατηλάς
681 2207 960 2278 προσλάϐῃ
987 2206 1313 2276 ὡρισμένοις
1343 2209 1449 2262 τῶν
1483 2208 1758 2277 αἰσθητῶν
1783 2227 1955 2280 χαρα-

371 2296 564 2364 κτῆρσι
616 2296 832 2365 κατέχει
892 2297 986 2349 τὸν
1047 2297 1306 2368 λογισμὸν
1360 2285 1736 2369 πεπεδημένον
1771 2341 1785 2362 ,
1842 2297 1954 2354 οἷον

372 2386 561 2455 θυμξς,
591 2388 682 2440 καὶ
716 2388 998 2458 ἐπιθυμία,
1032 2390 1190 2460 ἡδονή
1253 2408 1311 2445 τε
1345 2392 1441 2443 καὶ
1486 2391 1649 2462 λύπη,
1696 2393 1954 2463 δυνάμεις

373 2478 507 2527 εἰσιν
545 2477 863 2544 ἢρεμοῦσαι,
889 2478 982 2530 καὶ
1003 2476 1139 2542 εἶδος
1172 2481 1272 2533 οὐκ
1303 2481 1522 2551 ἔχουσαι
1555 2484 1683 2552 πρὶν
1714 2484 1952 2554 εὐπορήη

373 2583 555 2642 σουσιν
612 2566 744 2636 ὕλης
792 2569 1162 2640 διεγειρούσης
1230 2575 1366 2639 πρὸς
1412 2573 1508 2643 τὴν
1559 2575 1957 2628 ἐπιϐάλλουσαν.

369 2657 652 2725 ἐνέργειαν
685 2675 698 2689 ο
733 2659 826 2711 ἐὰν
854 2659 909 2730 δὲ
939 2661 1279 2733 λυπήσαντος
1305 2667 1401 2732 μὲν
1422 2664 1498 2734 τῷ
1530 2664 1706 2736 θυμῷ,
1725 2666 1954 2737 τέρψαν-

372 2766 461 2812 τος
487 2750 542 2801 δὲ
573 2753 634 2822 τῇ
668 2752 953 2823 ἐπιθυμίᾳ,
998 2757 1092 2810 καὶ
1122 2758 1230 2808 τῶν
1261 2759 1434 2811 ἄλλων
1461 2760 1668 2831 ἑκάστη
1700 2763 1732 2832 ἠ
1763 2762 1956 2831 αἴσθη-

372 2859 454 2904 ac;
480 2843 578 2912 τὴν
616 2845 950 2915 κατάλληλον
1001 2850 1287 2920 εἷσενέγκῃ
1338 2853 1550 2922 μορφὴν
1589 2853 1750 2923 ἔργον
1796 2854 1954 2907 δίδω-

374 2949 454 2982 σιν
489 2934 699 2998 αὐταῖς,
731 2935 826 2986 καὶ
859 2936 1087 3004 μελέτην
1126 2939 1312 3001 ἀΐδιον,
1347 2941 1581 3010 ὁρώσαις
1612 2943 1817 3006 τύπους
1846 2945 1954 2999 τῶν

370 3019 722 3087 ὲρεθιζόντων
760 3024 852 3076 καὶ
896 3028 993 3093 τὴν
1031 3027 1334 3096 ὑπόμνησιν
1367 3030 1590 3100 ἐμπαθῆ
1633 3031 1951 3097 ποιούντων,

369 3112 459 3163 καὶ
481 3111 601 3164 λίαν
625 3113 913 3185 ἀργαλέον.
940 3116 1036 3168 Διὰ
1066 3117 1220 3170 τοῦτο
1255 3119 1414 3172 καλδν
1441 3122 1473 3190 ἡ
1509 3123 1708 3192 ἡσυχία
1731 3166 1744 3189 ,
1783 3125 1865 3177 ὅτι
1895 3126 1955 3178 τὸ

2061 625 2497 694 concupiscentia
2531 640 2654 677 vero
2683 624 2734 676 in
2755 623 2886 692 ipsis
2917 624 3283 677 vehementem
3313 623 3490 692 ignem
3527 639 3648 678 sne-
3697 623 3703 664 ῖ

2059 718 2258 782 ουιιιΙΛ,
2279 719 2489 786 etquod
2515 717 2772 770 memoria
2791 716 2933 780 terit,
2948 730 3010 769 ac
3032 722 3326 784 pertractat
3347 714 3451 768 ista
3471 717 3645 769 conti-

2063 825 2168 862 nue
2195 826 2209 871 ;
2249 823 2327 863 Slc
2353 823 2584 878 namque
2614 810 2762 862 visus
2785 823 2878 877 per
2903 807 3078 861 media
3105 805 3205 860 sibi
3228 805 3365 859 viam
3394 814 3643 860 sternens

2063 899 2404 966 pregreditur
2435 899 2498 952 ad
2524 898 2738 952 actuale
2772 905 3080 966 peccatum,
3107 897 3374 951 «.lictarum
3407 901 3639 964 partium

2061 991 2465 1058 conspiratione
2521 990 2587 1043 ad
2644 989 2803 1043 ﬁnem
2839 989 3172 1058 perductus:
3233 977 3407 1058 388'
3427 989 3557 1056 quin
3591 997 3645 1042 et

2062 1073 2395 1151 congregare
2426 1082 2682 1150 stipulam
2711 1081 2778 1133 ad
2809 1081 3010 1148 paleas,
3028 1085 3234 1147 spectat
3269 1077 3334 1130 ad
3370 1077 3637 1131 ﬁctionem

2065 1172 2291 1226 laterum
2331 1188 2543 1239 eorum,
2580 1171 2674 1242 qui
2711 1172 2763 1225 in
2799 1170 3030 1241 Egypto
3063 1169 3419 1240 vagabantur,
3455 1178 3508 1222 et
3533 1186 3638 1224 non

2061 1262 2478 1329 adquiescentes
2498 1262 2550 1315 in
2581 1261 2818 1315 silentio.

2650 1367 2879 1424 CAPUT
2934 1366 3025 1420 XI.

2130 1481 2266 1536 Nam
2319 1491 2611 1552 congregat
2641 1481 2804 1536 etiam
2837 1480 3064 1538 invitus.
3118 1478 3212 1547 qui
3269 1477 3635 1531 multitudini-

2063 1573 2164 1628 bus
2200 1571 2570 1626 indiﬂ‘erenter
2599 1571 3012 1633 commiscetur,
3050 1569 3310 1623 materias
3351 1578 3638 1637 cperantes

2061 1671 2364 1733 peccatum,
2397 1674 2450 1719 et
2475 1665 2711 1718 otiosum
2738 1661 3010 1733 passionis
3043 1661 3213 1714 lutmn
3245 1661 3297 1714 in
3326 1660 3522 1715 cubum
3561 1658 3642 1714 ef—

2061 1755 2279 1818 format,
2302 1754 2446 1824 quod
2476 1756 2774 1809 secundum
2800 1769 2858 1810 se
2883 1754 3059 1822 ipsum
3087 1750 3437 1814 estinlornte,
3464 1748 3639 1819 quod-

2059 1860 2165 1916 que
2200 1845 2547 1899 meditatione
2572 1844 2804 1913 suscipit
2833 1843 3247 1912 impressionem
3291 1841 3632 1909 perspicuam

2055 1946 2266 2000 eorum,
2297 1951 2418 2004 qua:
2444 1936 2495 1988 in
2524 1933 3053 1990 simulacral'uerunt
3074 1948 3170 2002 per
3195 1945 3413 1986 sensum
3441 1918 3637 1984 euicta.

2055 2026 2244 2082 Passio
2254 2026 2453 2096 quippe
2475 2025 2650 2080 solum
2671 2023 2816 2078 novit
2833 2034 3048 2078 movere
3063 2019 3361 2076 naturalem
3378 2020 3635 2089 impetum

2054 2126 2104 2172 et
2127 2132 2194 2173 eo
2221 2116 2474 2180 debilius,
2502 2131 2610 2185 quo
2628 2115 2809 2169 minus
2831 2115 2930 2184 ipsi
2958 2121 3324 2182 cooperantur
3345 2111 3640 2166 exteriores

2057 2207 2328 2271 materiae;
2391 2206 2608 2275 quando
2667 2220 2797 2258 vero
2827 2204 3145 2259 libidinesas
3196 2215 3248 2257 et
3293 2203 3630 2271 deceptriees

2057 2297 2262 2352 formas
2289 2296 2608 2364 susceperit,
2635 2295 3009 2349 determinatis
3039 2292 3488 2364 impressionibus
3514 2308 3640 2347 sen-
3730 2349 3737 2355 _

2057 2389 2296 2444 sibilium
2331 2387 2534 2444 detinet
2558 2385 2938 2454 cogitationem
2973 2385 3276 2440 devinctam
3312 2401 3325 2437 :
3369 2382 3637 2452 ejusmodi

2057 2490 2179 2534 sunt
2211 2479 2308 2541 ira,
2345 2486 2396 2531 et
2421 2476 2716 2545 cupistas,
2754 2476 3024 2545 voluptas,
3086 2491 3155 2530 ac
3197 2474 3476 2536 maestitia,
3517 2489 3640 2542 qua:

2059 2578 2188 2624 sunt
2217 2568 2502 2622 facultates
2533 2567 2899 2636 quiescentes,
2935 2573 2991 2620 et
3018 2564 3257 2634 speciem
3291 2580 3402 2617 non
3437 2563 3640 2616 haben-

2057 2670 2484 2727 tes.-a-ntequam
2535 2659 2669 2727 ipsis
2721 2653 2975 2726 suppetat
3010 2655 3253 2710 materiae
3306 2654 3457 2722 copia
3491 2653 3639 2707 exei-

2063 2754 2227 2806 tantis
2260 2753 2323 2805 ad
2355 2753 2711 2820 pertinentem
2742 2748 3032 2813 eﬂ‘ectum;
3070 2748 3155 2802 sin
3197 2758 3376 2802 autem
3412 2744 3640 2814 quilibet

2059 2859 2274 2903 sensus,
2323 2843 2436 2896 sive
2470 2841 2589 2910 ejus
2630 2841 2722 2908 qui
2764 2841 2909 2894 dolet
2953 2840 3158 2902 animo,
3191 2839 3306 2894 sive
3361 2838 3480 2906 ejus
3544 2837 3639 2907 qui

2059 2931 2500 3000 concupiscentia
2545 2930 2862 2992 delectatur,
2929 2938 2982 2982 et
3013 2928 3241 2981 aliorum
3265 2925 3637 2994 hujuscemodi

2060 3035 2353 3090 congruam
2379 3019 2621 3072 intulerit
2659 3018 2908 3082 formam,
2941 3016 3055 3070 haec
3086 3031 3222 3085 opus
3253 3015 3473 3069 facessit
3501 3014 3638 3086 ipsis

2063 3111 2334 3174 sensibus,
2377 3118 2429 3162 et
2458 3107 2734 3162 assiduam
2767 3103 2973 3174 praebet
3015 3106 3446 3168 meditationem,
3505 3105 3634 3157 dum
3661 3141 3674 3158 ν

368 3203 602 3272 βλάπτον
654 3207 750 3274 οὐχ
792 3208 1003 3276 ὁρᾶται,
1049 3207 1108 3260 τὸ
1157 3209 1215 3261 δὲ
1257 3211 1357 3263 οὐκ
1402 3212 1596 3280 ὁραθὲν
1639 3215 1700 3266 οὐ
1739 3213 1953 3284 δέχεται

2060 3203 2330 3273 aSpiciunt
2384 3198 2770 3269 impressiones
2818 3213 2997 3252 rerum
3038 3213 3160 3268 qua:
3211 3196 3448 3260 irritant,
3483 3210 3637 3276 qua:—

367 3296 594 3350 διάνοια’
628 3297 688 3350 τὸ
721 3298 776 3351 δὲ
824 3300 900 3369 μὴ
935 3300 1228 3368 γενόμενον
1269 3304 1326 3355 ὲν
1370 3303 1563 3375 ταύτῃ,
1605 3307 1662 3358 οὑ
1711 3311 1854 3360 κινεῖ
1887 3313 1952 3380 τῇ

369 3388 639 3458 φαντασίᾳ
672 3389 770 3459 τὴν
807 3391 1050 3460 μνήμην,
1103 3391 1161 3443 τὸ
1202 3392 1257 3444 δὲ
1291 3393 1363 3463 μὴ
1394 3395 1576 3448 κινοῦν
1597 3397 1700 3464 τὴν
1734 3399 1954 3469 μνήμην

367 3481 468 3531 οὐκ
496 3480 729 3549 ἐρεθίζει
767 3482 824 3534 τὸ
849 3483 1036 3546 πάθος·
1074 3484 1279 3547 πάθους
1309 3487 1370 3538 οὐ
1405 3489 1751 3556 κινουμένου,
1783 3491 1952 3562 γαλή-

371 3587 468 3638 νην
506 3570 618 3639 ἔχει
651 3571 903 3641 βαθεῖαν,
951 3576 1046 3628 καὶ
1094 3577 1315 3647 εἰρήνην
1354 3577 1421 3630 τὰ
1467 3579 1634 3632 ἔνδον.
1668 3581 1765 3633 Διά
1794 3581 1952 3635 τοῦτο

372 3661 612 3729 Μωῦσῆς
648 3660 676 3710 δ
701 3661 992 3730 πάνσοφος,
1029 3665 1206 3718 καίτοι
1252 3667 1510 3735 φροντίδα
1549 3668 1636 3720 τοῦ
1673 3669 1804 3722 λαοῦ
1843 3671 1951 3724 τῶν

381 3751 668 3817 Ἰουδαίων,
706 3755 800 3806 καὶ
827 3756 1166 3825 ἐπιμέλειαν,
1199 3757 1354 3826 ἔχων,
1377 3757 1575 3822 ἔξωθεν
1606 3761 1704 3828 τῆς
1736 3780 1950 3833 παρεμο

333 3839 549 3910 Ἑολῆς,
615 3845 708 3897 καὶ
757 3845 960 3899 ἄποθεν
1010 3847 1077 3899 τὰ
1129 3847 1298 3900 πολλὰ
1353 3849 1452 3917 τὴν
1503 3850 1697 3903 ἑαυτοῦ
1748 3853 1952 3923 σκην-ὴν

366 3932 659 3999 ἐπήγνυτο,
708 3934 926 4003 φεύγων
963 3936 1037 3999 ὡς
1067 3935 1177 3991 οἷόν
1205 3956 1262 3990 τε
1292 3933 1357 4008 ἦν
1393 3937 1490 4008 τὴν
1519 3940 1579 3991 οὐ
1607 3940 1954 4011 καθήκουσαν

364 4021 588 4090 όχλησιν
618 4025 710 4076 καὶ
732 4025 907 4088 διδοὺς
930 4028 1164 4097 ἠρεμίαν
1196 4029 1274 4098 τῷ
1301 4029 1550 4100 λογισμῷ
1585 4031 1721 4103 πρὸς
1747 4032 1807 4085 τὸ
1829 4033 1955 4085 σκέ-

367 4109 592 4175 ψασθαι,
627 4113 720 4165 καὶ
743 4112 946 4180 γνῶναι
979 4116 1086 4167 τῶν
1114 4118 1178 4185 τῇ
1211 4116 1357 4188 ψυχῇ
1390 4117 1699 4189 χρησίμων.

2057 3311 2162 3364 que
2220 3291 2682 3348 reminiscentiam
2719 3290 2959 3360 passioni
3014 3288 3303 3344 obnoxiam
3368 3304 3433 3343 ac
3485 3289 3636 3342 valde

2063 3388 2348 3442 molestam
2407 3384 2668 3440 efﬁciunt.
2709 3383 2838 3437 Eam
2871 3383 2940 3438 ob
2965 3398 3077 3437 rem
3113 3383 3434 3452 prtcclarum
3473 3381 3634 3450 quid-

2055 3479 2179 3532 dam
2232 3485 2315 3532 est
2364 3475 2542 3546 quies,
2575 3490 2638 3530 ac
2683 3475 2982 3538 silentium,
3034 3476 3298 3545 quianon
3348 3474 3636 3544 inspicitur

2055 3568 2198 3638 quod
2223 3567 2384 3632 laedit,
2412 3567 2555 3636 quod
2592 3581 2698 3621 non
2719 3583 2846 3622 vero
2878 3576 2962 3621 est
2982 3567 3182 3632 visum,
3207 3567 3512 3622 intellectus
3532 3581 3635 3621 non

2056 3660 2252 3728 excipit
2281 3677 2294 3726 ;
2327 3660 2470 3729 quod
2503 3667 2684 3713 autem
2723 3674 2828 3722 non
2877 3660 3012 3713 litin
3066 3662 3203 3731 ipso,
3235 3675 3342 3715 non
3391 3675 3637 3714 commo—

2056 3763 2140 3806 vet
2177 3750 2562 3820 imaginatione
2585 3751 2927 3814 memoriam,
2947 3760 3000 3803 et
3030 3754 3171 3820 quod
3204 3767 3309 3804 non
3335 3760 3635 3804 commovet

2075 3844 2412 3910 memoriam,
2449 3859 2552 3898 non
2585 3844 2760 3897 irritat
2799 3843 3128 3912 passionem,
3179 3839 3345 3913 389
3391 3845 3647 3912 passione

2061 3936 2283 3990 minime
2315 3946 2606 4000 commota,
2645 3935 2904 3990 interiora
2944 3935 3332 4004 tranquillitate
3369 3932 3637 4002 profunda

2057 4042 2120 4081 ac
2151 4043 2281 4098 pace
2312 4027 2589 4082 fruuntur.
2640 4027 2764 4081 Ideo
2785 4025 2997 4097 Moyses
3039 4026 3187 4080 omni
3217 4025 3483 4094 sapientia
3504 4041 3636 4095 prte-

2057 4121 2223 4187 ditus,
2253 4121 2377 4176 licet
2406 4120 2584 4190 populi
2614 4118 2926 4174 Iudaeorum
2968 4133 3178 4182 curam,
3225 4129 3278 4173 et
3305 4119 3630 4174 sollicitudi-

369 4215 492 4254 nem
530 4213 758 4272 gereret,
806 4210 960 4260 extra
1006 4210 1562 4276 castrametationem,
1597 4221 1651 4266 et
1692 4211 1976 4282 sejunctim
2016 4214 2420 4270 tabernaculum
2467 4228 2627 4268 suum
2687 4227 3060 4282 saepenumero
3106 4211 3392 4283 deligebat,
3427 4211 3636 4280 fugiens

368 4293 548 4358 quoad
586 4304 795 4363 poterat
825 4297 1299 4354 tumultuationem
1333 4302 1649 4367 indebitam,
1678 4312 1730 4358 et
1759 4306 2004 4373 przebens
2034 4304 2349 4376 cogitationi
2384 4305 2648 4374 quietem,
2673 4305 2740 4360 ad
2767 4303 3149 4374 perpendenda
3179 4313 3233 4358 et
3269 4304 3636 4372 dignoscenda

368 4400 490 4452 ηοω
523 4397 678 4442 erant
705 4390 901 4445 anima:
931 4392 1104 4446 utilia.

969 4503 1221 4558 ΚΕΦΛΛ.
1248 4505 1346 4562 IB’.

441 4612 739 4666 Διὰ-τοῦτο
788 4615 994 4686 Ἰησοῦς
1037 4619 1065 4670 ό
1107 4618 1200 4670 τοῦ
1245 4620 1402 4689 Ναυῆ
1449 4623 1548 4673 οὐκ
1596 4623 2031 4706 ἐξεπορεύετο-ι)

369 4701 474 4765 ἔξω
512 4702 611 4770 τῆς
639 4706 866 4774 σκηνῆς,
908 4704 1006 4768 τὰς
1046 4707 1312 4779 ἀκαίρους
1357 4710 1456 4778 τῆς
1483 4710 1657 4780 ὄψεως
1690 4713 1956 4785 ἐκτρεπό-

373 4811 531 4859 μενος
560 4797 844 4866 ἐπηρείας.
873 4799 971 4852 Διὰ
995 4799 1153 4853 τοῦτο
1182 4802 1364 4864 Ἠλίας
1387 4803 1506 4872 μὲν,
1531 4805 1626 4857 καὶ
1654 4805 1955 4865 Ἐλισσαῖος

370 4884 764 4950 καταλιπόντες
809 4887 906 4958 τὴν
958 4889 1236 4958 Ἰουδαίαν,
1279 4891 1458 4962 ᾤκουν
1507 4896 1596 4949 τὸν
1634 4897 1953 4968 Κάρμηλον.

381 4977 635 5046 Ἰωάννης
687 4980 744 5033 δὲ
795 4981 862 5034 τά
914 4981 1262 5054 Ἰεροσόλυμα
1314 4986 1502 5052 φυγὼν
1556 4987 1838 5058 ἐνδιῃτᾶτο
1888 4991 1953 5059 τῇ

377 5066 567 5134 ἐρήμῳ
607 5067 897 5136 Ἰορδάνου.
943 5073 1217 5142 Ἱερεμίας
1253 5075 1308 5127 δὲ
1343 5077 1710 5146 κατεχόμενος
1741 5079 1956 5148 ἀνάγκη

373 5155 472 5222 τῆς
501 5160 857 5228 προφητείας,
899 5163 992 5215 καὶ
1017 5165 1116 5232 τὴν
1151 5167 1290 5236 μετὰ
1315 5166 1413 5219 τοῦ
1446 5169 1768 5239 παρανόμου
1819 5169 1955 5239 πλή-

371 5246 496 5307 θους
523 5246 582 5298 οὐ
630 5249 816 5318 φέρων
855 5252 1130 5326 διαγωγὴν
1167 5256 1351 5324 ἔλεγεν
1393 5258 1712 5328 ὀδυρόμενος
1746 5276 1758 5288 ·
1797 5277 1814 5310 t
1859 5261 1954 5322 Τίς

367 5335 532 5388 δώσει
575 5355 664 5406 μοι
694 5342 934 5412 σταθμὸν
961 5344 1192 5414 ἔσχατον
1227 5349 1283 5401 ἐν
1317 5352 1385 5418 τῇ
1411 5351 1625 5420 ἐρήμῳ,
1658 5351 1748 5403 καὶ
1783 5368 1952 5404 κατα-

368 5425 539 5494 λείψω
562 5429 652 5480 τὸν
676 5428 801 5486 λαὸν
821 5433 1031 5500 τοῦτον,
1061 5438 1150 5490 καὶ
1177 5438 1547 5509 ἀπελεύσομαι
1573 5443 1666 5492 ἀπ’
1693 5440 1904 5503 αὑτῶνς
1935 5460 1951 5492 ι

370 5517 583 5586 υλχρίοις
616 5526 885 5577 συνοικεῖν
914 5529 1026 5590 τοῖς
1057 5529 1158 5582 οὐκ
1200 5529 1444 5583 ἀδικοῦσι
1473 5533 1648 5602 ψυχὴν
1697 5535 1952 5605 αἱρούμε-

374 5627 461 5670 νος
490 5610 711 5681 μᾶλλον,
737 5614 892 5684 ἢ’τὴν
914 5619 976 5670 ὲκ
1000 5618 1108 5672 τῶν
1132 5621 1406 5688 ὁμογενῶν
1425 5621 1696 5690 ρπουσαν
1715 5625 1954 5693 ἁναμάτ-

447 5808 486 5836 ¹⁷
512 5805 713 5863 Jercm.
749 5829 826 5876 Ix,
850 5814 901 5868 ἓ.

2651 4509 2883 4566 CAPUT
2926 4508 3038 4564 XII.

2135 4623 2342 4678 Idcirco
2370 4620 2552 4690 Iesus,
2585 4623 2679 4693 qui
2724 4622 2871 4679 Nave
2899 4623 3318 4694 cognominatus
3372 4631 3475 4687 est,
3531 4638 3636 4677 non

2062 4711 2506 4781 progrediebatur
2549 4721 2703 4767 extra
2733 4713 3052 4778 tentorium,
3090 4712 3374 4766 declinans
3434 4713 3638 4780 impor-

2059 4811 2220 4858 tunos
2252 4801 2486 4858 insultus
2531 4803 2787 4870 visionis;
2831 4803 2953 4858 ideo
3012 4802 3154 4858 Elias
3189 4819 3251 4857 ac
3286 4803 3513 4858 Elismus
3543 4802 3634 4857 Ju-

2059 4893 2232 4949 dteam
2248 4893 2683 4965 derelinquentes
2709 4894 3019 4948 Carmelum
3036 4894 3408 4948 inhabitabant
3431 4913 3445 4961 ;
3477 4894 3634 4949 Joan-

2060 5001 2159 5042 nes
2192 5000 2321 5041 vero
2353 4984 2728 5062 Hierosolyma
2762 4986 3025 5056 ell‘ugiens
3041 4985 3269 5054 degebat
3296 4987 3348 5040 in
3383 4986 3638 5041 Jordanis

2061 5076 2372 5130 solitudine.
2445 5074 2709 5131 Jeremias
2755 5085 2932 5128 autem
3003 5075 3327 5130 necessitate
3384 5077 3634 5131 detentus

2062 5165 2376 5235 prophetiae,
2411 5180 2509 5219 nec
2534 5165 2769 5218 tolerans
2797 5163 2926 5217 illud
2959 5163 3079 5217 vitae
3136 5179 3305 5232 genus
3352 5181 3475 5235 cum
3532 5168 3633 5220 ἰηι-

2062 5231 2526 5325 pia—multitudine
2551 5298 2564 5320 ,
2605 5254 2819 5309 dicebat
2843 5256 3065 5324 lugens:
3104 5273 3121 5304 ι
3142 5231 3293 5321 iQuis
3326 5231 3477 5311 dabit
3505 5259 3633 5313 mihi

2063 5347 2422 5401 diversorium
2453 5347 2721 5399 viatorum
2782 5346 3031 5400 ultimum
3094 5346 3148 5399 in
3197 5347 3532 5404 solitudine?
3586 5363 3633 5403 et

2065 5438 2439 5506 derelinquam
2462 5436 2719 5506 populum
2754 5436 3009 5499 istum,et
3036 5437 3282 5492 recedam
3306 5440 3372 5492 ab
3403 5439 3482 5492 eis
3521 5443 3583 5507 '7;
3615 5461 3630 5492 ι

2065 5531 2272 5601 eligens
2306 5531 2487 5600 potius
2519 5529 2834 5583 cohabitare
2857 5527 3144 5600 feris,qu:e
3171 5521 3369 5585 nullam
3401 5531 3633 5586 inferunt

2066 5625 2260 5678 animae
2287 5623 2563 5694 injuriam,
2614 5637 2773 5690 quam
2807 5638 2922 5676 eam
2977 5626 3238 5695 attingere
3270 5639 3486 5689 noxam,
3518 5641 3635 5693 qua:
