4046 6152
435 282 566 352 1051

1931 292 1990 351 S.
2018 291 2181 351 NILI

3551 280 3687 345 1052

429 401 696 472 operibus
724 400 851 465 tuis,
876 409 931 455 et
956 400 1009 454 in
1042 401 1150 456 tuis
1176 399 1395 466 studiis,
1428 415 1524 458 seu
1556 401 1717 459 factis
1739 417 2000 458 manuum

2112 419 2200 455 σου
2246 400 2612 470 ἀδολεσχήσω,
2654 416 2673 449 ι
2731 394 2949 465 Ταύτην
2999 394 3097 464 τὴν
3142 392 3460 464 ἀδολεσχίαν
3505 394 3684 460 διδοὺς

429 503 649 547 tuarum
680 492 900 547 assidue
934 491 1345 562 contemplabor
1373 490 1442 545 ”.
1478 510 1496 544 ι
1552 490 1704 549 Hanc
1758 492 1861 548 sibi
1896 492 2000 562 ipsi

427 584 730 637 attribuens
758 582 1298 652 contemplationem,
1334 584 1494 639 ut'ne
1525 592 1742 653 tempus
1778 584 2003 639 haberet

429 674 627 729 mentis
654 673 911 729 assiduus
943 673 1101 744 311
1141 683 1322 731 motus
1352 674 1640 746 divagandi
1668 675 1736 731 ad
1763 691 1849 744 ea,
1881 691 2003 746 quae

430 765 655 820 minime
699 764 1049 831 conveniunt,
1101 766 1337 821 insideat
1366 782 1496 822 vero
1543 767 1772 823 ﬁrmiter
1822 767 1998 831 hisce,

427 871 663 927 quorum
712 857 1102 927 contemplatio
1149 857 1291 928 parit
1358 857 1770 913 oblectationem
1834 858 2007 928 pluri-

426 963 685 1018 mamque
723 949 1034 1014 utilitatem,
1078 962 1201 1017 quin
1243 957 1296 1004 et
1339 948 1455 1002 visu
1499 948 1717 1018 quidem
1754 964 2000 1014 sensum,

432 1041 812 1111 speculatione
843 1054 974 1095 vero
999 1039 1238 1094 animam
1281 1040 1572 1095 delectant.
1607 1039 1780 1107 Quale
1811 1054 2007 1110 nempe

430 1139 515 1186 est
549 1146 695 1196 vere,
742 1132 1099 1189 meditatione
1137 1147 1366 1202 operum
1425 1131 1520 1187 Dei
1566 1147 1663 1201 per
1689 1133 2003 1186 universmn

426 1221 712 1286 diversari,
762 1229 817 1277 et
856 1222 1150 1293 aliquando
1198 1224 1264 1278 ad
1310 1224 1507 1278 coelum
1543 1222 1761 1293 quidem
1791 1231 2008 1291 proten-

427 1315 555 1367 dere
618 1313 872 1381 oculum,
951 1314 1052 1369 soli
1114 1330 1210 1385 per
1271 1315 1454 1380 diem,
1507 1324 1565 1370 et
1618 1322 1783 1369 noctu
1836 1313 2008 1368 stellis

430 1405 803 1461 attendendo:
846 1423 1241 1478 nonnunquam
1298 1422 1423 1462 vero
1456 1417 1511 1463 et
1561 1407 1716 1461 illum
1771 1405 2009 1475 dejicere

432 1497 488 1549 in
529 1504 728 1551 terram
775 1498 1020 1569 germina
1065 1498 1438 1568 respiciendo,
1494 1496 1769 1553 fructuum
1831 1497 2009 1551 enini-

429 1602 721 1656 genarum,
751 1597 805 1642 et
834 1589 1153 1645 animalium
1180 1590 1614 1661 quamplurimas
1642 1589 2005 1643 diversitates.

2106 490 2303 560 ἑαυτῷ,
2337 490 2425 544 ἵνα
2459 488 2534 561 μὴ
2558 487 2657 560 ἔχῃ
2684 486 2875 558 καιρὸν
2895 485 2956 539 τὸ
2980 484 3075 539 τοῦ
3091 484 3182 538 νοῦ
3211 484 3519 555 ἀεικίνητον
3550 488 3684 557 ρεμτ

2105 580 2319 654 δασμοῦ
2355 581 2446 634 ἐπὶ
2477 580 2547 633 τά
2579 579 2653 650 μὴ
2688 576 3020 647 καθήκοντα,
3075 575 3413 648 προσεδρεύη
3459 576 3515 630 δὲ
3559 576 3685 632 τού-

2104 690 2241 737 τοις,
2267 665 2341 727 ὧν
2368 672 2401 741 ή
2429 669 2715 740 ἀδολεσχία
2738 668 2931 738 τέρψιν
2957 666 3092 738 ἔχει,
3125 668 3222 722 καὶ
3250 667 3524 737 ὠφέλειαν
3558 666 3687 722 πολ-

2105 765 2221 834 λὴν,
2247 766 2313 833 τῇ
2350 763 2447 833 μὲν
2475 761 2597 830 ὄψει
2623 760 2725 831 τὴν
2748 759 3023 829 αἴσθησιν,
3053 759 3151 830 τὴν
3181 759 3239 813 δὲ
3258 759 3436 830 ψυχὴν
3456 763 3523 831 τῇ
3553 761 3686 816 θεω-

2108 855 2201 926 ρίᾳ
2227 852 2610 923 εὐφραίνοντα.
2636 845 2763 904 Οἷον
2810 850 2921 920 γάρ
2956 852 3107 904 ἐστιν
3144 849 3362 920 ἀληθῶς
3390 853 3457 922 τῇ
3487 851 3687 924 μελέτῃ

2107 945 2215 999 τῶν
2246 944 2422 1014 ἔργων
2473 941 2567 995 τοῦ
2601 940 2738 996 Θεοῦ
2776 941 3134 1011 ἐνδιατρίϐειν
3176 941 3374 1004 διόλου,
3406 942 3502 994 καὶ
3558 944 3686 996 ποτὲ

2110 1036 2209 1107 μὲν
2254 1035 2389 1104 πρὸς
2437 1032 2667 1103 οὐρανὸν
2719 1030 3020 1086 ἀνατείνειν
3074 1032 3136 1084 τὸ
3180 1031 3338 1102 ὄμμα
3386 1032 3523 1103 ἡλίῳ
3564 1034 3684 1104 μεθ’

2108 1125 2344 1197 ἡμέραν,
2384 1125 2476 1178 καὶ
2516 1124 2732 1195 νύκτωρ
2775 1124 2994 1194 ἄστροις
3026 1124 3413 1204 προσέχοντας,
3458 1124 3588 1177 ποτὲ
3628 1125 3683 1178 δὲ

2109 1216 2270 1271 τοῦτο
2301 1216 2562 1284 κατάγειν
2597 1216 2677 1278 είς
2709 1213 2835 1283 γῆν,
2868 1213 3105 1284 βλάστην
3130 1213 3374 1284 ὁρῶντας
3414 1215 3683 1268 παντοίων

2109 1307 2358 1379 καρπῶν,
2407 1306 2499 1360 καὶ
2549 1303 2705 1369 ζώων
2766 1304 3119 1375 παμπληθεῖς
3143 1304 3426 1375 διαφοράς·
3478 1306 3599 1376 ἀέρι
3624 1304 3682 1358 δὲ

2109 1399 2270 1452 πάλιν
2308 1396 2635 1467 θεωμένους,
2667 1396 2759 1450 καὶ
2785 1396 3025 1469 θαλάττῃ
3068 1397 3277 1467 μυρίων
3319 1397 3560 1468 πτηνῶν,
3592 1402 3682 1452 καὶ

2111 1489 2312 1560 ἰχθύων
2342 1485 2738 1557 ὲνδιαιτώμενα
2767 1487 2924 1556 γένη,
2966 1488 3094 1558 πρὶν
3123 1488 3325 1556 γνῶναι
3353 1489 3439 1552 τίς
3467 1489 3525 1553 ἐξ
3553 1490 3681 1543 ἑκά-

2111 1599 2236 1634 στου
2270 1580 2475 1633 τούτων
2504 1579 2743 1649 ὠφέλεια
2768 1578 2903 1643 τέως
2938 1577 3241 1649 θαυμάζειν
3260 1579 3360 1651 τὴν
3389 1580 3484 1633 τοῦ
3510 1583 3681 1650 Δημι-

429 1675 567 1732 Cum
598 1695 789 1735 rursus
826 1680 879 1735 ln
916 1696 1038 1735 aere
1066 1682 1314 1751 marique
1340 1689 1648 1753 spectemus
1675 1680 2008 1735 diversantia

2112 1672 2306 1744 ουργοῦ
2328 1672 2540 1742 σοφίαν,
2567 1671 2660 1725 καὶ
2684 1670 2925 1734 δοξάζειν
2954 1672 3046 1725 τον
3077 1671 3209 1724 Θεὸν
3236 1672 3329 1725 ἐπὶ
3350 1671 3428 1743 τῷ
3457 1673 3683 1744 ποικίλῳ

434 1770 582 1824 mille
637 1772 949 1837 volucrum,
1006 1780 1057 1826 et
1113 1772 1341 1841 piscium
1400 1787 1632 1843 genera,
1688 1771 2007 1842 priusquam

2112 1766 2208 1834 τῆς
2247 1764 2476 1826 κτίσεως
2501 1763 2945 1833 διδασκομένους,
2973 1764 3099 1818 ὅταν
3128 1764 3185 1817 δὲ
3221 1765 3315 1817 καὶ
3342 1764 3404 1817 τὺ
3430 1767 3550 1835 μετ’
3570 1766 3685 1817 ἐπι-

431 1876 826 1931 cognoscamus
878 1879 1127 1933 quaenam
1169 1863 1376 1917 utilitas
1415 1879 1478 1917 ex
1514 1878 1844 1932 unoquoque
1877 1863 2008 1916 isto-

2114 1858 2326 1925 στήμης
2353 1856 2465 1916 τοῖς
2496 1853 2791 1924 ὁρωμένοις
2820 1852 3127 1906 ἐπιϐαίνειν
3151 1855 3542 1924 προσγένηται.
3564 1855 3684 1908 τότε

436 1966 555 2004 rum
596 1952 898 2019 proveniat,
932 1952 1135 2007 interea
1186 1953 1510 2023 sapientiam
1555 1952 1871 2007 Conditoris
1916 1950 2012 2005 ad-

438 2039 642 2104 mirari,
689 2050 742 2095 et
793 2040 1015 2096 laudare
1055 2042 1221 2096 Deum
1260 2042 1313 2096 in
1350 2042 1609 2096 varietate
1639 2049 2009 2096 creaturarum

436 2130 785 2197 eiloccamur,
816 2142 870 2187 et
898 2133 1118 2203 quando
1144 2134 1439 2189 accesserit
1459 2133 1563 2198 his,
1587 2148 1709 2203 quae
1735 2132 2010 2197 videntur,

441 2222 544 2277 hoc
584 2222 769 2290 etiam,
802 2225 948 2294 quod
988 2240 1112 2279 cum
1152 2225 1353 2279 virtute
1383 2224 1655 2294 adjicitur,
1693 2231 1821 2278 tunc
1855 2237 2011 2278 mens

436 2307 491 2359 in
528 2309 841 2364 omnimoda
878 2311 1232 2366 constituitur
1266 2311 1473 2379 laetitia,
1515 2319 1703 2382 utpote
1739 2328 1859 2383 quae
1917 2327 2013 2366 na-

437 2399 599 2453 turali
633 2401 941 2469 cognitione
973 2412 1170 2458 eterra
1214 2404 1520 2474 genitarum
1550 2419 1731 2459 rerum
1770 2404 2011 2459 oblecta-

438 2499 571 2545 tur:
607 2491 742 2545 nihil
789 2494 934 2547 enim
986 2503 1070 2550 est
1111 2509 1323 2561 eorum,
1355 2510 1476 2565 quae
1522 2496 1812 2560 exsistunt,
1867 2495 2011 2565 quod

441 2581 741 2648 moralem,
778 2591 831 2636 et
884 2583 1243 2653 theologicam
1295 2584 1533 2654 aliquam
1583 2584 2037 2654 speculationem‘

438 2680 539 2720 nos
568 2669 825 2724 omnibus
848 2686 955 2725 non
1000 2672 1215 2726 erudiat
1265 2674 1441 2727 modis
1472 2691 1487 2727 :
1518 2684 1566 2727 et
1608 2674 1867 2742 quoniam
1917 2688 2014 2726 vo-

2113 1944 2381 2014 παντελὴς
2419 1942 2726 2014 εὐφροσύνη
2768 1943 2991 2012 κατέχει
3019 1942 3109 1996 τὸν
3153 1943 3281 1998 νοῦν
3314 1943 3686 2014 εὐωχούμενον

2111 2039 2176 2108 τῇ
2207 2038 2404 2105 φυσικῇ
2436 2034 2632 2102 γνώσει
2671 2034 2779 2088 τῶν
2822 2035 3090 2106 γηγενῶν.
3127 2035 3296 2089 Οὐδὲν
3322 2033 3433 2106 γὰρ
3462 2035 3571 2090 τῶν
3602 2036 3687 2090 ὅν-

2112 2145 2221 2182 των
2250 2126 2418 2189 ὲστὶν,
2443 2126 2472 2179 ὃ
2504 2127 2577 2196 μὴ
2609 2126 2856 2180 παιδεύει
2892 2126 3111 2189 πάντως
3143 2126 3311 2195 ἡμᾶς,
3343 2126 3564 2198 ἠθικὴν,
3596 2130 3687 2181 καὶ

2114 2219 2429 2289 θεολογικήν
2478 2236 2590 2271 τινα
2627 2218 2882 2290 θεωρίαν*
2911 2218 3098 2290 ἐπειδὴ
3133 2218 3188 2271 δὲ
3215 2218 3317 2291 τὴν
3349 2220 3559 2283 ἑαυτοῖς
3592 2220 3684 2274 τοῦ

2114 2311 2272 2380 λόγου
2314 2313 2435 2374 ταῖς
2484 2311 2836 2382 ἡδυπαθείαις
2874 2311 3259 2382 ἀπεσϐέσαμεν
3301 2312 3553 2383 δύναμιν,
3588 2314 3686 2366 οὔκ

2115 2403 2195 2457 ἔτι
2223 2404 2354 2475 παρ’
2380 2405 2546 2475 αὐτῆς
2572 2404 2641 2457 τὰ
2668 2406 3015 2475 συμφέροντα
3039 2405 3148 2457 τῶν
3177 2406 3464 2476 πρακτέων
3495 2407 3687 2476 ὑπομι-

2120 2495 2503 2564 μνη-σκόμενοι,
2553 2493 2750 2558 ἔξωθεν
2807 2497 2925 2556 ταῖς
2967 2494 3196 2558 οίκείαις
3246 2495 3547 2566 ἐνεργείαις
3588 2494 3686 2566 τὴν

2120 2585 2345 2654 μνήμην
2372 2584 2628 2655 κινοῦμεν
2664 2586 2800 2662 πρὸς
2830 2585 2891 2639 τὸ
2927 2585 3045 2648 πῶς
3096 2587 3203 2659 χρὴ
3238 2586 3336 2658 ζῇν
3392 2588 3485 2641 καὶ
3513 2587 3679 2657 βιοῦν,

2117 2675 2263 2739 ὅπως
2295 2676 2579 2745 εὐάρεστοι
2609 2670 2758 2747 ὦμεν
2792 2676 2869 2748 τῷ
2904 2678 3224 2749 Ποιήσαντι.

440 2755 738 2825 luptatibus
774 2760 931 2817 nobis
976 2761 1108 2831 ipsis
1138 2763 1367 2819 rationis
1408 2766 1810 2834 suppressimus
1855 2763 2017 2827 vires,
2057 2772 2112 2818 et
2178 2765 2245 2819 ab
2287 2766 2401 2835 ipsa
2450 2767 2501 2821 in
2533 2777 2774 2824 nostram
2806 2786 2913 2823 non
2958 2781 3279 2827 revocantur
3338 2771 3676 2839 memoriam,

439 2862 563 2915 quae
602 2848 891 2906 conferunt
936 2851 1204 2919 iacienda,
1239 2869 1523 2910 necessum
1566 2864 1650 2911 est
1696 2857 1838 2927 quod
1886 2856 2246 2911 exterioribus
2310 2860 2543 2929 propriis
2602 2862 3009 2929 operationibus
3069 2877 3502 2920 commoveamus
3560 2877 3681 2919 me-

440 2940 672 2994 moriam
704 2942 771 2997 ad
808 2942 1054 3009 modum,
1090 2960 1201 3015 quo
1237 2946 1425 3002 deccat
1465 2949 1629 3003 vitam
1676 2948 1873 3020 degere
1896 2990 1911 3012 ,
1958 2956 2018 3002 ut
2053 2946 2225 3003 simus
2260 2952 2464 3021 accepti
2509 2952 2769 3008 Creatori.

1012 3077 1245 3136 CAPUT
1285 3081 1449 3136 LXII.

510 3189 717 3247 Idcirco
753 3192 1024 3248 interdum
1070 3195 1287 3265 quidem
1335 3194 1647 3260 formicam,
1686 3197 2016 3267 quandoque

436 3297 567 3336 vero
611 3298 764 3352 apem
819 3285 1171 3353 gubernatrix
1210 3288 1384 3359 gratia
1442 3288 1701 3343 doctores
1736 3289 2011 3357 adhibuit,

436 3373 532 3441 qui
567 3383 713 3428 muta
744 3389 878 3428 voce
908 3375 975 3429 ad
1011 3377 1366 3430 imitationem
1403 3392 1565 3446 opere
1613 3377 1930 3446 hortantur;
1960 3388 2015 3435 et

435 3462 598 3531 312
627 3465 704 3517 ait
731 3482 745 3518 :
783 3462 964 3519 «Vade
993 3466 1061 3518 ad
1094 3466 1397 3530 formicam,
1420 3482 1454 3521 ο
1488 3468 1656 3538 piger,
1685 3477 1739 3522 et
1761 3470 2016 3523 aemulare

440 3554 558 3606 vias
593 3552 735 3621 ejus,
793 3569 917 3623 quae
967 3555 1021 3608 in
1081 3572 1256 3611 messe
1304 3572 1575 3626 reponens
1622 3559 1878 3614 alimenta
1918 3576 2016 3630 pro

441 3642 621 3696 hieme
654 3642 721 3707 “,
767 3662 788 3695 ι
835 3646 1073 3715 suggerit
1108 3656 1162 3701 ut
1208 3664 1306 3717 pro
1351 3649 1536 3703 futuro
1575 3650 1775 3705 sarculo
1810 3651 2016 3707 utiliter

435 3734 757 3804 colligamus
795 3736 1026 3802 viatica;
1062 3747 1157 3792 aut
1186 3757 1198 3792 :
1232 3757 1252 3790 ι
1290 3739 1634 3809 l’rogredere,
1698 3741 1899 3811 inquit,
1945 3743 2012 3798 ad

438 3842 631 3896 apem,
673 3838 728 3883 et
775 3828 928 3883 disce
972 3844 1136 3898 quam
1169 3831 1416 3898 operaria
1465 3833 1555 3897 sit,
1597 3852 1615 3885 ι
1652 3834 1853 3903 quippe
1892 3849 2012 3903 qure

439 3923 604 3975 ﬂores
632 3920 973 3990 decerpendo
1013 3922 1329 3986 herbarum,
1365 3932 1418 3978 et
1442 3923 1595 3980 favos
1632 3928 1810 3981 mellis
1839 3926 2011 3981 conli-

437 4011 631 4066 ciendo
658 4013 933 4082 sapienter
963 4013 1156 4068 edocet
1187 4015 1349 4068 istam
1384 4016 1735 4085 agnitionem,
1764 4034 1870 4088 qua
1904 4021 2014 4072 col-

437 4102 653 4169 ligendo
705 4103 885 4171 quivis
928 4104 1192 4158 bonorum
1257 4106 1539 4161 hominum
1590 4102 2007 4180 praerogativas,

438 4192 541 4247 sibi
574 4193 675 4262 ipsi
720 4193 1035 4249 dulcedines
1079 4195 1389 4265 huiusmodi
1419 4198 1749 4254 thesaurizet
1777 4201 1843 4254 ait
1880 4188 2009 4255 sua-

438 4297 555 4338 vem
602 4278 915 4338 habendum
943 4285 1141 4339 victum
1190 4286 1388 4340 futurae
1417 4286 1559 4354 vitae,
1600 4304 1762 4358 quam
1801 4300 2003 4359 sperat.

2702 3087 2923 3140 ΚΕΦΑᾹ
2935 3129 2950 3143 .
2976 3086 3097 3144 ΞΒ¹.

2187 3193 2286 3245 Διά
2320 3193 2476 3247 τοῦτο
2504 3196 2632 3248 ποτὲ
2672 3195 2773 3267 μὲν
2809 3197 2902 3251 τὸν
2931 3197 3219 3272 μύρμηκα,
3249 3204 3377 3257 ποτὲ
3398 3204 3457 3258 δὲ
3480 3206 3577 3278 τὴν
3601 3206 3689 3278 μά·

2116 3281 2324 3346 λιτταν,
2357 3286 2390 3355 ὴ
2442 3284 2775 3358 κηδεμονικὴ
2815 3288 2975 3360 χάρις
3017 3289 3371 3358 διδασκάλους
3406 3295 3688 3367 ἐφίστησιν

2114 3373 2377 3446 ἀφθόγγῳ
2412 3380 2564 3448 φωνῇ
2599 3378 2678 3448 τῷ
2705 3380 2849 3452 ἔργῳ
2880 3383 3281 3453 παραινοῦντας
3306 3386 3405 3455 τὴν
3436 3387 3686 3460 μίμησιν.

2114 3468 2225 3524 Καί
2249 3488 2433 3541 φησιν’
2466 3490 2483 3521 t
2513 3473 2618 3527 Ἴθι
2649 3476 2787 3546 πρὸς
2812 3478 2903 3529 τὸν
2945 3479 3232 3553 μύρμηκα,
3263 3477 3308 3536 ὦ
3339 3483 3560 3554 ὀκνηρὲ,
3596 3485 3687 3538 καὶ

2115 3560 2359 3632 ζήλωσον
2389 3566 2487 3629 τὰς
2510 3565 2661 3630 ὁδοὺς
2687 3569 2874 3633 αὐτοῦ,
2903 3570 2962 3634 ὃς
2998 3572 3056 3625 ὲν
3089 3575 3284 3646 ἅμήτῳ
3330 3575 3429 3646 τὴν
3478 3578 3536 3629 ἐν
3578 3595 3687 3645 χει-

2118 3653 2257 3721 μῶνι
2300 3655 2637 3726 ἀποθέμενος
2668 3659 2895 3730 τροφὴν,
2931 3680 2950 3712 ι
2981 3663 3266 3734 χρησίμως
3307 3664 3372 3719 τὰ
3414 3664 3509 3719 τοῦ
3560 3667 3686 3736 μέλ-

2115 3743 2298 3810 λοντος
2334 3746 2532 3811 αἰῶνος
2567 3749 2880 3804 ὑποτίθεται
2914 3754 3168 3822 συνάγειν
3200 3756 3408 3825 ἐφόδια·
3434 3758 3490 3827 ἢ,
3529 3779 3547 3810 ι
3585 3759 3685 3812 Ποι

2118 3833 2341 3905 ρεύθητι
2390 3836 2527 3905 πρὸς
2554 3838 2650 3908 τὴν
2684 3839 2964 3904 μέλισσαν,
3009 3843 3104 3895 καὶ
3148 3843 3286 3914 μάθε
3344 3844 3421 3909 ὡς
3472 3847 3687 3917 ἐργάτις

2114 3925 2286 3990 ἐστὶν,
2319 3944 2336 3976 ι
2375 3927 2510 3996 ἄνθη
2545 3927 2784 3997 βοτανῶν
2812 3930 3119 4002 δρεπομένη
3152 3935 3244 3987 καὶ
3278 3936 3449 4006 κηρία
3478 3937 3685 4004 μέλιτος

2114 4014 2484 4088 ἐργαζομένη,
2536 4018 2714 4088 σοφῶς
2743 4021 2838 4074 καὶ
2889 4022 3070 4087 τοῦτο,
3103 4025 3192 4077 τὸν
3221 4027 3533 4097 γνωρισμὸν
3563 4044 3685 4081 παι-

2114 4106 2342 4161 δεύουσα
2405 4108 2513 4161 τῶν
2578 4108 2800 4177 ἀγαθῶν
2863 4112 3075 4181 ἀνδρῶν
3139 4114 3570 4186 ἀπανθιζόμενον
3620 4115 3685 4168 τά

2118 4196 2584 4271 πλεονεκτήματα,
2619 4201 2980 4273 γλυκάσματα
3011 4205 3325 4277 θησαυρίζει
3355 4207 3532 4278 ἐαυτῷ
3556 4208 3684 4277 ripe;

2113 4287 2243 4356 ἡδὺν
2274 4288 2388 4359 βίον
2432 4289 2531 4358 τῆς
2564 4290 2926 4363 ἐλπιζομένης
2975 4293 3135 4365 ζωῆς.
3168 4295 3390 4347 Ἀλλοτε
3426 4297 3678 4366 τρυγόνα,

433 4374 584 4430 Alias
631 4375 1064 4431 inobedientihus
1109 4376 1263 4446 jubet
1305 4385 1369 4431 ut
1429 4386 1672 4434 urturem
1727 4389 1780 4435 et
1822 4382 2008 4435 hirun-

2116 4380 2207 4431 καὶ
2239 4379 2498 4450 χελιδόνα,
2520 4383 2645 4446 τοὺς
2690 4383 2937 4446 ἀπειθεῖς
2987 4384 3421 4456 παρακελεύεται
3468 4385 3679 4457 ζηλοῦν,

436 4467 616 4521 dinem
644 4466 943 4533 imitentur,
975 4467 1162 4523 dicens
1189 4486 1202 4522 :
1242 4486 1262 4519 ι
1300 4467 1503 4523 Turtur
1532 4479 1586 4524 et
1621 4470 1856 4527 hirundo
1881 4489 2007 4543 pas-

440 4560 639 4615 serculi
683 4569 926 4631 agrestes
968 4559 1330 4615 observarunt
1375 4571 1613 4631 tempora
1659 4580 1882 4619 suorum
1912 4567 2008 4621 ad-

437 4662 721 4718 ventuum,
760 4652 993 4721 populus
1021 4661 1201 4706 autem
1230 4668 1384 4708 meus
1422 4670 1529 4708 non
1560 4658 1780 4727 agnovit
1803 4657 2006 4727 judicia

338 4761 344 4766 ·
436 4744 649 4799 Domini
671 4745 743 4797 ".
771 4763 789 4796 ι
826 4741 892 4797 Ει
911 4743 1076 4798 infert
1103 4762 1116 4799 :
1140 4764 1158 4795 ι
1183 4745 1464 4811 Quomodo
1487 4746 1666 4803 dicitis
1690 4768 1703 4803 :
1724 4748 2009 4820 Sapientes

436 4848 650 4899 sumus,
678 4843 773 4889 aut
811 4844 864 4889 et
892 4835 974 4889 lex
1008 4834 1101 4890 Dei
1149 4835 1434 4891 nobiscum
1475 4844 1558 4892 est
1586 4838 1668 4891 ἐί
1706 4858 1725 4889 )
1770 4838 1861 4894 Sic
1902 4840 2008 4893 im-

437 4941 735 4994 properans
797 4928 1213 4983 rationabilibus
1278 4939 1390 4983 tum
1454 4939 1706 4984 naturam
1780 4932 2008 4987 scientia

436 5019 741 5089 praeditam,
802 5028 916 5074 tum
968 5019 1131 5074 etiam
1181 5021 1351 5091 legem
1402 5037 1614 5074 morum
1652 5023 2006 5089 magistram,

435 5114 583 5181 quod
644 5111 1110 5167 irrationabilibus
1163 5114 1217 5165 in
1273 5113 1650 5183 cognoscenda
1697 5112 2009 5170 Conditoris

435 5200 717 5251 voluntate
745 5208 873 5252 sunt
899 5200 1353 5255 insensibiliores.
1408 5198 1620 5255 Rursus
1661 5201 1761 5265 iis,
1817 5203 1907 5271 qui
1952 5203 2005 5256 in

434 5287 801 5355 potentatibus
834 5304 939 5341 non
973 5290 1281 5343 moderatos
1314 5303 1371 5343 se
1396 5288 1658 5358 praebent,
1701 5290 1793 5344 sed
1828 5290 2008 5361 inepte

440 5377 774 5434 insolescunt
797 5379 849 5431 in
876 5380 1152 5448 proximos
1173 5378 1417 5448 ejusdem
1444 5381 1679 5450 generis,
1706 5397 1856 5436 mare
1881 5397 2005 5452 pro-

441 5464 627 5522 fundis
660 5467 916 5523 inversim
948 5471 1343 5527 circumdatum
1377 5470 1585 5540 profert
1608 5473 1662 5527 in
1695 5474 2002 5547 exemplum

536 5642 579 5671 "
615 5646 756 5699 l‘sal.
794 5663 955 5709 CXLII,
1035 5648 1086 5701 5.

2115 4468 2310 4537 λέγων·
2350 4490 2368 4521 ι
2392 4471 2641 4541 Τρυγὼν,
2671 4474 2763 4525 καί
2791 4472 3016 4543 χελιδὼν
3051 4473 3224 4545 ἀγροῦ
3261 4476 3521 4545 στρουθία
3554 4476 3683 4545 ὲφύ·

2112 4561 2278 4624 λαξαν
2340 4565 2565 4633 καιροὺς
2623 4565 2843 4619 εἰσόδων
2901 4565 3071 4633 αὐτῷ,
3131 4567 3159 4618 ὁ
3194 4566 3250 4619 δὲ
3296 4567 3425 4629 λαός
3463 4584 3561 4637 μου
3589 4568 3683 4620 οὐκ

2114 4653 2253 4721 ἔγνω
2308 4655 2378 4708 τὰ
2417 4656 2662 4726 κρίματα
2714 4657 2944 4727 Κυρίου.
2980 4677 2998 4707 δ
3050 4658 3156 4709 Καὶ
3199 4658 3472 4728 ὲπιφέρευ
3515 4679 3533 4711 ι
3564 4658 3682 4721 Πῶς

2111 4745 2306 4814 ἐρεῖτεο
2345 4747 2502 4814 Σοφοί
2533 4748 2720 4814 ἐσμεν;
2755 4747 2788 4819 ἢ
2833 4748 2949 4812 καὶ,
2982 4748 3163 4817 Νόμος
3189 4748 3325 4801 Θεοῦ
3373 4749 3492 4817 μεθ’
3530 4749 3682 4819 ἡμῶν

2116 4837 2250 4901 ἐστι,
2271 4855 2288 4887 ι
2308 4837 2479 4890 καὶτὸ
2502 4838 2599 4906 τῆς
2624 4838 3292 4908 φύσεως-ἐπιστημονικὸν,
3318 4840 3520 4893 καὶτὸν
3540 4839 3685 4893 παεδ⁴

2115 4928 2329 4995 αγωγὸν
2351 4929 2457 4981 τῶν
2488 4928 2635 4997 ἠθῶν
2673 4930 2847 4999 μόμον
2867 4929 3141 4992 ὀνειδίζων
3174 4933 3286 4993 τοῖς
3315 4930 3573 4999 λογικοῖς,
3603 4932 3680 4984 ὅτι

2115 5024 2224 5077 τῶν
2262 5024 2474 5090 ἀλόγων
2503 5025 2581 5085 είς
2613 5022 2673 5074 τὸ
2706 5020 2909 5089 γνῶναι
2947 5021 3006 5072 τὸ
3039 5019 3288 5090 βούλημα
3316 5020 3412 5073 τοῦ
3449 5022 3682 5075 Κτίσαν-

2116 5114 2204 5166 τός
2244 5113 2383 5164 εἰσιν
2412 5110 2870 5179 ἀναισθητότεροι.
2909 5108 3080 5161 Πάλιν
3123 5111 3236 5171 τοῖς
3273 5109 3331 5160 ἐν
3372 5113 3493 5172 ταῖς
3526 5110 3683 5162 δυνα-

2118 5201 2322 5264 στείαις
2370 5201 2443 5271 μὴ
2494 5199 2894 5271 μετριάζουσιν,
2930 5198 3045 5252 ἀλλ’
3076 5198 3360 5269 ὑϐρίζουσι
3388 5201 3685 5270 ἀπειροκά-

2115 5294 2221 5355 λως
2256 5296 2333 5355 εἰς
2362 5293 2423 5344 τὸ
2451 5291 2741 5362 ὁμόφυλον,
2785 5289 3160 5360 κυκλουμένην
3187 5290 3548 5362 βυθοστροφίᾳ
3589 5288 3684 5359 τὴν

2115 5383 2392 5436 θάλασσαν
2422 5383 2768 5450 παράδειγμα
2802 5380 3126 5451 προστίθησι
3155 5380 3290 5448 πρὸς
3318 5379 3378 5432 τὺ
3406 5382 3682 5432 καταστεῖ-

2113 5476 2199 5529 λαι
2231 5476 2410 5529 αὐτῶν
2464 5475 2541 5542 (ἐν
2593 5469 2673 5536 οἷς
2724 5474 2879 5543 φησι)
2929 5471 3264 5541 φλεγμαῖνον
3307 5472 3363 5524 τὸ
3395 5471 3680 5543 φρύαγμασ

1164 5652 1205 5681 ’³
1262 5651 1416 5706 Prov.
1448 5669 1520 5716 τι,
1552 5656 1605 5707 ί).
1684 5655 1727 5685 ’⁸
1780 5653 1977 5709 Jercm.
2015 5671 2129 5722 rm,
2160 5655 2211 5706 7.
2290 5654 2333 5684 "
2366 5654 2493 5707 iliiil.
2532 5653 2582 5705 8.
