4046 6152
380 288 517 355 Ῑυ53

1149 298 1248 361 DE
1279 301 1769 364 VOLUNTARIA
1801 302 2301 364 PAUPER’I‘ATE
2333 304 2435 364 AD
2467 303 2813 366 MAGNAM-

3492 303 3628 373 1054

378 430 399 462 σ
425 409 518 482 Μὴ
556 409 657 480 ἐμὲ
682 404 775 465 οὖν
796 411 1185 495 φοϐηθήσεσθε,
1212 414 1357 484 λέγει
1382 417 1606 489 Κύριος,
1642 420 1675 490 ἢ
1726 421 1820 473 καὶ
1847 419 1955 472 ἀπὸ

2063 417 2130 471 ad
2176 419 2580 487 reprimendum
2629 433 2818 475 eorum
2887 418 3338 476 intumescentem
3379 420 3578 477 fastum
3606 462 3625 490 ,

370 500 468 556 τοῦ
496 502 796 572 προσώπου
827 519 927 574 μου
959 506 1058 558 οὑκ
1087 505 1549 578 εὐλαϐηθήσεσθε,
1583 512 1675 565 τὸν
1704 510 1947 575 τάξαντα

371 595 557 663 ἄμμον
574 582 729 665 ¹ὃριον
748 596 813 664 τῇ
842 593 1085 667 θαλάσσῃ
1106 599 1434 670 πρόσταγμα
1457 602 1693 668 αἰώνιον,
1732 601 1826 656 καὶ
1849 602 1947 671 οὑχ

373 683 746 753 ὑπερϐήσεται
768 684 934 749 αὑτό;
964 684 1043 755 τῷ
1073 685 1129 738 δὲ
1153 686 1267 758 λαῷ
1289 689 1464 761 τούτῳ
1485 692 1718 761 ἐγενήθη
1748 692 1948 762 καρδία

370 776 620 844 ἀνήκοος,
649 776 742 828 καὶ
769 775 1019 846 ἀπαθής·
1062 795 1081 828 ι
1119 778 1196 848 τῷ
1234 780 1361 851 περὶ
1394 781 1455 834 τὸ
1489 783 1817 855 πρόσταγμα
1848 783 1946 852 φό-

369 865 451 934 ϐῳ
478 863 574 917 τοῦ
595 863 807 935 ἀψύχου
840 867 1107 936 στοιχείου
1136 868 1379 933 εὐλαϐεῖς
1401 871 1571 924 ποιῶν
1594 872 1792 934 αὑτοὺς
1822 873 1948 944 περ)⁸

369 954 467 1025 τὴν
500 956 749 1026 φυλακὴν
782 956 891 1009 τῶν
919 958 1170 1021 ἐντολῶν.
1221 960 1309 1013 ἵνα
1336 962 1412 1024 ὡς
1448 962 1512 1015 τὸ
1538 962 1755 1017 πόντιον
1795 962 1947 1032 κῦμα

367 1048 434 1100 ὲκ
464 1045 732 1113 πελάγους
765 1044 1080 1116 ὠθούμενον
1112 1050 1180 1119 τῇ
1226 1049 1317 1119 βίᾳ
1350 1049 1445 1104 τοῦ
1484 1050 1815 1121 πνεύματος,
1852 1053 1948 1104 καὶ

369 1134 510 1187 κατὰ
541 1134 735 1203 μικρὸν
756 1135 1119 1204 ἀνιστάμενον
1146 1136 1283 1207 πρὸς
1305 1137 1366 1189 τὸ
1396 1138 1628 1207 μέγεθος
1657 1137 1827 1208 ὀρέων
1851 1139 1947 1206 ἑφ-

370 1223 594 1293 ἁμιλλον
644 1224 762 1291 ἄμα
809 1222 889 1291 τῷ
924 1224 1323 1296 πλησιάσαιτῇ
1367 1226 1646 1297 αἰγιαλείᾳ
1702 1226 1940 1296 ψάμμῳ,

370 1315 450 1376 είς
468 1312 712 1365 τούπίσω
739 1311 901 1365 πάλιν
924 1312 1315 1384 ἀνακλώμενον
1351 1316 1680 1385 ὑποστρέφει
1713 1318 1803 1370 τὸν
1822 1319 1947 1388 ὅρον

370 1403 691 1471 αἰδούμενον
738 1403 834 1456 τοῦ
879 1404 1235 1475 πεδήσαντος,
1270 1406 1413 1460 οὑτω
1447 1410 1626 1462 πᾶσαν
1678 1410 1978 1478 ὲπὲχωσιν-

369 1493 555 1547 ἄδικον
580 1492 756 1563 ὁρμὴν
803 1495 853 1546 οἱ
898 1493 1127 1561 λογικοὶ,
1167 1495 1263 1547 καὶ
1310 1495 1453 1565 λόγῳ
1480 1497 1946 1567 προστεταγμένοι

369 1585 551 1637 πᾶσαν
582 1584 831 1647 κολάζειν
871 1584 1172 1658 ἐνθύμησιν
1214 1586 1553 1658 παράνομον,
1582 1586 1675 1640 καὶ
1712 1586 1947 1657 μάλιστα

367 1674 536 1743 τύφον
565 1676 849 1728 πεπαίνειν
905 1676 1115 1745 ἀλόγως
1145 1677 1503 1747 σηκούμενον,
1548 1679 1778 1748 μιμήσει
1814 1677 1945 1745 γοῦν

2049 505 2175 560 dum
2236 509 2434 563 asserit
2484 527 2498 561 :
2545 526 2564 560 ί
2615 508 2721 564 Me"
2747 509 2912 579 igitur
2964 523 3069 564 non
3118 510 3375 566 timebitis
3422 512 3630 583 (inquit

2051 597 2355 670 Dominus)
2387 607 2484 654 aut
2512 599 2708 655 faciem
2741 615 2913 655 meam
2952 614 3060 654 non
3097 603 3496 668 reverebimini,
3529 604 3623 675 qui

2050 690 2295 744 ordinari
2327 706 2550 745 arenam
2586 692 2879 746 terminum
2922 692 3091 747 maris
3123 703 3447 763 praeceptum
3483 710 3629 751 scm-

2049 780 2343 848 piternum,
2383 790 2436 836 et
2466 767 2571 835 non
2612 783 3048 852 supergredietur
3073 783 3263 837 illum?
3290 783 3494 854 Populo
3524 799 3624 839 au-

2049 868 2161 927 tem
2183 873 2271 926 isti
2301 871 2502 928 factum
2523 883 2602 928 est
2619 874 2713 929 cor
2738 874 3053 930 inobediens
3073 884 3127 944 et
3152 870 3570 943 inc’redulum";
3598 895 3619 928 ι

2054 961 2134 1015 sic
2175 969 2322 1015 metu
2357 960 2639 1015 inanimali
2685 976 2748 1015 ex
2780 969 3052 1031 praecepto
3091 950 3343 1015 elementi
3397 961 3625 1015 reddens

2052 1067 2147 1107 eos
2189 1062 2380 1107 cautos
2414 1052 2561 1107 circa
2608 1052 3049 1107 observationem
3092 1052 3506 1117 mandatorum,
3563 1060 3625 1106 ut

2049 1141 2506 1211 quemadmodum
2542 1142 2740 1197 ﬂuetus
2776 1142 3021 1197 marinus
3063 1156 3094 1195 e
3140 1142 3326 1213 pelago
3355 1141 3625 1211 impulsus

2056 1230 2309 1286 violentia
2342 1233 2589 1302 spiritus,
2633 1244 2686 1289 et
2720 1235 2980 1304 paulatim
3013 1245 3227 1290 erectus
3255 1235 3318 1289 ad
3347 1235 3624 1303 magnitu-

2049 1323 2226 1375 dinem
2248 1326 2511 1378 montium
2534 1325 2921 1381 aemulatricem
2937 1366 2952 1390 ,
2975 1325 3135 1396 313
3158 1326 3317 1381 simul
3341 1340 3403 1379 ac
3429 1339 3624 1392 appro-

2052 1415 2286 1493 pinquat
2311 1430 2488 1468 arente
2512 1416 2740 1472 littoreae
2779 1432 3135 1487 repercussus
3165 1415 3498 1471 convertitur
3524 1415 3623 1469 de-

2048 1520 2161 1560 nuo
2205 1514 2351 1565 retro
2397 1508 2660 1563 reveritus
2688 1508 2807 1576 ejus
2847 1518 3070 1573 metam,
3111 1523 3140 1561 a
3172 1523 3285 1574 quo
3312 1506 3466 1577 quasi
3497 1521 3621 1561 cum

2047 1597 2405 1665 compedibus
2455 1597 2559 1663 fuit
2606 1598 2866 1653 astrictus
2911 1617 2924 1653 :
2961 1600 3037 1653 ita
3095 1612 3312 1651 omnem
3359 1596 3622 1666 iniustum

2049 1688 2356 1758 reprimant
2380 1688 2765 1759 impetumtqui
2792 1689 3006 1744 ratione
3038 1696 3289 1751 utuntur,
3318 1698 3372 1740 et
3396 1687 3496 1753 illi,
3527 1687 3622 1756 qui

368 1766 476 1819 τῶν
497 1767 836 1836 ἀναισθήτων
855 1768 1014 1820 τοῦτο
1041 1768 1392 1838 πράττοντες,
1425 1769 1559 1839 ὅπερ
1596 1769 1690 1823 καὶ
1724 1768 1942 1838 νομοθε-

2053 1797 2082 1835 a
2112 1781 2324 1836 ratione
2351 1782 2712 1851 imperantur,
2754 1796 2974 1852 pravam
2998 1795 3210 1835 omnem
3237 1780 3619 1849 cogitationem

371 1858 491 1921 σίας
536 1859 692 1922 ἐκτὸς
748 1858 977 1928 ὤφειλον
1020 1859 1171 1931 (αὑτὸ
1216 1860 1554 1930 λογιζόμενοι
1611 1861 1670 1915 τὸ
1713 1862 1944 1931 δίκαιον)

371 1950 631 2021 πράττειν
690 1950 1000 2021 αὐθαιρέτῳ
1056 1952 1258 2022 κρίσει,
1314 1954 1454 2023 ὅπερ
1522 1948 1602 2024 ἦν’
1655 1953 1944 2024 ἐλευθέρου
1994 1968 2003 1973 '

367 2042 564 2113 δεῖγμα
626 2044 993 2113 φρονήματος,
1060 2043 1467 2113 αὑτοκελεύστῳ
1527 2044 1719 2118 γνώμῃ
1787 2061 1944 2115 κινη-

367 2138 551 2201 θέντος
604 2138 739 2209 πρὸς
790 2140 929 2209 ὅπερ
978 2137 1202 2209 ἔμελλεν
1252 2138 1408 2208 ἄγειν
1452 2139 1665 2210 ἀνάγκη
1713 2139 1808 2193 τοῦ
1856 2139 1946 2194 νό-

371 2243 494 2296 μου.

1552 2350 1577 2376 ψ.

950 2571 1198 2626 ΚΕΦΑΛ.
1250 2571 1332 2624 ΞΓ
1334 2577 1366 2625 '.

434 2726 543 2782 Καὶ
572 2729 679 2780 τῶν
713 2730 1016 2799 φωστήρων
1050 2730 1105 2782 δὲ
1131 2729 1367 2782 διδάσκει
1406 2730 1459 2782 τί
1489 2729 1757 2800 χρήσιμον
1796 2730 1938 2800 ὁρῶ-

369 2837 526 2889 μενος
546 2819 770 2884 ἕκαστος
792 2835 805 2850 '
839 2821 989 2890 ἥλιος
1015 2821 1113 2889 μὲν
1141 2820 1215 2888 τῷ
1248 2821 1640 2891 ἁπαυγάσματι
1673 2821 1939 2874 συναῖδιον

364 2907 443 2979 τῷ
475 2910 647 2980 Πατρὶ
677 2909 769 2962 τὸν
796 2909 926 2962 Υίδν
958 2909 1341 2977 ὑποτιθέμενος
1394 2912 1556 2970 νοεῖν,
1609 2911 1701 2964 καὶ
1746 2911 1936 2964 τούτου

366 3000 621 3071 μάρτυρα
655 3001 744 3052 τὸν
781 3000 989 3053 Παῦλον
1019 2999 1169 3052 καλῶ
1194 3000 1440 3066 λέγοντα,
1479 3021 1497 3052 ι
1533 3002 1626 3064 Ὃς
1654 2999 1729 3054 ὣν
1760 3002 1938 3054 ἀπαύ-

374 3112 554 3164 γασμα
583 3095 681 3163 τῆς
725 3092 901 3161 δόξης,
958 3092 1050 3144 καὶ
1106 3093 1391 3162 χαρακτὴρ
1444 3091 1545 3161 τῆς
1586 3091 1936 3158 ὑποστάσεως
1964 3077 2009 3138 C

362 3187 547 3242 αὑτοῦ·
592 3205 609 3237 ι
642 3181 796 3248 οὗτος
836 3184 944 3253 γὰρ
985 3184 1121 3255 ὅπερ
1152 3179 1291 3236 εἶδεν
1337 3184 1576 3253 ἐνόησεν,
1608 3185 1682 3249 ὼς
1716 3188 1749 3254 ἡ
1777 3186 1937 3254 φύσις

362 3277 453 3331 τοῦ
487 3276 763 3346 ὁρωμένου
795 3274 1046 3344 ἐδίδαξε),
1078 3273 1268 3328 τοῦτον
1293 3277 1358 3346 τῇ
1397 3278 1706 3346 κατασκευῇ
1738 3278 1829 3330 τὸν
1855 3277 1939 3329 λό-

363 3384 456 3435 γον
478 3365 895 3434 ὲναποκείμενον
921 3364 1202 3434 ὀξυδορκεῖ
1220 3366 1317 3435 τῆς
1338 3365 1513 3435 ψυχῆς
1542 3364 1831 3435 διαθρῆσαι
1860 3366 1937 3437 τῷ

362 3459 590 3528 ὄμματι,
624 3457 683 3510 ὃν
722 3454 1062 3525 συμϐολικῶς
1106 3455 1401 3508 ἐναπέθετο
1438 3459 1466 3509 ὁ
1503 3457 1841 3527 Δημιουργὸς
1874 3461 1938 3511 ἐκ

362 3550 461 3617 τῆς
488 3546 898 3616 ἐνυπαρχούσης
931 3544 1008 3615 τῷ
1041 3544 1225 3615 ἄστρῳ
1259 3544 1493 3613 θεωρίας
1545 3546 1638 3597 ἐπὶ
1664 3545 1762 3616 τὴν
1799 3546 1935 3617 πρὸς

361 3639 555 3693 ἑαυτὸν
608 3635 700 3692 τοῦ
756 3636 887 3689 Υίοῦ
936 3638 1272 3706 συνάναρχον
1309 3636 1494 3706 σχέσιν
1534 3636 1643 3689 τῶν
1684 3636 1936 3707 ὁρώντων

361 3730 570 3799 ὁδηγῶν
604 3728 703 3799 τὴν
730 3727 987 3781 διάνοιαν.
1017 3728 1219 3797 Σελήνη
1255 3726 1309 3778 δὲ
1348 3727 1639 3797 αὐξομένη,
1704 3729 1800 3779 καὶ
1844 3729 1937 3798 λή-

361 3836 554 3885 γουσα,
593 3817 652 3870 τὸ
688 3815 1092 3886 εὐμετάϐλητον
1125 3814 1232 3867 τῶν
1268 3815 1553 3886 ἡμετέρων
1596 3816 1937 3885 πραγμάτων

359 3909 528 3980 δηλοῖ,
587 3906 867 3960 καὶτοῦτο
895 3908 1015 3968 ταῖς
1058 3907 1443 3976 ἅγχιστρόφοις
1487 3905 1595 3958 τῶν
1641 3907 1935 3976 σχημάτων

366 3997 728 4067 μεταλλαγαῖς
759 3999 1031 4068 παραινεῖ,
1065 3996 1141 4059 ὡς
1171 3994 1294 4048 οὗτε
1326 3996 1595 4066 εὑημερία
1618 3996 1699 4049 δεῖ
1723 3995 1935 4066 χαίρειν

361 4087 437 4150 ὡς
469 4087 787 4156 παραμόνῳ,
839 4085 961 4140 οὔτε
1025 4086 1360 4157 δυσημερίαν
1403 4087 1654 4158 ἡγεῖσθαι
1684 4077 1937 4156 λυπηρὰν

360 4179 434 4242 ὼς
469 4178 731 4250 ἐσομένην
759 4179 996 4250 χρονίανσ
1031 4180 1197 4244 ὀξέως
1226 4180 1335 4250 γὰρ
1360 4173 1518 4233 αὗται
1546 4179 1935 4249 ὲπαμείϐονται

360 4272 623 4342 ἀλλήλαις
648 4272 722 4335 ὡς
763 4273 835 4342 μὴ
858 4274 1031 4325 ποιεῖν
1083 4269 1335 4344 αἴσθησιν
1375 4271 1473 4342 τῆς
1512 4272 1811 4343 παρουσίας
1857 4273 1936 4341 τῷ

2048 1874 2337 1941 castigare.
2383 1877 2622 1928 maxime
2667 1873 2866 1929 fastum
2898 1887 3144 1943 premere
3175 1870 3621 1927 irrationabiliter

2047 1962 2272 2026 elatum,
2311 1963 2719 2017 insensibilium
2751 1964 2942 2017 saltem
2973 1960 3275 2016 imitatione
3297 1961 3349 2014 id
3375 1970 3619 2031 agentes,

2045 2055 2189 2124 quod
2216 2053 2380 2107 etiam
2411 2063 2606 2123 prteter
2633 2055 3028 2124 lcgislationem
3051 2053 3369 2108 debuissent
3392 2051 3618 2122 (justum

2045 2144 2164 2201 fore
2193 2144 2403 2201 ratione
2423 2145 2849 2216 dijudieantes),
2868 2156 3167 2216 spontaneo
3189 2144 3398 2213 judicio
3417 2143 3616 2210 facere,

2043 2239 2246 2307 quippe
2284 2238 2429 2307 quod
2470 2238 2730 2293 indicium
2776 2246 2924 2293 esset
2968 2237 3218 2292 libertate
3257 2234 3488 2290 fruentis
3531 2236 3629 2290 ino-

2047 2330 2295 2385 tellectus
2330 2346 2396 2384 ex
2424 2331 2509 2385 sui
2542 2330 2645 2385 sibi
2671 2330 2900 2400 jubente
2930 2329 3163 2384 consilio
3203 2329 3336 2382 moti
3385 2327 3451 2381 ad
3492 2326 3597 2381 hoc

2045 2421 2112 2477 ad
2145 2423 2298 2492 quod
2332 2437 2456 2476 eum
2484 2422 2782 2477 deductura
2813 2428 2933 2476 erat
2960 2420 3097 2490 legis
3125 2420 3445 2474 necessitas.

2600 2575 2826 2633 CAPUT
2860 2576 3046 2630 LXIII.

2113 2732 2255 2797 Quin
2295 2740 2350 2786 et
2388 2730 2816 2800 unumquodque
2853 2727 3205 2783 luminarium
3242 2725 3417 2779 visum
3459 2723 3622 2779 docet

2040 2824 2168 2893 quid
2206 2822 2336 2875 utile
2370 2820 2475 2885 sit;
2530 2819 2610 2875 sol
2642 2819 2859 2888 quidem
2896 2815 3193 2871 relucentia
3226 2813 3420 2867 Filium
3469 2813 3620 2867 Patri

2038 2924 2368 2969 coazternum
2396 2915 2730 2967 demonstrat
2751 2908 3180 2980 intelligendum,
3210 2914 3266 2959 et
3295 2905 3522 2973 hujusce
3541 2902 3620 2956 rei

2038 3013 2232 3060 testem
2264 3003 2490 3058 Paulum
2546 3002 2753 3056 advoco
2796 3001 3064 3054 dicentem
3119 3015 3133 3052 :
3173 3016 3191 3048 ι
3229 2996 3332 3061 Qui
3383 3009 3506 3048 cum
3548 2993 3619 3047 sit

2039 3093 2294 3165 Splendor
2328 3092 2534 3160 gloriae,
2561 3099 2614 3144 et
2646 3089 2816 3158 figura
2852 3089 3169 3144 substantia:
3222 3087 3340 3155 ejus
3371 3086 3442 3150 ’9;
3480 3103 3497 3136 ι
3530 3083 3619 3137 ille

2040 3201 2296 3256 namque,
2328 3184 2472 3254 quod
2500 3180 2636 3237 vidit
2664 3179 2926 3236 intellexit
2954 3182 3037 3250 (ut
3065 3190 3257 3234 natura
3282 3177 3383 3231 visi
3409 3173 3617 3244 docuit)

2037 3286 2092 3331 et
2131 3275 2429 3347 perspicaci
2488 3273 2685 3327 anima:
2744 3272 2904 3326 oculo
2960 3270 3013 3324 in
3054 3269 3270 3339 opificio
3318 3265 3618 3335 repositum

2038 3366 2435 3435 dispiciendum
2462 3364 2566 3418 hoc
2597 3363 2843 3423 verbum,
2871 3361 3016 3429 quod
3041 3357 3338 3430 symbolice
3363 3351 3619 3423 deposuit

2037 3456 2251 3528 Opifex,
2279 3457 2516 3526 dirigens
2549 3453 2880 3508 intellectum
2914 3450 3317 3520 inspicientium
3355 3462 3421 3502 ex
3454 3444 3617 3498 insita

2038 3549 2204 3604 stellae
2255 3545 2591 3614 spectatione
2647 3543 2713 3597 ad
2767 3551 3092 3596 eoaaternam
3130 3537 3250 3591 Filii
3308 3532 3617 3590 naturalem

2038 3637 2468 3695 convenientiam
2510 3650 2633 3689 cum
2671 3634 2873 3703 seipse.
2932 3630 3081 3685 Luna
3115 3643 3246 3684 vero
3281 3640 3533 3682 crescens
3562 3629 3619 3677 et

2038 3730 2292 3785 deficiens
2323 3743 2502 3781 rerum
2536 3732 2848 3779 nostrarum
2877 3722 3089 3776 facilem
3124 3727 3359 3775 ostentat
3379 3714 3614 3771 mutabi-

2038 3817 2266 3877 litatem,
2292 3815 2596 3881 subitisque
2620 3812 2917 3881 figurarum
2950 3807 3344 3863 mutationibus
3364 3805 3617 3858 admonet

2039 3910 2160 3967 hoc,
2191 3907 2333 3976 quod
2380 3905 2590 3960 scilicet
2616 3916 2793 3970 neque
2823 3899 3102 3961 felicitate,
3131 3894 3294 3966 315.
3334 3902 3615 3963 pr0pterea

2038 4006 2284 4068 oporteat
2317 3996 2574 4066 gaudere,
2609 3991 2766 4061 quasi
2818 4003 3200 4061 permansura,
3253 4000 3354 4040 nec
3382 3982 3615 4038 infelici-

2038 4101 2201 4144 tatem
2227 4089 2424 4142 duccre
2456 4085 2768 4144 molestam,
2802 4080 3026 4151 perinde
3061 4093 3125 4132 ac
3160 4076 3205 4131 si
3255 4074 3438 4129 futura
3471 4079 3615 4127 esset

2036 4184 2291 4239 diuturna
2324 4197 2337 4232 :
2364 4178 2518 4231 ocius
2559 4176 2704 4230 enim
2732 4173 2849 4226 istae
2879 4171 2983 4227 sibi
3013 4168 3249 4224 invicem
3289 4165 3613 4230 succedunt,

2043 4276 2117 4329 ita
2151 4286 2205 4328 ut
2228 4288 2332 4326 non
2361 4269 2597 4324 alliciant
2620 4279 2842 4320 sensum
2871 4278 2969 4319 sua
2994 4260 3303 4332 prasentia,
3327 4272 3438 4328 pra:
3467 4256 3611 4310 cele-

356 4366 514 4435 τάχει
558 4365 654 4434 τῆς
687 4364 1109 4435 ὑποχωρήσεως,
1143 4364 1309 4435 ἄλλης
1343 4364 1739 4435 ἐφεδρευούσης
1776 4365 1930 4436 ἄλλῃ,

2042 4370 2195 4423 ritate
2249 4364 2562 4424 discessus,
2624 4372 2746 4412 cum
2811 4357 2981 4411 altera
3047 4353 3280 4408 insideat
3333 4347 3525 4411 alteri,
3558 4354 3613 4401 et

358 4457 453 4510 καὶ
484 4457 582 4527 τὴν
603 4457 911 4526 ἡγουμένην
939 4456 1322 4526 διαδεχομένης
1365 4456 1462 4525 τῆς
1497 4457 1777 4527 προσεχῶς
1807 4458 1933 4510 ἑπο-

361 4547 528 4617 μένης
563 4548 703 4600 κατὰ
731 4549 859 4610 τοὺς
888 4547 988 4616 τῆς
1029 4546 1257 4617 σελήνης
1297 4550 1542 4618 συνεχεῖς
1580 4565 1933 4619 μετασχημα-

356 4641 600 4708 τισμοὺς,
647 4641 695 4693 οἳ
738 4639 989 4692 τοσοῦτον
1046 4638 1467 4708 παραχωροῦσιν
1501 4639 1772 4711 ἀλλήλοις,
1808 4641 1930 4694 ὅσον

357 4733 450 4783 καὶ
476 4732 573 4801 τὴν
607 4731 898 4800 συνήθειαν
928 4729 1179 4798 γενέσθαι
1213 4731 1307 4799 τῆς
1332 4729 1592 4800 βιώσεως,
1631 4732 1724 4784 καὶ
1752 4732 1931 4785 ἐπιδό-

356 4839 489 4883 σεως
536 4823 743 4892 τροπὴν
790 4821 884 4874 τοῦ
912 4820 1108 4889 φωτὸς,
1145 4822 1237 4873 καὶ
1272 4821 1368 4893 τὴν
1404 4823 1761 4892 παραλλαγὴν
1801 4823 1927 4876 τοὺ-

352 4927 460 4963 των
487 4907 625 4963 εἶναι
657 4911 1149 4981 δυσπαρατήρητον
1178 4952 1193 4974 ,
1239 4912 1359 4965 κατ’
1382 4913 1560 4980 ὀλίγον
1611 4914 1927 4985 προσθήκης

354 5000 447 5052 καὶ
475 4999 814 5075 ὑφαιρέσεως
847 4999 1216 5070 λανθανούσης
1255 5001 1480 5064 εἰκότως
1521 5001 1618 5070 τὴν
1652 5001 1925 5072 αἴσθησιν.

366 5091 517 5142 Ἐπεὶ
560 5093 651 5141 καὶ
691 5090 862 5143 πολλὰ
903 5090 1010 5142 τῶν
1043 5090 1185 5145 οὕτω
1229 5091 1625 5160 αὑξομένων,ἢ
1677 5094 1930 5163 μειουμέ-

357 5200 479 5238 νων,
511 5181 709 5251 ἄδηλον
738 5182 851 5250 ἕχει
872 5184 971 5252 τὴν
1004 5183 1398 5255 καθημερινὴν,
1428 5186 1511 5254 ἐφ’
1541 5179 1692 5256 ᾧπερ
1724 5186 1788 5239 ἂν
1827 5187 1925 5239 τύ-

354 5287 426 5343 χῃ
475 5272 851 5342 παραλλαγὴν,
882 5274 1091 5338 οὐδενὸς
1138 5277 1340 5341 γνῶναι
1383 5278 1686 5346 δυναμένου
1729 5278 1928 5348 ῥαδίως

352 5361 476 5411 ὅσον
513 5360 635 5413 καθ’
672 5361 909 5430 ἑκάστην
939 5364 971 5431 ἡ
1004 5364 1111 5416 τῶν
1139 5364 1451 5434 αὐξομένων
1483 5366 1667 5435 ἡλικία
1701 5367 1925 5437 προστί-

351 5450 479 5522 θησι
509 5451 894 5520 προκύπτουσα
932 5453 1125 5521 διόλου,
1164 5456 1255 5507 καὶ
1292 5458 1391 5526 τῆς
1434 5459 1714 5527 προκοπῆς
1742 5458 1799 5510 τὸ
1830 5460 1925 5528 μὲ-

422 5675 469 5707 "
497 5673 700 5730 Jerem.
735 5692 787 5739 γ,
814 5676 903 5742 ‘22,
957 5678 1044 5730 25.
1123 5675 1168 5708 9⁸
1219 5673 1380 5731 llcbr.
1411 5692 1448 5740 ι,
1478 5675 1529 5727 5.

2039 4458 2298 4531 ρτωρυοιί
2329 4456 2603 4518 succedat,
2628 4468 2750 4524 quae
2765 4451 3023 4507 continuo
3040 4446 3394 4515 subsequitur
3416 4454 3612 4531 secun7

2038 4528 2167 4605 dum
2191 4547 2478 4603 continuas
2511 4544 2655 4597 lunte
2696 4539 3227 4611 transfigurationes,
3254 4549 3373 4604 quae
3401 4532 3474 4585 ita
3507 4528 3609 4583 sibi

2037 4642 2266 4695 invicem
2322 4637 2540 4700 cedunt,
2603 4643 2661 4687 ut
2693 4634 2816 4687 vitae
2846 4629 3183 4687 consuetudo
3216 4631 3526 4696 peragatur,
3559 4628 3612 4674 et

2038 4731 2271 4786 mutatio
2298 4726 2392 4781 fiat
2413 4725 2639 4780 luminis
2670 4724 3089 4785 incrementum,
3128 4720 3429 4784 harumque
3456 4710 3609 4766 dilic-

2039 4821 2218 4877 rcntia
2269 4818 2340 4873 sit
2389 4815 2620 4873 difﬁcilis
2674 4816 3005 4878 observato,
3059 4824 3184 4865 cum
3252 4805 3453 4861 additio
3523 4800 3609 4857 vel

2038 4915 2239 4970 ablatio
2271 4914 2467 4983 exigua
2503 4925 2721 4967 sensum
2763 4908 2959 4962 merito
2990 4904 3232 4958 lateant:
3267 4893 3610 4968 quandoqui-

2035 5008 2220 5062 dcmet
2251 5006 2418 5059 multa
2441 5018 2627 5059 eorum
2650 5016 2768 5072 quae
2796 5000 2874 5054 sic
2897 5003 3164 5065 augentur
3186 5000 3238 5045 et
3265 4989 3605 5049 minuuntur,

2036 5099 2366 5169 incognitam
2396 5097 2448 5150 in
2479 5095 2672 5165 quovis
2690 5108 2819 5148 casu
2849 5081 3446 5145 habetittliﬂerentiztrn,
3473 5092 3608 5145 quo—

2036 5186 2322 5252 tidianam,
2358 5200 2479 5238 cum
2515 5197 2673 5236 nemo
2711 5179 2865 5234 facile
2893 5179 3213 5247 dignoscere
3244 5175 3407 5238 queat
3430 5179 3606 5233 quan-

2037 5286 2148 5333 tum
2187 5292 2378 5332 eorum
2431 5291 2551 5345 qua:
2605 5280 2873 5342 augentur
2926 5277 3155 5329 statura,
3209 5259 3447 5332 quotidie
3476 5272 3601 5327 pro-

2034 5369 2284 5439 grediens
2345 5381 2437 5435 per
2492 5374 2685 5429 totum,
2741 5371 2794 5416 et
2849 5371 3171 5430 progressus
3224 5350 3441 5407 modum
3497 5360 3605 5400 non

2034 5458 2387 5514 manifestans
2452 5456 2700 5523 adjiciat,
2762 5453 2937 5506 donec
2992 5450 3045 5503 id
3100 5446 3322 5503 edoceat
3374 5449 3600 5507 tempus,
