4046 6152
440 316 583 385 1055

1943 308 2005 367 8.
2030 306 2197 367 NILI

3536 280 3679 348 1056

438 437 583 506 quod
614 433 866 487 continua
897 431 1032 485 visio
1056 430 1195 499 ejus,
1227 429 1371 500 quod
1403 426 1560 482 nebat
1590 439 1699 481 non
1722 423 2007 480 consuevit

2116 435 2234 489 τρον
2264 416 2325 469 ού
2355 414 2580 468 ποιοῦσα
2605 410 2858 481 φανερὸν,
2907 409 3011 469 ἕως
3062 408 3126 461 ἂν
3176 404 3364 476 χρόνος
3410 399 3565 455 τοῦτο
3600 402 3679 454 δι’

368 592 379 601 ἃ
437 528 686 583 edocere.

1004 771 1231 829 CAPUT
1254 770 1435 826 LXIV.

506 909 697 963 Nullus
733 908 930 962 etenim
974 906 1226 975 cognovit
1261 918 1499 973 unquam
1552 902 1852 957 secundum
1898 901 2008 954 εἰη-

435 1001 590 1071 gulas
621 1008 799 1069 partes
829 1000 1223 1053 incrementum
1253 998 1582 1067 plantarum,
1607 1002 1661 1049 ct
1691 994 2004 1055 herbarum,

435 1090 841 1154 animaliumve,
890 1105 954 1143 ac
983 1103 1296 1158 puerorum,
1343 1086 1437 1141 sed
1472 1101 1594 1139 cum
1642 1099 1737 1153 per
1787 1084 2006 1152 aliquod

436 1194 649 1250 tempus
686 1196 791 1233 non
834 1180 1027 1234 viderit
1082 1194 1201 1248 qua:
1234 1176 1603 1247 perﬁciuntur.
1630 1175 2005 1237 Postmodum,

435 1284 560 1323 cum
606 1281 797 1321 rursus
826 1268 1207 1333 conspexerit,
1264 1263 1511 1334 agnoscit
1554 1263 2006 1326 additamentum,

434 1356 583 1428 quod
607 1359 818 1413 interim
851 1356 1109 1427 paulatim
1142 1354 1391 1419 accessit,
1424 1353 1614 1421 sicque
1637 1350 1828 1406 ediscit
1857 1358 2007 1419 post-

434 1460 599 1514 quam
627 1444 783 1498 fuerit
808 1443 1126 1514 perfectum,
1152 1442 1320 1511 quod,
1344 1441 1473 1494 dum
1498 1439 1670 1501 ﬁeret,
1702 1437 2006 1508 ignorabat;

436 1531 688 1585 similiter
719 1531 906 1594 etiam,
944 1531 1071 1583 dum
1112 1529 1313 1597 aliquis
1341 1541 1535 1580 saxum
1567 1533 1888 1579 excavatum
1923 1525 2012 1577 in-

437 1623 597 1691 spicit
645 1638 706 1675 e:
743 1621 1113 1675 indetieieuter
1162 1620 1421 1673 instillata
1473 1626 1643 1686 gutta,
1703 1617 1857 1686 plene
1887 1631 2010 1685 per-

437 1716 697 1768 suadetur
732 1730 761 1767 a
814 1713 1182 1784 profunditate
1229 1713 1389 1781 longo
1420 1710 1683 1778 temporis
1727 1710 2010 1778 interjeeto

437 1808 613 1875 spatio
641 1804 907 1867 confecta,
936 1807 1079 1875 quod
1107 1819 1444 1874 unaquaeque
1470 1804 1630 1874 315
1646 1804 1784 1858 stilla
1804 1811 2009 1872 partem

438 1894 730 1960 quamdam
763 1892 1072 1947 eﬂossionis
1098 1891 1344 1961 perfecit,
1380 1893 1473 1945 sed
1507 1892 1861 1959 quantitatem
1894 1891 2010 1944 sin-

440 1981 667 2049 gillatim
695 1981 929 2047 ignorat,
960 1994 1081 2032 cum
1116 1979 1251 2032 visio
1282 1978 1547 2032 crassiora
1582 1979 1797 2046 quidem
1835 1977 2010 2031 sensi-

438 2067 569 2121 bilia
616 2067 1013 2135 aliquantulum
1069 2066 1355 2133 dignoscat
1394 2064 1619 2133 (fallitur
1664 2066 1809 2118 enim
1859 2074 1912 2118 et
1956 2064 2008 2117 in

443 2158 528 2210 bis
554 2158 773 2226 saepius)
800 2198 814 2220 ,
853 2157 917 2211 ad
954 2157 1197 2211 tenuiora
1247 2171 1375 2210 vero
1426 2156 1749 2210 collimanda
1780 2163 2012 2224 nequeat

440 2243 583 2297 felici
619 2245 837 2298 tendere
890 2260 1077 2308 cursu,
1110 2253 1165 2298 et
1226 2244 1450 2298 inertior
1483 2244 1885 2312 quodammodo
1918 2244 2008 2310 sit,

437 2340 494 2389 et
523 2333 736 2386 intirma
783 2333 848 2386 ad
898 2332 1212 2402 hujusmodi
1267 2346 1554 2400 corporum
1590 2333 2009 2401 perceptionem.

445 2423 640 2477 Stellas
679 2439 806 2478 vero
839 2424 883 2477 si
933 2425 1058 2492 quis
1090 2424 1459 2485 obscuriores,
1508 2432 1562 2476 et
1616 2423 2012 2490 splendidiores

441 2511 804 2575 armalabitur,
859 2510 985 2563 dum
1030 2510 1297 2563 obscurus
1356 2510 1425 2562 sit
1464 2517 1517 2561 et
1575 2508 1844 2576 ignobilis,
1904 2525 2011 2562 non

440 2601 702 2656 invidebit
733 2602 821 2666 iis,
859 2601 950 2668 qui
985 2600 1244 2668 dignitate
1269 2615 1331 2654 ac
1364 2600 1565 2654 divitiis
1592 2604 2011 2669 superemineat,

444 2707 543 2747 nec
575 2709 638 2747 ex
670 2693 918 2754 adverso,
952 2692 997 2745 si
1029 2692 1386 2746 sitexcellens
1411 2693 1463 2744 in
1497 2693 1622 2756 illis,
1643 2703 1831 2747 contra
1862 2695 2010 2761 viles,

441 2796 497 2840 et
543 2785 723 2853 (veluti
774 2784 1148 2853 purgamenta)
1207 2784 1445 2852 abiectos
1490 2786 1682 2851 grandi
1752 2795 2012 2840 tumcscet

444 2877 756 2945 supercilio,
802 2875 1178 2944 conspicatus,
1231 2877 1375 2944 quod
1423 2875 1525 2929 illm
1565 2887 1834 2932 contenta:
1888 2891 2016 2934 sunt

441 2968 661 3038 prepria
707 2966 834 3021 sede
866 2982 930 3020 ac
966 2966 1105 3029 loco,
1156 2976 1208 3019 et
1256 2975 1443 3020 amant
1473 2982 1792 3035 permanere
1823 2970 1875 3021 in
1908 2970 2010 3034 bis,

2105 509 2262 579 δάξῃ.
2286 508 2314 559 ὃ
2341 506 2416 576 μὴ
2434 506 2703 558 διδάσκειν
2739 505 2772 572 ὴ
2805 500 3031 571 συνεχὴς
3056 498 3296 567 πέφυκεν
3328 495 3448 563 ὄψις
3470 491 3559 546 τοῦ
3590 511 3677 560 γι-

2107 598 2352 669 νομένου.

2688 764 2915 820 ΚΕΦΑΔ
2927 801 2941 817 .
2979 764 3093 816 ΞΔἎ

2179 881 2365 943 Οὐδεὶς
2410 880 2503 933 οὖν
2558 878 2775 930 πώποτε
2810 876 3013 943 φυτῶν,
3061 873 3155 925 καί
3204 870 3371 930 ποῶν,
3403 869 3556 932 ζώων
3600 884 3679 925 τε,

2110 972 2202 1025 καὶ
2231 972 2438 1024 παίδων
2474 970 2613 1033 ἔγνω
2638 968 2736 1037 τὴν
2765 966 2907 1020 κατὰ
2935 965 3100 1037 μέρος
3123 962 3259 1033 πρὸς
3293 961 3466 1030 μῆκος
3498 959 3679 1010 ἐπίδο-

2112 1079 2215 1115 σιν·
2247 1062 2422 1131 χρόνῳ
2454 1060 2511 1112 δέ
2537 1077 2642 1112 τινι
2671 1058 2745 1127 μὴ
2768 1055 3100 1124 θεασάμενος
3126 1053 3192 1105 τὰ
3217 1051 3520 1120 ὐψούμενα.
3550 1044 3681 1101 Εἶτα

2110 1153 2268 1215 αὖθις
2302 1152 2424 1205 ἰδὼν
2456 1152 2552 1222 τὴν
2589 1153 2645 1203 ἐν
2672 1149 2747 1219 τῷ
2774 1146 3135 1218 μεταξνκατά
3168 1143 3363 1212 μικρὸν
3390 1141 3681 1208 γινομένην

2110 1244 2249 1311 ἔγνω
2299 1243 2634 1312 προσθήκην,
2678 1241 2815 1309 ὅπερ
2863 1238 3131 1307 ἠγνόησεν
3188 1237 3245 1287 ἐν
3304 1232 3382 1302 τῷ
3415 1231 3677 1299 γίνεσθαι,

2108 1335 2265 1387 τοῦτο
2285 1337 2341 1387 ὲν
2360 1332 2437 1402 τῷ
2465 1331 2790 1401 γεγενῆσθαι
2818 1328 3026 1399 μαθών.
3051 1327 3206 1379 Οὕτω
3228 1343 3332 1387 τις,
3362 1324 3456 1377 καὶ
3477 1323 3679 1391 πέτραν

2111 1427 2483 1482 κοιλανθεῖσαν
2534 1425 2895 1486 ἀδιαλείπτως
2935 1419 3300 1489 ἐπισταζούσῃ
3347 1417 3680 1485 θεασάμενος

2112 1518 2283 1590 ῥανίδι
2312 1517 2390 1587 τῷ
2425 1518 2620 1587 χρονίῳ
2656 1515 2830 1585 βάθει,
2857 1513 3282 1583 πληροφορετται
3314 1511 3412 1579 μὲν
3450 1509 3525 1570 ὡς
3551 1507 3680 1559 ἐκά-

2114 1627 2211 1679 στη
2256 1607 2492 1675 σταγὼν,
2532 1607 2697 1678 μέρος
2727 1622 2782 1657 τι
2819 1604 2913 1657 τοῦ
2957 1603 3269 1674 ὀρύγματος
3302 1601 3490 1671 ῆνυσε.
3526 1599 3587 1651 τὸ
3623 1597 3683 1650 δὲ

2111 1700 2234 1752 ὅσον
2290 1699 2389 1751 οὐκ
2435 1694 2566 1760 οἶδε,
2623 1697 2724 1765 τῆς
2781 1695 2955 1765 ὕψεως
3002 1694 3072 1748 τὰ
3116 1694 3213 1763 μὲν
3248 1690 3532 1761 παχύτερα
3576 1689 3682 1743 τιῖιν

2113 1790 2386 1859 αἰσθητῶν
2418 1788 2791 1859 γνωριζούσης
2821 1786 3004 1849 ποσῶς
3035 1785 3347 1855 (σφάλλεται
3369 1783 3480 1849 γὰρ
3505 1782 3598 1835 καὶ
3627 1784 3684 1836 ἐν

2110 1882 2319 1943 τούτοις
2342 1880 2645 1947 πολλάκις),
2676 1881 2787 1942 τοῖς
2813 1878 2870 1931 δὲ
2895 1878 3238 1947 λεπτοτέροις
3267 1877 3385 1929 οὐδὲ
3409 1875 3684 1928 ἐπιϐαλεῖν

2111 1974 2433 2044 δυναμένης,
2460 1970 2761 2043 ἀργοτέρας
2788 1986 2903 2032 πως
2927 1967 3114 2036 οὔσης,
3143 1967 3237 2020 καὶ
3267 1966 3526 2029 ἀσθενοῦς
3549 1965 3684 2035 πρὸς

2112 2062 2210 2132 τὴν
2244 2062 2351 2114 τῶν
2385 2060 2643 2113 τοιούτων
2678 2058 2945 2128 σωμάτων
2978 2056 3282 2126 ἀντίληψιν,
3326 2046 3598 2124 Ἀἇτέρων
3625 2051 3682 2107 δὲ

2111 2155 2238 2216 τοῦς
2266 2152 2688 2223 ἀμυδροτέρους,
2725 2150 2821 2203 καὶ
2854 2148 3254 2218 φαιδροτέρους,
3302 2147 3357 2199 εἴ
3387 2163 3469 2208 τις
3509 2143 3685 2214 ζηλώ-

2116 2262 2278 2308 σειεν,
2322 2243 2445 2296 οὔτε
2489 2242 2701 2311 ἀφανὴς
2750 2241 2824 2293 ὢν
2858 2242 2952 2293 καὶ
2984 2240 3217 2309 ἄσημος,
3279 2236 3542 2307 βασκανεῐ
3577 2237 3683 2298 τοῖς

2116 2334 2472 2405 ὑπερέχουσιν
2502 2334 2647 2404 ἀξίᾳ
2704 2332 2797 2386 καὶ
2835 2331 3071 2400 πλούτῳ,
3122 2329 3244 2382 οὔτε
3281 2330 3444 2382 πάλιν
3482 2328 3684 2379 εὐδοκι-

2120 2424 2236 2494 μῶν
2284 2425 2340 2477 ἐν
2388 2426 2597 2486 τούτοις
2628 2423 2770 2477 κατὰ
2796 2422 2904 2475 τῶν
2938 2420 3168 2473 εὐτελῶν
3209 2420 3284 2482 ὼς
3317 2419 3684 2487 καθαρμάτων

2115 2516 2550 2585 ὀφρυωθήσεται,
2581 2516 2905 2584 στέργοντας
2934 2513 3173 2574 ἐκείνους
3197 2510 3292 2580 τὴν
3318 2509 3523 2562 οἰκείαν
3538 2506 3684 2571 τάξιν

2117 2607 2278 2676 ὁρῶν,
2319 2608 2410 2658 καὶ
2453 2605 2780 2673 ἀγαπῶντας
2840 2604 3018 2673 μένειν
3056 2603 3114 2653 ἐν
3157 2596 3238 2663 οἷς
3278 2599 3681 2668 ἐκληρώθησαν,

2114 2697 2189 2760 ὡς
2226 2697 2498 2767 ἠϐουλήθη
2556 2699 2583 2749 ὁ
2630 2694 2699 2748 τά
2740 2694 2913 2765 μέτρα
2955 2696 3048 2749 τοῦ
3086 2694 3263 2764 φωτὸς
3299 2693 3479 2753 αὐτοῖς
3518 2689 3686 2750 τάξας

2116 2788 2267 2850 Θεὸς.
2306 2791 2412 2841 Καὶ
2438 2788 2735 2859 φρονίμους
2758 2787 2906 2856 ἡμᾶς
2939 2784 3081 2838 κατὰ
3121 2784 3212 2835 τδν
3244 2783 3378 2850 ὅφιν.
3411 2778 3504 2831 καὶ
3547 2777 3679 2829 ἀκε-

2121 2878 2306 2946 ραίους
2347 2878 2488 2930 κατά
2537 2878 2637 2946 τὴν
2662 2876 2988 2947 περιστερὰν
3025 2870 3164 2927 εἶναι
3204 2873 3368 2925 θέλων
3396 2870 3423 2921 ὁ
3455 2867 3680 2937 Κύριος,

2119 2968 2337 3020 πάντων
2373 2970 2518 3037 ἡμᾶς
2544 2968 2652 3020 τῶν
2687 2967 2868 3038 μερῶν
2900 2966 2997 3034 τῆς
3026 2965 3255 3025 κτίσεως
3277 2960 3563 3030 καθίστησι
3588 2974 3694 3027 μα-

443 3058 497 3112 in
553 3057 749 3125 quibus
807 3056 959 3124 quasi
1006 3065 1153 3111 sorte
1203 3054 1424 3108 fuerunt
1482 3057 1684 3122 electae,
1741 3065 1801 3109 ut
1867 3057 2011 3113 Deus

2116 3060 2304 3130 θητᾶς,
2349 3059 2409 3110 οὐ
2458 3059 2799 3127 φυλάξαντας
2832 3056 2934 3125 τῆς
2971 3055 3198 3116 κτίσεως
3239 3052 3337 3121 τὴν
3387 3051 3685 3117 εὐγένειαν,

441 3144 636 3207 voluit,
660 3143 751 3213 qui
785 3158 1071 3197 mensuras
1102 3142 1323 3196 luminis
1354 3142 1486 3211 ipsis
1515 3141 1808 3210 adaptavit.
1846 3143 2010 3209 Quin,

440 3249 567 3289 cum
619 3218 914 3301 prudentes
975 3231 1052 3284 uti
1110 3236 1425 3298 serpentes,
1494 3239 1548 3283 et
1603 3231 1876 3300 simplices
1936 3233 2013 3285 uti

441 3321 723 3377 columbas
746 3321 790 3352 ⁹⁰
821 3334 921 3373 nos
953 3334 1071 3373 esse
1100 3319 1228 3371 velit
1262 3318 1544 3382 Dominus,
1574 3320 1736 3372 etiam
1771 3319 2013 3373 omnium

443 3413 590 3469 orbis
645 3412 879 3482 partium
925 3425 1025 3463 nos
1071 3409 1351 3463 constituit
1389 3396 1718 3479 discipulos,
1776 3410 1865 3478 qui
1908 3426 2014 3463 non

443 3518 663 3561 servare
715 3504 769 3557 in
812 3504 913 3555 hoc
960 3502 1219 3556 debemus
1277 3501 1610 3554 nobilitatem
1668 3502 2014 3568 conditionis,

443 3596 535 3652 scd
568 3595 762 3649 merito
783 3595 981 3649 instrui
1018 3594 1084 3647 ad
1116 3594 1315 3647 bonum
1340 3595 1585 3649 ordinem
1616 3610 1679 3648 ex
1709 3596 2016 3665 insipientia

441 3691 511 3746 ab
542 3690 610 3743 iis
643 3689 735 3758 qui
773 3688 915 3742 servi
949 3688 1220 3756 quondam
1272 3689 1619 3753 exstiterunt,
1677 3697 1737 3742 ut
1792 3691 1860 3743 ab
1910 3690 2018 3744 illis

442 3776 744 3830 doctrinam
796 3774 1123 3841 accipientes
1173 3773 1278 3843 sub
1321 3775 1514 3838 oculis,
1571 3775 1625 3826 in
1680 3774 1836 3829 nobis
1883 3775 2017 3844 ipsis

443 3863 749 3927 scientiam,
781 3861 848 3915 ad
898 3876 1058 3930 quam
1114 3860 1225 3913 nati
1275 3876 1489 3926 sumus,
1523 3862 1854 3928 excitemus;
1893 3878 2015 3917 cum

441 3953 650 4007 scilicet
697 3951 966 4021 possimus
1014 3952 1285 4019 inculpate
1320 3951 1500 4004 vivere
1534 3966 1564 4004 c
1609 3952 2017 4023 nobismetipsis

443 4045 728 4113 deligendo
781 4046 943 4110 bona,
994 4061 1095 4099 nec
1127 4046 1287 4099 veluti
1323 4045 1713 4109 mendicantes,
1747 4046 2014 4113 faciendo,

443 4145 503 4189 ut
528 4137 578 4189 id
610 4137 662 4189 in
691 4151 790 4192 nos
820 4137 991 4191 exteri
1022 4138 1328 4192 conferant.
1371 4136 1592 4201 Verum,
1628 4154 1660 4192 ο
1695 4138 2014 4205 beatissimi,

442 4236 637 4297 praeter
659 4229 764 4283 alia
792 4230 976 4283 omnia
1005 4230 1166 4293 bona,
1193 4238 1249 4284 et
1276 4231 1627 4284 concordiam
1663 4231 1804 4284 inter
1821 4247 1937 4296 vos,
1966 4240 2019 4286 et

442 4319 828 4387 experientiam
858 4335 1073 4387 eorum,
1103 4336 1223 4388 quae
1246 4320 1519 4389 pertinent
1551 4324 1616 4375 ad
1650 4338 2017 4392 unumquem-

2117 3150 2209 3203 καὶ
2257 3147 2408 3218 παρὰ
2448 3147 2556 3200 τῶν
2584 3164 2711 3199 ποτε
2745 3146 2948 3199 δούλων
2977 3144 3201 3207 εἰκότως
3236 3138 3686 3208 παιδαγωγουμέ-

2116 3258 2237 3303 νους
2260 3239 2396 3310 πρὸς
2420 3240 2479 3292 τδ
2507 3238 2766 3291 εῦτακτον
2788 3238 2885 3307 τῆς
2919 3234 3407 3305 ἀφροσύνηςρπως
3435 3231 3535 3301 τὴν
3561 3230 3687 3298 παρ’

2118 3332 2298 3394 αὐτοῖς
2337 3331 2634 3400 μαθητείαν
2672 3330 2926 3390 λαϐόντες
2967 3328 3190 3380 ὑπώπια
3227 3324 3324 3394 τὴν
3372 3326 3430 3375 ἐν
3481 3323 3689 3381 ἑαυτοῖς

2118 3426 2427 3492 κινήσωμεν
2481 3424 2791 3491 ἐπιστήμην
2852 3419 2973 3475 καθ’
3020 3421 3084 3490 ἥν
3152 3418 3476 3486 γεγόναμεν·
3546 3410 3689 3481 βιοῦν

2118 3514 2425 3581 ἀμέμπτως
2454 3513 2740 3583 δυνάμενοι
2772 3511 2831 3575 ἐξ
2860 3509 3068 3564 ἑαυτῶν
3098 3506 3252 3577 αίρού
3263 3523 3412 3576 μενοι
3437 3504 3504 3556 τὰ
3531 3502 3687 3563 καλὰ,

2117 3604 2214 3658 καὶ
2247 3605 2345 3656 ούκ
2386 3602 2584 3667 ἔξωθεν
2618 3602 2757 3654 κατά
2786 3603 2912 3664 τοὺς
2946 3597 3337 3671 μεταιτοῦντας
3372 3592 3689 3664 ἐρανιζόμεο

2117 3712 2198 3748 νοι
2225 3693 2401 3747 τοῦτο.
2449 3693 2586 3761 ’ᾼλὶε
2626 3694 2792 3762 ὑμᾶς,
2841 3686 2885 3744 ὦ
2934 3687 3365 3761 μακαριώτατοι,
3417 3683 3555 3755 μετὰ
3585 3680 3689 3733 τῶν

2118 3784 2291 3839 ἄλλων
2323 3784 2574 3837 ἁπάντων
2608 3782 2809 3846 καλῶν,
2840 3782 2934 3834 καὶ
2963 3783 3061 3851 τῆς
3090 3777 3427 3848 συμφωνίας,
3464 3773 3557 3826 καὶ
3594 3775 3691 3839 τῆς

2120 3877 2248 3946 περὶ
2282 3875 2348 3928 τὰ
2389 3874 2746 3927 ἐπιϐάλλοντα
2792 3874 2998 3944 ἑκάστῃ
3031 3870 3362 3925 καταστάσει
3404 3863 3689 3936 ἐμπειρίας

2119 3965 2419 4037 θαυμάζειν
2448 3964 2596 4029 ἀξιον
2629 3965 2746 4026 πῶς
2769 3962 3070 4033 ψαλτηρίου
3112 3961 3210 4030 μὲν
3247 3958 3584 4030 εύαρμόστου
3617 3954 3679 4006 δίο

2119 4073 2222 4128 κην
2252 4059 2308 4108 ἐν
2339 4056 2615 4125 διαφόροις
2647 4056 2904 4122 φθόγγοις
2927 4052 2983 4104 ἓν
3013 4052 3114 4120 τῆς
3144 4049 3421 4109 εὐσεϐείας
3448 4045 3684 4115 συνηχεῖ-

2118 4165 2177 4201 τε
2207 4148 2388 4218 μέλος,
2425 4146 2584 4210 ἄλλος
2613 4146 2741 4199 ἄλλο
2778 4163 2829 4197 τι
2868 4144 3074 4212 ταύτης
3114 4139 3499 4211 μετερχόμενοι
3531 4131 3686 4196 εἶδος,

2119 4241 2215 4293 καὶ⁴
2247 4239 2422 4302 οὐδεὶς
2480 4237 2702 4307 ἀπᾴδων
2755 4236 2967 4298 οὐδενὸς
3015 4233 3104 4286 διὰ
3135 4231 3232 4304 τὴν
3261 4230 3397 4300 πρὸς
3436 4227 3688 4298 ἀλλήλους

2122 4331 2389 4400 ὑπακοὴν,
2418 4332 2539 4400 ἣτις
2587 4330 2714 4391 τοὺς
2762 4327 3125 4397 διῃρημένους
3168 4325 3280 4385 τοῖς
3317 4320 3530 4389 σώμασι
3569 4334 3688 4370 συν-

444 4423 550 4476 que
576 4424 755 4462 rerum
798 4417 995 4462 statum
1018 4450 1032 4473 ,
1069 4409 1291 4478 dignum
1328 4419 1410 4463 est
1447 4421 1507 4464 ut
1558 4426 1749 4465 omnes
1783 4413 2012 4467 admira-

2122 4423 2315 4475 άπτειν
2350 4420 2640 4491 όμοψύχως
2663 4421 2780 4482 ταῖς
2811 4417 3059 4487 γνώμαις
3084 4417 3291 4482 πέφυκε
3320 4411 3457 4481 πρὸς
3483 4409 3576 4462 ἕνα
3603 4408 3687 4461 τὸν

445 4499 592 4552 tione
623 4506 860 4552 vestrum
910 4498 1071 4552 etiam
1121 4509 1522 4568 prosequantur
1589 4502 1837 4567 modum,
1891 4519 2018 4573 quo,

444 4589 509 4642 ad
562 4589 734 4643 instar
796 4589 931 4642 bene
993 4590 1158 4658 aptati
1215 4590 1458 4644 Psalterii
1518 4592 1746 4647 diversis
1796 4596 2020 4651 vocibus

388 4723 396 4732 .
442 4696 611 4734 unum
653 4680 868 4749 pietatis
904 4682 1193 4736 concinitis
1239 4683 1533 4749 canticum,
1577 4684 1740 4757 316
1783 4703 2017 4756 quorum

445 4770 582 4823 alius
611 4770 770 4823 aliam
800 4771 962 4839 hujus
992 4773 1224 4841 speciem
1251 4784 1507 4841 sectatur,
1533 4785 1586 4830 et
1607 4779 1789 4832 nullus
1810 4779 1878 4833 ab
1906 4780 2016 4834 ullo

445 4861 711 4930 discrepat
734 4862 787 4916 in
821 4871 983 4917 cantu
1018 4864 1087 4937 ob
1120 4875 1359 4919 mutuam
1402 4868 1786 4936 obedientiam,
1819 4871 2017 4941 quippe

444 4966 564 5017 quae
623 4952 927 5020 disjunctos
979 4964 1255 5026 utcunque
1305 4958 1627 5027 corporibus
1688 4961 2015 5030 conjungere

445 5049 775 5104 unanimiter
826 5052 1200 5109 voluntatibus
1253 5056 1452 5110 assolet
1504 5054 1571 5109 ad
1624 5071 1786 5109 unam
1835 5057 2015 5124 operis

446 5144 674 5199 metam,
730 5141 922 5195 musici
986 5156 1183 5208 more,
1237 5144 1498 5213 cujusque
1554 5143 1772 5197 chorda:
1829 5152 2015 5198 tonum

2122 4463 2310 4475 "'""'
2352 4463 2638 4491 *ιη’-’τ-Λννν
2674 4463 2777 4482 --τνν
2823 4463 3056 4487 t"'r"‘"
3089 4463 3180 4482 ---ι
3368 4463 3380 4481 ι
3438 4463 3454 4473 -

2119 4512 2213 4564 τοῦ
2254 4512 2416 4581 ἔργον
2442 4512 2663 4574 σκοπὸν,
2699 4508 2962 4580 μουσικοῦ
2985 4507 3162 4577 δίκην,
3198 4505 3287 4557 τὸν
3315 4503 3551 4570 ἑκάστης
3570 4515 3687 4570 χορ-

2117 4604 2214 4673 δῆς
2257 4603 2389 4655 ἴδιον
2420 4602 2566 4667 ὀξὺν,
2596 4602 2629 4671 ἢ
2665 4601 2833 4671 βαρὺν
2870 4599 3019 4651 τόνον
3048 4594 3342 4666 κιρνῶντος
3373 4592 3509 4662 πρὸς
3539 4593 3687 4659 ἐναρ-

2124 4694 2307 4764 μόνιον
2342 4693 2631 4764 μελῳδίαν.
2659 4693 2731 4744 Τὸ
2758 4691 2862 4762 γὰρ
2893 4690 3126 4758 ἀπηχεῖν
3158 4686 3395 4755 ἑκάστης
3424 4680 3611 4735 δοκοῦν
3634 4680 3687 4730 ὲν

2124 4784 2202 4854 τῷ
2232 4783 2535 4853 ἀνωμάλως
2565 4782 2842 4846 τετάσθαι,
2880 4780 3039 4832 τοῦτο
3073 4778 3308 4849 μάλιστα
3340 4775 3442 4843 τὴν
3472 4788 3687 4842 συμφω-

2123 4874 2242 4928 νίαν
2274 4873 2594 4944 ἐργάζεται,
2623 4875 2735 4936 τοῖς
2763 4872 3039 4941 διαφόροις
3064 4870 3406 4939 τερετισμοῖς
3443 4865 3578 4935 πρὸς
3606 4861 3691 4915 τὸν

2125 4964 2330 5035 ῥυθμὸν
2362 4965 2719 5035 χρησιμεύειν
2755 4963 2848 5017 τοῦ
2888 4963 3151 5035 ᾄσματος,
3189 4959 3369 5015 καὶτὸ
3410 4959 3572 5028 μέρος
3600 4957 3689 5024 ἀρ-

2121 5056 2249 5109 τύον
2286 5055 2421 5126 πρὸς
2457 5056 2519 5108 τὸ
2556 5056 2773 5125 λιγυρὸν
2811 5057 2922 5119 τοῖς
2951 5053 3368 5124 ἐνηλλαγμένως
3411 5051 3520 5104 τῶν
3555 5050 3690 5118 ἤχων

2123 5146 2498 5216 ψιθυρισμοῖς.

447 5228 665 5277 acutum
704 5238 795 5281 aut
832 5245 1051 5297 gravem
1083 5232 1463 5301 permisccntis
1492 5233 1557 5284 ad
1588 5232 2009 5286 modulationem
2049 5244 2170 5304 apte
2202 5238 2673 5305 componendam;
2742 5236 2874 5291 illud
2939 5237 3164 5302 etenim,
3207 5250 3317 5305 quo
3359 5243 3691 5301 unaquaeque

447 5311 648 5365 chorda
673 5313 885 5371 videtur
910 5321 1214 5384 dissonare,
1238 5321 1366 5373 dum
1405 5321 1745 5388 inmqualiter
1813 5322 2084 5386 tendatur,
2124 5324 2225 5378 hoc
2276 5326 2512 5379 maxime
2558 5333 2883 5379 concentum
2935 5324 3101 5379 el‘licit
3144 5338 3427 5383 sonorum,
3478 5337 3601 5375 cum
3632 5335 3688 5371 ex

450 5403 765 5459 diversitate
788 5409 1151 5475 pulsatiouum
1186 5412 1391 5466 utilitas
1424 5412 1689 5467 redundet
1756 5413 1821 5467 ad
1883 5414 2080 5469 cantici
2122 5416 2567 5482 concinnitatem,
2604 5427 2658 5472 et
2687 5426 2868 5487 partes
2911 5418 3128 5473 condiat
3179 5417 3244 5471 ad
3276 5416 3688 5487 jucunditatem,

452 5497 800 5551 commutatis
839 5502 1116 5556 sonituum
1157 5502 1639 5558 susurrationibus.

531 5646 577 5683 ”
614 5646 802 5702 Matth.
835 5668 888 5717 ιι,
946 5653 1027 5706 16.
