4046 6152
429 375 562 440 1057

1010 487 1260 541 ΚΕΦΑΛ.
1296 486 1384 538 ΞΕ
1401 527 1416 540 .

493 609 619 672 uo;
675 607 732 661 δὲ
779 601 940 661 πάλιν
988 601 1370 658 νεοσύντακτοι
1443 599 1538 654 καὶ
1594 599 2000 670 προκόπτοντες

425 702 526 767 Eri,
563 703 657 762 καζι
685 702 796 762 τοῖς
825 697 1036 768 λιμέσιν
1066 693 1502 766 ὲνορμιζόμενοι,
1533 693 1634 762 τῆς
1666 691 2001 762 τελειότητος

423 797 610 867 τηρεῖν
656 793 754 862 τὴν
796 788 1003 842 ἑαυτῶν
1045 788 1174 857 παρ’
1211 788 1340 856 ὑμῖν
1383 786 1555 838 οῖδασι
1608 783 1781 849 τάξιν,
1816 785 1866 836 οἱ
1901 783 1998 852 μὲν

424 883 890 958 γαστριμαργίαν,
917 881 964 934 οἱ
1001 881 1056 933 δὲ
1085 879 1412 943 κενοδοξίαν,
1449 875 1829 946 ὑπερηφανίαν
1858 874 1916 928 δὲ
1949 875 1998 926 οῖ

425 978 786 1048 ὑπερέχοντες
817 972 1229 1044 (ἐκτρεπόμενοι
1256 972 1335 1032 είς
1358 967 1575 1039 ὀλέθρια
1597 965 1998 1036 πάθη),ιέγκρά⁸

422 1089 571 1124 τειαν
597 1071 674 1132 δὲ,
713 1067 808 1120 καὶ
836 1067 896 1120 τὸ
929 1067 1004 1136 μὴ
1029 1066 1163 1134 πρὸς
1188 1062 1342 1128 δόξαν
1364 1062 1475 1116 τῶν
1505 1061 1812 1131 ἀνθρώπων
1845 1061 1997 1131 ὁρᾷν,

423 1163 514 1216 καὶ
565 1161 624 1214 τὸ
663 1159 867 1230 ἄτυφον
918 1159 1108 1211 ἀσκεῖν
1155 1155 1487 1220 σπουδαίως;
1533 1153 1658 1208 Ὀτι
1711 1154 2000 1225 πλησμονὴ

422 1253 679 1323 γαστρὸς,
713 1249 935 1320 ἀρδείαν
957 1247 1166 1314 εἰσάγει
1203 1247 1312 1301 τῶν
1351 1246 1752 1318 ὑπογαστρίων,
1782 1249 2000 1318 πικροῖς

424 1345 610 1414 ὥσπερ
636 1343 840 1414 ὀχετοῖς
869 1341 984 1404 τοῖς
1016 1341 1081 1392 ἐκ
1109 1337 1202 1392 τοῦ
1233 1337 1394 1409 κόρου
1423 1337 1747 1408 φερομένοις
1779 1337 2000 1402 ποτιζο-

427 1435 604 1504 μένων
639 1429 1032 1502 πλημμηροῦσι
1077 1427 1333 1498 ῥείθροις,
1365 1427 1628 1497 κνισμοὺς
1686 1429 1750 1480 ἐκ
1793 1427 1999 1481 τούτων

425 1523 727 1578 ποιούντων
749 1524 988 1594 τραχεῖς,
1016 1520 1110 1574 καὶ
1139 1519 1227 1572 τὸν
1261 1519 1362 1590 τῆς
1403 1517 1760 1589 σωφροσύνης
1789 1518 1997 1586 ἀγῶνα,

422 1619 534 1680 τοῖς
560 1614 960 1684 γαργαλισμοῖς
988 1611 1334 1683 παρεχόντων
1376 1608 1652 1664 ἐπίπονον·
1694 1608 2000 1674 κενοδοξίαν

420 1708 476 1760 δὲ
510 1706 672 1761 πάλιν
717 1705 918 1768 εἰδότες
958 1703 1254 1774 φαντασίαν
1295 1701 1574 1773 ἀνόνητον,
1625 1702 1848 1764 εἰκότως
1875 1701 2001 1769 φεύ-

421 1815 578 1868 γουσι
613 1797 822 1866 ταύτην
871 1798 1052 1848 πονεῖν
1109 1795 1246 1866 ὑπὲρ
1299 1795 1498 1863 ἀρετῆς
1555 1793 1848 1847 πείθουσαν
1901 1793 1997 1846 καὶ

421 1888 755 1960 ἀχρειοῦσαν
789 1885 916 1949 τοὺς
950 1885 1163 1947 πόνους,
1196 1884 1321 1937 ἐπεὶ
1350 1885 1425 1956 μὴ
1443 1885 1560 1954 Θεῴ
1588 1883 1997 1938 δεικνύναιτού-

417 1999 546 2044 τους
570 1979 818 2048 βούλεται
850 1977 929 2046 τῷ
961 1977 1070 2030 τῶν
1099 1977 1357 2048 κρυπτῶν
1385 1976 1561 2047 ἔργων
1591 1976 1848 2046 ἐμφανῶς
1877 1976 1998 2046 όρὲ-

419 2089 568 2140 γοντι
601 2069 698 2141 τὴν
727 2069 1016 2131 ἀντίδοσιν,
1040 2067 1346 2138 ἀνθρώποις
1371 2067 1427 2120 δὲ
1457 2068 1800 2139 δημοσιεύειν
1827 2069 1894 2120 τά
1917 2085 1998 2135 γι·

421 2163 623 2231 νόμενα
657 2161 937 2225 θέλουσαν,
965 2162 1078 2223 τοῖς
1108 2159 1362 2222 ἐπαίνους
1383 2159 1663 2230 παρέχειν,
1691 2159 1767 2222 εἰς
1805 2157 1998 2228 μισθοῦ

419 2251 598 2321 λόγον,
626 2253 829 2314 ἱκανοῖς
851 2251 970 2304 οὖσι
997 2250 1158 2304 πλέον
1189 2251 1361 2314 οὐδὲν,
1395 2251 1487 2304 καὶ
1514 2251 1613 2321 τῆς
1641 2250 1859 2304 αἰωνίου
1907 2249 2000 2304 καὶ

422 2345 624 2414 πολλῆς
655 2344 1018 2416 ἀποστεροῦσι
1041 2342 1228 2412 τιμῆς.
1273 2343 1332 2394 '0
1378 2341 1488 2412 γάρ
1531 2342 1666 2412 πρὸς
1697 2343 1758 2395 τὸ
1789 2341 2000 2412 θαυμα-

427 2435 618 2504 σθῆναι
645 2434 795 2504 παρά
816 2433 1250 2504 τῶν⁹ἀνθρώπων
1278 2432 1676 2502 ἀναδεξάμενος
1704 2435 1884 2486 ὅντινα
1908 2429 1999 2486 οὖν

424 2523 692 2593 κάματον,
723 2523 873 2576 οὐδὲν
902 2523 1010 2575 τῶν
1040 2523 1134 2576 ἐπὶ
1168 2525 1371 2594 σκηνῆς
1411 2523 1856 2592 παραδοξοποιῶν
1881 2524 1998 2576 δια-

423 2614 600 2684 φέρει,
631 2613 809 2684 μισθῷ
839 2613 916 2684 τῷ
947 2615 1100 2684 παρὰ
1119 2613 1226 2666 τῶν
1257 2615 1608 2684 τερπομένων
1640 2615 1997 2685 ἀρκούμενος,

423 2707 517 2758 καὶ
556 2705 708 2776 παρά
743 2705 835 2759 τοῦ
863 2705 998 2758 Θεοῦ
1029 2704 1186 2760 ἀλλον
1219 2707 1392 2758 αἰτεῖν
1421 2707 1606 2758 οὐκέτι
1645 2705 1864 2775 εὔλογος
1891 2706 1996 2759 ὧν·

421 2797 504 2851 ὅτι
550 2799 624 2869 μὴ
657 2799 747 2851 τὸν
782 2797 938 2869 ποιρά
963 2798 1151 2852 τούτου
1185 2798 1372 2851 λαϐεῖν
1406 2799 1465 2865 ἐξ
1503 2800 1700 2870 ἀρχῆς,
1737 2800 1874 2854 ἀλλά
1908 2801 2002 2855 τὸν

425 2889 553 2959 παρ’
574 2889 796 2941 ἐκείνων
820 2889 1099 2958 προὲθετο.
1155 2888 1316 2941 Ἀλλά
1355 2889 1448 2941 καὶ
1483 2889 1544 2941 τὸ
1583 2890 1682 2960 τῆς
1713 2890 2000 2960 ὑπερηφα-

426 2979 544 3043 νίας
588 2979 782 3048 ἄλογον
824 2981 990 3042 πάθος
1028 2979 1253 3043 δικαίως
1281 2980 1658 3050 βδελύττονται
1687 2998 1700 3011 ·
1742 2983 1863 3052 τίνα
1893 2985 2001 3052 γάρ

423 3089 509 3137 τις
530 3072 642 3142 ἔχει
673 3073 814 3125 κατά
837 3089 979 3134 τινος
1005 3073 1140 3143 πρὸς
1175 3073 1431 3125 ἀπόνοιαν
1453 3073 1728 3142 πρόφασιν
1757 3074 1997 3143 εὔλογον,

1226 371 1322 430 DE
1354 366 1852 428 VOLUNTARIA
1877 359 2376 424 PAUPERTATE
2428 361 2527 420 AD
2560 358 2906 420 MAGNAM.

2027 483 2074 539 A

3536 357 3682 424 1033

2677 468 2906 526 CAPUT
2943 467 3102 523 LXV.

2173 585 2279 641 Sed
2308 601 2338 640 e
2377 587 2671 650 contrario,
2703 586 2797 656 qui
2832 587 2901 640 de
2933 600 3074 640 novo
3109 585 3161 638 in
3192 583 3380 638 eodem
3413 599 3678 640 annume-

2099 675 2202 728 rati
2232 683 2360 728 sunt
2387 673 2597 740 ordine,
2623 683 2676 727 et
2695 676 2992 728 etiamnum
3028 671 3256 726 ulterius
3279 673 3676 740 provehuutur,

2103 763 2265 830 quive
2294 763 2361 816 ad
2403 761 2752 832 perfectionis
2781 771 2970 832 portus
3001 762 3272 832 appellere
3315 761 3678 823 contendunt.

2101 850 2378 919 quomodo
2407 848 2548 918 apud
2582 863 2675 902 vos
2701 864 2858 902 suum
2913 849 3154 916 ipsorum
3187 848 3432 900 ordinem
3463 862 3682 901 servare

2030 965 2038 973 -
2099 951 2323 1004 norunt,
2372 949 2425 995 et
2479 939 2536 994 hi
2597 939 2816 1009 quidem
2865 925 3067 1009 gulam,
3141 938 3216 991 illi
3250 949 3428 992 autem
3485 951 3683 989 vanam

2099 1034 2354 1104 gloriam,
2388 1033 2696 1102 superbiam
2755 1045 2884 1084 vero
2916 1031 3030 1094 alii,
3065 1031 3156 1100 qui
3207 1030 3516 1098 superiores
3555 1037 3687 1082 sunt

2099 1127 2398 1196 reprimere
2445 1126 2591 1196 (cum
2624 1124 2688 1178 ad
2730 1123 3067 1193 perniciosus
3099 1124 3424 1191 quandoque
3453 1135 3682 1174 conver-

2099 1224 2286 1270 tantur
2316 1216 2624 1285 passiones)
2653 1229 2882 1282 seseque
2913 1212 3156 1267 studiose
3181 1227 3452 1277 exercere,
3483 1222 3595 1266 tum
3626 1213 3680 1265 in

2103 1304 2367 1360 servanda
2421 1305 2798 1374 temperantia,
2833 1313 2946 1357 tum
2999 1304 3056 1356 in
3107 1303 3270 1355 animi
3313 1302 3680 1370 simplicitate,

2103 1393 2518 1463 humilitateque
2552 1393 2830 1456 sectanda,
2885 1406 2984 1445 nec
3036 1392 3102 1445 ad
3133 1391 3362 1458 gloriam
3400 1392 3682 1446 horninum

2102 1487 2346 1541 animum
2379 1485 2577 1540 habere
2615 1485 2919 1538 intentum?
2955 1483 3169 1538 Ventris
3201 1485 3400 1538 etenim
3453 1483 3684 1552 repletio

2104 1577 2478 1646 irrigationem
2519 1576 2726 1628 inducit
2769 1589 2982 1638 θοι-ιιιιι,
3025 1590 3146 1644 quae
3178 1576 3285 1628 sub
3314 1583 3501 1628 ventre
3530 1583 3680 1636 sunt,

2103 1681 2226 1734 quae
2271 1667 2340 1718 ab
2391 1665 2796 1718 exundantibus
2843 1663 3061 1718 ﬂuentis
3107 1681 3136 1716 e
3168 1664 3416 1718 satietate
3476 1664 3682 1733 impetu

2104 1754 2422 1824 (lt-portatis,
2445 1755 2606 1807 veluti
2647 1769 2712 1805 ex
2745 1754 2950 1806 amaris
2973 1753 3256 1807 canalibus
3284 1751 3686 1822 quodammodo

2030 1840 2379 1916 Birrigatur,
2441 1862 2671 1916 quaeque
2741 1846 3047 1916 prurigincs
3125 1859 3384 1899 venereae
3459 1860 3520 1898 ex
3597 1843 3686 1898 his

2097 1933 2344 1988 efﬁciunt
2373 1934 2720 2000 saperrimas.
2757 1940 2812 1985 et
2843 1931 3190 1985 continentiae
3221 1943 3500 1984 certamen
3529 1929 3685 1983 labo-

2099 2023 2310 2075 riosum
2339 2019 2742 2073 titillationibus
2794 2020 3094 2072 exhibent:
3128 2017 3220 2071 sed
3254 2027 3306 2069 et
3328 2031 3524 2070 vanam
3575 2016 3688 2084 glo—

2101 2110 2238 2162 riam
2275 2107 2511 2161 scientes
2540 2121 2660 2160 esse
2718 2105 3143 2160 ostentationem
3180 2103 3450 2167 inutilem,
3489 2103 3688 2157 merito

2103 2198 2274 2265 ipsam
2295 2194 2456 2264 317
2475 2194 2707 2262 fugiunt,
2738 2209 2859 2262 quae
2881 2195 3070 2246 suadet
3085 2192 3302 2260 quidem
3332 2190 3688 2244 laborandum

2102 2297 2201 2350 pro
2235 2281 2451 2346 virtute,
2482 2292 2534 2332 at
2561 2279 2775 2334 labores
2801 2280 2976 2333 reddit
3006 2278 3245 2342 inutiles,
3273 2281 3400 2346 quia
3427 2293 3535 2330 non
3573 2275 3687 2329 vult

2102 2372 2224 2425 illos
2250 2370 2358 2422 Deo
2377 2367 2748 2433 manifestare,
2771 2369 2864 2438 qui
2889 2384 3113 2438 operum
3143 2369 3483 2422 occultorum
3509 2367 3687 2435 palam

2101 2457 2599 2512 remunerationem
2661 2457 2906 2524 praebet,
2972 2441 3310 2509 hominibus'
3351 2469 3478 2507 vero
3541 2453 3690 2522 cupit

2104 2547 2378 2616 publicare
2404 2562 2526 2615 quae
2577 2546 2732 2611 tiunt,
2771 2547 2862 2614 qui
2901 2561 3006 2598 non
3042 2553 3172 2600 sunt
3206 2545 3314 2612 apti
3362 2543 3428 2596 ad
3453 2542 3695 2610 majores

2102 2639 2404 2693 reddendas
2462 2637 2684 2697 Iaudes,
2733 2637 2786 2691 iu
2851 2638 3062 2691 ratione
3095 2637 3385 2701 mercedis,
3441 2636 3693 2704 quiuimo

2103 2741 2312 2786 a-terno
2351 2731 2697 2800 plurimoque
2737 2731 2982 2798 privatur
3018 2730 3262 2795 honore;
3316 2729 3408 2783 ille
3432 2742 3692 2798 nutuque,

2105 2822 2226 2892 qui,
2258 2833 2314 2876 ut
2353 2821 2702 2876 admirationi
2751 2822 2820 2876 sit
2857 2821 3192 2884 hominibus,
3231 2819 3464 2888 suscipit
3497 2833 3691 2888 quem-

2104 2915 2188 2968 vis
2239 2914 2500 2978 laborem,
2558 2913 2693 2966 nihil
2751 2913 2968 2982 penitus
3007 2911 3186 2966 differt
3219 2912 3287 2964 ab
3343 2913 3450 2972 his,
3483 2911 3576 2978 qui
3633 2911 3690 2964 in

2068 3035 2076 3042 -
2106 3021 2271 3060 scena
2305 3005 2476 3058 multa
2510 3003 2718 3056 faciunt
2749 3003 3092 3064 admiranda,
3127 3018 3250 3056 cum
3293 3003 3365 3055 sit
3401 3011 3692 3056 contentus

2106 3090 2373 3155 mercede,
2435 3104 2560 3159 qum
2616 3091 2718 3142 sibi
2772 3091 3018 3158 provenit
3083 3104 3148 3142 ex
3203 3087 3293 3149 iis,
3345 3087 3439 3156 qui
3491 3087 3694 3141 talibus

422 3164 506 3218 ὅτι
539 3165 680 3218 κατά
711 3163 804 3216 τοῦ
834 3163 1058 3234 πλησίον
1114 3164 1425 3235 ἐπαίρεται,
1479 3165 1573 3218 καὶ
1619 3169 1764 3218 κατὰ
1808 3168 2000 3219 τούτου

2107 3181 2473 3247 obiectantur,
2508 3191 2562 3234 ct
2593 3196 2622 3234 a
2677 3179 2784 3233 Deo
2821 3194 3165 3249 nequaquam
3213 3177 3374 3236 aliam
3418 3177 3694 3247 postulare

425 3256 568 3326 μέγα
597 3257 820 3325 φρονεῖς
856 3253 1227 3324 Κατὼρθωταί
1276 3273 1330 3308 τι
1378 3255 1536 3310 πλέον
1567 3257 1715 3328 αύτῷ
1754 3259 1862 3311 τῶν
1907 3259 2002 3312 ἀλ-

422 3345 551 3409 λων,
616 3345 710 3398 καὶ
759 3343 869 3396 τῶν
923 3343 1126 3396 λοιπῶν
1175 3345 1232 3396 έν
1273 3349 1386 3408 τοῖς
1439 3345 1625 3410 καλοῖς
1684 3350 2001 3420 περιουσίαν

423 3437 578 3504 ἄγειν
635 3437 840 3508 πολλὴν
887 3438 1050 3500 αὐτὸς
1099 3439 1316 3500 πάντως
1359 3439 1706 3506 ὲσπούδασε;
1769 3443 1864 3494 καὶ
1901 3442 2003 3510 τῆς

425 3526 662 3596 σπουδῆς
717 3527 949 3599 λήψεται
1003 3529 1168 3592 αὐτὸς
1194 3531 1321 3592 τοὺς
1372 3529 1616 3598 μισθούς·
1661 3532 1878 3601 Ἀμελεῖ
1917 3551 2003 3596 τις

424 3617 632 3688 ἕτερος,
665 3619 760 3672 καὶ
820 3621 948 3691 περὶ
1008 3621 1108 3690 τὴν
1156 3620 1356 3691 ἀρετὴν
1397 3621 1642 3692 ῥᾴθυμος
1690 3623 2000 3689 διάκειτα·ι;

423 3709 587 3769 αὐτὸς
631 3710 946 3782 ζημιοῦται,
986 3711 1080 3763 καὶ
1113 3712 1214 3764 οὐκ
1244 3710 1460 3762 ἐλαττοῖ
1496 3712 1622 3774 τοὺς
1663 3714 1869 3768 ἐκείνου
1907 3732 2000 3784 μι-

425 3800 606 3864 σθούς.

2110 3271 2500 3326 rationabiliter
2528 3273 2722 3336 valeat,
2763 3270 2908 3341 quod
2948 3271 3016 3325 ab
3045 3269 3201 3324 initio
3242 3283 3348 3322 non
3387 3284 3530 3330 eam,
3571 3283 3694 3338 quae

2109 3380 2174 3418 ex
2209 3364 2326 3433 ipso
2353 3363 2624 3432 provenit,
2647 3363 2740 3416 sed
2773 3377 2894 3430 qua:
2925 3377 2990 3414 ex
3031 3361 3139 3414 illis
3168 3359 3444 3422 tribuitur,
3477 3359 3580 3414 sibi
3631 3373 3694 3413 se

2107 3467 2487 3517 assecuturum
2570 3455 2932 3526 proposuerit.
2989 3453 3190 3508 Verum
3245 3462 3300 3508 et
3377 3453 3690 3522 passionem

2108 3549 2479 3604 irrationalem
2527 3549 2795 3618 superbia:
2821 3547 2943 3616 jure
2971 3557 3325 3602 exsecrantur
3357 3562 3369 3598 :
3397 3560 3691 3613 quemnam

2109 3639 2252 3692 enim
2283 3639 2450 3694 habet
2471 3640 2673 3708 aliquis
2705 3639 2968 3692 adversus
2995 3637 3303 3706 quempiam
3333 3635 3528 3690 rationi
3559 3649 3692 3688 cou-

2110 3735 2428 3779 scntaneum
2494 3735 2813 3794 praetextum
2859 3727 2926 3777 ad
2981 3725 3294 3788 amentiam,
3330 3733 3389 3776 ut
3431 3723 3694 3777 adversus

2108 3813 2415 3879 proximum
2449 3813 2763 3875 extollatur,
2797 3819 2850 3864 ct
2884 3825 3048 3878 supra
3085 3810 3262 3878 ipsum
3311 3809 3598 3878 magniﬁce
3625 3809 3699 3862 dc

423 3905 484 3946 se
555 3888 795 3943 sentiat?
836 3889 1149 3946 Patravitne
1229 3891 1347 3959 ipse
1387 3890 1614 3945 feliciter
1661 3894 1864 3962 aliquid
1935 3897 2057 3966 plus
2108 3915 2271 3968 quam
2323 3902 2444 3964 alii,
2492 3911 2549 3956 et
2613 3900 2683 3955 ad
2741 3900 3041 3968 augendam
3091 3899 3314 3952 multam
3369 3909 3694 3956 caeterorum

425 3981 1392 4051 bonorumcopiamomnicontendit
1441 3985 1665 4038 studio?
1725 3987 2073 4044 nanciscetur
2111 3993 2274 4046 etiam
2341 3993 2460 4062 ipse
2523 3993 2754 4048 studiosi
2809 3991 2988 4060 Operis
3055 3991 3330 4044 mercedes

3399 4011 3412 4043 :
3471 3992 3694 4063 negligit

428 4075 701 4145 quispiam
733 4076 888 4143 alter,
918 4087 970 4132 ct
995 4077 1140 4131 circa
1165 4077 1422 4131 virtutem
1455 4079 1694 4147 segniter
1723 4095 1782 4134 se
1805 4081 2006 4136 habet?
2045 4085 2162 4155 ipse
2191 4087 2392 4140 damno
2423 4085 2686 4148 adicitur,
2717 4099 2815 4137 nec
2849 4082 2993 4137 illius
3017 4081 3296 4136 mercedes
3322 4081 3620 4137 imminuit.

995 4190 1246 4242 ΚΕΦΛΛ.
1295 4188 1430 4256 squ

500 4307 564 4359 Τί
612 4303 706 4360 οὖν
761 4309 790 4360 ό
840 4307 1072 4377 σοϐαρὸς
1121 4308 1378 4374 φυσᾶται,
1421 4307 1515 4360 καὶ
1551 4306 1892 4378 βρενθύεται,
1927 4309 2004 4372 ὡς

429 4399 568 4470 ὑπὲρ
593 4398 767 4452 ἄλλων
795 4398 995 4463 ἀθλῶν,
1042 4398 1218 4461 κοινὸς
1251 4397 1444 4468 ὥσπερ
1470 4397 1654 4468 σωτὴρ
1682 4398 1775 4451 τοῦ
1814 4399 2005 4466 γένους

2673 4191 2899 4248 CAPUT
2939 4189 3124 4245 LXVI.

2179 4303 2318 4369 Quid
2342 4319 2490 4375 ergo,
2515 4303 2608 4373 qui
2632 4302 2910 4358 fastuosus
2935 4311 3038 4368 est,
3066 4299 3286 4354 inﬂatur
3321 4313 3386 4354 ac
3423 4301 3695 4370 superbit,

2109 4411 2174 4450 ac
2203 4397 2248 4449 si
2299 4396 2419 4464 plus
2452 4410 2616 4463 quam
2674 4394 2772 4448 alii
2819 4394 3140 4456 decertaret,
3206 4407 3327 4447 sese
3385 4401 3694 4459 ostentans,

425 4492 799 4561 διακείμενο;;
858 4491 972 4544 υύκ
1039 4489 1196 4552 εἰδὼς
1258 4489 1478 4541 ἔλαττον
1549 4487 1806 4558 βλάπτειν
1869 4491 2002 4560 ἀμέο·

2116 4483 2274 4551 quasi
2305 4482 2614 4536 communis
2643 4491 2786 4536 esset
2819 4482 3030 4552 generis
3060 4479 3336 4535 salvator?
3367 4480 3450 4534 An
3483 4481 3696 4551 ignorat

427 4585 576 4638 λειαν
624 4585 769 4656 ἥπερ
820 4583 1081 4654 βλάπτειν
1142 4581 1386 4648 πέφυκεν
1453 4581 1668 4650 οἴησις,
1727 4582 1822 4633 καὶ
1876 4581 2013 4651 πρὸς

427 4677 486 4730 τὸ
525 4676 844 4744 λειπόμενον
885 4676 984 4746 τῆς
1035 4674 1318 4744 προκοπῆς
1364 4673 1731 4742 ἐμποδίζουσα
1767 4675 1834 4742 τῇ
1877 4689 2012 4743 προ-

428 4768 600 4838 θυμία
643 4769 719 4832 ὡς
766 4768 1072 4837 ἠνυσμένου
1103 4767 1200 4820 τοῦ
1240 4767 1623 4836 προκειμένου,
1662 4767 1758 4819 καὶ
1804 4768 1868 4820 ἐκ
1913 4765 2008 4819 τοῦ

427 4857 707 4914 διαπτύειν
777 4860 902 4922 τοὺς
961 4857 1426 4921 ἀναπεπτωκότας
1451 4899 1464 4921 ,
1525 4858 1767 4928 μεγάλην
1830 4859 2008 4928 ἑαυτῷ

429 4955 763 5026 προξενοῦσα
805 4955 904 5024 τὴν
954 4954 1193 5008 κόλασιν.
1245 4955 1318 5006 Τὸ
1363 4953 1421 5006 δὲ
1469 4953 1725 5006 ταπεινὸν
1766 4957 1822 5006 ἐν
1875 4955 2006 5024 ἡμῖν

427 5048 528 5102 οὐκ
577 5048 747 5100 ἔδωκε
791 5045 1004 5116 χώραν,
1053 5047 1114 5100 οὐ
1164 5046 1370 5115 φθόνῳ,
1419 5047 1480 5098 οὐ
1531 5045 1684 5116 τύφῳ
1730 5046 1859 5099 ποτὲ
1911 5047 2008 5115 τὴν

426 5139 536 5192 τῶν
595 5137 774 5208 μελῶν
820 5139 1210 5209 κοινοπραγίαν
1266 5137 1623 5209 μιμουμένοις
1662 5137 1876 5200 καλῶς,
1915 5140 2008 5192 καὶ

427 5229 526 5300 τὴν
573 5231 806 5284 ἑκάστου
866 5229 1022 5295 δόξαν
1077 5229 1468 5298 οίκειουμένοις
1515 5229 1590 5292 ὡς
1650 5229 1764 5292 ἑνὸς
1823 5227 2010 5299 σώμα-

429 5335 541 5382 τος·
581 5319 702 5372 οὔτε
749 5319 856 5389 γὰρ
908 5321 935 5372 ὁ
971 5320 1175 5382 τέλειος
1218 5319 1359 5373 κατά
1393 5319 1488 5372 τοῦ
1520 5318 1600 5372 ἔτι
1638 5319 2009 5392 προσκόπτον-

429 5429 520 5474 τος
571 5412 648 5475 ὠς
699 5411 984 5484 ὑπερέχων
1046 5413 1368 5482 ἐπαίρεται,
1419 5411 1514 5464 καὶ
1571 5413 1732 5474 αὐτὸς
1781 5415 2012 5482 γεγενῆα

433 5504 556 5556 σθαι
611 5503 850 5567 τοιοῦτος
896 5503 1051 5567 εἰδὼς
1111 5505 1272 5574 ἡνίκα
1339 5504 1666 5574 προέκοπτε,
1714 5504 1806 5555 καὶ
1851 5504 2013 5556 αὐτὸν

431 5585 582 5656 ἥξειν
617 5586 733 5657 μετ’
763 5588 821 5638 ού
850 5587 985 5639 πολὺ
1023 5586 1158 5656 πρὸς
1197 5586 1255 5638 τὸ
1290 5587 1420 5638 αὐτὸ
1455 5585 1652 5655 μέτρον
1685 5585 1782 5652 τῆς
1814 5585 2013 5638 τελειό-

431 5694 594 5748 τητος
621 5676 1131 5746 πεπεισμένονψύδὲ
1160 5677 1236 5745 τῷ
1260 5676 1452 5744 τελείῳ
1489 5674 1790 5743 βασκαίνει,
1817 5679 1845 5728 ὁ
1876 5677 2012 5738 τέως

435 5769 577 5822 κατὰ
630 5765 728 5836 τὴν
771 5770 870 5837 τῆς
908 5769 1110 5837 ἀρετῆς
1157 5766 1314 5833 ἀξίαν
1361 5766 1552 5817 τούτου
1587 5763 2012 5834 ἀπολειπόμενον

2118 4574 2262 4643 quod
2293 4575 2476 4628 minus
2505 4583 2664 4628 nocet
2698 4573 3045 4643 negligentia,
3095 4586 3259 4642 quam
3297 4585 3495 4624 nocere
3525 4571 3696 4626 soleat

2117 4680 2380 4738 arrogans
2400 4667 2466 4722 de
2488 4682 2546 4721 se
2565 4667 2932 4722 existimatio?
2950 4665 3151 4735 quippe
3167 4680 3288 4734 quae
3305 4665 3698 4734 impedimento

2114 4773 2198 4820 est
2221 4760 2386 4816 animi
2420 4759 2687 4814 alacritati
2725 4758 2890 4828 318
2915 4758 2980 4812 ad
3019 4758 3287 4826 reliquum
3318 4771 3692 4826 progressum,

2115 4863 2335 4924 putans,
2372 4866 2432 4906 se
2471 4851 2583 4921 jam
2617 4851 2860 4918 attigisse
2890 4849 3184 4917 objectum,
3217 4862 3551 4915 magnasque
3590 4847 3702 4902 sibi

2113 4959 2308 5014 pcenas
2351 4943 2626 5008 conciliat,
2681 4955 2746 4995 eo
2809 4939 2952 5009 quod
3005 4939 3129 4992 illos
3183 4939 3276 5006 qui
3317 4937 3696 5004 conciderunt,

2115 5035 2301 5088 animo
2329 5042 2646 5089 contemnat
2673 5047 2738 5086 ac
2780 5031 3028 5100 despuat.
3083 5027 3376 5082 Humilitas
3423 5035 3604 5080 autem
3640 5027 3703 5080 in

2115 5126 2270 5180 vobis
2319 5141 2427 5180 non
2476 5125 2724 5180 concedit
2788 5137 3026 5192 unquam
3081 5121 3262 5174 locum
3311 5117 3546 5183 invidia,
3595 5131 3701 5171 nec

2116 5219 2338 5282 tumori,
2395 5219 2487 5288 qui
2550 5218 2916 5272 membrorum
2973 5213 3430 5281 conspirationem
3483 5209 3704 5280 egregie:

2116 5310 2428 5376 imitamini,
2453 5325 2516 5364 ac
2541 5309 2692 5364 vobis
2725 5307 2858 5376 ipsis
2889 5305 3154 5374 cujusque
3184 5303 3350 5358 decus
3384 5301 3694 5364 vindicat's,

2115 5402 2272 5474 quasi
2301 5403 2463 5457 unius
2481 5401 2764 5471 corporis:
2791 5415 2892 5454 nec
2913 5399 3112 5453 ctenim
3135 5397 3408 5466 perfectus
3435 5395 3702 5450 adversus

2123 5495 2361 5563 aliquem
2399 5493 2577 5546 adhuc
2602 5491 3057 5560 progredientem,
3079 5503 3142 5542 ac
3173 5488 3216 5542 si
3242 5485 3701 5556 supercmiueret,

2119 5585 2415 5648 extollitur,
2445 5583 2575 5636 dum
2627 5592 2678 5636 et
2709 5581 2820 5650 ipse
2853 5594 2972 5635 sese
3028 5579 3188 5632 talem
3233 5575 3509 5630 exstitisse
3540 5573 3700 5638 sciat,

2121 5678 2338 5742 quando
2369 5674 2832 5744 progrediebatur,
2869 5673 3081 5742 sibique
3127 5682 3448 5741 persuasum
3481 5666 3702 5728 habeat,

2121 5767 2262 5834 quod
2293 5767 2454 5822 etiam
2493 5767 2594 5820 iste
2625 5765 2690 5819 ad
2723 5767 2968 5820 eamdem
2997 5760 3350 5834 perfectionis
3389 5770 3698 5816 mensuram
