4046 6152
345 288 357 297 ’
444 325 579 390 1059

1918 328 1978 387 S.
2022 330 2185 389 NlLl

3532 337 3672 404 1060

430 443 555 507 post
580 449 686 489 non
715 433 942 487 multum
973 432 1233 503 temporis
1265 434 1369 488 erit
1398 442 1791 504 perventurus;
1824 450 1993 506 neque

2104 441 2280 507 ζηλῶν
2316 443 2634 515 ἐξισωθῆναι
2667 450 2803 503 κατᾶ
2827 451 2917 503 τὸν
2946 450 3061 521 βίον
3088 450 3256 522 αὐτῷ,
3295 453 3389 505 καὶ
3428 453 3488 506 οὖ
3513 452 3672 526 ζηλοσ

426 528 667 600 perl‘ecto
694 525 910 589 invidet,
944 533 1057 589 aut,
1099 526 1241 594 quod
1271 526 1392 580 talis
1415 526 1528 594 ipse
1560 529 1814 592 evaserit,
1839 530 1999 583 mali-

426 634 537 689 gno
586 615 884 686 percutitur
923 615 1106 669 animo
1155 615 1264 680 ille,
1318 616 1410 685 qui
1445 616 1651 671 interea
1695 617 1748 670 in
1784 618 2000 673 virtutis

428 709 695 778 dignitate
739 721 805 761 eo
835 705 1058 760 inferior
1090 715 1193 772 est,
1234 708 1362 762 dum
1410 717 1465 763 et
1501 707 1616 777 ipse
1643 709 2002 765 a‘mulationis

427 798 660 852 ducatur
693 795 874 850 studio
902 794 980 850 illi
1013 811 1135 851 sese
1185 796 1236 851 in
1267 797 1458 853 eodem
1502 797 1716 853 vivendi
1756 800 2002 855 instituto

426 886 797 958 :equiparandi
843 905 858 941 :
903 895 959 941 et
1018 886 1282 944 sic'alius
1338 888 1446 943 alio
1491 889 1676 945 multis
1731 892 2002 946 mensuris

429 982 689 1038 humilior
732 997 958 1052 prorsus
1008 983 1130 1047 erit,
1186 983 1231 1037 si
1287 984 1536 1055 progredi
1586 984 1710 1039 vita:
1755 984 2004 1040 instituto

431 1073 681 1136 voluerit,
708 1081 762 1128 et
791 1087 897 1126 non
936 1073 1063 1126 elati
1092 1072 1256 1127 animi
1288 1074 1581 1142 jactantia;
1607 1082 1662 1129 et
1691 1075 1739 1130 si
1764 1075 1889 1144 quis
1918 1092 2004 1129 re—

430 1180 551 1218 rum
575 1172 749 1219 status
780 1164 1129 1232 expenderet,
1186 1165 1355 1218 multo
1403 1165 1665 1231 pollentes
1702 1167 1883 1221 studio
1912 1183 2006 1221 vos

429 1256 708 1325 reperiret,
739 1269 971 1324 quorum
996 1255 1132 1308 alter
1152 1254 1327 1310 altero
1350 1256 1403 1308 in
1438 1256 1680 1311 moribus
1708 1258 2005 1312 modestior

429 1360 550 1399 esse
569 1344 864 1411 contendit,
897 1345 975 1399 uti
999 1343 1160 1398 facile
1189 1344 1370 1398 videre
1402 1352 1487 1398 est
1515 1345 1568 1398 in
1597 1346 1740 1412 aliis,
1769 1361 2002 1414 quorum

428 1436 571 1491 alter
598 1437 768 1490 altero
794 1436 909 1491 vult
945 1435 1293 1505 praestantior
1329 1434 1498 1490 videri
1541 1436 1612 1490 ob
1655 1436 1859 1506 gloriae,
1885 1452 2006 1506 qua:

429 1525 485 1576 in
513 1526 713 1578 saeculo
727 1531 997 1589 versatur,
1012 1524 1386 1593 cupiditatem.
1414 1524 1517 1579 Vos
1536 1535 1714 1580 autem
1742 1527 1817 1579 uti
1845 1526 2005 1579 Chri-

426 1625 572 1671 stum
616 1616 908 1682 didicistis,
954 1616 1032 1670 sic
1067 1616 1121 1670 in
1154 1617 1269 1685 ipso
1304 1617 1722 1683 conversemini,
1756 1629 2003 1673 mutuam

428 1709 498 1762 ab
526 1709 617 1764 illo
658 1709 799 1763 inter
834 1722 930 1762 vos
960 1707 1323 1762 obedientiam
1366 1708 1565 1775 edocti,
1615 1709 1709 1778 qui
1743 1710 2005 1765 obediens

2103 536 2263 586 τυπεῖ
2287 536 2365 588 ὅτι
2394 537 2633 602 τοιοῦτος
2663 540 2970 611 γεγένηται*
2996 545 3093 595 καὶ
3118 544 3272 609 ἄλλος
3298 545 3482 610 ἁπλῶς
3510 549 3671 604 ἄλλου

2103 624 2283 695 πολλῷ
2312 626 2389 697 τῷ
2420 628 2605 699 μέτρῳ
2644 632 2760 682 ἐστὶ
2805 634 3183 704 ταπεινότερος
3235 636 3564 706 προκόπτειν
3604 643 3670 712 τῇ

2104 714 2367 788 πολιτείᾳ,
2405 720 2499 773 καὶ⁸
2541 723 2602 774 οὐ
2647 721 2724 792 τῷ
2757 722 2952 794 κόμπῳ
2985 724 3307 796 βουλόμενος
3341 728 3433 781 τοῦ
3475 733 3674 800 φρονή-

2105 822 2295 877 ματος,
2324 809 2415 861 καὶ
2461 811 2661 882 πολλὴν
2699 815 2836 883 τάχα
2873 814 2938 867 ἄν
2976 833 3058 879 τις
3099 815 3239 888 ὁρῶν
3271 818 3405 890 πρὸς
3436 821 3502 873 τὰ
3532 826 3674 892 πρά-
3772 840 3780 846 ‘

2101 911 2289 964 γματα
2342 899 2577 970 σπουδὴν
2628 901 2850 971 ἔχοντας
2901 903 3046 974 ὑμᾶς
3109 906 3279 978 εὕροι,
3332 906 3415 971 τίς
3471 910 3673 978 μᾶλλον

2103 983 2277 1048 ἔσται,
2301 984 2441 1039 κατὰ
2467 991 2525 1040 τὸ
2547 984 2697 1059 ἦθος,
2729 992 2869 1054 τινὸς
2901 992 3287 1064 μετριώτερος,
3319 996 3394 1059 ὡς
3421 997 3567 1050 ἔστιν
3593 1001 3676 1051 εύ-

2104 1078 2219 1145 ρεῖν
2250 1077 2309 1129 ὲν
2340 1077 2540 1144 ἄλλοις,
2571 1079 2800 1133 ’ἑκαστον
2840 1083 3071 1136 ἑκάστου
3117 1084 3337 1138 θέλοντα
3383 1089 3673 1154 φαίνεσθαι

2104 1169 2516 1240 προτιμότερον,
2553 1171 2640 1223 διὰ
2672 1172 2768 1243 τὴν
2820 1174 3316 1248 ἐμπολιτευομένην
3345 1177 3423 1248 τῷ
3456 1178 3555 1250 βίῳ
3591 1197 3674 1249 φι-

2102 1255 2363 1322 λοδοξίαν.
2406 1260 2594 1333 Ὑμεῖς
2621 1264 2678 1315 δὲ
2715 1264 2791 1327 ὡς
2821 1266 3054 1335 ἐμάθετε
3088 1269 3180 1319 τὸν
3210 1269 3467 1338 Χριστὸν,
3500 1271 3671 1335 οὕτως

2103 1349 2161 1400 ὲν
2189 1349 2334 1420 αὐτῷ
2366 1351 2737 1422 πολιτεύεσθε,
2757 1354 2856 1426 τὴν
2881 1357 3016 1426 πρὸς
3041 1358 3303 1429 ἀλλήλους
3335 1360 3582 1431 ὑπακοὴν
3613 1363 3670 1427 ἐξ

2104 1441 2311 1495 ἐκείνου
2335 1443 2619 1512 μαθόντες,
2637 1444 2694 1509 ὃς
2721 1463 2739 1496 ι
2764 1447 3005 1517 ὑπήκοος
3029 1447 3190 1521 μέχρι
3224 1449 3453 1503 θανάτου
3483 1453 3667 1520 γέγονε

2102 1532 2181 1604 τῷ
2212 1535 2410 1606 Πατρὶ,
2434 1533 2665 1590 θανάτου
2690 1538 2747 1590 δὲ
2780 1539 3038 1609 σταυροῦ,
3076 1558 3096 1592 ι
3130 1542 3190 1595 τὸ
3220 1544 3418 1615 μέτρον
3445 1546 3542 1615 τῆς
3571 1546 3671 1615 ὑπ·

2102 1626 2272 1696 ακοῆς
2317 1626 2422 1690 ἕως
2473 1627 2628 1681 τοῦδε
2668 1629 2762 1683 τοῦ
2798 1631 3041 1685 κινδύνου
3082 1633 3407 1703 νομοθετῶν,
3441 1640 3533 1689 καὶ
3573 1638 3669 1700 τὰς

2105 1715 2273 1780 ἄλλας
2337 1718 2477 1787 μετὰ
2536 1719 2717 1789 πάσης
2764 1721 3001 1791 σπουδῆς
3057 1724 3390 1793 μετέρχεσθε
3447 1728 3665 1796 ἀρετὰς,

427 1798 532 1853 t'nit
556 1798 707 1854 Patri
733 1815 906 1870 usque
928 1799 995 1854 ad
1022 1808 1275 1864 mortem,
1308 1809 1538 1855 mortem
1568 1812 1748 1855 autem
1773 1804 1993 1870 crucis',

2105 1806 2294 1877 ἐπειδὴ
2336 1808 2541 1872 ταύτας
2582 1810 2743 1873 αὐτὸς
2774 1811 2962 1876 ποιῶν,
2999 1814 3093 1866 καὶ
3123 1811 3409 1881 διδάσκων,
3461 1816 3670 1885 ἀξιόπί-

427 1891 546 1960 lege
605 1890 945 1961 praestituens
992 1905 1305 1945 mensuram
1353 1892 1675 1947 obedientiae
1722 1907 1896 1963 usque
1928 1893 1997 1947 ad

428 1981 538 2034 tale
576 1978 909 2048 periculum;
936 1979 1066 2048 quin
1092 1987 1147 2034 et
1173 1980 1305 2034 alias
1330 1994 1451 2034 cum
1480 1982 1627 2035 onmi
1656 1980 1851 2037 aﬂ‘ectu
1885 1984 1994 2037 vir-

428 2080 572 2127 tutes
598 2069 900 2134 sectemini,
923 2069 1381 2139 quandoquidem,
1404 2070 1570 2141 319
1593 2086 1717 2125 cum
1753 2073 1852 2127 has
1881 2073 1996 2142 ipse

426 2162 666 2229 ﬁxisset,
700 2170 756 2215 et
780 2161 1110 2225 edocuisset,
1146 2162 1402 2218 clunibus
1452 2163 1767 2219 hominibus
1796 2180 1997 2235 praece-

425 2259 547 2321 ptor
575 2249 679 2304 lide
706 2249 905 2318 dignus
936 2249 1131 2314 evasit,
1155 2249 1317 2318 quive
1342 2251 1757 2319 possibilitatem
1784 2268 1997 2319 eorum,

423 2352 546 2407 quae
580 2335 945 2406 praecipiebat,
981 2336 1219 2390 ostendit
1246 2335 1639 2404 ediscentibus,
1669 2354 1732 2393 ea
1760 2340 1998 2406 primum

424 2427 655 2497 ipsemet
702 2425 980 2492 faciendo;
1035 2427 1265 2501 multum
1319 2427 1482 2496 igitur
1528 2428 1775 2485 habeatis
1826 2432 1992 2485 animi

423 2518 676 2573 aﬂ‘ectum
702 2518 767 2572 ad
790 2517 1045 2583 invicem,
1070 2518 1270 2587 quippe
1296 2518 1389 2587 qui
1413 2532 1520 2572 non
1542 2518 1827 2588 ignoratis,
1849 2523 1993 2590 quod

423 2607 514 2663 ille
562 2607 823 2680 apostolis
877 2608 948 2663 sit
994 2618 1353 2676 eontestatus,
1387 2611 1491 2665 hoc
1536 2610 1743 2667 scilicet
1771 2626 1992 2667 suorum

420 2699 812 2769 discipulorum
847 2714 969 2755 esse
1001 2701 1364 2768 signaculum,
1395 2703 1523 2757 dum
1559 2704 1637 2758 ait
1673 2721 1688 2757 :
1728 2722 1748 2756 ι
1789 2704 1848 2758 In
1894 2708 1996 2761 hoc

424 2803 654 2846 noscent
691 2807 901 2857 omnes,
928 2792 1071 2861 quod
1109 2793 1212 2847 mei
1246 2793 1377 2848 estis
1415 2794 1694 2863 discipuli,
1729 2796 1776 2850 si
1809 2797 1994 2851 chari-

2103 1915 2228 1961 στος
2256 1898 2572 1963 διδάσκαλος
2601 1903 2766 1954 πᾶσιν
2798 1901 3105 1974 ἀνθρώποις
3139 1906 3453 1978 γεγένηται,
3482 1909 3544 1961 τὸ
3577 1909 3667 1962 δυ-

2105 1988 2263 2041 νατὸν
2294 1983 2369 2043 ὧν
2399 1991 2691 2045 ἐπέταττεν
2739 1992 2885 2063 ἔργῳ
2930 1994 3005 2066 τῷ
3046 1995 3276 2067 πρώτως
3313 2000 3452 2053 αὐτὰ
3497 2003 3667 2054 ποιεῖν

2102 2080 2316 2145 δεικνὺς
2354 2083 2464 2145 τοῖς
2498 2083 2848 2153 μανθάνουσι.
2902 2087 3111 2156 Πολλὴν
3170 2089 3301 2158 γοῦν
3349 2090 3521 2162 ἔχετε,
3576 2095 3669 2149 καὶ

2103 2172 2549 2242 ὑπερϐάλλουσαν
2591 2175 2691 2244 τὴν
2735 2179 2791 2228 ἐν
2838 2176 3086 2247 ἀλλήλοις
3114 2179 3379 2246 διάθεσιν,
3410 2184 3669 2254 μαθόντες

2096 2260 2379 2332 εἰρηκέναι
2408 2266 2519 2326 τοῖς
2550 2264 2869 2328 ἀποστόλοις
2903 2268 3035 2320 αὐτὸ
3059 2267 3120 2321 τὸ
3154 2270 3421 2341 σύμϐολον
3446 2272 3554 2327 τῶν
3576 2275 3668 2328 αύ-

2094 2351 2190 2403 τοῦ
2223 2352 2500 2424 μαθητῶν,
2535 2356 2593 2407 ὲν
2623 2348 2703 2419 οἷς
2752 2373 2933 2425 φησιν·
2974 2376 2992 2409 ι
3034 2359 3122 2412 Ἐν
3154 2361 3328 2430 τούτῳ
3372 2361 3668 2431 γνώσονται

2098 2441 2299 2504 πάντες
2332 2443 2413 2497 ὅτι
2443 2445 2563 2514 ἐμοὶ
2590 2447 2834 2517 μαθηταί
2867 2452 2988 2502 έστε
3030 2450 3124 2504 ἐὰν
3153 2452 3377 2524 ἀγάπην
3415 2455 3573 2527 ἔχητε
3612 2460 3668 2511 ἐν

2101 2530 2369 2602 ἀλλήλοις.
2402 2533 2726 2605 Εἰρηνεύετε
2755 2540 2993 2608 γνησίως
3032 2543 3165 2613 πρὸς
3199 2544 3462 2611 ἅπαντας.
3508 2549 3668 2621 Εἰρή-

2100 2637 2196 2691 νην
2224 2621 2323 2693 τὴν
2345 2623 2485 2694 ἐμὴν
2508 2626 2712 2697 ἀφίημι
2742 2629 2886 2698 ὑμῖν.
2929 2633 3204 2701 Ἀγαπᾶτε
3230 2639 3354 2700 τοὺς
3377 2638 3667 2708 μισοῦντας

2102 2711 2267 2778 ὑμᾶς,
2319 2714 2417 2766 καὶ
2466 2717 2832 2787 προσεύχεσθε
2869 2720 3008 2792 ὑπὲρ
3038 2723 3147 2778 τῶν
3178 2724 3475 2780 διωκόντων
3520 2728 3665 2799 ὑμᾶς

2105 2804 2199 2855 καὶ⁹
2231 2805 2668 2874 ἐπηρεαζόντων.
2698 2829 2718 2861 ι
2782 2874 2791 2881 .

422 2893 588 2938 tatem
621 2884 867 2940 habeatis
902 2884 968 2938 ad
996 2885 1223 2939 invicem
1246 2887 1299 2950 ’ς
1327 2900 1515 2955 pacem
1553 2900 1738 2940 veram
1779 2900 1989 2945 servate
2015 2906 2139 2946 cum
2177 2897 2463 2964 omnibus;
2493 2913 2882 2968 pacemmeam
2926 2904 3172 2976 relinquo
3206 2908 3428 2976 vobis‘;
3463 2910 3667 2982 diligite

421 2987 518 3030 eos
549 2974 643 3044 qui
680 2976 910 3031 oderunt
943 2990 1062 3043 vos,
1099 2986 1151 3031 et
1176 2985 1330 3032 orate
1362 2992 1461 3047 pro
1494 2977 1601 3043 bis,
1632 2980 1726 3048 qui
1757 2995 1855 3038 vos
1892 2997 2314 3057 persequuntur,
2351 3000 2405 3045 et
2434 2990 2646 3061 injuriis
2677 2993 2974 3051 alliciunt‘.
3010 3018 3029 3050 ι

968 3087 1194 3144 CAPUT
1224 3088 1431 3144 LXVII.

494 3177 613 3247 ipse
633 3180 831 3233 etenim
859 3179 961 3235 hoc
978 3180 1167 3235 dicens
1195 3181 1487 3249 mandavit,
1508 3197 1711 3252 vosque
1735 3198 1992 3239 exercens

420 3265 480 3318 in
535 3264 974 3321 tribulationibus
1039 3267 1117 3319 uti
1177 3267 1406 3323 athletas
1468 3269 1536 3323 ad
1596 3270 1989 3324 constantiam.

420 3352 755 3408 Auscultatis
796 3352 972 3420 ipsum
1008 3352 1308 3419 dicentem;
1346 3371 1363 3404 ι
1409 3352 1606 3421 Discite
1641 3371 1671 3408 a
1711 3370 1825 3419 me,
1862 3356 1989 3423 quia

423 3444 571 3496 ruitis
592 3457 711 3496 sum
745 3452 797 3497 et
828 3443 1050 3495 humilis
1070 3445 1234 3497 corde
1255 3444 1297 3509 ⁵,
1326 3462 1345 3495 ι
1370 3454 1425 3498 et
1447 3458 1610 3513 Opere
1632 3444 1991 3501 imitationem

422 3530 780 3595 exhibuistis;
816 3531 970 3599 alapa
1004 3531 1128 3584 euasi
1161 3531 1213 3582 in
1245 3530 1466 3586 dextera
1513 3535 1750 3602 maxilla,
1796 3536 1991 3591 obver-

421 3624 534 3676 titis
575 3621 756 3684 aliam,
806 3635 871 3674 ac
899 3621 1062 3674 etiam
1113 3621 1328 3689 spoliati
1369 3624 1550 3679 tunica
1599 3627 1897 3682 conceditis
1938 3638 1992 3683 ct

419 3713 642 3783 pallium
683 3712 727 3775 ⁸,
757 3711 1010 3780 injuriam
1050 3721 1099 3767 et
1142 3713 1412 3780 jacturam
1449 3716 1631 3784 potius
1670 3718 1986 3787 tolerantes,

419 3819 583 3875 quam
609 3803 895 3857 confestim
927 3814 1048 3858 cum
1072 3804 1276 3874 impetu
1299 3805 1566 3862 irruentes
1586 3809 1652 3864 ad
1674 3811 1987 3868 vindictam.

421 3896 525 3951 Sed
565 3894 792 3950 l'eliciori
824 3908 1081 3949 successu
1109 3896 1283 3962 vobis,
1316 3912 1479 3967 quam
1511 3898 1630 3953 aliis
1659 3902 1837 3955 evenit
1864 3901 1987 3962 hoc,

417 3988 559 4057 quod
587 3987 794 4042 scilicet
814 4002 923 4042 non
964 3987 1289 4058 possideatis
1312 3989 1608 4060 quidquam
1633 4006 1843 4056 eorum,
1869 4009 1990 4062 qua:

418 4068 655 4133 inhibuit
692 4078 978 4144 Dominus,
1015 4080 1108 4149 qui
1136 4080 1242 4135 tale
1282 4081 1405 4134 vitae
1454 4082 1767 4136 institutum
1802 4084 1988 4137 militi-

417 4172 541 4235 lius,
565 4178 619 4226 et
639 4171 855 4226 athletis
879 4174 1229 4238 conveniens,
1247 4181 1597 4242 aptatumque
1623 4174 1737 4228 lore
1760 4175 1984 4230 sciebat.

417 4258 739 4330 Vositaque
769 4262 913 4317 nulla
956 4262 1235 4316 beatitudo
1280 4261 1565 4317 Dominica
1601 4267 1986 4332 premerem-rit,

414 4368 537 4422 quae
567 4352 715 4421 operi
763 4368 870 4406 non
903 4351 1066 4406 fuerit
1105 4353 1463 4419 demandata;
1506 4369 1699 4408 omnes
1748 4357 1893 4409 enim
1928 4357 1985 4409 in

415 4444 670 4497 manibus
702 4443 897 4496 vestris
930 4452 1059 4497 sunt
1105 4457 1339 4512 semper,
1371 4459 1495 4499 cum
1531 4444 1984 4502 retributionibus

2098 4460 2383 4531 γεγένησθε
2432 4464 2511 4534 τῷ
2544 4466 2836 4536 πνεύματι,
2893 4443 2988 4524 καὶ

415 4531 710 4597 connexis;
742 4545 1008 4598 pauperes
1050 4532 1300 4586 evasistis
1329 4532 1543 4602 spiritu,
1588 4542 1644 4589 ct
1681 4535 1863 4601 mites,
1890 4551 1987 4605 pa-

414 4622 574 4685 cilici,
597 4630 653 4676 et
679 4621 1075 4687 misericordes,
1098 4629 1151 4676 et
1168 4623 1355 4678 mundi
1381 4625 1545 4679 corde
1592 4666 1609 4693 ,
1627 4627 1720 4682 sed
1741 4635 1985 4683 vestrum

411 4730 495 4769 εει
526 4729 751 4783 regnum
774 4712 1478 4784 cmlorunt’-',320quoet
1493 4731 1595 4773 nos
1625 4728 1683 4772 ut
1703 4718 1851 4790 digni
1873 4720 1985 4774 elli-

410 4809 622 4863 ciamur
647 4814 885 4869 exorate,
913 4813 1215 4860 vestrorum
1244 4806 1547 4864 imitatores
1579 4825 1803 4879 operum
1832 4812 1981 4874 l'acti,

410 4912 642 4967 quorum
672 4896 953 4964 praemium
982 4905 1065 4951 est
1094 4896 1347 4951 omnibus
1382 4899 1663 4954 vobiscum
1697 4902 1981 4971 condignis

410 4989 679 5056 promissa
738 4987 922 5042 l‘ruitio
974 4988 1124 5057 regni
1187 4989 1240 5041 in
1297 4988 1515 5046 Christo
1562 4991 1691 5047 Jesu
1747 4993 1979 5049 Domino

410 5090 620 5146 nostro,
648 5082 736 5135 cui
766 5081 935 5151 gloria
970 5081 1025 5134 in
1060 5083 1281 5137 saecula.
1312 5084 1505 5138 Amen.

2016 3108 2063 3167 C

2674 3106 2928 3165 ΚΕΦΑΛ.
2956 3110 3074 3164 ΞΖν.

2169 3191 2335 3255 Αὐτὸς
2366 3193 2473 3263 γὰρ
2509 3195 2815 3251 ἐνετείλατο
2852 3200 3024 3268 λέγων
3069 3202 3246 3273 τοῦτο,
3278 3207 3572 3276 γυμνάζων
3610 3210 3665 3261 ἐν

2094 3283 2216 3345 ταῖς
2250 3282 2495 3353 θλίψεσιν
2544 3287 2687 3356 ὑμᾶς
2740 3290 2815 3353 ὼς
2869 3291 3110 3362 ἀθλητὰς
3162 3298 3297 3367 πρὸς
3350 3300 3663 3370 καρτερίαν.

2108 3371 2407 3426 Ἠκούσατε
2450 3376 2694 3441 εἰπόντος
2735 3380 2922 3448 αὐτοῦ,
2962 3402 2980 3434 ‹
3013 3384 3231 3438 Μάθετε
3265 3388 3362 3441 ἀπ’
3400 3390 3555 3460 ἐμοῦ,
3586 3393 3666 3445 ὅτι

2097 3463 2273 3554 πρᾶός
2306 3466 2421 3535 είμι
2453 3468 2545 3519 κοιλ¹
2579 3471 2832 3535 ταπεινὸς
2858 3477 2923 3546 τῇ
2954 3476 3174 3547 καρδίᾳ,
3207 3496 3228 3529 r
3266 3480 3362 3533 καὶ
3386 3480 3534 3554 ἔργῳ
3570 3484 3665 3552 τὴν

2099 3552 2330 3624 μίμησιν
2353 3558 2679 3625 ἐπεδείξατε,
2713 3565 3064 3635 ραπιζόμενοι
3091 3569 3190 3639 τὴν
3211 3569 3391 3636 δεξιὰν
3420 3552 3663 3642 σιαγόνα,

2098 3645 2359 3715 στρέφετε
2399 3650 2494 3702 καὶ
2517 3651 2616 3723 τὴν
2640 3652 2827 3725 ἄλλην,
2858 3659 2952 3710 καὶ
2975 3658 3065 3713 τὸν
3095 3660 3298 3731 χιτῶνα
3329 3664 3663 3736 ἀφαιρούμε-

2096 3752 2198 3795 νοι,
2232 3744 2609 3811 παραχωρεῖτε
2638 3745 2733 3799 καὶ
2767 3746 2828 3799 τὸ
2863 3747 3096 3817 ἱμάτιον,
3138 3751 3315 3822 ὓϐριν,
3343 3756 3438 3808 καὶ
3461 3755 3663 3826 ζημίαν

2097 3826 2351 3897 φέροντες
2393 3831 2590 3898 μᾶλλον
2621 3834 2654 3905 ἢ
2685 3838 2990 3909 προχείρως
3019 3841 3300 3912 ὁρμῶντες
3342 3845 3480 3917 πρὸς
3525 3849 3665 3917 ἄμυ-

2095 3934 2212 3973 ναν.
2256 3920 2629 4010 κατώρθωται
2663 3926 2721 3979 δὲ
2764 3927 2928 3983 πλέον
2968 3932 3078 3985 τῶν
3106 3932 3281 3990 ἄλλων
3330 3937 3459 4007 ὑμῖν
3485 3940 3548 3993 τὸ
3587 3940 3660 4010 μὴ

2095 4009 2399 4078 κτήσασθαί
2424 4030 2477 4065 τι
2507 4006 2582 4067 ὧν
2615 4016 2643 4068 ό
2671 4016 2874 4088 Κύριος
2897 4020 3118 4089 ἀπεῖπε,
3152 4006 3509 4096 στρατιώταις
3567 4030 3660 4081 καὶ

2095 4097 2349 4167 ἀθληταῖς
2377 4103 2475 4169 τὴν
2498 4103 2716 4175 ἀγωγὴν
2744 4108 2837 4160 τοῦ
2865 4109 2980 4177 βίου
3006 4110 3209 4184 ταύτην
3234 4115 3466 4187 πρέπειν
3485 4118 3654 4181 εἰδώς.

2107 4186 2296 4256 Ἀργος
2338 4189 2481 4259 ὑμᾶς
2521 4192 2697 4257 οὐδεὶς
2729 4195 2838 4249 τῶν
2874 4199 3166 4270 Κυριακῶν
3197 4205 3521 4277 παρέδραμε
3555 4224 3658 4276 μα-

2093 4277 2383 4347 καρισμὸς,
2425 4280 2483 4333 ὲν
2520 4285 2677 4352 χερσὶ
2719 4284 2775 4337 δὲ
2816 4288 3017 4351 πάντες
3068 4291 3156 4343 ἀεὶ
3192 4295 3311 4357 ταῖς
3369 4296 3657 4366 ὑμετέραις

2091 4366 2345 4435 γεγόνασι
2379 4370 2516 4439 μετὰ
2543 4373 2651 4425 τῶν
2681 4377 3119 4450 συνεζευγμένων
3155 4384 3425 4453 ἁμοιϐὦν,
3450 4389 3656 4458 πτωχοὶ

3033 4477 3250 4543 πραεῖς,
3311 4480 3404 4530 καὶ
3442 4480 3654 4550 είρηνο⁶

2087 4551 2255 4616 ποιοὶ,
2286 4553 2382 4606 καὶ
2423 4553 2732 4625 ἐλεήμονες,
2771 4562 2865 4614 καὶ
2905 4563 3138 4635 καθαροὶ
3179 4570 3246 4637 τῇ
3279 4568 3498 4640 καρδία,
3543 4570 3655 4623 ἀλλ’

2088 4641 2241 4711 ὑμῶν
2272 4645 2420 4697 ἐστιν
2449 4648 2482 4716 ή
2519 4647 2765 4717 βασιλεία
2807 4654 2915 4706 τῶν
2953 4657 3217 4727 οὒρανῶν,
3265 4654 3334 4730 ἦς
3378 4664 3472 4714 καὶ
3512 4664 3655 4733 ἡμᾶς

2087 4736 2385 4807 ἀξιωθῆναι
2421 4742 2809 4813 προσεύχεσθε,
2845 4746 3091 4817 ζηλωτὰς
3119 4750 3228 4803 τῶν
3259 4753 3540 4823 ὑμετέρων
3570 4756 3655 4824 Ep-

2088 4842 2199 4892 γων
2229 4831 2647 4909 γεγενημένους·
2677 4828 2750 4887 ὧν
2781 4838 2896 4890 ἐστι
2928 4839 3097 4910 γέρας
3123 4843 3155 4910 ἡ
3193 4844 3327 4895 πᾶσι
3359 4844 3481 4913 μεθ’
3506 4846 3655 4916 ὑμῶν

2085 4918 2196 4978 τοῖς
2218 4917 2390 4982 ἀξίοις
2416 4922 2802 4997 ἐπηγγελμένη
2827 4927 2927 4998 τῆς
2950 4928 3228 4998 βασιλείας
3256 4934 3578 5000 ἀπόλαυσις,
3601 4938 3656 4987 ἐν

2084 5006 2308 5078 Χριστῷ
2349 5011 2520 5082 Ἰησοῦ
2549 5014 2629 5083 τῷ
2658 5017 2848 5088 Κυρίῳ
2894 5021 3073 5090 ήμῶν,
3108 5016 3150 5088 ᾧ
3177 5025 3210 5092 ή
3258 5023 3383 5087 δόξα
3427 5027 3508 5088 εὶς
3534 5028 3655 5087 τοὺς

2085 5098 2307 5163 αἰῶνας.
2343 5102 2534 5174 Ἀμήν.

409 5310 772 5384 Sequebantur
807 5319 944 5379 apud
983 5310 1328 5378 Suaresium;
1370 5314 1420 5366 l°
1444 5313 1725 5370 Tractatus
1768 5319 2023 5385 moralis;
2068 5319 2128 5374 2ο
2162 5321 2388 5392 Epicteti
2435 5325 2785 5384 Euchiridion
2822 5347 2912 5385 seu
2962 5331 3251 5399 Manuale;
3303 5337 3359 5390 3ο
3395 5336 3655 5392 Narratio

697 5407 934 5458 monachi
966 5406 1207 5469 Pachon;
1236 5423 1351 5477 qua:
1378 5409 1572 5474 omnia,
1607 5419 1662 5462 ut
1689 5410 1933 5467 sublesta
1961 5417 2171 5471 omnino
2199 5419 2343 5487 ﬁdei,
2372 5420 2440 5472 ad
2470 5423 2665 5476 calcem
2688 5441 2902 5493 operum
2923 5429 3351 5486 amandavimus.

480 5603 931 5695 ζέῗέὶὲ¹ίιὲΡ·.,¹¹ι,εξ’
1008 5608 1215 5695 ἱ³9³ηο
1255 5613 1489 5695 ‘1'1'35-
1570 5620 1590 5651 ³
1618 5620 1770 5675 Joan-
1803 5638 1912 5691 xw.
1955 5624 1991 5677 2

2123 5630 2144 5659 ⁸
2172 5626 2359 5684 Matth.
2394 5645 2445 5695 ν,
2482 5630 2571 5685 44.

483 5632 493 5633 ί
528 5632 756 5674 τιιιιιμρ.
789 5632 847 5670 ιι,
878 5632 931 5660 ο.
1010 5632 1026 5638 -
1057 5632 1215 5665 wan.
1255 5632 1372 5677 xm,
1400 5632 1489 5669 oo.
1570 5632 1590 5651 ⁸
1618 5632 1770 5675 Joan.
1803 5638 1912 5691 xw,
1955 5632 1991 5677 2

383 5668 650 5723 "'Hatth.
681 5688 733 5739 v,
761 5676 866 5731 5-9
893 5690 908 5739 ;
1015 5676 1145 5732 Luc.
1184 5696 1252 5747 vr,
1285 5682 1370 5734 ‘20.

2123 5632 2144 5659 ⁸
2172 5632 2359 5684 Matth.
2394 5645 2445 5695 ν,
2482 5632 2571 5685 44.
2655 5636 2675 5667 ⁵
2702 5632 2889 5691 Matth.
2922 5651 2998 5703 ιιι,
3019 5635 3087 5691 29

3195 5639 3215 5669 ⁸
3250 5637 3442 5695 Matth.
3470 5656 3522 5707 ν,
3561 5642 3648 5698 ὅοζ
