4046 6152
458 342 585 410 1061

1468 348 1564 407 DE
1604 347 2136 411 MONACHORUM
2176 350 2688 412 PREESTANTIA.

1432 550 1448 551 κ
2527 553 2776 560 _____.__
2801 556 2822 561 _
2841 557 2874 562 _
2892 558 3208 564 --.μμ-κ
3223 558 3246 563 -
3267 555 3444 563 ..η-..η-
3489 557 3634 566 _-._-,,

1727 694 1955 781 ΤΟΥ
2019 690 2394 784 ΑΥΤΟΥ

2029 894 2109 931 οτι

452 1017 808 1086 Διαφέρονσι
860 1014 981 1072 τῶν
1023 1016 1093 1071 ἐν
1133 1017 1392 1074 πόλεσιν
1426 1017 1775 1089 ᾠκισμένων
1802 1023 1857 1074 οι
1910 1022 1980 1074 ἐν
2007 1021 2252 1091 ἐρήμοις
2280 1026 2708 1097 ἡσυχάζοντες,
2743 1031 2861 1088 κᾶν
2887 1036 3139 1103 πολλοῖς
3186 1037 3304 1092 τῶν
3327 1040 3582 1111 ἀπείρων
3626 1044 3695 1097 τὸ

1825 1113 2110 1171 ἐναντιον
2149 1117 2319 1186 δοκῇ.

1770 1456 1922 1572 EJ
1936 1451 2406 1573 USDEM

1098 1696 1245 1787 DE
1330 1694 2209 1791 MONACHORUM‘
2268 1700 3053 1792 PRESTANTIA

2026 1902 2123 1945 SEU

441 2031 625 2110 Quod
651 2032 731 2096 iis
755 2032 865 2114 qui
893 2031 1175 2097 habitant
1203 2032 1270 2094 in
1318 2032 1580 2096 urbibus
1624 2034 2093 2115 praestantiores
2141 2037 2266 2100 sint
2308 2038 2708 2119 quiescentes
2740 2061 2811 2108 ac
2850 2046 3106 2111 silentes
3150 2048 3215 2111 in
3266 2053 3513 2126 eremis,
3577 2053 3730 2117 etsi’

660 2150 665 2155 ·
1392 2135 1603 2199 multis
1631 2136 1981 2218 inexpertis
2027 2140 2410 2203 contrarium
2441 2142 2740 2207 videatur.

1050 2370 1303 2427 ΚΕΦΑΛ.
1340 2370 1421 2425 A’.

528 2464 738 2535 Τέχνης
776 2464 874 2534 μὲν
904 2463 1125 2533 ἀπάσης
1166 2463 1235 2517 τὰ
1285 2459 1522 2532 τεχνητὰ
1550 2460 1833 2531 κρίνοντες
1862 2461 2019 2516 ἀπει-

449 2576 542 2630 ρα,
593 2555 796 2626 σφόδρα
837 2552 1158 2623 σφάλλονται
1200 2553 1328 2623 περὶ
1379 2552 1478 2623 τὴν
1526 2552 1713 2623 κρίσιν
1752 2553 2017 2617 είκότωςο

449 2652 629 2718 λόγοις
656 2648 712 2702 δὲ
744 2646 1075 2711 δικάζοντες,
1099 2644 1366 2698 οίτούτων
1395 2643 1654 2715 ἀμύητοι,
1718 2642 2015 2714 πλημμελῆ

448 2744 571 2799 κατ’
594 2741 775 2796 αὐτῶν
803 2741 901 2812 τὴν
931 2740 1112 2810 κρίσιν
1152 2739 1497 2809 ἐκφέρουσιν,
1530 2738 1631 2790 οὐκ
1664 2737 1863 2800 ειδότες
1887 2736 2017 2790 ἑκά-

451 2853 578 2889 στου
625 2834 729 2905 τὴν
764 2831 967 2904 ἀκριϐῆ
1015 2831 1402 2902 παρατήρησιν
1426 2845 1440 2860 ο
1474 2830 1556 2883 ὅτι
1597 2829 1670 2898 μὴ
1721 2830 1840 2891 ταῖς
1873 2826 2016 2881 κατά

451 2927 616 2996 μέρος
640 2925 823 2987 αὐτοῖς
866 2921 1198 2992 γυμνασίαις
1231 2921 1311 2983 είς
1346 2918 1460 2983 ἕξιν
1492 2920 1525 2989 ὴ
1561 2917 1842 2987 ἐπιστήμη
1881 2933 2018 2986 προ-

450 3015 664 3085 έκοψεν.
694 3015 768 3067 Οὐ
803 3013 982 3066 τοίνυν
1012 3009 1313 3081 θαυμάζειν
1350 3007 1520 3074 ἄξιον,
1552 3009 1602 3060 εί
1624 3007 1732 3063 τῶν
1761 3008 1820 3062 ἐν
1866 3006 2016 3079 ὄρεσι

450 3116 540 3167 καὶ
590 3109 879 3182 σπηλαίοις
935 3106 1323 3181 ἡσυχαζόντων
1384 3105 1637 3176 μοναχῶν
1711 3101 2015 3171 καταγινὼ-

449 3220 670 3260 οκουσιν
695 3203 746 3256 οἱ
773 3203 891 3265 πῶς
928 3202 1099 3273 ἀρετῇ
1135 3197 1493 3269 κατορθοῦται
1550 3198 1626 3268 μὴ
1658 3195 1927 3267 μαθόντες
1944 3197 2011 3266 τῇ

446 3296 632 3369 πείρᾳ,
663 3297 791 3359 τοὺς
841 3297 901 3347 ἐν
938 3294 1088 3365 μέσῳ
1131 3290 1531 3363 στρεφομένους
1559 3288 1883 3358 ἀνθρώπων,
1917 3286 2015 3341 καὶ

446 3390 730 3457 διάγοντας
757 3391 814 3442 ἐν
836 3386 1025 3440 πόλεσι
1055 3386 1326 3453 λέγοντες,
1360 3383 1470 3437 τῶν
1508 3379 2013 3452 ἀνακεχωρημένων

451 3481 651 3552 μᾶλλον
677 3476 817 3533 εἶναι
843 3476 1270 3549 δοκιμωτέρους,
1297 3475 1392 3530 καὶ
1430 3472 1669 3544 τοσούτῳ
1691 3471 1874 3536 πλέον,
1902 3470 2013 3541 ὅσῳ

448 3570 671 3624 καὶτῶν
697 3567 1144 3640 σκιαμαχούντων
1171 3564 1440 3637 ἀθλητῶν,
1470 3564 1519 3616 οἱ
1550 3561 1691 3616 κατὰ
1714 3563 1874 3633 χεῖρα
1896 3563 2009 3624 τοῖς

449 3661 762 3724 ἀντιπάλοις
772 3659 1213 3731 συμπλεκόμενοι
1234 3656 1345 3709 εἰσὶ
1364 3654 1750 3724 γενναιότεροι·
1771 3651 1874 3705 οὐκ
1892 3651 2014 3703 ἐπι-

450 3754 709 3822 στάμενοι
750 3751 859 3822 γὰρ
895 3750 995 3813 τὰς
1039 3750 1120 3812 εἰς
1160 3748 1359 3817 πτῶμα
1409 3743 1601 3808 λαϐὰς,
1631 3743 1742 3796 οὐδ’
1771 3744 1872 3795 ὅσα
1906 3741 2015 3795 τῶν

446 3843 718 3913 ἁμμάτων
748 3836 920 3914 ἧτταν
949 3843 1110 3906 ποιεῖ,
1153 3838 1252 3902 τὰς
1283 3836 1405 3892 κατ’
1431 3835 1712 3905 ἐνέργειαν
1741 3831 2015 3903 ἁμαρτίας

454 3938 641 4006 μόνας.
679 3933 951 4004 πτώματα
991 3932 1241 4003 κρίνουσι
1264 3947 1278 3961 ο
1309 3930 1409 3992 τὰς
1448 3928 1571 3981 κατ’
1599 3925 1809 3981 ἔννοιαν
1841 3925 2011 3994 ἥττας

449 4025 541 4078 καὶ
564 4024 720 4087 νίκας
752 4023 815 4076 οὑ
846 4021 1206 4091 λογιζόμενοι.
1248 4017 1400 4071 Ἐπεὶ
1425 4016 1549 4088 μηδ’
1564 4013 1689 4082 ὄψις
1713 4010 1883 4074 αὑτὰς
1907 4009 2006 4061 πέ-

448 4133 619 4186 φυκεν
653 4118 810 4184 ὁρᾶν,
858 4115 1206 4187 ἀπορρήτους
1251 4110 1440 4175 οὖσας,
1474 4108 1566 4162 καὶ
1589 4105 1737 4177 μόνῳ
1755 4102 1834 4173 τῷ
1864 4103 2015 4170 ἀγω-

447 4211 639 4284 νοθέτῃ
710 4208 830 4279 Θεῷ
877 4208 970 4263 καὶ
1016 4210 1085 4278 τῇ
1125 4204 1430 4275 συνειδήσει
1469 4200 1563 4255 τοῦ
1610 4193 2012 4267 ἀγωνιζομένου

446 4299 852 4371 γινωσκομένας
873 4315 887 4329 ·
916 4293 998 4362 οἷς
1050 4297 1143 4351 κει)⁵
1187 4294 1433 4367 χρησίμη
1490 4290 1723 4363 μάλιστα
1748 4288 1780 4358 ἡ
1809 4284 2011 4354 γνῶσίς

448 4395 585 4457 ἐστι,
617 4392 696 4461 τῷ
730 4393 827 4463 μὲν
870 4392 947 4454 ὡς
986 4389 1234 4444 ἀθλοῦντι
1275 4384 1548 4457 βραϐείων
1585 4381 1679 4436 καὶ
1733 4377 2012 4448 στεφάνων

446 4485 631 4539 ἕνεκεν
655 4501 667 4514 ·
701 4483 778 4553 τῷ
816 4482 873 4538 δὲ
910 4483 985 4544 ὡς
1006 4479 1271 4550 ἀθλοθέτῃ
1303 4477 1399 4530 καὶ
1444 4473 1720 4542 διανέμειν
1766 4468 2012 4538 μέλλοντι

447 4574 543 4636 τὰς
564 4572 799 4641 ἀμοιϐὰς
864 4570 973 4624 τῶν
1023 4569 1200 4622 πόνων
1245 4565 1421 4631 ἀξίας.
1471 4562 1623 4633 Ἐμοὶ
1670 4558 1922 4614 δοκοῦσιν
1964 4557 2011 4608 oi

447 4664 678 4716 τοιοῦτοι
707 4662 893 4734 κριταὶ
915 4659 1093 4731 ψυχὴν
1116 4659 1216 4730 μὲν
1239 4662 1350 4721 τοῖς
1382 4654 1704 4710 λανθάνουσι
1737 4650 2013 4705 καλλωπι-

450 4751 682 4821 ζομένην
706 4750 889 4814 καλοῖς
915 4751 1156 4803 ἐπαινεῖν
1181 4748 1383 4818 ἥκιστα
1409 4763 1421 4776 ·
1453 4745 1614 4814 σῶμα
1635 4744 1692 4797 δὲ
1713 4740 2012 4811 θαυμάζειν

449 4841 663 4912 λάμπον
680 4844 746 4913 τῇ
776 4841 896 4912 ὥρᾳ
926 4841 1019 4910 τῆς
1053 4839 1229 4908 ὅψεως
1256 4854 1270 4869 ·
1322 4838 1416 4891 καὶ
1456 4834 1705 4905 ποικίλην
1747 4833 2014 4903 εὐφημεῖν

449 4933 671 5003 ἐσθῆτα,
711 4933 817 5003 πρὸ
852 4932 951 5001 τῆς
997 4930 1183 4994 εὺξίας
1214 4928 1308 4982 τοῦ
1357 4926 1560 4996 ταύτην
1584 4924 1970 4994 περικειμένου
1995 4936 2009 4950 ⁸

2540 2374 2893 2447 321-377
2956 2376 3182 2434 CAPUT
3224 2378 3267 2435 1.

2191 2461 2457 2532 lnexperti
2510 2466 2605 2533 qui
2658 2466 2910 2534 judicant
2959 2469 3093 2525 artis
3140 2469 3516 2543 cujuscunque
3559 2478 3695 2530 arti-

2118 2551 2262 2618 ﬁcia,
2293 2555 2490 2610 merito
2521 2557 2785 2612 falluntur
2810 2558 2965 2614 valde
2995 2562 3139 2615 circa
3169 2562 3433 2633 judicium
3458 2582 3474 2633 ;
3516 2570 3690 2622 ratio-

2119 2644 2286 2701 nibus
2311 2661 2441 2701 vero
2473 2648 2858 2718 disceptantes,
2886 2652 2979 2720 qui
3010 2653 3144 2722 ipsis
3167 2653 3366 2710 initiati
3401 2673 3506 2713 non
3539 2671 3686 2724 sunt,

2119 2735 2390 2791 absonum
2429 2753 2594 2809 super
2621 2739 2706 2795 his
2745 2738 3249 2812 ferunt-judicium,
3291 2747 3559 2819 cujusque
3612 2754 3690 2805 rei
3789 2783 3794 2787 -

2118 2826 2433 2896 diligentem
2497 2828 2935 2886 observationem
2991 2833 3305 2905 ignorantes
3339 2877 3355 2903 ,
3414 2853 3480 2894 eo
3542 2842 3689 2909 quod

2118 2920 2361 2991 ipsorum
2415 2925 2641 2981 scientia
2704 2928 2937 2998 singulis
2987 2933 3263 2989 exercitiis
3317 2933 3385 2989 ad
3436 2934 3682 2993 habitum

2117 3026 2471 3085 progressum
2504 3031 2614 3073 non
2662 3017 2875 3075 fecerit.
2918 3017 3076 3078 Haud
3117 3022 3282 3093 igitur
3320 3036 3404 3081 est
3446 3029 3689 3084 admira-

2119 3107 2268 3163 tione
2322 3108 2548 3180 dignum
2581 3149 2597 3176 ,
2659 3113 2706 3166 si
2768 3114 3071 3169 monachos
3119 3116 3287 3171 vitam
3334 3118 3590 3189 degentes
3632 3124 3686 3176 in

2116 3195 2396 3253 montibus
2444 3205 2498 3253 et
2555 3198 2832 3268 speluncis
2878 3202 3244 3258 condemnant
3292 3205 3328 3259 ii
3382 3208 3476 3277 qui
3527 3224 3692 3280 expe-

2116 3286 2311 3345 rientia
2343 3304 2451 3346 non
2498 3292 2770 3349 edidicere
2800 3296 3079 3363 quomodo
3120 3310 3463 3367 comparetur
3492 3302 3686 3368 virtus,

2121 3390 2418 3450 testantes,
2451 3383 2801 3441 anachoretis
2841 3402 2937 3443 eos
2976 3387 3139 3459 longe
3172 3390 3516 3459 probatiores
3543 3408 3684 3458 685e,

2114 3474 2208 3543 qui
2237 3484 2529 3530 versantur
2556 3475 2613 3531 in
2644 3476 2906 3544 urbibus,
2948 3494 3124 3549 eoque
3162 3483 3334 3553 magis
3357 3525 3372 3549 ,
3416 3500 3526 3554 quo
3565 3489 3689 3540 ath—

2116 3564 2239 3622 letis
2275 3566 2534 3634 inaniter,
2587 3577 2639 3624 et
2693 3570 2748 3625 in
2799 3571 2993 3627 umbra
3049 3575 3418 3645 pugnantibus
3473 3578 3551 3643 hi,
3592 3584 3687 3649 qui

2116 3672 2341 3713 manum
2393 3670 2693 3716 conserunt
2743 3677 2868 3717 cum
2907 3662 3240 3721 adversariis
3285 3676 3415 3722 sunt
3459 3684 3689 3739 genero-

2116 3748 2292 3805 siores
2318 3766 2335 3817 ;
2367 3751 2569 3806 etenim
2598 3753 2916 3823 ignorantes
2948 3755 3364 3823 prehensiones,
3407 3774 3529 3827 qua:
3572 3771 3684 3816 tra-

2115 3840 2254 3895 bunt
2282 3841 2351 3896 ad
2394 3842 2629 3913 lapsum,
2669 3859 2769 3899 nec
2792 3853 2926 3914 quot
2968 3846 3391 3916 illaqueamenta
3451 3850 3689 3909 inferant

2116 3931 2353 3997 cladem,
2385 3934 2501 3989 sola
2530 3942 2753 4005 peccata
2794 3936 3028 3991 actualia
3068 3938 3404 3994 arbitrantur
3438 3956 3560 3999 esse
3610 3947 3687 4000 la-

2117 4038 2272 4093 psus,
2298 4025 2519 4079 minime
2558 4035 2938 4096 supputantes,
2976 4043 3099 4098 qum
3142 4044 3211 4084 ex
3254 4041 3435 4088 mente
3469 4038 3686 4091 contin-

2121 4124 2291 4185 gunt,
2347 4116 2530 4172 clades
2581 4132 2648 4172 ac
2700 4118 2999 4186 victorias;
3055 4121 3497 4193 quandoquidem
3537 4128 3685 4184 visus

2120 4206 2271 4277 ipsas
2299 4207 2569 4277 dispicere
2604 4223 2715 4263 non
2759 4211 3068 4275 consuevit,
3117 4227 3242 4267 cum
3290 4216 3401 4270 sint
3435 4221 3681 4288 occultae,

2118 4309 2176 4354 et
2211 4298 2314 4354 soli
2342 4299 2689 4369 praemiorum
2720 4301 3065 4357 distributori
3112 4302 3244 4369 Deo,
3277 4314 3440 4376 atque
3470 4320 3684 4366 certan-

2121 4392 2193 4447 tis
2225 4391 2575 4448 conscientia:
2610 4394 2860 4463 cognitae,
2892 4395 3093 4466 quibus
3119 4399 3285 4453 etiam
3321 4404 3557 4459 maxime
3586 4409 3686 4462 uti-

2116 4483 2186 4538 lis
2228 4492 2314 4539 est
2353 4485 2615 4556 cognitio,
2648 4486 2739 4540 uni
2784 4486 3004 4556 quidem
3051 4489 3127 4545 uti
3169 4491 3489 4561 decertanti,
3520 4496 3687 4568 37s

2117 4575 2466 4644 praemiorum
2501 4581 2554 4629 et
2581 4590 2908 4633 coronarum
2957 4581 3152 4649 gratia,
3200 4582 3356 4638 alteri
3398 4600 3526 4640 vero
3564 4596 3685 4642 tan-

2118 4681 2282 4738 quam
2342 4669 2659 4723 certaminis
2699 4671 2940 4739 praesidi,
2986 4686 3051 4727 ac
3096 4673 3341 4729 laborum
3385 4678 3685 4749 condignas

2120 4758 2484 4814 distributuro
2512 4762 2813 4817 mercedes.
2846 4760 2977 4817 Mihi
3016 4764 3267 4819 videntur
3305 4766 3683 4834 hujuscemodi

2115 4850 2621 4920 judices,animam
2667 4854 2885 4921 quidem
2916 4855 3213 4911 latentibus
3255 4857 3412 4913 bonis
3451 4876 3686 4927 exorna-

2117 4950 2231 4997 tam
2265 4943 2491 4997 minime
2527 4943 2829 5008 dilaudare,
2861 4959 3061 5014 corpus
3099 4955 3279 5000 autem
3311 4949 3565 5006 demirari
3607 4957 3687 5008 er-

448 5025 528 5078 ὃτι
561 5027 671 5088 τοῖς
699 5021 995 5093 ὁρωμένοις
1018 5019 1332 5075 ἀπατῶνται
1363 5017 1461 5086 τὴν
1496 5015 1774 5109 αἴσθησιν,
1800 5015 1866 5109 τῇ
1912 5011 2013 5109 -

2119 5033 2333 5104 fulgens
2388 5034 2703 5105 aspectabili
2754 5011 3054 5098 formaset
3097 5039 3424 5109 variegatam
3483 5056 3685 5100 vestem

451 5132 533 5170 σει
563 5115 674 5168 τῶν
709 5113 1048 5183 πραγμάτων
1095 5111 1386 5180 ἐπιστῆσαι
1431 5109 1521 5161 τὸν
1551 5106 1675 5161 νοῦν
1725 5106 1784 5160 οὐ
1833 5105 2015 5176 βουλό-

453 5222 622 5274 μενοι.

1039 5556 1288 5610 ΚΕΦΛΛ.
1322 5556 1394 5607 B'.

533 5648 620 5710 Ὡς
656 5647 766 5716 γὰρ
796 5644 854 5698 τὸ
882 5644 988 5698 ἔσω
1015 5645 1109 5699 τοῦ
1143 5645 1401 5715 ποτηρίου
1434 5645 1569 5718 πρὸς
1594 5645 1784 5716 τέρψιν
1815 5648 1908 5700 τοῦ
1932 5649 2017 5701 πί-

447 5757 630 5802 νοντος
665 5739 747 5790 δεῖ
779 5736 992 5800 πάντως
1035 5737 1274 5806 καθαρὸν
1301 5732 1459 5801 εἶναι,
1492 5737 1631 5791 οὓτω
1664 5740 1760 5808 τὴν
1793 5740 2017 5809 καρδίαν

2122 5128 2400 5181 celebrare
2451 5142 2561 5197 prae
2609 5126 2749 5181 bona
2786 5129 3029 5196 corporis
3070 5130 3390 5187 habitudine
3438 5136 3560 5203 viri,
3594 5140 3686 5207 qui

2122 5227 2205 5273 est
2268 5220 2382 5287 ipsa
2440 5218 2696 5285 indutus;
2755 5217 3030 5287 decipiunt
3080 5221 3224 5275 enim
3271 5238 3493 5280 sensum
3558 5228 3689 5283 visi-

2122 5309 2365 5373 bilibus,
2440 5320 2647 5364 naturae
2715 5324 2895 5366 rerum
2958 5309 3199 5365 animum
3264 5314 3524 5372 adhibere
3588 5336 3688 5375 no-

2121 5400 2316 5454 lentes.

2743 5560 2971 5617 CAPUT
3012 5561 3069 5616 Il.

2196 5650 2350 5707 Sicut
2375 5651 2596 5714 etenim,
2633 5653 2777 5722 quod
2829 5655 2966 5709 intra
3016 5658 3271 5725 poculum
3314 5666 3397 5712 est
3437 5658 3502 5712 ad
3533 5661 3690 5715 volu-

2124 5752 2323 5813 ptatem
2353 5745 2604 5812 bibentis,
2624 5755 2835 5816 oportet
2856 5750 3076 5803 omnino
3100 5765 3295 5820 purum
3328 5765 3469 5823 esse,
3492 5752 3567 5808 ita
3592 5766 3688 5811 cor
