4046 6152
460 317 601 380 1063

1959 316 2021 373 S.
2047 314 2210 374 NILI

3562 318 3698 382 106i

455 440 571 496 prae
593 438 822 494 corpore
849 424 1048 477 habere
1076 421 1223 475 nullo
1252 422 1416 475 modo
1464 423 1806 491 inquinatum
1842 420 2019 485 decet,

2137 422 2232 494 πρὸ
2254 419 2346 474 τοῦ
2378 421 2626 492 σώματος
2655 422 2796 492 ἔχειν
2833 422 3133 493 ἁμόλυντον
3165 422 3270 495 χρὴ
3313 423 3446 496 πρὸς
3480 423 3539 477 τὸ
3571 427 3701 496 ἀρέ-

457 519 525 572 ad
559 516 876 585 placendum
906 514 1034 579 Deo,
1061 514 1153 581 qui
1188 513 1293 566 tale
1326 512 1441 566 vult
1465 511 1640 582 ipsum
1668 512 1872 575 videre,
1898 512 2025 581 quia

457 622 651 674 nempe
677 608 815 659 hanc
839 605 960 673 ejus
995 605 1285 687 puritatem
1321 605 1569 674 sequitur
1588 613 1641 657 et
1675 605 1878 673 puritas
1901 619 2025 659 coro

455 697 635 768 poris;
695 695 1012 764 neutiquam
1066 711 1196 750 vero
1248 697 1563 751 necessario
1614 694 1804 749 eodem
1864 696 2025 749 modo

457 790 807 858 componitur
844 789 1041 841 anima:
1086 788 1373 855 ἀίενοεὶιίο
1431 803 1496 842 ac
1545 788 1793 856 corporis
1843 797 2021 841 tento-

456 884 624 935 rium.
686 879 898 934 Accidit
937 880 1135 949 quippe
1181 878 1260 950 (ut
1295 880 1372 933 ait
1409 878 1671 933 Dominus
1702 878 1881 948 Jesus)
1916 880 2026 933 ali-

455 982 620 1042 qnem
667 972 978 1041 sepulcrum
1014 986 1137 1025 esse
1170 970 1503 1035 dealbatam,
1546 973 1765 1039 plenum
1808 971 2027 1025 ossibus

456 1064 758 1117 demortuis
789 1063 831 1126 ’,
878 1070 932 1116 et
971 1063 1120 1115 omni
1163 1062 1508 1115 immunditia
1536 1104 1550 1127 ,
1590 1078 1698 1116 non
1736 1062 2025 1116 habentem

455 1153 742 1205 Veritatem
776 1152 1089 1206 interiorem
1128 1163 1518 1207 consonantem
1555 1155 1642 1218 ei,
1689 1155 1830 1222 quod
1862 1170 2027 1222 appa-

459 1251 570 1308 ret;
616 1250 706 1295 sed
736 1252 800 1295 ad
837 1243 1302 1313 comparationem
1335 1259 1444 1298 non
1499 1244 1643 1297 hunc
1693 1253 1850 1297 vocat
1888 1244 2029 1296 ratio

460 1348 675 1398 eorum,
704 1348 826 1407 quae
852 1334 997 1387 dicta
1050 1344 1198 1399 sunt,
1252 1333 1485 1388 accersit
1527 1343 1708 1387 autem
1749 1350 1892 1396 eum,
1938 1336 2028 1403 qui

461 1427 763 1480 secundum
812 1427 1104 1494 practicam
1138 1427 1303 1480 vitam
1357 1440 1456 1496 par
1493 1436 1580 1480 cst
1627 1427 1781 1495 ipsis,
1826 1427 2030 1495 quique

462 1533 588 1573 sese
642 1519 697 1571 in
739 1518 1031 1572 virtutibus
1074 1518 1374 1572 moralibus
1415 1519 1661 1572 exercuit
1706 1519 1930 1587 perinde
1965 1534 2031 1572 ac

461 1608 541 1663 illi
571 1608 712 1678 ipsi;
748 1609 948 1663 etenim
982 1610 1365 1678 hujuscemodi
1416 1610 1587 1663 virum
1632 1611 2030 1678 comperiemus

464 1701 642 1753 multo
674 1703 851 1769 spatio
883 1700 1017 1769 ipsis
1043 1699 1380 1764 inferiorem,
1412 1700 1813 1769 distantemqne
1847 1701 1916 1754 ab
1946 1701 2033 1754 iu-

462 1792 657 1846 stitulo
686 1792 987 1845 scientiiico
1012 1801 1245 1859 tantum,
1289 1801 1553 1861 quantum
1585 1807 1615 1846 a
1647 1791 1916 1846 medicina
1948 1808 2031 1845 rc-

463 1891 564 1936 claa
594 1882 837 1936 methodi
862 1882 1043 1936 diﬂ‘ert
1075 1897 1158 1947 ea,
1192 1898 1313 1951 quae
1340 1884 1516 1937 solum
1553 1884 1619 1937 ad
1644 1899 1864 1937 manum
1899 1898 2029 1952 Ope-

464 1983 636 2040 ratur,
659 1989 779 2045 quae
812 1989 913 2027 nec
933 1989 1129 2029 causas
1148 1974 1464 2029 morborum
1493 1975 1620 2036 scit,
1660 1990 1843 2044 neque
1864 1974 2032 2045 379

462 2065 806 2135 passitmum,
856 2066 1150 2134 quomodo,
1196 2077 1290 2118 aut
1322 2066 1464 2119 unde
1511 2074 1829 2130 nascantur,
1877 2066 2031 2118 diffe-

464 2158 672 2211 rentias
695 2157 909 2210 curiose
936 2148 1329 2225 perscrutatur,
1364 2156 1744 2210 tantummodo
1776 2171 1903 2210 vero
1926 2166 2032 2210 stat

467 2248 521 2301 in
556 2248 770 2311 morbo,
807 2247 1040 2305 etillum
1070 2254 1247 2309 curat,
1278 2261 1440 2315 quem
1478 2246 1626 2299 novit
1652 2245 1900 2300 celeriter
1928 2246 2034 2301 ite—

465 2354 586 2392 rum
633 2340 960 2404 rediturum,
996 2353 1120 2393 cum
1180 2353 1283 2393 non
1313 2338 1525 2393 sublata
1572 2337 1738 2392 fuerit
1782 2353 1970 2401 causa,
2002 2351 2035 2392 e

465 2445 573 2499 qua
599 2431 833 2498 sumpsit
875 2430 1134 2497 initium;
1173 2430 1315 2484 sicut
1354 2444 1592 2498 namque
1637 2429 2028 2494 distensiones,

466 2528 523 2574 et
563 2519 1023 2575 inflammationes
1072 2520 1502 2589 praecordiorum
1529 2560 1545 2585 ,
1584 2529 1639 2575 et
1688 2521 2034 2591 intemperies

466 2610 759 2664 humerum
806 2611 1027 2680 pariunt
1068 2611 1217 2665 mille
1257 2613 1595 2679 nominibus,
1635 2623 1689 2667 et
1717 2613 2035 2683 dispositio-

467 2701 632 2756 nibus
667 2700 912 2755 diversas
940 2700 1159 2766 febres;
1194 2701 1295 2756 has
1336 2716 1446 2756 uno
1473 2704 1560 2758 die
1594 2704 2033 2768 intermittentes,

468 2790 609 2845 alias
649 2800 853 2860 septem
888 2791 1103 2857 diebus,
1128 2800 1182 2844 et
1224 2791 1307 2846 bis
1347 2803 1551 2862 septem
1573 2831 1589 2856 ,
1623 2793 1918 2860 capitales,
1949 2795 2036 2848 vel

470 2882 778 2948 diuturnas,
817 2883 1182 2953 hecticasque,
1217 2894 1272 2939 et
1300 2885 1551 2949 diurnas,
1601 2884 1701 2939 has
1743 2885 1968 2954 quidem
2004 2901 2036 2941 e

468 2974 627 3038 flava,
682 2976 802 3028 illas
848 2981 1028 3030 autem
1056 2990 1085 3031 c
1116 2977 1271 3047 nigra
1317 2978 1442 3042 bile,
1481 2977 1615 3032 alias
1649 2991 1683 3032 e
1710 2977 1905 3047 pituita
1932 2993 2036 3047 pu-

2128 532 2255 567 σκον
2284 514 2362 585 τῷ
2392 515 2645 585 τοιαύτην
2678 516 2811 587 ὀρᾷν
2855 516 3025 586 αὐτὴν
3070 515 3376 587 βουλομένῳ
3409 516 3547 587 Θεῷ.
3575 520 3699 574 ’Ὁτι

2125 608 2192 676 τῇ
2225 605 2430 676 ταύτης
2458 606 2742 660 ἀκολουθεῖ
2767 605 3101 678 καθαρότητι
3153 609 3248 660 καί
3266 610 3300 678 ἡ
3329 607 3423 660 τοῦ
3446 607 3699 678 σώματος

2126 698 2455 768 καθαρότης,
2475 698 2657 751 οὐκέτι
2673 700 2729 752 δέ
2745 700 2837 752 καί
2857 703 2923 770 τῇ
2944 702 3113 770 σκηνῇ
3133 699 3227 753 τοῦ
3253 700 3505 770 σώματος
3530 701 3692 769 ἀναγ-

2126 788 2296 852 καίως
2315 789 2685 843 συνδιάκειται
2702 791 2799 861 τῆς
2824 790 3001 861 ψυχῆς
3025 793 3057 861 ἡ
3078 792 3337 856 διάθεσις.
3370 793 3528 845 Ἔστι
3564 794 3698 864 γὰρ,

2127 879 2203 942 ὣς
2228 896 2395 949 φησιν
2421 881 2450 932 ὁ
2485 880 2688 951 Κύριος
2724 882 2953 952 Ἰησοῦς,
2985 884 3077 936 καὶ
3100 884 3270 951 τάφον
3293 879 3432 937 εἷναί
3459 902 3583 937 τινα
3614 902 3702 937 κε-

2127 972 2449 1041 κονιαμένον
2480 974 2675 1041 μεστὸν
2700 973 2904 1028 ὀστέων
2921 974 3132 1043 νεκρῶν
3142 976 3236 1028 καὶ
3251 976 3433 1044 πάσης
3451 976 3702 1047 ἀκαθαρ-

2129 1062 2268 1125 σίας,
2296 1062 2374 1132 τῷ
2398 1062 2707 1133 φαινομένῳ
2738 1064 3074 1133 συνᾴδουσαν
3115 1065 3216 1117 οὐκ
3260 1064 3452 1133 ἔχοντα
3480 1065 3577 1134 τὴν
3608 1066 3700 1117 ἔν-

2127 1152 2215 1205 δον
2236 1153 2511 1221 ἀλήθειαν,
2532 1153 2645 1206 ἀλλ’
2670 1154 2730 1205 οὐ
2752 1152 2943 1207 τοῦτον
2960 1155 3040 1216 εἰς
3063 1154 3354 1222 σύγκρισιν
3369 1157 3397 1207 ὁ
3420 1154 3575 1222 λόγος
3587 1154 3701 1208 τῶν

2127 1242 2432 1311 εἰρημένων
2479 1241 2632 1294 καλεῖ
2655 1259 2669 1273 ο
2705 1243 2796 1295 τὸν
2822 1241 2883 1295 δὲ
2929 1243 3071 1295 κατὰ
3114 1243 3213 1313 τὴν
3239 1243 3551 1313 πρακτικὴν
3584 1244 3700 1296 ἴσον

2129 1330 2381 1391 ἐκείνοις,
2409 1330 2505 1383 καί
2550 1331 2649 1394 τὰς
2691 1331 2890 1400 ἠθικὰς
2918 1331 3120 1404 ἀρετὰς
3147 1332 3463 1403 ἠσκημένον
3496 1333 3701 1401 ὁμοίως

2127 1419 2353 1481 αὐτοῖς·
2392 1422 2486 1473 καί
2541 1422 2729 1474 τοῦτον
2789 1422 2897 1491 γὰρ
2952 1424 3257 1493 εὑρήσομεν
3317 1424 3699 1493 ἀπολιμπανὸο

2135 1525 2293 1578 μενον
2323 1510 2472 1580 αὐτῷ
2496 1510 2674 1582 πολλῷ
2696 1511 3048 1583 διαστήματι,
3084 1514 3179 1566 καί
3218 1513 3320 1582 τῆς
3347 1515 3703 1583 ἐπιστημονι-

2132 1601 2234 1665 xi;
2261 1602 2555 1671 ἀφεστῶτα
2579 1604 2804 1673 ἀγωγῆς
2827 1604 3100 1670 τοσοῦτον,
3136 1605 3259 1657 ὅσον
3287 1606 3386 1673 τῆς
3409 1606 3701 1675 εὐμεθόδου

2088 1754 2106 1798 5
2137 1698 2381 1765 ἰατρικῆς
2403 1697 2436 1765 ἡ
2461 1698 2603 1749 κατᾶ
2630 1701 2787 1768 χεῖρα
2810 1698 2969 1767 μόνον
3006 1699 3370 1771 ἐνεργουμένη
3394 1700 3700 1768 διέστηκεν,

2131 1789 2254 1842 οὔτε
2306 1793 2626 1863 νοσημάτων
2684 1794 2864 1856 αἰτίας
2919 1795 3279 1864 ἐπισταμένη,
3315 1794 3441 1847 οὔτε
3492 1795 3702 1861 παθῶν,

2130 1883 2277 1945 ὅπως
2325 1882 2507 1953 ἢὸθεν
2553 1884 2827 1937 τίκτονται
2856 1924 2871 1948 ,
2908 1884 3168 1955 διαφορὰς
3203 1885 3702 1956 περιεργαζομένη,

2134 1974 2296 2043 μόνον
2318 1973 2375 2026 δὲ
2416 1976 2553 2044 πρὸς
2580 1975 2643 2028 τὸ
2669 1976 2881 2043 κάμνον
2920 1977 3207 2048 ἱσταμένη,
3234 1978 3329 2031 καὶ
3353 1977 3510 2031 τοῦτο
3540 1977 3706 2047 θερα-

2133 2063 2393 2126 πεύουσα,
2416 2062 2443 2115 ὃ
2478 2064 2638 2116 πάλιν
2665 2065 3027 2135 ὑποστρέφειν
3059 2063 3196 2120 οἶδεν
3229 2068 3419 2133 ὀξέως,
3454 2069 3554 2138 τῆς
3582 2068 3707 2122 ὅθεν

2133 2154 2336 2224 ἦρξατο
2385 2153 2564 2216 αἰτίας
2593 2155 2694 2206 οὐκ
2740 2157 3090 2225 ἀνῃρημένης
3120 2173 3133 2184 ο
3166 2157 3241 2220 ὡς
3273 2158 3382 2227 γὰρ
3411 2158 3705 2225 διατάσεις,

2135 2245 2230 2295 καὶ
2286 2243 2586 2313 φλεγμοναί
2618 2240 2965 2314 σπλὰγχνων,
3020 2248 3114 2300 καὶ
3142 2246 3467 2318 δυσκρασὶαι
3494 2250 3707 2319 χυμῶν,

2134 2335 2261 2397 τοὺς
2296 2335 2543 2404 μυρίους,
2580 2337 2809 2400 καὶτοῖς
2838 2338 3085 2407 ὀνόμασι,
3115 2340 3210 2391 καὶ
3255 2342 3377 2401 ταῖς
3402 2338 3708 2393 διαθέσεσιν

2136 2425 2493 2479 ἀποτίκτουσι
2535 2429 2823 2498 πυρετοὺς,
2886 2430 3276 2499 ἐφημερινοὺς,
3315 2430 3708 2500 ἐὸδοματικοὺς

2137 2515 2233 2569 καὶ
2262 2515 2629 2586 δισεὸδόμους,
2668 2519 3026 2590 ἐπικὰῤῥους,
3061 2520 3094 2590 ἢ
3132 2521 3400 2590 χρονίους,
3431 2522 3705 2589 ἐκτικοὺς,

2137 2609 2234 2662 καὶ
2263 2609 2594 2679 ἐφημέρους,
2619 2610 2745 2673 τοὺς
2770 2611 2867 2680 μὲν
2895 2613 2988 2664 ἐπὶ
3013 2611 3203 2683 ξανθῇ,
3233 2615 3359 2676 τοὺς
3386 2614 3441 2666 δὲ
3471 2615 3564 2666 ἐπὶ
3598 2631 3701 2682 με-

2137 2691 2294 2772 λαίνῃ
2318 2700 2472 2771 χολῇ,
2502 2701 2694 2765 ἄλλους
2724 2703 2818 2754 ἐπὶ
2851 2703 3126 2773 φλέγματι
3169 2707 3445 2775 σεσηπότι,
3476 2707 3570 2758 καὶ
3603 2706 3708 2759 ἆλ-

2137 2794 2264 2856 λους
2287 2793 2373 2861 ἐφ’
2388 2793 2620 2862 αἵματος
2642 2794 2967 2864 πλεονασμῷ
2992 2798 3572 2865 συνισταμένους,τοὺς
3600 2796 3707 2867 μὲν

2138 2886 2318 2955 ἠσυχῆ
2345 2884 2442 2938 καὶ
2470 2885 2708 2955 ἁμηνυτί
2765 2888 3091 2958 προσιόντας
3122 2925 3138 2949 ,
3198 2889 3325 2951 τοὺς
3353 2887 3409 2940 δὲ
3439 2888 3543 2957 πρὸ
3571 2887 3708 2941 πολ-

2139 2976 2236 3029 λοῦ
2266 2976 2609 3047 κεκραγότας
2653 2977 2754 3046 τὴν
2787 2982 3090 3049 παρουσίαν
3120 2978 3471 3048 μαλακισμῶ,
3503 2980 3600 3033 καὶ
3621 2979 3711 3050 ξηο

467 3067 630 3133 trida,
655 3076 709 3121 et
735 3068 870 3122 alias
892 3083 922 3122 e
948 3070 1231 3138 sanguinis
1261 3070 1589 3125 abundantia
1613 3068 2032 3135 conﬂatas;.bas

2137 3071 2345 3141 ρότητι,
2368 3071 2467 3124 καὶ
2497 3069 2650 3141 ὕπνῳ
2691 3072 2929 3141 συνεχῶς
2965 3071 3379 3142 διακοπτομένῳ
3425 3071 3523 3142 τὴν
3556 3071 3708 3126 νόσον

468 3160 689 3227 quidem
741 3161 930 3226 tacite,
983 3161 1582 3243 et_imperceptibiliter
1654 3162 2025 3225 advenimus,

2138 3163 2519 3232 σημαίνοντας.

468 3248 605 3304 istas
642 3264 772 3303 vero
809 3251 984 3305 multo
1024 3265 1186 3306 antea
1227 3252 1583 3309 inclamantes
1623 3252 1939 3316 adventum,
1981 3252 2242 3322 langtmre
2287 3261 2451 3322 atque
2487 3252 2734 3315 siccitate
2764 3268 2831 3308 ac
2872 3268 3067 3309 somno
3101 3254 3363 3309 continuo
3408 3255 3710 3324 interrupto

468 3345 838 3415 aegritudinem
872 3344 1257 3412 signiﬁcantes.

1068 3516 1295 3574 CAPUT
1342 3517 1429 3573 lli.

542 3626 621 3681 Ita
660 3641 859 3682 sensus
887 3626 1145 3696 impulsio
1178 3629 1489 3684 inordinata
1538 3631 1824 3684 consuevit
1864 3644 2030 3701 gene-

473 3734 596 3773 rare
648 3719 1033 3785 cogitationem
1085 3721 1329 3789 passioni
1374 3723 1669 3776 obnoxiam
1701 3761 1715 3785 ,
1768 3723 2033 3791 concupi-

473 3808 739 3863 scentiam
788 3816 1023 3877 turpem,
1071 3809 1191 3879 ipsa
1236 3811 1650 3866 delectationem
1678 3854 1693 3877 ,
1736 3821 1793 3867 et
1840 3828 2034 3866 rursus

474 3910 827 3960 consensum,
881 3895 1042 3964 cujus
1070 3913 1276 3967 sequax
1320 3908 1405 3953 est
1465 3899 1678 3953 actuale
1728 3907 2034 3967 peccatum,

474 3987 642 4057 quod,
672 3987 898 4058 quando
918 3988 1157 4045 desumit
1188 3990 1426 4055 initium,
1448 4000 1658 4059 oportet
1679 4004 1749 4044 ex
1766 3990 1865 4043 illo
1880 3989 2039 4056 prin-

474 4079 622 4148 cipio
674 4080 995 4148 reprimere,
1071 4082 1366 4137 avertendo
1426 4097 1649 4136 sensum
1706 4082 1860 4135 visus
1901 4081 2040 4135 serie

473 4171 708 4240 quadam
734 4180 1187 4236 commoventem,
1231 4188 1353 4241 qum
1373 4173 1518 4227 dicta
1537 4183 1684 4235 sunt,
1714 4172 2037 4240 priusquam

476 4262 607 4318 illud
631 4263 874 4328 accedat,
900 4279 966 4318 ac
991 4264 1280 4319 difﬁculter
1302 4264 1429 4318 inde
1460 4267 1802 4318 retrocedere
1832 4263 2039 4331 possit;

476 4353 623 4422 quod
655 4354 800 4408 enim
842 4368 952 4407 non
988 4354 1319 4424 imprimitur
1345 4370 1439 4422 per
1481 4357 1771 4417 visionem,
1808 4354 2040 4408 forsitan

478 4445 705 4499 minime
740 4444 906 4500 infert
933 4446 1303 4501 difﬁcultatem
1355 4446 1676 4509 intellectui,
1710 4460 1810 4498 nec
1843 4445 2041 4498 enatam

475 4537 527 4592 ei
582 4536 811 4606 porrigit
877 4538 1306 4593 meditationem.
1363 4536 1516 4602 Quod
1562 4545 1743 4591 autem
1792 4552 1899 4592 non
1945 4536 2047 4590 fuit

478 4630 822 4691 meditatum,
859 4643 968 4683 non
1010 4628 1253 4697 procedit
1281 4629 1349 4683 ad
1380 4645 1540 4697 opus,
1588 4644 1687 4683 nec
1721 4629 1902 4684 locum
1946 4628 2046 4682 hae

478 4721 590 4783 bet,
627 4728 687 4773 ut
726 4718 876 4774 foras
921 4719 1222 4788 expellatur
1271 4720 1457 4789 aliquo
1504 4722 1745 4775 indicio:
1789 4736 1894 4774 non
1919 4735 2046 4788 pro-

481 4810 587 4864 fert
609 4812 917 4865 convicium
947 4811 1152 4882 lingua,
1176 4814 1395 4883 quando
1429 4813 1509 4867 ira
1536 4813 1822 4883 consopita
1857 4814 1930 4867 sit
1960 4813 2044 4865 in-

480 4912 610 4968 tus;
648 4918 755 4955 non
799 4902 949 4956 videt
991 4902 1158 4973 380
1186 4905 1382 4960 oculus
1421 4906 1791 4968 meretricius,
1827 4903 1873 4957 si
1904 4901 2045 4957 ratio

481 4992 631 5046 illum
665 4991 901 5047 refrenet
920 5007 987 5048 ac
1010 4995 1338 5059 moderetur,
1370 5004 1424 5050 et
1447 5012 1553 5051 non
1582 4997 1862 5052 decentem
1888 5009 2048 5063 aspe-

481 5095 625 5139 ctum
654 5084 921 5152 inhibeat;
950 5102 1057 5140 non
1082 5088 1311 5157 suscipit
1342 5089 1563 5144 auditus
1588 5102 1900 5144 sermonem
1925 5095 2048 5139 tur-

481 5190 627 5245 pem,
665 5175 794 5230 dum
844 5192 999 5232 mens
1049 5178 1423 5248 hujuscemodi
1471 5195 1691 5235 sensum
1725 5177 1998 5233 custodiat
2032 5192 2045 5228 :

484 5266 692 5319 nullum
719 5267 1021 5321 membrum
1057 5279 1510 5339 praveoperatur,
1532 5271 1760 5325 interius
1790 5267 2051 5337 vigilante

485 5359 865 5429 gubernatore,
890 5364 982 5431 qui
1019 5372 1170 5431 regat
1204 5364 1490 5419 interiores
1520 5362 1902 5431 c03itationes,
1923 5360 2050 5428 qui-

486 5467 591 5519 que
629 5451 841 5507 fortiter
873 5455 1103 5509 retineat
1143 5455 1354 5510 initium
1393 5455 1516 5519 loci,
1552 5471 1582 5510 e
1624 5470 1734 5536 quo
1776 5455 2050 5524 prodeunt

562 5653 583 5684 '
616 5651 805 5705 Matth.
846 5668 981 5705 xxnt
1004 5693 1016 5715 ,
1048 5653 1140 5706 27.

2732 3525 2986 3579 ΚΕΦΑΛ.
3038 3522 3112 3581 Γ¹.

2208 3628 2391 3696 Οὕτως
2452 3632 2758 3703 αἰσθήσεως
2797 3636 3031 3699 ἄτακτος
3048 3636 3193 3707 ὁρμὴ
3234 3639 3410 3690 ποιεῖν
3437 3635 3599 3691 εἴωθε
3618 3638 3709 3690 λο·

2144 3726 2339 3794 γισμδν
2382 3726 2624 3795 ἐμπαθῆ,
2676 3726 2970 3797 ἐπιθυμίαν
3025 3730 3275 3799 αἰσχρὰν,
3335 3728 3475 3800 αὕτη
3496 3728 3707 3801 τέρψιν,

2144 3817 2238 3869 καὶ
2286 3817 2448 3870 πάλιν
2500 3818 2822 3883 συηναενεσιν,
2878 3816 2947 3893 ἦς
2990 3821 3249 3890 ὁπαδδςή
3279 3821 3403 3874 κατ’
3432 3821 3708 3892 ἐνέργειαν

2142 3911 2387 3983 ἁμαρτία
2423 3911 2592 3977 ἐστὶν,
2626 3914 2691 3982 ἣν
2736 3912 3237 3982 προοιμιαζομένην
3285 3915 3349 3966 ἐκ
3380 3912 3607 3982 πρώτης
3632 3911 3711 3964 δεῖ

2141 4004 2333 4057 παύειν
2387 4003 2588 4066 αἰτίας,
2632 4003 2732 4073 τὴν
2778 4003 2900 4071 ὄψιν
2938 4004 3470 4074 ἀποστρεφομένους,
3500 4003 3601 4072 τὴν
3625 4018 3711 4055 κιο

2140 4092 2337 4144 νοῦσαν
2357 4091 2535 4161 εἰρμῷ
2546 4091 2613 4143 τὰ
2636 4093 2921 4161 εἰρημένα,
2948 4092 3075 4163 πρὶν
3094 4092 3262 4162 αὐτὴν
3280 4089 3707 4160 παραγενέσθαι,

2142 4184 2240 4235 καὶ
2295 4184 2521 4250 ποιῆσαι
2572 4183 2809 4252 δυσχερῆ
2853 4183 2952 4252 τὴν
2974 4183 3252 4244 ἀνάδυσιν,
3275 4183 3339 4234 τὸ
3368 4181 3477 4252 γὰρ
3508 4180 3584 4250 μὴ
3615 4196 3708 4231 τυ·-

2144 4273 2323 4326 πωθὲν
2348 4274 2434 4327 διὰ
2468 4274 2567 4344 τῆς
2594 4276 2861 4342 ὁράσεως,
2911 4273 3041 4337 ἴσως
3068 4273 3129 4326 οὑ
3160 4272 3373 4325 δίδωσιν
3398 4270 3580 4340 ἔργον,
3619 4269 3714 4323 καὶ

2149 4366 2380 4434 μελέτην
2419 4368 2487 4434 τῇ
2533 4365 2743 4434 διανοίᾳ
2772 4364 2970 4434 κακὴν,
3014 4363 3079 4415 τὸ
3101 4363 3160 4415 δὲ
3188 4361 3263 4432 μὴ
3300 4361 3614 4430 μελετηθὲν,
3634 4359 3711 4419 εἰς

2146 4458 2306 4527 ἔργον
2335 4456 2395 4508 οὺ
2426 4455 2695 4525 πρόεισιν,
2723 4454 2844 4507 οὐδὲ
2870 4454 2984 4523 ἔχει
3011 4451 3195 4523 χώραν
3212 4450 3485 4520 ἐξωθῆναι
3506 4466 3709 4518 τεκμη-

2151 4548 2250 4620 ρίῳ
2276 4548 2404 4600 τινί·
2435 4547 2495 4599 οὐ
2523 4544 3134 4616 προφέρεταιλοιδορίας
3146 4542 3390 4611 γλῶσσα,
3409 4540 3561 4594 ἔνδον
3584 4554 3711 4592 κατ·

2147 4638 2498 4700 ευνασθέντος
2552 4636 2725 4706 θυμοῦ
2752 4652 2767 4667 ’
2817 4636 2915 4706 οὐχ
2964 4637 3068 4705 δρᾷ
3108 4633 3366 4705 πορνικὺς
3407 4629 3711 4700 ὀφθαλμὸς,

2147 4731 2409 4803 λογισμοῦ
2455 4729 2642 4783 τοῦτον
2677 4728 3041 4799 ἡνιοχοῦντος,
3074 4728 3170 4780 καὶ
3206 4726 3307 4794 τῆς
3340 4724 3415 4795 μὴ
3446 4720 3711 4790 καθηκού-

2154 4843 2253 4897 σης
2281 4824 2556 4894 εἴργοντος
2587 4822 2717 4884 θέας
2735 4833 2751 4849 ⁸
2785 4821 2845 4872 οὑ
2868 4819 3081 4890 δέχεται
3104 4818 3260 4885 λόγον
3298 4816 3528 4886 αἰσχρὸν
3557 4812 3710 4881 ἀκοὴ,

2152 4913 2246 4966 τοῦ
2280 4913 2372 4966 νοῦ
2397 4911 2603 4981 ταύτην
2621 4908 2987 4980 φρουροῦντος
3014 4908 3112 4977 τὴν
3138 4906 3414 4976 αἴσθησιν,
3443 4904 3597 4957 οὐδὲν
3614 4901 3715 4954 τῶν

2159 5004 2336 5074 μελῶν
2388 5001 2724 5071 πλημμελῶς
2773 5002 3009 5071 ἐνεργεῖ,
3066 5004 3331 5069 νήφοντος
3364 4996 3474 5049 ἔσω
3504 4994 3597 5047 τοῦ
3621 5010 3714 5045 κν·

2158 5093 2456 5164 ϐερνῶντος
2480 5091 2550 5144 τὰ
2588 5080 2839 5160 ἐνθύμια,
2871 5091 2967 5143 καὶ
3008 5086 3107 5158 τὴν
3142 5087 3367 5157 βαλϐἰδα
3404 5085 3718 5155 κατέχοντος

2158 5185 2324 5261 αὑτῂν
2355 5183 2450 5236 τοῦ
2487 5182 2822 5252 ὁρμητηρίου
2874 5180 2983 5232 τῶν
3024 5177 3210 5232 παθῶν
3262 5177 3535 5246 ἰσχυρῶςι
3567 5175 3718 5242 νήφει

2159 5276 2217 5329 δέ
2244 5277 2337 5329 καὶ
2393 5276 2486 5328 καὶ
2525 5275 2829 5343 ἐγρήγορεν
2856 5265 3012 5334 οὗτος
3056 5269 3468 5339 ἀποταξάμενος
3500 5269 3614 5329 τοῖς
3643 5268 3720 5317 ἐκ·

2158 5368 2270 5432 τος,
2323 5366 2414 5418 καὶ
2473 5365 2681 5434 βλέπων
2712 5364 2789 5426 ὡς
2839 5365 2897 5415 ἐν
2947 5361 3153 5431 αἰθρία,
3214 5360 3430 5422 οὐδενὸς
3466 5362 3720 5425 ἐπιπροσ-

2162 5457 2398 5521 θοῦντος,
2432 5454 2647 5526 καθαρὰ
2673 5454 2740 5507 τὰ
2784 5451 3146 5523 βουλεύματα.
