4046 6152
359 106 389 161 λ

455 234 590 300 1067

1956 253 2018 314 S.
2044 255 2210 316 NlLI
2242 276 2253 281 ·

3458 260 3703 326 ”Ῐι)ὖ8

451 345 744 401 terioribus
770 346 1114 417 proveniunt,
1153 356 1266 402 tum
1300 349 1581 404 oculorum
1617 352 2012 424 inspicientium

2129 360 2268 428 μῶν,
2304 361 2339 416 ἃ
2365 361 2440 432 μὴ
2461 363 2618 431 θέμις
2644 362 2916 434 ὁρώντων,
2956 363 3126 435 ἀκοῆς
3153 365 3404 437 αἰσχραῖς
3434 367 3703 425 πάντοθεν

450 450 515 489 ea
557 451 677 505 qua:
713 436 935 491 minime
964 435 1064 491 'fas
1095 446 1201 501 est,
1252 445 1364 492 tum
1400 439 1621 497 auditus
1654 444 1905 513 turpibus
1925 462 2024 499 un-

2126 456 2644 525 περικτυπουμένης
2690 458 2917 524 φωναῖς,
2962 457 3136 527 θυμοῦ
3182 459 3319 530 πρὸς
3356 460 3571 525 τούτοις
3608 479 3703 515 τα-

445 521 733 596 dequaque
789 526 1109 581 circumtusl
1196 528 1444 596 vocibus,
1493 545 1607 586 tum
1682 533 1777 589 ira:
1837 536 2012 591 adhmt

2126 521 2488 613 ρασσομένου,
2540 521 2837 616 ἐπιθυμίας
2886 521 3310 619 δελεαζομένης,
3353 521 3702 622 ἡδονῆςτέρε-

444 619 795 689 perturbatae,
847 626 958 672 tum
1024 620 1481 690 concupiscentiae
1511 622 1782 680 illecebris
1819 636 2018 696 captae;

442 721 558 764 tum
594 710 891 780 voluptatis
918 711 1219 780 proritatae,
1257 710 1369 768 tum
1405 714 1593 785 gloriae
1622 719 1779 787 quasi
1806 717 2022 773 ﬂabello

441 802 767 868 eventilatas,
815 810 930 856 tum
962 802 1200 859 tristitiae
1238 807 1707 876 supervenientis;
1756 810 2021 880 reperiret

440 896 671 950 omnino
722 894 965 964 seipsum
1005 896 1154 950 velut
1180 909 1248 950 ex
1279 898 1531 969 pugilatu
1579 900 1777 970 pugnis
1830 911 2020 957 contu-

439 1002 560 1043 sum
594 1000 658 1041 ac
682 985 864 1055 plagis
890 997 1205 1055 oneratum,
1237 999 1475 1061 tuncque
1501 991 1686 1046 beatos
1718 994 2021 1062 pradican-

440 1089 548 1133 tem
605 1093 755 1143 eos,
789 1079 882 1148 qui
938 1080 1075 1134 nihil
1125 1081 1320 1136 horum
1352 1083 1537 1138 vident
1592 1094 1685 1138 aut
1716 1088 2017 1155 patiuntur,

439 1172 568 1225 dum
594 1171 650 1225 in
679 1173 865 1240 quiete
902 1171 1222 1240 persistent.
1257 1171 1516 1239 Quaenam
1559 1177 1760 1230 etenim
1810 1178 2019 1235 utilitas

439 1264 555 1334 ipsa
591 1279 773 1318 rerum
812 1265 1150 1334 experientia
1179 1267 1421 1321 excitare
1474 1268 1759 1343 passiones
1799 1272 1866 1326 ad
1916 1287 2018 1342 pu-

439 1372 631 1424 gnam,
655 1366 708 1411 et
742 1356 846 1411 hac
872 1358 1270 1414 exercitatione
1295 1359 1432 1429 ipsis
1453 1362 1693 1430 praebere
1717 1363 2014 1430 licentiam,

442 1457 502 1503 ut
536 1450 587 1502 in
623 1465 681 1503 re
708 1449 1012 1504 dilliciliore
1046 1458 1352 1505 atterantur
1379 1469 1392 1505 :
1424 1453 1553 1507 dum
1579 1455 1647 1508 ad
1673 1464 1880 1509 statum
1906 1457 2000 1510 im-

440 1538 869 1606 perturbabilem
923 1539 1046 1595 illas
1107 1540 1376 1596 deducere
1419 1534 1826 1612 quodammodo
1884 1561 2016 1601 con-

448 1630 626 1684 suevit
652 1632 831 1701 quies,
873 1639 927 1687 ει
960 1632 1227 1703 cujusque
1257 1632 1367 1687 vim
1412 1634 1676 1703 paulatim
1708 1635 2016 1693 diminuere

438 1723 577 1777 solet
622 1721 827 1776 bonum
870 1723 1064 1788 otium,
1100 1731 1160 1777 ut
1206 1724 1260 1792 (e
1303 1724 1549 1797 diverso}
1579 1728 1903 1782 exercitatio
1941 1730 2007 1783 ad

438 1815 800 1869 robustiorem
848 1824 1050 1869 statum
1108 1815 1280 1885 ipsam
1328 1818 1567 1873 excitat?
1626 1820 1831 1876 etenim
1903 1825 2012 1876 ira-

437 1906 641 1960 cundia
685 1907 855 1961 silens
902 1907 1087 1962 mitior
1118 1900 1327 1975 evadit,
1362 1911 1811 1981 concupiscentia
1853 1915 2012 1982 quie-

438 2012 599 2053 scens
624 1987 847 2053 assuelit
872 2000 1129 2068 paulatim
1167 2002 1503 2056 mansuetius
1544 2018 1917 2074 prorumpere,
1953 2015 2006 2060 ct

437 2088 619 2142 omnis
653 2089 836 2156 passio
874 2088 1199 2157 simpliciter
1239 2091 1305 2143 ad
1334 2091 1765 2146 moderationem
1818 2108 2009 2163 procea-

437 2179 512 2233 dit
555 2179 821 2247 quotidie,
857 2180 1084 2234 minime
1114 2190 1409 2247 commota,
1450 2198 1513 2236 ac
1562 2184 1782 2238 demum
1832 2188 2012 2241 evadit

436 2269 620 2340 quieta
647 2271 887 2340 penitus,
927 2287 1036 2341 prae
1079 2274 1339 2342 temporis
1394 2277 1572 2343 spatio
1598 2276 1828 2345 propria:
1871 2279 2014 2333 obii:-

2123 633 2432 705 θιζομένης,
2465 636 2626 707 δόξης
2658 637 3033 710 ριπιζομένης,
3060 638 3239 711 λύπης
3268 642 3696 713 ἐπισυμσαινού-

2123 742 2243 796 σης,
2278 726 2431 796 εῦροι
2457 727 2675 798 πάντως
2701 729 2860 782 αὑτὸν
2880 728 2958 792 ὡς
2991 732 3055 783 ἐκ
3097 732 3322 803 πυγμῆς
3360 740 3705 789 κατακεκον-

2120 818 2461 890 δυλισμένον,
2505 818 2603 875 καὶ
2644 820 2978 891 τραυμάτων
3013 822 3402 893 καταγέμοντα
3437 824 3535 877 καὶ
3576 826 3701 879 τότε

2128 907 2516 978 μακαρίζοντα
2577 910 2706 971 τοὺς
2757 908 2921 979 μηδὲν
2958 909 3163 963 τούτων
3194 913 3252 965 ἐν
3294 912 3374 983 τῷ
3402 914 3701 984 ἡσυχάζειν

2120 999 2386 1071 ὁρῶντας,
2416 1002 2449 1071 ἡ
2478 1000 2808 1072 πάσχοντας.
2841 1001 2908 1054 Τί
2946 1000 3056 1073 γὰρ
3077 1001 3267 1071 ὄφελος
3289 1004 3426 1075 αὐτῇ
3441 1008 3507 1076 τῇ
3533 1007 3699 1077 πείρᾳ

2118 1089 2227 1145 τῶν
2288 1091 2632 1161 πραγμάτων
2685 1092 2856 1144 κινεῖν
2920 1091 3059 1161 πρὸς
3097 1091 3278 1162 μάχην
3315 1093 3382 1148 τά
3424 1095 3597 1163 πάθη,
3631 1099 3696 1166 τῇ

2119 1181 2398 1253 γυμνασίᾳ
2418 1181 2590 1253 ταύτῃ
2613 1182 2875 1253 παρέχειν
2901 1180 3086 1235 ἄδειαν
3107 1182 3291 1246 αὐτοῖς
3318 1185 3697 1254 ἐπιτρίσεσθαι

2119 1274 2212 1327 ἐπὶ
2245 1273 2307 1327 τὸ
2343 1272 2742 1344 χαλεπώτερον,
2774 1271 2834 1337 ἐξ
2855 1265 2928 1325 ὧν
2959 1273 3158 1343 ἡσυχία
3195 1270 3332 1344 πρὸς
3362 1275 3695 1329 κατάστασιν

2120 1364 2395 1436 ἀτάραχον
2421 1364 2520 1433 άγε
2534 1381 2581 1416 ιν
2616 1363 2757 1417 αὐτὰ
2800 1364 3114 1434 ἐπειδήπως
3144 1365 3415 1434 πέφυκεν,
3441 1368 3536 1420 καὶ
3562 1369 3692 1422 ἑκά-

2122 1473 2252 1511 στου
2279 1455 2633 1527 τὴνδύναμιν
2655 1453 2914 1508 ἐλαττοῦν
2946 1453 3091 1508 κατά
3123 1457 3320 1527 μικρὸν
3342 1457 3375 1528 ἡ
3402 1459 3593 1530 ἀργία,
3619 1460 3692 1522 ὡς

2120 1547 2459 1621 ήγυμνασία
2500 1548 2706 1616 ταύτην
2746 1545 2953 1617 ἐγείρει
2988 1547 3081 1599 ἐπὶ
3110 1546 3174 1600 τὸ
3205 1548 3689 1622 ρωμαλαιότερονζ

2124 1642 2232 1695 Καὶ
2285 1640 2456 1711 Θυμὸς
2497 1638 2605 1708 γὰρ
2664 1638 2887 1709 ἠρεμῶν
2914 1634 3325 1711 ἐπιεικέστερος
3348 1640 3580 1709 γίνεται,
3603 1640 3694 1695 καὶ

2047 1695 2092 1755 Β
2117 1695 2383 1801 ἐπιθυμίά
2432 1695 2785 1800 ἓξσῦχᾶςῶσοὶ
2826 1729 3133 1800 πραότερον
3159 1695 3339 1801 cpite}
3359 1695 3489 1785 κατ’
3515 1695 3692 1794 ὀλίγον

2117 1819 2379 1886 ἐθίζεται,
2417 1821 2513 1873 καὶ
2541 1820 2650 1871 πᾶν
2676 1816 2844 1880 πάθος
2882 1817 3068 1881 άπλῶς
3096 1818 3190 1871 ἐπὶ
3219 1818 3280 1871 τὸ
3326 1819 3693 1890 μετριώτερον

2116 1909 2385 1980 ὁσημέραι
2414 1908 2489 1979 μὴ
2515 1906 2832 1974 κινούμενον
2859 1906 3094 1977 πρόεισι,
3130 1906 3224 1960 καὶ
3274 1907 3513 1962 παύεται
3554 1925 3689 1962 παν-

2119 2003 2291 2066 τῑλῶς
2349 2000 2576 2065 ὕστερον
2621 1999 2717 2069 τῆς
2761 1997 2966 2059 οἰκείας
2991 1997 3278 2068 ἐνεργείας
3294 1996 3375 2069 τῷ
3400 1999 3579 2070 χρόνῳ
3600 1998 3692 2070 λή.

2119 2100 2221 2171 θην
2256 2095 2602 2166 ποιούμενον,
2642 2094 2737 2146 καὶ
2770 2093 3020 2163 μένουσιν
3053 2093 3110 2146 αἱ
3136 2093 3345 2164 μνῆμαι
3372 2092 3560 2147 λοιπὸν
3583 2094 3692 2147 τῶν

2120 2190 2462 2262 πραγμάτων
2485 2184 2639 2256 ψιλαὶ
2658 2184 2756 2255 τῆς
2797 2182 3081 2254 ἐμπαθοῦς
3117 2182 3556 2255 ύποχωρησάσης
3576 2182 3691 2239 δια-

2125 2283 2346 2344 θέσεως.

438 2361 600 2418 vione
664 2372 824 2432 capta
870 2364 1232 2434 operationis,
1305 2379 1368 2418 ac
1415 2365 1676 2435 deinceps
1746 2368 1905 2421 nudat-
1960 2384 2243 2432 remanent
2282 2368 2580 2429 memor-im,
2630 2380 2752 2418 cum
2806 2363 3096 2418 secesserit
3145 2361 3363 2418 affectio
3405 2367 3691 2434 perturba-

435 2458 582 2514 tione
611 2466 903 2513 commota.

948 2568 1111 2640 333
1148 2568 1376 2625 carur
1418 2567 1503 2622 va.

508 2681 576 2736 Et
597 2682 1059 2751 quemadmodum
1101 2666 1254 2738 valde
1282 2685 1532 2737 suavium
1575 2685 1931 2738 obsoniorum
1958 2694 2013 2739 et

438 2783 683 2843 potuum,
706 2789 804 2827 nec
839 2774 1010 2839 visus,
1049 2790 1148 2830 nec
1175 2777 1480 2830 recordatio
1508 2786 1687 2829 movet
1710 2777 2008 2845 appetitum

437 2866 556 2935 ejus
585 2866 678 2936 qui
722 2866 870 2920 nulla
905 2875 1120 2921 tenetur
1170 2868 1502 2938 cupiditate;
1542 2867 1613 2920 ita
1650 2868 1780 2922 nihil
1832 2867 2009 2923 sensi—

2712 2568 2965 2624 ΚΕΦΔΛ.
3010 2569 3102 2634 ς’.

2187 2694 2300 2748 Καὶ
2323 2692 2518 2760 ὥσπερ
2545 2685 2641 2740 καὶ
2665 2685 2775 2739 τῶν
2803 2684 2944 2753 ἄγαν
2976 2683 3151 2755 ἡδέων
3172 2681 3342 2751 ὄψων,
3366 2677 3462 2732 καὶ
3486 2679 3686 2741 ποτῶν,

2115 2783 2238 2836 οὔτε
2263 2784 2296 2852 ἡ
2325 2780 2448 2851 ὄψις
2492 2777 2615 2831 οὔτε
2645 2778 2678 2847 ἡ
2726 2775 2916 2847 μνήμη
2967 2774 3107 2827 κινεῖ
3155 2770 3250 2825 τοῦ
3285 2768 3359 2840 μὴ
3393 2767 3689 2837 ἐφιεμένου

2113 2875 2214 2946 τὴν
2259 2872 2461 2944 ὄρεξιν.
2517 2868 2704 2930 Οὕτως
2749 2865 2901 2920 οὐδὲν
2927 2864 3037 2918 τῶν
3078 2861 3371 2932 αἰσθητῶν,
3402 2858 3526 2914 οὕτε
3548 2858 3689 2927 opm-

439 2958 650 3023 bilium,
687 2973 787 3014 nec
811 2959 958 3028 quod
1009 2959 1247 3027 videtur,
1296 2975 1398 3014 nec
1441 2960 1585 3029 quod
1626 2959 1868 3024 auditur,
1913 2974 2012 3014 nec

2127 2967 2332 3038 μένων,
2360 2962 2486 3018 οὔτε
2512 2960 2869 3030 ἀκουόμενον,
2914 2955 3040 3010 οὕτε
3058 2956 3159 3026 τὴν
3187 2953 3480 3025 ἐνθύμησιν
3507 2951 3690 3043 ἐπεισ-

437 3050 672 3119 quodin
721 3051 1102 3121 cogitationem
1152 3052 1457 3121 ingreditur
1521 3051 1797 3107 illecebris
1836 3052 2005 3121 capit,

438 3143 508 3197 ad
528 3144 995 3198 succumbendum
1024 3144 1301 3212 passioni,
1342 3144 1491 3198 illum
1525 3144 1619 3214 qui
1665 3144 1905 3199 as=uevit
1937 3142 2017 3198 fa-

439 3250 582 3303 cere,
610 3244 667 3291 ut
695 3237 950 3306 quiescat
980 3252 1108 3306 pars
1164 3237 1335 3290 animi
1369 3236 1718 3306 passionibus
1757 3236 2015 3301 obnoxia,

439 3330 625 3384 habitu
688 3330 1008 3400 neutiquam
1069 3330 1419 3399 permittente
1488 3330 1822 3384 commoveri
1889 3344 2014 3384 eum

440 3422 553 3491 qui,
582 3438 676 3491 per
701 3422 926 3475 multam
963 3421 1224 3490 quietem,
1256 3420 1523 3475 dedidicit
1567 3421 2013 3476 commotionem.

440 3509 560 3578 Quo
589 3511 750 3578 igitur
782 3520 939 3579 pacto
970 3509 1375 3580 aggredienlem
1401 3511 1677 3580 inexperte
1702 3527 1767 3567 ac
1794 3512 2015 3582 pericu-

452 3602 570 3656 lose
608 3602 1053 3655 exercitationem
1098 3600 1327 3671 (scilicet
1371 3602 1756 3677 monasticam)
1788 3619 1855 3660 eo
1884 3619 2014 3676 pro-

439 3691 703 3746 batiorem
740 3690 866 3745 licet
888 3692 1091 3756 dicere,
1125 3693 1219 3761 qui
1267 3693 1515 3747 eamdem
1570 3693 1864 3749 artificiosa
1902 3693 2009 3759 via,

440 3792 496 3837 et
521 3796 712 3837 secure
747 3782 887 3837 init?
925 3783 1049 3852 quis
1086 3782 1287 3837 bellum
1318 3783 1520 3839 rectius
1547 3785 1706 3854 gerit,
1738 3794 1793 3839 et
1830 3784 2015 3840 hostes

440 3871 657 3928 facilius
681 3882 921 3941 superat,
962 3874 1010 3929 is
1045 3875 1136 3944 qui
1188 3873 1393 3929 furiose
1426 3874 1690 3929 adversus
1730 3873 2015 3944 oppositus

438 3966 640 4036 prodit,
675 3976 729 4021 et
782 3966 1013 4021 obversa
1071 3964 1209 4021 facie
1238 3967 1290 4019 in
1324 3966 1509 4021 aciem
1556 3965 1716 4020 irruit
1752 3965 2003 4020 inimico-

439 4074 584 4123 rum,
620 4058 704 4113 vel
741 4059 831 4129 qui
861 4059 1051 4129 majori
1079 4059 1272 4129 peritia
1313 4060 1617 4114 exercitum
1648 4058 1880 4113 ducendi
1918 4072 2014 4113 eos

438 4148 664 4217 invadit,
692 4159 746 4203 et
781 4149 994 4205 insidiis
1022 4158 1078 4205 et
1120 4150 1500 4206 obsidionibus
1547 4150 1695 4221 ipsos
1743 4150 2002 4214 debellat,

438 4243 799 4313 prudentique
858 4242 1045 4296 animo
1122 4251 1385 4312 tropaeum
1444 4241 1640 4313 erigit,
1695 4243 1790 4312 qui
1837 4243 2012 4297 multo

2121 3058 2416 3129 ερχόμενον
2456 3053 2534 3124 τῷ
2581 3052 2814 3122 ἠρεμεῖν
2860 3048 2921 3101 τὸ
2966 3044 3273 3118 παθητικὸν
3325 3043 3567 3098 ἐθίσαντι
3602 3040 3691 3093 δερ

2118 3147 2301 3212 λεάζει
2330 3145 2468 3217 πρὸς
2500 3141 2673 3206 πάθος
2704 3141 2803 3212 τῆς
2829 3139 2999 3206 ἕξεως
3035 3138 3137 3191 οὐκ
3156 3137 3237 3189 ἔτι
3265 3134 3535 3189 κινεῖσθαι
3564 3149 3690 3201 συγ-

2117 3239 2405 3313 χωρούσης
2427 3237 2519 3291 τὸν
2552 3233 2908 3306 ἀπομαθόντα
2948 3233 3016 3302 τῇ
3054 3228 3225 3299 πολλῇ
3252 3226 3461 3298 ἠσυχίᾳ
3489 3225 3586 3295 τὴν
3607 3222 3689 3277 κί-

2117 3352 2272 3406 νησιν
2298 3350 2313 3364 ⁸
2344 3333 2460 3394 πῶς
2491 3330 2586 3385 οῦν
2615 3329 2705 3384 τὸν
2760 3326 3028 3397 ἀπείρως,
3082 3321 3181 3376 καὶ
3213 3316 3572 3378 ἐπικινδύνως
3596 3313 3692 3384 τὴν

2116 3425 2351 3494 ἄσκησιν
2393 3421 2815 3493 μετερχόμενον,
2861 3414 2957 3470 τοῦ
2995 3410 3333 3484 ἐμμεθόδως,
3386 3406 3482 3460 καὶ
3519 3406 3691 3473 ἀσφαο

2114 3515 2225 3579 λῶς
2243 3513 2343 3587 τὴν
2366 3515 2599 3584 ἄσκησιν
2619 3510 2897 3583 μετιόντος
2914 3503 3284 3579 δοκιμώτερόν
3299 3502 3447 3553 ἐστιν
3472 3496 3690 3587 εἰπεῖνς

2117 3607 2215 3670 Τίς
2253 3605 2454 3677 μᾶλλον
2482 3602 2718 3672 πόλεμον
2758 3596 2971 3668 κατορθι
2997 3597 3043 3659 ί,
3083 3594 3180 3648 καὶ
3204 3589 3503 3660 πολεμίους
3537 3586 3689 3641 εύκό-

2115 3697 2223 3761 λως
2243 3695 2544 3767 χειροῦται,
2565 3694 2594 3746 ό
2616 3688 2863 3760 μανικῶς
2887 3685 3029 3743 κατὰ
3046 3684 3154 3738 τῶν
3174 3678 3695 3767 ἀντιίτεῖταγμένων

2116 3765 2339 3858 χωρῶν,
2379 3784 2476 3838 καὶ
2524 3779 2942 3851 ἀντιπρόσωπος
2969 3777 3036 3847 τῇ
3077 3773 3319 3843 φάλαγγι
3340 3770 3451 3824 τῶν
3481 3765 3690 3858 ἐχθρῷν

2117 3857 2495 3947 προσπίπτων,
2529 3871 2569 3944 ἢ
2596 3867 3104 3941 στρατηγικώτερον
3133 3867 3162 3917 ό
3196 3861 3411 3925 τούτοις
3445 3857 3692 3913 ἐπιτιθέ-

2116 3983 2301 4040 μενος,
2320 3965 2417 4020 καὶ
2438 3964 2638 4040 λόχοις,
2660 3960 2754 4014 καὶ
2779 3957 3025 4029 ἐνέδραις
3047 3955 3244 4018 αὐτοὺς
3259 3949 3504 4024 εὐχερῶς
3525 3959 3689 4002 καταο

2116 4036 2347 4123 θάλλων,
2399 4057 2494 4111 καὶ
2539 4036 2803 4127 φρονήσει
2838 4050 3102 4123 τρόπαιον
3134 4047 3389 4117 ἐγείρων,
3419 4044 3453 4116 ἦ
3496 4045 3527 4097 ό
3556 4041 3689 4115 μετὰ

2116 4150 2313 4206 πολλοῦ
2339 4149 2506 4204 πόνου
2562 4146 2658 4200 καὶ
2683 4145 2851 4215 φόνου
2892 4142 3007 4204 τοῖς
3043 4137 3313 4208 συστάδην
3357 4134 3685 4207 μαχομένοις

2116 4240 2542 4311 ἀνθιστάμενος;
2572 4236 2670 4301 Τίς
2703 4232 3060 4305 σωφροσύνην
3092 4229 3263 4292 δοκεῖ,
3296 4225 3394 4281 καὶ
3416 4224 3685 4294 σωφρονεῖ

436 4348 564 4389 cum
607 4333 795 4389 labore
834 4348 897 4389 ac
946 4334 1211 4403 sanguine
1238 4334 1329 4399 iis,
1372 4334 1469 4403 qui
1507 4334 1760 4389 cominus
1803 4343 2012 4389 certant

2118 4331 2262 4388 κατὰ
2289 4309 2378 4385 τὸν
2409 4328 2535 4394 νοῦν
2569 4325 2806 4397 ἀληθῶς,
2834 4325 2862 4377 ό
2895 4321 3100 4395 θηρίων
3127 4320 3343 4389 θυμοῖς,
3366 4316 3464 4371 καὶ
3493 4315 3683 4385 φλεγο-

438 4428 663 4483 stataria
714 4440 894 4497 pugna
933 4425 1180 4482 teslstit?
1211 4424 1347 4490 Quis
1392 4424 1813 4495 temperantiam
1867 4426 2015 4480 aesti-

437 4532 575 4587 mat,
607 4537 672 4577 ac
693 4523 745 4575 in
770 4533 953 4576 mente
980 4536 1103 4575 vere
1142 4529 1479 4591 temperatus
1513 4529 1597 4575 est
1623 4538 1638 4587 ;
1671 4521 1782 4585 ille,
1831 4523 1923 4592 qui
1954 4520 2010 4576 in

439 4618 676 4672 ferarum
703 4615 1036 4675 iracundias.
1068 4626 1124 4669 et
1164 4615 1443 4670 caminum
1481 4612 1901 4680 inﬂammatum,
1941 4626 1997 4671 et

440 4726 588 4766 mare
613 4708 964 4765 furibundum
1002 4708 1211 4778 irrepit,
1260 4708 1336 4763 vel
1379 4708 1476 4779 qui
1525 4708 1727 4764 noxam
1771 4709 2008 4765 istorum

439 4816 618 4872 cavet,
645 4820 709 4860 ac
738 4814 892 4860 extra
918 4803 1162 4874 pericula
1193 4802 1314 4859 est?

1042 4915 1270 4972 CAPUT
1300 4915 1414 4970 Vll.

512 5036 666 5091 Sicut
695 5033 843 5089 enim
872 5049 1092 5104 corpus,
1142 5033 1288 5103 quod
1319 5033 1372 5088 in
1407 5033 1493 5088 his
1530 5042 1784 5088 versatur
1821 5045 2006 5100 perpe-

440 5126 593 5191 titur,
641 5140 766 5196 qute
822 5123 1132 5178 necessario
1192 5122 1334 5177 idem
1381 5134 1579 5191 corpus
1644 5130 1906 5191 tangunt;
1939 5120 2013 5172 ita

441 5235 659 5284 sensus,
689 5222 783 5290 qui
834 5217 1187 5275 sensibilibus
1234 5216 1557 5279 inambulat,
1616 5214 1873 5268 materias
1916 5216 2014 5267 ad-

439 5323 635 5366 versus
662 5308 899 5360 animam
927 5307 1126 5376 praebet
1149 5304 1516 5376 passionibus,
1540 5311 1598 5356 ut
1625 5303 1726 5372 ipsi
1762 5310 2012 5366 noceant,

438 5398 605 5473 385
647 5413 753 5452 non
810 5399 990 5453 minus
1027 5412 1189 5468 quam
1239 5411 1302 5449 ea
1338 5408 1459 5464 quae
1507 5392 1767 5447 diximus.
1810 5392 2012 5446 Natura

440 5503 523 5548 sat
558 5501 642 5546 est
672 5489 736 5544 ad
769 5497 1043 5545 certamen
1070 5489 1259 5543 nihile
1299 5485 1434 5541 foris
1465 5485 1566 5555 ipsi
1597 5485 1919 5539 inducamus
1948 5485 2013 5539 ad

441 5584 849 5650 opitulatio'iicm
880 5596 1094 5650 pugnae,
1123 5595 1244 5649 quae
1270 5587 1459 5633 contra
1515 5577 1877 5645 nosmetipsos
1911 5576 2004 5641 fit;

443 5673 602 5726 habet
636 5673 832 5740 quippe
865 5671 1143 5739 proprium
1195 5671 1369 5739 ignem
1424 5669 1886 5737 concupiscentia,
1941 5684 2005 5722 nc

2122 4424 2262 4496 μένῃ
2304 4418 2526 4491 καμίνῳ
2592 4417 2687 4472 καὶ
2730 4414 3035 4487 μαινομένη
3079 4409 3326 4479 θαλάσσῃ
3372 4405 3681 4496 ἐπεισερχίὶο

2122 4493 2304 4585 μενος,
2327 4512 2361 4581 ἢ
2389 4512 2417 4564 ὁ
2448 4509 2547 4581 τὴν
2577 4507 2779 4580 βλάϐην
2808 4505 2988 4559 αὐτῶν
3011 4500 3442 4573 φυλασσόμενος,
3470 4495 3563 4550 καὶ
3585 4493 3687 4557 ἔξω

2116 4605 2225 4660 τῶν
2259 4601 2522 4659 κινδύνων
2544 4598 2714 4661 ἑστώς
2739 4615 2753 4664 ;

2703 4920 2954 4975 usus.
2991 4922 3082 4987 cr.
3292 4978 3297 4982 ,

2201 5036 2288 5099 Ὠς
2308 5035 2415 5106 γάρ
2445 5035 2602 5103 σῶμα
2632 5033 2916 5102 γενόμενον
2942 5031 3001 5083 ἐν
3022 5030 3236 5092 τούτοις
3262 5026 3463 5095 πάσχει
3496 5021 3564 5077 τά
3597 5016 3685 5074 τοῦ

2120 5127 2368 5198 σώματος
2402 5124 2737 5194 ἀναγκαίως,
2778 5121 2952 5185 οὔτως
2995 5120 3248 5191 αἴσθησις
3283 5112 3688 5189 ἐπιρεμϐομὲνη

2115 5222 2228 5285 τοῖς
2256 5216 2533 5289 αἰσθητοῖς
2561 5217 2692 5279 ὔλας
2735 5213 2877 5268 κατὰ
2901 5214 3001 5284 τῆς
3031 5211 3211 5283 ψυχῆς
3237 5212 3350 5270 τοῖς
3383 5206 3582 5271 πάθεσι
3617 5202 3692 5256 δί-

2114 5311 2247 5365 δωσι
2284 5311 2419 5383 πρὸς
2450 5310 2511 5361 τὸ
2547 5308 2748 5379 βλάψαι
2808 5304 3020 5376 ταύτην
3064 5303 3173 5356 τῶν
3227 5298 3538 5371 εἰρημένων
3594 5292 3691 5346 οὐκ

2115 5405 2358 5457 ἔλαττον.
2404 5400 2591 5471 ’Δρκεῖ
2628 5401 2765 5472 πρὸς
2815 5399 2997 5470 μάχην
3038 5398 3072 5467 ἡ
3115 5393 3297 5465 φύσις,
3342 5389 3514 5462 μηδὲν
3563 5386 3693 5452 ἐξωυ

2116 5495 2206 5549 θεν
2236 5495 2374 5565 αὐτῇ
2410 5494 2546 5563 πρὸς
2566 5493 2666 5563 τὴν
2694 5489 2815 5545 καθ’
2835 5489 2993 5561 ἡμῶν
3018 5484 3202 5541 αὐτῶν
3234 5481 3695 5565 ἐπεισαγάγωμεν

2117 5564 2433 5655 συμμαχίαν
2465 5597 2477 5610 ⁸
2515 5581 2628 5651 ἔχει
2691 5580 2800 5650 γὰρ
2846 5578 2979 5632 ῖδιον
3035 5577 3068 5646 ἡ
3117 5573 3385 5642 ἐπιθυμία
3449 5568 3583 5639 πῦρ,
3618 5564 3691 5633 μὴ

2114 5675 2288 5745 ἐχέτω
2336 5672 2609 5744 φρύγανα,
2658 5671 2752 5723 καὶ
2804 5669 2906 5722 οὐκ
2966 5667 3121 5734 αῦξει
3171 5665 3271 5737 τὴν
3310 5660 3505 5730 φλόγα.
3541 5656 3691 5722 τάχα
