4046 6152
405 4779 424 4802 κ

431 260 566 327 1063

1423 268 1518 327 DE
1550 248 2078 326 a-ItWACthRUM
2125 245 2615 319 l"lt.i~‘.S'l‘.-\NTL\

3540 239 3673 308 uno

426 373 586 426 τοῦτο
604 372 671 426 δι’
697 373 1022 442 αἰνίγματος
1054 375 1110 426 τὸ
1141 378 1360 445 νομικὸν
1382 379 1754 431 ὑπαινίττεται
1790 375 1996 441 λόγιον·

2129 370 2304 421 tabent
2359 369 2581 427 et'entia,
2625 382 2716 418 seu
2763 351 2992 432 virgulta
3041 361 3210 421 arida,
3249 358 3299 410 et
3351 374 3454 409 non
3505 358 3672 408 adatt—
3711 386 3714 388 τ

433 478 452 510 ι
494 461 618 514 Ἐὰν
651 460 890 528 ἐξελθὸν,
925 466 1082 535 φησὶ,
1128 468 1239 537 πῦρ
1273 466 1410 540 εὕρῃ
1441 468 1682 531 ἀκάνθας
1711 467 1805 519 καὶ¹
1837 482 2004 533 προισ-

425 553 691 623 εμπρήσῃ
743 553 956 606 ἅλωναο
1001 557 1251 610 ἀποτίσει
1298 561 1325 611 ὁ
1369 561 1430 612 τὸ
1475 559 1586 628 πῦρ
1639 557 1936 619 ἐκκαύσας,
1982 574 1998 604 ι

420 645 610 697 -Ξιλωνα
633 642 806 710 λέγων
848 643 916 695 τά
955 641 1122 711 πάθη,
1157 641 1266 713 πῦρ
1299 643 1396 706 τὰς
1436 645 1534 712 τῆς
1563 644 1776 710 φύσεως
1805 644 2002 712 ὁρμάς,

430 732 672 794 ἀκάνθας
696 731 767 784 τὰ
793 731 1044 799 αἰσθητά,
1093 733 1166 801 μὴ
1213 732 1648 801 μεσιτευέτωσαν
1696 727 1877 794 αὗται,
1912 733 2007 784 καὶ

427 824 524 892 τῆς
547 823 753 884 ἅλωνος
779 820 1020 889 ἅψασθαι
1045 821 1155 892 πῦρ
1180 824 1365 892 χώραν
1399 821 1626 892 οὺκὲχει
1657 821 1730 892 μὴ
1754 822 2007 891 εὑρίσκον

430 911 585 981 ὕλην,
614 911 680 963 δι’
708 904 777 980 ἧς
804 909 888 962 ἐπ’
923 910 1094 979 αὐτὴν
1132 910 1342 963 ὀδεύσει
1373 911 1708 981 φλεγόμενον
1732 928 1744 939 ·
1787 913 2006 974 πάντως

427 1003 597 1071 γὰρῆ
635 1001 1002 1071 σϐεσθήσεται
1040 1003 1322 1066 παντελῶς
1381 1005 1585 1075 ἀπορίᾳ
1633 1005 1861 1076 τροφῆς,
1914 1007 2008 1059 καὶ

426 1093 746 1163 τελευτήσει
786 1095 868 1154 είς
921 1094 1126 1164 τέφραν
1181 1095 1280 1163 τὴν
1325 1097 1698 1164 σημαίνουσαν
1736 1097 1836 1166 τῆς
1879 1098 2009 1150 ποτὲ

429 1184 767 1255 τυραννίδος,
806 1183 900 1236 καὶ
951 1184 1164 1246 πάθους
1209 1184 1446 1255 ἐσχάτην
1475 1187 1781 1252 ἀσθένειαν,
1811 1189 1842 1260 ἣ
1878 1205 2010 1258 σμυ-

423 1279 661 1348 χὸμενον
687 1280 744 1330 ὲν
781 1275 1048 1345 σπινθῆρι
1071 1275 1338 1342 διαμενεῖ,
1376 1277 1539 1348 μηδὲν
1573 1274 1829 1348 βλάπτον,
1858 1282 1921 1348 τῇ
1954 1280 2010 1332 δὲ

431 1369 555 1438 ὄψει
587 1368 858 1427 διδάσκον,
887 1367 962 1428 ὼς
987 1367 1211 1420 δύναται
1261 1367 1460 1436 βλάψαι
1500 1369 1630 1422 ποτὲ
1671 1369 1891 1439 λάμψαν
1933 1371 2011 1432 εἰς

435 1460 630 1530 φλόγα,
657 1459 750 1511 ἐάν
791 1457 924 1526 ὕλης
963 1457 1246 1530 εὐπορήσῃ
1283 1459 1418 1524 πρὸς
1465 1459 1560 1529 τὴν
1606 1459 1887 1531 παροῦσαν
1925 1460 2012 1512 δύ-

436 1568 598 1620 ναμιν
626 1549 962 1618 ἐπιτηδείας·
995 1547 1056 1599 οὕ
1100 1549 1208 1616 γὰρ
1247 1548 1408 1610 εὐθὺς
1439 1549 1610 1612 ξύλων
1655 1551 2012 1620 περιδράττε-

435 1656 522 1692 ται
566 1637 796 1708 σπινθὴρ
842 1637 963 1689 οὐδὲ
1018 1636 1278 1706 σχίδσικας
1300 1637 1705 1706 παρατεθείσας
1757 1639 2008 1701 ἀνάπτει,

437 1727 655 1798 ἀχύρων
698 1727 753 1778 δὲ
801 1725 1022 1797 χρῄζει,
1071 1726 1166 1778 καὶ
1225 1726 1502 1796 καλάμης,
1520 1728 1619 1779 καὶ
1654 1727 1847 1798 χόρτου
1878 1729 2012 1800 πρὸς

437 1825 496 1875 τὸ
526 1824 618 1875 καὶ
646 1825 745 1893 τῆς
777 1822 1074 1892 ἁδροτέρας
1106 1822 1238 1891 ὕλης
1281 1823 1686 1893 περιγενέσθαι.
1713 1825 1828 1877 Ἵνα
1850 1816 2009 1894 ἡμεῖς

442 1911 702 1982 μάθωμεν
763 1911 1030 1982 ἀκριϐῶς,
1064 1912 1144 1962 ὃτι
1173 1913 1240 1963 τὰ
1301 1912 1498 1980 μικρὰ,
1553 1914 1646 1964 καὶ
1687 1913 1876 1984 εὐτελῆ
1902 1914 2010 1966 τῶν

435 2003 854 2073 ἁμαρτημάτων
881 2005 1028 2072 ἡμᾶς
1055 2003 1322 2071 προσάγει
1345 2007 1459 2066 τοῖς
1494 2004 1726 2074 μείζοσι,
1771 2008 1864 2058 καὶ
1892 2008 1924 2077 η
1953 2010 2009 2059 ἐν

438 2095 667 2156 ἐκείνοις
692 2094 986 2164 ἀδιαφορία
1014 2094 1127 2156 ὁδξς
1163 2096 1256 2146 ἐπὶ
1287 2097 1354 2147 τὰ
1388 2094 1743 2167 χαλεπώτερα
1778 2097 2003 2164 γίνεται.

2106 462 2252 532 gebit
2294 460 2587 514 ﬂammam.
2629 460 2874 511 Forsitan
2906 458 3006 509 hoc
3041 455 3378 509 subobscure
3416 466 3506 518 per
3543 448 3677 502 ami-

2107 567 2226 620 gma
2251 552 2496 620 designat
2534 550 2666 618 legis
2698 548 3003 603 oraculum.
3044 563 3062 594 ‹
3103 545 3160 597 Si
3219 555 3470 611 egressus
3517 539 3678 608 ignis,

2104 642 2306 709 inquit,
2335 640 2602 694 invenerit
2649 641 2855 710 spinas,
2888 645 2941 693 et
2971 635 3276 692 incenderit.
3307 646 3529 697 aream;
3565 647 3682 700 prr-

2108 733 2303 792 solvet,
2331 732 2421 802 qui
2451 733 2794 786 succenderit
2817 731 2998 801 ignem
3034 725 3105 791 ης
3139 746 3155 778 ι
3192 737 3376 780 aream
3417 722 3530 776 sive
3574 723 3684 773 frn-

2112 842 2238 896 gum
2290 840 2546 878 acervum
2587 822 2778 876 dicens
2840 821 3143 890 passiones,
3204 817 3380 886 ignem
3405 819 3683 878 νοτ-(νηπι-

2111 927 2245 971 turae
2280 918 2563 978 motiones,
2620 915 2803 982 spinas
2855 918 3035 965 att'em
3077 908 3376 966 sensibilia,
3440 921 3508 959 ue
3567 907 3684 974 ipsa

2111 1011 2551 1078 interponantur,
2588 1004 2796 1076 etiguis
2828 1021 2945 1059 non-
2968 1004 3159 1073 poterit
3180 1016 3362 1055 aream
3393 999 3682 1065 attingere,

2111 1102 2312 1172 quippe
2346 1100 2436 1168 qui
2480 1111 2584 1152 non
2630 1098 2866 1152 inveniet
2933 1096 3240 1159 materiam,
3281 1109 3375 1162 per
3425 1097 3590 1161 quam
3620 1089 3686 1142 ad

2113 1195 2286 1262 ips’am
2317 1203 2498 1246 arcam
2527 1192 2626 1245 sibi
2649 1190 2820 1245 Taciat
2866 1191 2968 1244 iter
3015 1186 3387 1242 inﬂammatus
3421 1201 3433 1235 :
3466 1178 3690 1236 omnino

2113 1285 2257 1339 enim
2284 1287 2377 1338 aut
2397 1284 2772 1352 exstinguétur
2821 1285 2965 1334 totus
2993 1295 3100 1348 pne
3135 1277 3318 1346 p'ab'uli
3367 1275 3614 1345 penuria,
3638 1279 3692 1325 ‹-ι

2115 1379 2166 1433 in
2200 1382 2434 1434 cinerem
2489 1379 2720 1440 desinet,
2760 1375 3130 1445 designante‘m
3174 1371 3485 1442 tyrannidis
3529 1378 3692 1436 atque

2117 1469 2406 1539 passionis,
2451 1484 2569 1538 qum
2620 1467 2891 1536 quondam
2925 1465 3090 1534 viguit
3145 1466 3442 1516 extremam
3501 1459 3691 1512 debili-

2116 1567 2320 1624 tatem;
2366 1569 2460 1612 aut
2515 1565 2873 1626 consumptus
2933 1557 2986 1609 in
3037 1555 3273 1608 scintilla
3329 1550 3689 1622 permanebit.

2118 1651 2248 1702 nihil
2283 1650 2486 1703 interea
2514 1664 2736 1710 nocens,
2773 1649 2882 1700 imo
2923 1647 3070 1700 visus
3109 1645 3362 1704 edocens,
3411 1642 3554 1712 quod
3595 1659 3690 1710 po-

2122 1747 2227 1793 tes‘t
2254 1740 2554 1806 aliquando
2583 1750 2777 1792 nocere
2830 1736 3192 1790 exardesceus
3223 1734 3275 1786 in
3300 1731 3605 1793 ﬂammam,
3649 1731 3693 1782 si

2117 1831 2478 1885 abundaverit
2535 1830 2756 1884 materia
2794 1829 2858 1881 ad
2908 1829 3226 1898 potentiam,
3291 1835 3453 1894 Quam
3513 1822 3693 1881 habet,

2120 1923 2348 1986 idonea;
2403 1938 2502 1977 nec
2536 1923 2679 1974 enim
2729 1921 2912 1974 statim
2963 1919 3107 1987 ligna
3162 1913 3520 1987 apprehendit
3547 1913 3695 1968 scin-

2118 2011 2251 2076 tilla,
2294 2027 2392 2066 nec
2436 2013 2649 2066 assulas
2698 2009 2978 2080 appositas
3012 2007 3279 2071 accendit,
3319 2001 3492 2074 paleis
3516 2014 3694 2057 autem

2115 2118 2253 2171 epus
2303 2104 2464 2157 habet
2513 2113 2564 2156 et
2587 2102 2826 2171 ~stipula,
2861 2111 2913 2156 et
2933 2099 3087 2162 Teno,
3116 2098 3181 2151 ad
3221 2090 3332 2153 hoc
3365 2106 3425 2152 ut
3457 2096 3694 2150 crassio-

440 2200 551 2241 rem
587 2201 800 2255 quoque
859 2186 1043 2241 vincat
1108 2189 1419 2246 materiam:
1457 2199 1514 2242 ut
1561 2206 1659 2243 nos
1708 2192 1863 2259 plene
1906 2193 2236 2258 ediscamus,
2286 2197 2429 2264 quod
2488 2207 2650 2265 parva
2718 2205 2772 2248 et
2805 2194 2965 2247 exilia
3031 2194 3251 2261 peccata
3320 2204 3418 2244 nos
3461 2186 3525 2241 ad
3587 2202 3700 2238 ma-

436 2278 556 2346 iora
578 2279 881 2348 perducunt
932 2288 984 2333 et
1016 2280 1408 2343 iudiiferetrt‘a,
1445 2295 1564 2350 qum
1599 2282 1650 2335 in
1674 2282 1793 2336 »illi-.
1817 2295 1922 2347 est,
1949 2286 2013 2338 ad
2059 2287 2394 2340 molestiora.

1067 2416 1316 2470 ΚΕΦΑΛ.
1353 2418 1430 2469 Η¹.

516 2526 627 2578 Καὶ
653 2526 734 2578 δεῖ
769 2526 844 2597 μὴ
871 2525 1023 2589 ἔθους
1071 2527 1256 2590 αὐτοῖς
1295 2528 1558 2597 παρέχειν
1605 2529 1849 2597 ἀγωγὴν,
1887 2532 2018 2602 μηδὲ

447 2617 760 2689 ἐπιτρέπειν
783 2618 1162 2688 παρακύπτειν
1187 2618 1438 2681 ἀναιδῶς,
1466 2620 1804 2688 ἐπιτιμᾷνίδὲ
1831 2629 2017 2690 προοίιι

449 2707 800 2778 μιαζομένοις
840 2709 1137 2779 μέλλουσαν
1193 2710 1514 2779 παρρησίαν
1567 2711 1667 2780 μὲν
1717 2712 1814 2781 τὴν
1846 2729 2017 2780 κεφα-

445 2800 543 2871 λὴν
571 2799 652 2852 ἔτι
699 2801 1008 2865 σαίνουσαν,
1063 2801 1190 2870 πρὶν
1237 2802 1338 2870 τῆς
1390 2802 1629 2872 πτέρνης
1671 2804 2018 2873 ἐπιλάθηται,

448 2891 650 2943 θλίϐειν
684 2891 776 2943 τοῦ
813 2893 1008 2961 ὄφεως,
1046 2893 1140 2945 καὶ
1163 2893 1384 2963 σπέρμα
1409 2893 1715 2962 ὁλοθρεύειν
1741 2897 1804 2947 ἐκ
1840 2895 2019 2948 Βαϐυ-

448 2979 637 3042 λῶνος,
665 2980 759 3032 καί⁸
782 2979 850 3032 τὰ
877 2982 1045 3050 νήπια
1084 2981 1288 3050 ταύτης
1320 2982 1597 3050 ὲδαφίζειν
1634 2983 1769 3052 πρὸς
1792 2984 1891 3053 τὴν
1915 2984 2018 3037 πέ-

449 3087 606 3141 τραν,
661 3071 727 3140 ἢν
757 3072 790 3140 ἠ
816 3071 910 3124 τοῦ
971 3072 1175 3142 ἄρθρου
1228 3073 1537 3144 προσθήκη,
1580 3075 1708 3144 μίαν
1735 3074 1901 3128 οὖσαν
1927 3094 2023 3146 ση-

452 3162 656 3231 μαίνει’
692 3165 919 3232 καὶγὰρ
953 3165 1016 3233 τῇ
1063 3164 1272 3235 κεφαλῇ
1307 3165 1650 3236 παραδυείσῃ
1690 3165 1836 3229 ἆπας
1872 3168 1900 3218 ὁ
1937 3169 2026 3219 ὀλ-

449 3255 542 3318 κδς
581 3255 1010 3325 συνεισέρχεται,
1047 3256 1140 3308 καὶ
1175 3256 1235 3308 τὸ
1261 3255 1484 3326 σπέρμα
1518 3257 1625 3310 τῶν
1649 3257 1910 3321 ζιζανίων
1941 3261 2026 3330 ῥι-

452 3346 623 3409 ζωθὲν
649 3347 962 3418 ἐμποδίζειν
991 3351 1058 3419 τῇ
1086 3347 1289 3420 βλάστῃ
1304 3348 1409 3401 τῶν
1435 3349 1661 3420 ἡμέρων
1687 3349 1899 3416 πέφυκε
1929 3367 2028 3416 φυ-

453 3438 583 3501 τῶν,
616 3439 711 3491 καὶ
762 3439 1094 3510 ἁδρυνθέντα
1131 3440 1200 3493 τὰ
1232 3443 1401 3509 νήπια
1445 3443 1544 3494 οὐκ
1583 3437 1838 3513 ἀνεκτὴν,
1881 3442 2023 3511 ἀμφ-

458 3529 680 3597 ήριστον
708 3530 782 3591 δὲ,
817 3532 912 3584 καὶ
957 3532 1253 3600 ἐναγώνιον
1292 3532 1451 3586 εἴωθε
1483 3534 1581 3602 τὴν
1607 3534 1786 3605 μάχην
1821 3541 1988 3591 ποιεῖν
2017 3554 2027 3565 ⁸

460 3615 555 3666 καὶ
589 3617 910 3684 σημαίνεται
931 3620 1022 3672 διὰ
1057 3619 1263 3673 τούτων
1301 3622 1368 3674 τά
1402 3622 1546 3694 πάθη
1579 3624 1654 3686 ὡς
1685 3627 1741 3677 ἐν
1767 3627 1906 3696 ἀρχῇ
1934 3627 2033 3696 μέν

457 3709 605 3759 ἐστιν
645 3709 910 3773 εύάλωτα,
937 3711 1050 3764 ἔθει
1078 3712 1135 3764 δὲ
1167 3714 1538 3783 κρατυνθέντα
1565 3718 1642 3779 είς
1680 3718 1866 3788 ἀκμὴν
1899 3720 2033 3788 πρό-

460 3813 586 3861 εισι,
612 3798 706 3850 καὶ
731 3798 1210 3869 δυσκαταγώνιστοι
1242 3804 1473 3871 γίνεται,
1511 3806 1650 3874 μετά
1699 3807 1760 3859 τὸ
1789 3809 2035 3878 κάματον

460 3888 720 3958 παρέχειν
771 3893 827 3942 ἐν
851 3894 917 3961 τῇ
952 3893 1097 3965 πάλῃ
1151 3893 1335 3947 πολύν.
1374 3895 1493 3947 Ἔτι
1523 3896 1580 3947 δὲ
1607 3897 1700 3948 καὶ
1739 3899 2031 3968 εὐχέρειαν

461 3981 618 4049 ὴμῶν
646 3983 739 4035 καὶ
769 3983 956 4036 ἄνοιαν
986 3984 1402 4055 κατηγοροῦντα
1431 3986 1629 4057 δεινὴν,
1667 3988 1788 4040 καθ’
1823 3991 2037 4042 ἑαυτῶν

462 4073 756 4142 πολεμίους
802 4073 1141 4145 ηὐξήσαμεν,
1175 4075 1267 4136 οὕς
1316 4077 1566 4130 καθελεῖν
1605 4080 1849 4142 ἀσθενεῖς
1879 4081 2038 4144 ὄντας

460 4159 528 4233 ἦν
555 4163 620 4216 ἒν
655 4167 787 4234 ἡμῖν
836 4167 1100 4231 εὐπετῶς.
1134 4167 1323 4231 Οὕτως
1371 4169 1480 4239 γὰρ
1517 4171 1709 4239 καιρὸν
1738 4167 1883 4240 εἶχεν
1919 4173 2035 4244 ἂνὴ

460 4256 674 4308 ᾱάνοια
726 4257 866 4326 μετὰ
927 4257 1025 4328 τὴν
1072 4259 1182 4311 τῶν
1222 4261 1532 4314 ἀντιπάλων
1580 4261 1784 4330 φθορὰν
1819 4265 2040 4334 εἰρήνην

2690 2420 2929 2480 CAPUT
2974 2423 3107 2478 VIH.

2189 2538 2534 2609 Quapropter
2566 2553 2668 2590 non
2698 2547 2915 2607 Oportet
2953 2536 3096 2589 viam
3124 2534 3257 2604 ipsis
3298 2532 3534 2602 prmbcre
3569 2543 3702 2584 con»

2127 2629 2450 2694 suetudinis,
2502 2643 2676 2698 neque
2708 2627 3041 2697 permittere,
3075 2628 3132 2679 tt't
3163 2624 3361 2680 nedum
3398 2637 3492 2690 per
3519 2629 3703 2673 trans-

2125 2735 2322 2774 cnnam
2360 2719 2522 2790 385
2553 2719 2819 2787 aspiciant
2853 2718 3212 2785 imprudenter,
3247 2729 3431 2768 verum
3465 2703 3703 2765 futuram

2127 2807 2410 2861 audaciam
2469 2807 2556 2871 iis,
2598 2806 2727 2860 dum
2784 2806 3369 2876 primo-examinator,
3401 2801 3702 2868 increpare,

2128 2907 2181 2950 et
2227 2900 2491 2966 serpentis
2534 2905 2696 2966 caput
2769 2897 2952 2950 statim
2983 2910 3045 2950 ac
3077 2906 3359 2956 movetur,
3402 2901 3704 2953 conterere,

2129 2990 2443 3057 priusquam
2479 2989 2791 3042 calcaneum
2825 2986 3194 3056 apprehendat
3219 2986 3288 3048 ”,
3322 2995 3487 3052 atque
3514 2995 3698 3038 semen

2130 3095 2158 3132 a
2185 3079 2454 3150 Babylone
2499 3080 2712 3147 penitus
2742 3078 2978 3140 abolere,
3001 3075 3293 3145 ipsiusque
3326 3074 3561 3127 inlantes
3587 3073 3710 3126 alli-

2130 3172 2257 3225 dere
2293 3172 2356 3225 ad
2385 3182 2590 3245 petram
2614 3171 2678 3232 “,
2705 3185 2868 3238 quam
2923 3169 3141 3222 articuli
3184 3168 3389 3222 additio
3434 3165 3708 3234 signiﬁcat

2131 3276 2295 3312 unam
2332 3260 2633 3325 exsistere;
2674 3259 2878 3312 etenim
2929 3260 3108 3328 capite
3157 3259 3503 3312 subintrante
3559 3265 3706 3310 totus

2134 3359 2340 3404 tractus
2370 3350 2532 3404 simul
2589 3351 2915 3419 ingreditur;
2945 3360 2996 3404 et
3027 3364 3210 3403 semen
3278 3349 3553 3409 loliorum,
3614 3363 3707 3400 seu

2133 3443 2466 3496 zizaniorum
2499 3443 2760 3496 radicitus
2819 3442 3082 3508 defixum,
3135 3441 3444 3510 plantarum
3499 3440 3710 3494 sativa~

2134 3546 2254 3587 rem
2283 3535 2526 3604 germina
2583 3534 2843 3603 impedire
2892 3533 3218 3598 consuevit;
3269 3541 3324 3586 et
3371 3529 3613 3584 infantes
3643 3531 3707 3582 ad

2146 3643 2175 3676 ιι
2201 3626 2512 3679 aturitatem
2577 3623 2816 3694 provecti
2877 3623 3293 3688 intolerabilem,
3347 3631 3404 3674 et
3459 3620 3714 3688 utrittque

2135 3727 2535 3770 controversam
2591 3716 3016 3783 athleticamque
3070 3729 3306 3783 pugnam
3357 3713 3507 3766 ciere
3555 3727 3710 3765 asso-

2137 3806 2282 3870 lent;
2329 3821 2531 3874 perque
2569 3806 2684 3860 haec
2744 3807 2923 3860 onmia
2989 3807 3342 3872 designantur
3404 3803 3713 3870 passiones,

2135 3899 2279 3966 quod
2307 3899 2563 3950 nimirum
2623 3897 2677 3949 in
2722 3897 2994 3965 principio
3051 3897 3268 3965 quidem
3334 3893 3491 3947 facile
3541 3908 3713 3960 expu-

2139 3999 2394 4058 gnantur,
2423 3989 2823 4044 consuetudine
2854 4004 2981 4042 vero
3008 3996 3350 4041 assumeutes
3382 3986 3552 4040 robur
3587 4000 3713 4053 pro-

2138 4084 2338 4138 cedunt
2367 4083 2431 4136 ad
2460 4081 2724 4150 vigorem,
2781 4078 3026 4146 ﬁuntque
3078 4086 3387 4146 expugnatu
3439 4075 3712 4135 dit‘ticiles,

2141 4183 2424 4241 postquam
2453 4170 2748 4241 plurimum
2783 4168 3115 4238 praebuerint
3162 4167 3404 4220 laborem
3439 4167 3490 4218 in
3540 4175 3715 4220 certa-

2143 4263 2320 4329 mine;
2349 4278 2469 4330 qurc
2500 4269 2762 4330 praeterea
2795 4260 3064 4314 levitatem
3104 4266 3369 4321 nostram,
3403 4267 3458 4310 et
3496 4271 3714 4325 grave-tr

464 4348 673 4414 ἄγουσα
726 4349 861 4418 πρὸς
914 4349 1147 4421 θεωρίαν
1192 4348 1490 4422 τραπῆναι,
1561 4355 1654 4406 καὶ
1698 4354 1796 4416 τὰς
1835 4356 2021 4407 οἰκεία.

2146 4362 2405 4408 accusant
2436 4351 2786 4413 dementiam,
2821 4365 2887 4405 eo
2938 4349 3080 4419 quod
3111 4358 3300 4402 contra
3354 4346 3718 4414 nosmetipstrs

464 4439 782 4508 γεωργῆσαι
809 4439 1088 4508 δυνάμεις.
1122 4441 1294 4493 Τοῦτο
1336 4441 1445 4512 γὰρ
1468 4441 1496 4491 ὁ
1529 4442 1628 4510 μέν
1657 4460 1739 4506 τις
1771 4443 1878 4496 τῶν
1909 4461 2041 4512 προ-

467 4531 652 4597 φητῶν
686 4547 838 4600 φησι·
881 4550 899 4581 ι
944 4531 1284 4600 Συγκόψουσι
1318 4534 1414 4596 τὰς
1444 4533 1720 4604 μαχαίρας
1751 4533 1929 4586 αὐτῶν
1961 4536 2040 4596 εἰς

466 4622 693 4692 ἄροτρα,
732 4623 951 4686 καὶτὰς
981 4624 1206 4686 ζιὸύνας
1244 4626 1322 4686 εἰς
1361 4625 1623 4694 δρέπανα,
1663 4623 2038 4696 παρελθοῦσαν

342 4706 415 4785 Ὺ.
466 4713 534 4764 τά
564 4713 858 4782 πολεμικὰ,
891 4717 981 4768 καὶ
1013 4718 1124 4778 τοῖς
1155 4716 1254 4783 τῆς
1297 4717 1520 4785 εἰρήνης
1555 4716 1921 4784 εὕκαιροῦσαν
1949 4715 2041 4780 ἕρ-

468 4818 584 4868 γοις
635 4807 916 4874 σημαίνων
948 4808 1308 4860 κατάστασιν.

2148 4443 2679 4498 accumulaverimus
2717 4441 2920 4503 hostes,
2945 4456 3103 4508 quos,
3131 4455 3253 4494 cum
3281 4448 3464 4492 essent
3493 4437 3715 4490 debiles.

2148 4537 2331 4588 nostra
2359 4540 2477 4587 erat
2530 4533 2584 4584 in
2644 4540 2912 4600 potestate
2967 4531 3280 4583 interimere
3316 4525 3612 4596 perfacile:
3642 4527 3720 4578 sie

2145 4624 2344 4692 quippe
2385 4622 2727 4675 occasionem
2783 4622 3004 4676 haberet.
3051 4621 3358 4674 intellectus
3424 4627 3544 4687 post
3582 4626 3722 4671 stra-

2150 4731 2269 4786 gem
2304 4714 2756 4768 adversariorum
2787 4728 2918 4781 pace
2975 4712 3161 4766 fruens
3191 4711 3256 4764 ad
3307 4708 3724 4777 contemplatio-

2153 4822 2275 4860 nem
2310 4821 2427 4859 sese
2456 4805 2828 4869 convertendi,
2857 4813 3019 4872 atque
3049 4802 3297 4870 proprias
3328 4800 3606 4854 excolendi
3644 4798 3721 4850 fa-

469 4897 717 4950 cullates.
743 4897 854 4951 Hoc
883 4899 1027 4951 enim
1062 4915 1202 4952 unus
1227 4898 1443 4967 quidem
1473 4898 1854 4965 prophetarum
1918 4898 2080 4951 dicit:
2125 4915 2142 4949 ι
2209 4897 2512 4952 Concident
2560 4897 2770 4966 gladios
2803 4909 2936 4949 suos
2973 4895 3027 4946 in
3079 4908 3349 4955 vomeres,
3379 4900 3432 4945 et
3459 4891 3644 4946 hastas
3673 4893 3722 4942 in

477 4986 708 5052 falces”,
755 5009 772 5041 ι
803 4991 1116 5060 signiﬁcans
1173 5000 1372 5044 statum
1409 4990 1907 5059 praetermittentem
1963 5007 2049 5045 res
2085 4991 2326 5056 bellicas,
2391 5001 2445 5045 et
2504 4992 2555 5043 in
2595 4991 2744 5059 pacis
2773 4987 3030 5058 operibus
3077 4987 3249 5040 otium
3308 5001 3464 5038 suum
3519 4985 3696 5053 impen

474 5077 708 5132 dentem.

1084 5171 1439 5248 Kseai.ez

552 5307 608 5358 Ὀ
640 5306 716 5371 δὲ,
755 5324 772 5356 ι
819 5304 878 5359 Οἱ
910 5305 1178 5374 ὀφθαλμοί
1209 5311 1302 5357 σου
1327 5303 1546 5374 ὄψονται
1575 5301 1699 5362 τοὺς
1735 5299 2049 5363 πλανῶντάς

474 5413 555 5461 σε,
588 5397 681 5449 καὶ
711 5397 777 5448 τὰ
809 5391 925 5449 ὦτά
949 5413 1042 5448 σου
1063 5393 1382 5447 ἀκούσονται
1419 5393 1527 5444 τῶν
1549 5390 1721 5443 ὀπίσω
1754 5407 1812 5441 σε
1848 5388 2056 5457 πλανηο

474 5487 706 5540 σάντων.
746 5506 762 5535 ι
800 5487 958 5539 Μετὰ
985 5485 1046 5539 τὸ
1084 5484 1400 5537 παύσασθαι
1446 5481 1543 5552 τὴν
1576 5481 1676 5549 τῆς
1713 5481 1890 5549 μάχης
1932 5479 2059 5546 σύγ-

561 5660 602 5689 ‘°
633 5656 808 5709 Exod.
845 5673 974 5719 χχιι,
1007 5659 1059 5708 6.
1141 5657 1179 5686 “
1207 5654 1342 5707 Gen.
1372 5670 1445 5703 III.
1483 5652 1563 5703 15.
1647 5653 1687 5680 ”
1716 5648 1852 5704 Psal.
1885 5665 2021 5703 cxxx

2128 5650 2180 5705 9.
2261 5652 2300 5681 "‘
2335 5649 2496 5703 Mich.
2527 5663 2599 5714 tv,
2637 5646 2689 5701 ’5.

2747 5181 2970 5238 CAPUT
3007 5180 3098 5234 1X.

2230 5300 2376 5352 Alter
2414 5314 2540 5352 vero
2575 5296 2805 5366 (scilicet
2835 5297 3242 5363 prophetarum)
3284 5293 3494 5362 inquit:
3535 5311 3552 5342 ι
3594 5291 3724 5346 Ocu-

2159 5389 2194 5442 li
2235 5390 2312 5442 tui
2359 5389 2616 5441 videbunt.
2659 5401 2753 5440 eos
2807 5385 2900 5452 qui
2949 5392 3001 5437 te
3051 5384 3414 5452 deceperunt,
3455 5391 3508 5436 et
3565 5400 3727 5438 aures

2160 5487 2264 5533 tua:
2323 5480 2658 5533 audienteos
2712 5476 2802 5546 qui
2837 5485 2888 5529 te
2920 5485 3067 5528 retro
3095 5474 3426 5544 deceperunt
3457 5474 3533 5534 ης
3574 5491 3591 5526 ι
3646 5475 3727 5528 «ιι-ι

2776 5645 2819 5676 η
2863 5643 2965 5699 lsa.
3001 5663 3126 5710 xxx,
3158 5647 3256 5710 ίπίε),
3287 5645 3375 5697 2|.
