4046 6152
419 221 550 288 1071

1909 222 1969 278 S.
2011 217 2142 279 NIL

3535 204 3670 283 lt)?!

410 349 542 391 cens
569 374 583 400 ,
620 333 1066 394 considerandos,
1109 331 1275 402 386
1324 347 1387 386 ac
1437 330 1738 385 luculenter
1793 331 1975 399 digno-

2088 347 2248 400 χυσιν
2281 329 2512 401 ὁρᾶσθαι
2544 329 2740 398 λέγων,
2784 331 2876 384 καὶ
2915 330 3279 398 γινώσκεσθαι
3317 329 3501 399 σαφῶς
3543 336 3668 388 τοὺς

411 425 642 482 seendos
693 425 867 486 dolos,
903 431 957 478 et
1004 423 1180 477 studia
1242 423 1614 488 inimicorum,
1685 431 1974 494 postquam

411 515 632 570 desierit
671 528 862 582 pugnae
884 511 1174 566 confusio:
1210 513 1342 582 quin
1391 524 1445 566 et
1485 528 1714 584 magnus
1747 511 1983 582 Moyses,

411 621 532 675 qua:
565 606 614 658 in
653 603 866 656 deserto
919 610 1214 655 evenerant
1260 602 1516 658 Israelitis
1553 603 1594 633 "
1625 602 1679 656 in
1737 605 1884 657 exitu
1919 616 1985 655 ex

411 695 642 764 Aigypto
672 692 914 746 studiose
942 703 1327 747 commemorat
1365 693 1416 746 in
1450 693 1690 748 secundo
1750 693 1891 747 libro
1970 733 1984 758 ,

411 786 700 852 auh‘nrtans
751 798 866 848 eos,
907 791 964 836 ut
1013 784 1312 853 przeteritas
1346 799 1554 855 pugnas
1610 799 1673 838 ac
1726 799 1985 838 manuum

409 879 778 930 censet-tiones
809 885 1124 931 exercerent
1176 878 1461 941 memoria,
1507 875 1986 946 -admirabilesque

409 969 662 1022 victorias
736 966 979 1022 facerent
1042 967 1324 1021 materiam
1379 965 1632 1020 maximae
1688 965 1984 1038 gratiarum

407 1063 656 1118 actionis.
712 1060 828 1115 Non
863 1063 967 1116 ista
996 1061 1163 1126 novit,
1213 1077 1312 1116 nec
1337 1061 1506 1115 otium
1540 1060 1698 1126 habet
1745 1075 1984 1130 unquam

405 1156 496 1225 qui
532 1155 582 1208 in
614 1155 769 1209 bellis
800 1163 1072 1224 versatur,
1109 1154 1274 1226 quive
1302 1153 1514 1208 videtur
1543 1167 1726 1218 nosse,
1755 1159 1809 1206 et
1844 1151 1982 1206 alio—

407 1263 526 1300 rum
583 1247 770 1317 gcrei'e
842 1245 1261 1316 praefecturam;
1312 1245 1590 1300 enimvero
1661 1243 1981 1314 praeclarum

405 1337 650 1407 quidem,
689 1346 742 1393 et
782 1339 965 1392 multis
1000 1337 1230 1406 perutile
1261 1336 1410 1391 subit
1433 1350 1593 1405 opus,
1653 1343 1708 1389 at
1756 1335 1842 1388 vix
1895 1349 1984 1388 se-

405 1429 646 1482 cundum
696 1437 842 1483 tenet
869 1427 1046 1483 locum
1083 1437 1205 1498 post
1234 1441 1380 1492 eum,
1450 1426 1540 1495 qni
1572 1425 1854 1496 proprium
1882 1439 1981 1479 cu-

408 1529 489 1573 rat
525 1529 750 1584 statum,
807 1535 870 1575 ac
899 1520 1157 1574 interiora
1188 1517 1477 1583 etnendat;
1518 1519 1716 1588 quippe
1745 1517 1838 1586 qui
1861 1532 1983 1572 cor-

409 1627 632 1680 poreum
708 1612 910 1681 praebet
972 1610 1338 1680 indigentibus
1403 1609 1686 1675 auxilium,
1742 1609 1978 1662 animam

404 1718 532 1755 vero
564 1718 716 1756 suam
762 1702 984 1757 dimittit
1031 1716 1245 1770 semper
1297 1702 1616 1771 neglectam.
1669 1699 1779 1770 Ego
1828 1699 1976 1765 novi,

402 1792 546 1861 quod
595 1802 704 1846 lum
743 1793 993 1862 agricola:
1025 1793 1172 1845 omni
1226 1801 1468 1862 tempore
1511 1802 1707 1846 vacant
1755 1790 1977 1859 proprio

403 1897 552 1948 arvo,
623 1893 735 1936 tum
801 1892 978 1936 nauta:
1052 1884 1327 1952 prOpriant
1388 1898 1600 1952 semper
1673 1882 1976 1935 instaurant

405 1971 604 2034 navim,
640 1979 752 2024 tum
785 1971 1039 2037 viatores,
1069 1980 1120 2024 et
1150 1981 1506 2034 mercatores,
1541 1978 1594 2024 et
1627 1969 1884 2035 artiﬁces,
1922 1979 1976 2023 et

404 2059 724 2114 mercenarii
780 2060 830 2113 id
860 2060 1103 2114 studiose
1137 2058 1406 2122 factitant,
1439 2057 1584 2128 quod
1618 2058 1718 2112 sibi
1745 2056 1877 2126 ipsis
1907 2057 1973 2110 ad

405 2152 692 2204 utilitatem
727 2152 1029 2205 conducere
1062 2149 1415 2212 arbitrantur,
1446 2163 1544 2202 nec
1575 2148 1715 2202 ullus
1738 2163 1821 2213 ea,
1854 2161 1974 2217 quae

403 2250 532 2295 sunt
585 2240 830 2304 alterius,
865 2239 1036 2310 pluris
1077 2239 1158 2293 vel
1187 2254 1339 2308 aeque
1374 2237 1618 2292 facienda
1669 2247 1832 2307 atque
1878 2254 1974 2291 sua

399 2323 645 2397 judicare
675 2334 945 2396 sustinet;
981 2330 1076 2384 sed
1120 2338 1173 2384 et
1203 2330 1456 2384 nauticus
1494 2329 1576 2383 vir
1605 2331 1867 2400 navigans
1915 2328 1970 2382 in

403 2422 540 2476 mari
577 2423 759 2493 dirigit
790 2422 854 2476 ad
911 2436 1065 2476 suam
1110 2421 1510 2491 navigationem
1576 2423 1872 2492 navigium,
1921 2429 1976 2475 et

401 2515 490 2583 qui
545 2524 741 2568 terram
781 2513 980 2568 excolit
1035 2512 1148 2568 suis
1173 2513 1321 2568 horis
1349 2527 1535 2568 curam
1569 2513 1977 2582 impenditeon-

401 2620 591 2674 gruam
623 2619 754 2658 arvo
783 2605 1026 2675 proprio,
1062 2614 1114 2658 et
1148 2604 1240 2673 qui
1267 2613 1439 2657 artem
1459 2611 1808 2658 consectatur
1829 2619 1977 2670 eam,

400 2709 738 2762 quaecunque
768 2695 869 2756 sit,
917 2703 1148 2756 exercet,
1204 2708 1324 2766 qua:
1383 2693 1513 2746 facit
1573 2695 1638 2746 ad
1691 2693 1968 2762 proprium

402 2786 638 2849 lucrum,
679 2794 732 2838 ct
764 2799 987 2854 prorsus
1023 2783 1399 2854 unusquisque
1441 2781 1595 2837 futile
1650 2793 1811 2852 atque
1879 2798 1972 2835 va—

2093 423 2202 476 τῶν
2266 422 2475 493 ἐχθρῶν
2530 421 2733 488 δόλους,
2796 425 2890 477 καὶ
2948 423 3016 476 τὰ
3071 422 3503 491 ἐπιτηδεύματα.
3559 427 3669 478 Καὶ

2087 513 2326 582 Μωῦσῆς
2353 513 2408 566 δέ
2438 515 2465 566 ὁ
2497 515 2669 584 μέγας
2696 514 2765 567 τὰ
2791 514 3076 583 συμϐάντα
3098 513 3240 567 κατὰ
3263 514 3360 584 τὴν
3383 515 3481 582 άπ’
3513 517 3672 582 Atye-

2089 621 2222 656 πτου
2246 603 2420 667 ἔξοδον
2440 607 2550 666 τοῖς
2587 603 2950 676 Ἰσραηλίταις
2977 606 3034 657 ἐν
3061 607 3126 675 τῇ
3160 605 3353 675 ἐρήμῳ
3369 605 3427 656 ἐν
3447 603 3672 676 δευτέρα

2089 693 2255 765 βίϐλῳ
2297 693 2599 758 σπουδαίως
2642 695 3048 765 ὑπομιμνήσκει
3085 733 3101 759 ,
3152 697 3252 757 τάς
3298 695 3672 764 παρελθούσας

2089 784 2304 853 μάχας,
2365 785 2460 836 καὶ
2536 783 2896 854 συμπλοκάς,
2964 782 3267 854 γυμνάζειν
3347 787 3413 854 τῇ
3485 787 3675 855 μνήμῃ

2087 872 2370 944 παραινῶν
2394 873 2488 926 καὶ
2522 873 2619 935 τὰς
2658 872 2995 943 παραδόξους
3023 873 3179 935 νίκας
3215 873 3488 926 ποιεῖσθαι
3518 878 3670 944 μεγί-

2088 980 2220 1034 στης
2273 965 2626 1036 εὐχαριστίας
2673 965 2952 1018 ὑπόθεσιν.
2999 965 3114 1022 Ούκ
3169 961 3279 1018 οἶδε
3323 965 3498 1018 ταῦτα
3555 968 3673 1020 οὐδὲ

2088 1054 2282 1124 σχολὴν
2304 1055 2414 1125 ἔχει
2447 1055 2573 1109 ποτὲ
2602 1054 2696 1108 καὶ
2716 1055 2917 1123 γνῶναι
2946 1055 2974 1106 ὁ
2995 1057 3051 1108 ἐν
3083 1055 3341 1125 πολέμοις
3359 1057 3670 1128 διατρίϐων,

2085 1144 2181 1196 καὶ
2221 1145 2250 1195 ὁ
2294 1144 2634 1214 προστασίαν
2672 1143 2853 1208 ἄλλοις
2897 1146 3086 1214 νέμειν
3127 1145 3322 1200 δοκῶνο
3363 1146 3527 1201 καλὸν
3579 1148 3673 1217 μὲν

2084 1232 2213 1303 γάρ,
2239 1233 2332 1285 καί
2383 1233 2598 1296 πολλοῖς
2644 1236 2917 1306 χρήσιμον
2952 1233 3192 1304 μέτεισιν
3238 1233 3422 1305 ἔργον,
3468 1235 3564 1288 τοῦ
3616 1236 3671 1288 δὲ

2084 1323 2182 1394 τῆς
2207 1323 2414 1386 οἰκείας
2445 1324 2877 1397 ἐπιμελουμένου
2899 1365 2913 1386 ,
2943 1326 3037 1388 καί
3072 1323 3456 1396 διορθουμένου
3487 1327 3556 1378 τὰ
3589 1327 3672 1378 ἓν·

2083 1414 2194 1478 δον,
2231 1415 2384 1484 μόλις
2413 1415 2480 1468 τά
2511 1414 2790 1488 δευτερεῖα
2839 1415 3024 1486 φέρει,
3074 1417 3394 1487 σωματικὴν
3420 1418 3671 1487 παρέχων

2083 1506 2194 1566 τοῖς
2224 1505 2500 1575 δεομένοις
2548 1504 2802 1576 βοήθειαν
2825 1543 2840 1570 ,
2878 1506 2973 1559 καὶ
3009 1505 3186 1576 ψυχὴν
3216 1505 3321 1559 ἐῶν
3345 1507 3447 1576 τὴν
3477 1509 3671 1560 ἑαυτοῦ

2085 1598 2174 1651 διὰ
2228 1599 2428 1668 παντὸς
2469 1597 2836 1667 ἀτημέλητον.
2894 1594 3024 1649 υἷδα
3075 1599 3170 1650 καὶ
3227 1599 3508 1667 γεωργοὺς
3562 1599 3675 1666 ἐγὼ

2015 1665 2055 1722 Β
2085 1690 2248 1742 παντί
2303 1690 2482 1760 καιρῷ
2545 1688 2621 1758 τῷ
2679 1687 2792 1758 ἰδίῳ
2840 1687 3092 1758 γεωργίι)
3142 1686 3528 1757 σχολάζοντας,
3583 1690 3673 1740 καί

2085 1780 2376 1850 πλωτῆρας
2406 1781 2491 1833 ἀεὶ
2520 1779 2617 1850 τὴν
2651 1779 2856 1832 οἰκείαν
2899 1779 3362 1843 ἐπισκευάζοντας
3393 1778 3545 1841 ναῦν,
3580 1780 3674 1832 καὶ

2079 1871 2278 1933 ἑδίτας,
2327 1874 2418 1924 καὶ
2453 1873 2760 1943 ἐμπόρους,
2799 1873 2894 1924 καὶ
2925 1872 3200 1940 τεχνίτας,
3228 1871 3322 1924 καὶ
3369 1871 3671 1939 μισθωτοὺς

2078 1963 2236 2017 τοῦτο
2269 1965 2690 2030 σπουδάζοντας,
2718 1963 2745 2015 ὃ
2769 1965 3040 2016 συντελεῖν
3068 1966 3133 2016 αύ
3147 1966 3272 2027 τοῖς,
3304 1965 3383 2026 εἰς
3404 1961 3670 2030 ὠφέλειαν

2079 2055 2378 2126 νομίζονσι,
2409 2055 2502 2109 καὶ
2529 2055 2702 2118 οὐδεὶς
2731 2056 2798 2108 τά
2839 2055 3026 2124 ἐτέρου
3057 2056 3428 2126 προτιμότερα
3455 2097 3471 2121 ,
3516 2056 3548 2126 ἢ
3579 2059 3672 2108 καὶ

2088 2149 2305 2217 ἰσότιμα
2337 2149 2444 2200 τῶν
2494 2146 2688 2200 ἑαυτοῦ
2736 2147 2943 2217 κρίνειν
2994 2147 3269 2216 ἀνέχεται.
3321 2147 3484 2200 Ἀλλά
3524 2148 3676 2200 καὶὸ

2083 2239 2333 2301 ναυτικὸς
2362 2237 2728 2300 θαλαττεύων,
2761 2238 2898 2308 πρὸς
2929 2238 3020 2292 τὸν
3062 2239 3192 2291 ῖδιον
3218 2238 3387 2291 πλοῦν
3417 2238 3582 2292 ἰθύνει
3610 2241 3671 2293 τὸ

2085 2331 2313 2400 σκάφος,
2344 2331 2438 2383 καὶ
2475 2332 2502 2383 ὁ
2549 2331 2786 2400 γηπόνος
2819 2330 2916 2401 τὴν
2961 2330 3296 2401 κατάλληλον
3331 2333 3452 2394 ταῖς
3498 2331 3664 2401 ὥραις

2081 2423 2400 2492 ἐπιμέλειαν
2429 2422 2505 2493 τῷ
2529 2423 2716 2492 οἰκείῳ
2739 2422 2995 2493 γεωργίῳ
3029 2423 3317 2493 προσάγει,
3355 2423 3448 2476 καὶ
3474 2425 3664 2493 τέχνην

2080 2515 2108 2566 ὁ
2151 2515 2566 2584 μετερχόμενος,
2591 2513 2874 2583 ἡντιναοῦν
2909 2514 3003 2566 τοῦ
3040 2515 3171 2567 ἰδίου
3193 2515 3401 2582 γίνεται
3422 2515 3663 2585 κέρδους,-

2083 2605 2180 2658 καὶ
2201 2606 2434 2666 ἕκαστος
2462 2605 2648 2668 ἁπλῶς
2681 2607 2904 2667 εἰκαῖον.
2937 2607 3030 2659 καὶ
3056 2608 3285 2674 μάταιον
3310 2607 3574 2678 μεριμνᾷν
3595 2606 3664 2658 τά

2079 2693 2185 2745 τῶν
2216 2695 2523 2763 ὁμοτέχνων
2547 2695 2868 2764 ἡγούμενος,
2905 2697 3160 2766 φροντίδα
3188 2696 3385 2766 πολλὴν
3423 2695 3531 2765 ἔχει
3559 2698 3656 2749 καὶ

2079 2785 2369 2856 μέριμναν,
2396 2786 2546 2848 ὅπως
2574 2781 2632 2838 εῦ
2663 2787 2728 2838 τὰ
2759 2787 2935 2839 οἰκεῖα
2965 2787 3236 2860 διάθηται.

403 2891 530 2928 num
582 2876 895 2951 existimans
924 2875 1213 2929 sollicitent
1265 2891 1386 2931 esse
1415 2875 1482 2929 de
1539 2874 1624 2928 his
1670 2889 1792 2944 qua:
1820 2883 2064 2942 spectant
2103 2875 2168 2928 ad
2212 2877 2332 2933 illos
2374 2878 2464 2946 qui
2498 2877 2740 2946 ejusdem
2789 2889 2915 2933 sunt
2961 2880 3116 2944 artis,
3147 2896 3334 2936 curam
3375 2880 3660 2950 plurimam

400 2965 534 3034 gerit
579 2979 642 3018 ae.
668 2963 1106 3027 sollicitudinem,
1168 2979 1277 3036 quo
1327 2971 1490 3035 pacto
1541 2979 1628 3020 res
1679 2965 1931 3033 proprias
1967 2964 2237 3035 disponat.

911 3074 1074 3145 337
1101 3073 1331 3130 CAPUT
1387 3073 1455 3129 Χ.

475 3189 540 3243 Et
575 3188 850 3258 quomodo
879 3188 1044 3258 aliqui
1093 3204 1239 3250 eum,
1262 3189 1356 3258 qui
1393 3189 1446 3241 in
1480 3188 1678 3242 virtute
1715 3187 1818 3242 sibi
1843 3185 1978 3256 ipsis

404 3281 553 3337 utilis
581 3291 686 3345 est,
725 3281 1114 3350 probatiorem,
1156 3297 1250 3336 seu
1277 3281 1473 3350 majori
1501 3279 1978 3334 commendatione

401 3373 625 3442 dignum
654 3372 899 3426 habent?
930 3370 1023 3425 lsti
1049 3372 1180 3425 mihi
1216 3372 1469 3424 videntur
1524 3374 1749 3426 omnino
1804 3371 1979 3426 dilau-

401 3463 552 3524 dare,
582 3471 636 3516 et
665 3461 814 3514 illum
863 3461 979 3529 qui,
1031 3461 1194 3515 domo
1224 3477 1321 3515 sua
1379 3475 1665 3524 succensa,
1729 3471 1783 3515 et
1847 3461 1977 3514 sub-

402 3552 624 3614 stantia,
659 3566 780 3619 qua:
827 3551 976 3603 intus
1003 3558 1144 3615 erat,
1183 3560 1292 3605 tota
1335 3552 1690 3617 inﬂammata,
1751 3553 1978 3607 hortan-

403 3642 547 3696 tibus
589 3641 806 3702 amicis,
839 3647 900 3694 ut
953 3644 1238 3695 conveniat
1289 3643 1355 3696 ad
1411 3644 1710 3711 sponsalia,
1771 3660 1866 3700 seu
1908 3644 1974 3698 ad

401 3732 744 3803 legationem,
783 3733 1094 3802 persuaderi
1158 3749 1216 3787 se
1260 3735 1486 3803 patitur,
1521 3736 1658 3809 quia
1709 3737 1972 3806 potiorem

402 3825 703 3878 amicorum
747 3823 1098 3892 indigentiam
1135 3825 1309 3888 duxit,
1343 3841 1509 3895 quam
1544 3841 1761 3881 cessare
1793 3827 1973 3882 facere

402 3915 487 3970 sui
525 3915 722 3968 domus
749 3915 1056 3968 incendium
1078 3931 1098 3980 ;
1122 3917 1225 3970 hoc
1255 3916 1429 3985 ipsum
1449 3917 1656 3972 honore
1682 3917 1974 3974 adicientes

399 4021 560 4077 quem
619 4005 961 4069 debuissent,
1001 4017 1210 4061 rectum
1265 4007 1501 4063 ferentes
1551 4008 1842 4079 judicium,
1896 4011 1972 4065 uti

400 4107 579 4151 ruente
607 4108 823 4167 captum
855 4110 1018 4167 atque
1060 4099 1312 4152 insanum
1351 4098 1674 4165 criminari;
1721 4100 1974 4155 incendio

402 4197 582 4242 autem
611 4187 907 4257 unicuique
932 4187 1120 4257 pejora
1158 4198 1306 4254 sunt,
1354 4203 1472 4258 qua:
1523 4191 1669 4244 circa
1735 4199 1971 4244 mentem

398 4291 706 4350 versantur,
735 4282 838 4336 nisi
887 4283 1008 4351 quis
1061 4291 1258 4337 renuat
1312 4297 1574 4336 sensuum
1623 4297 1972 4350 progressus,

2696 3080 2942 3137 ΚΕΦΑΛ.
2979 3079 3038 3136 Ρ.

2151 3193 2258 3244 Και
2306 3192 2421 3254 πῶς
2466 3192 2556 3246 τὸν
2605 3194 2817 3256 ἑαυτοῖς
2849 3194 2906 3247 ἐν
2946 3198 3014 3266 τῇ
3057 3194 3224 3266 ἀρετῇ
3260 3198 3668 3268 χρησιμεύοντα

2078 3281 2346 3351 ἀποδοχῆς
2383 3276 2530 3335 οῦτοι
2576 3284 2777 3353 μᾶλλόν
2817 3303 2959 3349 τινες
3001 3287 3276 3358 κρίνουσιν
3321 3289 3511 3356 ἄξιονς
3559 3293 3668 3344 Μοὶ

2077 3375 2292 3427 δοκοῦσι
2350 3378 2594 3430 ἐπαινεῖν
2647 3380 2896 3442 πάντως,
2948 3382 3042 3434 καὶ
3088 3381 3179 3434 τὸν
3232 3383 3668 3455 ἐμπιπραμένης

2077 3466 2226 3536 αὐτῷ
2253 3467 2351 3537 τῆς
2376 3471 2554 3532 οἰκίας
2581 3509 2597 3533 ,
2627 3472 2722 3523 καί
2753 3472 2849 3540 τῆς
2884 3471 3030 3524 ἔνδον
3069 3474 3356 3552 ὑπάρξεως
3387 3475 3660 3546 φλεγομέ-

2077 3572 2172 3626 νης
2201 3556 2440 3627 ἁπάσης,
2469 3558 2644 3627 φίλοις
2680 3559 2772 3611 ἐπὶ
2800 3559 3172 3632 μνηστείαν,ἥ
3209 3562 3504 3634 πρεσϐείαν
3538 3579 3671 3629 συν-α

2077 3643 2252 3697 ελθεῖν
2295 3649 2766 3718 προτρεπομένοις
2807 3650 3128 3720 πειθόμενον
3152 3691 3166 3714 ,
3210 3652 3292 3705 ὅτι
3330 3652 3423 3706 τοῦ
3455 3653 3664 3706 παῦσαι

2074 3737 2168 3789 τοῦ
2197 3739 2344 3790 οἴκου
2366 3738 2458 3792 τὸν
2489 3742 2838 3811 ἐμπρησμὸν,
2860 3742 2957 3813 τὴν
2984 3742 3096 3798 τῶν
3116 3742 3283 3812 φίλων
3307 3745 3496 3816 χρείαν
3525 3763 3660 3815 προ-

2074 3831 2363 3900 τιμοτέραν
2385 3831 2629 3901 ἡγήσατο
2651 3833 2823 3901 τούτῳ
2855 3833 3208 3904 σεμνύνοντες
3229 3835 3390 3889 αὐτὸν
3415 3875 3430 3901 ,
3457 3836 3517 3889 ὃν
3545 3840 3660 3909 κρί-

2075 3937 2253 3984 νοντες
2305 3921 2481 3992 ὀρθῶς
2519 3922 2594 3984 ὼς
2627 3922 2990 3994 φρενοϐλαδῆ,
3039 3925 3134 3978 καί
3176 3926 3513 3997 παραπλῆγά
3549 3928 3668 3981 διαο

2076 4011 2292 4066 ϐάλλειν
2325 4011 2554 4082 ὤφειλον
2579 4029 2592 4043 ·
2634 4015 2966 4086 ἐμπρησμοῦ
2999 4017 3055 4069 δέ
3097 4020 3276 4090 χεῖρον
3308 4019 3375 4072 τά
3416 4019 3519 4088 τῆς
3543 4020 3664 4074 δια-

2074 4103 2239 4169 νοίας,
2268 4105 2484 4174 ἑκάστῳ
2506 4105 2774 4160 διάκειται
2796 4105 2905 4160 τῶν
2932 4108 3260 4179 αἰσθήσεων,
3282 4112 3330 4163 εἰ
3355 4111 3430 4184 μή
3457 4128 3540 4178 τις
3563 4114 3662 4175 τὰς

2073 4195 2332 4266 προόδους
2381 4199 2702 4267 παραιτοῖτο
2756 4197 3054 4268 τροφίμους
3119 4199 3250 4262 ῦλας
3297 4199 3664 4272 εἰσφερούσας

2071 4285 2148 4356 τῷ
2200 4287 2476 4358 καιομένῳ
2511 4288 2666 4358 πυρὶ,
2711 4289 2807 4342 καὶ
2854 4289 3057 4352 ταύτας
3101 4292 3544 4364 ἐπισωρευούσας
3582 4293 3662 4355 ὡς

397 4377 490 4446 qui
525 4376 788 4429 materias
831 4375 1050 4429 altrices
1098 4375 1339 4428 inferunt
1375 4373 1482 4444 igni
1509 4373 1752 4436 ardenti,
1785 4382 1842 4427 et
1889 4375 1969 4445 ip-

2079 4375 2329 4449 φρύγανα
2377 4379 2444 4448 τῇ
2493 4377 2590 4448 τῆς
2631 4378 2844 4448 φύσεως
2894 4381 3272 4448 άναπτομένας
3330 4383 3510 4451 φλογίο
3559 4385 3660 4453 τῆς.

396 4483 488 4523 sas
505 4469 584 4522 uti
609 4468 758 4522 sicca
783 4467 1012 4536 virgulta
1029 4474 1371 4530 eoacervant,
1389 4481 1510 4534 quae
1539 4465 1754 4519 flamma
1771 4475 1976 4522 natura:

397 4559 824 4624 succenduntur,
862 4559 990 4612 dum
1043 4558 1304 4611 memoria
1366 4557 1739 4621 meditatione,
1808 4559 1971 4613 veluti

396 4656 610 4710 ﬂabello
642 4654 812 4723 ipsam
847 4653 1075 4722 (scilicet
1127 4653 1424 4720 flammam)
1456 4651 1728 4716 eventilet,
1761 4669 1824 4708 ac
1873 4669 1969 4707 vo-

397 4749 661 4800 raciorem
692 4745 888 4800 elficiat
917 4745 992 4798 rei
1015 4743 1133 4813 ejus
1157 4745 1300 4813 igne,
1330 4759 1450 4815 qua:
1495 4754 1736 4798 vastatur
1781 4747 1973 4800 incen-

394 4839 518 4902 diis,
559 4845 612 4891 et
640 4835 1083 4904 difficilem,qu:e
1118 4835 1290 4903 possit
1318 4833 1584 4904 exstingui
1619 4851 1640 4887 τ
1671 4834 1877 4902 hocque
1903 4833 1974 4888 de

394 4931 719 4998 quibusdam
738 4930 947 4983 videtur
964 4927 1101 4983 Deus
1131 4927 1738 4997 prophetaeindignatus
1755 4927 1970 4996 procla-

395 5037 563 5088 mare,
581 5021 646 5076 de
677 5022 873 5090 quibus
892 5036 1230 5090 conquerens
1249 5021 1355 5074 ait:
1374 5039 1393 5067 ι
1417 5019 1533 5074 Non
1564 5020 1712 5074 vides
1728 5035 1848 5088 quaa
1865 5019 1965 5089 ipsi

395 5116 598 5168 faciunt
632 5115 682 5166 in
707 5115 1020 5168 civitatibus
1041 5111 1199 5176 Juda,
1228 5123 1281 5166 et
1317 5122 1468 5166 extra
1493 5111 1839 5167 Jerusalem?
1869 5110 1965 5164 lilii

391 5227 470 5260 eo;
489 5223 576 5259 nm
591 5207 851 5276 colligunt
876 5208 1039 5276 ligna,
1065 5215 1117 5259 et
1133 5215 1310 5274 patres
1329 5206 1566 5274 ipsorum
1586 5205 1763 5273 ignem
1782 5218 1970 5256 accen-

391 5299 547 5362 dunt,
583 5308 851 5352 etuxnres
882 5300 1119 5368 ipsorum
1151 5306 1522 5367 conspergunt
1551 5297 1783 5365 adipem,
1817 5303 1873 5348 ut
1894 5293 1973 5347 fa-

393 5390 534 5445 ciant
574 5391 852 5461 placentas
884 5391 1085 5444 militiae
1117 5389 1240 5442 caeli
1269 5389 1310 5419 ’⁸
1332 5406 1346 5453 ;
1369 5407 1385 5438 ι
1422 5387 1611 5441 dicens
1644 5387 1786 5455 quod
1822 5385 1971 5439 visus

478 5591 521 5620 ⁸³
549 5588 709 5642 Num.
747 5602 872 5652 την,
905 5587 1012 5651 ‘27;
1045 5586 1198 5638 Deut.
1241 5601 1320 5647 Ill,
1360 5585 1418 5637 ει
1453 5603 1466 5650 ;
1508 5599 1579 5649 tv,
1612 5585 1663 5637 3.

2083 4469 2300 4539 μνήμης
2324 4467 2513 4539 ὥσπερ
2535 4469 2782 4540 φωστῆρι
2805 4471 2870 4541 τῇ
2901 4469 3100 4542 μελέτῃ
3115 4471 3435 4542 ριπιξούσης
3461 4473 3652 4542 αὐτὴν,

2080 4560 2172 4612 καί¹
2220 4560 2478 4636 ποιούσης
2535 4559 2872 4630 λαόροτέραν
2921 4561 3014 4615 τοῦ
3064 4562 3510 4634 πυρπολουμένου
3561 4565 3658 4617 καὶ

2081 4652 2393 4706 δύσὸεστον.
2447 4653 2556 4705 Καὶ
2595 4652 2753 4706 τοῦτο
2801 4653 2945 4707 ἔοικε
2976 4656 3106 4724 περί
3153 4672 3314 4708 τινων
3343 4657 3370 4708 ὁ
3405 4656 3538 4718 Θεὸς
3574 4655 3652 4724 τῷ

2075 4744 2328 4813 προφήτῃ
2354 4742 2722 4814 δυσχεραίνων
2751 4749 3111 4813 προσφωνεῖν,
3143 4746 3200 4798 ἐν
3221 4742 3301 4808 οἷς
3326 4746 3650 4812 ἀγανακτῶν

2075 4852 2258 4904 φησιν·
2289 4854 2307 4887 ι
2343 4835 2454 4906 Οὐχ
2488 4837 2620 4906 ὁρᾷς
2642 4835 2678 4889 ἃ
2703 4835 2858 4889 αὐτοὶ
2884 4836 3128 4889 ποιοῦσιν
3161 4837 3218 4890 ἐν
3262 4839 3381 4900 ταῖς
3430 4838 3660 4890 πόλεσιν

2084 4926 2276 4990 Ἰούδα,
2309 4927 2403 4978 καὶ
2428 4924 2626 4990 ἔξωθεν
2667 4926 3060 4997 Ἰερουσαλήμς
3089 4927 3150 4979 Oi
3181 4927 3285 4980 υἰοὶ
3310 4926 3492 4981 αὐτῶν
3527 4928 3658 4979 συλο

2073 5019 2289 5086 λέγουσι
2341 5017 2491 5082 ξύλα,
2537 5019 2630 5070 καί
2673 5020 2722 5070 οἰ
2771 5019 3007 5087 πατέρες
3051 5017 3228 5070 αὐτῶν
3257 5017 3646 5087 καίουσιλπῦρ,

2075 5113 2168 5163 καὶ
2191 5112 2246 5164 αί
2271 5113 2526 5178 γυναῖκες
2545 5111 2724 5164 αὐτῶν
2753 5111 2973 5164 παίουσι
2999 5110 3093 5176 τοῦ
3119 5111 3337 5180 ποιῆσαι
3367 5111 3648 5180 χαυνῶνας

2077 5204 2141 5270 τῇ
2189 5203 2420 5270 στρατιᾷ
2461 5200 2556 5253 τοῦ
2599 5199 2852 5270 ούρανοῦ’
2919 5219 2938 5252 ι
2978 5200 3075 5270 τὴν
3124 5201 3222 5270 μὲν
3270 5201 3460 5272 ὅρασιν
3494 5201 3645 5269 δίκην

2080 5292 2370 5362 φρυγάνων
2391 5293 2486 5354 τὰς
2523 5290 2870 5362 ἐρεθιστικὰς
2900 5290 3074 5360 λέγων
3100 5293 3352 5359 συνάγειν
3400 5291 3610 5362 μορφάς
3629 5330 3654 5352 ,ν

2077 5383 2176 5453 τὴν
2217 5384 2272 5436 δὲ
2309 5383 2603 5454 ἐπιθυμίαν
2630 5385 2688 5438 ἐν
2726 5383 2950 5445 ταύταις
2980 5383 3210 5453 σφοδρὸν
3247 5384 3512 5438 ἀνάπτειν
3541 5381 3646 5450 πῦρ

1744 5584 1784 5614 ⁸⁸
1804 5579 2003 5638 Jerem.
2021 5599 2115 5646 vn,
2147 5582 2225 5634 18.
