4046 6152
385 423 521 489 1073

1370 429 1470 488 DE
1520 428 2054 488 MONACHORUM
2097 427 2610 486 PIUESTAN'I‘IA.

3514 416 3646 482 10ῖεὶ

381 531 598 600 καὶτὴν
633 537 855 606 μνήμην
897 533 1125 604 τρίὸειν,
1166 533 1260 586 καὶ
1305 535 1595 604 μαλάττειν
1631 529 1804 587 ταῦτα
1872 535 1949 587 δι-

2064 535 2270 604 quidcm
2303 535 2447 588 velut
2493 532 2694 586 cremia
2739 530 3064 585 irritatorias
3089 538 3380 600 congregat
3417 531 3646 598 species,

380 624 608 696 ηνεκῶς’
640 622 782 676 οὕτω
815 623 921 692 γὰρ
977 625 1008 693 ή
1049 621 1170 690 δψις
1206 623 1294 676 διὰ
1322 622 1431 675 τῶν
1474 623 1653 694 μέσων
1694 623 1961 676 essum:

380 713 624 781 πρόεισιν
658 713 735 774 είς
768 712 865 780 τὴν
893 710 1012 763 κατ’
1052 711 1336 779 ἐνέργειαν
1365 711 1638 781 ἁμαρτίαν
1674 728 1952 779 κοινοπρα-

388 804 473 873 γίᾳ
501 803 605 854 τῶν
629 802 934 872 είρημένων
971 801 1324 870 τελειουμένη
1369 803 1591 870 μορίων·
1631 802 1724 854 καὶ
1750 802 1809 855 τὸ
1834 819 1961 855 συν-

380 895 532 960 άγειν
560 893 615 944 δὲ
646 892 899 962 καλάμην
933 894 1011 954 εἰς
1041 893 1219 961 ἄχυρα
1241 933 1254 954 ,
1293 894 1390 962 τῆς
1421 896 1476 945 ἐν
1509 892 1770 963 Αἰγύπτῳ
1808 893 1958 946 πλιν-

378 984 526 1043 θείας
560 981 668 1032 τῶν
715 983 1090 1054 ρεμϐομένων,
1148 985 1242 1036 καὶ
1296 984 1353 1036 ού
1417 983 1524 1036 τῶν
1579 983 1962 1055 ἡσυχαζόντων

378 1073 511 1128 ἐστί.

960 1372 1140 1425 ΚΕΦᾹ
1152 1375 1214 1427 Λ.
1267 1375 1368 1428 IA'.

447 1483 675 1548 Συνάγει
703 1484 819 1554 τγὰρ
887 1485 981 1537 καὶ
1014 1485 1163 1537 ἄκων
1193 1487 1222 1538 ὁ
1269 1485 1500 1556 πλήθεσι
1546 1487 1964 1557 συμφυρόμενος

376 1574 702 1642 ἀδιαφόρως,
732 1575 830 1634 τὰς
869 1574 1154 1645 ποιητικὰς
1191 1575 1320 1638 ὔλας
1361 1579 1464 1645 τῆς
1513 1576 1784 1644 ἁμαρτίας
1808 1619 1822 1640 ,
1869 1581 1962 1632 καὶ⁸

385 1663 464 1714 τὸν
494 1661 661 1733 ἀργὸν
699 1662 794 1714 τοῦ
838 1662 1043 1724 πάθους
1083 1663 1164 1725 είς
1204 1661 1366 1715 κύϐον
1401 1661 1727 1732 σχηματίζει
1769 1662 1959 1730 πηλὸν,

381 1753 618 1821 ἄμορφον
659 1752 786 1805 ὄντα
837 1753 958 1804 καθ’
1004 1753 1220 1813 ἑαυτὸν,
1274 1752 1368 1804 καὶ
1424 1756 1619 1823 τρανὸν
1667 1753 1838 1806 τύπον
1890 1756 1957 1824 τῇ

379 1842 574 1914 μελέτῃ
605 1843 709 1895 τῶν
748 1843 814 1895 δι’
844 1843 1146 1913 αἰσθήσεως
1187 1843 1775 1912 εἰδωλογραφουμένων
1803 1844 1958 1913 δεχό-

377 1949 556 2000 μενον.
593 1934 633 1983 Τ
637 1933 665 1984 ὸ
704 1933 802 2002 μὲν
840 1933 949 2002 γὰρ
974 1932 1143 1996 πάθος
1171 1931 1268 2002 τὴν
1301 1934 1534 2002 φυσικὴν
1571 1933 1746 2004 ὁρμὴν
1788 1937 1956 1987 κινεῖν

376 2021 477 2076 οἶδε
505 2025 686 2093 μόνον,
719 2025 811 2076 καὶ
835 2024 1040 2092 ταύτην
1068 2025 1457 2095 ἀσθενέστερον
1491 2024 1565 2095 μὴ
1593 2026 1959 2094 συνεργουμέο

378 2128 468 2180 νην
496 2115 614 2175 ταῖς
642 2113 840 2176 ἔξωθεν
867 2113 1022 2176 ὕλαις
1051 2131 1063 2144 ·
1092 2114 1220 2168 ὅταν
1261 2114 1318 2167 δὲ
1348 2116 1561 2184 μορφάς
1586 2116 1798 2185 λίχνους
1817 2157 1831 2182 ,
1864 2121 1958 2169 καὶ

376 2204 653 2272 artari-‘15:;
685 2205 962 2276 προσλάϐῃ
991 2204 1318 2275 ὡρισμένοις
1347 2209 1454 2260 τῶν
1487 2207 1761 2276 αἰσθητῶν
1786 2226 1958 2279 χαρα-

376 2294 569 2364 κτῆρσι
620 2295 836 2364 κατέχει
895 2296 990 2349 τὸν
1051 2296 1310 2367 λογισμὸν
1364 2283 1739 2367 πεπεδημένον
1775 2338 1789 2360 ,
1845 2296 1957 2352 οἷον

376 2385 566 2454 θύμος,
596 2388 686 2438 καὶ
720 2387 1001 2458 ἐπιθυμία,
1035 2389 1195 2460 ἡδονή
1257 2407 1315 2443 τε
1349 2391 1445 2446 καὶ
1490 2390 1653 2460 λύπη.
1700 2391 1957 2461 δυνάμεις

377 2477 511 2527 εἰσὶν
549 2476 866 2543 ἠρεμοῦσαι,
892 2477 985 2529 καὶ
1007 2475 1143 2540 εἶδος
1176 2480 1276 2531 ούκ
1307 2479 1525 2549 ἔχουσαι
1559 2482 1687 2550 πρὶν
1718 2482 1955 2552 εὐπορή-

378 2582 560 2642 σουσιν
617 2565 747 2636 ὕλης
796 2568 1166 2639 διεγειρούσης
1234 2573 1370 2638 πρὸς
1416 2571 1513 2642 τὴν
1563 2573 1961 2626 ἐπιϐάλλουσαν.

373 2656 656 2724 ἐνέργειαν
689 2674 702 2688 ο
737 2658 829 2710 ἐὰν
857 2659 912 2729 δὲ
942 2659 1284 2732 λυπήσαντος
1309 2665 1406 2730 μὲν
1426 2663 1502 2732 τῷ
1534 2663 1710 2734 θυμῷ,
1729 2665 1958 2734 τέρψαν-

377 2766 466 2811 τος
492 2749 547 2800 δὲ
577 2752 639 2820 τῇ
672 2751 956 2822 ἐπιθυμία,
1001 2755 1096 2808 καὶ
1126 2757 1233 2807 τῶν
1265 2757 1438 2810 ἄλλων
1465 2759 1672 2829 ἑκάστη
1704 2762 1736 2830 ἡ
1768 2761 1958 2830 αἴσθη-

377 2858 459 2902 σις
485 2842 583 2911 τὴν
620 2844 953 2914 κατάλληλον
1005 2850 1292 2919 εἰσενέγκῃ
1342 2851 1554 2921 μορφὴν
1593 2840 1754 2921 ἔργον
1801 2853 1957 2906 δίδω-

379 2948 459 2981 σιν
493 2933 704 2996 αὐταῖς,
735 2934 830 2984 καὶ
862 2935 1090 3004 μελέτην
1130 2938 1316 3000 ἀΐδιον,
1351 2939 1585 3009 ὁρώσαις
1617 2941 1820 3004 τύπους
1850 2943 1957 2996 τῶν

375 3018 727 3086 ἑρεθιζύντων
764 3024 856 3075 καὶ
900 3028 997 3092 τὴν
1034 3025 1338 3095 ὑπόμνησιν
1371 3029 1594 3098 ἐμπαθῆ
1637 3028 1955 3095 ποιούντων,

374 3110 464 3162 καὶ
487 3109 606 3162 λίαν
629 3112 917 3183 ἀργαλέον.
943 3116 1040 3167 Διὰ
1069 3115 1224 3169 τοῦτο
1257 3117 1418 3170 καλὸν
1445 3121 1477 3188 ἡ
1513 3121 1712 3190 ἡσυχία
1735 3164 1748 3186 ,
1787 3122 1869 3175 ὃτι
1899 3124 1958 3176 τὸ

2065 623 2500 693 concupiscentia
2534 638 2658 675 vero
2686 622 2738 674 in
2759 621 2890 690 ipsis
2921 622 3286 675 vehementem
3316 621 3494 690 ignem
3531 637 3652 676 snc-
3701 621 3706 652 ³

2063 716 2260 780 οινιιιιᾷι,
2282 727 2334 768 et
2350 717 2492 784 quod
2519 715 2776 767 memoria
2795 714 3013 778 terit,ae
3037 720 3329 781 pertractat
3351 713 3454 766 ista
3475 715 3648 767 conti-

2067 823 2171 860 nue
2198 824 2212 870 ;
2253 822 2330 861 src
2356 821 2588 876 namque
2619 807 2766 860 visus
2788 821 2882 874 per
2906 805 3081 859 media
3109 804 3209 858 sibi
3231 804 3369 856 viain
3398 813 3646 858 sternens

2066 897 2408 965 progreditur
2438 897 2502 950 ad
2527 896 2742 950 actuale
2776 903 3084 965 peccatum,
3111 895 3377 948 dictarunt
3411 899 3643 962 partium

2065 989 2468 1057 conspiratione
2525 989 2592 1042 ad
2647 987 2807 1042 linem
2841 987 3176 1056 perductus:
3237 973 3410 1056 388‘
3430 986 3560 1054 quin
3594 996 3648 1039 et

2065 1069 2398 1150 congregare
2430 1080 2686 1148 stipulam
2715 1079 2782 1132 ad
2813 1080 3238 1146 paleas,spcetat
3273 1075 3338 1128 ad
3374 1076 3641 1129 fictionem

2069 1171 2295 1225 laterum
2335 1185 2548 1237 eorum,
2583 1170 2677 1240 qui
2714 1170 2767 1224 in
2803 1169 3034 1239 Egypto
3067 1167 3423 1238 vagabantur,
3459 1176 3642 1222 etnon

2064 1260 2480 1328 adquiescentes
2502 1261 2554 1314 in
2585 1259 2822 1314 silentio.

2655 1365 2883 1422 CAPUT
2937 1364 3029 1419 XI.

2134 1480 2270 1536 Nam
2322 1489 2616 1550 congregat
2644 1479 2807 1535 etiam
2842 1478 3067 1536 invitus.
3123 1476 3215 1546 qui
3273 1475 3643 1530 multitudini-‘

2067 1571 2168 1626 bus
2204 1569 2574 1624 indifferenter
2604 1569 3016 1630 commiscetur,
3054 1567 3314 1620 materias
3356 1577 3642 1634 operantes

2066 1670 2368 1732 peccatum,
2401 1672 2453 1717 et
2478 1663 2715 1716 otiosum
2742 1659 3014 1731 passionis
3046 1659 3217 1712 lutum
3249 1659 3300 1711 in
3330 1658 3526 1713 cubum
3565 1656 3646 1712 ef—

2066 1753 2282 1817 format,
2305 1753 2450 1822 quod
2481 1754 2778 1807 secundum
2804 1767 2863 1807 se
2888 1752 3063 1820 ipsum
3091 1757 3174 1804 est
3191 1749 3442 1813 informe,
3467 1747 3644 1817 quod-

2063 1857 2169 1914 que
2203 1843 2551 1898 m‘editatione
2576 1842 2808 1912 suscipit
2837 1842 3251 1910 impressionem
3296 1839 3637 1908 perspicuam

2059 1949 2270 1998 eorum,
2301 1949 2422 2003 qua:
2448 1934 2499 1986 in
2528 1932 3056 1988 simulacrafuerunt
3078 1946 3174 2001 per
3199 1944 3417 1985 sensum
3445 1916 3640 1982 efficta.

2059 2023 2457 2093 Passioquippe
2479 2023 2654 2078 solum
2675 2021 2822 2076 novit
2837 2033 3053 2076 movere
3067 2017 3366 2074 naturalem
3382 2019 3452 2072 im
3461 2026 3639 2087 petum

2058 2125 2199 2170 eteo
2225 2115 2478 2178 debilius,
2506 2129 2613 2183 quo
2632 2113 2813 2167 minus
2835 2112 2934 2182 ipsi
2963 2119 3328 2180 coeperantur
3349 2109 3643 2164 exteriores

2061 2205 2332 2269 materiae;
2395 2204 2613 2273 quando
2671 2217 2802 2257 vero
2831 2202 3149 2257 libidinosas
3200 2213 3252 2255 et
3297 2199 3634 2269 deceptrices

2061 2295 2265 2350 formas
2293 2294 2613 2362 susceperit,
2639 2293 3014 2347 determinatis
3043 2289 3493 2362 impressiooibus
3518 2304 3643 2345 sen-
3733 2347 3740 2353 _

2060 2387 2300 2442 sibilinm
2335 2385 2539 2442 det-inet
2562 2384 2943 2452 cogitationem
2977 2383 3280 2438 devinctam
3317 2400 3330 2434 :
3374 2381 3642 2450 EjllSIHOtli

2060 2488 2183 2532 sunt
2215 2477 2312 2539 ira,
2349 2484 2400 2528 et
2426 2474 2720 2543 cupiditas.
2759 2473 3028 2542 voluptas,
3091 2488 3160 2528 ac
3201 2472 3480 2534 mmstitia,
3521 2486 3643 2540 qua:

2062 2576 2191 2622 sunt
2221 2566 2506 2620 facultates
2537 2565 2904 2633 quiescentes,
2939 2571 2996 2617 et
3023 2563 3262 2632 speciem
3295 2577 3406 2615 non
3441 2561 3644 2614 haben-

2061 2669 2488 2726 tes,-anteqnam
2539 2656 2673 2725 ipsis
2726 2650 2980 2724 Suppetat
3015 2653 3258 2707 materia:
3311 2653 3462 2720 copia
3495 2651 3643 2704 exci-

2066 2752 2230 2805 tantis
2263 2751 2327 2803 ad
2359 2751 2716 2818 pertinentem
2747 2746 3036 2811 eﬂ'ectum;
3075 2745 3159 2800 sin
3201 2756 3381 2799 autem
3416 2742 3644 2812 quilibet

2063 2857 2278 2901 sensus,
2327 2841 2440 2895 sive
2474 2839 2594 2909 ejus
2633 2840 2727 2906 qui
2769 2839 2914 2892 dolet
2958 2837 3162 2900 animo,
3196 2836 3311 2892 sive
3366 2837 3484 2904 ejus
3549 2835 3643 2906 qui

2062 2929 2505 2998 concupiscentia
2549 2928 2866 2990 delectatur,
2934 2935 2987 2980 et
3018 2923 3640 2992 aliorumhujuscemodi

2064 3034 2356 3088 congruam
2385 3017 2626 3070 intulerit
2664 3016 2914 3079 formam,
2947 3015 3061 3068 haec
3091 3029 3226 3082 opus
3257 3013 3479 3068 facessit
3509 3013 3642 3083 ipsis

2067 3109 2339 3174 sensibus,
2381 3117 2433 3160 et
2462 3105 2738 3160 assiduam
2772 3106 2970 3172 prabet
3020 3104 3450 3165 meditationem,
3509 3102 3638 3155 dum
3665 3138 3678 3156 ς

373 3202 608 3270 βλάπτον
659 3205 755 3272 ούχ
797 3206 1006 3274 ὁρᾶται,
1052 3206 1111 3259 τὺ
1160 3208 1218 3260 δὲ
1261 3210 1361 3262 οὐκ
1407 3209 1600 3278 ὀραθὲν
1643 3212 1704 3264 ού
1743 3211 1957 3281 δέχεται

2064 3201 2334 3271 aspiciunt
2388 3196 2776 3268 impressiones
2823 3211 3002 3250 rerum
3043 3211 3165 3266 qua:
3215 3194 3463 3258 irritant,
3494 3209 3642 3261 quae-

371 3295 599 3348 διάνοιασ
633 3295 693 3348 τὸ
727 3296 782 3349 δὲ
829 3299 905 3367 μὴ
940 3299 1230 3367 γενόμενον
1273 3303 1330 3353 ἐν
1374 3301 1567 3373 ταύτῃ,
1609 3304 1666 3356 ού
1715 3308 1858 3358 κινεῖ
1891 3310 1956 3376 τῇ

373 3386 644 3456 φαντασία
677 3387 775 3457 τὴν
813 3389 1054 3457 μνήμην,
1106 3390 1164 3442 τὸ
1205 3391 1260 3443 δὲ
1294 3391 1367 3462 μὴ
1399 3392 1581 3446 κινοῦν
1602 3394 1704 3462 ’τὴν
1738 3397 1958 3466 μνήμην

373 3478 473 3528 οὐκ
501 3479 734 3546 ἑρεθίζει
772 3480 830 3531 τὸ
855 3481 1041 3544 πάθος
1077 3483 1282 3546 πάθους
1312 3485 1373 3536 ού
1408 3486 1755 3552 κινουμένου,
1787 3489 1956 3560 γαλή-

377 3586 473 3636 νην
511 3568 622 3637 ἔχει
656 3570 908 3640 βαθεῖαν,
956 3575 1050 3626 καὶ
1098 3575 1318 3644 εἰρήνην
1357 3575 1425 3628 τὰ
1469 3576 1637 3630 ἔνδον.
1672 3578 1770 3632 Διὰ
1799 3579 1956 3633 τοῦτο

377 3659 616 3727 Μωῦσῆς
652 3659 680 3710 ὁ
705 3660 997 3728 πάνσοφος,
1032 3664 1210 3716 καίτοι
1255 3664 1514 3733 φροντίδα.
1553 3665 1641 3718 τοῦ
1678 3667 1808 3721 λαοῦ
1848 3669 1956 3722 τῶν

386 3750 673 3815 Ἰουδαίων,
711 3755 804 3806 καὶ
831 3755 1169 3824 ἐπιμέλειαν,
1202 3755 1357 3825 ἔχων,
1381 3755 1580 3820 ἔξωθεν
1611 3759 1708 3828 τῆς
1740 3778 1955 3831 παρεμ-

338 3838 553 3908 ’ϐολῆς.
619 3843 713 3895 καὶ
762 3843 965 3896 ἄποθεν
1014 3845 1082 3897 τὰ
1133 3845 1302 3898 πολλὰ
1357 3847 1456 3916 τὴν
1507 3848 1702 3901 ἑαυτοῦ
1753 3851 1956 3922 σκηνοὴν

371 3932 664 3998 ἐπήγνυτο,
713 3932 933 4001 φεύγων·
968 3934 1042 3997 ὼς
1071 3933 1181 3988 οἷόν
1209 3954 1266 3988 τε
1295 3931 1362 4006 ἦν
1397 3935 1495 4006 τὴν
1524 3937 1583 3989 ού
1612 3939 1958 4010 καθήκουσαν

369 4021 592 4088 ὄχλησιν
624 4023 715 4075 καὶ
738 4024 912 4087 διδοὺς
935 4026 1168 4096 ἠρεμίαν
1200 4027 1278 4096 τῷ
1305 4026 1554 4097 λογισμῷ
1590 4029 1725 4101 πρὸς
1751 4029 1812 4083 τὸ
1833 4031 1960 4084 σκέ-

373 4108 600 4174 ψασθαι,
634 4112 727 4163 καὶ
750 4111 950 4179 γνῶναι
984 4115 1090 4166 τῶν
1119 4117 1183 4184 τῇ
1215 4114 1362 4186 ψυχῇ
1394 4115 1704 4187 χρησίμων.

2062 3309 2166 3362 que
2223 3289 2687 3346 reminiscentiam
2724 3287 2963 3358 passioni
3019 3287 3307 3342 obnoxiam
3373 3301 3436 3340 ac
3489 3286 3640 3340 valde

2067 3385 2352 3440 molestam
2413 3382 2672 3438 efﬁciunt.
2713 3381 2842 3436 Eam
2875 3381 2944 3436 ob
2969 3396 3082 3435 rem
3117 3381 3439 3450 prmclarum
3477 3378 3638 3448 quid-

2060 3477 2184 3530 dam
2237 3483 2321 3529 esl
2369 3473 2546 3544 quies,
2580 3489 2643 3528 ac
2687 3473 2986 3536 silentium,
3039 3474 3164 3544 quia
3197 3489 3302 3526 non
3352 3471 3640 3542 inspicitur

2059 3566 2202 3636 quod
2227 3565 2390 3630 laedit,
2416 3565 2560 3634 quod
2597 3579 2702 3619 non
2724 3580 2850 3620 vero
2882 3574 2966 3620 est
2987 3565 3187 3630 visura,
3211 3565 3517 3620 intellectus
3536 3578 3640 3618 non

2060 3659 2257 3726 excipit
2286 3676 2299 3724 ;
2331 3659 2476 3727 quod
2508 3665 2689 3710 autem
2727 3672 2834 3721 non
2882 3659 2938 3712 fit
2964 3658 3017 3711 in
3071 3660 3208 3728 ipso,
3239 3673 3345 3712 non
3395 3672 3640 3712 commo-

2061 3762 2144 3804 vet
2181 3748 2567 3819 imaginatione
2591 3749 2932 3811 memoriam,
2952 3758 3005 3801 et
3034 3752 3176 3822 quod
3208 3764 3313 3802 non
3339 3758 3639 3802 commovet

2079 3843 2417 3907 niemoriam,
2454 3857 2557 3896 non
2590 3842 2765 3895 irritat
2804 3841 3132 3909 passionem,
3183 3837 3349 3910 389
3395 3843 3651 3909 passione

2066 3934 2288 3988 minime
2319 3943 2612 3998 c0mmota,
2651 3933 2909 3988 interiora
2949 3932 3336 4001 tranquillitate
3373 3930 3641 3999 profunda

2061 4040 2124 4079 ac
2157 4041 2287 4096 pace
2318 4025 2594 4080 fruuntur.
2646 4024 2769 4079 Ideo
2791 4023 3002 4095 Moyses
3043 4023 3192 4077 omni
3222 4023 3488 4092 sapientia
3508 4039 3640 4092 prae-

2062 4119 2228 4184 ditus,
2258 4119 2383 4174 licet
2412 4117 2590 4187 pepuli
2619 4115 2931 4172 Judaeorum
2973 4132 3182 4180 curam,
3230 4126 3282 4171 et
3310 4117 3635 4172 sollicitudi-

376 4213 499 4253 nem
538 4211 764 4270 gereret,
812 4211 964 4258 extra
1010 4209 1567 4273 castrametationem,
1602 4217 1656 4263 et
1697 4210 1981 4280 sejunctim
2020 4212 2426 4268 tabernaculum
2473 4226 2632 4266 suum
2692 4225 3065 4280 szepenumero
3111 4208 3396 4280 defigebat,
3432 4208 3640 4277 fugiens

374 4291 556 4356 quoad
594 4303 802 4361 poterat
830 4296 1302 4354 tumultuationem
1338 4301 1654 4366 indebi’tam,
1683 4310 1734 4356 et
1764 4304 2008 4370 praebens
2039 4302 2355 4374 cogitationi
2390 4303 2654 4373 quietem,
2678 4302 2745 4357 ad
2772 4300 3154 4372 perpendenda
3185 4309 3238 4356 et
3274 4301 3640 4369 dignoscenda

373 4399 496 4450 qua:
529 4396 684 4440 erant
712 4389 906 4443 animm
935 4391 1107 4444 utilia.

973 4501 1226 4556 ΚΕΦΛΛ.
1253 4504 1351 4560 IB'.

447 4611 544 4664 Διά
582 4611 744 4664 τοῦτο
792 4611 998 4684 Ἰησοῦς
1041 4617 1070 4667 ὁ
1112 4616 1205 4668 τοῦ
1249 4619 1406 4688 Ναυῆ
1453 4621 1553 4673 οὐκ
1601 4623 2036 4705 ἐξεπορεύετο-ι)

374 4700 480 4763 ἔξω
517 4701 617 4768 τῆς
644 4704 871 4772 σκηνῆς,
913 4702 1011 4765 τὰς
1051 4705 1317 4777 ἀκαίρους
1361 4709 1461 4778 τῆς
1487 4709 1662 4780 ὄψεως
1694 4712 1960 4784 ἐκτρεπό-

378 4810 537 4857 μενος
566 4795 848 4864 ἐπηρείας.
878 4797 976 4850 Διὰ
1000 4797 1158 4851 τοῦτο
1188 4800 1369 4864 Ἠυλίας
1393 4804 1511 4871 μὲν,
1536 4805 1630 4856 καὶ
1658 4804 1960 4864 Ἐλισσαῖος

374 4883 769 4948 καταλιπόντες
814 4887 911 4956 τὴν
963 4887 1242 4955 Ἰουδαίαν,
1285 4889 1463 4961 ᾤκουν
1512 4895 1600 4948 τὸν
1638 4896 1958 4968 Κάρμηλον.

387 4975 640 5045 Ἰωάννης
691 4978 749 5030 δὲ
800 4979 866 5033 τά
919 4979 1268 5052 Ἰεροσόλυμα
1319 4984 1506 5051 φυγὼν
1561 4987 1842 5056 ὲνδιῃτᾶτο
1892 4989 1958 5058 τῇ

383 5065 572 5133 Ξρήμῳ
611 5065 901 5135 Ἰορδάνου.
947 5071 1222 5140 Ἱερεμίας
1259 5072 1314 5125 δὲ
1349 5075 1714 5144 κατεχόμενος
1745 5077 1960 5146 ἀνάγκη

378 5153 476 5220 τῆς
505 5157 861 5226 προφητείας,
903 5161 998 5213 καὶ
1023 5164 1122 5230 τὴν
1158 5164 1296 5232 μετὰ
1321 5163 1419 5216 τοῦ
1451 5167 1772 5237 παρανόμου
1824 5167 1960 5237 πλή-

376 5246 501 5306 ἕλους
527 5244 588 5296 ού
635 5247 820 5316 φέρων
859 5249 1136 5324 διαγωγὴν
1173 5253 1357 5320 ἔλεγεν
1399 5255 1718 5325 ὀδυρόμενος
1751 5273 1763 5285 ·
1801 5275 1819 5307 ι
1864 5258 1960 5320 Τίς

373 5333 536 5386 δώσει
579 5353 668 5405 μοι
698 5339 939 5410 σταθμὸν
967 5341 1198 5412 ἔσχατον
1233 5347 1289 5397 ὲν
1323 5348 1391 5414 τῇ
1417 5347 1630 5416 ἐρήμῳ,
1663 5347 1754 5400 καὶ
1789 5365 1957 5402 κατα-

374 5425 544 5492 λείψω
567 5427 656 5479 τὸν
680 5427 805 5485 λαὸν
825 5431 1037 5498 τοῦτον,
1067 5435 1156 5489 καὶ
1182 5435 1553 5506 ἀπελεύσομαι
1579 5439 1671 5488 ἀπ’
1699 5437 1909 5500 αύτῶνς
1941 5458 1957 5488 ι

375 5517 588 5585 θηρίοις
621 5525 890 5576 συνοικεῖν
918 5529 1032 5589 τοῖς
1063 5527 1163 5580 ούκ
1205 5527 1449 5581 ἀδικοῦσι
1479 5529 1654 5599 ψυχὴν
1703 5531 1958 5600 αἱρούμες

379 5625 466 5670 ‘19;
495 5610 714 5680 μᾶλλον,
740 5612 897 5684 ἢ“τὴν
919 5617 981 5669 ἐκ
1005 5617 1113 5671 τῶν
1137 5619 1411 5687 ὁμογενῶν
1430 5619 1702 5689 ρπονσαν
1721 5621 1959 5690 ἀναματ-

454 5807 491 5834 ¹τ
516 5805 716 5864 .let'cnt.
752 5828 828 5877 ιχ,
853 5815 905 5866 2.

2657 4507 2888 4564 CAPUT
2932 4505 3044 4562 XII.

2139 4622 2348 4677 Idcirco
2375 4619 2557 4689 Iesus,
2590 4621 2684 4692 qui
2729 4619 2877 4676 Nave
2905 4621 3323 4690 cognominatus
3376 4629 3480 4684 est,
3537 4636 3641 4675 non

2066 4710 2511 4780 progrediebatur
2554 4719 2708 4765 extra
2739 4709 3057 4775 tentorium,
3095 4709 3378 4763 declinans
3439 4710 3643 4778 impor-

2064 4810 2226 4856 tunos
2257 4800 2500 4856 insultus.
2535 4801 2792 4869 visionis;
2836 4801 2958 4856 ideo
3017 4799 3160 4856 Elias
3195 4816 3256 4854 ac
3291 4799 3518 4855 Elisseus
3547 4799 3639 4855 Ju-

2064 4892 2688 4963 daaamderelinquentes
2715 4892 3024 4947 Carmelum
3041 4892 3412 4945 inhabitabant
3436 4909 3451 4957 ;
3482 4891 3639 4946 Joan-

2065 5001 2164 5041 nes
2197 4999 2326 5040 vero
2358 4982 2732 5056 Hierosolyma
2767 4984 3030 5054 effugiens
3046 4983 3274 5052 degebat
3301 4984 3352 5037 in
3387 4983 3642 5038 Jordanis

2067 5075 2377 5129 solitudine.
2450 5073 2714 5129 Jeremias
2760 5084 2936 5127 autem
3007 5072 3331 5127 necessitate
3389 5073 3639 5128 detentus

2068 5164 2382 5233 prophetizr,
2416 5179 2515 5218 nec
2539 5164 2774 5217 tolerans
2802 5161 2932 5216 illud
2963 5161 3084 5215 vita:
3141 5177 3310 5231 genus
3357 5178 3480 5233 cum
3537 5165 3639 5218 im-

2068 5228 2531 5323 pia—multitmline
2557 5296 2570 5320 ,
2610 5253 2824 5307 dicebat
2848 5255 3070 5322 lugens:
3109 5228 3298 5318 «‘Quis
3332 5228 3482 5309 dabit
3511 5257 3638 5310 mihi

2069 5345 2429 5399 diversorium
2458 5346 2727 5398 viatorum
2787 5344 3036 5398 ultimum
3100 5343 3153 5397 in
3203 5345 3538 5402 solitudine?
3591 5361 3639 5401 ct

2071 5435 2444 5504 derelinquam
2468 5435 2724 5504 potiulum
2759 5435 3014 5497 istum,et
3040 5436 3287 5490 recedam
3311 5438 3377 5490 ab
3409 5437 3487 5491 eis
3527 5441 3588 5505 '7;
3621 5459 3635 5489 ι

2071 5529 2277 5599 eligens
2313 5529 2493 5598 potius
2525 5528 2838 5582 cohabitare
2862 5525 3149 5599 feris,qu:e
3175 5520 3374 5584 nullam
3407 5529 3638 5583 inferunt

2071 5622 2266 5677 animae
2292 5622 2569 5691 injuriam,
2620 5636 2779 5688 quam
2812 5636 2928 5674 eam
2982 5625 3242 5695 attingere
3275 5639 3492 5688 noxam,
3523 5638 3640 5691 qtzal:
