4046 6152
452 353 588 426 1975

1928 367 1992 434 S.
2030 367 2193 436 NIU

3563 362 3699 437 ιιι-ιθ

445 486 474 525 a
506 472 751 541 cognatis
776 474 1061 543 proserpit.
1096 474 1293 529 Verum
1337 473 1480 545 quod
1527 479 1703 545 majus
1762 486 1844 529 est
1908 492 2017 544 prze

2132 474 2305 527 τεσθαι
2337 474 2560 543 βλάϐην.
2592 475 2699 527 Καὶ
2730 474 2789 526 τὸ
2818 474 2883 543 δὴ
2917 476 3109 545 μεῖζον
3129 475 3408 538 ἁπάντων,
3432 473 3520 528 διὰ
3550 474 3707 534 τοῦτο

446 562 731 627 erunibus,
776 575 839 615 ea
861 561 927 615 de
956 573 1120 616 causa
1177 561 1441 618 Dominus
1492 561 1679 628 Jesus,
1723 562 1822 632 qui,
1867 563 2016 618 omni

446 665 588 704 non
621 651 869 720 superior
896 657 1007 716 est,
1029 652 1290 708 secedens
1318 669 1354 713 α
1373 652 1743 719 multitudine,
1771 653 1819 709 si
1842 670 2017 723 quan—

444 758 514 795 oo
543 743 803 811 temporis
836 745 1130 812 opportuni
1154 744 1493 799 vacationem
1527 753 1791 813 captaret,
1833 743 2017 797 diver-

446 835 667 888 sabatur
700 834 753 887 in
794 835 1203 898 solitudinibus,
1247 835 1351 898 bis,
1383 835 1475 904 qui
1513 835 1817 905 dijudicare
1871 836 2017 890 vale-

448 927 597 986 bant,
648 940 811 994 opere
868 926 1252 983 demonstrans
1307 928 1596 982 utilitatem
1658 927 1896 997 quietis;
1957 937 2015 981 ut

447 1014 813 1080 manifestum,
845 1025 897 1070 et
923 1026 1074 1071 extra
1110 1018 1536 1073 contr0versiam
1565 1018 1805 1087 undique
1843 1020 2013 1081 lieret,

444 1103 587 1172 quod
625 1105 729 1166 Itis,
765 1106 858 1175 qui
909 1106 1128 1161 vivendi
1166 1108 1385 1161 modum
1420 1108 1685 1161 trivialem
1726 1118 1779 1161 et
1809 1109 2015 1176 promi-

442 1208 636 1249 scuum
674 1205 1077 1261 consectantur,
1116 1198 1241 1252 licet
1274 1199 1537 1267 gravitate
1588 1207 1868 1272 prrestent,
1929 1208 2013 1253 ta-

442 1299 565 1338 men
605 1285 662 1347 ii,
692 1285 782 1354 qui
813 1286 976 1340 vitam
1033 1287 1432 1356 amplectuntur
1460 1287 1623 1358 390
1659 1289 2013 1343 monasticam

439 1384 496 1429 et
527 1391 741 1432 secessu
774 1387 1064 1441 remotam,
1109 1388 1232 1434 sunt
1280 1379 1637 1442 anteferendi,
1670 1379 1871 1447 quippe
1921 1380 2015 1448 qui

442 1467 665 1536 sopiunt
712 1469 896 1537 quiete
944 1470 1248 1538 passiones,
1279 1486 1416 1539 quas
1447 1471 1520 1524 illi
1582 1482 1806 1540 aspectu
1861 1472 2011 1527 alb-i-

440 1567 570 1611 cant
616 1559 845 1617 assiduo
862 1558 928 1614 ad
958 1561 1223 1629 aSperius,
1256 1568 1310 1614 et
1357 1560 1507 1614 nullo
1559 1561 1724 1616 modo
1758 1562 1863 1617 tale
1920 1579 2019 1615 no—

444 1657 759 1704 cumentum
790 1652 1148 1720 persentiunt,
1190 1667 1318 1707 cum
1347 1660 1560 1721 tempus
1598 1652 1858 1722 paulatim
1885 1652 2012 1707 illud

439 1748 718 1795 assuetum
752 1741 886 1811 ipsis
912 1742 1225 1807 reddiderit,
1264 1742 1429 1796 veluti
1471 1741 1675 1797 febrem
1726 1743 2012 1806 becticam,

2119 567 2146 618 ὁ
2175 566 2360 635 κύριος
2424 564 2650 635 Ἰησοῦς,
2694 566 2723 617 ὁ
2767 564 2973 637 βλάϐης
3018 567 3200 637 πάσης
3250 565 3522 638 ἀνώτερος
3550 607 3565 630 ,
3606 569 3705 621 τοῦ

2120 656 2357 727 πλήθους
2383 657 2703 726 ὑποχωρῶν,
2735 655 2917 710 εἴποτε
2940 656 3134 729 καιροῦ
3158 657 3250 712 ἅδε
3261 658 3343 721 ίας
3374 656 3703 720 ἐπιλάϐοιτο,

2119 750 2236 808 ταῖς
2259 748 2485 821 ἐρήμοις
2507 746 2824 818 ὲνδιέτριϐε,
2843 749 2901 802 τὸ
2928 751 3200 820 χρήσιμον
3219 750 3319 821 τῆς
3340 750 3567 820 ἡσυχίας
3591 750 3702 809 τοῖς

2118 838 2249 915 όρᾷν
2270 838 2596 909 ,δυναμένοις
2624 837 2771 908 ἔργῳ
2805 839 3153 909 παραδηλῶν,
3194 840 3344 903 ὅπως
3377 839 3537 909 δῆλον
3563 879 3578 902 ,
3610 843 3702 892 καί

2118 929 2510 1000 ἀναντίρρητον
2564 930 2791 1000 γένηται
2849 931 3134 995 πάντοθεν,
3175 934 3256 986 ὅτι
3300 930 3410 983 τῶν
3439 930 3529 993 τὸν
3572 931 3705 997 ἁγε-,

2118 1020 2266 1072 λαῖον
2295 1021 2387 1071 καὶ
2421 1000 2624 1088 μιγάδα
2652 1020 3086 1091 ὲπανῃρημένων
3131 1019 3267 1089 βίον,
3299 1019 3403 1072 κᾶν
3458 1012 3559 1070 ὦσι
3611 1034 3698 1071 σε·

2125 1108 2350 1179 μνότητι
2378 1109 2748 1179 διαφέροντες,
2766 1112 2815 1162 οἱ
2842 1111 3282 1180 τδνμοναστικὸν
3308 1112 3399 1164 καὶ
3420 1111 3696 1180 ἀναχωρηο

2127 1200 2290 1269 μένον
2343 1200 2750 1272 ἐπανῃρημένοι
2787 1201 2900 1271 βίον
2932 1203 3038 1254 εἰσὶ
3065 1202 3473 1271 προτιμότεροι,
3508 1192 3701 1255 κατευ-

2119 1287 2373 1353 νάξοντες
2402 1290 2600 1361 ἡσυχίᾳ
2627 1291 2696 1344 τὰ
2725 1292 2895 1363 πάθη,
2932 1293 3074 1363 ἅπερ
3098 1295 3164 1364 τῇ
3198 1292 3436 1364 διηνεκεῖ
3459 1291 3559 1363 θέα
3581 1294 3701 1344 ἑπι-

2117 1380 2397 1451 τρίϐουσιν
2426 1383 2626 1435 ἐκεῖνοι
2657 1384 2794 1451 πρὸς
2839 1384 2901 1437 τὸ
2924 1382 3331 1454 χαλεπώτερον,
3357 1383 3457 1445 ούκ
3488 1382 3568 1435 ἔτι
3606 1383 3703 1452 τῆς

2117 1470 2321 1542 βλάϐης
2344 1473 2744 1543 αἰσθανόμενοι,
2773 1474 2958 1545 ἐπειδὴ
2984 1475 3176 1545 χρόνος
3204 1473 3371 1545 αὐτὴν
3396 1473 3583 1541 ἔθιμον
3612 1473 3703 1525 αύες

2116 1564 2229 1624 τοῖς
2255 1564 2377 1623 κατ’
2414 1563 2594 1630 ὀλίγον
2623 1565 2845 1634 ἐποίησε
2872 1606 2884 1627 ,
2918 1564 3173 1634 καθάπερ
3204 1563 3421 1617 ἑκτικδν
3469 1563 3708 1633 πυρετὸν

2118 1656 2217 1709 οὐκ
2269 1655 2490 1709 ἀνιόντα
2543 1655 2771 1721 λοιπὸν,
2823 1657 2916 1709 καὶ
2960 1655 3059 1727 τὴν
3113 1654 3344 1724 δύναμιν
3401 1652 3705 1723 λεληθότως

2120 1745 2581 1800 ύπαναλίσκοντα.
2610 1746 2769 1801 Οὕτω
2793 1747 2883 1800 καί
2907 1764 2991 1810 τις
3018 1746 3227 1809 ἁπαλὸς
3250 1746 3466 1816 πρῶτον
3495 1745 3702 1814 γυμνὸς

441 1830 555 1884 sive
601 1822 956 1894 liabitualcin,
980 1845 1101 1898 quae
1132 1847 1406 1901 nunquam
1439 1830 1657 1893 desiuit.
1695 1831 1789 1886 sed
1846 1832 2015 1886 robur

2132 1836 2411 1890 ιπιϐαἰνων
2438 1840 2536 1906 τῆς
2571 1837 2676 1906 γῆς
2700 1838 2823 1891 οὐδὲ
2851 1839 2951 1907 τὴν
2988 1836 3259 1907 τυχοῦσαν
3284 1837 3509 1897 ἀλύπως
3546 1836 3706 1906 φέρει

444 1916 672 1972 latenter
711 1916 969 1978 absumit.
1006 1917 1097 1972 Sic
1126 1919 1286 1972 etiam
1315 1919 1580 1973 delicatus
1597 1919 2017 1987 aliquis,nudus

2132 1925 2450 1996 τραχύτητα·
2476 1926 2737 1991 τυλωθεὶς
2771 1927 2826 1980 δὲ
2865 1928 2965 1980 οὐκ
2984 1921 3126 1979 οἶδεν
3154 1926 3371 1997 ὀδύνην,
3400 1927 3504 1979 κᾶν
3535 1928 3703 1980 ἄκανθ-

444 2006 677 2073 primum
721 2023 884 2075 super
910 2019 1110 2077 terram
1136 2010 1394 2071 incedens
1426 2026 1533 2075 non
1566 2010 1672 2069 fert
1692 2010 2014 2067 ’obvenien-

2118 2017 2229 2081 θαι,
2269 2018 2365 2071 καὶ
2389 2018 2652 2081 σκόλοπες
2671 2059 2687 2084 ,
2723 2019 2818 2073 καὶ
2842 2014 2963 2090 ἦλοι
2992 2016 3317 2089 ἐμπαρῶσιν
3349 2017 3492 2082 ὀξεῖς
3511 2058 3524 2080 ,
3553 2016 3703 2069 οὐδε-

444 2109 549 2157 rem
582 2100 925 2167 asperitatem
958 2100 1164 2171 absque
1188 2101 1405 2166 dolore;
1432 2119 1554 2160 eum
1585 2114 1763 2158 autem
1788 2104 2023 2160 callosus

2132 2105 2195 2168 »ὸς
2252 2106 2356 2170 ἕως
2412 2107 2512 2176 τῆς
2570 2106 2751 2176 ζώσης
2814 2108 3108 2176 φθάνοντος
3171 2106 3396 2175 σαρκὸς,
3460 2106 3544 2157 ὅτι
3605 2104 3702 2172 τῆς

441 2188 703 2254 evaserit,
723 2189 962 2246 dolorem
998 2207 1105 2245 non
1138 2194 1303 2248 sentit
1329 2194 1521 2259 ullum,
1548 2195 1797 2264 quamvis
1827 2195 2017 2264 spiml’.

442 2277 649 2339 surculi
681 2289 735 2333 et
763 2280 899 2337 clavi
929 2283 1184 2351 praeacuti
1223 2284 1493 2351 intersint,
1530 2285 1680 2338 nullo
1718 2284 1788 2338 ad
1839 2285 2014 2339 vivam

2111 2198 2320 2267 νεκρᾶς
2353 2198 2454 2252 οὐκ
2498 2197 2742 2264 ἔλαττον,
2779 2201 2811 2269 ἡ
2856 2198 3260 2270 σκληρυνθεῖσα
3300 2197 3398 2267 τὴν
3445 2195 3703 2266 αἴσθησιν

2121 2286 2374 2341 ἀπέθετο.

444 2384 616 2442 usque
645 2386 863 2431 carnem
887 2374 1255 2444 perveniente,
1314 2376 1445 2447 quia
1512 2390 1643 2436 caro,
1691 2393 1813 2449 qua:
1843 2379 2094 2435 indurata
2131 2387 2237 2444 est.
2304 2383 2721 2443 sensibilitatem
2799 2383 3068 2452 deposuit,
3103 2398 3211 2439 non
3281 2384 3464 2440 minus
3541 2397 3704 2455 quam

444 2471 681 2525 mortua.

1024 2652 1253 2709 CAPUT
1290 2653 1426 2709 XIII.

514 2781 698 2849 Quare
730 2799 860 2855 ergo
892 2796 1087 2856 putant
1121 2804 1230 2842 non
1263 2788 1382 2843 laedi
1437 2803 1555 2851 eos,
1595 2789 1685 2859 qui
1744 2788 2014 2859 praelonga

445 2873 724 2930 laesionem
762 2862 997 2945 patiendi
1058 2880 1453 2935 consuetudine
1516 2895 1624 2933 non
1666 2881 1902 2950 amplius
1927 2881 2015 2934 la:-

445 2969 686 3029 dentium
714 2982 1097 3035 nocunteulum
1133 2972 1517 3042 perseutiuut?
1561 2972 1753 3053 Quale
1783 2988 2017 3043 namque

2726 2653 2975 2708 ΚΕΦᾹΛ.
3008 2655 3103 2709 II";

2193 2785 2261 2838 Τί
2292 2780 2386 2840 οῦν
2411 2787 2513 2840 οὐκ
2538 2787 2839 2841 ἀδικεῖσθαι
2871 2791 3153 2860 νομίζωσι
3178 2793 3302 2854 τοὺς
3319 2792 3383 2860 τῇ
3415 2788 3581 2859 πολλῇ
3603 2787 3710 2847 τοῦ

2123 2877 2426 2931 ἀδικεῖσθαι
2455 2877 2715 2949 συνηθείᾳ
2740 2879 2927 2932 οὐκέτι
2955 2880 3056 2949 τῆς
3081 2879 3190 2933 τῶν
3220 2879 3544 2935 ἀδικούντων
3577 2878 3709 2949 βλά·,

2124 2968 2226 3039 ϐης
2268 2968 2734 3037 αἰσθανομένουςς
2766 2968 2876 3020 Ποῦ
2914 2968 3024 3040 γὰρ
3049 2972 3240 3040 καιρὸν
3273 2968 3387 3040 ἔχει
3431 2970 3465 3040 ἡ
3502 2969 3711 3025 διάνοια

448 3073 659 3130 trnqu
699 3063 856 3118 habet
885 3062 1191 3127 intellectus
1217 3063 1591 3133 dignoscendi,
1626 3046 1769 3134 quod
1818 3079 2014 3118 noxam

2132 3061 2219 3130 τῆς
2246 3059 2424 3129 ὅψεως
2465 3058 2639 3112 διόλου
2679 3060 3035 3129 περισπώσης
3085 3061 3256 3130 αὐτὴν
3290 3061 3418 3131 περὶ
3461 3060 3533 3114 τὰ
3572 3058 3709 3131 ὁρώ-

446 3153 627 3217 alTerl.
657 3155 865 3221 visione
906 3158 1144 3211 totaliter
1173 3157 1512 3214 distraltcnte
1544 3157 1608 3211 al
1640 3173 1701 3211 ea
1763 3172 1885 3225 qua:
1938 3156 2018 3208 vi-

447 3246 665 3309 dentur,
697 3249 896 3328 quippe
919 3249 1011 3328 qui
1053 3259 1175 3325 eget
1202 3251 1484 3305 vacatione
1512 3248 1579 3304 ad
1619 3249 1669 3301 id
1718 3257 2018 3318 supputati—

448 3336 621 3391 dum?
652 3336 811 3391 Modo
842 3339 1070 3417 suscipit
1113 3339 1279 3397 hasce
1320 3340 1546 3402 formas,
1592 3349 1644 3393 et
1687 3339 1850 3410 paulo
1905 3347 2026 3406 post

449 3429 607 3492 alias,
644 3439 697 3482 et
723 3430 1120 3497 sulisequenter
1145 3430 1363 3489 alteras,
1400 3445 1464 3484 ac
1489 3429 1743 3499 deinceps
1779 3444 2025 3503 quasque

449 3527 820 3583 occurrentes,
864 3529 917 3572 et
971 3520 1224 3573 omnibus
1288 3529 1380 3573 aut
1433 3520 1693 3589 pluribus
1739 3520 2025 3581 oblectata,

452 3610 738 3677 eujusnam
790 3609 1209 3668 delectationem
1246 3610 1402 3662 ducet
1448 3610 1727 3663 laesionem
1778 3625 1924 3668 esse.
1974 3620 2027 3663 et

452 3698 798 3766 quandonam
828 3698 1044 3753 vacabit
1072 3698 1240 3768 ipsius
1275 3698 1556 3769 detergere
1590 3698 2024 3766 inquinationem

453 3806 580 3845 rum
648 3805 745 3845 nec
792 3806 1036 3864 unquam
1097 3790 1301 3854 videre,
1351 3791 1495 3859 quod
1549 3790 1867 3860 inquinatus
1920 3798 2027 3852 est,

455 3881 671 3952 possit?
725 3879 917 3934 Nonne
940 3890 994 3935 et
1052 3881 1104 3934 ln
1160 3881 1669 3943 conversationibus
1734 3896 1829 3950 per
1884 3880 2026 3935 diem

457 3972 707 4027 tntnroris
736 3971 1096 4035 obliviscitur,
1131 3972 1223 4041 qui
1257 3980 1468 4032 tuusrct,
1517 3980 1571 4025 et
1604 3971 1903 4041 languoris,
1936 3968 2029 4039 qui

457 4072 701 4134 agt-mat,
742 4071 796 4118 et
839 4062 1066 4130 doloris,
1104 4065 1197 4133 qui
1250 4064 1548 4118 convulsus
1593 4062 1750 4133 391
1790 4072 1873 4116 est
1905 4063 2030 4127 illo;

457 4171 583 4215 eum
630 4170 757 4209 vero
815 4164 978 4209 noctu
1034 4156 1186 4210 solu’s
1250 4156 1631 4225 unusquisque
1681 4155 2025 4218 remanserit,

458 4248 729 4317 propriam
772 4248 938 4302 sentit
966 4248 1271 4317 passionem
1299 4250 1323 4300 ’ἰ
1358 4247 1543 4316 quiete
1571 4246 1828 4299 nimirum
1857 4246 2027 4300 otium

459 4339 591 4408 ipsis
622 4340 913 4409 praabente,
944 4355 1054 4410 quo
1084 4345 1549 4401 commoveantur,
1586 4346 1638 4391 et
1680 4337 1940 4393 eﬂieiente
1977 4346 2034 4392 ut

463 4431 536 4495 id,
571 4431 714 4501 quod
746 4441 873 4485 tunc
902 4447 1009 4484 non
1047 4430 1414 4499 perturbabat,
1451 4430 1696 4483 molestct
1748 4446 1761 4482 :
1812 4440 1862 4483 et
1893 4429 2036 4483 sicut

461 4522 753 4591 appetitus,
790 4536 914 4576 cum
949 4521 1021 4575 sit
1059 4527 1211 4575 satur
1244 4532 1297 4575 et
1328 4522 1598 4589 expletus,
1634 4520 1860 4575 assiduo
1885 4529 2035 4574 motu

462 4616 528 4669 aJ
566 4613 950 4683 appetendum,
1001 4612 1345 4666 saturitatem
1420 4627 1526 4669 non
1599 4611 1759 4666 habet
1808 4611 1862 4665 in
1919 4611 2030 4665 ltel-

466 4706 627 4760 Iuone
656 4719 870 4774 semper
890 4703 1103 4767 edente,
1134 4703 1214 4758 sic
1241 4703 1433 4758 otiosae
1465 4702 1868 4773 quodammodo
1919 4718 2042 4758 esse

465 4798 716 4851 videntur
745 4796 1031 4866 passiones
1076 4810 1185 4862 prae
1223 4811 1485 4850 sensuum
1517 4794 1584 4851 ad
1613 4796 1894 4851 sensibilia
1943 4811 2041 4851 oc-

466 4887 776 4957 cupatione,
826 4885 953 4939 dum
993 4886 1211 4955 proprio
1239 4897 1531 4941 arceantur
1581 4886 1817 4955 impulsu
1872 4903 1886 4939 :
1946 4886 2044 4939 ha-

468 4979 631 5033 beant
671 4993 800 5032 vero
857 4977 925 5031 ab
982 4987 1205 5031 externa
1232 4977 1640 5047 perturbatione
1677 4978 2040 5042 vacationem,

472 5083 639 5139 utque
688 5077 811 5139 post
868 5068 1175 5123 satietatem
1225 5067 1452 5137 penuria
1503 5068 1700 5122 fantem
1747 5068 1905 5136 parit,
1968 5068 2043 5121 ita

471 5161 757 5231 passiones
787 5160 1039 5220 sensibus
1069 5159 1335 5221 remissis,
1356 5158 1647 5227 insurgunt
1673 5158 1726 5210 in
1756 5157 2044 5225 quiescen-

474 5260 579 5304 tem
616 5244 771 5304 valde
806 5251 1070 5321 vigentes,
1123 5251 1469 5319 tuultnmque
1514 5248 1613 5317 ipsi
1678 5258 1896 5303 moveut
1957 5257 2045 5301 tu-

476 5342 705 5394 multum
735 5356 800 5394 ex
834 5340 935 5405 his,
977 5358 1097 5410 qme
1121 5342 1232 5411 jam
1290 5357 1355 5396 ex
1418 5340 1811 5396 consuetudine
1862 5341 2051 5395 insunt

478 5433 597 5485 illas
624 5432 691 5485 ad
728 5432 971 5500 praelium
1010 5433 1214 5487 formas
1240 5433 1291 5487 in
1341 5433 1518 5502 ipsum
1578 5434 1862 5501 arntando,
1910 5450 2049 5503 quas

478 5535 697 5591 aspectu
730 5540 1047 5593 percurrere
1086 5542 1143 5578 se
1176 5526 1399 5593 putabat
1458 5525 1661 5593 absque
1720 5526 1825 5580 ulla
1887 5543 2047 5590 noxa,

481 5628 604 5666 t'ltlll
647 5629 753 5665 non
784 5625 1097 5682 suppeteret
1134 5615 1183 5668 ei
1246 5624 1459 5683 tempus
1508 5616 1890 5685 rctniuiscettdi
1954 5618 2051 5672 dc-

486 5702 743 5766 trintcuti,
775 5705 916 5771 quod
952 5706 1053 5757 illa!
1085 5705 1349 5773 inﬂigunt,
1379 5706 1468 5774 qui
1514 5717 1641 5760 tunc
1671 5707 1719 5760 id
1770 5710 2047 5777 persentit,

486 5791 701 5861 quamlu
744 5801 897 5843 vacat
940 5810 1283 5861 cognoscere,
1363 5808 1410 5849 ct
1470 5798 1895 5854 anitnzulvcrlere
1958 5814 2039 5867 po-

2129 3163 2298 3216 μενα,
2337 3145 2544 3213 γνῶναι
2583 3145 2644 3199 τὸ
2677 3145 2901 3213 λυποῦν,
2954 3147 3140 3211 ἀδείας
3183 3148 3467 3220 χρῄζουσα
3514 3148 3715 3220 πολλῆς

2125 3241 2261 3313 πρὸς
2292 3241 2352 3295 τὸ
2381 3241 2699 3310 λογίσασθαι
2727 3242 2886 3295 τοῦτο
2912 3259 2928 3308 ;
2950 3243 3111 3311 Ἀρτι
3140 3243 3341 3304 ταύτας
3369 3243 3589 3313 δέχεται
3612 3244 3709 3304 τὰς

2130 3334 2364 3403 μορφὰς,
2398 3333 2490 3387 καὶ
2521 3335 2639 3403 μετ’
2664 3333 2845 3401 ὀλίγον
2872 3333 3059 3397 ἄλλας,
3088 3335 3185 3397 καὶ
3219 3331 3373 3400 αὖθις
3403 3336 3601 3405 ἑτέρας
3626 3334 3715 3388 καὶ

2127 3423 2255 3493 ἑξῆς
2290 3424 2388 3485 τὰς
2411 3423 2851 3499 παρατυχούσας,
2895 3424 2990 3476 καὶ
3027 3424 3229 3487 πάσαις
3272 3423 3306 3494 ἢ
3345 3427 3468 3486 ταῖς
3506 3423 3715 3476 πλείοσι

2127 3514 2437 3585 τερπομένη
2472 3514 2632 3576 ποίας
2678 3514 2778 3584 τὴν
2803 3513 2994 3585 τέρψιν
3029 3514 3238 3585 βλάϐην
3273 3516 3544 3592 ἡγήσεται
3565 3556 3581 3582 ,
3626 3515 3717 3567 καὶ

2131 3604 2384 3673 σχολάσει
2431 3604 2635 3673 ταύτης
2668 3605 3075 3677 ἀποτρίψασθαι
3115 3605 3206 3660 τὸν
3253 3606 3566 3678 μολυσμὸν,
3616 3607 3716 3671 ούδζ

2130 3698 2211 3749 ὃτι
2249 3696 2551 3767 μεμόλυται
2587 3697 2715 3750 ἰδεῖν
2740 3697 3014 3768 δυναμένη
3044 3699 3212 3763 ποτέ;
3246 3700 3317 3751 ’Ἡ
3345 3700 3468 3770 οὐχὶ
3489 3700 3588 3753 καὶ
3627 3700 3720 3766 τῆς

2132 3786 2330 3857 λύπης,
2364 3788 2391 3839 ὁ
2414 3787 2775 3857 λυπούμενος,
2803 3788 2899 3842 καὶ
2923 3791 2951 3841 ό
2977 3789 3147 3842 νοσῶν
3181 3790 3278 3860 τῆς
3308 3790 3467 3847 ἀνίας
3498 3792 3601 3843 καὶ
3626 3790 3719 3859 τῆς

2132 3876 2324 3945 ὀδύνης
2361 3879 2389 3928 ὁ
2434 3876 2719 3945 σπώμενος
2766 3877 2823 3928 ὲν
2858 3879 2982 3940 ταῖς
3031 3878 3344 3947 συντυχίαις
3381 3877 3450 3930 δι’
3503 3876 3719 3947 ἡμέρας

2135 3966 2567 4031 ἐπιλανθάνεται,
2589 3967 2853 4038 μονωθεὶς
2882 3967 2939 4020 δὲ
2956 3966 3172 4037 νύκτωρ
3192 3968 3422 4031 ἕκαστος
3447 3969 3505 4020 ὲν
3533 3966 3719 4036 αἰσθή-

2137 4073 2218 4109 σει
2250 4056 2344 4110 τοῦ
2384 4056 2590 4116 οἰκείου
2627 4057 2836 4124 γίνεται
2861 4056 3101 4124 πάθους;
3131 4058 3230 4125 τῆς
3264 4060 3497 4127 ἡσυχίας
3528 4057 3721 4128 σχολὴν

2138 4147 2483 4218 παρεχούσης
2518 4148 2700 4210 αὐτοῖς
2716 4147 3004 4212 κινεῖσθαι,
3029 4148 3125 4199 κιιί⁵
3161 4147 3223 4199 τὸ
3260 4148 3382 4203 τότε
3415 4147 3492 4220 μὴ
3533 4147 3721 4218 ὀχλοῦν

2139 4238 2662 4308 παρασκευαζούσης
2683 4237 2855 4307 ὀχλεῖν
2876 4280 2890 4302 ,
2922 4238 3016 4290 καὶ
3042 4238 3116 4302 ὡς
3135 4237 3210 4309 τῷ
3232 4238 3531 4309 ἀδδηφάγῳ
3551 4238 3724 4292 διόλου

2139 4330 2373 4384 ἐσθίοντι
2405 4332 2503 4384 ούκ
2536 4329 2648 4401 ἔχει
2682 4331 2840 4401 κόρον
2880 4330 2913 4401 ἡ
2954 4328 3134 4400 ὄρεξις
3165 4332 3251 4386 ἀεὶ
3293 4330 3568 4385 κινεῖσθαι
3592 4331 3724 4399 πρὸς

2139 4420 2325 4490 ἔφεσιν
2344 4420 2601 4492 διακορὴς
2626 4416 2781 4486 οὖσα,
2805 4422 2899 4472 καὶ
2924 4419 3213 4491 πλήσμιος,
3239 4419 3413 4482 οὕτως
3438 4420 3592 4490 ἀργά
3615 4436 3724 4481 πως

2139 4514 2206 4567 τὰ
2238 4512 2384 4580 πάθη
2419 4508 2750 4574 εἶναιδοκεῖ,
2782 4515 2849 4583 τῇ
2880 4513 2990 4565 τῶν
3018 4512 3324 4580 αἰσθήσεων
3359 4512 3498 4582 πρὸς
3538 4517 3611 4566 τὰ
3644 4515 3725 4565 αἰ-

2143 4605 2317 4677 σθητὰ
2343 4605 2594 4675 ἀσχολία,
2623 4605 2724 4673 τῆς
2747 4604 2955 4667 οἰκείας
2985 4602 3165 4674 ὁρμῆς
3190 4603 3533 4674 κωλυόμενα.
3579 4603 3725 4675 Ἐχέ-

2140 4715 2223 4749 τω
2281 4697 2338 4749 δὲ
2412 4696 2513 4766 τῆς
2577 4688 3114 4764 ἐξωθεν’ὀχλήσεως
3178 4693 3408 4759 ἄδειαν,
3485 4696 3587 4747 καὶ
3656 4694 3728 4755 ὡς

2144 4796 2336 4854 πεῖναν
2364 4831 2378 4855 ,
2428 4791 2605 4844 ἔνδεια
2650 4788 2789 4859 μετὰ
2831 4789 2990 4859 κόρον
3043 4791 3188 4841 ποιεῖ
3214 4804 3226 4816 ·
3274 4786 3421 4841 οὕτω
3467 4787 3541 4840 τὰ
3584 4787 3727 4855 πάθη

2145 4885 2439 4942 ἁνεθεισῶν
2499 4883 2609 4935 τῶν
2671 4881 2976 4952 αἰσθήσεων
3038 4881 3423 4935 ἐπανίστανται
3465 4880 3548 4950 τῷ
3606 4882 3728 4951 ἡρε-
3761 4896 3773 4911 κ

2148 4954 2382 5048 μήσαντι
2421 4975 2540 5028 λίαν
2588 4974 2930 5044 ἀκμάζοντα,
2964 4974 3059 5025 καὶ
3091 4972 3259 5026 πολὺν
3284 4971 3434 5041 αὐτῷ
3478 4972 3732 5025 κινοῦντα

2144 5069 2253 5121 τῶν
2277 5069 2332 5120 ἐν
2354 5066 2464 5120 ἔθει
2485 5066 2793 5136 γενομένων
2813 5065 2905 5117 τὸν
2921 5064 3169 5132 θόρυϐον,
3201 5063 3414 5126 ὲκείνας
3446 5065 3526 5127 εἰς
3552 5064 3730 5133 μάχην

2148 5158 2297 5227 αὐτῷ
2324 5157 2424 5220 τὰς
2455 5157 2671 5227 μορφὰς
2706 5156 3067 5226 ἐφοπλίζοντα
3088 5197 3102 5220 ,
3132 5157 3197 5225 τῇ
3229 5155 3328 5227 θέᾳ
3357 5153 3730 5226 παρατρέχειν

2147 5251 2398 5321 ἐνόμιζεν
2445 5250 2700 5313 ἀϐλαϐῶς
2750 5249 2852 5301 οὐκ
2892 5248 3031 5319 ἔχων
3076 5247 3267 5317 καιρὸν
3315 5245 3732 5317 ὑπομνησθῆναι

2148 5347 2248 5414 τῆς
2277 5342 2481 5412 βλάϐης
2507 5342 2687 5395 αὐτῶν
2726 5341 2822 5395 καὶ
2849 5342 2971 5393 τότε
2996 5339 3200 5409 ταύτης
3230 5338 3624 5409 αἰσθανόμενος
3645 5338 3730 5388 ὅτε

2152 5434 2347 5505 σχολὴν
2374 5435 2496 5502 ἄγει
2523 5433 2745 5500 γνῶναι,
2779 5434 2872 5485 καὶ
2913 5432 3041 5484 ἰδεῖν
3084 5431 3182 5498 τὴν
3210 5430 3524 5483 δυναστείαν
3560 5427 3730 5495 αὐτῆς

2152 5529 2243 5595 αἰχ
2254 5524 2686 5595 μαλωτιζόμενος
2731 5523 2864 5592 πρὸς
2895 5521 3223 5592 ἐνθυμήσεις
3247 5520 3500 5583 ἀτόπους,
3526 5520 3621 5571 καὶ
3644 5518 3730 5568 λο-

2156 5614 2400 5682 γίζεσθαι
2426 5611 2745 5682 βιαζόμενος
2766 5610 3061 5679 λογισμοὺς
3082 5609 3344 5679 αἰσχύνης
3370 5606 3733 5678 πεπληρωμέ-

2158 5722 2299 5765 νους
2334 5705 2426 5756 καὶ
2450 5704 2569 5755 τότε
2601 5702 2808 5770 πλάνην
2828 5699 3105 5769 ὁμολογῶν
3129 5701 3455 5769 ἀναφανδὸν,
3477 5697 3576 5766 τὴν
3593 5712 3731 5765 παρ·

2160 5796 2414 5848 ελίίυύτκν
2464 5795 2628 5864 ζωὴν,
2675 5794 2767 5847 καὶ
2807 5790 3125 5863 μακαρίζων
3161 5794 3285 5855 τοὺς
3312 5792 3387 5861 μὴ
3413 5789 3635 5859 γνόντας
3667 5787 3730 5861 τῇ
