4046 6152
417 367 550 433 1077
1417 379 1512 437 DE
1564 382 2096 444 MONACllUlllJM
2160 388 2669 448 l‘llzlSS'l‘AN'l'lA.
3531 389 3658 450 1078

397 486 542 555 ὕψει,
591 484 782 559 ὥσπερ
811 486 953 555 ἔγνω
989 489 1168 553 αὐτὸς,
1219 493 1312 544 καὶ
1341 491 1712 564 οἰκτιζόμενος
1759 495 1966 558 εἰσιιότωἽ

2091 505 2338 552 testatcm
2375 499 2567 568 ipsius,
2602 510 2788 570 utpote
2835 502 3080 570 captivus
3129 501 3393 558 abductus
3461 519 3526 555 ou
3579 520 3661 556 rc-

398 578 614 642 ἐαυτὸν,
649 579 731 632 ὅτι
761 580 882 632 καθ’
929 579 1122 634 ἑαυτοῦ
1155 585 1264 646 τοῖς
1315 583 1524 655 ἐχθροῖς
1563 587 1724 650 αὐτὸς
1750 587 1966 640 δέδωκει

2085 590 2424 644 cordatioucs
2456 592 2738 656 absurdas,
2770 604 3100 662 coactusque
3136 593 3495 660 cogitationes
3539 609 3656 661 pcr-

397 670 560 735 ὃπλα,
597 671 689 723 καὶ
712 670 1024 741 πολεμεῖται
1041 671 1281 739 δικαίως,
1307 676 1461 747 ἀνοίᾳ
1486 677 1650 748 πολλῇ
1684 679 1966 748 παρασχὼι

2087 680 2301 734 volvere
2353 682 2688 750 turpitudine
2725 685 2954 752 plenas;
2992 661 3194 752 quique
3224 692 3348 737 tunc
3382 682 3662 738 manifeste
3711 661 3715 680 Ι

403 763 556 832 ἰσχὺν
589 765 702 825 τοῖς
739 761 1038 829 πολεμίοις.

2085 771 2301 834 fatetur,
2352 775 2679 842 przeteritam
2717 775 2879 828 vitam
2912 775 3079 829 fuisse
3106 775 3395 839 fallaciam,
3445 783 3496 830 ct
3536 776 3664 829 bea—

398 864 482 907 tos
528 855 782 923 prwdicat
811 871 926 920 eos,
958 857 1051 926 qui
1095 873 1202 912 non
1251 864 1623 930 cngnoverunt
1650 864 1793 927 visu,
1825 863 1962 919 sicut
2006 865 2119 933 ipse
2185 867 2356 932 novit,
2385 878 2439 922 et
2508 868 2702 924 merito
2745 869 3034 923 miseratur
3087 869 3169 923 sui
3205 868 3395 938 ipsius.
3423 884 3490 924 eo
3516 870 3658 940 quod

396 945 633 1000 inimicis
680 947 796 1002 suis
829 948 946 1017 ipse
983 951 1243 1010 adversus
1278 972 1336 1011 se
1369 956 1660 1023 praebuerit
1710 971 1879 1022 arma,
1928 965 1984 1014 ct
2015 957 2160 1026 jusie
2211 968 2579 1030 oppugnatur,
2643 962 2787 1031 quod
2849 962 3019 1020 multa
3063 977 3185 1016 eum
3215 963 3488 1021 dementia
3523 963 3664 1018 vires

395 1037 648 1092 hostibus
675 1039 1125 1098 subministrarit.

993 1155 1240 1213 ΚΕΦΑΛ.
1283 1161 1381 1215 IA'.

463 1267 597 1320 τότε
629 1268 738 1339 γὰρ
786 1272 852 1326 τὰ
881 1273 968 1326 διὰ
1009 1273 1109 1342 τῆς
1144 1276 1387 1347 ὁράσεως
1407 1319 1418 1341 ,
1447 1278 1516 1331 τὰ
1542 1279 1627 1332 διὰ
1652 1279 1748 1348 τῆς
1778 1279 1969 1348 ἀκοῆς,

393 1357 462 1410 τὰ
491 1359 579 1412 διὰ
615 1359 724 1412 τῶν
766 1363 940 1418 ἄλλων
976 1366 1284 1436 αἰσθήσεων
1318 1369 1628 1437 ἐμπεσόντα
1665 1387 1970 1440 σπερματιο

401 1448 530 1511 κῶς,
587 1451 838 1507 ἀκανθῶν
883 1455 1038 1526 δίκην
1089 1456 1518 1510 ὑποδλαστάνειν
1557 1459 1831 1527 ἄρχεται,
1881 1461 1972 1512 καὶ

398 1538 536 1590 κατᾶ
575 1541 768 1611 μικρὸν
797 1542 1134 1614 ἀδρυνόμενα
1178 1548 1356 1598 κεντεῖ
1383 1547 1655 1610 ἐπιπόνως
1693 1550 1806 1611 τοῖς
1843 1548 1974 1617 νύγ-

400 1648 552 1700 μασι,
588 1633 784 1701 μᾶλλον
809 1635 866 1687 δὲ
910 1638 1010 1705 τῆς
1047 1637 1423 1708 μυθευομένης
1456 1638 1608 1709 παρὰ
1655 1635 1766 1703 τοῖς
1832 1641 1972 1711 ῥαψ-

2657 1151 2890 1207 CAPUT
2925 1150 3060 1208 XIV.

2153 1268 2306 1321 Tene
2337 1267 2480 1320 enim
2535 1280 2656 1334 quae
2700 1281 2795 1334 per
2845 1264 3045 1329 visunt,
3102 1279 3222 1334 qua:
3264 1279 3358 1333 per
3389 1265 3660 1326 auditum,

2077 1375 2199 1430 quae
2234 1374 2330 1428 per
2366 1357 2500 1412 alios
2530 1371 2725 1412 sensus
2759 1357 2915 1425 quasi
2947 1357 3195 1411 seminali
3244 1356 3408 1410 modo
3455 1357 3662 1410 incide-

2082 1449 2437 1515 runt,.instar
2478 1448 2756 1517 spinarum
2795 1447 3212 1517 subgerminare
3261 1447 3559 1516 incipiunt,
3608 1458 3660 1501 et

2081 1537 2408 1608 pedetentim
2493 1536 2654 1606 392
2707 1535 3070 1591 adolescentia
3127 1536 3469 1591 acuminibus
3513 1535 3662 1589 labo-

2081 1631 2222 1684 riose
2259 1638 2527 1698 pungunt,
2574 1628 2821 1696 quinimo
2858 1642 3013 1698 atque
3065 1643 3128 1682 ac
3189 1626 3496 1698 hydra(de
3553 1643 3659 1696 qua

397 1719 560 1787 ῳδοῖς
589 1721 753 1792 ὕδρας
781 1726 838 1777 ἐν
858 1727 958 1796 ῐσῳ
991 1727 1152 1791 ἄλλας
1177 1728 1262 1780 ἐπ’
1287 1729 1473 1792 ἄλλαις
1495 1731 1779 1802 ὑπανίσχει
1806 1750 1966 1801 κεφα-

2083 1719 2308 1774 l'abulati
2360 1725 2489 1773 sunt
2537 1717 2840 1773 carminum
2903 1715 3289 1784 contextores)
3337 1717 3440 1769 alia
3501 1731 3660 1784 super

396 1811 510 1876 λὰς,
539 1814 750 1884 μυρίοις
775 1815 1016 1886 δήγμασι
1047 1819 1316 1872 ὀδυνῶντα
1360 1821 1450 1873 τὸν
1494 1821 1691 1875 ἄθλιον.
1727 1823 1836 1875 Καὶ
1866 1823 1974 1891 γὰρ

392 1902 570 1971 ᾐδψις
627 1905 951 1975 ήὸραθεῖσα
991 1910 1190 1979 φαιδρὰ
1239 1911 1590 1981 παρίσταται,
1636 1913 1729 1963 καὶ
1775 1911 1976 1982 κόσμος

393 1991 709 2059 πολυτελὴς,
759 1994 852 2048 καὶ
890 1995 1064 2062 γέλως
1143 1997 1462 2066 κεχυμένος,
1517 1999 1610 2050 καὶ
1652 1999 1837 2068 σχῆμα
1877 2015 1975 2050 πε-

395 2081 724 2149 πλασμένον,
751 2085 842 2137 καὶ
869 2085 1117 2154 βλακεία,
1141 2088 1237 2139 καὶ
1259 2086 1454 2158 θρύψις
1485 2087 1973 2158 ἐπιτετηδευμένμι

394 2172 529 2241 πρὸς
553 2172 775 2238 ἅλωσιν,
801 2178 896 2236 καὶ
920 2177 1094 2244 νεῦμα
1125 2177 1488 2246 πλαζόμενον,
1510 2180 1603 2236 καὶ
1633 2179 1851 2249 βλέμμα
1876 2196 1975 2232 κα·

395 2265 606 2329 κόηθες,
639 2267 733 2318 καὶ
769 2268 972 2337 κίνημα
1008 2269 1202 2340 σεσοϐη
1215 2270 1373 2339 μένον
1403 2312 1415 2333 ,
1455 2271 1550 2324 καὶ
1580 2271 1764 2340 φωνῆς
1797 2272 1972 2342 ἐμμέ-

393 2354 530 2416 λεια,
565 2354 658 2410 καὶ
695 2353 917 2424 φθέγμα
951 2356 1269 2427 θηλύτερον,
1307 2362 1368 2411 ού
1407 2362 1565 2429 μόνον
1596 2361 1673 2425 δὲ,
1709 2362 1844 2414 ἀλλά
1880 2355 1974 2416 καὶ

394 2440 524 2519 ἦθος
560 2446 856 2513 ἄπλαστον,
898 2451 991 2506 καὶ
1031 2451 1297 2522 σεμνότης
1334 2453 1542 2516 ἁπλῶς,
1590 2455 1684 2507 καὶ
1720 2455 1970 2523 ἀφέλεια,

396 2533 490 2589 καὶ
521 2535 670 2604 ῥῆμα
715 2535 962 2600 ἐλεεινὸν,
1005 2539 1098 2592 καὶ
1141 2541 1352 2608 οἰμωγὴ
1397 2527 1704 2611 συμπαθὴς,
1745 2543 1839 2597 καὶ
1877 2543 1972 2597 δάιε

396 2641 562 2692 κρυον
589 2626 928 2698 ὁδυνωμένης
957 2630 1155 2700 ψυχῆς,
1188 2632 1496 2688 τελευταῖον
1524 2634 1764 2687 κινοῦσιν
1788 2635 1972 2704 ἀγῶνα

395 2714 679 2778 nclama",
695 2717 866 2785 αὐτῆς
893 2718 1021 2781 ῖσως
1044 2720 1143 2788 τῆς
1166 2722 1724 2791 οἰκτειρηθείσης,καὶ
1745 2724 1972 2777 ἀπολαυ-

395 2807 562 2877 σάισης
589 2808 932 2877 κηδεμονίας,
960 2814 992 2882 ἡ
1024 2814 1210 2884 μνήμη
1242 2813 1490 2884 προξενεῖ
1512 2815 1770 2880 κίνδυνον,
1809 2817 1973 2869 ἱκέτις

392 2896 563 2968 δοςὲν
599 2900 812 2970 ἀνάγκῃ
855 2903 1175 2973 γενομένης,
1222 2906 1317 2957 καὶ
1352 2905 1696 2977 πολεμούσης
1747 2907 1971 2979 ὔστερον

392 2983 571 3040 οἶκτον
603 2993 904 3062 κινησάσης
943 2994 1000 3046 ὲν
1036 2997 1100 3066 τῇ
1130 2995 1308 3065 χρείᾳ,
1348 2999 1440 3049 καὶ
1467 2998 1632 3062 ἔλεον,
1667 2999 1760 3051 καὶ
1787 3000 1969 3052 ποιού-

2078 1811 2183 1865 alia
2259 1809 2553 1865 sustollunt
2600 1809 2800 1879 capita,
2850 1809 2996 1862 mille
3063 1808 3342 1862 morsibus
3388 1806 3657 1862 infelicem

2075 1902 2445 1958 excruciantia
2477 1922 2492 1958 :
2526 1900 2725 1960 ctenim
2751 1911 2893 1956 astat
2924 1915 3046 1971 quae
3077 1901 3194 1956 visa
3227 1910 3309 1955 est
3334 1900 3522 1954 hilaris
3540 1915 3660 1968 spe—

2077 1999 2209 2060 cies,
2254 2006 2307 2051 et
2347 2005 2574 2051 ornatus
2616 1994 2958 2065 magniﬁcus,
3034 2005 3088 2048 et
3115 1992 3258 2052 risus
3293 1993 3546 2055 diﬂ‘usus,
3608 2000 3661 2046 et

2077 2085 2294 2144 habitus
2325 2085 2504 2149 ﬁctus,
2555 2093 2608 2138 et
2638 2082 2864 2149 delicia},
2907 2078 2970 2138 ac
2999 2083 3254 2138 mollities
3289 2084 3533 2138 studiose
3577 2082 3658 2136 af-

2075 2175 2290 2230 fectatre
2337 2175 2403 2230 ad
2442 2175 2796 2245 captandum,
2854 2185 2907 2229 et
2955 2183 3123 2230 nutus
3159 2174 3537 2245 vagabundus,
3604 2183 3659 2228 et

2075 2267 2296 2324 obtutus
2346 2265 2496 2335 pravi
2528 2265 2750 2334 ingenii,
2794 2273 2850 2322 et
2878 2275 3058 2320 motus
3082 2268 3410 2329 concitatus,
3459 2277 3515 2321 ct
3563 2283 3660 2320 vo-

2075 2359 2156 2412 cis
2187 2356 2454 2412 concinna
2489 2357 2809 2420 modulatio,
2841 2365 2894 2410 et
2925 2372 3096 2412 sonus
3115 2357 3511 2423 eﬂclninatior;
3546 2375 3652 2413 non

2075 2448 2249 2502 solum
2281 2462 2409 2502 vero
2442 2447 2592 2513 haec;
2628 2463 2814 2502 verum
2858 2457 2911 2502 et
2963 2465 3142 2504 mores
3193 2465 3300 2502 non
3353 2449 3541 2513 fucati,
3597 2461 3650 2505 et

2075 2539 2397 2608 simpliciter
2423 2537 2680 2609 gravitas,
2731 2548 2895 2609 atque
2924 2539 3225 2610 integritas,
3253 2549 3305 2595 et
3331 2541 3554 2594 verbum
3590 2542 3656 2595 ad

2075 2629 2480 2686 miserationem
2529 2630 2794 2695 excitans,
2845 2640 2898 2684 et
2943 2631 3184 2700 ploratus
3220 2629 3284 2683 ad
3321 2633 3655 2700 compatien-

2076 2723 2200 2777 dum
2232 2736 2602 2788 commovens,
2655 2732 2711 2777 et
2754 2721 2992 2793 lacryma
3026 2708 3236 2777 amictae
3291 2723 3486 2777 animae
3535 2723 3656 2791 plu-

2083 2814 2284 2868 rimum
2322 2813 2374 2868 in
2406 2814 2513 2868 line
2562 2821 2782 2869 movent
2842 2824 3140 2879 certamen,
3182 2826 3236 2870 et
3298 2816 3470 2885 ipsius
3519 2814 3657 2869 forte

2077 2922 2220 2962 curm
2269 2907 2621 2973 miserabilis,
2679 2922 2908 2992 quaeque
2941 2909 3198 2962 damnum
3238 2910 3496 2978 percepit,
3545 2924 3655 2962 me-

2077 3000 2245 3053 moria
2281 3000 2540 3054 conciliat
2565 3000 2888 3069 pericnlum,
2924 3010 3128 3068 utpote,
3171 3017 3289 3067 quae
3318 3000 3571 3064 evaserit,
3599 3000 3650 3052 in

394 3096 494 3147 σης
543 3079 791 3151 οἴστρους
843 3083 1158 3151 ἐρωτικούς.
1219 3087 1283 3138 Τί
1343 3083 1434 3140 οὖν
1486 3087 1728 3157 βέλτιον,
1780 3089 1966 3142 ἑαυτὸν

2080 3090 2404 3145 necessitate
2451 3090 2646 3159 posita,
2692 3091 2946 3160 supplex,
2979 3100 3034 3144 et
3060 3102 3336 3163 postremo
3367 3092 3651 3146 decertans

389 3171 576 3232 ἐλεεῖν,
626 3173 720 3224 καὶ
761 3175 1136 3242 περιίστασθαι
1165 3177 1229 3230 τὰ
1272 3180 1540 3231 σκάνδαλα
1576 3221 1588 3244 ,
1625 3180 1656 3250 ἢ
1714 3181 1774 3234 τὸ
1810 3181 1969 3251 δῆθεν

386 3261 580 3324 ἄλλους
648 3262 860 3329 ἐλεεῖν,
928 3265 1144 3336 βρόχοις
1203 3269 1549 3333 δυσεκλύτως
1599 3271 1966 3340 ἐμπλέκεσθαι

295 3405 304 3412 _
386 3349 463 3419 τῷ
535 3351 747 3422 βοηθεῖν
822 3353 1026 3406 ἐθέλειν
1091 3356 1337 3424 ἑτέροις,
1408 3360 1567 3412 καλὸν
1617 3361 1694 3430 τῷ
1727 3379 1966 3432 κρημνι-

388 3439 596 3509 ζομένῳ
658 3445 815 3512 χεῖρα
874 3444 1094 3511 διδόναι,
1156 3450 1204 3500 εἰ
1265 3449 1380 3501 ἐστι
1450 3451 1522 3520 μὴ
1573 3451 1966 3515 συναπολέσθαι

391 3528 539 3598 αὑτῷ
590 3533 968 3590 κινδυνεύοντι.
1022 3539 1082 3596 Εἰ
1124 3539 1181 3590 δὲ
1235 3538 1312 3609 τῷ
1352 3541 1529 3596 δοκεῖν
1589 3545 1962 3615 συμπάσχειν,

391 3620 451 3670 τὸ
495 3621 718 3695 πάσχειν
755 3626 1076 3692 ἀκολουθεῖ,
1130 3630 1189 3682 τὸ
1241 3634 1439 3686 οἰκεῖον
1486 3636 1762 3706 συμφέρον
1794 3655 1963 3690 σπου-

391 3711 754 3777 δαστέον,.ὃτι
792 3717 866 3786 μὴ
904 3716 1074 3784 οὕτως
1106 3719 1258 3784 ἄλλος
1304 3720 1448 3792 ἄλλῳ
1488 3724 1712 3792 πλησίον
1743 3727 1817 3789 ὡς
1838 3727 1965 3780 ἕκα-

392 3818 511 3864 στος
544 3803 740 3874 ἐαυτῷ.

2077 3180 2481 3236 miserationem
2537 3195 2602 3239 ac
2642 3181 3073 3241 misericordiam
3119 3181 3172 3243 in
3217 3191 3457 3251 egestate
3499 3197 3652 3236 com-

2077 3281 2309 3338 moveat,
2355 3282 2411 3328 et
2443 3273 2739 3328 amatorios
2769 3273 2968 3328 excitet
3015 3274 3286 3330 stimulos.
3329 3274 3468 3340 Quid
3524 3290 3652 3342 ergo

2077 3364 2292 3431 melius,
2339 3365 2585 3420 misereri
2638 3365 2722 3420 sui
2775 3366 2965 3435 ipsius,
2995 3376 3049 3421 ct
3073 3367 3303 3422 evadere
3369 3365 3648 3428 scandala,
3723 3409 3727 3413 .

2074 3471 2168 3511 seu
2199 3456 2545 3523 offendicula,
2572 3465 2663 3510 aut
2690 3457 2920 3511 aliorum
2952 3458 3159 3513 scilicet
3185 3458 3522 3524 miserendo,
3549 3457 3649 3511 im-

2075 3549 2262 3616 plicari
2321 3549 2530 3619 laqueis
2591 3549 3078 3615 indissolubilibus,
3135 3565 3198 3604 ac
3240 3551 3470 3610 voleudo
3516 3549 3654 3605 alios

2076 3640 2333 3709 adjuvare
2365 3643 2418 3697 in
2450 3643 2589 3696 mala
2621 3645 2856 3700 incidere
2882 3646 3251 3700 inevitabilia?
3303 3647 3513 3709 Bonum
3569 3655 3655 3701 est

2075 3730 2149 3783 illi
2187 3745 2406 3785 manmn
2459 3733 2886 3805 porrigere,qui
2929 3751 2986 3790 se
3027 3736 3358 3805 praecipitem
3411 3736 3540 3807 agit,
3606 3736 3652 3791 si

2061 3821 2318 3890 possibile
2354 3823 2426 3878 sit
2457 3839 2560 3877 non
2589 3825 2752 3880 simul
2788 3841 2910 3878 cum
2937 3826 3054 3895 ipso
3079 3828 3424 3896 periclitante
3455 3829 3652 3901 perire;

383 3895 464 3948 sin
493 3905 670 3995 autem
704 3900 875 3998 operi,
911 3901 1054 3969 quod
1100 3901 1313 3956 videtur
1364 3908 1779 3975 compassionis,
1844 3912 2207 3982 subsequatur
2262 3915 2393 3984 pati,
2450 3916 2682 3988 propria:
2751 3895 3190 3976 studendumiest
3220 3895 3470 3985 utilitati,
3523 3895 3649 3992 quia

385 4000 488 4038 non
525 3993 597 4038 ita
646 3993 982 4058 pr0pinquus
1011 3998 1093 4045 est
1127 3993 1261 4048 alter
1294 3994 1470 4060 alteri,
1505 4008 1561 4049 ut
1590 3997 1824 4067 quisque
1841 3999 1944 4054 sibi
1985 4001 2107 4070 ipsi.

976 4104 1226 4159 ΚΕΦΑΛ.
1263 4105 1358 4158 1Ε’.

453 4211 550 4263 Διά
583 4211 738 4265 τοῦτο
762 4254 775 4277 ,
808 4214 884 4285 τῷ
919 4219 1219 4288 κεραυνείῳ
1253 4221 1384 4290 πυρὶ¹
1427 4221 1527 4290 τῆς
1578 4223 1959 4288 Πενταπόλεως

2641 4116 2870 4171 CAPUT
2928 4117 3039 4170 XV.

2161 4229 2288 4285 Eam
2322 4233 2391 4286 ob
2419 4247 2561 4295 rem,
2597 4247 2718 4284 cum
2768 4231 3026 4285 fulmineo
3054 4233 3177 4302 igne
3204 4233 3514 4304 Pentapolis
3567 4240 3649 4292 in-

383 4301 745 4373 φλεγομένης,
772 4306 800 4356 ὁ
828 4306 1058 4374 ἄγγελος
1083 4308 1235 4378 ἔλεγε
1267 4310 1343 4380 τῷ
1365 4311 1576 4382 δικαίῳ,
1616 4314 1711 4365 καὶ
1751 4313 1964 4383 φιλοξεα

2071 4324 2458 4386 llammaretur,
2505 4321 2729 4392 angelus
2776 4323 2919 4380 dixit,
2957 4301 3107 4394 justo
3152 4334 3206 4380 et
3250 4301 3646 4395 hospitalitatis

382 4391 498 4452 νίας
538 4391 954 4464 ἐπιμελουμένῳ
987 4394 1130 4447 Λὼτο
1162 4416 1179 4445 ι
1219 4397 1413 4462 Σώζων
1441 4401 1577 4465 σῶζε
1607 4400 1705 4472 τὴν
1734 4403 1957 4456 σεαυτοῦ

377 4481 576 4552 ψυχὴν,
614 4485 692 4545 εἰς
731 4483 792 4536 τὸ
823 4485 949 4555 ὅρος
991 4485 1166 4550 σώζου
1201 4490 1411 4560 μήποτε
1461 4495 1970 4566 συμπαραληφθῇς,

382 4573 486 4641 πρὸ
518 4573 627 4626 τῶν
675 4575 1062 4648 ἀπολλυμένων
1106 4579 1207 4649 τῆς
1253 4583 1446 4635 ἑαυτοῦ
1494 4585 1745 4657 φρόντιζε
1784 4604 1958 4656 σωτη-

383 4662 522 4731 ρίας.
557 4684 574 4713 ι
616 4665 688 4717 Τὸ
714 4666 841 4735 γὰρ,
881 4687 898 4718 ι
936 4668 1028 4739 Μὴ
1054 4671 1357 4744 περιϐλέψῃ
1379 4675 1458 4734 εἰς
1479 4675 1546 4726 τὰ
1575 4676 1768 4739 ὀπίσω,
1805 4695 1823 4727 ι
1863 4695 1960 4748 μη-

380 4753 506 4805 δένα
535 4755 694 4824 λόγον
725 4758 832 4811 τῶν
867 4760 1262 4831 ἀπολλυμένων
1305 4765 1587 4820 ἐδίδασκεν
1626 4767 1792 4838 ἔχειν,
1836 4771 1960 4822 ἐπεὶ

383 4845 456 4915 μὴ
485 4847 699 4911 πάντως
721 4849 871 4903 ὅσιον
892 4847 961 4925 ἦν
987 4855 1384 4910 συναπολέσθαι
1407 4858 1628 4928 θελῆσαι
1655 4863 1765 4923 τοῖς
1794 4861 1958 4914 ἀπολ-

377 4939 439 4992 λυ
451 4941 654 5010 μένοις,
684 4946 821 5016 μηδὲ
845 4949 901 5000 ἐν
935 4948 1033 5018 ἴσῳ
1054 4949 1243 5012 θέσθαι
1269 4951 1492 5025 θελῆσαι
1528 4957 1634 5009 τῶν
1661 4957 1836 5010 ἄλλων
1868 4959 1958 5011 καὶ

375 5029 472 5099 τὴν
514 5033 706 5088 ἑαυτοῦ
751 5037 1099 5108 κηδεμονίαν,
1137 5043 1194 5095 ὲν
1228 5038 1308 5108 οἷς
1353 5047 1414 5097 τὸ
1459 5051 1763 5116 συμπαθὲς,
1807 5051 1957 5103 οὐδὲν

374 5121 614 5190 σὺφελοῦν
631 5127 755 5190 τοὺς
777 5132 1243 5202 τιμωρουμένους,
1263 5135 1439 5187 ἀδικεῖ
1466 5139 1588 5200 τοὺς
1610 5142 1956 5211 συμπάσχον-

305 5283 322 5292 α
375 5231 471 5277 τας
496 5215 567 5268 τὰ
598 5219 831 5286 μέγιστα
856 5240 868 5251 ο
903 5225 985 5286 εἰς
1037 5226 1206 5295 αὐτὴν
1239 5227 1476 5296 βλάπτον
1526 5231 1621 5298 τὴν
1658 5234 1819 5291 πᾶσιν
1861 5237 1956 5287 ἁν-

376 5305 614 5374 θρὼποις
653 5312 787 5381 ὁμοῦ
826 5315 1170 5388 ποθουμένην
1223 5319 1527 5389 σωτηρίαν
1583 5321 1642 5373 τδ
1695 5323 1790 5391 μὲν
1849 5326 1956 5395 γὰρ

378 5397 781 5468 φιλάνθρωπον,
814 5405 909 5456 καὶ
966 5407 1083 5477 Θεῷ
1145 5411 1292 5476 φίλοι
1324 5452 1336 5470 ,
1403 5413 1495 5464 καὶ
1559 5413 1762 5481 πρέπον
1801 5418 1952 5487 ἡμῖν,

379 5487 469 5536 καὶ
527 5488 608 5541 δεῖ
666 5493 732 5544 τὰ
781 5498 1013 5564 χρηστὰ,
1063 5499 1154 5551 καὶ
1202 5501 1609 5569 συμϐουλεύειν,
1662 5505 1752 5556 καὶ
1794 5523 1954 5559 σπου-

371 5577 553 5639 δάζει)
577 5622 590 5644 ,
657 5584 749 5635 καὶ

807 5586 1130 5656 ἐπεύχεσθαι
1198 5592 1426 5644 ἕκαστον
1503 5593 1734 5662 ἑκάστῳ·
1805 5599 1956 5650 ἐπαι-

449 5761 486 5788 ¹⁴
530 5764 662 5813 ticu.
702 5779 813 5821 υτ,
856 5765 941 5817 ltt.

2069 4414 2236 4484 393
2277 4413 2525 4467 studioso
2555 4411 2694 4470 Lot:
2737 4431 2756 4465 ‹
2795 4413 3024 4470 Salvans
3051 4415 3197 4469 salva
3254 4425 3399 4471 tuam
3471 4419 3642 4489 ipsius

2061 4508 2321 4570 animam,
2375 4505 2428 4558 in
2472 4515 2710 4560 montem
2749 4506 2992 4573 salvere,
3017 4523 3083 4564 ne
3114 4508 3253 4564 forte
3289 4509 3450 4565 simul
3493 4527 3642 4565 com-

2063 4597 2438 4667 prehendaris,
2491 4597 2671 4666 potius
2697 4605 2866 4659 tuam.
2919 4615 3093 4668 quam.
3134 4616 3349 4667 eorum,
3381 4604 3472 4672 qui
3508 4619 3637 4672 per-

2058 4698 2210 4752 eunt,
2247 4690 2466 4744 salutem
2499 4703 2630 4744 cura
2663 4691 2706 4721 ¹⁸
2733 4707 2762 4754 ;,
2797 4709 2814 4740 ι
2875 4693 3018 4762 quod
3082 4693 3228 4748 enim
3264 4694 3363 4762 ipsi
3421 4694 3627 4750 dictum

2062 4788 2163 4844 est,
2207 4787 2396 4832 utnon
2438 4779 2733 4848 respiceret
2782 4789 2959 4846 retro,
2987 4783 3190 4836 nullam
3234 4784 3496 4838 rationem
3547 4786 3644 4840 ha-

2062 4866 2188 4925 bere
2255 4868 2598 4933 pereuntium
2632 4869 2933 4936 edocebat;
2971 4871 3096 4940 quia
3122 4880 3267 4926 certe
3292 4872 3498 4942 justum
3531 4889 3638 4930 non

2061 4966 2176 5018 erat
2211 4958 2342 5011 velle
2378 4959 2542 5013 simul
2577 4961 2752 5028 perire
2783 4976 2908 5013 cum
2942 4962 3319 5029 pereuntibus,
3354 4980 3452 5018 nec
3485 4981 3638 5035 teque

2062 5063 2123 5099 ac
2152 5048 2385 5101 aliormn
2421 5049 2502 5103 sui
2564 5049 2735 5116 ipsius
2773 5048 2976 5104 habere
3023 5065 3251 5116 curam;
3300 5053 3427 5112 dum
3487 5069 3637 5109 com-

2061 5140 2240 5206 passio
2271 5139 2321 5192 in
2351 5139 2416 5194 iis
2453 5142 2745 5193 maximmn
2782 5141 3042 5198 damnum
3097 5141 3252 5202 affert
3302 5147 3637 5214 compaticn-

2063 5231 2222 5293 tibus,
2258 5231 2306 5283 in
2333 5232 2533 5300 quibus
2563 5233 2694 5285 nihil
2727 5233 2866 5285 valet
2895 5232 3152 5301 adjuvare
3169 5236 3410 5302 punitos,
3441 5237 3639 5308 quippe

2063 5341 2181 5393 quae
2219 5325 2492 5384 laesioncm
2521 5325 2680 5382 infert
2723 5327 2820 5394 ipsi
2861 5326 3047 5391 saluti,
3083 5341 3202 5396 quae
3234 5331 3394 5384 simul
3437 5332 3638 5386 abom-

2063 5417 2225 5470 nibus
2259 5415 2570 5471 hominibus
2607 5426 2956 5485 peroptatur:
3024 5418 3138 5473 hate
3201 5437 3434 5491 namque
3479 5438 3638 5492 argu-

2062 5520 2301 5562 mentum
2361 5518 2441 5562 cst
2481 5523 2606 5578 erga
2661 5508 2909 5563 homines
2956 5511 3377 5575 benevo'ifcntiw,
3426 5513 3638 5583 Dcoquc

2063 5610 2234 5666 grata,
2279 5616 2336 5652 ac
2372 5599 2527 5651 nobis
2555 5599 2980 5665 (.‘0ll\'t'l|l(}lIS,t‘.l
3017 5613 3254 5673 nputlrt,
3306 5620 3634 5674 quemquam
