4046 6152
285 316 416 385 ιηει

1285 319 1381 377 DE
1417 318 1952 381 MONACHOBUM
1990 320 2503 382 ΡΒίΕΞΤΑΝΤΙΑ.

3401 326 3541 390 1082

280 438 435 491 τοῧτο
462 432 729 496 παθόντες
760 428 903 506 ἦσαν
945 430 991 483 εἰ
1018 428 1311 499 κατέμενον
1343 430 1678 501 ἠρεμοῦντες
1708 432 1847 486 οἶκοι

1954 432 2331 499 intempestive
2378 433 2453 487 ad.
2515 432 2870 503 spectandum
2935 434 3191 490 mulieres
3250 434 3536 507 indigenas

278 526 375 595 τὴν
419 524 588 578 πᾶσιν
636 522 939 585 ἀκίνδυνον,
988 521 1083 574 καὶ
1114 519 1360 588 τελείοις,
1392 523 1604 576 ἀτελέσι
1637 523 1694 576 δὲ
1743 526 1849 591 μά-

279 626 436 671 λιστα
481 615 717 687 ἡσυχίαν
762 614 1026 684 ἑλόμενοι,
1061 614 1142 667 ὅτι
1174 615 1286 676 τοῖς
1324 613 1423 683 μὲν
1456 614 1712 684 φυλάττει
1749 615 1852 686 τὴν

279 707 602 778 ἠσκημένην
630 704 744 771 ἕξιν
772 703 1228 768 ἀσάλευτον,τοὺς
1247 702 1315 757 δὲ·
1332 706 1401 774 τῇ
1432 705 1663 774 ἀσκήσει
1682 703 1850 777 ταύτῃ

279 786 550 867 προσάγει
579 796 1006 866 προκόπτοντας.
1040 795 1151 847 Καὶ
1179 797 1207 848 ὁ
1249 794 1518 866 Ἱερεμίας
1563 794 1618 847 δὲ
1647 811 1844 866 παρεγ·

278 888 426 954 γυῶν
456 887 531 958 μὴ
575 884 969 956 ἐκπορεύεσθαι
1011 887 1091 949 εἰς
1125 885 1295 955 ἀγρὸν
1335 886 1416 939 δτι
1456 887 1701 957 ῥομφαία
1741 886 1852 940 τῶν

278 981 490 1052 ἐχθρῶν
512 983 768 1050 παροικεῖ
798 979 1083 1046 κυκλόθεν,
1115 980 1209 1037 καὶ
1240 981 1269 1033 δ
1303 982 1508 1053 Πέτρος
1538 980 1695 1051 βοῶν·
1734 999 1751 1031 ι
1793 980 1852 1034 '0

278 1071 471 1142 ἐχθρὸς
516 1070 674 1141 ἡμῶν
718 1069 963 1133 διάϐολος
997 1071 1352 1141 περιέρχεται
1408 1072 1500 1124 καὶ
1538 1072 1852 1141 ἐμπεριπα-

278 1164 380 1225 τεῖ,
417 1181 436 1213 ι
467 1150 566 1230 τὴν
598 1161 894 1230 σύμπασαν
925 1160 1022 1231 τὴν
1055 1160 1158 1225 ἔξω
1193 1160 1396 1231 βλάϐην
1447 1160 1848 1231 μαρτύρονταιο

279 1256 308 1305 ό
352 1253 408 1305 δὲ
450 1252 543 1305 τὸν
574 1250 903 1322 ὀλοθρευτὴν
947 1249 1399 1321 ἀποκρύπτεσθαι
1430 1249 1731 1320 παραινῶν.
1758 1249 1856 1303 καὶ

279 1349 306 1398 ὀ
338 1343 542 1412 λέγων·
575 1362 593 1393 ι
646 1342 995 1405 Ἁπόκλεισον
1021 1341 1128 1414 τὴν
1148 1341 1318 1412 θύραν
1354 1358 1472 1402 σου,
1504 1340 1851 1412 ἀποκρύϐηθι

283 1437 476 1507 μικρὸν
507 1436 627 1488 ὅσον
653 1434 758 1496 ἕως
793 1433 858 1486 ἂν
890 1432 1137 1504 παρέλθῃ
1171 1435 1203 1502 ἡ
1245 1431 1383 1503 ὀργὴ
1427 1433 1657 1504 Κυρίου,
1706 1451 1725 1484 ι
1761 1434 1855 1485 καὶ

278 1531 306 1581 ό
338 1525 503 1580 οἰκῶν
549 1525 740 1578 οἰκίαν.
771 1523 986 1589 Ἰακὼϐ,
1020 1524 1113 1577 καὶ
1160 1524 1187 1576 ό
1215 1522 1575 1593 προστάσσων
1611 1523 1701 1594 τὸν
1740 1523 1854 1575 υἱὸν

276 1619 374 1672 τοῦ
441 1615 698 1688 φονευτοῦ
753 1614 1189 1684 παραγινόμενον
1266 1613 1579 1667 ἀποθλίϐειν
1609 1614 1691 1677 εἰς
1755 1612 1853 1684 τὴν

280 1710 479 1780 θύραν,
505 1709 603 1780 τὴν
629 1707 772 1763 ἔνδον
809 1706 1169 1776 κηρύττουσιν
1195 1704 1517 1774 ἀσφάλειαν,
1544 1704 1850 1769 δεικνύντες

1955 522 2193 592 regionis
2225 522 2363 578 foret
2405 538 2658 592 egressa;
2699 540 2805 578 non
2857 524 3108 594 equidem
3159 525 3211 578 id
3246 510 3339 579 illi
3386 530 3530 595 passi

1953 613 2210 675 fuissent,
2261 614 2311 673 si,
2362 615 2510 668 domi
2550 616 2984 683 permansissent
3029 616 3220 685 quieti,
3273 617 3535 685 eligentes

1955 704 2138 773 potius
2162 704 2438 757 silentium
2470 704 2804 771 solitudinis,
2832 706 2980 774 quod
3010 705 3231 759 minime
3262 707 3534 774 periculo-

1954 809 2074 847 sum
2120 802 2202 846 est
2234 793 2513 855 omnibus,
2543 803 2596 846 et
2621 793 2901 862 perfectis,
2927 801 2983 846 et
3017 791 3381 862 imperfectis;
3422 794 3535 863 pri-

1953 882 2058 935 mis
2101 881 2248 934 cnim
2297 880 2542 934 habitum
2575 882 2933 935 exercitatum
2969 882 3352 936 inconcussum
3398 898 3535 937 con-

1954 981 2156 1036 servat,
2189 973 2393 1027 alteros
2429 988 2558 1026 vero
2601 973 2977 1027 exercitationi
3017 975 3271 1027 admovet
3312 989 3532 1044 progre-

1953 1064 2184 1117 dientes.
2215 1061 2354 1128 Quin
2381 1071 2436 1116 et
2481 1061 2747 1118 Jeremias
2780 1063 3074 1117 adhortans
3102 1078 3206 1115 non
3244 1065 3544 1134 procedere

1955 1154 2009 1207 in
2044 1169 2254 1223 agrum,
2283 1154 2409 1222 quia
2445 1153 2659 1223 gladius
2690 1154 3037 1208 inimicorum
3065 1154 3136 1221 ,in
3172 1154 3401 1208 circuitu
3434 1155 3533 1208 ba-

1955 1246 2088 1299 bitat
2105 1245 2172 1310 ",
2198 1254 2252 1299 et
2272 1245 2462 1301 Petrus
2481 1246 2723 1299 clamans
2744 1263 2758 1299 :
2780 1264 2798 1296 ι
2817 1244 3178 1301 Adversarius
3210 1255 3393 1300 noster
3413 1245 3533 1299 dia-

1954 1337 2114 1399 holus
2153 1338 2585 1407 circumquaque
2607 1338 2849 1392 ambulat
2869 1337 2936 1403 ’⁸,
2971 1357 2990 1391 ι
3019 1354 3235 1393 omnem
3275 1348 3538 1396 attestan-

1956 1439 2048 1483 tur
2079 1445 2279 1485 noxam
2324 1439 2644 1496 externam;
2698 1430 2789 1485 ille
2835 1445 2979 1495 vero,
3026 1432 3121 1501 qui
3155 1431 3432 1496 admonet,
3474 1439 3534 1484 ut

1954 1524 2347 1578 exterminator
2391 1523 2694 1589 delitescat,
2743 1536 2797 1578 et
2831 1525 2922 1594 qui
2952 1524 3081 1579 dicit
3111 1542 3124 1577 :
3161 1542 3180 1575 ι
3205 1522 3409 1578 Claude
3446 1522 3535 1591 ja-

1956 1629 2120 1668 nuam
2168 1624 2339 1680 tuam,
2375 1624 2429 1669 et
2481 1615 2819 1671 abscondere
2863 1617 3135 1671 modicum
3178 1615 3245 1669 ad
3291 1628 3537 1671 momen-

1957 1715 2093 1768 tum,
2136 1705 2310 1761 donec
2350 1717 2695 1776 pertranseat
2738 1708 3038 1779 indignatio
3084 1701 3397 1771 Domini“;
3430 1725 3449 1757 ι
3482 1714 3540 1759 et

279 1800 602 1871 διαρρήδην,
634 1799 715 1866 ὅτι
747 1800 859 1861 τοῖς
903 1797 1000 1867 μὲν
1048 1797 1453 1869 εύεπηρέαστος
1493 1796 1854 1866 ὁμολογουμέ-

1956 1796 2048 1866 qui
2100 1797 2308 1852 habitat
2358 1799 2412 1851 in
2453 1797 2624 1853 Domo
2657 1797 2848 1863 Jacoh,
2879 1808 2934 1855 et
2977 1799 3221 1868 praecipit
3266 1807 3325 1852 ut
3366 1797 3535 1851 tilium

279 1907 406 1952 νως,
442 1893 555 1954 τοῖς
603 1890 663 1957 δὲ
712 1887 1097 1957 ἀναμφιϐόλως
1132 1886 1413 1950 ἀκίνδυνός
1464 1887 1610 1940 ἐστιν
1644 1888 1679 1957 ή
1730 1887 1849 1941 δια-

277 1982 455 2052 γωγήο

1959 1889 2244 1945 ᾕοηιίοἱιιιε
2273 1890 2615 1946 accedentem
2648 1892 2936 1948 allidamus
2968 1892 3032 1944 ad
3056 1892 3282 1960 januam
3305 1891 3372 1953 ",
3396 1903 3537 1958 pra:-

1958 1980 2144 2037 dicant
2193 1982 2464 2037 internam
2514 1985 2896 2047 securitatem,
2958 1983 3103 2036 clare
3158 1981 3539 2036 demonstran-

280 2083 381 2136 tes.
432 2072 574 2142 quod
612 2072 678 2126 iis
711 2072 926 2142 quidem
992 2070 1081 2126 ille
1141 2071 1265 2126 vita:
1311 2069 1504 2129 modus
1542 2083 1610 2125 ex
1658 2066 1909 2127 confesso
1954 2070 2167 2127 damnis
2220 2072 2494 2128 obnoxius
2533 2080 2646 2138 est,
2705 2073 2829 2126 aliis
2866 2086 2994 2126 vero
3033 2071 3237 2138 absque
3266 2069 3538 2140 ambigui-

280 2174 388 2220 tate
425 2164 483 2219 iit
513 2173 848 2223 extraomne
873 2163 1196 2233 periculum.

866 2278 1118 2335 KE‘hAA.
1159 2275 1267 2332 ιη’.

352 2371 464 2426 Καὶ
502 2369 664 2432 οὕτω,
700 2369 795 2423 καὶ
825 2371 929 2423 οὐκ
968 2368 1140 2431 ἄλλως
1175 2369 1320 2438 ἐχειν
1358 2369 1502 2437 φιλεί
1533 2371 1566 2438 ἡ
1601 2370 1849 2441 ἀλήθεια·

279 2467 329 2519 oi
376 2464 475 2532 μὲν
503 2463 613 2533 γὰρ
643 2463 733 2516 τὸν
778 2465 1264 2534 ἀνακεχωρημὲδον
1299 2464 1544 2533 βιοῦντες
1592 2465 1726 2534 βίον,
1758 2467 1863 2520 καὶ

283 2552 656 2624 μονομαχοῦσι
693 2555 791 2608 καὶ
813 2555 1025 2624 ἀνόπλῳ
1049 2555 1458 2625 συμπλέκονται
1483 2556 1563 2626 τῷ
1584 2557 1849 2627 πολεμίῳο

279 2646 421 2701 ὅπλα
454 2646 562 2716 γὰρ
589 2645 778 2698 παθῶν
817 2648 933 2699 ἐστι
959 2645 1028 2705 τὰ
1055 2647 1382 2717 πράγματα,
1416 2648 1466 2699 οἱ
1499 2647 1555 2700 δὲ
1589 2647 1852 2717 πλήθεσιν

279 2738 338 2791 ἑν
365 2737 515 2791 πόλει
539 2737 1087 2808 συναναμιγνύμενοι,
1123 2740 1216 2791 καὶ
1244 2739 1475 2802 πολλοὺς
1515 2738 1695 2809 ἔχουσι
1722 2740 1852 2795 πολ-

280 2828 505 2899 λαχόθεν
539 2830 667 2892 τοὺς
712 2829 1123 2897 ἐπιτιθεμένους
1148 2829 1346 2893 διόλου,
1376 2831 1472 2883 καὶ
1515 2832 1722 2894 πάντας
1750 2848 1857 2885 πει--

282 2920 631 2990 φραγμένους
672 2920 977 2990 παντευχίᾳ
994 2920 1289 2993 πολεμικῇ,
1320 2922 1413 2974 καὶ
1450 2922 1692 2993 καιρίας,
1722 2924 1851 2976 ὅταν

272 3013 485 3083 τρῶσαι
534 3010 855 3080 δυνηθῶσιν,
903 3012 1257 3081 ὶπιφέροντας
1300 3013 1401 3076 τὰς
1450 3012 1686 3081 πληγάς.
1739 3011 1848 3066 Καὶ

271 3104 421 3158 ἔστιν
450 3103 679 3171 ἀνόητον
719 3103 927 3174 κομιδῇ
947 3105 1191 3174 περιδεῆ,
1236 3105 1330 3158 καὶ
1361 3104 1654 3173 ἐναγώνιον
1681 3122 1861 3158 κατα-ν

274 3194 562 3258 σκευάζειν
589 3193 768 3263 ἑαυτῷ
790 3193 887 3264 τὴν
917 3195 1081 3264 ζωὴν,
1118 3194 1377 3259 ἐξουσίας.
1396 3195 1701 3264 παρούσης,
1721 3194 1849 3265 ἀδεῆ

271 3286 476 3355 ταύτην
496 3283 664 3355 ἔχειν,
701 3286 1047 3352 καὶρᾶφοϐον,
1089 3287 1184 3340 καὶ
1217 3289 1392 3339 ποιεῖν
1416 3287 1517 3357 τὴν
1564 3287 1848 3357 ὲνδεχομέτ

274 3393 370 3446 νην
392 3377 699 3446 ἀσφάλειαν
719 3376 817 3446 τὴν
845 3375 1170 3443 ἀναγκαίαν.
1193 3376 1289 3438 Τίς
1317 3376 1427 3446 γὰρ
1454 3376 1698 3439 ἀποστὰς
1724 3377 1848 3430 ἐπιτο

275 3469 482 3521 ϐούλων
515 3467 610 3521 καὶ
637 3467 878 3538 χωρίσας
913 3467 1106 3520 ἑαυτὸν
1132 3467 1350 3537 μακρὰν
1375 3468 1475 3536 τῆς
1502 3467 1705 3520 τούτοιν
1729 3469 1848 3520 ἐπι-ν

2521 2272 2748 2330 CAPUT
2781 2272 2967 2327 XVI”.

2032 2388 2123 2442 Sic
2149 2390 2350 2456 itaque,
2396 2402 2497 2442 nec
2529 2388 2684 2441 aliter
2732 2403 2791 2454 se
2827 2388 3024 2441 habere
3054 2386 3256 2440 assolet
3290 2385 3533 2441 veritas:

1959 2480 2052 2549 qui
2093 2480 2488 2535 etenimvitam
2530 2479 2737 2548 degunt
2770 2494 2800 2531 a
2826 2479 3101 2533 communi
3127 2477 3407 2549 396'via
3453 2494 3536 2531 re-

1960 2582 2186 2634 motam,
2247 2578 2360 2623 tum
2410 2569 2671 2638 singulari
2729 2577 2971 2639 pugnant
3035 2570 3363 2634 cettamine,
3419 2576 3533 2622 tum

1959 2662 2156 2717 inermi
2205 2677 2328 2716 cum
2383 2662 2693 2716 adversario
2751 2676 2953 2716 manus
2995 2669 3325 2725 conserunt;
3383 2674 3534 2713 arma

1958 2768 2196 2822 namque
2231 2754 2545 2821 passionum
2584 2761 2714 2807 sunt
2744 2753 2985 2822 negotia;
3017 2752 3109 2821 qui
3134 2768 3263 2806 vero
3289 2752 3536 2805 multitu-

1956 2844 2177 2898 dinlbus
2209 2840 2262 2896 in
2309 2844 2441 2897 urbe
2471 2845 2916 2907 commiscentur,
2947 2853 3058 2898 tum
3088 2844 3274 2897 multis
3310 2859 3374 2897 ex
3407 2858 3535 2912 par-

1960 2933 2104 2985 tibus
2156 2932 2357 2985 multos
2408 2933 2607 2986 habent
2648 2933 2966 2987 omnimodo
3012 2932 3365 2992 insidiantes,
3419 2941 3537 2986 tum-

1955 3037 2144 3076 ontnes
2174 3023 2271 3077 bos
2308 3022 2549 3077 munitos
2578 3024 2831 3076 omnibus
2871 3022 3252 3076 instrumentis
3301 3022 3531 3085 bellicis,

1955 3124 2010 3168 et
2054 3113 2274 3182 quando
2306 3113 2582 3182 potuerint
2620 3113 2936 3175 vulnerare,
2968 3112 3192 3165 letltales
3223 3111 3419 3180 plagas.
3456 3112 3535 3164 in-

1957 3205 2228 3269 ferentes;
2263 3204 2407 3258 uude
2459 3205 2684 3257 stultum
2725 3213 2807 3257 est
2858 3203 3100 3272 pavidam
3136 3204 3303 3256 vitam
3329 3211 3531 3256 (rt-cer-

1959 3291 2146 3345 tamini
2174 3290 2470 3345 obnoxiam
2499 3291 2742 3346 studiose
2769 3290 2996 3360 sibiipsi
3021 3290 3224 3357 moliri,
3245 3305 3368 3343 cum
3392 3290 3535 3343 adsit

1955 3380 2185 3436 facultas
2247 3383 2491 3436 eumdem
2567 3382 2813 3451 periculo
2875 3393 3151 3446 carentem
3221 3391 3276 3436 et
3356 3391 3535 3436 metus

1953 3481 2224 3542 expertem
2274 3473 2593 3542 transigere,
2643 3473 2808 3543 inque
2856 3473 3189 3535 necessaria,
3227 3487 3351 3542 qua:
3401 3486 3534 3525 eon-

279 3559 460 3627 μιξίας
496 3558 558 3610 ού
588 3531 778 3628 θοὶιρἐ
815 3558 1023 3621 λοιπὸν,
1053 3531 1148 3613 καί
1179 3531 1326 3610 ἐστιν
1363 3531 1682 3628 ἀμέριμνος,
1726 3559 1847 3611 οὐδὲ

1954 3574 2109 3613 cessa
2138 3570 2241 3624 est,
2281 3560 2539 3615 collocari
2571 3561 2883 3615 securitate.
2910 3558 3044 3626 Quis
3085 3560 3254 3626 enim,
3285 3561 3413 3614 dum
3447 3575 3534 3613 se-

277 3650 409 3718 μίαν
469 3647 762 3719 οὐδαμόθεν
810 3647 1163 3719 ὑφορώμενος
1221 3648 1425 3718 βλάϐην
1481 3649 1592 3713 Eu;
1639 3649 1735 3714 Τίς
1792 3650 1849 3703 δὲ

272 3741 480 3807 τούτοις
529 3740 976 3811 συνδιαιτώμενος
1023 3740 1119 3793 οὐκ
1142 3740 1287 3793 ἐστιν
1335 3742 1392 3793 ἐν
1416 3740 1656 3809 διηνεκεῖ
1699 3740 1849 3810 φόϐῳ

272 3833 502 3886 πάντοτε
546 3831 862 3902 προσδοκῶν
897 3830 1160 3885 πάντοθεν
1191 3830 1484 3901 ἐπιϐουλὴν
1531 3830 1610 3900 τῷ
1639 3832 1848 3895 πάντας

267 3924 473 3994 ταύτην
505 3924 592 3977 διὰ
640 3924 879 3994 σπουδῆς
924 3923 1070 3995 ἔχειν
1104 3924 1209 3987 ἀεὶ,
1255 3925 1329 3987 ὡς
1362 3923 1506 3976 κατὰ
1549 3922 1848 3993 δυσμενοῦς

270 4016 590 4086 δυσμενείς;
639 4016 764 4080 Πῶς
815 4016 908 4069 οὖν
943 4016 1043 4085 τῆς
1085 4015 1368 4086 εἰρηνικῆς
1415 4014 1511 4067 καὶ
1569 4015 1845 4084 ἀταράχου

272 4106 551 4175 διαγωγῆς
590 4108 624 4177 η
670 4106 808 4176 μετὰ
857 4105 966 4160 τῶν
1010 4105 1343 4159 ἀδικούντων
1392 4105 1540 4157 ἐστὶν
1572 4103 1844 4175 ἀμείνωνς

275 4199 389 4253 Καὶ
438 4198 558 4260 πῶς
597 4201 630 4266 ἡ
667 4198 870 4270 λῃστὰς
902 4198 1102 4267 ἔχουσα
1147 4198 1241 4250 καὶ
1271 4196 1582 4267 βαρϐάρους
1612 4195 1726 4259 ὁδὸς
1748 4196 1849 4265 τῆς

273 4290 447 4354 ἀδεῶς
477 4289 799 4360 ὁδευομένης
830 4289 1080 4360 ἔδοξεν,ῆ
1111 4289 1259 4342 δοκεῖ
1290 4304 1432 4341 τισιν
1459 4285 1843 4358 αἰρετώτεροςς

283 4383 349 4434 'H
375 4382 475 4450 μὲν
502 4382 594 4434 καὶ
618 4383 934 4452 μιαιφόνους
957 4383 1088 4452 ἔχει,
1114 4381 1207 4434 καὶ
1234 4379 1569 4444 λωποδύτας,
1596 4379 1687 4449 καὶ
1713 4379 1849 4431 πάν-

271 4488 380 4533 τως
415 4470 561 4525 ἔστιν
589 4472 620 4543 ἢ
663 4473 1013 4541 φονευθῆναι,
1048 4472 1081 4542 ἢ
1114 4471 1215 4525 κᾶν
1246 4470 1601 4541 περιδυθῆναι
1630 4468 1691 4522 τὸ
1722 4468 1848 4538 ἱμά-

270 4564 472 4633 τιον·ὴ
526 4563 582 4615 δὲ
628 4565 808 4633 πάσης
856 4564 1112 4628 ὑπονοίας
1163 4562 1559 4632 ἀπηλλαγμένη
1592 4560 1849 4629 τοιαύτης

274 4651 511 4721 ἀζήμιον
562 4656 674 4718 τοῖς
723 4655 948 4717 ὁδίταις,
1003 4658 1099 4708 καὶ
1151 4655 1357 4721 ἄλυπον
1410 4655 1509 4727 τὴν
1538 4654 1850 4724 ὁδοιπορίαν

275 4744 441 4806 ποιεῖ,
476 4745 569 4796 καὶ
615 4743 715 4814 τὴν
759 4746 948 4814 κτῆσιν
998 4744 1359 4808 διασώζουσιν
1399 4746 1702 4816 ἀσύλητον,
1756 4734 1851 4796 καὶ

274 4835 515 4903 φαιδρῶς
547 4837 645 4905 τὴν
679 4837 796 4889 ὁδὸν
833 4838 925 4889 καὶ
959 4836 1269 4907 γεγηθότως
1298 4838 1626 4894 διανύουσιν.

1961 3649 2192 3704 cesserit
2235 3652 2304 3703 ab
2359 3651 2790 3716 insidiatoribus,
2837 3663 2890 3706 et
2925 3652 3116 3721 procul
3175 3651 3416 3721 seipsum
3466 3651 3537 3705 ab

1914 3792 1917 3795 .
1953 3755 2143 3794 eorum
2178 3741 2561 3795 commistione
2606 3743 2891 3810 separarit,
2920 3743 3174 3812 deinceps
3206 3759 3311 3797 non
3340 3758 3537 3798 securo

1954 3837 2039 3883 est
2063 3829 2267 3893 animo,
2301 3844 2363 3883 ac
2409 3832 2527 3884 sine
2557 3829 2925 3884 sollicitudine
2961 3830 3197 3892 exsistit,
3229 3830 3374 3883 nulla
3418 3844 3535 3882 am-

1954 3919 2098 3989 plius
2129 3932 2195 3972 ex
2229 3928 2381 3987 parte
2410 3919 2573 3973 ullam
2609 3918 2970 3973 reformidans
3005 3918 3243 3972 noxam?
3270 3917 3404 3983 Quis
3439 3933 3536 3970 au-

1958 4020 2063 4065 tem
2096 4025 2218 4065 cum
2275 4010 2396 4063 istis
2425 4009 2747 4064 cobahitans
2795 4025 2902 4061 non
2945 4019 3031 4062 est
3079 4009 3132 4060 in
3173 4016 3319 4060 metu
3359 4009 3535 4060 conti-

1905 4146 1908 4149 λ
1956 4118 2086 4169 ιιυο,
2131 4101 2276 4157 omni
2325 4117 2389 4155 ex
2432 4108 2585 4169 parte
2632 4100 2890 4170 omnique
2928 4108 3168 4169 tempore
3217 4108 3535 4166 exspectans

1955 4195 2203 4259 insidias,
2245 4209 2368 4248 cum
2410 4207 2602 4246 omnes
2657 4190 2951 4244 moliantur
2994 4190 3141 4259 ipsas
3184 4187 3421 4252 assidue,
3455 4187 3533 4240 uti

1954 4288 2131 4343 solent
2163 4283 2410 4339 malevoli
2445 4284 2498 4336 in
2531 4280 2858 4335 malevolos?
2885 4279 3003 4345 Quo
3028 4287 3189 4350 pacto
3211 4276 3377 4348 igitur
3407 4276 3529 4330 vita:

1956 4381 2205 4435 instituto
2239 4374 2483 4447 pacifico,
2524 4373 2850 4441 minimeque
2878 4370 3190 4441 perturbato
3225 4368 3418 4422 melius
3450 4374 3534 4423 est

1956 4472 2029 4536 id,
2072 4469 2218 4541 quod
2259 4482 2381 4522 cum
2434 4465 2691 4535 injuriam
2743 4462 3105 4519 inferentibus
3158 4459 3429 4516 habetur?
3467 4457 3533 4512 Et

1955 4562 2229 4633 quomodo
2258 4560 2369 4623 via,
2417 4575 2537 4628 quae
2564 4557 2869 4613 latronibus
2916 4565 2971 4612 et
3004 4555 3253 4610 barbaris
3287 4560 3371 4607 est
3399 4550 3535 4607 infe-

1957 4665 2061 4719 sta,
2094 4656 2205 4707 visa
2230 4651 2349 4714 fuit,
2384 4660 2477 4705 aut
2505 4650 2717 4704 videtur
2742 4649 3017 4718 aliquibus
3061 4647 3240 4717 potius
3269 4644 3533 4715 eligenda,

1956 4760 2118 4815 quam
2163 4758 2248 4808 ea,
2278 4755 2400 4811 qua:
2442 4741 2651 4810 absque
2698 4741 2808 4793 ullo
2866 4749 3009 4796 metu
3061 4738 3246 4809 pervia
3292 4735 3409 4791 est?
3439 4734 3532 4787 Illa

1956 4834 2175 4904 quidem
2219 4841 2273 4886 et
2313 4832 2653 4903 jugulatores
2698 4831 2859 4885 habet
2897 4838 3175 4895 cruentos,
3218 4840 3269 4883 et
3306 4825 3532 4882 vestium

272 4928 691 4995 cxspoliatores,
717 4938 771 4982 et
807 4928 860 4981 in
908 4944 969 4981 ca
1020 4932 1245 4985 omnino
1304 4939 1520 4998 oportet
1599 4940 1694 4983 aut
1766 4926 2020 4987 interfici.
2068 4933 2163 4979 aut
2207 4933 2354 4979 veste
2397 4922 2748 4994 despoliari:
2816 4923 2916 4978 ista
2961 4938 3090 4975 vero
3140 4923 3208 4976 ah
3240 4920 3387 4975 omni
3427 4920 3533 4974 bu-

268 5018 576 5085 jusccmodi
619 5018 934 5088 suspicione
963 5021 1161 5083 aliena,
1201 5021 1504 5075 viatoribus
1572 5021 1773 5089 praebet
1855 5015 2234 5088 peregrinandi
2278 5014 2594 5069 facultatem
2645 5014 2763 5067 sine
2826 5013 2938 5067 ullo
2982 5013 3182 5067 damno
3228 5020 3283 5066 et
3325 5011 3529 5077 dolore,

271 5114 365 5182 qui
399 5123 725 5169 conservant
752 5115 896 5182 quod
924 5115 1201 5182 possident
1231 5114 1543 5171 nullatenus
1571 5111 1911 5191 eripiendum
1966 5120 2020 5165 ct
2052 5109 2295 5181 hilariter
2327 5109 2559 5177 Iunoque
2590 5106 2774 5161 animo
2813 5112 3082 5175 peragunt
3109 5104 3269 5158 viam.

863 5228 1115 5281 ΚΕΦΛΛ.
1158 5226 1240 5281 ΙΘ’

349 5334 533 5390 ’Λλλοι
574 5338 674 5399 τὰς
711 5337 989 5415 τραχείας,
1024 5340 1117 5392 καὶ
1158 5340 1459 5404 δυσϐάτους
1509 5341 1850 5404 ἐκκλίνοντες

272 5427 573 5494 ἀτραποὺς,
601 5427 703 5481 κᾶν
739 5423 873 5482 ῶσιν
903 5429 1151 5499 ἐπίτομοι
1172 5471 1187 5494 ,
1229 5431 1326 5494 τὰς
1358 5431 1567 5500 ὁμαλὰς
1600 5431 1690 5485 καὶ
1720 5431 1853 5484 λεω-

273 5517 476 5585 φόρους
511 5518 906 5585 μεταδιώκουσι
955 5523 1135 5575 πλεῖον
1180 5520 1411 5591 ἐχούσας
1442 5521 1501 5575 τὸ
1535 5523 1703 5575 vim;
1758 5524 1852 5576 ml.

349 5697 393 5727 “
424 5696 625 5770 Jercm.
671 5715 743 5762 VI,
769 5698 862 5753 ⁵ὶὸ.

2433 5220 2594 5291 397
2619 5217 2847 5275 CAPUT
2907 5216 3026 5271 xut

2028 5333 2156 5399 Alii,
2198 5333 2445 5389 tramites
2510 5346 2729 5400 asperos
2775 5339 2827 5383 et
2872 5327 3101 5381 transitu
3146 5324 3410 5390 diliiciles,
3440 5325 3534 5380 de—

1960 5422 2244 5487 clinantes,
2278 5424 2530 5493 quamvis
2573 5424 2682 5478 sint
2724 5419 2951 5481 concisi.
3003 5434 3069 5473 ac
3115 5417 3413 5480 breviores,
3456 5414 3535 5469 in-

1959 5517 2186 5587 quirunt
2217 5519 2436 5573 semitas
2469 5517 2657 5585 planas
2700 5528 2763 5565 ac
2794 5512 3060 5580 publicas,
3110 5525 3230 5579 ιιιιέ
3264 5507 3535 5586 longiores

942 5702 982 5729 “
1018 5699 1031 5752 1
1069 5699 1209 5755 i‘rtr.
1243 5720 1293 5767 v,
1328 5704 1374 5756 8.
1458 5705 1499 5733 ³⁵
1526 5705 1631 5756 isa.
1670 5719 1810 5766 μανι,
1848 5704 1932 5755 '20.
2011 5705 2054 5733 ’⁸
2083 5703 2146 5755 ιν
2198 5703 2321 5770 IlI-3.
2362 5717 2429 5764 γι,
2466 5697 2553 5753 5‘2.
