4046 6152
500 310 640 373 1083

1995 315 2056 374 S.
2100 314 2261 374 NlLI

3630 309 3761 373 108$

503 424 677 478 multo
721 430 869 486 sunt,
922 421 1268 491 indigentque
1325 420 1656 475 diuturniori
1715 433 1975 491 tempore,
2026 431 2085 476 ut

2193 420 2444 490 δεομένας
2481 420 2616 489 πρὸς
2663 419 2722 472 τὺ
2754 418 3050 488 ἀνυσθῆναι
3100 419 3344 484 πλείονος
3396 419 3611 491 χρόνου.
3653 424 3762 478 Καὶ

501 510 879 567 conficiantur.
919 511 983 565 Et
1012 525 1118 579 qna
1154 511 1363 565 ratione
1401 512 1506 575 via,
1555 526 1677 580 quae
1712 512 1880 565 ardua
1912 519 1994 565 est
2025 520 2079 565 et

2193 511 2301 575 πῶς
2329 513 2363 581 ἠ
2411 511 2741 581 προσάντης,
2793 510 2887 563 καὶ
2927 509 3311 580 δυσπόρευτος,
3361 511 3395 582 ή
3434 512 3625 583 μακρά
3669 516 3764 567 καὶ

499 604 587 655 vix
636 598 955 670 pertransiri
1003 608 1199 669 potest,
1247 616 1367 669 qum
1418 601 1574 671 longa
1619 610 1671 655 et
1752 600 2076 670 periculosa,

499 706 620 759 quae
668 690 908 745 ferarum
968 690 1165 744 ictibus
1200 690 1466 759 subjecta.
1521 706 1585 743 ac
1628 692 1940 759 praedonum
1995 698 2081 745 est

501 784 680 847 altrix,
713 793 767 836 et
800 784 1024 853 laqueos
1068 783 1251 847 habet,
1307 790 1361 836 et
1398 782 1681 846 scandala,
1727 796 1780 836 et
1814 782 2075 847 insultus,

504 884 553 927 et
591 872 837 937 insidias,
896 881 950 926 et
995 873 1315 927 detrimenta
1374 874 1563 937 multa,
1610 874 1891 943 judicatur
1936 889 2079 945 prte-

503 967 730 1019 stautior
763 980 825 1019 ea
867 980 988 1034 quae
1049 965 1344 1019 tolerabilis
1388 980 1506 1029 εει,
1549 974 1711 1035 atque
1769 966 1989 1019 concisa
2030 977 2081 1021 et

504 1055 699 1122 piana?
752 1055 828 1108 lbi
869 1054 1114 1109 mulieris
1156 1063 1407 1123 aspectus
1452 1056 1698 1123 proritat,
1742 1054 1970 1121 divitiae,
2028 1065 2082 1109 et

504 1153 838 1215 potentatus,
862 1154 916 1200 et
945 1146 1117 1216 gloria
1141 1155 1487 1199 commovent
1514 1147 1949 1212 aemulatiOnem;
1975 1148 2080 1202 alia

504 1238 843 1291 iracundiam
899 1238 1189 1303 vellicant;
1245 1238 1346 1291 alia
1399 1239 1898 1307 concupiscentiam
1955 1255 2080 1293 suc-

505 1326 779 1385 cendunt:
826 1326 930 1379 alia
969 1325 1315 1380 dimisionem
1361 1327 1543 1382 cordis
1583 1342 1693 1396 prae
1730 1328 1936 1392 la-titia,
1981 1329 2082 1382 alia

505 1432 634 1472 vero
676 1418 843 1471 animi
885 1417 1272 1472 demissioncm
1308 1417 1584 1484 inferunt;
1615 1420 1718 1473 alia
1747 1421 1956 1473 vultum
1994 1424 2086 1473 dc-

508 1510 771 1573 missum,
817 1524 911 1564 seu
962 1510 1221 1579 pudorem
1272 1525 1394 1565 cum
1434 1526 1667 1566 mmrore
1699 1521 1752 1565 ct
1809 1511 2087 1567 confusio.

509 1616 669 1665 nem;
700 1601 805 1655 alia
846 1601 1131 1670 gaudium,
1173 1602 1608 1672 hllaritatemque
1663 1602 1934 1670 efﬁciunt;
1980 1605 2085 1658 alia

504 1692 944 1754 oblectationem,
1003 1701 1058 1746 et
1114 1693 1220 1747 alia
1281 1693 1533 1760 taedium;
1596 1693 1783 1763 sicque
1846 1694 2088 1764 quotidie

2182 601 2537 666 ἐπικίνδυνος,
2570 602 2602 671 ή
2639 598 3095 669 θηροδολουμένη,
3120 600 3214 653 καὶ
3246 600 3634 672 λῃστοτρόφος.
3670 606 3763 656 καὶ

2191 692 2419 763 βρόχους
2448 692 2665 762 ἔχουσα,
2693 692 2789 744 καὶ
2820 691 3111 758 σκάνδαλα,
3139 692 3232 745 καὶ
3257 692 3498 764 ἐνέδρας,
3524 695 3617 746 καὶ
3634 695 3778 763 ἐπη-

2189 784 2340 855 ρείας
2380 786 2579 847 πολλὰς
2604 784 2702 854 τῆς
2729 783 2981 851 ἀνεκτῆς,
2999 783 3092 836 καὶ
3111 784 3380 853 συντόμου
3400 784 3494 837 καὶ
3522 785 3762 854 πεδινῆς,

2187 875 2434 945 κρίνεται
2455 875 2825 944 προτιμοτέρα
2848 894 2863 941 ;
2901 874 3061 942 Ὀψις
3081 875 3199 927 ἐκεῖ
3225 875 3481 942 γυναικὸς
3508 874 3765 945 ἐρεθίζει,

2185 963 2434 1027 πλοῦτος,
2471 965 2562 1017 καλ⁸
2587 952 2893 1025 δυναστεία,
2917 962 3009 1015 καὶ¹
3032 961 3161 1029 δόξα
3194 964 3336 1014 κινεῖ
3361 961 3417 1015 τδ
3441 961 3767 1032 ζηλότυπον,

2184 1055 2317 1108 ἀλλα
2357 1056 2449 1107 τὸν
2479 1054 2648 1124 θυμὸν
2682 1050 2979 1117 ἐπικνίζει’
3011 1052 3148 1106 ἄλλα
3194 1051 3297 1122 τὴν
3339 1052 3641 1122 ἐπιθυμίαν
3679 1055 3771 1105 ἀνα

2186 1145 2368 1205 ἅπτει,
2402 1146 2495 1197 καὶ
2542 1144 2701 1213 ἕτερα
2723 1143 2989 1213 διάχυσιν,
3014 1143 3107 1196 καὶ
3136 1142 3303 1212 ἕτερα
3338 1144 3482 1196 ποιεῖ
3510 1145 3769 1197 ταπεινό-

2184 1253 2345 1306 τητα,
2372 1235 2505 1288 ἀλλα
2535 1235 2860 1304 κατήφειαν,
2885 1234 2977 1286 καὶ
3002 1233 3286 1302 σύγχυσιν,
3313 1233 3450 1287 ἄλλα
3469 1234 3646 1304 χαράν
3675 1236 3771 1287 καὶ

2186 1325 2481 1379 εὐπάθειαν
2513 1324 2838 1395 ἐργάζεται·
2869 1323 3006 1377 ἀλλα
3048 1323 3261 1392 τέρψιν,
3298 1324 3392 1378 καὶ
3424 1326 3589 1393 ἐτερα
3636 1328 3767 1378 δυσ-

2186 1416 2477 1487 αρέστησιν
2497 1457 2511 1481 ,
2540 1417 2632 1469 καὶ
2675 1416 2799 1468 καθ’
2832 1416 3070 1486 ἐκάστην
3109 1417 3166 1469 ἐν
3191 1418 3301 1479 τοῖς
3348 1416 3647 1485 ὁρωμένοις
3675 1416 3772 1469 καὶ

2186 1508 2540 1579 ἀκουομένοις
2605 1508 2746 1561 οὕτω
2800 1507 3114 1576 τυφόμενα,
3170 1507 3267 1560 καὶ
3314 1506 3646 1576 ριπιζόμενα
3701 1507 3771 1559 τὰ

2189 1599 2358 1668 πάθη,
2391 1598 2507 1660 πῶς
2534 1600 2614 1661 είς
2656 1597 2918 1668 λαμπρὰν
2956 1598 3057 1650 οὐκ
3085 1598 3450 1666 ἀναστήσεται
3479 1597 3770 1668 ὁτεδήποτε

2190 1691 2384 1759 φλόγα,
2415 1692 2507 1744 καὶ
2547 1694 2613 1760 τῇ
2662 1690 2875 1756 συνεχεῖ
2916 1688 3194 1760 γυμνασίᾳ
3233 1686 3431 1756 φθάσει
3469 1686 3606 1757 πρὸς
3646 1688 3772 1740 δυσ-

508 1783 594 1837 his
658 1797 781 1852 qua:
838 1782 1094 1837 videntur
1148 1792 1202 1838 et
1256 1784 1556 1838 audiuntur
1627 1784 1973 1839 inﬂammata:
2037 1795 2088 1839 et

2193 1783 2493 1835 κατάλυτον
2521 1781 2656 1846 ἐξιν,
2689 1781 2785 1835 καὶ
2816 1782 2915 1850 τὴν
2944 1780 3267 1850 μεταϐολὴν,
3322 1779 3355 1850 ἢ
3410 1780 3690 1844 ἐπίπονον,
3737 1781 3769 1849 ἢ

506 1874 808 1928 eventilata:
835 1874 1139 1942 passiones,
1170 1874 1447 1943 quomodo
1477 1876 1530 1929 in
1563 1876 1901 1945 splendidam
1934 1876 2088 1931 flam-

511 1980 652 2019 mam
683 1964 899 2019 tandem
933 1965 1228 2034 aliquando
1256 1981 1362 2019 non
1395 1977 1710 2037 exsurgent,
1744 1977 1797 2022 et
1825 1968 2085 2023 continua

509 2055 896 2110 exercitatione
941 2069 1049 2108 non
1097 2056 1404 2125 pertingeat
1452 2058 1516 2111 ad
1574 2058 1816 2111 habitum
1866 2057 2089 2114 dissolvi

510 2145 808 2210 difﬁcilem,
834 2160 896 2202 ac
921 2146 1453 2211 transmutationem,
1479 2157 1575 2202 aut
1607 2147 1958 2213 laboriosam,
1991 2159 2086 2205 aut

513 2236 761 2293 fortassis
803 2237 1193 2307 impossibilem
1238 2253 1349 2292 non
1383 2237 1662 2294 efficient?
1697 2239 1911 2295 Etenim
1955 2256 2092 2295 con-

514 2329 746 2384 suetudo
780 2344 887 2384 non
930 2331 1115 2385 minus
1144 2344 1308 2400 quam
1347 2330 1621 2386 vinculuin
1658 2332 1926 2397 detinens,
1980 2348 2092 2387 non

515 2416 777 2485 permittit
821 2431 1120 2483 recessum,
1175 2419 1376 2488 quippe
1436 2435 1557 2487 quae
1610 2421 1890 2487 paululum
1943 2422 2092 2476 cedit

515 2508 773 2578 impulsui
817 2509 1081 2572 moventi,
1136 2516 1193 2563 at
1241 2524 1436 2564 rursus
1478 2511 1644 2565 trahit
1680 2510 1748 2564 ad
1799 2526 1859 2566 se
1917 2512 2088 2581 ipsam

514 2615 662 2664 eum,
697 2599 789 2669 qui
838 2608 1070 2655 conatur
1113 2602 1427 2657 abscedere.
1485 2601 1706 2665 Verum,
1754 2604 1845 2672 qui
1900 2605 1967 2657 ah
1999 2604 2097 2659 hu-

510 2692 666 2762 jusce
692 2693 818 2747 vitae
850 2693 1078 2762 negotiis
1116 2702 1399 2763 separatus
1427 2702 1531 2756 est,
1555 2701 1610 2749 et
1655 2709 1851 2750 sensus
1899 2695 2096 2750 avertit

515 2797 546 2836 δ
591 2782 752 2838 rebus
803 2782 1174 2848 seusibilibus,
1221 2793 1385 2853 atque
1434 2784 1575 2852 apud
1630 2784 1867 2852 seipsum
1913 2785 2095 2854 quiete

515 2873 649 2943 agit,
686 2873 731 2928 si
766 2873 1058 2929 memorias
1088 2874 1285 2928 habeat
1331 2874 1678 2943 passionihus
1708 2874 1960 2942 percitas,
2004 2890 2096 2930 ce-

516 2963 682 3018 lerius
710 2962 908 3018 delebit
933 2978 1049 3027 eas,
1076 2971 1336 3033 tempore,
1372 2963 1540 3033 398
1572 2965 1717 3032 quod
1751 2964 1936 3018 omnia
1975 2980 2095 3033 per—

2193 1874 2332 1944 τάχα
2365 1874 2583 1942 ποιήσει
2627 1873 2723 1926 καὶ
2757 1872 3051 1938 ἁδύνατον;
3097 1869 3313 1939 Δεσμοῦ
3352 1870 3460 1941 γὰρ
3485 1871 3587 1924 οὐκ
3617 1871 3770 1924 ἐλατ-

2194 1982 2283 2017 τον
2338 1964 2640 2032 κατέχουσα
2701 1965 2733 2032 ή
2788 1963 3065 2032 συνήθεια,
3115 1963 3218 2030 τὴν
3266 1961 3620 2030 ἀναχώρησιν
3673 1962 3771 2015 οὐκ

2194 2056 2430 2126 ἐφίησιν,
2456 2056 2633 2122 ὀλίγον
2668 2054 2940 2109 ἐνδιδοῦσα
2963 2055 3029 2124 τῇ
3052 2056 3218 2124 ὁρμῇ.
3245 2054 3341 2107 καὶ
3365 2049 3522 2117 αὖθις
3540 2053 3773 2108 ἕλκουσα

2198 2145 2334 2214 πρὸς
2380 2143 2578 2214 ἑαυτὴν
2623 2143 2716 2197 τὸν
2772 2142 3142 2212 ἁποφοιτῆσαι
3194 2143 3556 2213 πειρώμενον.
3611 2144 3674 2196 ὐ
3717 2143 3772 2196 δὲ

2192 2233 2301 2287 τῶν
2355 2233 2623 2303 βιωτικῶν
2676 2234 3084 2303 κεχωρισμένος
3135 2235 3503 2305 πραγμάτων,
3550 2234 3645 2287 καὶ
3675 2237 3772 2297 τὰς

2195 2323 2477 2393 αἰσθήσεις
2516 2324 2837 2394 ἀποστήσας
2875 2323 2985 2377 τῶν
3026 2324 3325 2395 αἰσθητῶν,
3373 2325 3470 2377 καὶ
3496 2323 3619 2377 καθ’
3650 2325 3774 2378 ἐαυ-

2192 2416 2285 2469 τὸν
2313 2414 2558 2485 ἠρεμῶν,
2606 2414 2673 2468 ἂν
2708 2414 2808 2484 μὲν
2844 2414 2944 2486 ἔχῃ
2981 2415 3199 2484 μνήμας
3242 2414 3535 2484 ἐμπαθεῖς,
3565 2416 3779 2485 ταχέως

2195 2505 2446 2575 ἀφανίσει
2492 2504 2718 2568 ταύτας.
2770 2503 2866 2557 τοῦ
2924 2504 3104 2558 πάντα
3154 2504 3514 2569 παλαιοῦντος
3555 2505 3772 2575 χρόνου,

2195 2594 2364 2664 λήθην
2389 2594 2484 2647 καὶ
2526 2592 2731 2646 τούτων
2761 2590 2904 2646 κατὰ
2934 2591 3134 2663 μικρὸν
3161 2590 3532 2661 ἐργαζομένου
3557 2608 3572 2623 ’
3604 2591 3699 2643 ἐὰν
3718 2591 3776 2643 δέ

2200 2686 2368 2755 μηδὲν
2399 2684 2620 2748 ἐδέξατο
2644 2683 2753 2738 τῶν
2784 2670 3085 2737 ποιούντων
3121 2683 3301 2753 μάχην
3343 2679 3597 2745 εἰδώλων,
3635 2682 3777 2751 πρὸς

2195 2777 2296 2840 τὰς
2330 2775 2567 2845 φυσικὰς
2594 2775 2935 2845 ὑπομνήσεις
2961 2773 3124 2843 ψιλὰς
3159 2772 3403 2843 exet,th
3450 2770 3628 2842 πάλην
3676 2771 3777 2824 εὐμ-

2198 2867 2636 2936 καταγωνίστους
2681 2866 2850 2932 οὔσας
2900 2863 3356 2937 εὐπαραγώγους,
3382 2863 3482 2932 τῆς
3531 2861 3777 2923 διανοίας

2197 2959 2433 3021 εὐκόλως
2467 2958 2895 3029 μετατιθεμένης
2923 2956 3115 3021 αύτάς,
3146 2956 3247 3009 καὶ
3287 2950 3775 3023 ἀποστρεφομένης

514 3053 779 3123 antiquat,
827 3053 1023 3107 horum
1066 3068 1282 3123 quoque
1323 3054 1579 3122 paulatim
1644 3054 1971 3109 oblivionem
2019 3055 2088 3108 in-

2198 3050 2459 3120 εὐχερῶς,
2499 3051 2628 3104 ὅταν
2661 3051 2850 3121 μηδενὶ
2878 3049 2987 3103 τῶν
3023 3048 3225 3115 ἔξωθεν
3252 3046 3450 3117 λίχνων
3497 3043 3770 3107 δελεάζειν

514 3144 782 3208 ducente;
855 3142 938 3196 sin
982 3155 1111 3195 vero
1167 3142 1368 3196 nullam
1405 3140 1705 3209 susceperit
1730 3139 1961 3209 effigiem
2014 3156 2088 3195 eo

2204 3141 2428 3211 δύνηται
2461 3143 2489 3194 ὁ
2517 3142 2709 3212 ἐχθρός

515 3250 639 3290 rum
682 3245 805 3303 quas
858 3245 1093 3299 pugnam
1147 3230 1313 3292 cient,
1364 3231 1565 3285 luctam
1618 3228 1782 3283 habet
1823 3229 2085 3285 adversus
2123 3231 2397 3301 simplices
2451 3226 3225 3295 reminiscentias'naturales,
3259 3245 3384 3301 qua:
3440 3227 3628 3285 faciles
3649 3234 3775 3283 sunt

514 3334 848 3401 expugnato,
879 3332 934 3378 et
962 3324 1159 3378 abduci
1194 3323 1343 3378 nullo
1428 3323 1649 3392 negotio
1723 3330 1952 3390 queunt,
1982 3331 2163 3379 mente
2203 3324 2564 3381 transferente
2605 3326 2864 3383 facillime
2905 3327 3072 3395 ipsas,
3115 3333 3169 3379 et
3209 3333 3497 3379 aversante
3526 3322 3648 3379 sine
3687 3321 3777 3376 la-

514 3417 666 3483 bore,
702 3415 923 3486 quando
962 3414 1220 3469 inimicus
1245 3411 1391 3467 nulla
1420 3411 1593 3482 possit
1617 3411 1949 3466 exteriorum
1987 3413 2340 3482 cupediarnm
2371 3416 2609 3473 allicere.

1103 3542 1329 3601 CAPUT
1368 3542 1488 3599 XX.

586 3659 746 3717 Hisce
786 3659 989 3729 quippe
1037 3655 1318 3711 consuevit
1372 3656 1597 3727 (hostis)
1646 3659 1928 3728 passiones
1982 3660 2092 3714 illi-

517 3767 667 3813 nere,
701 3765 765 3806 ac
804 3749 1021 3805 efficere
1065 3749 1388 3807 luctationes
1425 3763 1684 3818 operosas
1717 3759 1771 3804 et
1800 3750 2097 3805 laboriosas

515 3842 920 3898 decertantibus
956 3858 970 3894 :
1002 3854 1103 3895 nec
1140 3840 1283 3895 enim
1329 3849 1541 3895 tantum
1599 3851 1779 3910 potest
1831 3843 2096 3911 concupi-

518 3933 724 3988 scentia
766 3931 885 3988 sine
914 3930 1157 3989 materia,
1193 3942 1458 3999 quantum
1492 3931 1657 3995 valet,
1685 3946 1809 3986 cum
1854 3934 1903 3986 ei
1950 3932 2098 3999 adja-

516 4031 642 4078 cent
667 4020 942 4091 proposita
978 4018 1447 4089 concupiscihilia,
1480 4034 1580 4073 nec
1626 4034 1818 4074 rursus
1847 4020 2094 4073 domina-

519 4121 607 4165 tur
650 4110 755 4176 ira,
802 4125 925 4163 cum
978 4125 1084 4163 non
1139 4108 1281 4164 adsit
1326 4109 1418 4178 qui
1455 4110 1690 4163 concitet
1736 4109 1905 4162 illam.
1939 4108 2095 4163 Volu-

518 4212 637 4269 ptas
673 4215 801 4255 vero
850 4211 978 4254 tunc
1016 4201 1308 4265 excitatur,
1354 4200 1574 4270 quando
1616 4201 1667 4253 id
1710 4200 1858 4269 quod
1896 4202 2092 4270 placet,

517 4302 735 4363 aspectu
763 4291 991 4362 proritat
1025 4291 1345 4360 appetitum.
1381 4291 1523 4345 Sunt
1540 4301 1721 4344 autem
1755 4292 1950 4343 horum
1978 4306 2096 4345 mo-

518 4394 605 4438 tus
647 4382 871 4448 infirmi,
929 4396 993 4435 ac
1026 4382 1262 4444 remissi,
1305 4396 1409 4434 neu
1455 4381 1780 4435 obturbante
1816 4382 2096 4451 imagina-

517 4474 685 4538 tione,
720 4489 841 4542 quae
881 4472 1374 4526 considerationem
1414 4471 1561 4525 velut
1598 4487 1627 4525 e
1658 4488 1853 4526 somno
1874 4475 2092 4537 excitat,

515 4564 671 4632 quasi
706 4563 1061 4628 obdormiret,
1090 4574 1143 4619 et
1193 4564 1577 4633 cogitationem
1627 4564 1680 4618 in
1717 4579 1775 4619 se
1806 4565 1922 4634 ipsa
1967 4565 2093 4619 reti—

517 4664 607 4707 net
640 4653 876 4724 vigilem,
911 4669 975 4708 ac
1020 4662 1448 4723 permanentem.
1483 4655 1726 4727 Exempli
1765 4659 1973 4727 gratia;
2015 4657 2094 4711 vi-

516 4757 629 4805 sus,
660 4742 775 4811 qui,
809 4740 1066 4795 blandum
1097 4742 1302 4812 aliquid
1327 4743 1560 4798 amicum
1592 4746 1840 4809 reddens,
1876 4746 2092 4800 cohibet

517 4831 952 4886 inconniventem
989 4832 1245 4887 intuitum
1284 4834 1429 4889 oculi
1466 4835 1693 4890 nimium
1732 4837 1978 4907 corporis
2006 4838 2089 4893 sui

517 4924 766 4988 studiosi,
799 4934 852 4981 et
873 4925 1181 4980 nullatenus
1202 4941 1326 4981 eum
1355 4926 1728 4996 circumagere
1747 4928 2086 4997 permittens,

519 5030 618 5068 nec
644 5015 852 5082 sinens,
888 5022 947 5069 ut
977 5018 1041 5070 ad
1083 5017 1283 5086 aliquid
1316 5017 1461 5071 aliud
1505 5018 1797 5071 transferat
1837 5020 2087 5072 voltlltla-

519 5114 624 5157 tem
676 5105 797 5174 (etsi
837 5107 961 5176 quis
1010 5107 1129 5160 velit
1183 5107 1602 5178 constringere),
1650 5110 1817 5162 vincit
1861 5111 2088 5162 delecta-

517 5193 662 5246 tione
703 5197 967 5263 pertinax,
1015 5211 1382 5266 magnumque
1420 5198 1659 5251 studium
1707 5199 2085 5252 contendentis

517 5282 732 5335 oculum
757 5294 1017 5340 avertere.
1046 5283 1245 5340 Verum
1276 5304 1381 5339 non
1414 5288 1492 5341 sic
1524 5287 1796 5355 contingit
1831 5288 1899 5352 ei,
1929 5290 2021 5355 qui
2056 5305 2085 5343 a

516 5373 647 5428 solis
668 5376 1134 5431 recordationibus
1158 5380 1519 5445 perturbatur,
1550 5381 1636 5434 cui
1674 5380 1922 5435 liberati!)
1954 5380 2087 5436 faci-

516 5461 581 5517 lis
618 5473 721 5531 est,
745 5466 911 5534 fitque
948 5467 1098 5522 valde
1136 5478 1386 5539 prompta
1416 5473 1664 5538 migratio
1694 5490 1707 5526 :
1738 5472 2087 5528 meditatione

518 5566 767 5621 namque,
823 5571 887 5609 ac
931 5558 1189 5611 exercitio
1236 5577 1548 5615 sermonum
1604 5564 1993 5631 spiritualium,
2032 5578 2084 5620 ct

519 5638 729 5699 intensa
780 5647 1025 5701 oratione
1071 5664 1223 5702 mens
1263 5653 1501 5709 nltscrdit
1530 5656 1694 5727 399
1715 5658 1782 5712 ab
1822 5659 1926 5725 his,
1965 5677 2083 5729 qmc

2799 3551 3049 3605 ΚΕΦΑΛ.
3093 3553 3177 3606 κ’.

2271 3662 2492 3726 Τούτοις
2520 3663 2627 3733 γὰρ
2660 3662 2900 3732 ἀλείφειν
2937 3664 3149 3733 πέφυκε
3178 3664 3249 3719 τὰ
3280 3664 3448 3735 πάθη,
3483 3665 3579 3719 καὶ
3607 3666 3773 3718 ποιεῖν

2199 3754 2312 3815 τοῖς
2358 3751 2781 3820 ἀγωνιζομένοις
2831 3752 3066 3824 ἐργώδη,
3127 3754 3224 3807 καὶ
3270 3754 3506 3807 ἐπίπονα
3554 3754 3622 3807 τὰ
3671 3770 3773 3806 πα-

2199 3842 2470 3912 λαίσματα
2489 3858 2502 3872 ·
2533 3843 2629 3913 οὐχ
2666 3841 2809 3897 οὕτω
2837 3842 2946 3914 γὰρ
2979 3843 3151 3915 ἰσχύει
3181 3844 3308 3901 ἀνευ
3333 3843 3467 3916 ὕλης
3490 3843 3770 3914 ἐπιθυμία,

2198 3933 2273 3995 ὡς
2304 3932 2476 4001 ἰσχύει
2505 3933 2613 3986 τῶν
2643 3933 2997 4005 ἐπιθυμητῶν
3030 3934 3479 4005 παρακειμένων,
3513 3933 3638 3987 οὔτε
3667 3933 3770 3987 πά-

2197 4023 2281 4079 λιν
2321 4023 2633 4078 δυναστεύει
2667 4024 2858 4094 θυμὸς,
2897 4025 2971 4097 μή
3002 4025 3270 4096 παρόντος
3302 4025 3397 4079 τοῦ
3445 4023 3769 4096 παροξύνον-

2197 4132 2307 4177 τος.
2326 4115 2513 4184 Ἡδονή
2548 4132 2606 4167 τε
2632 4115 2755 4168 τότε
2782 4115 3141 4183 διανίσταται,
3172 4118 3263 4170 ὅτε
3294 4116 3354 4170 τὸ
3377 4110 3507 4188 ἦδος
3542 4117 3770 4188 ἐρεθίζει

2197 4208 2263 4277 τῇ
2298 4207 2416 4274 ὄῴει
2450 4205 2548 4276 τὴν
2603 4206 2809 4276 ἔφεσιν.
2857 4204 3128 4273 Ἀσθενείς
3178 4209 3236 4263 δὲ
3281 4209 3485 4264 τούτων
3528 4211 3587 4266 αἱ
3627 4212 3770 4279 κινή-

2204 4314 2337 4361 σεις,
2378 4299 2472 4354 καὶ
2519 4299 2695 4354 ἀτονοι
2743 4300 2817 4371 μὴ
2852 4300 3291 4372 παρενοχλούσης
3331 4303 3631 4372 φαντασίας
3676 4302 3767 4370 τῆς

2199 4387 2588 4460 διυπνιζούσης
2647 4388 2835 4458 ὥσπερ
2888 4390 3252 4447 καθεύδουσαν
3302 4391 3399 4461 τὴν
3453 4391 3763 4462 ἐνθύμησιν,

2205 4478 2298 4534 καὶ
2341 4478 2434 4532 τὸν
2475 4479 2736 4549 λογισμὸν
2772 4481 2908 4550 πρὸς
2946 4481 3142 4553 ἑαυτήν
3178 4482 3516 4552 κατεχούσης
3546 4485 3766 4554 ἐγρηγο-

2203 4569 2334 4639 ρότα
2390 4572 2485 4623 καὶ
2519 4572 2926 4643 παραμένοντα.
2994 4573 3081 4636 Ὠς
3124 4574 3253 4626 ὅταν
3299 4574 3583 4645 ὀφθαλμοῦ
3630 4574 3766 4642 φιλο-

2200 4661 2457 4731 σωμάτου
2506 4662 2725 4732 κατέχει
2766 4663 2888 4734 ὄψις
2934 4663 3244 4733 ἀρέσκουσα
3284 4664 3364 4735 τῷ
3408 4664 3683 4734 ἐπαγωγῷ
3713 4663 3766 4716 τὺ

2198 4749 2403 4815 ἀτενὲς,
2449 4750 2688 4821 οὐδαμοῦ
2724 4751 3009 4822 περιάγειν
3043 4754 3431 4824 ἐπιτρέπουσα,
3485 4755 3607 4807 οὐδὲ
3642 4752 3764 4823 πρὸς

2195 4837 2381 4911 ἕτερόν
2408 4857 2461 4893 τι
2506 4844 2855 4911 μετενεγκεῖν
2884 4841 2979 4915 τὴν
3013 4842 3208 4914 βουλὴν
3249 4844 3629 4914 συγχωροῦσα,
3673 4842 3764 4896 κᾶν

2196 4930 2388 5000 ἄγχειν
2415 4948 2499 4996 τις
2533 4932 2729 4997 ἐθέλοι,
2765 4932 2976 4987 νικῶσα
3018 4936 3084 5005 τῇ
3119 4934 3309 5006 τέρψει
3338 4935 3432 4988 τοῦ
3468 4935 3765 5004 ἀποστῆσαι

2194 5024 2255 5076 τὸ
2284 5023 2437 5096 ὄμμα
2486 5022 2811 5094 βιαζομένου
2864 5026 2925 5078 τὸ
2972 5026 3292 5094 φιλόνεικον.
3337 5026 3501 5078 Ἀλλ’·
3527 5026 3643 5079 ἐστι
3693 5024 3764 5093 τῷ

2197 5113 2296 5183 μὲν
2328 5117 2449 5176 ταῖς
2475 5114 2718 5184 μνήμαις
2749 5115 3117 5188 ἐνοχλουμένῳ
3147 5115 3370 5179 εὔκολος
3399 5118 3433 5187 ή
3458 5115 3762 5184 ἀπαλλαγὴ,

2194 5207 2285 5259 καὶ
2334 5206 2453 5259 λίαν
2501 5205 2749 5277 εὐμαρὴς
2797 5207 3170 5271 ἁπανάστασις
3200 5225 3214 5239 ·
3254 5208 3454 5280 μελέτῃ
3523 5207 3632 5276 γάρ
3679 5207 3764 5260 καὶ

2193 5297 2469 5367 γυμνασίᾳ
2505 5297 2678 5365 λόγων
2712 5297 3121 5366 πνευματικῶν,
3154 5301 3248 5351 καὶ
3275 5286 3553 5370 προσευχῇ
3586 5314 3763 5351 συντε-

2192 5390 2401 5459 ταμένῃ
2435 5388 2726 5455 ἀφίσταται
2771 5389 2880 5441 τῶν
2929 5390 3003 5461 μὴ
3057 5390 3403 5460 ἀρεσκόντων
3447 5390 3527 5460 τῷ
3574 5387 3692 5457 Θεῷ
3738 5389 3762 5440 δ

2196 5480 2337 5543 νοῦς,
2388 5482 2482 5533 καὶ
2513 5482 2833 5551 μεθίσταται
2869 5482 3005 5552 πρδς
3046 5482 3115 5536 τὰ
3162 5482 3573 5550 σπουδαζόμενα
3628 5480 3762 5534 κατὰ

2194 5572 2344 5636 Θεὸν,
2373 5572 2579 5635 τούτοις
2610 5573 2965 5644 ἐνευκαιρῶν,
2999 5573 3265 5626 κακείνων
3296 5572 3469 5643 λήθην
3503 5570 3758 5637 ποιούμε“

2191 5679 2297 5727 νος.
2329 5664 2635 5734 Καμμῦσαι
2670 5665 2724 5718 δὲ
2762 5665 2897 5735 πρὸς
2946 5666 3013 5719 τὰ
3055 5663 3304 5736 ὁρώμενα
3345 5666 3434 5718 τὸν
3490 5664 3761 5737 ὀφθαλμὸν
