4046 6152
303 386 440 456 1085

1294 389 1391 448 DE
1444 386 1975 448 MONACHORUM
2035 381 2545 443 PRAESTANTIA.

3401 375 3538 437 1086

290 499 470 554 διόλου
525 493 808 557 ἀδύνατον,
835 493 954 547 οὐδὲ
999 492 1133 563 πρὸς
1187 492 1288 554 τάς
1332 494 1515 562 φωνὰς
1564 494 1725 563 βῦσαι
1765 492 1864 563 τὴν

1976 487 2079 545 Deo
2109 489 2339 544 minime
2359 488 2591 558 placent,
2628 495 2683 539 ct
2717 485 2785 539 ad
2818 500 2880 540 ea
2913 482 3267 547 transfertur,
3300 495 3421 549 quae
3447 496 3538 534 se-

288 590 480 659 άκοὴν,
508 588 632 642 οὐδὲ
672 589 770 658 τὴν
802 585 1006 656 βλάϐην
1035 584 1212 638 αὐτῶν
1242 585 1490 638 ἐκκλῖναι
1523 585 1614 638 διὰ
1660 586 1863 650 παντὸς

290 683 514 751 νήφοντι
538 680 618 748 τῷ
648 677 913 748 λογισμῷ-
939 676 1134 731 πολλαὶ
1157 675 1267 746 γὰρ
1288 677 1552 731 πάντοθεν
1580 678 1685 747 ὲπή
1696 695 1861 746 ρειαι,

295 772 391 824 καὶ
413 771 800 840 δυσφύλακτοι,
832 768 927 821 καὶ
960 768 1060 821 οὐκ
1083 766 1199 821 ἔστι
1223 768 1314 821 τὸν
1341 769 1421 831 είς
1448 768 1621 837 πηλὸν
1646 768 1860 821 διαϐαί-

289 878 449 913 νοντα
478 858 552 930 μὴ
586 858 807 927 μολῦναι
834 858 897 910 τὸ
927 857 1095 927 ἴχνος,
1121 857 1218 910 καὶ
1244 857 1499 925 διάγοντα
1531 857 1590 909 ὲν
1629 855 1865 926 λοιμικῷ

288 950 694 1017 καταστήματι,
731 946 807 1017 μὴ
838 947 1051 1009 παθεῖν,
1084 947 1114 1000 ὃ
1159 945 1434 1019 διατίθησι
1479 948 1540 1001 τὸ
1573 949 1827 1018 περιέχον
1847 967 1862 981 ο

289 1039 463 1102 οὕτως
493 1038 759 1092 ἀδύνατον
805 1038 880 1108 μὴ
933 1038 1301 1108 ἀναμίξασθαί
1348 1056 1401 1093 τι
1446 1039 1555 1091 τῶν
1600 1037 1867 1104 βιωτικῶν

294 1126 527 1197 κηλίδων
550 1127 642 1179 τὸν
669 1126 883 1190 τούτοις
910 1126 1337 1197 ἐνδιατρίϐοντα,
1368 1127 1473 1182 κᾶν
1499 1126 1575 1197 μὴ
1608 1126 1869 1195 αἰσθάνη-

289 1234 380 1277 ται
424 1217 523 1285 τῆς
579 1216 804 1287 βλάϐης,
837 1217 1023 1270 λοιπὸν
1074 1216 1369 1281 ὲνεθισθεὶς
1423 1217 1502 1288 τῷ
1538 1217 1716 1289 χρόνῳ
1749 1218 1864 1280 τοῖς

295 1308 645 1376 βλάπτουσιν.

1969 584 2210 639 cundum
2243 581 2339 636 Dei
2364 580 2622 651 placitum
2653 578 2894 633 studiose
2918 582 3272 645 peraguntur,
3306 574 3358 624 in
3389 572 3543 627 hisce

1968 672 2189 741 quidem
2240 671 2412 724 otium
2459 681 2620 721 suum
2671 666 2971 723 insumens,
3023 661 3116 714 illa
3159 673 3290 712 vero
3324 661 3545 712 tradens

1967 762 2248 818 oblivioni.
2280 760 2351 814 At
2391 758 2609 813 oculum
2658 755 2947 811 connivere
2986 752 3052 807 ad
3094 766 3180 813 ea,
3206 764 3327 819 quae
3357 750 3543 817 videm—

1968 862 2079 917 tur,
2106 851 2333 905 omnino
2359 847 2620 918 possibile
2647 862 2751 900 non
2775 855 2876 910 est,
2904 859 3003 898 nec
3027 843 3269 897 auditum
3296 839 3361 893 ad
3387 853 3547 891 voces

1970 945 2279 1004 obstruere,
2326 938 2669 1009 impossibile
2703 951 2919 1005 quoque
2953 942 3039 988 est
3068 930 3360 986 intellectui
3397 944 3545 981 sem-

1973 1049 2067 1104 per
2112 1032 2356 1103 vigilanti
2403 1044 2638 1091 noxam,
2688 1043 2847 1096 quam
2900 1024 3185 1093 infligunt,
3229 1021 3544 1076 declinare:

1976 1126 2160 1180 multa:
2192 1137 2429 1193 namque
2469 1131 2598 1177 sunt
2627 1119 2865 1188 undique
2898 1115 3179 1179 molestiae,
3214 1122 3267 1167 et
3304 1126 3424 1181 qua
3449 1108 3570 1183 dif-_

1972 1218 2113 1272 ﬁcile
2142 1223 2455 1279 caveantur,
2507 1229 2607 1267 nec
2646 1211 2763 1265 fieri
2797 1219 2991 1279 potest,
3030 1205 3176 1276 quod
3218 1205 3310 1274 qui
3344 1218 3435 1272 per
3465 1201 3549 1253 In-

1975 1320 2087 1363 tum
2123 1308 2467 1377 progreditur
2508 1320 2612 1358 non
2647 1304 2893 1372 inquinet
2928 1300 3187 1370 plantam,
3221 1307 3275 1351 et
3303 1293 3446 1365 quod
3477 1292 3546 1357 is,

293 1396 389 1464 qui
424 1397 732 1451 diversatur
766 1396 820 1449 in
850 1396 1119 1465 pestilenti
1157 1396 1284 1461 situ,
1348 1411 1456 1452 non
1525 1398 1767 1466 patiatur
1831 1400 2104 1463 morbum,
2141 1413 2299 1468 quem
2341 1396 2796 1451 circumambiens
2841 1408 2933 1446 aer
2973 1391 3266 1445 diffundit:
3326 1389 3406 1441 sic
3445 1387 3551 1438 im-

297 1487 553 1554 possibile
596 1487 740 1542 haud
778 1488 1068 1543 immisceri
1119 1488 1374 1543 sordibus
1430 1504 1625 1553 rerum,
1681 1489 1908 1555 hujusce
1970 1491 2091 1543 vitze
2124 1504 2244 1543 eum
2289 1488 2380 1559 qui
2423 1495 2668 1541 versatur
2714 1494 2763 1538 et
2797 1483 2941 1552 degit
2995 1484 3053 1535 in
3121 1480 3248 1545 illis,
3290 1478 3391 1533 etsi
3437 1492 3552 1531 non

296 1579 496 1634 sentiat
523 1579 805 1647 damnum,
838 1596 988 1642 cum,
1029 1581 1286 1650 temporis
1324 1581 1521 1650 spatio,
1552 1579 1894 1636 assuefactus
1935 1581 2149 1635 tandem
2186 1580 2346 1634 fuerit
2376 1580 2427 1633 in
2465 1580 2570 1643 his,
2601 1593 2723 1647 qua:
2750 1577 2972 1649 laedunt.

855 1673 1106 1725 ΚΕΦΑΛ.
1157 1670 1291 1726 KA'.

378 1760 594 1830 Ἐπειδὴ
642 1761 735 1815 καὶ
763 1761 1094 1832 δηλητηρίου
1119 1763 1265 1826 τινὲς
1294 1764 1690 1834 ἀπογενόμενοι
1739 1763 1877 1834 βρασ-

298 1852 462 1922 χέως,
496 1852 710 1924 πρῶτον
760 1853 861 1920 μὲν
893 1855 994 1906 οὐκ
1036 1853 1351 1909 ἀδικοῦνται
1388 1854 1467 1926 τῷ
1515 1855 1591 1926 μὴ
1638 1856 1738 1925 τὴν
1781 1871 1877 1909 πο·

301 1944 503 2012 σότητα
529 1946 595 2014 τῇ
628 1944 876 2011 ποιότητι
922 1944 1207 2011 ἀναλογεῖν
1237 1946 1376 2015 πρὸς
1425 1944 1523 2015 τὴν
1569 1946 1872 2014 ἀναίρεσιν,

297 2038 365 2106 τῇ
420 2034 544 2088 κατ’
590 2033 768 2100 ὀλίγον
813 2033 869 2086 δὲ
915 2034 1205 2106 προαθήκῃ
1254 2035 1721 2105 προσεθιζομένης
1774 2037 1875 2106 τῆς

300 2124 571 2195 κράσεως,
605 2121 834 2192 ὕστερον
862 2123 956 2175 καὶ
981 2121 1188 2192 τροφὴν
1233 2122 1511 2177 ποιοῦνται
1548 2124 1649 2194 τὴν
1683 2124 1875 2197 φθορο-

299 2216 456 2279 ποιὸν
499 2214 594 2268 τοῦ
630 2214 931 2282 ἐδέσματος
960 2212 1210 2283 δύναμιν,
1238 2213 1341 2283 τῆς
1379 2214 1594 2282 φύσεως
1622 2217 1742 2269 κατ’
1765 2216 1877 2270 ὀλί-

298 2324 397 2375 γον
430 2305 759 2366 οἰκειοῦσθαι
793 2305 854 2356 τὸ
892 2304 1127 2373 βλάπτον
1160 2304 1539 2374 μανθανούσης
1570 2307 1649 2377 τῷ
1677 2308 1870 2378 χρόνῳ.

302 2397 401 2460 Τίς
426 2396 518 2450 τοῦ
555 2395 823 2466 μακαρίου
850 2395 1013 2448 Δαὸὶδ
1043 2396 1194 2465 παρά
1217 2396 1316 2465 τῆς
1350 2396 1500 2458 θείας
1527 2398 1749 2468 Γραῃῖκ
1775 2399 1874 2452 οὐκ

304 2487 475 2556 ἔμαθε
519 2486 617 2557 τὴν
662 2489 720 2539 ὲν
766 2487 932 2538 πᾶσιν
974 2486 1296 2556 άκρίὃειανς
1332 2487 1430 2550 Τίς
1480 2488 1580 2540 οὐκ
1623 2484 1764 2541 οἶδεν
1810 2488 1874 2541 ὲκ

302 2575 406 2645 τῆς
433 2575 604 2644 ἀκοῆς
628 2572 699 2626 τὰ
725 2573 915 2626 τούτου
948 2574 1348 2645 κατορθώματα
1371 2593 1388 2642 ;
1419 2576 1564 2640 Πῶς.
1598 2578 1874 2646 ἐγκαλλω-

306 2666 618 2736 πιζόμενος,
649 2666 710 2719 ού
742 2664 831 2719 διά
860 2665 922 2718 τὸ
951 2666 1286 2736 φιλόκομψον
1305 2709 1320 2732 ,
1351 2668 1439 2722 διὰ
1489 2669 1547 2721 δὲ
1581 2670 1644 2723 τὸ
1684 2670 1874 2738 φιλάλ-

303 2759 483 2828 ληλον,
517 2759 664 2821 ὅπως
695 2764 790 2812 καὶ
823 2758 971 2812 ἄλλοι
997 2758 1284 2829 διδαχθῶσι
1314 2763 1490 2814 ποιεῖν
1520 2762 1664 2831 άπερ
1713 2762 1874 2826 αὐτὸς

304 2852 592 2920 πεποίηκε,
622 2851 691 2904 τὰ
729 2851 906 2904 οἰκεῖα
953 2850 1220 2921 διηγεῖται
1274 2851 1445 2916 καλά;
1482 2853 1611 2906 ποτὲ
1646 2853 1746 2924 μὲν
1789 2853 1874 2906 λέ-

303 2955 437 3004 γων’
477 2958 495 2989 ι
544 2942 630 2993 Ἐν
659 2941 865 3011 ἀκακία
890 2959 993 3011 μου
1027 2941 1348 3011 ἐπορεύθην·
1389 2963 1407 2995 ι
1456 2942 1588 2996 ποτε
1620 2944 1698 2997 δέ·
1743 2964 1761 2996 ι
1809 2945 1871 2997 El

303 3030 665 3084 ἀνταπέδωκα
684 3033 798 3095 τοῖς
826 3032 1233 3086 ἀνταποδιδοῦσί
1262 3050 1352 3103 μοι
1381 3034 1548 3088 κακά’
1582 3054 1600 3086 ι
1635 3036 1761 3089 ποτὲ
1791 3035 1868 3088 δέ·

308 3139 328 3173 ι
374 3121 536 3173 ’Δνευ
560 3120 787 3190 ἀνομίας
816 3121 1070 3192 ἔδραμον,
1103 3122 1198 3175 καὶ
1229 3122 1553 3176 κατεύθυνα·
1597 3142 1614 3176 ι
1659 3124 1870 3178 ἄλλοτε·

307 3229 325 3265 ι
362 3211 476 3264 Οὐκ
514 3209 631 3263 ἔστι
675 3211 823 3274 δόλος
868 3214 928 3264 ὲν
959 3210 1180 3284 γλώσσῃ
1229 3230 1351 3282 μουο
1394 3232 1412 3263 ι
1461 3213 1671 3266 ἄλλοτε»
1712 3233 1730 3263 ι
1771 3214 1874 3264 Εὑ-

301 3302 586 3373 ηρὲστησα
625 3305 683 3356 ὲν
732 3306 799 3383 τῇ
826 3301 1051 3375 ἀληθείᾳ
1085 3320 1199 3356 σου·
1237 3305 1392 3357 »ικαὶ
1421 3303 1626 3357 τούτων
1658 3298 1875 3355 πλείονα

299 3384 553 3458 διέξεισιν
596 3396 625 3448 ὁ
667 3393 844 3463 ἅγιος,
899 3395 994 3453 καὶ
1043 3395 1196 3459 τέλος
1250 3397 1403 3466 φησί’
1455 3415 1473 3448 ί
1532 3395 1727 3466 Κύριε,
1776 3396 1875 3465 οὐχ

303 3481 493 3552 ὑψώθη
525 3485 559 3553 ἡ
586 3484 776 3553 καρδία
803 3499 925 3554 μου,
953 3484 1072 3538 οὐδὲ
1096 3486 1565 3555 ἐμετεωρίσθησαν
1593 3488 1641 3538 οί
1674 3485 1875 3554 όσρθαλ-

311 3571 401 3637 μοί
438 3588 560 3640 μου.
619 3591 637 3623 ι
674 3571 858 3636 Οὕτως
889 3574 1115 3649 ἐθάρρει
1144 3577 1211 3645 τῇ
1252 3574 1364 3640 ἕξει
1396 3574 1505 3627 τῶν
1549 3576 1874 3647 ἠσκημένων

307 3661 543 3730 ἀρετῶν.
589 3662 807 3715 Ἀλλοτε
857 3664 1054 3737 μικρὸν
1103 3665 1347 3734 ἠμέλησε
1393 3667 1871 3737 τῆςπροσευχῆς,

303 3750 505 3820 ἄφετον
524 3753 690 3823 ἄρδην
718 3754 881 3817 ἐάσας
909 3754 1338 3825 ὲκνέμεσθαιτὺν
1366 3756 1660 3826 ὀφθαλμόν.
1691 3758 1876 3828 Τούτῳ

305 3843 406 3913 μὲν
440 3842 698 3914 εἱλκύσθη
749 3846 884 3915 πρὸς
916 3845 1110 3910 κάλλος
1143 3846 1401 3915 γυναικὸς
1454 3847 1760 3918 ἀλλοτρίας,
1806 3851 1873 3918 τῇ

299 3937 358 3990 δὲ
383 3936 580 4008 καρδίᾳ
616 3937 765 4007 βέλος
801 3938 1016 4002 ἐδέξατο
1054 3939 1153 4010 τὴν
1185 3938 1307 4009 ὄψιν
1336 3941 1753 4010 πεπυρωμένον,
1781 3943 1875 3994 καὶ

298 4024 490 4078 τοῦτον
513 4027 648 4096 πρὸς
670 4027 768 4097 τὴν
801 4028 1049 4098 μοιχείαν
1076 4028 1431 4098 οῖστρηλατού
1440 4046 1598 4098 μενον
1629 4029 1835 4100 ἤγαγεν
1855 4046 1869 4060 ·

298 4115 334 4184 ἡ
363 4113 421 4166 δὲ
455 4115 671 4184 μοιχεία
695 4116 853 4184 φόνον
885 4117 1176 4186 τολμῆσαι,
1208 4119 1303 4172 καὶ
1330 4119 1725 4189 ἀνδροκτασίαν
1758 4119 1873 4173 ἀδι-

302 4218 401 4256 κον
453 4202 730 4266 ἐϐιάσατο,
779 4205 875 4257 καὶ
922 4206 1029 4258 ἀπὸ
1078 4207 1207 4282 θέας
1234 4206 1540 4283 ἀρξάμενον
1577 4208 1638 4260 τὸ
1681 4209 1870 4271 κακὸν,

2551 1667 2777 1724 CAPUT
2814 1667 2957 1723 XXI.

2051 1763 2498 1832 Quandoquidem
2543 1772 2596 1817 et
2650 1762 2817 1829 aliqui
2869 1760 3158 1830 pauculum
3198 1760 3548 1829 degustanlcs

1977 1873 2271 1921 venenum,
2298 1856 2530 1925 primum
2550 1854 2765 1925 quidem
2792 1855 2993 1907 nullam
3026 1854 3397 1922 perpetiuntur
3424 1867 3545 1906 mo—

1977 1951 2210 2015 lestiam,
2253 1964 2374 2003 cum
2408 1947 2684 2016 quantitas
2711 1945 3056 2015 proportione
3089 1958 3195 1997 non
3223 1943 3549 2013 respondeat
3594 1944 3609 1979 ι

1976 2041 2222 2111 qualitati
2248 2039 2314 2094 ad
2346 2053 2551 2105 necem,
2585 2037 2714 2090 dum
2749 2045 2928 2091 autem
2965 2036 3335 2090 additamenta
3364 2035 3549 2105 paula-

1977 2132 2072 2187 tim
2109 2130 2251 2185 facto
2300 2136 2782 2198 temperamentum
2819 2127 3065 2196 corporis
3110 2125 3383 2190 assueﬁat,
3424 2133 3543 2177 tan-

1975 2221 2098 2276 dem
2131 2219 2237 2274 cibi
2272 2218 2607 2273 mortiferam
2651 2230 2868 2286 quoque
2898 2215 3004 2267 vim
3054 2215 3156 2269 sibi
3195 2216 3247 2266 in
3291 2213 3544 2281 pabulum

1975 2314 2253 2381 adaptant,
2301 2322 2492 2365 natura
2526 2324 2649 2365 cum
2700 2320 2944 2376 tempore
2995 2307 3405 2361 accommodare
3444 2304 3545 2357 sibi

1976 2404 2119 2474 quod
2157 2404 2380 2457 noxium
2430 2411 2513 2456 est
2559 2401 2896 2456 addiscente.
2948 2397 3082 2463 Quis
3129 2397 3265 2450 beati
3307 2395 3472 2448 David
3518 2409 3549 2448 e

1976 2508 2132 2548 sacra
2176 2492 2458 2560 Scriptura
2500 2506 2606 2544 non
2650 2490 2877 2544 edoctus
2904 2496 2987 2543 est
3020 2488 3071 2539 in
3112 2485 3366 2540 omnibus
3398 2499 3552 2539 accu-

1976 2592 2146 2637 ratam
2176 2580 2548 2650 diligentiam?
2574 2579 2709 2649 Quis
2741 2593 2847 2631 non
2882 2577 3054 2641 novit,
3097 2590 3161 2628 ex
3193 2574 3399 2635 auditu.
3428 2573 3549 2641 eius

1974 2670 2231 2740 praeclare
2252 2679 2397 2736 gesta
2424 2667 2705 2722 facinora?
2736 2682 2846 2737 quo
2877 2666 3058 2729 modo,
3094 2674 3407 2728 exornatus,
3441 2678 3550 2717 non

1973 2773 2193 2833 propter
2236 2761 2477 2815 studium
2531 2758 2849 2829 elegantiae,
2901 2757 2993 2812 sed
3044 2764 3265 2825 propter
3309 2765 3550 2807 nmtuam

1974 2851 2315 2915 cbaritatem,
2341 2858 2399 2903 ut
2422 2858 2473 2901 et
2493 2848 2580 2902 alii
2602 2862 2821 2917 quoque
2844 2845 3193 2900 erudirentur
3214 2843 3410 2908 facere,
3433 2858 3555 2913 quae

1978 2943 2093 3011 ipse
2125 2942 2271 3005 fecit,
2296 2940 2511 3009 propria
2546 2947 2765 2993 enarrat
2790 2939 2952 2992 bona.
2980 2936 3379 3004 Nonnunquam
3401 2934 3555 3003 equi-

1980 3035 2102 3088 dem
2129 3052 2140 3086 :
2164 3032 2360 3104 40οι
2391 3032 2772 3085 lninoocentia
2809 3045 2925 3084 mea
2965 3030 3246 3098 ingressus
3280 3042 3398 3079 sum
3419 3026 3500 3091 ";
3528 3043 3547 3076 ι

1975 3126 2271 3194 aliquando
2315 3138 2477 3177 vero:
2513 3140 2531 3172 ι
2565 3122 2623 3176 Si
2675 3120 2882 3175 reddidi
2950 3116 3373 3172 retribnentibus
3415 3114 3551 3168 mihi

1977 3216 2115 3268 mala
2137 3211 2183 3244 ’⁸
2210 3232 2228 3263 ι
2261 3220 2314 3265 et
2356 3210 2628 3265 interdum
2659 3226 2674 3263 :
2705 3227 2724 3258 ι
2760 3208 2890 3261 Sine
2923 3206 3208 3276 iniquitate
3237 3203 3476 3269 cucurri,
3499 3211 3555 3257 et

1974 3304 2148 3359 direxi
2167 3304 2234 3357 '9.
2263 3323 2281 3354 ι
2307 3303 2491 3356 Alias:
2519 3320 2538 3351 ι
2569 3299 2686 3353 Νοη
2708 3307 2792 3354 est
2813 3298 2972 3352 dolus
3006 3297 3058 3350 in
3087 3297 3267 3365 lingua
3301 3294 3498 3349 mea”.
3528 3314 3549 3344 ι

1974 3397 2124 3450 Alias
2152 3414 2164 3449 :
2206 3415 2223 3446 ι
2258 3392 2583 3465 Bencplacui
2615 3392 2669 3445 in
2701 3391 2925 3445 veritate
2949 3397 3039 3442 tua
3060 3389 3128 3441 ³¹.
3157 3407 3176 3440 ι
3202 3386 3269 3441 Et
3303 3386 3555 3455 hujusce—

1975 3488 2119 3542 modi
2168 3487 2326 3558 plura
2365 3485 2548 3541 emisit
2588 3490 2832 3548 sanctus,
2885 3489 2938 3536 et
2978 3479 3215 3552 denique
3250 3479 3363 3534 ait:
3395 3475 3555 3532 s-Do-

1978 3579 2145 3642 mine,
2167 3596 2277 3632 non
2303 3590 2388 3632 est
2412 3577 2709 3632 exaltatum
2733 3591 2828 3630 cor
2852 3589 3052 3639 meum,
3070 3586 3248 3642 neque
3273 3570 3402 3627 elati
3426 3577 3557 3626 sunt

1975 3669 2118 3724 oculi
2167 3668 2268 3722 mei
2296 3669 2362 3720 ".
2398 3686 2416 3718 ι
2465 3667 2555 3721 Sic
2593 3665 2899 3721 conlidebat
2944 3663 2999 3717 in
3048 3663 3233 3717 babitu
3270 3662 3552 3739 virtutum,

1975 3777 2112 3827 quas
2145 3768 2482 3814 exercuerat.
2527 3758 2677 3812 Alias
2727 3771 2919 3826 parum
2954 3755 3189 3825 neglexit
3229 3754 3552 3818 orationem,

1974 3850 2502 3920 dimissum‘agiliter
2546 3849 2741 3903 sinens
2770 3847 3011 3911 oculum,
3048 3854 3107 3898 ut
3145 3845 3552 3913 depasceretu'r.

1977 3944 2041 3997 Et
2071 3958 2136 3997 ex
2178 3942 2281 3997 hoc
2309 3942 2526 4010 quidem
2569 3940 2671 3993 fuit
2706 3947 2969 3993 attractus
3001 3937 3068 3991 ad
3097 3934 3553 4005 pulchritudinem

1975 4034 2222 4088 mulieris
2261 4032 2471 4095 alienae,
2517 4029 2681 4085 corde
2723 4043 2852 4084 vero
2893 4025 3366 4095 excepitjaculum
3401 4040 3559 4094 aspe-

1975 4136 2061 4179 ctu
2100 4123 2350 4193 ignitum,
2380 4121 2670 4191 ipsumque
2709 4119 2773 4172 ad
2805 4116 3129 4173 adulterium
3166 4124 3337 4169 (nstro
3378 4115 3555 4185 agita-

1977 4226 2088 4271 tum
2136 4213 2390 4278 deduxit;
2429 4209 2755 4265 adulterium
2810 4218 2937 4261 vero
2987 4207 3196 4274 coegit,
3247 4214 3307 4259 ut
3349 4206 3551 4260 caedem

298 4293 389 4347 διὰ
417 4293 690 4357 τοσούτων
720 4294 923 4349 ὥδευσε
956 4297 1164 4359 κακῶν.
1209 4299 1303 4351 καὶ
1327 4299 1480 4361 τέλος
1513 4302 1592 4362 είς
1620 4298 1870 4352 τοσοῦτον

1976 4317 2138 4377 atque
2162 4304 2426 4375 iujustum
2461 4300 2814 4356 homicidium
2840 4298 3093 4353 audacter
3116 4304 3377 4366 patraret;
3401 4312 3554 4350 cum-

301 4384 603 4451 συνήλασεν
626 4384 866 4456 ὄλεθρον.
897 4386 1083 4450 υῦτως
1113 4390 1174 4440 ἐκ
1205 4376 1405 4459 μικράς
1426 4390 1604 4452 αἰτίας
1635 4390 1872 4459 ὴὰμαρ-

1976 4376 2079 4464 que
2109 4393 2309 4446 malum
2340 4389 2410 4443 ab
2440 4388 2636 4442 intuitu
2664 4386 2987 4455 sumpsisset
3013 4384 3251 4449 initium,
3288 4398 3382 4452 per
3405 4391 3552 4437 tanta

299 4474 390 4526 τία
425 4476 830 4544 προκόπτουσα,
878 4479 957 4540 εἰς
1001 4477 1161 4530 αὐτὸν
1194 4472 1303 4530 οἶδε
1350 4479 1441 4531 τὸν
1487 4478 1712 4549 ἔσχατον
1751 4481 1872 4551 ὅρον

1987 4486 2128 4540 mala
2160 4483 2264 4539 sibi
2294 4483 2394 4536 iter
2428 4479 2575 4542 fecit,
2606 4495 2669 4532 ac.
2707 4478 2922 4533 demum
2957 4476 3022 4530 ad
3062 4483 3262 4529 tantam
3297 4475 3556 4544 compulit

269 4566 637 4649 ,καταφέρειν
675 4569 776 4651 τῇς
807 4567 1104 4632 ἀπωλείας.
1136 4571 1198 4622 El
1237 4570 1366 4640 γὰρ,
1398 4571 1542 4624 κατά
1584 4571 1675 4624 τὸν
1714 4573 1872 4640 σοφὸν

1976 4576 2295 4647 perniciem.
2360 4572 2433 4627 Ita
2481 4578 2757 4641 peccatum
2811 4584 2975 4638 parva
3021 4583 3087 4621 ex
3131 4582 3294 4622 causa
3334 4582 3555 4636 progre-

302 4658 738 4729 Παροιμιαστὴν,
767 4677 784 4708 ι
814 4659 889 4711 Οὐ
905 4660 985 4711 δεῖ
1014 4660 1231 4730 ἑταῖρον
1259 4658 1399 4715 εἶναι
1428 4664 1581 4732 ἀνδρὶ
1615 4663 1874 4734 θυμώδει,

300 4748 388 4802 ἵνα
427 4748 502 4818 μὴ
552 4750 770 4812 πάντως
827 4751 1136 4821 κοινωνήσῃ
1184 4753 1273 4805 διὰ
1303 4753 1404 4823 τῆς
1454 4757 1737 4819 κοινωνίας
1782 4758 1875 4810 τοῦ

304 4838 531 4905 πάθους,
558 4840 667 4893 ἀπὸ
697 4840 1262 4912 τῶνλκεκρατημένων
1300 4844 1392 4896 ἐπὶ
1420 4847 1547 4909 τοὺς
1575 4849 1878 4918 συνδιατρίο

302 4931 499 4993 δοντας
566 4932 985 5002 ἀνεπαισθήτους
1030 4931 1220 5000 ἕρπειν
1263 4936 1530 5001 εἰωθότος,
1597 4939 1713 5001 πῶς
1758 4940 1878 5010 ούχὶ

304 5020 505 5091 μᾶλλον
537 5021 759 5104 φεύγειν
790 5024 916 5085 τοὺς
947 5024 1014 5076 τὰ
1046 5024 1234 5094 μείζω,
1281 5027 1374 5079 καὶ
1410 5028 1764 5100 χαλεπώτερα
1796 5048 1882 5083 νο-

305 5116 554 5176 σοῦντας,
595 5116 915 5182 ἀναγκαῖον,
950 5118 1039 5169 καὶ
1075 5118 1340 5188 χρήσιμον
1367 5123 1482 5183 τοῖς
1518 5120 1879 5190 φυλάττεσθαι

306 5205 648 5275 βουλομένοις
681 5206 777 5276 τὴν
812 5209 1072 5277 μίμησινς

1973 4668 2130 4723 diens
2165 4665 2317 4719 novit
2344 4664 2409 4717 ad
2456 4664 2632 4732 ipsum
2676 4661 2963 4714 terminum
2994 4670 3295 4714 extremum
3317 4658 3464 4712 exitii
3492 4674 3559 4712 ac

1984 4757 2309 4829 perditionis
2335 4755 2624 4809 adducere.
2670 4754 2727 4807 Si
2760 4754 2903 4806 enim
2930 4750 3227 4806 secundum
3256 4750 3552 4818 sapientem

1983 4848 2394 4904 l’roverbiornm
2449 4845 2787 4913 scriptorem,
2851 4861 2869 4892 ι
2924 4856 3031 4895 non
3084 4848 3296 4908 oportet
3345 4839 3553 4893 socium

2001 4955 2125 4996 esse
2174 4939 2291 4993 viro
2341 4936 2624 4999 iracundo,
2671 4948 2844 5000 neque
2886 4929 3197 4984 cohabitare
3254 4929 3431 4983 amico
3472 4926 3557 4982 fu-

1985 5033 2134 5086 rioso
2153 5030 2222 5094 ³³,
2264 5049 2282 5081 ι
2320 5044 2386 5083 ne
2413 5028 2521 5082 ullo
2562 5025 2720 5079 modo
2759 5021 3026 5091 particeps
3054 5022 3124 5077 sit
3155 5021 3298 5085 mali,
3340 5020 3429 5090 qni
3465 5036 3556 5074 so-

1983 5124 2104 5179 cius
2127 5132 2232 5188 est,
2269 5128 2487 5191 propter
2515 5114 3068 5173 communicationem
3110 5113 3399 5182 passionis,
3435 5126 3557 5179 qua:

1981 5217 2050 5269 ab
2089 5215 2194 5280 bis,
2229 5213 2322 5284 qui
2381 5228 2443 5265 ea
2481 5217 2747 5272 tenentur,
2794 5221 3111 5274 proserpere
3161 5204 3299 5259 solet
3349 5204 3552 5259 sensim

303 5297 425 5351 sine
469 5312 630 5351 sensu
677 5298 742 5361 ad
782 5314 907 5360 eos,
953 5299 1047 5367 qui
1090 5299 1254 5353 simul
1300 5312 1725 5366 convcrsautur,
1767 5306 2042 5371 quomodo
2072 5321 2180 5359 non
2246 5301 2351 5357 crit
2403 5299 2574 5369 magis
2644 5295 3010 5350 necessarium
3056 5308 3121 5347 ac
3188 5292 3317 5346 utile
3345 5293 3429 5356 iis,
3462 5294 3553 5361 qui

302 5406 494 5446 cavere
544 5393 736 5447 volunt
769 5409 798 5446 a
851 5395 941 5465 tali
999 5396 1367 5461 mutulatione,
1401 5411 1496 5455 eos
1542 5397 1743 5466 fugere,
1791 5400 1883 5468 qui
1929 5402 2229 5470 majoribus
2277 5413 2338 5451 ac
2376 5374 2776 5449 ti‘itilestiOI'ibus
2834 5389 3039 5442 morbis
3096 5386 3459 5441 aliiictautur‘.’

883 5483 1136 5536 ΚΕΦΔΛ.
1180 5485 1308 5538 ΚΒ’.

2549 5479 2773 5535 CAPUT
2824 5476 2989 5535 XXII.

377 5572 527 5624 ΠοιΞί
557 5573 665 5642 γὰρ
701 5574 928 5644 ταύτην,
969 5577 1063 5629 7.1".
1088 5577 1161 5639 ὡς
1190 5578 1289 5630 οὐκ
1314 5575 1416 5630 οἶδε
1442 5579 1522 5641 τίς
1554 5580 1585 5647 ἡ
1622 5579 1758 5646 μετὰ
1778 5581 1872 5632 τῶν.

2060 5579 2269 5633 Etenim
2317 5578 2454 5628 banc
2488 5573 2647 5626 etiam
2690 5570 2919 5638 (scilicet
2955 5567 3333 5625 imitationem)
3368 5574 3551 5619 consul

326 5691 591 5816 ω’ῖὶνδδῖο
626 5709 750 5753 XXV.
778 5695 866 5793 ’l'l-
947 5698 989 5725 "
1020 5696 1161 5748 l’sal.
1202 5713 1289 5763 vn,
1325 5697 1384 5749 Li.
1462 5699 1503 5728 ²⁹
1541 5696 1682 5750 l’snl.
1712 5714 1862 5764 um,
2032 5698 2074 5733 ³ο
2109 5696 2248 5751 l’sal.
2292 5710 2399 5755 λιν,
2434 5692 2485 5743 5.
2565 5690 2601 5717 δ’
2639 5687 2778 5742 Psnl.
2821 5701 2943 5748 xxv,
2983 5686 3033 5737 5.
3086 5684 3522 5747 "PSaI.t;xxx,l

338 5785 341 5791 π
440 5778 555 5815 rov.
591 5777 724 5816 uti.
760 5772 847 5815 ιιι.

338 5772 368 5791 "'
395 5772 555 5829 l'mv.
591 5777 724 5823 uti,
760 5772 847 5815 24.
