4046 6152
480 313 617 385 1087

1971 273 2028 365 δ’.
2080 306 2243 375 NILI

3592 288 3724 365 1088

478 424 680 490 modis,
732 435 871 491 quos
910 416 1143 473 nesciret
1182 416 1329 483 quis.
1378 413 1721 469 conversatio
1763 424 1883 482 quae
1926 427 2051 466 cum

2152 413 2408 466 τοιούτων
2453 407 2696 480 διαγωγὴ
2735 406 3050 478 ἐξομοιοῦσα
3079 408 3191 469 τοῖς
3232 408 3442 471 κακοῖς,
3477 405 3574 458 καὶ
3601 408 3726 469 τοὺς

481 509 855 580 hujuscemodi
901 504 1212 560 hominibus
1249 502 1509 563 habetur,
1558 501 1766 557 similes
1819 500 2054 555 reddens

479 601 636 655 malis
662 598 818 671 5.01
852 613 948 651 eos
984 597 1172 659 etiam,
1223 593 1315 664 qui
1365 592 1629 648 hactenus
1668 607 1792 647 esse
1838 592 2051 654 uolunt,

480 690 568 744 isti
599 690 800 758 quippe
834 686 1091 757 paulatim
1123 684 1173 738 id
1203 684 1459 746 evadunt,
1496 681 1643 750 quod
1684 698 1750 735 ne
1777 682 1908 734 fiant
1933 688 2049 734 stu—

477 781 631 835 diose
673 777 943 832 all‘ecta’ut.
985 775 1048 829 Et
1076 774 1465 844 llolnpherneu'
1492 772 1809 826 bellicosum
1847 773 2055 835 virum,

478 870 570 937 qui
605 868 920 924 etJudteam
954 867 1403 937 depopulabatur,
1436 865 1652 920 calceus
1681 863 2057 919 eircttmientis

477 957 723 1011 mulieris
755 956 1019 1011 inescavit
1050 956 1114 1010 ad
1150 955 1403 1008 insanum
1446 968 1710 1015 amorem,
1744 951 2053 1006 detinebat-

477 1062 583 1114 que
629 1044 923 1114 captivum.
975 1043 1088 1097 IIoc
1129 1044 1329 1097 etenim
1378 1048 1564 1096 narrat
1611 1042 1860 1104 historia.
1908 1039 2054 1109 quod

478 1135 721 1189 sandalia
774 1133 960 1188 Jnditb
1003 1142 1295 1202 rapuerunt
1335 1133 1526 1186 oculos
1579 1130 2050 1200 Holopbernis”,

481 1226 872 1293 oculorumque
914 1233 1103 1293 raptus
1149 1223 1202 1277 in
1252 1231 1479 1277 mortem
1514 1222 1708 1286 desiit;
1751 1222 2053 1290 apprehen-

477 1314 616 1369 dens
646 1315 846 1383 quippe
876 1314 1054 1381 ipsum
1087 1313 1179 1366 tali
1212 1313 1465 1381 passione
1493 1310 1782 1366 subactum
1818 1312 1904 1380 (ea
1936 1326 2055 1364 mu-

478 1405 599 1475 lier)
630 1405 859 1459 diversis
888 1405 1199 1459 fictionibus
1254 1418 1320 1457 ac
1360 1402 1820 1457 lndiﬁcationibus
1863 1401 2055 1456 admo-

475 1496 606 1548 dum
658 1495 848 1549 afﬂixit
893 1496 1189 1563 nuptialem
1250 1500 1630 1563 reposcentem
1676 1506 2051 1576 enngressum,

477 1580 652 1633 donec
681 1589 892 1649 tempus
936 1581 1222 1635 adiuvenit
1260 1579 1444 1635 miseri
1476 1590 1641 1648 caput
1669 1577 2050 1643 detruncandi,

480 1670 573 1737 qui
616 1686 716 1725 nec
754 1686 841 1733 ea,
871 1670 1030 1740 cujus
1067 1671 1377 1734 tenebatur,
1404 1669 1680 1739 cupidine,
1711 1670 1918 1740 potitus
1948 1678 2050 1734 est,

2152 505 2213 557 οὐ
2243 503 2495 564 θέλοντας
2529 501 2667 563 τέως
2700 498 2860 563 εἶναι,
2897 498 3172 565 τοιούτους
3204 497 3329 551 κατ’
3361 495 3540 563 ὀλίγον
3572 498 3729 550 τοῦτο

2153 593 2489 664 γινομένους,
2521 593 2657 660 ὅπερ
2690 589 2763 661 μὴ
2794 586 3047 658 γενέσθαι
3080 586 3461 650 σπουδάζουσι.
3502 587 3610 640 Καὶ
3636 589 3731 640 τὸν

2162 685 2487 755 Ὀλοιρέρνην
2513 680 2806 752 πολεμικὸν
2825 681 3011 750 ἄνδρα,
3031 680 3122 733 καὶ
3145 677 3448 749 πορθοῦντα
3467 681 3575 747 τὴν
3598 679 3732 733 ἰου-

2151 776 2309 830 δαίαν
2326 773 2600 828 σανδάλιον
2627 768 2990 843 περιῘι]ούσης
3010 768 3446 841 ⁴ἤγδιιστρεὺσατο
3475 771 3732 836 venantis;

2154 865 2288 933 πρὸς
2348 863 2526 934 ἔρωτα
2586 862 2847 933 μανικὸν,
2899 861 2991 914 καὶ
3043 862 3296 929 κατεῖχεν
3361 859 3728 927 αἰχμάλωτον.

2153 953 2325 1008 Τοῦτο
2372 954 2481 1023 γάρ
2530 953 2564 1022 ἡ
2607 951 2821 1022 ἱστορία
2872 951 3057 1020 φησιν,
3092 951 3173 1004 ὅτι
3211 949 3272 1002 τὺ
3313 949 3594 1003 σανδάλιον
3634 951 3734 1019 τῆς

2166 1042 2353 1098 Ἰουδὶο
2413 1043 2629 1113 ἥρπασε
2662 1039 2753 1092 τὸν
2785 1038 3063 1109 ὀφθαλμὸν
3105 1039 3199 1091 τοῦ
3256 1038 3605 1107 Ὀλοφέρνου,
3639 1041 3733 1091 καὶ

2156 1136 2190 1205 ἠ
2236 1132 2562 1203 συναρπαγὴ
2609 1131 2709 1186 τοῦ
2750 1128 2999 1202 ὄμματος
3038 1132 3118 1192 εἰς
3168 1127 3398 1183 θάνατον
3445 1127 3734 1198 ἐτελεύτη-

2157 1240 2282 1277 σεν·
2325 1222 2567 1277 λαϐοῦσα
2616 1222 2723 1292 γὰρ
2773 1220 2934 1273 αὑτὸν
2989 1219 3390 1289 κεχειρωμένον
3431 1217 3513 1288 τῷ
3544 1219 3728 1283 πάθει,

2152 1313 2438 1385 διαφόροις
2478 1313 2571 1367 sint
2618 1312 2752 1365 πολὺ
2800 1310 3090 1380 διέπληξεν
3138 1308 3408 1361 άπατῶσα
3460 1308 3725 1377 μεθόδοις,
3814 1336 3821 1341 ι

2154 1402 2495 1457 ἀπαιτοῦνται
2517 1402 2615 1471 τὴν
2651 1400 2918 1471 γαμήλιον
2959 1397 3180 1466 ὁμιλίαν
3219 1396 3323 1458 ἓως
3369 1396 3563 1466 καιρδν
3615 1400 3733 1450 ὲπι-

2154 1494 2373 1564 τήδειον-
2392 1486 2516 1562 εὗρε
2550 1491 2935 1561 καρατομῆσαι
2972 1487 3062 1541 τδν
3091 1486 3299 1548 ἄθλιον,
3330 1485 3455 1539 οὔτε
3488 1487 3588 1556 τῆς
3619 1490 3734 1539 ἐπι-

2156 1583 2219 1638 θυ
2227 1601 2327 1654 μου
2335 1584 2499 1653 μένης
2520 1583 2706 1634 ὲπιτευ
2716 1580 2973 1650 ξάμενον,
2989 1576 3301 1648 προσαπολό
3307 1593 3467 1646 μενον
3486 1576 3728 1642 ἐλεεινῶ,

2156 1673 2251 1725 καὶ
2279 1671 2536 1741 οἰκτίστῳ
2569 1669 2805 1739 θανάτῳ.
2853 1666 3131 1736 Πάσχουσι
3164 1666 3273 1736 γὰρ
3305 1666 3399 1718 καὶ
3429 1660 3596 1726 οὗτοι,
3630 1666 3731 1720 κᾶν

477 1761 606 1812 dum
648 1761 871 1830 insuper
904 1760 1200 1815 miserabili
1247 1760 1604 1828 luctuosaque
1646 1775 1778 1814 nece
1839 1759 1941 1813 fuit
1973 1760 2051 1814 in-

2161 1763 2235 1835 μὴ
2271 1763 2436 1825 ίσασι,
2472 1759 2700 1815 τοιαῦτα
2750 1758 2942 1812 πολλά·
2987 1758 3084 1810 καὶ
3131 1756 3323 1828 τέρψις
3372 1757 3483 1827 γὰρ
3531 1758 3741 1821 αὐτοὺς.

438 1904 447 1913 ,
476 1860 798 1920 teremptus.
832 1850 1030 1905 Verum
1057 1858 1111 1904 et
1141 1850 1175 1904 ii
1208 1850 1296 1916 (de
1330 1850 1532 1919 quibus
1573 1847 1758 1921 supra)
1792 1847 1919 1904 licet
1957 1865 2048 1904 ne-

476 1941 677 2001 sciant.
716 1951 895 1995 tamen
943 1943 1202 2011 pleraque
1241 1941 1366 1995 talia
1409 1941 1820 2009 perpetiuntur:
1849 1941 2048 1994 etenim

475 2040 588 2083 tum
652 2030 942 2084 oblectatio
978 2030 1197 2099 copiose
1252 2044 1608 2085 sucerescens
1658 2045 1801 2100 saepe
1852 2030 2051 2093 saepius

479 2120 628 2188 ipsos
676 2119 931 2184 delectat,
988 2129 1100 2175 tum
1149 2122 1381 2177 illustris
1428 2121 1740 2176 divitiarum
1795 2122 2052 2176 materies

476 2206 728 2261 similiter
757 2222 852 2262 eos
881 2207 1143 2277 disponit,
1184 2220 1298 2264 tum
1326 2209 1501 2264 honor
1526 2209 1694 2272 inflat,
1728 2221 1782 2265 et
1816 2210 2051 2265 dedecus

473 2312 711 2352 tumrore
744 2297 926 2363 allicit,
961 2306 1075 2353 tum
1119 2314 1288 2369 vapor
1316 2315 1538 2355 suavem
1574 2301 1790 2369 spirans
1827 2300 2050 2354 odorem

472 2389 710 2442 oblectat
740 2386 1022 2454 olfactum,
1064 2397 1177 2443 tum
1228 2390 1579 2444 obsoniorum
1614 2389 1883 2457 exquisita
1920 2404 2053 2443 con-

475 2479 737 2541 dimenta,
767 2479 869 2532 etsi
903 2477 1041 2532 forte
1071 2478 1304 2547 qualitas
1350 2493 1457 2532 non
1505 2468 1792 2541 sentiatur,
1824 2487 2049 2547 gustum

475 2571 718 2626 excitant
761 2573 825 2625 ad
863 2573 1185 2641 appetitum.
1244 2570 1477 2626 Ubinam
1528 2587 1658 2642 ergo
1705 2572 2050 2626 clementibus

479 2661 854 2729 hujuscemodi
913 2678 1093 2731 pugna
1147 2662 1329 2715 utilis?
1374 2662 1476 2728 Qui
1531 2662 1787 2716 audacter
1837 2662 2054 2731 prodire

2155 1853 2360 1923 εὐφυὴς
2388 1852 2580 1922 τέρπει
2625 1850 2909 1915 πολλάκις,
2947 1849 3044 1902 καὶ⁸
3085 1847 3186 1915 ὕλη
3229 1846 3474 1900 πλούτου
3501 1847 3737 1917 λαμπρὰ

2154 1938 2455 2008 διατίθησιν
2497 1936 2720 2008 ὁμοίως,
2758 1937 2853 1990 καὶ
2899 1933 3034 2005 τιμὴ
3084 1934 3352 2002 κουφίζει,
3404 1935 3502 1988 καὶ
3548 1934 3734 2000 άδοξέα

2154 2030 2333 2092 λυπεῖ,
2384 2030 2479 2082 καὶ
2512 2029 2684 2097 ἀτμὸς
2738 2026 2946 2097 εὐώδης
2993 2026 3115 2097 ἤδει
3151 2024 3253 2096 τὴν
3300 2025 3596 2096 όσφρησιν,
3638 2029 3732 2080 καὶ

2154 2121 2300 2192 ὕψων
2331 2123 2634 2191 καρυκεῖαι,
2662 2119 2762 2190 τῆς
2808 2119 3095 2187 ποιότητος
3142 2116 3273 2181 ἴσως
3305 2116 3735 2190 ἐπιλαθομένηςι

2154 2209 2253 2282 τὴν
2297 2208 2485 2276 γεῦσιν
2536 2208 2670 2275 πρὸς
2716 2207 2902 2275 ἔφεσιν
2951 2205 3303 2276 διεγείρουσι.
3344 2205 3456 2258 Καὶ
3489 2204 3591 2258 ποῦ
3617 2210 3729 2269 τοῖς

2156 2303 2402 2371 ἀνοήτοις
2451 2301 2484 2368 ἠ
2529 2298 2753 2367 τοιαύτη
2800 2297 2947 2368 μάχη
3000 2297 3289 2368 χρήσιμος,
3321 2300 3521 2368 χωρεῖν
3564 2299 3728 2367 ὁμόσε

2155 2394 2266 2453 τοῖς
2302 2390 2571 2451 κινδύνοις
2599 2388 2947 2458 ἀνεχομένοις
2977 2387 3292 2460 προπετῶς,
3321 2390 3416 2444 καὶ
3439 2390 3731 2460 ἡσυχάζειν

2153 2481 2424 2550 δυνάμενα
2471 2480 2715 2544 κνίζουσι
2742 2479 2811 2534 τά
2859 2480 3030 2549 πάθη,
3068 2480 3206 2548 πρὸς
3243 2475 3304 2535 et
3350 2483 3561 2551 μήποτε
3601 2483 3717 2552 ἠρε-

2160 2574 2298 2640 μεῖν,
2332 2571 2424 2625 καὶ
2477 2573 2777 2642 παρασχεῖν
2823 2569 3008 2624 ἄδειαν
3057 2570 3242 2635 αὐτοῖς
3272 2572 3410 2643 πρὸς
3458 2572 3731 2640 ὠφέλειαν

2156 2660 2432 2730 γυμνάσαι
2464 2659 2561 2730 τὴν
2591 2660 2851 2714 διάνοιαν.

471 2748 751 2803 sustinent
776 2750 1040 2805 adversus
1063 2751 1324 2821 pericula,
1356 2764 1411 2805 et
1440 2752 1741 2820 passiones,
1773 2766 1893 2818 quas
1952 2759 2173 2818 possent
2234 2750 2536 2818 quiescere,
2564 2750 2854 2819 proritant,
2896 2751 2969 2805 ita
3003 2760 3071 2805 ut
3122 2765 3397 2821 nunquam
3470 2749 3730 2809 fruantur

477 2840 678 2910 quiete,
711 2839 954 2912 ipsisque
984 2843 1326 2897 vacationem
1355 2858 1631 2912 nunquam
1664 2845 1960 2913 praebeant,
1986 2842 2052 2897 ad
2089 2843 2419 2897 intellectum
2483 2842 2538 2897 in
2601 2858 2687 2910 eo,
2719 2843 2863 2913 quod
2899 2844 3174 2910 conducit,
3202 2844 3586 2900 exercendum.

1020 2952 1253 3008 CAPUT
1308 2951 1499 3006 XXIII.

524 3062 697 3117 Mens
726 3078 919 3132 nempe
951 3079 1076 3119 cum
1110 3068 1181 3118 sit
1210 3071 1401 3133 suapte
1432 3072 1623 3118 natura
1673 3079 1888 3135 semper
1932 3081 2055 3119 mo—

478 3156 605 3210 bilis
626 3197 640 3221 ,
664 3156 885 3225 quando
924 3171 953 3209 a
985 3155 1354 3211 sollicitudine
1390 3171 1571 3209 rerum
1600 3155 1837 3210 futilium
1873 3156 2045 3210 otium

2725 2953 2975 3008 ΚΕΦΑΛ.
3004 2953 3131 3008 Kl".

2231 3064 2561 3132 Ἀεικίνητος
2591 3065 2698 3135 γὰρ
2736 3065 2811 3118 ὢν
2844 3065 2940 3135 τὴν
2999 3065 3161 3132 φύσιν
3209 3066 3237 3119 ό
3279 3065 3436 3131 νοῦς,
3470 3067 3597 3121 ὅταν
3627 3071 3726 3139 τῆς

2149 3153 2258 3206 τῶν
2302 3155 2549 3223 ματαίων
2580 3156 2816 3228 σχολάσῃ
2846 3155 3130 3227 φροντίδος
3155 3197 3177 3222 ,
3222 3157 3353 3226 περὶ
3378 3158 3446 3212 τὰ
3476 3157 3725 3229 λυσιτελῆ

477 3245 679 3315 egerit,
713 3260 898 3299 curam
935 3247 1098 3300 vertit
1127 3244 1193 3297 ad
1234 3245 1422 3309 utilia,
1477 3254 1588 3298 tum
1610 3254 1925 3314 supputans
1947 3261 2041 3314 ea,

2152 3244 2340 3313 τρέπει
2388 3246 2488 3315 τὴν
2535 3246 2826 3316 μέριμναν,
2874 3247 2944 3300 τά
2994 3246 3308 3318 καθήκοντα
3355 3247 3724 3319 λογιζόμενος,

479 3351 599 3404 qum
625 3334 1159 3406 Mconveniunt,
1185 3344 1297 3388 tum
1324 3335 1545 3404 proprio
1571 3343 1736 3389 totam
1764 3350 1822 3391 se
1849 3336 2051 3393 dedens

478 3425 697 3489 studio,
745 3434 861 3478 tum
911 3423 1020 3478 Deo
1060 3424 1378 3494 colloquens
1422 3440 1515 3494 per
1550 3425 1852 3481 orationem
1880 3469 1895 3493 ,
1934 3436 2049 3483 tum

479 3513 680 3570 divinis
702 3514 991 3583 perfruens
1016 3516 1362 3571 sermonibus
1392 3517 1445 3570 in
1483 3517 1734 3583 lectione,
1758 3527 1872 3573 tum
1902 3535 2052 3574 reco-

480 3602 659 3671 gitans
710 3617 773 3656 ea
817 3617 941 3671 quae
981 3611 1163 3658 creta
1212 3615 1372 3669 sunt,
1422 3615 1475 3660 et
1520 3605 1573 3659 in
1628 3607 1890 3662 varietate
1928 3610 2052 3664 talis

478 3689 680 3759 Opifieii
724 3690 1012 3748 dilaudaus
1055 3690 1412 3762 Creatorem,
1462 3704 1575 3749 tum
1634 3697 1921 3766 passiones
1970 3699 2050 3752 vi-

477 3783 614 3836 dens
652 3783 937 3851 depressas
971 3827 986 3852 ,
1027 3795 1141 3840 tum
1186 3801 1365 3844 mores
1398 3788 1695 3858 inspiciens
1733 3791 2005 3847 eobibitos
2030 3834 2045 3859 ,

479 3883 591 3928 tum
620 3874 956 3943 applaudeus
994 3877 1313 3946 quotidiauo
1357 3880 1411 3933 in
1463 3881 1660 3936 melius
1703 3884 2046 3953 progressui,

479 3973 592 4019 tum
630 3964 866 4034 denique
905 3973 1076 4022 totum
1121 3978 1339 4024 statum'
1371 3986 1531 4026 suum
1571 3987 1725 4040 aeque
1759 3973 2046 4040 libratum,

477 4064 537 4108 et
557 4053 1017 4123 imperturbatum
1063 4060 1449 4124 considerans,
1486 4077 1551 4117 ac
1591 4062 1660 4117 de
1705 4063 1791 4118 bis
1835 4079 2051 4134 semper

478 4144 682 4213 gratias
707 4159 887 4214 agens.
908 4146 958 4200 ei
983 4186 999 4211 ,
1045 4148 1141 4217 qui
1182 4149 1284 4202 hoc
1333 4149 1541 4205 denunt
1583 4151 1893 4221 impertitus
1924 4162 2007 4207 est
2031 4193 2046 4218 ,

481 4235 754 4306 vitamque
805 4237 1027 4302 laetitia,
1079 4249 1133 4294 et
1184 4241 1350 4295 animi
1399 4243 1745 4312 jucunditate
1795 4245 2046 4299 refertam

477 4326 718 4382 donavit.
753 4326 1096 4398 Quapropter
1121 4346 1229 4385 non
1265 4341 1349 4387 est
1374 4348 1529 4399 aeque
1554 4334 1904 4390 aestimandus
1934 4337 2044 4402 ille,

476 4416 572 4485 qui
603 4432 780 4486 neque
802 4420 905 4473 scit
935 4428 1136 4473 statum
1161 4436 1321 4475 suum
1347 4462 1362 4484 ,
1404 4435 1503 4475 nec
1526 4429 1742 4492 tempus
1758 4425 2047 4494 dispectio-

477 4507 565 4562 nis
598 4508 802 4577 praebet
831 4508 1025 4561 rationi
1068 4508 1134 4562 ad
1159 4494 1595 4578 diguoseendum-
1616 4515 1892 4581 quomodo
1924 4530 2043 4569 mo-

478 4606 705 4649 veantur
722 4595 1037 4663 passiones;
1063 4610 1130 4650 an
1148 4597 1263 4651 beri
1294 4599 1492 4667 potius,
1516 4601 1598 4655 vel
1625 4602 1783 4656 hodie
1809 4604 2003 4659 melius
2023 4645 2038 4670 ,
2076 4586 2118 4640 ί)

479 4693 575 4739 aut
619 4686 776 4755 pejus
808 4699 868 4739 se
908 4685 1182 4750 habeant,
1234 4688 1433 4757 quippe
1458 4706 1578 4760 qua:
1616 4693 1788 4748 multo
1811 4694 2050 4763 indigent

478 4772 590 4826 otio
617 4772 685 4827 ad
715 4771 1127 4842 intelligentiam
1172 4775 1304 4827 varii
1337 4786 1517 4832 motus
1553 4778 1794 4848 ipsarutn
1815 4819 1829 4843 ,
1861 4790 1915 4835 et
1943 4781 2055 4835 dif-

480 4863 741 4929 ferentia},
769 4879 901 4934 quae
919 4865 1166 4935 quotidie
1198 4867 1293 4932 fit;
1326 4870 1602 4936 quomodo
1636 4871 1939 4929 imminutae
1970 4875 2047 4931 si-

479 4952 730 5022 gillatim,
762 4954 847 5008 vel
879 4970 1071 5010 rursus
1103 4955 1346 5010 adaucta:
1376 4972 1718 5027 proserpunt;
1752 4962 1954 5027 studio,
1987 4977 2051 5017 ac

480 5042 710 5111 pigritia,
744 5045 838 5099 tali
873 5045 958 5100 vel
993 5046 1088 5100 tali
1132 5047 1295 5101 modo
1337 5047 1652 5118 dispositas,
1693 5052 1950 5115 intensaa,
1986 5069 2049 5108 ac

480 5136 740 5202 remissae,
766 5137 1141 5206 quiescentes,
1171 5152 1235 5191 ac
1265 5149 1618 5209 exsurgentes
1639 5177 1656 5203 ,
1689 5140 1871 5195 fenum
1896 5158 2050 5213 aeque

481 5237 644 5296 atque
667 5227 830 5283 boves
858 5230 1230 5296 comedentes,
1259 5240 1353 5284 aut
1386 5246 1578 5286 carnes
1606 5234 1761 5288 avide
1792 5245 2046 5305 appeten-

482 5327 600 5373 tes:
634 5318 736 5373 boc
762 5320 928 5382 enim,
960 5321 1106 5390 ipsas
1131 5321 1498 5387 mansuefieri,
1536 5322 1665 5378 illud
1696 5335 1874 5383 autem
1903 5328 2046 5385 fera-

485 5419 600 5460 rum
630 5405 803 5461 instar
837 5407 1027 5462 saevire
1068 5423 1135 5465 ac
1162 5407 1426 5473 ferocire,
1468 5409 1733 5481 designat.

548 5575 594 5608 ”
638 5577 821 5635 Iudith
870 5597 982 5646 xvn,
1052 5585 1134 5637 Ii.

2153 3335 2246 3389 καὶ
2286 3336 2388 3404 τῆς
2434 3336 2641 3399 οἰκείας
2687 3337 3002 3408 ἐπιμελείας
3052 3336 3189 3402 ὅλως
3235 3340 3556 3411 γινόμενος,
3611 3342 3726 3411 θεῷ

2152 3425 2502 3497 προσομιλῶν
2529 3427 2617 3480 διὰ
2651 3428 2751 3497 τῆς
2782 3430 3092 3500 προσευχῆς
3115 3472 3130 3496 ,
3167 3430 3346 3499 λόγοις
3373 3432 3724 3504 ἐνευφραινό-

2154 3531 2312 3583 μενος
2360 3516 2499 3569 κατά
2543 3518 2643 3586 τὴν
2677 3518 2983 3586 ἀνάγνωσιν
3031 3519 3231 3586 θείοις,
3274 3521 3342 3575 τὰ
3371 3523 3469 3593 τῆς
3495 3524 3724 3587 κτίσεως

2151 3607 2370 3672 ἐννοῶν,
2407 3610 2500 3662 καὶ
2528 3609 2764 3676 δοξάζων
2792 3610 2887 3664 ἐπὶ
2928 3610 3008 3682 τῷ
3042 3612 3272 3684 ποικίλῳ
3311 3615 3411 3684 τῆς
3455 3614 3722 3686 δημιουρ-

2149 3699 2274 3767 γίας
2311 3700 2401 3753 τὸν
2426 3701 2704 3767 κτίσαντα,
2734 3702 2804 3756 τὰ
2840 3702 2988 3775 πάθη
3034 3703 3443 3775 συνεσταλμένα
3467 3707 3631 3778 όρῶν,
3657 3707 3726 3759 τὰ

2150 3791 2254 3861 ἢθη
2304 3791 2517 3861 βλέπων
2549 3794 2964 3864 κατεσταλμένα
2989 3834 3005 3860 ,
3058 3797 3122 3867 τῇ
3155 3796 3507 3869 καθημερινῇ
3535 3800 3628 3851 ἐπὶ
3664 3801 3723 3851 τὸ

2152 3881 2361 3951 βέλτιον
2409 3887 2662 3955 προκοπῇ
2720 3887 3253 3958 ἐπισημαινόμενος,
3307 3889 3402 3943 καὶ
3456 3889 3585 3958 ὅλην
3634 3891 3722 3942 εὖ·

2153 3974 2594 4046 σταθμουμένην,
2629 3978 2723 4031 καὶ
2752 3979 3029 4051 ἀτάραχον
3072 3980 3175 4052 τὴν
3206 3981 3406 4034 ἑαυτοῦ
3455 3982 3722 4036 κατάστα-

2152 4080 2236 4116 σιν
2268 4064 2512 4137 θεωρῶν,
2548 4069 2640 4120 καὶ
2671 4067 2765 4120 ἐπὶ
2789 4070 2997 4134 τούτοις
3030 4071 3370 4143 εὐχαριστῶν
3403 4072 3491 4127 διὰ
3523 4072 3720 4134 παντὸς

2148 4154 2226 4224 τῷ
2262 4158 2599 4226 παρασχόντι
2641 4158 2849 4231 ταύτην
2872 4161 2973 4232 τὴν
3012 4161 3195 4234 χάριν,
3234 4163 3327 4217 καὶ
3355 4162 3501 4234 ζωὴν
3531 4165 3720 4235 εὐφρο-

2152 4244 2317 4314 σύνης
2346 4246 2644 4316 γέμουσαν,
2672 4250 2766 4302 καὶ
2805 4247 3097 4320 θυμηδίας.
3126 4250 3236 4303 Καὶ
3257 4252 3358 4305 οὐκ
3385 4251 3536 4305 ἐστιν
3569 4253 3720 4305 ἰσότι-

2153 4353 2252 4407 μος
2281 4337 2460 4408 τούτῳ
2483 4378 2496 4403 ,
2542 4342 2569 4393 ό
2618 4341 2755 4411 μηδέ
2807 4340 2961 4405 εἰδὼς
2997 4342 3096 4412 τὴν
3141 4343 3336 4396 ἐαυτοῦ
3367 4345 3717 4407 κατάστασιν,

2147 4426 2270 4496 ἥτις
2303 4428 2452 4479 ἐστί·
2517 4429 2653 4500 μηδέ
2690 4431 2881 4502 καιρὸν
2925 4432 3266 4501 ἐπισκέψεως
3310 4432 3485 4497 διδοὺς
3528 4435 3606 4506 τῷ
3636 4434 3717 4487 λο-

2148 4516 2333 4586 γισμῷ
2363 4519 2499 4589 πρὸς
2538 4519 2598 4572 τὸ
2631 4520 2835 4589 γνῶναι
2895 4518 3013 4586 πῶς
3060 4526 3288 4576 κινεῖται
3339 4523 3409 4577 τὰ
3455 4524 3634 4596 πάθη·
3670 4526 3717 4578 εἰ

2150 4606 2277 4677 χθὲς
2315 4607 2534 4677 μᾶλλον,
2562 4609 2855 4683 ἢσήμερον
2886 4612 3108 4682 ἄμεινον
3138 4613 3410 4666 διάκειται
3431 4655 3446 4679 ,
3474 4616 3509 4686 ἦ
3542 4619 3716 4687 χεῖρον

2150 4694 2348 4764 πολλῆς
2375 4695 2604 4763 δεόμενα
2639 4699 2834 4769 σχολῆς
2867 4701 2948 4762 εἰς
2977 4701 3308 4771 κατανόησιν
3337 4702 3439 4771 τῆς
3470 4704 3715 4773 ποικίλης

2147 4783 2352 4839 τούτων
2383 4789 2650 4858 κινήσεως
2676 4827 2690 4851 ,
2721 4790 2816 4842 καὶ
2845 4790 2943 4860 τῆς
2987 4791 3257 4860 ὁσημέραι
3289 4794 3579 4862 γινομένης
3602 4795 3714 4847 δια·

2149 4879 2341 4945 φορᾶς,
2379 4877 2494 4942 πῶς
2533 4879 2938 4951 προσέρπουσιν
2985 4879 3391 4950 ἐλαττούμενα,
3428 4884 3571 4936 κατά
3620 4885 3716 4954 μέ-

2150 4982 2265 5036 ρος,
2296 4967 2329 5034 ἢ
2363 4968 2527 5021 πάλιν
2575 4968 2905 5039 αὐξούμενα,
2941 4970 3144 5041 σπουδῇ
3180 4971 3276 5024 καὶ
3307 4971 3554 5043 ῥᾳθυμίᾳ
3577 5014 3590 5035 ,
3627 4973 3716 5026 οὗ·

2148 5074 2277 5121 τως,
2307 5059 2340 5128 ἢ
2368 5058 2539 5122 οὕτως
2563 5059 2913 5131 διατιθέμενα
2937 5080 2949 5091 ·
2983 5064 3370 5133 ἐπιτεινόμενα
3391 5104 3405 5127 ,
3450 5065 3543 5117 καὶ
3576 5065 3716 5117 ἀνιέ-

2149 5163 2325 5214 μεναο
2376 5149 2706 5219 ἠρεμοῦντα,
2755 5151 2851 5204 καὶ
2898 5152 3307 5221 διανιστάμενα.
3363 5154 3576 5224 Χόρτον
3630 5156 3715 5208 [σα

2148 5236 2333 5308 βουσὶν
2378 5241 2648 5308 ἐσθίοντα,
2701 5243 2923 5314 σαρκῶν
2975 5243 3312 5314 ὀρεγόμενα’
3358 5244 3418 5298 τὸ
3468 5245 3569 5316 μὲν
3612 5247 3717 5316 γάρ

2142 5331 2465 5402 ὴμερῶσθαι
2499 5334 2659 5397 αὐτὰ,
2696 5336 2757 5390 τὸ
2788 5335 2845 5390 δὲ
2875 5334 3261 5408 τεθηριῶσθαι,
3291 5337 3386 5389 καὶ
3414 5337 3716 5408 ἀγριαίνειν

2147 5424 2518 5495 ἐπισημαίνει.
