4046 6152
298 265 436 336 Ῐο89

868 377 911 428 Κ
922 373 1110 428 ΕΦᾹΛ.
1159 377 1280 428 KA'.

381 488 599 557 Ἐπειδὴ
658 486 907 556 καθάπερ
956 486 1064 538 τῶν
1109 486 1354 557 ἑρπετῶν
1414 486 1484 540 τὰ
1542 487 1720 540 ίοϐόλα
1763 486 1863 550 τὰς

299 575 612 648 χειμερινὰς
642 575 792 645 ὥρας
822 574 1130 644 ἠρεμοῦντα
1165 574 1314 642 μένει
1349 574 1603 644 ἀκίνητα,
1631 575 1724 628 καὶ
1764 575 1864 644 τὴν

307 666 518 736 βλάϐην
569 667 667 717 οὐκ
720 663 1140 732 ἐπιδεικνύμενα
1173 662 1260 715 διὰ
1294 664 1356 716 τὸ
1389 664 1749 734 πεπαχῶσθαι
1785 664 1864 735 τῷ

299 757 516 829 κρυμῷ,
541 756 684 809 οὕτω
712 757 820 817 τοίς
853 757 1257 825 περισπασμοῖς
1287 753 1564 824 ἀργοῦντα
1593 754 1762 824 πάθη,
1802 756 1863 807 ού

297 849 574 900 πέπαυται
618 845 737 915 μὲν,
790 845 989 915 ἠρεμεῖ
1017 843 1073 896 δὲ
1123 843 1284 909 τέως,
1331 845 1451 897 τότε
1478 845 1866 914 διακινούμενα

297 941 384 992 ὅτε
418 938 602 992 ἄδειαν
625 937 781 1008 εὕρῃ,
818 936 911 988 καὶ
937 935 1134 1005 σχολὴν
1163 938 1220 987 ἐν
1247 937 1360 998 τοῖς
1388 935 1667 1005 ἐνθυμίοις
1694 936 1865 1002 δεῖξαι

299 1029 432 1101 πρὸς
469 1029 505 1083 ἃ
536 1029 852 1098 πεποίηται,
900 1028 976 1090 ὡς
1019 1029 1084 1080 ἐκ
1135 1028 1402 1098 χηραμῶν
1433 1029 1634 1100 ἡλιακῇ
1688 1029 1871 1103 θέρμῃ

299 1119 721 1188 ἐκφωλεύοντα,
771 1120 865 1172 καὶ
921 1120 1300 1190 προερχόμενα
1352 1120 1533 1192 θηρία.
1573 1121 1672 1175 Διά
1709 1123 1871 1176 τοῦτο

301 1211 510 1280 λέγεταί
557 1229 678 1264 τινα
706 1210 813 1263 τῶν
861 1210 1411 1280 παρακολουθούντων
1443 1215 1555 1276 τοῖς
1587 1213 1868 1284 λογισμοῖς

300 1305 466 1364 πολὺν
523 1307 581 1357 ἐν
637 1304 828 1374 ἐρήμῳ
879 1302 1232 1373 ἡσυχάσαντα
1281 1305 1504 1376 χρόνον,
1555 1306 1650 1358 καὶ
1701 1304 1869 1376 πείρα

302 1397 625 1466 βουλόμενον
653 1394 752 1466 τὴν
779 1394 1160 1466 καθημερινὴν
1191 1395 1387 1464 μαθεῖν
1431 1397 1736 1468 προκοπὴν,
1763 1396 1868 1468 ψή.

305 1503 438 1554 φους
487 1484 589 1554 τῆς
642 1485 877 1554 ἐρημίας
915 1481 1312 1553 ἀναλεξάμενοι)
1364 1484 1615 1555 ψάμμου,
1665 1485 1869 1549 ταύτας

302 1577 444 1648 ἔχειν
490 1575 849 1645 ἐγκαλ-πίθος,
880 1576 974 1629 καὶ
1017 1575 1153 1646 πρὸς
1201 1575 1301 1644 μὲν
1351 1577 1568 1631 ἀστεῖον
1613 1576 1870 1646 ἐνθύμιον

304 1665 614 1736 κινηθέντος
643 1665 737 1718 τοῦ
767 1665 1052 1733 λογισμοῦ,
1086 1664 1163 1734 τῷ
1191 1664 1350 1735 δεξιῷ
1377 1666 1536 1736 μέρει
1559 1666 1870 1738 παρατιθέ-

306 1774 389 1808 ναι
417 1756 547 1825 μίαν
572 1757 664 1808 τοῦ
684 1756 945 1826 κύματος,
978 1757 1112 1827 πρὸς
1130 1757 1353 1827 αἰσχρὸν
1380 1757 1436 1810 δέ
1467 1756 1542 1826 τῷ
1569 1755 1869 1826 ἀριστερῷ,

305 1850 398 1908 καὶ
445 1848 602 1900 τοῦτο
649 1848 814 1904 ἕωθεν
869 1848 1033 1918 μέχρι
1087 1849 1270 1917 δείλης
1321 1851 1494 1907 ποιεῖν
1539 1849 1680 1904 κατὰ
1739 1850 1870 1919 μίαν

305 1938 665 2010 προστιθέντα
694 1939 876 2008 ψῆφον
914 1939 1065 1991 ἔνθεν
1107 1939 1200 1991 καὶ
1229 1938 1400 2001 ἔνθεν,
1438 1939 1511 2002 ὼς
1553 1941 1619 1993 τά
1653 1939 1872 2008 βουλεύ-

304 2049 450 2100 ματα
479 2030 650 2083 θεῖναι
683 2029 1095 2098 παρεσκεύαζεν
1114 2047 1126 2060 ο
1153 2025 1270 2083 εἶτα
1303 2030 1402 2099 τῆς
1425 2031 1668 2100 ἑσπέρας
1701 2048 1871 2084 κατα-

305 2123 614 2192 λαϐούσης,
657 2121 913 2192 ἀριθμεῖν
965 2121 1167 2185 ταύτας
1214 2123 1510 2186 κάκείνας,
1561 2124 1656 2182 καὶ
1701 2123 1873 2193 τούτῳ

305 2213 596 2284 μανθάνειν
655 2213 730 2283 τῷ
792 2214 979 2284 τρόπῳ
1028 2214 1190 2282 πόση,
1240 2215 1373 2276 εἴτις
1425 2214 1572 2284 αύτῷ
1627 2216 1762 2284 πρὸς
1813 2215 1875 2267 τὸ

305 2308 503 2375 ἀγαθὸν
540 2307 663 2360 καθ’
692 2307 927 2375 ἑκάστην
971 2306 1182 2374 ἐγίνετο
1215 2308 1247 2376 ἡ
1278 2306 1514 2369 ἐπίδοσις
1535 2349 1548 2371 ,
1579 2309 1672 2362 καὶ
1701 2307 1874 2378 τούτῳ

307 2399 404 2469 μὲν
436 2401 471 2468 ἡ
515 2398 768 2469 εὐκαιρία
796 2398 930 2468 πρὸς
963 2398 1025 2450 τὸ
1069 2401 1242 2458 ποιεῖν
1285 2398 1442 2460 τοῦτο
1478 2401 1704 2469 παρεῖχε
1752 2416 1875 2469 σχο-

307 2492 423 2560 λήν.
455 2489 546 2559 Τῷ
578 2489 634 2542 δὲ
667 2490 740 2558 μὴ
775 2488 1104 2560 ἐπαρκοῦντι
1143 2492 1263 2552 ταῖς
1295 2489 1688 2559 καθημεριναῖς
1717 2491 1874 2560 ὀχλή-

307 2600 446 2648 σεσι,
477 2581 554 2652 τῷ
584 2581 835 2644 πλείονας
867 2579 1008 2643 εἶναι
1038 2582 1241 2644 ταύτας
1264 2581 1357 2634 τοῦ
1386 2583 1720 2652 ἡμερουσίου
1757 2584 1874 2636 δια-

307 2675 622 2744 στήματος,
667 2673 762 2732 καὶ
803 2675 958 2744 νικᾷν
1005 2672 1083 2743 τῷ
1119 2672 1316 2743 πλήθει
1359 2673 1450 2726 τὸν
1508 2673 1718 2742 χρόνον,
1771 2673 1873 2726 ποῦ

307 2783 434 2820 ποτε
466 2766 841 2837 γνωσθήσεταί
865 2783 918 2819 τι
947 2767 1054 2820 τῶν
1082 2765 1226 2830 οὕτω
1257 2765 1742 2835 σπουδαζομένων;
1778 2767 1876 2834 τῆς

307 2861 540 2923 διανοίας
566 2861 627 2912 οὐ
657 2860 920 2930 θελούσης
969 2859 1116 2934 ἔχειν
1157 2860 1324 2930 ἄλλην
1359 2860 1636 2929 φροντίδα,
1667 2860 1795 2912 ὅταν
1822 2876 1876 2912 τι

308 2953 414 3006 τῶν
461 2952 777 3020 ἀναγκαίων
829 2955 908 3015 είς
939 2950 1130 3021 σκέψιν
1178 2953 1516 3022 προκέηται,
1547 2951 1670 3004 οὒτε
1701 2968 1877 3019 πεφυ-

1318 269 1414 330 Ι)Ε
1443 261 1972 330 MONACHORUM
2011 268 2524 330 PRAESTANTIA.

2515 374 2749 429 CAPUT
2795 371 2980 428 XXIV.

2040 487 2489 558 Quandoquidem
2525 487 2892 556 sicutreptilia
2916 493 3176 541 venenata
3213 500 3308 556 per
3336 495 3536 555 tempe-

1967 588 2158 634 statem
2183 579 2463 631 hibernam
2499 579 2702 647 plarida
2729 586 2876 641 sunt,
2908 587 3242 647 manentque
3269 577 3490 629 immota
3522 617 3534 636 ,

1967 684 2142 734 neque
2161 684 2383 733 noxam,
2402 683 2568 737 quam
2587 667 2849 729 inferunt,
2867 653 3142 725 exhibent.
3165 666 3289 734 quia
3308 681 3417 735 pra:
3447 663 3538 717 fri—

1967 774 2097 828 gore
2121 760 2412 814 constricta
2445 767 2573 811 sunt
2597 777 2610 812 :
2641 758 2712 811 ita
2731 759 3011 827 passiones
3034 758 3267 811 otiatitcs
3298 771 3326 807 ιι
3350 756 3533 810 distra-

1967 851 2262 914 ctionibus,
2294 866 2400 904 non
2426 850 2706 904 desierunt
2734 849 2984 919 quidem,
3020 850 3111 902 sed
3143 846 3305 919 403
3339 846 3544 899 interra

1968 943 2380 1011 conquiescunt,
2410 957 2533 1010 qua:
2563 951 2692 995 tunc
2722 953 3154 1003 commoventur,
3183 939 3399 1008 quando
3426 936 3541 991 lue-

1968 1034 2079 1089 riut
2105 1043 2280 1086 nactae
2313 1032 2650 1095 facultatem,
2680 1040 2732 1084 et
2764 1032 2934 1084 otimn
2960 1030 3276 1084 ostendendi
3307 1029 3360 1082 in
3395 1029 3542 1098 cogi—

1971 1124 2266 1179 tationibus
2295 1123 2360 1176 ad
2389 1139 2638 1192 quasnam
2675 1121 2828 1175 facta:
2857 1123 2998 1185 sint,
3037 1122 3182 1174 velut
3209 1120 3392 1174 bestiae
3411 1160 3424 1183 ,
3451 1135 3543 1174 so-

1969 1214 2067 1268 lari
2129 1214 2419 1268 irradiante
2471 1214 2693 1273 calore,
2727 1227 2757 1266 e
2787 1211 3026 1265 latibulis
3082 1219 3434 1281 exsurgentes
3479 1225 3544 1264 ac

1968 1313 2318 1375 prodeuntes.
2363 1304 2488 1359 Ideo
2523 1302 2690 1357 fertur
2737 1304 2882 1372 quod
2925 1304 3144 1372 quidam
3177 1317 3391 1364 eorum,
3449 1302 3548 1369 qui
3598 1310 3602 1315 ’

1969 1397 2440 1451 animadversione
2485 1404 2539 1450 et
2587 1395 2940 1465 intelligentia
2988 1395 3343 1464 cogitationes
3397 1408 3547 1447 asse-~

1969 1496 2206 1551 etaritur,
2231 1503 2360 1541 cum
2407 1488 2579 1540 multo
2619 1497 2860 1556 tempore
2899 1487 2952 1540 in
2994 1487 3206 1542 deserta
3257 1484 3553 1540 solitudine

1971 1581 2210 1648 quietam
2241 1579 2438 1647 egisset
2473 1581 2638 1632 vitam
2668 1618 2682 1641 ,
2724 1587 2778 1631 et
2814 1578 2971 1633 vellet
3005 1577 3338 1647 experientia
3367 1575 3546 1646 quoti—
3599 1577 3608 1624 i

1971 1671 2194 1723 dianum
2243 1669 2486 1724 ediscere
2541 1684 2928 1738 progressum,
2980 1669 3222 1723 calculos
3267 1683 3334 1722 ex
3383 1682 3550 1720 arena

1973 1761 2172 1818 deserti
2203 1760 2482 1829 colligens,
2516 1776 2610 1814 eos
2643 1776 2744 1813 suo
2774 1762 2827 1813 in
2859 1761 2982 1814 sinu
3022 1759 3285 1824 habebat,
3316 1774 3555 1827 eumque

1975 1851 2041 1905 ad
2072 1852 2355 1905 honestam
2388 1851 2769 1918 cogitationem
2804 1859 2985 1904 motus
3013 1860 3156 1904 esset
3200 1851 3505 1903 intellectus
3532 1893 3545 1912 ,

1975 1943 2196 1996 dextera
2240 1942 2292 1995 in
2328 1956 2477 2010 parte
2509 1943 2812 2011 deponi-bat
2841 1958 3007 1995 unum
3045 1941 3314 1996 calculum
3344 1957 3373 1993 e
3411 1943 3551 1992 mu!-

1975 2035 2073 2095 ιὶε.
2106 2035 2160 2086 in
2192 2033 2414 2087 sinistra
2447 2050 2574 2086 vezo
2598 2072 2612 2094 ,
2647 2049 2769 2086 cum
2811 2034 2875 2086 ad
2915 2043 3124 2100 turpem
3166 2023 3549 2101 cogitationem

1978 2123 2293 2176 iacit-aretur
2324 2141 2336 2176 :
2376 2122 2590 2189 hocque
2619 2139 2650 2175 a
2683 2121 2963 2175 matutinis
2991 2123 3140 2175 horis
3169 2136 3339 2189 usque
3367 2121 3432 2172 ad
3467 2135 3555 2187 pn-

1977 2214 2302 2267 meridianas
2337 2215 2486 2268 circa
2528 2230 2806 2282 vesperam
2856 2215 3124 2277 faciebat,
3161 2213 3289 2265 hinc
3331 2221 3386 2263 et
3429 2213 3553 2263 inde

1978 2303 2220 2372 Singulos
2250 2302 2454 2357 addens
2484 2304 2759 2368 calculos,
2793 2320 2856 2357 ac
2905 2307 2949 2358 si
2999 2307 3242 2359 studeret
3285 2302 3560 2356 delibera--

1979 2394 2152 2447 tiones
2205 2410 2298 2448 seu
2331 2404 2455 2448 vota
2483 2397 2751 2462 deponere
2775 2435 2789 2459 ,
2827 2396 3020 2449 deinde
3053 2395 3142 2447 ubi
3189 2408 3413 2462 vespera
3458 2395 3553 2447 ad-

1977 2492 2218 2544 venerat,
2243 2497 2356 2536 tutn
2389 2483 2550 2538 hosce
2571 2483 2815 2539 calculos
2833 2482 3234 2540 dinomerabat.
3263 2491 3375 2534 tum
3408 2481 3549 2540 illos.

1984 2581 2038 2626 et
2064 2573 2231 2626 hocce
2261 2571 2421 2624 modo
2446 2571 2716 2632 ediSi-ebat
2737 2613 2750 2636 ,
2787 2588 2854 2625 an
2886 2572 3121 2639 aliquant
3156 2569 3396 2639 quotidie
3433 2583 3556 2636 pro-

1977 2677 2223 2731 gressum
2253 2661 2476 2718 faceret.
2509 2659 2573 2714 Et
2601 2662 2724 2715 huic
2758 2660 2976 2730 quidem
3009 2661 3076 2714 ad
3113 2661 3217 2714 hoc
3242 2659 3551 2717 faciendum

1981 2767 2357 2832 huiuscemodi
2385 2768 2553 2820 otium
2589 2767 2816 2837 pra-buit
2846 2765 3266 2834 opportunitas;
3310 2765 3401 2833 qui
3433 2779 3568 2816 vern-

1981 2858 2259 2912 sullieiens
2296 2873 2402 2911 non
2435 2869 2518 2911 est
2551 2857 3059 2926 perturbationibus
3089 2855 3422 2925 quotidianis
3447 2894 3462 2918 ,
3493 2869 3565 2907 eo

1979 2945 2122 3012 quod
2163 2947 2348 3013 plures
2398 2945 2513 2997 isne
2553 2945 2661 2997 sint
2693 2959 2854 3012 quam
2897 2945 3130 3010 Spatium
3163 2944 3459 3006 diurnum,
3505 2951 3560 2993 et

310 3042 488 3106 κυίᾱς,
527 3043 630 3096 κᾶν
655 3042 911 3113 βούληται
938 3043 1398 3114 παρενθυμείσθαι
1426 3043 1611 3113 ἕτερον
1628 3042 1777 3114 παρὰ
1816 3044 1879 3094 τὸ

1983 3037 2049 3087 ob
2083 3035 2537 3102 multiplicitatem
2570 3041 2826 3101 superent
2853 3042 3088 3100 tempus,
3121 3032 3344 3085 ubinam
3377 3045 3561 3098 agno-

311 3132 746 3204 μεριμνὼμενον,
794 3132 1075 3204 ὀφθαλμοῦ
1121 3132 1276 3202 δίκην
1324 3133 1458 3204 πρὸς
1510 3132 1568 3185 ἒν
1620 3132 1874 3202 ὁρῶντος,

309 3225 658 3277 καὶ“πλείοσι
684 3225 1028 3295 ἐπιμερίζειν
1073 3223 1170 3295 τὴν
1203 3223 1462 3294 ὁρατικὴν
1501 3223 1728 3293 δύναμιν
1780 3224 1878 3275 οὑκ

309 3314 518 3382 ἔχοντος
545 3313 779 3383 φύσεως.

1987 3148 2101 3191 seet
2132 3153 2370 3206 unquam
2407 3139 2608 3206 aliquid
2648 3152 2836 3190 eorum
2863 3178 2877 3202 ,
2927 3151 3050 3206 qua:
3094 3136 3186 3189 tali
3225 3144 3569 3205 peraguntur

1989 3231 2314 3284 sedulitate?
2350 3245 2472 3282 cum
2520 3245 2677 3285 mens
2707 3230 2842 3282 nolit
2877 3230 3037 3282 aliam
3081 3230 3282 3282 habere
3322 3242 3510 3281 curam
3541 3269 3565 3292 ,

1987 3322 2202 3388 quando
2228 3322 2356 3388 quid
2387 3335 2598 3385 eorum,
2634 3336 2754 3389 quas
2786 3320 3090 3373 necessaria
3124 3327 3271 3384 sunt,
3309 3318 3409 3387 ipsi
3438 3333 3566 3386 pro-

311 3401 544 3469 positum
577 3403 648 3456 sit
681 3401 1104 3471 dispiciendum,
1146 3416 1320 3470 neque
1381 3413 1599 3457 assueta
1664 3403 1754 3468 sit,
1823 3410 2173 3473 quantumvis
2228 3411 2390 3476 velit,
2447 3413 2594 3464 aliud
2645 3412 2918 3464 intellectu
2969 3411 3319 3480 perspicere,
3369 3417 3562 3479 praeter

313 3495 464 3559 illud,
497 3499 637 3564 quod
665 3506 843 3564 Curat,
874 3497 1045 3551 instar
1071 3497 1254 3562 oeuli,
1292 3497 1384 3565 qui
1423 3497 1549 3550 dum
1596 3499 1659 3550 ad
1709 3515 1878 3562 uirum
1918 3504 2209 3574 quodpiam
2271 3504 2516 3572 reSpicit,
2549 3505 2737 3574 nequit
2805 3505 3033 3560 visivam
3073 3513 3280 3558 naturae
3309 3503 3416 3558 vim
3450 3503 3563 3573 plu-

318 3591 467 3644 ribus
499 3592 790 3660 dispertiri.

887 3706 1136 3759 ΚΕΦΑΛ.
1181 3705 1286 3757 KE'

384 3819 506 3881 Πῶς
533 3816 626 3872 οὖν
659 3819 923 3889 ἀμείνων,
956 3821 1056 3873 κᾶν
1099 3822 1128 3873 ὁ
1169 3820 1331 3882 αὐτὸς
1361 3820 1388 3871 ὁ
1419 3819 1617 3888 διάγων
1648 3821 1872 3888 ἐπισφα-

315 3909 416 3973 λῶς
457 3910 534 3980 τῷ
593 3911 892 3974 ἀκινδύνως
946 3911 1222 3979 διὰγοντι;
1263 3912 1366 3964 κᾶν
1422 3911 1523 3978 γὰρ
1567 3912 1667 3982 τὴν
1717 3911 1884 3981 αὐτὴν

312 4003 410 4073 τῆς
453 4006 655 4074 ἀρετῆς
701 4005 932 4058 δοκῶσιν
975 4005 1179 4058 ὁδεύειν
1209 4004 1346 4067 ὁδὸν,
1393 4004 1505 4057 ἀλλ’
1555 4005 1653 4073 οὐχ
1686 4003 1884 4073 ὁμοίιος

313 4094 536 4146 ἀνύουσι
566 4096 792 4166 ναύτην.
829 4096 888 4148 Ὀ
920 4097 1018 4166 μὲν
1042 4097 1150 4167 γὰρ
1181 4097 1255 4160 ὡς
1287 4098 1344 4150 ἐν
1374 4096 1564 4167 ἡμέραν
1587 4099 1651 4166 τῇ
1685 4097 1885 4167 ἡσυχίᾳ

319 4185 456 4252 μετὰ
495 4184 590 4236 τοῦ
633 4184 946 4256 περιαθρεῖν
991 4187 1246 4253 ἅπαντα,
1283 4189 1374 4240 καὶ
1408 4187 1607 4240 εἰδέναι
1649 4187 1716 4238 τὰ
1765 4187 1885 4240 κατ’

315 4277 484 4346 αὐτὴν
514 4276 771 4346 δυσχερῆ,
803 4278 898 4330 καὶ
924 4278 1136 4344 εὔκολα,
1176 4280 1544 4349 ἀπροσκόπως
1569 4279 1736 4350 αὐτὴν
1770 4279 1886 4331 δια-

316 4368 514 4430 ϐαίνει,
539 4369 833 4432 σκοπέλους
867 4371 1151 4434 ἐκκλίνων,
1187 4371 1278 4423 καὶ
1307 4371 1589 4441 κρημνοὺς
1622 4371 1890 4440 ἐκτρεπό-

321 4477 477 4527 μενος
499 4475 512 4488 ο
563 4461 589 4511 ὁ
621 4460 677 4512 δὲ
721 4459 975 4530 καθάπερ
1008 4464 1064 4513 ἐν
1108 4462 1263 4513 νυκτὶ
1297 4461 1373 4531 τῷ
1409 4462 1558 4530 ζόφῳ
1591 4461 1701 4512 τῶν
1732 4478 1888 4531 περι-

320 4549 588 4618 σπασμῶν
632 4553 711 4613 εἰς
757 4550 986 4620 βόθρους
1027 4553 1320 4621 ἐμπίπτει,
1358 4555 1453 4604 καὶ
1500 4551 1890 4622 περιθραύεται

320 4642 584 4710 πέτραις,
622 4643 715 4694 καὶ
767 4643 929 4694 παντὶ¹
972 4643 1302 4708 προσπταίει
1351 4643 1556 4712 τυφλοῦ
1604 4644 1759 4710 δίκην
1815 4643 1893 4712 τῷ

2436 3708 2599 3788 404
2650 3707 2876 3763 CAPUT
2935 3707 3082 3760 xxv

2055 3824 2336 3892 Quomodo
2363 3825 2524 3895 igitur
2548 3825 2757 3889 melior,
2807 3831 2900 3878 aut
2929 3826 3119 3877 saltem
3155 3823 3293 3878 idem
3326 3825 3432 3879 erit
3457 3825 3563 3882 ille,

1983 3919 2074 3986 qui
2108 3933 2213 3969 non
2245 3919 2361 3970 sine
2392 3917 2633 3984 periculo
2667 3915 2812 3985 degit
2837 3955 2850 3978 ,
2884 3930 2950 3968 eo
2975 3954 2989 3978 ,
3028 3914 3122 3983 qui
3157 3929 3348 3968 secure
3398 3917 3567 3968 vivit?

1984 4007 2232 4078 quamvis
2282 4008 2426 4059 enim
2477 4021 2570 4074 per
2617 4007 2790 4074 ipsam
2828 4005 3044 4057 virtutis
3083 4003 3228 4057 viam
3277 4002 3568 4060 videantur

1993 4103 2277 4163 incedere,
2332 4107 2569 4154 attamen
2617 4112 2723 4149 non
2776 4110 2896 4148 eam
2951 4095 3199 4148 similiter
3241 4095 3573 4162 perficiunt;

1993 4209 2117 4246 nam
2142 4193 2239 4246 iste
2256 4191 2474 4259 quidem
2497 4187 2697 4257 quiete,
2716 4187 2861 4241 velut
2887 4186 2938 4239 in
2964 4186 3052 4242 die
3073 4186 3574 4254 circumspicienda

1993 4286 2200 4350 omnia,
2230 4295 2279 4338 et
2305 4281 2674 4354 diguosccndo
2697 4296 2817 4350 qua:
2844 4279 2897 4333 in
2948 4295 3012 4334 ca
3043 4279 3277 4334 diﬂicilia
3306 4289 3359 4333 et
3385 4277 3573 4334 facilia

1988 4389 2150 4442 sunt,
2181 4376 2446 4432 iur-ﬂ'enso
2471 4357 2638 4444 gradu
2683 4389 2774 4441 per
2806 4372 2976 4439 ipsam
3013 4371 3358 4441 progreditur
3379 4411 3395 4432 ,
3443 4386 3570 4424 δυο-ι

1990 4472 2145 4541 pulos
2173 4469 2452 4522 declinans
2477 4504 2495 4528 π
2545 4477 2597 4520 et
2642 4481 2900 4518 aversaris
2931 4473 3200 4532 ιιι-ωιιιριιι
3241 4464 3390 4528 loca;
3433 4462 3573 4514 alter

1990 4571 2168 4614 autem
2197 4576 2259 4614 ac
2289 4560 2331 4612 si
2365 4568 2520 4611 nocte
2540 4557 2936 4619 deambularet,
2963 4556 3033 4608 ob
3055 4555 3340 4624 caliginem
3375 4554 3575 4605 distra-

1991 4657 2227 4706 ctinnum
2261 4651 2312 4702 in
2346 4649 2530 4703 furcas
2562 4648 2776 4711 incidit,
2805 4656 2858 4699 et
2888 4647 3034 4720 savis
3061 4646 3237 4698 illisus
3267 4643 3533 4709 confringi
3553 4666 3578 4679 ιν

318 4733 593 4802 ἐμποδίῳ·
639 4734 731 4787 καὶ
774 4733 996 4786 ἔπαινον
1027 4733 1134 4804 γὰρ
1179 4733 1290 4788 τῶν
1333 4733 1588 4803 ὁρώντων
1628 4735 1792 4786 αὑτοῦ
1831 4735 1879 4786 τὲ

1999 4753 2121 4806 tur,
2164 4751 2217 4794 et
2260 4743 2433 4794 instar
2477 4740 2608 4792 caeci
2654 4739 2805 4791 omni
2848 4739 3098 4806 impingit
3130 4735 3524 4796 impedimento
3552 4749 3577 4784 :—

319 4824 498 4891 ἔρ-ίον,
551 4824 733 4876 ἐκλύει
779 4825 965 4888 αὑτὸν,
994 4825 1090 4878 καὶ
1133 4825 1260 4888 δόξα
1293 4826 1399 4879 τῶν
1444 4826 1892 4896 κατωρθωμένων

319 4918 467 4986 φυσᾷ
509 4919 641 4985 πρὸς
690 4917 975 4978 ἀπόνοιαν,
1030 4918 1123 4970 καὶ
1166 4917 1274 4969 τῶν
1325 4917 1399 4987 μὴ
1447 4916 1760 4986 τεθηπότων
1798 4918 1894 4988 τὴν

317 5008 525 5076 ἀρε-τὴν
555 5009 630 5070 ὡς
661 5008 992 5078 ἀναισθησία
1021 5009 1183 5063 λυπεῖ
1230 5011 1265 5080 ἡ
1314 5010 1744 5079 καταφρόνησις,
1800 5009 1898 5062 καὶ

316 5099 380 5152 τὸ
410 5099 585 5155 δοκεῖν
610 5100 717 5153 τῶν
751 5099 925 5154 ἄλλων
958 5102 1013 5154 ἐν
1047 5100 1123 5170 τῷ
1150 5101 1300 5170 καλῷ
1325 5119 1376 5152 τι
1405 5101 1567 5152 πλέον
1598 5101 1765 5168 ἔχειν,
1792 5102 1892 5159 ἐπ-

317 5193 464 5260 αίρει
494 5192 630 5260 πρὸς
660 5191 1000 5256 ἀλαζονείαν.
1035 5194 1146 5245 Καὶ
1171 5194 1408 5262 ἀνάγκη,
1439 5193 1567 5246 ποτὲ
1607 5194 1704 5263 μὲν
1733 5194 1894 5250 αὐτόν

317 5283 619 5352 διαχεῖσθαι
650 5283 1039 5353 χαυνούμενον,
1076 5284 1204 5336 ποτὲ
1244 5284 1301 5336 δὲ
1328 5288 1595 5354 κατηφεῖν
1620 5285 1894 5355 ἀθυμοῦν-

318 5394 387 5428 τα.
425 5378 518 5429 καὶ
547 5376 991 5445 συστελλόμενον.
1043 5375 1102 5429 ὐ
1136 5378 1189 5429 δὲ
1217 5379 1729 5448 ἀνακεχωρημένος,
1761 5378 1895 5430 ταύ-

309 5489 408 5534 τας
444 5468 547 5522 οὐκ
581 5468 797 5537 ἀμείϐει
832 5468 927 5530 τὰς
955 5467 1255 5532 διαθέσεις,
1304 5469 1424 5520 οὐδὲ
1457 5470 1577 5530 τοὺς
1615 5469 1899 5521 ἐπαινοῦν-

317 5578 442 5625 τας,
479 5561 512 5631 ἢ
547 5560 806 5629 λέγοντας
857 5557 995 5621 οἶδε,
1043 5562 1202 5628 μόνος
1243 5561 1379 5630 μετὰ
1411 5559 1544 5610 Θεοῦ
1583 5560 1741 5629 μόνου
1784 5560 1900 5611 ἐστὶ

321 5655 418 5706 τοῦ
455 5672 657 5722 στεφαν
694 5655 848 5712 ivro;
889 5652 975 5703 τὸν
1011 5653 1190 5714 ﬁdem,
1247 5653 1604 5720 ima-dignm;
1661 5651 1720 5702 τὸ
1772 5652 1899 5703 Ξτῖιεν

1993 4835 2191 4889 ctenim
2221 4842 2334 4887 tum
2367 4830 2668 4884 dilaudatio
2692 4829 3050 4898 spectantium
3084 4828 3199 4895 ejus
3222 4842 3360 4894 opus
3393 4827 3576 4893 ipsum

1994 4928 2162 4981 lassat
2223 4940 2287 4978 ac
2334 4924 2518 4987 laxat;
2564 4931 2675 4975 tum
2724 4921 2890 4992 gloria
2939 4919 3232 4973 celebrium
3266 4917 3579 4970 facinorum

1995 5019 2059 5071 ad
2093 5031 2348 5070 vesanam
2380 5014 2675 5082 quamdam
2703 5012 3042 5066 insolentiam
3074 5010 3251 5075 inﬂat;
3290 5020 3406 5063 tum
3436 5025 3580 5061 πται-ι

2000 5124 2122 5162 rore
2151 5106 2308 5160 aiﬁcit
2341 5116 2685 5174 contemptus
2719 5120 2929 5166 eorum,
2963 5103 3054 5171 qui
3096 5118 3201 5155 non
3233 5101 3578 5153 admirantur

2003 5215 2123 5254 cum
2181 5208 2399 5268 stupore
2446 5199 2724 5261 virtutem,
2766 5196 2918 5262 quasi
2975 5197 3074 5248 hoc
3137 5203 3282 5246 esset
3325 5194 3582 5259 qumdanv

2005 5291 2269 5345 stoliditas
2307 5305 2369 5342 ac
2409 5289 2732 5357 stupiditas;
2785 5295 2896 5339 tum
2929 5286 3090 5338 etiam
3118 5283 3309 5344 videri,
3337 5284 3480 5351 quod
3520 5284 3575 5333 in

2007 5382 2149 5434 bono
2173 5383 2458 5450 plusquam
2490 5381 2580 5433 alii
2611 5378 2886 5448 possideat
2914 5375 3138 5444 aliquid,
3167 5377 3237 5428 ad
3256 5375 3585 5444 iactantiam

2007 5474 2232 5525 extollit.
2280 5471 2432 5525 Unde
2465 5486 2750 5525 necessum
2790 5480 2870 5522 est
2907 5469 3196 5537 aliquando
3235 5469 3452 5538 quidem
3487 5469 3584 5523 los--

2008 5563 2119 5614 tilia
2155 5563 2530 5630 hilaritathue
2577 5561 2798 5613 dili‘undi
2832 5561 2994 5612 stulta
3023 5559 3263 5613 inﬂatum
3299 5561 3574 5628 superbia,

2009 5654 2333 5722 quandoque
2368 5668 2495 5706 vero
2514 5655 2696 5707 animo
2726 5654 3120 5719 et'ttcidcntcnt,
3155 5664 3205 5708 et.
3234 5659 3578 5708 (:t‘tlit‘IK‘lltrtt
