4046 6152
483 5594 495 5625 Ι

558 245 694 313 1091
2057 243 2116 302 S.

2222 244 2307 301 LI
3666 237 3797 317 l092

550 371 752 429 pavore
775 356 1057 411 demittere
1081 355 1309 409 vultum.
1338 354 1432 409 ille
1457 367 1605 419 vero,
1632 352 1725 423 qui
1752 352 1914 406 vitam
1935 352 2003 406 ab
2020 353 2118 405 hac

2228 351 2409 421 ἔργον,
2459 350 2553 402 καὶ
2596 350 2783 402 ἑαυτὸν
2823 348 2880 403 δὲ
2908 351 2976 403 τά
3008 350 3177 403 πολλὰ
3229 350 3546 412 σπουδάζων
3597 350 3797 416 λαθεῖν,

550 450 636 504 via
665 457 930 503 remotam
967 446 1219 511 traducit,
1253 446 1384 499 istas
1431 460 1537 499 non
1565 451 1740 498 mutat
1782 442 2116 507 aﬂ'ecﬁoncs,

2227 441 2416 510 ἐπειδὴ
2447 442 2539 492 καὶ
2572 440 2736 492 αὑτὸν
2769 440 2883 492 ἔστι
2925 440 3045 494 τινὰ
3079 440 3369 511 ἐπαινέτην
3398 440 3597 494 ἑαυτοῦ
3639 443 3784 509 γενέ-

550 556 725 609 neque
773 538 1148 600 dilaudantes,
1193 544 1287 590 aut
1326 524 1696 604 vituperantes
1744 537 1913 589 novit.
1957 535 2118 589 Solus

2230 531 2351 583 σθαι
2380 531 2529 597 ποτὲ,
2560 531 2917 600 κουφισθέντα
2940 531 3197 601 νηπιὼδει
3228 534 3561 602 φρονήματι.
3599 533 3693 585 καὶ
3721 534 3797 585 εἱ-

549 637 629 682 est
658 643 779 682 cum
825 627 935 681 Deo
963 628 1082 682 solo
1112 641 1406 682 coronantc
1444 625 1687 680 laborem
1713 668 1727 690 ,
1766 626 1945 679 sciens
1984 639 2118 692 opus

2232 621 2393 691 καίῳ,
2431 621 2712 673 καὶτοῦτο
2744 621 3009 691 βλαϐῆναι
3042 620 3174 690 παρ’
3213 621 3429 684 ἑαυτοῦ,
3486 621 3515 674 ὃ
3566 621 3797 691 βλάπτε-

554 717 831 786 proprium
863 757 877 780 ,
923 725 976 770 et
1024 718 1259 786 seipsum
1290 718 1453 769 etiam
1501 714 1776 768 multoties
1807 714 1973 767 latere
2006 723 2118 765 stu-

2231 712 2353 765 σθαι
2380 713 2509 783 παρ’
2543 712 2745 780 ἑτέρων
2781 711 3191 781 θαυμαζόμενος
3222 696 3491 780 ἔμελλεν.⁶

558 807 725 873 deus;
775 809 1038 878 contingit
1076 809 1219 863 enim
1261 807 1559 877 aliquando
1599 806 1777 875 ipsum
1816 804 1901 859 sui
1958 805 2130 874 ipsius
2167 805 2284 858 ﬁeri
2347 804 2743 859 dilaudatorem
2769 848 2782 870 ,
2844 805 3039 874 puerili
3093 804 3350 872 inanique
3379 805 3544 860 animi
3569 804 3801 864 elatione

546 899 813 952 elevatum
840 941 853 961 ,
888 899 1053 968 litque
1111 909 1168 953 ut
1210 896 1266 952 in
1320 913 1385 951 eo
1447 897 1831 951 detrimentum
1897 897 2136 967 patiatur
2165 912 2195 951 a
2235 897 2436 965 seipso,
2466 896 2519 949 in
2552 911 2661 966 quo
2690 895 2966 952 laedendus
3004 903 3148 951 esset
3184 896 3252 950 ab
3277 896 3429 963 aliis,
3467 898 3597 952 dum
3625 897 3798 966 ipsum

547 994 973 1048 admirarentur.

2019 1082 2030 1110 ι

993 1104 1156 1182 [ιοδ
1193 1109 1421 1166 CAPUT
1468 1102 1660 1164 xer.

624 1242 640 1271 ι
668 1220 770 1287 Qui
790 1236 886 1275 vos
910 1220 1101 1276 beatos
1123 1220 1439 1290 praedicant,
1484 1220 1765 1288 decipiunt
1785 1234 1881 1275 vos
1900 1218 1967 1283 ³⁸,
1989 1238 2008 1273 ι
2037 1219 2123 1274 his

546 1309 640 1379 qui
677 1310 731 1363 in
766 1310 1074 1377 aliquorum
1105 1318 1399 1377 conspectu
1428 1308 1961 1376 bonum.0perantur
1982 1320 2123 1375 prazv

548 1399 695 1454 clare
739 1399 941 1453 dictum
988 1398 1090 1453 fuit
1138 1416 1166 1454 a
1203 1399 1383 1453 divina
1435 1399 1740 1468 Scriptura.
1782 1397 1916 1464 Quis
1947 1407 2125 1452 autem

546 1490 877 1547 beatiﬁcabit
907 1506 1033 1546 eum
1068 1491 1160 1559 qui
1215 1507 1323 1544 non
1360 1490 1604 1553 videtur,
1639 1498 1695 1543 et
1729 1488 2125 1543 heatiticatione

547 1583 651 1638 hac
679 1582 909 1652 decipiet
949 1582 1099 1637 illum
1133 1582 1211 1653 _ad
1251 1590 1595 1650 arrogantem
1639 1581 1723 1634 sui
1764 1580 2124 1635 existimatio-

547 1689 669 1729 nem
692 1714 707 1739 ,
742 1675 834 1744 qui
866 1675 932 1728 de
968 1674 1234 1728 industria
1265 1688 1360 1727 eos
1394 1671 1638 1736 evitavit,
1678 1686 1779 1735 ne,
1815 1670 2121 1740 aliquorum

547 1766 1048 1829 dilaudationihus,
1075 1780 1239 1835 quam
1270 1780 1301 1819 a
1334 1764 1442 1817 Deo
1472 1772 1750 1833 exspectat
1783 1764 2120 1828 mercedem,

2783 1105 3034 1161 ΚΕΦΑΔ.
3075 1106 3224 1172 κεῖν.

2301 1235 2317 1272 ι
2355 1220 2416 1273 Οἱ
2456 1218 2854 1289 μακαρίζοντες
2897 1219 3075 1288 ὑμᾶς,
3105 1216 3382 1270 πλανῶσιν
3420 1214 3591 1286 ὑμᾶς,
3625 1233 3645 1265 ι
3688 1211 3802 1277 τοῖς

2225 1309 2284 1363 ὲν
2314 1308 2433 1378 ὄψει
2470 1309 2632 1362 τινῶν
2663 1308 2723 1362 τὸ
2761 1307 2966 1375 ἀγαθὺν
2993 1307 3403 1378 ἐργαζομένοις,
3440 1307 3659 1377 εἴρηται
3696 1321 3801 1358 κα·

2226 1399 2334 1463 λῶς
2362 1399 2511 1470 παρὰ
2541 1399 2640 1467 τῆς
2670 1399 2823 1463 θείας
2852 1400 3097 1470 Γραφῆς.
3140 1400 3238 1464 Τίς
3262 1399 3319 1451 δὲ
3345 1398 3439 1451 τὸν
3466 1400 3564 1469 οὐχ
3589 1397 3801 1469 δρῶμε-

2231 1509 2321 1546 νον
2357 1492 2654 1562 μακαρίσει
2679 1531 2693 1556 ,
2731 1491 2827 1544 καὶ
2856 1492 2934 1562 τῷ
2978 1489 3315 1563 μακαρισμῷ
3358 1492 3632 1561 ἀπατήσει
3666 1490 3801 1560 πρδις

2228 1584 2427 1654 οἴησιν,
2465 1583 2659 1655 γνώμῃ
2687 1582 2928 1651 φυγόντα
2955 1582 3178 1647 τούτους
3216 1583 3305 1636 ἴνα
3335 1583 3411 1653 μή
3443 1599 3608 1636 τινων
3644 1583 3800 1634 ὲπαί-

2230 1692 2343 1739 νοις
2369 1676 2463 1729 τὸν
2499 1675 2655 1745 παρά
2676 1673 2772 1727 τοῦ
2804 1673 2940 1726 Θεοῦ
2971 1674 3250 1746 ἐλαττώσῃ
3278 1674 3507 1744 μισθόν;
3541 1675 3636 1728 καὶ
3665 1672 3801 1742 κρύ-

2232 1783 2433 1820 πτοντα
2464 1765 2564 1837 τὴν
2590 1766 2890 1838 ἀριστεράν
2939 1766 3081 1818 κατὰ
3111 1766 3213 1835 τὴν
3239 1767 3332 1817 τοῦ
3363 1766 3574 1835 Κυρίου
3605 1764 3800 1835 παραί-

548 1855 938 1909 imminueret?
974 1855 1178 1923 quique
1205 1853 1494 1907 abscondit
1525 1853 1761 1907 sinistrae
1789 1853 1972 1905 manui
2002 1852 2118 1921 (se.

2227 1876 2374 1913 νεσιν
2402 1859 2583 1911 πᾶσαν
2613 1857 2814 1929 πρᾶξιν
2838 1857 2937 1925 τῆς
2967 1857 3148 1923 δεξιᾶς
3173 1898 3187 1923 ,
3222 1856 3380 1918 ὅπως
3417 1856 3479 1907 τὸ
3513 1855 3614 1925 μὲν
3642 1854 3803 1925 ἔργον

547 1945 789 2000 cundum
823 1944 1038 1999 Domini
1075 1945 1505 1999 admonitionem
1524 1943 1602 2014 ⁸⁸)
1635 1958 1850 1998 omnem
1892 1944 2126 1997 dexterae

547 2039 839 2103 actionem,
861 2047 918 2092 ut
941 2052 1078 2107 opus
1108 2038 1326 2107 quidem
1350 2037 1525 2090 videat
1540 2035 1900 2105 quodcunque
1925 2035 2122 2088 factum

548 2128 731 2194 fuerit,
764 2130 1184 2184 ostentationem
1216 2144 1348 2183 vero
1373 2128 1602 2198 ignoret,
1628 2127 1741 2195 ipse
1771 2126 2009 2193 seipsum
2046 2126 2125 2179 la-

547 2234 666 2276 tcns
690 2222 742 2275 in
768 2237 831 2276 ea
861 2221 1082 2275 dimidia
1107 2232 1276 2290 parte,
1300 2222 1478 2288 inqua
1499 2234 1634 2272 vana
1654 2218 2124 2288 grandiloqueutia

546 2331 653 2369 una
678 2315 958 2382 subsistit;
992 2316 1073 2370 sic
1097 2316 1240 2370 enim
1261 2315 1482 2369 sinistra
1507 2312 1742 2366 (lo-merae
1778 2327 1914 2381 Opus
1948 2313 2122 2374 novit,

542 2422 666 2462 cum
697 2407 1008 2462 distributio
1026 2407 1092 2461 sit
1113 2406 1422 2471 ambitiosa,
1445 2414 1500 2459 et
1534 2405 1598 2457 ad
1620 2403 1803 2473 gloria
1832 2403 2122 2471 aucupium

543 2499 836 2554 contendat
853 2499 904 2553 id
923 2499 977 2552 in
1001 2499 1276 2568 publicum
1299 2497 1668 2567 promulgare,
1690 2495 1836 2564 quod
1859 2509 1889 2547 a
1905 2495 2123 2549 dextera

544 2590 849 2657 contegitur
884 2609 898 2645 :
930 2590 1081 2654 ideo,
1121 2588 1216 2658 qui
1238 2598 1437 2643 vetera
1474 2587 1851 2656 imposuerunt
1880 2585 2121 2647 nomina,

542 2683 826 2736 columbas
860 2683 1104 2752 apposite
1137 2682 1555 2735 denominarunt
1585 2693 1710 2743 eos,
1740 2679 1832 2747 qui
1870 2685 2127 2733 exercent

544 2783 604 2823 se
633 2770 933 2823 monastice
954 2769 1007 2822 in
1037 2768 1296 2834 urbibus;
1343 2777 1583 2821 turtures
1614 2774 1793 2819 autem
1824 2764 1945 2818 illos
1970 2803 1984 2826 ,
2029 2763 2123 2832 qui

543 2859 599 2914 in
632 2858 1021 2915 solitudinibus
1042 2869 1097 2914 et
1118 2859 1412 2915 inaccessis
1442 2860 1496 2912 in
1520 2859 1652 2913 lueis
1681 2858 1841 2912 vitam
1875 2859 2077 2928 degunt
2106 2875 2121 2910 :

542 2951 666 3022 quia
694 2952 853 3021 primi
877 2951 1097 3021 quidem
1126 2953 1229 3009 sub
1262 2951 1665 3021 spectatoribus
1696 2951 1948 3005 virtutem
1985 2966 2122 3005 con—

541 3048 840 3106 sectantur,
869 3055 1121 3108 eamque,
1155 3041 1226 3095 ob
1257 3041 1494 3094 studium
1522 3038 1772 3111 placendi
1804 3040 2121 3094 hominibus

538 3131 869 3193 voluntarii,
914 3131 995 3185 vel
1035 3131 1187 3184 inviti
1224 3131 1617 3200 coinquinant,
1660 3130 1861 3199 quippe
1891 3130 1986 3199 qui
2029 3139 2190 3220 autc

540 3237 571 3274 a
606 3223 906 3275 multorum
939 3222 1194 3276 laudibus
1237 3219 1669 3284 defraudantur,
1713 3230 1807 3275 aut
1848 3220 2121 3275 tnultoties

541 3313 595 3366 in
625 3316 810 3365 animo
839 3312 941 3366 sibi
964 3328 1028 3365 ex
1068 3312 1333 3366 industria
1366 3321 1674 3381 proponunt
1702 3348 1719 3375 ,
1752 3325 1812 3365 se
1840 3310 2123 3365 celebrau-

540 3409 675 3469 dos,
709 3404 995 3457 occasione
1025 3396 1273 3457 videlicet
1297 3411 1633 3472 spectatores
1653 3402 1918 3472 Juvandi;
1952 3401 2120 3471 quod,

540 3492 641 3546 etsi
693 3506 801 3544 non
842 3492 914 3545 sit
960 3489 1202 3544 studium
1254 3491 1905 3560 placendibominibus,
1938 3498 2118 3545 tamen

541 3583 767 3639 Omnino
796 3583 966 3650 ipsam
1000 3582 1248 3651 inquinat
1277 3583 1554 3650 virtutem,
1583 3593 1636 3639 et
1662 3582 1958 3639 secundum
1987 3597 2117 3652 pro-

539 3674 841 3746 portionem
880 3683 1108 3729 evacuat
1143 3673 1345 3730 laboris
1384 3675 1686 3730 mercedem
1711 3717 1726 3740 ,
1771 3689 1897 3730 vere
1934 3674 1994 3728 ut
2021 3689 2117 3729 oo-

539 3765 744 3832 lumba,
779 3780 899 3836 qua:
923 3765 1100 3836 parit,
1144 3776 1199 3821 et
1224 3765 1537 3821 hominibus
1585 3767 1758 3835 pullos
1792 3766 2015 3821 exhibet
2048 3768 2116 3820 ad

538 3860 774 3926 cmdem;
802 3860 1025 3915 secundi
1050 3875 1197 3927 vero,
1235 3875 1398 3915 omne
1431 3859 1595 3932 406
1620 3860 1765 3929 quod
1794 3859 2018 3922 iaciunt,
2048 3858 2115 3912 il-

467 3984 477 3998 κ
537 3952 750 4017 laesum,
772 3960 826 4006 et
855 3952 1123 4023 integrum
1149 3952 1258 4008 Deo
1291 3954 1694 4016 transmittunt,
1723 3952 1953 4017 nullum,
1990 3950 2116 4004 imi-

540 4046 740 4100 tatione
787 4054 1092 4112 turturum,
1133 4045 1405 4099 damnum
1439 4044 1832 4115 percipientes,
1871 4057 1995 4112 qua:
2032 4041 2114 4095 vi-

534 4145 723 4192 ventes
751 4135 894 4192 fetus
930 4152 961 4192 e
1000 4138 1125 4191 nido
1162 4137 1446 4190 dimittunt
1474 4135 1530 4189 in
1565 4150 1746 4189 aerem
1780 4151 1793 4188 :
1838 4133 1944 4188 tale
1982 4132 2112 4202 quid

537 4229 761 4297 etenim,
788 4229 930 4298 quod
963 4229 1027 4283 ad
1060 4227 1153 4283 Dei
1182 4228 1441 4298 placitum
1472 4226 1781 4282 clanculum
1808 4226 1899 4280 ﬁat
1918 4265 1934 4289 ,
1959 4224 2110 4290 vivit,

540 4335 605 4375 ac
643 4336 837 4375 sanum
888 4320 1065 4384 valet,
1113 4334 1176 4374 ac
1208 4319 1483 4390 defatigati
1527 4318 1794 4388 acquisita
1831 4317 2109 4387 possessio

2228 1952 2311 2022 ῐδῃ
2343 1952 2425 2005 ὅτι
2452 1951 2665 2019 γέγονε,
2692 1950 2752 2002 τὸ
2771 1950 2826 2003 δὲ
2848 1947 3210 2002 ἐπιδεικτικὸν
3234 1949 3401 2018 ἀγνοῇ
3425 1947 3586 2011 αὐτὸς
3612 1946 3803 2000 ἑαυτὸν

2229 2042 2308 2112 τῷ
2337 2042 2526 2111 ἡμίσει
2566 2042 2722 2113 μέρει
2748 2040 3027 2093 λανθάνων
3052 2032 3095 2107 ᾧ
3123 2039 3185 2091 τὺ
3214 2039 3521 2109 κομπάζειν
3580 2056 3803 2109 παρυφο

2235 2130 2632 2186 ισταται.οὖτω
2664 2131 2773 2201 γάρ
2802 2133 2835 2200 ὴ
2869 2129 3133 2201 ἀριστερά
3155 2130 3215 2182 τὸ
3237 2131 3397 2199 ἔργον
3423 2129 3683 2197 γινώσκει
3703 2130 3802 2198 τῆς

2224 2222 2402 2288 δεξιᾶς
2436 2222 2669 2285 διάδοσις
2694 2220 2831 2275 οὖσα
2867 2218 3160 2290 φιλόδοξος,
3194 2221 3290 2272 καὶ
3317 2220 3378 2272 τὸ
3413 2221 3567 2290 παρά
3595 2220 3696 2290 τῆς
3716 2221 3800 2273 δε-

2225 2316 2344 2382 ξιᾶς
2377 2314 2883 2384 ὲπικαλυπτόμενον
2903 2313 3247 2383 δημοσιεύειν
3271 2312 3409 2383 πρὸς
3432 2312 3591 2382 δόξης
3625 2313 3798 2380 θήραν

2226 2407 2602 2471 σπουδάζουσα
2620 2423 2632 2437 ·
2666 2405 2755 2459 διά
2775 2404 2933 2458 τοῦτο
2962 2405 3072 2459 τῶν
3097 2404 3342 2458 παλαιῶν
3371 2407 3422 2457 et
3456 2403 3661 2468 θετικοὶ
3690 2404 3799 2457 τῶν

2225 2498 2504 2568 ὀνομάτων
2522 2496 2829 2561 εύθυὸόλως
2857 2497 3188 2568 περιστεράς
3216 2496 3315 2566 μὲν
3342 2497 3469 2557 τοὺς
3496 2497 3555 2548 ἐν
3582 2496 3798 2549 πόλεσιν

2226 2587 2533 2653 ἀσκοῦντας
2554 2589 2866 2659 ὠνόμασαν,
2889 2588 3157 2659 τρυγόνας
3180 2587 3238 2640 δὲ
3270 2588 3399 2650 τοὺς
3423 2588 3482 2640 ὲν
3512 2587 3795 2658 ἐρημίαις,

2225 2681 2319 2736 καὶ
2351 2680 2572 2743 ἀϐάτοις
2600 2678 3035 2750 ὲμϐιωτεύοντας
3066 2718 3080 2744 ,
3112 2679 3196 2732 ὅτι
3223 2680 3274 2731 οἱ
3307 2679 3405 2748 μὲν
3442 2678 3546 2730 ὑπὸ
3576 2677 3800 2740 θεαταῖς

2225 2773 2323 2840 τὴν
2371 2773 2572 2844 ἀρετὴν
2631 2774 3019 2843 μετέρχονται,
3098 2773 3194 2825 καλ⁸
3250 2772 3526 2842 μολύνουσι
3582 2771 3801 2841 ταύτην

2225 2861 2441 2925 ἑκόντες
2461 2902 2475 2926 ,
2511 2861 2545 2931 ἢ
2578 2861 2803 2925 ἄκοντες
2832 2862 3342 2932 άνθρωπαρεσκεία,
3368 2861 3401 2932 ἢ
3433 2860 3796 2930 κλεπτόμενοι

2223 2953 2335 3014 τοῖς
2357 2951 2465 3003 τῶν
2496 2950 2706 3004 πολλῶν
2737 2952 3002 3015 ἐπαίνοις,
3027 2951 3060 3024 ἢ
3093 2952 3187 3004 καὶ
3216 2951 3411 3023 γνώμῃ
3436 2951 3500 3004 τὸ
3529 2951 3796 3021 δοξασθῆ-

2224 3058 2311 3093 ναι
2338 3041 2598 3104 πολλάκις
2634 3042 3020 3113 προτιθέμενοι
3050 3043 3184 3112 πρὸς
3213 3043 3272 3096 τὸ
3303 3042 3467 3113 δῆθεν
3515 3043 3795 3114 ὠφελῆσαι

2223 3132 2351 3195 τοὺς
2407 3131 2744 3200 θεωμένους,
2791 3134 2929 3203 ὅπερ
2994 3133 3095 3187 κᾶν
3129 3137 3201 3205 μή
3232 3135 3384 3187 ἐστιν
3433 3133 3795 3204 ἀνθρωπαρέυ

2228 3242 2419 3288 σκεια,
2481 3224 2617 3277 ἀλλὰ
2663 3225 2880 3288 πάντως
2935 3224 3235 3295 μεμό).υται
3265 3225 3495 3295 ταύτην,
3526 3225 3623 3279 καὶ
3659 3228 3798 3280 κατᾶ

2220 3316 2319 3386 τὴν
2352 3316 2642 3384 ἀναλογίαν
2670 3320 2818 3369 κενοῖ
2838 3316 2932 3370 τοῦ
2964 3318 3129 3370 πόνου
3164 3317 3225 3369 τὸ
3250 3315 3507 3386 ἔμμιθον,
3544 3317 3797 3387 καθάπερ

2221 3405 2390 3467 δντως
2423 3406 2721 3475 περιστερά
2748 3405 2953 3458 κύουσα
2979 3407 3070 3459 καὶ
3104 3405 3231 3469 τοὺς
3274 3407 3526 3469 νεοττοὺς
3554 3408 3635 3470 είς
3659 3422 3797 3473 σφα-

2220 3498 2324 3567 γὴν
2351 3500 2463 3560 τοῖς
2491 3496 2798 3569 ἀνθρώποις
2827 3499 3165 3568 παρέχουσαο
3187 3500 3236 3551 ot
3274 3498 3335 3551 δὲ
3354 3499 3466 3552 πᾶν
3489 3499 3550 3551 τὸ
3577 3500 3796 3568 γινόμει

2221 3602 2312 3640 νον
2344 3586 2552 3650 ἀσινὲς,
2587 3586 2685 3639 καὶ
2710 3586 3003 3658 ὁλόκληρον
3035 3588 3113 3659 τῷ
3142 3588 3261 3658 Θεῷ
3312 3593 3791 3660 παραπέμπουσιν,

2221 3677 2373 3730 οὐδὲν
2399 3675 2758 3748 ξημιούμενοι
2810 3679 2953 3733 κατά
2993 3681 3093 3742 τὰς
3137 3681 3424 3751 τρυγόνας,
3479 3681 3661 3746 ζῶντα
3698 3682 3796 3749 τῆς

2220 3769 2432 3836 καλιᾶς,
2464 3770 2805 3833 ἀπολυούσας
2856 3773 2993 3842 πρὸς
3018 3772 3156 3843 ἀέρα
3179 3770 3250 3824 τά
3276 3771 3498 3840 ἔγγονα.
3540 3772 3796 3825 Τοιοῦτον

2218 3862 2327 3933 γὰρ
2354 3862 2414 3915 τὸ
2446 3864 2579 3933 πρὸς
2604 3863 2896 3934 ἀρέσκειαν
2924 3862 3058 3916 Θεοῦ
3084 3864 3456 3928 λανθανόντως
3487 3866 3792 3935 γινόμενον,

2219 3952 2285 4022 ζῇ
2328 3951 2423 4004 καὶ
2451 3951 2708 4023 ἔρρωται,
2742 3951 2841 4006 καὶ
2885 3955 3072 4024 κτῆμα
3120 3953 3216 4007 τοῦ
3263 3955 3602 4025 πονήσαντος
3645 3955 3793 4008 ἐστιν

2221 4042 2579 4108 ἀδιάπτωτον,
2618 4042 2711 4096 καὶ
2743 4042 2908 4097 τοῦτο
2950 4044 3012 4097 τὸ
3050 4045 3149 4114 τὴν
3191 4040 3313 4114 ὄψιν
3344 4045 3453 4099 τῶν
3488 4042 3789 4117 ἀνθρώπων

2218 4135 2360 4206 ἔχειν
2392 4136 2647 4207 μάρτυρα
2688 4135 2842 4189 θέλον
2890 4137 3109 4208 ἱματίου
3143 4138 3321 4208 δίκην,
3351 4139 3445 4190 καὶ
3481 4137 3666 4191 τίκτον
3704 4137 3792 4190 τὸν

2215 4226 2314 4296 τῆς
2371 4210 2679 4291 κενοδοξίας
2745 4220 2906 4296 σῆτα,
2966 4226 3061 4281 καὶ
3122 4227 3214 4280 ὑπ’
3264 4227 3431 4280 αὑτοῦ
3484 4227 3791 4298 διαφθειρό-

2217 4335 2399 4391 μενον.

541 4426 648 4465 non
711 4410 1007 4474 dilabitur;
1064 4407 1178 4461 haec
1231 4422 1398 4474 vero,
1454 4408 1583 4462 dum
1645 4416 1839 4462 testem
1909 4407 2107 4462 habere
2177 4408 2461 4462 hominum
2523 4417 2879 4478 conspectum
2928 4411 3095 4477 velit,
3147 4410 3319 4466 instar
3361 4411 3790 4477 vestimenti,el

536 4517 688 4559 vane
725 4502 910 4572 gloriae
955 4508 1177 4569 generat
1224 4499 1460 4562 tineam,
1496 4508 1550 4554 et
1598 4499 1667 4553 ab
1718 4499 1833 4568 ipsa
1862 4496 2229 4566 corrumpitur

1077 4613 1305 4674 CAPUT
1357 4616 1571 4672 XXVII.

601 4735 865 4805 Quamvis
892 4741 1071 4788 autem
1095 4770 1111 4797 ,
1144 4733 1237 4804 qui
1278 4732 1531 4788 homines
1565 4730 1718 4786 omni
1753 4730 2105 4801 prosequitur

530 4845 739 4894 amore,
771 4827 903 4899 quin
933 4835 1134 4882 etcum
1169 4825 1319 4882 hisce
1340 4833 1698 4882 conversatur
1718 4860 1735 4891 ,
1778 4822 1912 4878 nihil
1940 4824 2107 4892 patia-

531 4932 618 4977 tur
655 4935 846 4977 eorum
885 4934 1008 4989 quae
1053 4918 1255 4989 perpeti
1283 4926 1368 4973 est
1412 4932 1696 4973 necessum
1726 4956 1742 4983 ,
1788 4932 1888 4971 nec
1939 4916 2103 4969 ullam

532 5011 768 5082 proferat
803 5024 1000 5063 noxam
1034 5010 1104 5064 ab
1145 5010 1230 5064 his
1258 5024 1382 5078 qua:
1418 5008 1618 5064 laedere
1664 5008 1878 5068 solent,
1916 5015 1977 5060 ut
2017 5007 2103 5059 di-

527 5113 676 5157 ctum
709 5110 792 5157 est
833 5102 1029 5172 (detur
1062 5100 1208 5155 enim
1246 5101 1483 5155 sermoni
1514 5150 1526 5164 ,
1560 5098 1703 5169 quod
1741 5099 1943 5152 veritas
1996 5112 2109 5151 non

528 5191 821 5264 concedit),
863 5200 1045 5247 tamen
1074 5192 1218 5245 videt
1244 5206 1330 5254 ea,
1359 5205 1484 5260 qua:
1513 5190 1723 5258 injuste
1757 5188 1826 5241 ab
1854 5186 2102 5241 eminen-

530 5285 761 5340 tioribus
801 5285 1064 5352 dignitate
1103 5286 1156 5338 in
1190 5284 1469 5339 tenuiores
1497 5291 1814 5350 patrantur,
1863 5294 1927 5333 ea
1968 5278 2107 5334 infe-

529 5377 764 5432 rentium
797 5374 1075 5444 iujuriam,
1101 5383 1154 5429 et
1182 5372 1569 5443 perferentium
1601 5371 1796 5440 ipsam,
1830 5384 1893 5423 ea
1922 5379 2106 5440 tyran-

528 5471 708 5527 nidem
732 5469 1126 5534 exercentium,
1157 5477 1212 5523 et
1236 5467 1555 5537 patientium
1583 5465 1689 5521 vim
1714 5480 1729 5530 ;
1753 5478 1817 5519 ea
1839 5461 2099 5518 fraudau-

604 5638 651 5668 "
676 5646 776 5703 lsa.
818 5662 898 5712 nr,
934 5648 997 5699 l9.
1094 5647 1136 5677 "
1165 5645 1355 5701 Matth.
1393 5662 1465 5710 vi,
1508 5647 1560 5699 5.

2779 4610 3032 4669 ΚΕΦΑΛ.
3072 4610 3199 4670 KZ'.

2284 4728 2400 4781 Ἵνα
2445 4727 2503 4782 δὲ
2540 4729 2634 4783 καὶ
2667 4728 2853 4801 μηδὲν,
2895 4729 3071 4783 διόλου
3118 4731 3247 4794 τοὺς
3278 4728 3604 4802 ἀνθρώπους
3639 4731 3793 4802 στέρ-

2211 4839 2343 4891 γων,
2376 4822 2581 4894 μᾶλλον
2622 4823 2679 4876 δὲ
2706 4822 3285 4894 συναναστρεφόμενος
3314 4826 3501 4887 αὐτοῖς
3530 4824 3681 4894 πάθη
3720 4819 3791 4879 ὧν

2213 4918 2444 4987 πάσχειν
2485 4915 2733 4986 ἀνάγκη,
2771 4915 2904 4987 μηδὲ
2936 4915 3143 4987 βλάϐην
3174 4917 3440 4989 ὑπομείνῃ
3483 4918 3612 4971 τινὰ
3646 4916 3792 4988 παρὰ

2213 5010 2321 5063 τῶν
2350 5009 2610 5079 βλάπτειν
2639 5009 2928 5075 εἰωθότων,
2952 5010 3028 5073 ὡς
3050 5011 3265 5082 εἴρηται
3296 5009 3554 5079 (δεδόσθω
3578 5009 3690 5083 γὰρ
3720 5009 3792 5078 τῷ

2215 5097 2359 5169 λόγῳ
2390 5099 2418 5151 ὃ
2456 5098 2532 5169 μὴ
2562 5097 2779 5151 δίδωσιν
2807 5100 2840 5169 ἡ
2878 5096 3176 5168 ἀλήθεια),
3211 5099 3281 5151 τὰ
3315 5098 3652 5168 παρανόμως
3693 5098 3793 5151 ὑπὸ

2218 5187 2597 5259 ὑπερεχόντων
2627 5187 2709 5249 είς
2751 5188 2875 5249 τοὺς
2924 5186 3338 5257 εὐτελεστέρους
3366 5186 3632 5254 γινόμενα
3682 5184 3791 5237 ἀδι·

2215 5281 2453 5337 κούντων
2496 5285 2592 5339 καὶ
2656 5283 3053 5354 ἀδικουμένων,
3099 5280 3512 5353 τυραννούντων
3556 5281 3652 5334 καὶ
3699 5296 3788 5331 τυ·

2218 5378 2614 5448 ραννουμένων,
2660 5376 3109 5449 ἀποστερούντων
3152 5376 3248 5429 καί⁸
3274 5374 3785 5445 ἀποστερουμένων.

2216 5468 2430 5532 πάντως
2461 5469 2554 5522 καὶ
2583 5470 2686 5541 ὁρᾷ
2712 5508 2727 5537 ,
2775 5469 2868 5522 καὶ
2919 5468 3234 5537 συμπάσχει
3265 5467 3381 5529 τοῖς
3414 5466 3689 5535 πάσχουσι
3723 5463 3787 5530 τῇ
