4046 6152
307 275 445 341 1093

305 471 486 527 ακτῶν
517 468 652 540 πρὸς
685 469 810 532 τοὺς
857 463 1294 538 καταπονοῦνταις
1324 464 1419 517 καὶ
1459 465 1585 526 τοὺς
1619 479 1862 516 καταποο

307 561 605 631 νουμένους
658 556 1050 626 οἰκτιζόμενος,
1103 554 1281 625 θυμοῦ
1336 550 1713 624 πληρούμενος
1774 554 1871 605 καί¹

305 653 440 724 πρὸς
467 651 616 705 ἔλεον
643 649 1050 721 καμπτόμενος,
1072 644 1510 717 παροξυνόμενος
1541 648 1637 700 καὶ
1668 645 1875 715 σπλάγ-

304 761 407 815 χνα
447 728 912 812 τιτρωσκόμενος,
969 737 1064 792 καὶ
1106 737 1185 808 τῷ
1232 737 1630 808 ἐφησυχάζοντι
1663 737 1874 802 τούτοις

300 833 421 904 θεῷ
452 834 552 903 τῆς
595 829 983 903 μακροθυμίας
1029 827 1141 882 ἐσθ’
1175 830 1264 882 ὅτε
1294 828 1672 899 μεμφόμενος.
1703 828 1876 882 Τοῦτο

301 924 409 995 γὰρ
448 923 478 975 6
522 923 810 994 προφήτης
860 920 994 974 ποτὲ
1035 918 1225 975 παθὼν
1259 920 1575 991 Ἀὖακοὺμ,
1608 919 1872 985 δείκνυσι,

303 1010 397 1063 καὶ
434 1010 548 1071 τοῖς
584 1008 884 1078 πάσχουσιν
908 1008 1048 1079 ὅπερ
1073 1007 1298 1071 ἔπαθεν,
1330 1026 1349 1059 ι
1384 1008 1502 1063 Ἵνα
1532 1008 1585 1062 τί
1621 1025 1747 1078 μοι,
1781 1007 1873 1062 λέ-

302 1106 434 1166 γων,
460 1092 666 1165 ἔδειξας
695 1097 898 1162 κόπους
943 1100 1040 1152 καὶ
1064 1097 1293 1164 πόνους;
1322 1098 1403 1152 ὄτι
1424 1100 1452 1151 6
1478 1098 1680 1171 ἀσεϐὴς
1706 1115 1875 1154 κατα-

302 1187 616 1242 δυναστεύει
642 1187 735 1240 τὸν
756 1186 984 1251 δίκαιον,
1005 1188 1093 1241 »ια’6
1120 1189 1245 1250 τοὺς
1268 1187 1366 1241 ἀνθ
1376 1186 1592 1258 ρώπους
1611 1187 1874 1258 ἐποίησας

298 1278 375 1342 ὡς
409 1277 598 1349 ἰχθύας
626 1278 724 1343 τῆς
751 1278 1029 1350 θαλάσσης
1065 1278 1538 1348 καταπινομένους
1581 1278 1803 1346 αὐτοὺς,
1847 1300 1869 1333 ι

299 1370 402 1440 τὴν
439 1370 639 1444 ἀνοχὴν
680 1370 907 1441 ταύτην,
940 1371 1035 1424 καὶ
1083 1370 1452 1443 συγχώρησιν,
1494 1373 1571 1436 ὡς
1610 1374 1875 1443 ἀναρχίαν

298 1461 452 1533 ζήλῳ
493 1462 591 1533 μὲν
624 1462 1041 1534 πεπυρωμένῳ,
1068 1464 1203 1517 ἀλλὰ
1242 1463 1493 1535 θρασέως
1518 1465 1767 1533 ἐγκαλῶν
1794 1465 1874 1537 τῷ

295 1550 443 1622 Θεῷ.
476 1553 588 1605 Καὶ
614 1554 699 1617 τίς
727 1553 944 1626 ἀνάγκη
982 1552 1230 1625 βιάζεται
1275 1558 1542 1626 παρεῖναι,
1562 1559 1675 1621 τοῖς
1698 1557 1874 1612 ἄλλων

298 1646 496 1707 κακοῖς
526 1644 690 1714 μηδὲν
711 1644 1031 1715 δυνάμενον,
1050 1646 1146 1699 καὶ
1170 1647 1728 1718 προσαμαρτάνοντα;
1752 1649 1874 1704 Κᾶν

300 1735 475 1805 μηδὲν
507 1736 653 1806 μέγα
680 1734 741 1789 τὸ
771 1735 903 1803 γοῦν
936 1737 1024 1805 ἐφ’
1053 1731 1135 1801 οἷς
1164 1738 1315 1793 ἄλλοι
1363 1741 1660 1810 πράττουσι
1690 1740 1874 1805 κακῶς

1426 271 1865 331 TItACTATUS
1906 271 2004 327 AD
2044 244 2465 329 EULoGIUM.

189 367 194 371 ’
303 380 696 451 διαθέσειπρὺς
717 378 960 441 τούτους.
992 377 1277 438 κάκείνους
1313 373 1879 446 μεριζόμενος,ἀγαν-

1986 372 2118 427 tium
2148 414 2161 437 ,
2186 382 2240 427 et
2285 372 2653 426 l'raudatot'um
2682 411 2695 434 ,
2729 370 2872 423 \‘idct
2892 408 2907 433 ,
2940 369 3195 438 inquam,
3220 369 3482 435 omnino,
3510 384 3565 427 et

3426 261 3563 329 1094

1993 461 2324 530 patientibus
2352 462 2700 530 compatitur,
2751 458 3035 513 aﬂ‘ectione
3084 458 3139 512 in
3188 458 3289 514 hos
3345 467 3402 513 et
3443 458 3563 513 illos

1983 551 2214 619 divisus,
2246 552 2537 620 indignans
2567 552 2829 606 adversus
2851 550 3248 619 opprimentes,
3283 560 3338 606 et
3364 552 3565 607 miser-

1987 622 2075 699 tus
2120 657 2508 711 Oppressorum
2530 681 2547 704 ,
2598 641 2792 711 plenus
2834 642 3018 696 animo
3050 640 3319 696 iracundo
3343 680 3359 705 ,
3411 649 3463 695 et
3496 641 3563 694 ad

1983 732 2414 788 misericordiam
2466 732 2737 797 inﬂexus,
2772 731 3119 796 concitatus,
3167 738 3222 783 et
3259 730 3565 784 visceribus

1981 823 2302 887 sauciatus,
2349 837 2416 877 ac
2458 823 2525 877 de
2574 823 2770 877 silente
2817 820 2928 875 Deo
2978 822 3052 875 ob
3098 820 3563 890 longanimitatem

1981 914 2308 983 quandoque
2354 927 2721 982 conquerens.
2784 911 2936 966 lstud
2993 925 3229 981 namque
3290 910 3564 964 interdum

1981 1004 2193 1073 patiens
2217 1002 2500 1059 Habacum
2546 1004 2803 1073 propheta
2849 1002 3178 1072 patientibus
3215 1015 3433 1071 quoque
3471 1001 3567 1054 dea-

1986 1102 2290 1160 monstrat,
2338 1093 2482 1164 quod
2554 1094 2667 1163 ipse
2714 1092 3039 1163 patiebatur.
3099 1110 3117 1143 ‹
3179 1091 3375 1161 thuid
3431 1090 3563 1146 mihi

1984 1182 2245 1252 (dicens)
2287 1182 2575 1239 ostendisti
2610 1182 2854 1249 labores,
2881 1190 2934 1237 et
2963 1181 3277 1237 aerumnas?
3311 1182 3437 1251 quia
3472 1184 3566 1235 im-

1976 1273 2105 1342 pius
2133 1270 2283 1339 justo
2322 1272 2635 1326 dominatur
2679 1273 2954 1341 superbe,
2993 1280 3050 1326 et
3085 1273 3335 1326 homines
3380 1270 3560 1326 fecisti

1980 1363 2139 1433 quasi
2178 1363 2357 1433 pisces
2415 1364 2618 1429 maris,
2682 1364 2777 1433 qui
2846 1363 3054 1432 seipsos
3099 1364 3397 1419 absorbent
3418 1363 3496 1430 '7;
3542 1382 3560 1413 ι

1982 1454 2048 1508 de
2092 1453 2470 1522 hujuscemodi
2498 1443 2834 1521 tolerantia,
2882 1469 2947 1509 ac
2990 1455 3375 1525 pcrmissione,
3408 1452 3563 1524 quasi

1980 1544 2048 1600 de
2095 1548 2336 1601 carentia
2394 1546 2804 1614 Dominatoris,
2858 1548 2975 1603 zelo
2998 1548 3217 1618 quidem
3259 1546 3421 1619 407
3472 1562 3564 1601 ar-

1979 1635 2158 1701 dente,
2186 1637 2283 1692 sed
2319 1638 2584 1693 audacius
2605 1680 2621 1706 ,
2657 1637 2768 1693 Deo
2794 1638 2939 1693 litem
2975 1639 3284 1695 intendens.
3316 1639 3383 1694 Et
3415 1654 3564 1708 qua--

1980 1741 2106 1781 nam
2137 1728 2431 1783 necessitas
2464 1729 2741 1799 compellit
2780 1730 2974 1785 adesse
3008 1730 3202 1785 alienis
3251 1730 3406 1783 malis
3435 1745 3558 1783 eum

296 1826 707 1896 ταράττεσθαι,
751 1827 1056 1899 εἰρηνεύειν
1101 1829 1199 1900 τῆς
1245 1806 1487 1895 διανοίας
1523 1831 1870 1904 ὀφειλούσης,

1977 1818 2070 1888 qui
2098 1819 2302 1873 nullam
2329 1834 2483 1888 opem
2508 1821 2651 1875 ferre
2681 1822 2841 1881 valet.
2883 1820 2975 1875 sed
3007 1831 3059 1876 et
3084 1822 3307 1891 insuper
3339 1822 3564 1892 peccat?

297 1914 442 1968 οὕτω
465 1914 882 1986 πλημμελοῦσιν
911 1919 968 1971 ὲν
991 1918 1069 1989 τῷ
1097 1919 1293 1990 πλήθει
1322 1911 1397 1992 μὴ
1422 1920 1874 1991 πλημμελοῦντες

297 2004 347 2055 οἱ
373 2005 778 2075 κεχωρισμένοι
801 2005 897 2060 τοῦ
931 2006 1172 2078 πλήθους
1192 2048 1209 2073 ,
1250 2010 1346 2062 καὶ
1378 2010 1702 2080 ζημιοῦνται
1731 2014 1780 2065 οἱ
1814 2015 1874 2067 ὲν

295 2091 374 2160 τῷ
400 2092 601 2163 πλήθει
632 2095 858 2164 μισθοὺς
878 2097 1085 2163 πιόνων,
1110 2097 1266 2169 δόξης
1285 2098 1473 2154 ἕνεκεν
1501 2101 1869 2173 ἀνθρωπίνης.

298 2183 418 2237 Κᾶν
448 2184 560 2256 γὰρ
606 2187 866 2256 μυριάκις
895 2188 944 2240 οι
976 2188 1138 2242 πλέον
1179 2190 1401 2254 τούτους
1430 2191 1539 2245 τῶν
1568 2194 1872 2264 ἡσυχαζόν-

296 2288 412 2326 των
440 2271 813 2344 θαυμάζοντες
836 2274 1068 2344 λέγωσιν
1094 2278 1157 2331 ἐκ
1178 2277 1271 2330 τοῦ
1292 2281 1528 2332 συνεῖναι
1545 2280 1623 2350 τῷ
1655 2281 1869 2352 πλήθει,

297 2361 453 2432 δῆλοι
487 2362 784 2435 διαρρήδην
809 2367 918 2419 εἰσὶ
955 2367 1132 2435 τούτῳ
1165 2366 1242 2437 τῷ
1272 2367 1456 2439 δεσμῷ
1492 2370 1869 2439 κατεχόμενοι,

301 2450 452 2522 αύτῷ
480 2451 560 2522 τῷ
588 2454 865 2525 αἱρεῖσθαι
911 2458 1039 2520 τοὺς
1089 2457 1423 2529 ζημιοῦντας
1464 2459 1659 2522 τόπους
1701 2462 1871 2514 οίκεϊν

300 2540 514 2605 τούτοις
543 2543 664 2597 καθ’
695 2545 927 2608 ἑαυτῶν,
958 2547 1054 2600 καὶ
1083 2546 1214 2600 ἄνευ
1236 2549 1542 2621 κατηγόρου
1565 2549 1870 2620 διαπρυσίῳ

301 2634 646 2703 κεκραγότας
673 2637 825 2706 φωνῇ
852 2634 928 2699 ὼς
959 2636 1028 2690 αἶ)
1070 2637 1231 2691 πάλιν
1260 2639 1310 2691 οἱ
1332 2640 1726 2709 κεχωρισμένοι
1759 2641 1871 2693 τῶν

299 2723 689 2791 ἐπαινούντων,
723 2724 803 2795 τῷ
823 2725 971 2797 ἔργῳ
994 2727 1177 2795 σαφῶς
1204 2728 1543 2798 μαρτυροῦσι
1571 2729 1667 2782 καὶ
1691 2730 1866 2795 αὐτοὶ,

298 2811 380 2863 ὅτι
410 2812 514 2880 τὴν
541 2815 692 2883 παρὰ
714 2817 828 2879 τοῖς
855 2816 1070 2880 πολλοῖς
1100 2817 1520 2888 θαυμαζομένην
1549 2818 1706 2882 δόξαν
1735 2820 1873 2873 ἐπά-

297 2919 475 2971 τησαν
515 2905 576 2957 ού
603 2907 824 2975 νηστεία
853 2907 1063 2972 τούτοις
1096 2908 1407 2976 διαπίπτει,
1455 2912 1553 2962 οὐκ
1596 2912 1872 2981 ἀγρυπνία

299 2992 633 3054 ἀπόλλυται,
655 2996 717 3046 ού
753 2997 1031 3068 προσευχὴ
1051 3001 1296 3067 ναυαγεῖ,
1325 3000 1387 3051 ού
1420 2999 1648 3052 συλᾶται
1671 3017 1870 3071 καρτε-

1975 1910 2235 1977 Quamvis
2286 1911 2389 1965 hoc
2427 1920 2578 1966 certe
2620 1912 2755 1966 nihil
2785 1928 3038 1983 magnum
3077 1913 3189 1979 sit,
3232 1913 3463 1966 nimium
3488 1913 3560 1966 ob

1974 2017 2034 2057 ea
2058 2044 2074 2069 ,
2092 2008 2224 2072 quae
2246 2003 2337 2055 alii
2367 2002 2508 2057 male
2534 2012 2832 2072 operantur
2850 2042 2865 2067 ,
2906 2003 3117 2057 turbari
3141 2043 3158 2068 ,
3189 2018 3313 2058 cum
3340 2002 3563 2058 deberet

1975 2108 2129 2148 mens
2157 2104 2345 2162 pacate
2370 2110 2528 2164 agere
2558 2113 2571 2148 :
2602 2096 2681 2149 sic
2710 2094 3119 2165 illidelinquunt
3138 2095 3280 2149 inter
3306 2095 3557 2148 multitu-

1973 2186 2177 2250 dinem,
2208 2201 2331 2241 cum
2358 2186 2409 2257 (θ
2428 2185 2665 2257 diverso)
2694 2203 2803 2240 non
2829 2187 3168 2257 delinquant,
3196 2186 3290 2256 qui
3308 2187 3553 2255 separati

1974 2284 2103 2330 sunt
2135 2292 2164 2329 a
2186 2277 2552 2344 multitudine,
2596 2292 2661 2332 ac
2681 2278 2842 2331 etiam
2869 2277 2961 2347 qui
2992 2278 3128 2332 inter
3151 2278 3334 2332 turbas
3359 2278 3562 2347 degunt

1973 2369 2279 2424 mercedum
2324 2369 2393 2423 ob
2426 2369 2641 2430 labores
2679 2369 3008 2423 detrimento
3035 2408 3049 2432 ,
3091 2375 3317 2438 propter
3354 2366 3553 2422 huma-

1972 2477 2096 2516 nam
2120 2462 2345 2532 gloriam
2383 2461 2692 2516 aliiciuntur
2722 2478 2735 2513 :
2766 2462 2865 2517 etsi
2886 2461 3031 2516 enim
3070 2461 3262 2517 millies
3289 2460 3423 2516 istos
3445 2476 3556 2531 prae

1973 2553 2091 2617 his,
2126 2554 2220 2624 qui
2249 2554 2413 2608 vitam
2448 2554 2686 2623 quietam
2736 2561 2924 2622 agunt,
2983 2552 3342 2616 admirantes,
3375 2553 3557 2607 dicant

1972 2644 2114 2701 hanc
2144 2645 2400 2700 nimirum
2420 2646 2834 2707 admirationem
2855 2645 2988 2714 ipsns
3006 2645 3221 2708 deberi,
3240 2660 3303 2699 ex
3326 2659 3390 2699 eo
3409 2646 3556 2714 quod

1972 2751 2096 2791 cum
2126 2738 2282 2792 turba
2324 2746 2737 2802 conversentur,
2784 2737 2919 2791 liitnt
2945 2745 3129 2791 tamen
3170 2736 3407 2792 dilucide
3439 2752 3555 2791 ma-

1973 2827 2174 2893 nifesti,
2189 2830 2331 2900 quod
2348 2832 2535 2885 eodem
2557 2831 2867 2885 detinentur
2885 2831 3126 2895 vinculo,
3147 2830 3316 2885 hocce
3341 2846 3556 2900 nempe,

1971 2919 2115 2987 quod
2137 2918 2395 2989 elegerint
2414 2919 2546 2974 locis
2571 2920 2876 2974 inhabitare
2893 2920 3152 2974 damnum
3174 2918 3558 2986 inferentibus,

1972 3004 2092 3080 qua:
2118 3010 2267 3066 hisce
2287 3021 2477 3066 contra
2508 3011 2685 3081 seipsa
2719 3012 2865 3065 clara
2911 3026 3062 3073 voce,
3086 3021 3140 3065 et
3164 3010 3367 3080 absque
3392 3024 3558 3065 accu-

300 3078 393 3148 ρία
417 3121 434 3145 ,
465 3083 567 3152 οὐχ
597 3084 628 3152 ἠ
664 3083 797 3154 ἄλλη
847 3087 997 3139 πᾶσα
1047 3086 1364 3160 λῃστεύεται
1398 3090 1566 3160 ἀρετή
1588 3108 1601 3121 ο
1654 3088 1715 3143 οὐ
1763 3092 1870 3162 γὰρ

1977 3109 2154 3157 satore
2177 3103 2488 3167 inclamant,
2523 3105 2684 3168 sicut,
2717 3119 2781 3157 ex
2818 3103 2922 3156 alia
2960 3113 3129 3172 parte,
3164 3104 3256 3172 qui
3291 3102 3478 3172 procul
3522 3118 3556 3156 a

300 3172 570 3243 πάρεστιν
597 3175 842 3245 εὐφημία
882 3177 1260 3249 λωποδυτῆσαι
1302 3180 1576 3254 δυναμένη
1618 3187 1744 3250 τοὺς
1769 3188 1871 3240 πόο

299 3281 443 3330 νους.
479 3265 613 3329 Θεὸς
651 3267 755 3338 ὁρᾷ
788 3267 946 3337 μόνος
971 3307 987 3333 ,
1034 3271 1062 3322 6
1108 3270 1319 3334 τούτοις
1365 3272 1592 3344 παρὼν,
1635 3276 1729 3329 καὶ
1771 3277 1870 3348 τὴν

299 3355 612 3426 προθυμίαν
641 3356 879 3425 ἀλείφων
909 3359 1047 3429 πρὸς
1093 3359 1348 3430 μείζονας
1378 3362 1572 3428 ἄθλους
1593 3406 1608 3430 ,
1638 3367 1736 3419 καὶ
1780 3356 1871 3438 μιὲ

303 3444 484 3508 σθοὺς,
527 3447 627 3499 καὶ
653 3446 747 3499 νῦν
787 3449 1044 3519 παρέχων
1086 3451 1186 3521 τὴν
1235 3455 1578 3525 συνεργείαν,
1613 3460 1706 3510 καὶ¹
1736 3460 1874 3529 μετὰ

1977 3192 2382 3250 dilaudantibus
2401 3197 2635 3265 separati
2658 3206 2807 3260 sunt,
2832 3210 2996 3265 opere
3019 3196 3323 3250 luculenter
3350 3202 3554 3249 testan-

1972 3295 2083 3353 tur,
2110 3289 2250 3358 quod
2282 3290 2532 3360 gloriam,
2554 3306 2676 3360 quae
2696 3292 2883 3346 multis
2911 3291 3259 3345 admirationi
3286 3299 3390 3356 est,
3417 3274 3552 3346 con?

1974 3381 2302 3438 culrarnnt:
2351 3399 2457 3437 non
2490 3384 2623 3452 ipsis
2655 3383 2856 3437 excidit
2881 3383 3148 3454 jejunium
3174 3423 3190 3446 ,
3219 3384 3399 3455 vigilia
3445 3400 3556 3438 non

1970 3469 2217 3538 deperit,
2262 3472 2439 3526 oratio
2471 3488 2579 3526 non
2614 3472 2742 3527 facit
2766 3473 3041 3543 jacturam
3069 3468 3099 3539 ,³
3133 3488 3241 3528 non
3287 3472 3556 3542 spoliatur

302 3538 406 3605 τὴν
451 3537 752 3593 ἀποὸίωσιν
800 3539 946 3612 ζωὴν
991 3540 1088 3612 τὴν
1117 3542 1337 3598 αίώνιον
1381 3545 1470 3599 διὰ
1512 3547 1608 3601 τοῦ
1658 3550 1868 3621 Κυρίου

1977 3558 2371 3623 perseverantia
2397 3600 2412 3625 ,
2458 3574 2557 3613 nec
2590 3560 2694 3613 ulla
2741 3559 2847 3615 alia
2890 3561 3064 3615 virtus
3102 3559 3245 3614 furto
3279 3561 3555 3614 subtrahi-

305 3628 463 3695 ἡμῶν
506 3629 687 3699 Ἰησοῦ
716 3631 971 3700 Χριστοῦ,
1000 3626 1044 3701 ᾧ
1073 3635 1106 3704 ἡ
1136 3634 1263 3701 δόξα
1309 3637 1402 3690 καὶ
1445 3637 1506 3691 τὸ
1548 3639 1751 3710 κράτος
1793 3643 1874 3704 είς

299 3715 428 3778 τοὺς
456 3717 665 3781 αἰῶνας
693 3719 800 3773 τῶν
826 3719 1057 3776 αἰώνων.
1105 3723 1301 3794 Ἀμήν.
1590 3748 1597 3753 ‘

1971 3655 2088 3712 tur;
2127 3664 2232 3701 non
2281 3651 2425 3705 enim
2470 3651 2624 3706 adest
2670 3652 2966 3721 applausus
3012 3653 3553 3721 concelebrandum,

1968 3736 2061 3803 qui
2103 3738 2276 3792 valeat
2309 3741 2551 3809 expilare
2582 3742 2830 3808 labores;
2884 3742 3024 3798 Deus
3072 3744 3220 3799 solus
3248 3745 3389 3798 videt
3416 3783 3431 3807 ,
3463 3745 3556 3812 qni

299 3807 507 3863 assistit
539 3811 694 3906 ipsis,
722 3821 883 3883 atque
906 3815 971 3870 ad
995 3817 1201 3887 majora
1226 3819 1549 3888 certamina,
1575 3830 1629 3877 et
1653 3824 1875 3892 praemia
1908 3825 2118 3895 incitat,
2158 3807 2413 3900 acuitque
2461 3835 2628 3887 animi
2666 3835 2998 3891 alacritatem
3020 3879 3034 3901 ,
3071 3845 3182 3890 tum
3217 3807 3559 3906 coeperant;-

293 3916 420 3954 nem
457 3901 625 3956 modo
650 3942 665 3967 ,
706 3912 820 3957 tum
872 3914 991 3975 post
1024 3908 1308 3963 decessum
1339 3911 1505 3965 vitam
1540 3913 1786 3982 praebens
1802 3920 2076 3971 ‘aaternam
2097 3959 2113 3985 ,
2145 3934 2242 3989 per
2295 3920 2580 3977 Dominum
2627 3935 2876 3980 nostrum
2908 3925 3091 3981 Jesum
3115 3901 3422 3990 Christum,
3464 3925 3552 3978 cui

296 3992 471 4063 gloria
504 4002 564 4049 et
586 3994 885 4050 dominatio
909 3997 961 4050 in
991 4000 1188 4054 sacula
1218 4001 1560 4058 saeculorum.
1594 4005 1790 4061 Amen.

368 4107 413 4137 ³⁷
445 4106 656 4163 Habac.
697 4124 738 4171 l,
770 4109 856 4168 15.
892 4108 976 4162 14.

1450 4396 1752 4546 ΤΟΥ
1852 4431 2338 4548 ΑΥΤΟΥ

1812 4641 2028 4695 ΛΟΓΟΣ

1120 4806 1410 4892 ΠΡΟΣ
1460 4805 2029 4921 ΕΥΛΟΓΙΟΝ
2116 4809 2204 4894 Μ
2216 4809 2365 4895 ON
2368 4812 2716 4908 AXON.

1607 5054 2241 5171 EJUSDEM

742 5284 1418 5378 TRACTATUS
1460 5290 1606 5377 AD
1667 5290 2295 5380 EULOGIUM
2382 5293 3061 5388 MONACHUM

864 5474 1114 5530 ΚΕΦΛΛ.
1155 5477 1236 5529 A’.

360 5575 426 5628 Oi
462 5575 558 5627 τὸν
592 5575 842 5644 οὐράνιον
885 5584 1061 5654 χῶρον
1105 5588 1394 5657 νεμόμενοι
1429 5591 1539 5652 τοῖς
1578 5591 1780 5660 πόνοις,
1810 5594 1870 5647 οὗ

288 5667 363 5731 τῇ
411 5663 618 5730 γαστρὶ
645 5668 804 5726 ,οὐδὲ
848 5674 914 5741 τῇ
958 5676 1200 5746 μερὶμνῃ
1244 5678 1345 5729 τῶι
1399 5677 1653 5747 φθαρτῶν
1700 5684 1871 5736 ἀτενί’

2461 5484 2627 5555 [ιοε
2661 5485 2889 5542 CAPUT
2942 5488 2980 5543 ι.

2048 5593 2148 5658 Qui
2181 5595 2384 5651 caelesti
2429 5598 2772 5652 diversantur
2807 5602 2857 5654 in
2900 5603 3049 5669 loco,
3086 5604 3362 5661 laboribus
3385 5646 3401 5674 ,
3439 5624 3550 5665 non

1983 5689 2153 5740 ventri
2186 5727 2198 5751 ,
2248 5705 2418 5757 neque
2460 5691 2808 5746 sollicitudini
2884 5713 3059 5750 rerum
3109 5703 3549 5770 cmruptilsiinm
