4046 6152
495 238 639 308 1095

1980 241 2043 302 'S.
2086 231 2250 303 ΝΠ]

3618 241 3750 313 1098

496 350 654 420 quasi
699 349 888 405 deﬁxis
934 340 1108 404 oculis
1150 348 1469 414 intendunt,
1504 347 1649 402 velut
1686 347 1761 414 ii,
1793 347 1887 417 qui
1933 347 2071 401 lucri

2177 349 2348 412 ζουσι·
2366 347 2616 419 καθάπερ
2632 346 2681 401 οἱ
2699 349 2758 401 κέ
2767 344 2922 419 ρδους
2942 346 3219 411 ἓνεκατέις
3242 351 3409 421 εὐχὰς
3438 355 3751 425 ποιούμενοι

494 443 668 513 gratia
697 441 971 496 orationes
1002 439 1233 494 fundunt
1257 479 1272 503 ,
1314 439 1642 492 arbitrantes
1666 439 1925 507 pietatem
1954 452 2079 491 esse

402 578 407 585 .
500 540 858 603 proventum;
928 530 1022 586 sed
1087 528 1439 584 intellectuali
1512 529 1722 583 visione
1789 528 2078 598 participes

399 658 403 663 ι
499 630 619 677 sunt
653 636 835 675 rerum
876 619 1218 684 sublimium,
1249 633 1386 689 quas
1419 618 1590 687 pietas
1617 617 1822 681 nutrit,
1850 628 1914 671 ut
1940 618 2078 670 inte-

501 714 691 768 merati
736 713 1141 769 convivantium
1192 721 1367 766 coetus
1406 709 1620 781 fulgore
1660 710 1900 778 undique
1954 709 2079 762 illn-

498 806 675 859 strati.
713 805 903 874 Itaqtre
942 814 1000 859 tu
1045 805 1157 875 ipse
1198 819 1418 874 quoque
1467 803 1541 875 (ο
1579 802 1752 857 sacris
1785 800 2079 855 virtutibus

500 894 714 949 initiate
763 893 991 966 Eulogi)
1042 909 1073 948 e
1119 894 1324 965 fulgore
1363 906 1745 963 supremarum
1797 904 1979 945 rerum
2022 891 2077 945 in

498 998 653 1037 sacra
696 984 968 1039 enutritus
1001 985 1237 1038 essentia
1262 1026 1278 1050 ,
1318 983 1708 1054 cogitationum
1737 981 2079 1037 collectioni-

498 1077 599 1129 bus
632 1086 893 1129 tunnuam
924 1078 1108 1131 carnis
1130 1075 1328 1131 exuisti
1355 1076 1649 1139 sarcinam,
1684 1074 1857 1144 probe
1894 1073 2080 1129 sciens

495 1170 638 1239 quod
682 1169 872 1224 sordes
911 1168 1093 1224 carnis
1121 1168 1431 1222 alimentum
1464 1177 1591 1223 sunt
1634 1166 2069 1237 cogitationum:

493 1260 600 1328 (tu
642 1261 933 1333 inquam).
958 1278 1022 1317 ac
1069 1262 1114 1318 si
1161 1261 1414 1316 laborum
1456 1260 1679 1316 stimulo
1704 1256 2081 1313 fraudulentas

497 1349 986 1404 circumventiones
1037 1348 1593 1420 comprehendisses,
1645 1359 1732 1403 me
1779 1346 1969 1417 deligi:
2008 1345 2080 1399 ad

498 1442 903 1497 inserviendum
950 1443 1071 1497 vice
1136 1444 1251 1498 oris
1311 1450 1502 1496 contra
1579 1441 1693 1511 ipsa
1738 1453 1903 1509 opera
1949 1444 2078 1507 tua;

499 1540 553 1585 et
602 1531 704 1585 nisi
760 1532 1114 1587 temerarium
1178 1531 1362 1597 foret,
1424 1531 1709 1586 ebaritatis
1764 1529 2079 1584 mandatum

492 1623 876 1693 disrumpere,
922 1639 1235 1681 recusarem
1280 1625 1467 1696 utique
1505 1624 1667 1679 talem
1714 1621 2078 1693 navigationis

500 1716 657 1785 quasi
703 1731 800 1786 per
825 1725 1051 1786 pontum
1077 1718 1372 1772 decursum
1401 1735 1415 1782 ;
1446 1731 1570 1771 cum
1600 1730 1730 1771 vero
1777 1713 1950 1784 magis
1981 1714 2077 1768 de-

497 1819 618 1862 ceat
673 1809 897 1863 obedire
937 1810 1289 1863 unanimibus
1312 1848 1328 1873 ,
1375 1823 1476 1863 nec
1509 1818 1783 1879 opponere
1810 1819 1907 1861 se:
1943 1805 2076 1859 mihi

494 1899 574 1954 sis
610 1902 877 1955 assistens
930 1901 984 1954 in
1039 1901 1122 1955 his
1149 1942 1164 1967 ,
1207 1914 1326 1971 qua:
1363 1901 1428 1955 ad
1471 1901 1644 1956 Deum
1675 1900 1980 1969 pertinent,
2017 1904 2078 1951 ut

2181 437 2492 508 νομίζοντες
2522 434 2791 508 πορισμὸν
2821 436 2963 491 εἶναι
2985 438 3402 509 τηνεὺσὲϐειαν,
3420 442 3566 498 ἀλλὰ
3591 453 3752 521 νοερᾷ

2179 530 2368 600 ὁράσει
2399 529 2497 598 τῆς
2516 529 2786 599 τροφίμου
2813 529 2922 583 τῶν
2948 530 3167 600 ὑψηλῶν
3195 532 3367 602 αὐτῆς
3403 535 3752 609 μεταλαμεά.

2180 637 2364 676 νουσιν
2398 623 2664 692 ἀκήρατοι
2694 623 2873 675 θίασοι
2918 625 2984 676 ἐκ
3025 623 3127 692 τῆς
3160 622 3323 691 δόξης
3352 626 3416 678 τὸ
3451 627 3572 694 φῶς
3601 648 3752 701 περι.

2180 714 2541 784 λαμπόμενοι.
2578 715 2691 768 Καὶ
2720 714 2888 778 αὐτὸς
2938 708 3006 785 (ὦ
3049 714 3229 785 μύστα
3265 716 3373 769 τῶν
3398 717 3613 787 ἀρετῶν
3649 722 3754 775 Εὐ-

2180 807 2349 878 λόγιε)
2387 811 2455 880 τῇ
2484 807 2594 861 τῶν
2637 809 2959 879 ὑπερτάτων
2987 807 3291 879 λαμπηδόνι
3321 808 3420 880 τὴν
3471 811 3625 882 ίεράν
3662 814 3741 866 06-

2182 896 2305 950 θίαν
2340 894 2743 967 ὲικτρεφόμενος
2784 898 2905 959 ταῖς
2946 900 3293 966 συναγωγαῖς
3326 897 3438 951 τῶν
3478 898 3757 973 λογισμῶν

2181 987 2272 1040 τὸν
2298 987 2462 1055 ιγκον
2486 986 2585 1056 τῆς
2613 986 2813 1057 σαρκὸς
2839 986 3120 1058 ιπαποδὺῃ
3149 1028 3162 1049 ,
3193 986 3348 1052 nam;
3379 990 3462 1043 ὅτι
3487 990 3591 1062 ὅλη
3627 1010 3758 1064 σαρ-

2180 1076 2298 1141 κῦς,
2347 1075 2522 1147 τροφὴ
2557 1076 2835 1146 λογισμῶν
2872 1079 3219 1143 καθίσταται,
3260 1077 3459 1153 ὥσπερ
3487 1084 3587 1147 τὰς
3625 1083 3729 1154 μεθ

2180 1165 2357 1231 οδείας
2379 1165 2459 1238 τῷ
2488 1166 2699 1238 κέντρῳ
2721 1166 2833 1221 τῶν
2864 1168 3047 1222 πόνων
3074 1168 3445 1241 κατειληφὼς,
3482 1165 3585 1242 ἐμὲ
3625 1186 3757 1241 προσ

2180 1258 2395 1329 χειρίζῃ
2423 1258 2599 1329 στόμα
2633 1258 2740 1311 σῶν
2775 1259 2954 1327 ἔργων
2984 1261 3110 1313 κατ’
3133 1260 3313 1316 αὐτῶν
3340 1261 3621 1329 γενέσθαι,
3662 1270 3757 1317 και

2181 1351 2231 1403 εί
2259 1349 2335 1420 μὴ
2362 1347 2634 1420 τολμηρὸν
2676 1349 2904 1421 ἀγάπης
2944 1350 3227 1421 ἐπίταγμα
3250 1351 3547 1423 διαρρῆξαι
3572 1392 3587 1415 ,
3617 1364 3757 1423 παρα

2181 1440 2473 1511 ῃτησάμην
2506 1439 2573 1493 ἂν
2600 1440 2701 1511 τὴν
2722 1440 2979 1512 τοιαύτην
3008 1441 3104 1496 τοῦ
3145 1443 3310 1507 πλοὸς
3356 1445 3719 1515 novent-topica
3740 1464 3754 1476 ο

2180 1530 2372 1601 επειδὴ
2394 1530 2453 1584 δὲ
2485 1529 2770 1586 πείθεσθαι
2800 1532 2882 1586 δεῖ
2910 1531 3114 1602 μᾶλλον
3151 1537 3268 1598 τοῖς
3295 1536 3630 1606 δμοψύχσις,
3657 1535 3758 1590 οὑκ

2186 1618 2642 1675 ἀντιτάσσεσθαιο
2674 1622 2769 1676 ἔσο
2810 1640 2902 1694 μοι
2947 1624 3012 1678 σὺ
3044 1625 3112 1678 τὰ
3154 1625 3291 1696 πρὸς
3338 1626 3432 1679 τὸν
3472 1626 3630 1695 Θεὸν,
3670 1624 3758 1682 ἵνα

2188 1728 2280 1782 μοι
2309 1712 2437 1783 δοθῇ
2482 1713 2640 1782 λόγος
2664 1714 2726 1767 ιν
2752 1710 2957 1781 ἀνοίξει
2996 1714 3090 1769 τοῦ
3123 1715 3392 1785 στόματός
3426 1732 3553 1787 μου,
3598 1716 3759 1786 κάγὼ

2186 1818 2270 1857 σοι
2305 1803 2500 1876 ἔσομαι
2520 1805 2589 1858 τὰ
2609 1804 2712 1876 τῆς
2734 1806 3007 1876 ὑπακοῆς,
3036 1806 3126 1860 ίνα
3150 1805 3275 1877 δοθῇ
3309 1823 3391 1860 σοι
3422 1807 3518 1860 τοῦ
3553 1809 3758 1879 σπόρου

2182 1898 2307 1960 τοὺς
2331 1898 2580 1968 καρποὺς
2611 1896 2948 1968 ἀμήσασθαι.

498 1991 633 2045 mihi
670 1992 999 2046 concedatur
1034 2006 1217 2047 sermo
1263 1994 1317 2047 in
1365 1993 1665 2063 aperitione
1712 1990 1825 2047 oris
1852 1989 1992 2057 mei,
2024 1998 2079 2045 et
2116 1989 2339 2061 egotibi
2364 1989 2437 2044 ad
2471 2003 2557 2056 ea,
2615 2002 2738 2058 quae
2792 1989 3098 2045 obedientia
3122 1988 3314 2061 exigit,
3335 1998 3621 2060 promptus
3642 2002 3755 2053 ero,

500 2091 558 2136 ut
585 2082 743 2136 detur
774 2081 870 2135 tibi
902 2080 1152 2136 insitivos
1176 2091 1378 2137 metere
1402 2082 1632 2136 fruetus.

1032 2193 1198 2267 ωε
1222 2193 1449 2250 οΑρυτ
1481 2195 1547 2250 n.

566 2304 808 2359 Primum
840 2304 1131 2359 illustrium
1162 2307 1526 2361 certaminum
1576 2311 2075 2380 estperegriuatim

2782 2193 3034 2249 ΚΕΦᾹΛ.
3080 2195 3155 2250 B’.

2251 2312 2448 2384 Πρώτη
2477 2311 2585 2364 τῶν
2618 2311 2889 2383 λαμπρῶν
2918 2310 3319 2381 ἀγωνισμάτων
3350 2311 3473 2365 icti
3501 2310 3755 2376 ξενιτεία,

519 2405 574 2451 et
598 2396 836 2450 maxime
856 2395 1076 2466 quando
1099 2397 1164 2451 ad
1187 2412 1307 2452 eam
1347 2413 1569 2468 peregre
1590 2399 1740 2454 solus
1762 2416 1791 2455 e
1811 2411 1901 2455 tua
1924 2410 2071 2472 gente

2182 2406 2421 2477 μάλιστα
2468 2407 2597 2459 ὅταν
2643 2404 2779 2475 πρὸς
2823 2403 3049 2473 ταύτην,
3096 2402 3193 2456 καὶ
3232 2403 3397 2473 μόνος
3438 2403 3755 2474 ὲκδημοίης,

500 2483 729 2550 abieris,
782 2484 1033 2554 patriam,
1074 2498 1279 2554 genus,
1330 2498 1484 2555 opes,
1528 2485 1778 2542 athletice
1818 2486 2082 2561 firmeque

492 2591 724 2641 exuens,
755 2587 954 2632 etante
998 2578 1251 2646 prteclara
1302 2588 1353 2631 te
1411 2577 1613 2632 sistens
1655 2582 1988 2636 certamina:
2026 2582 2073 2637 si

494 2670 577 2722 sic
607 2667 873 2737 inceperis
899 2669 1199 2722 secundant
1231 2666 1399 2722 Deum
1429 2669 1483 2722 in
1513 2669 1778 2740 principio
1803 2673 1947 2739 vitae,
1990 2682 2074 2727 to-

494 2755 677 2809 lerans
732 2756 907 2825 ignea,
946 2768 1039 2810 seu
1085 2756 1324 2810 fervente
1365 2756 1489 2820 fide,
1525 2771 1588 2810 ac
1633 2756 1817 2812 divino
1847 2759 2072 2828 Spiritu,

498 2849 846 2919 etpatientiae
895 2849 1004 2905 fine
1058 2849 1229 2919 ipsam
1287 2849 1517 2919 (scilicet
1561 2850 2074 2924 peregrinationem)

497 2943 700 2996 salvam
736 2957 1043 3007 reservans,
1073 2944 1252 3019 anima
1296 2942 1488 3012 pennis
1524 2943 1629 2997 erit
1663 2943 1879 2999 virtutis
1906 2944 2075 3000 deau-

496 3046 634 3101 rata,
664 3051 693 3090 a
751 3037 983 3107 propriis
1026 3036 1162 3091 locis
1214 3036 1479 3107 elongans
1519 3051 1661 3104 sese,
1699 3046 1752 3092 et
1785 3037 1851 3092 ad
1896 3038 2070 3108 ipsum

503 3129 721 3193 cmlum,
778 3137 836 3182 ut
884 3130 1127 3199 pervolet
1168 3137 1457 3198 properato
1498 3129 1665 3198 gradu
1714 3129 1979 3185 festinans
2006 3131 2069 3186 ³⁸.

2179 2498 2436 2570 πατρίδα,
2465 2498 2641 2567 γένος,
2674 2494 2907 2567 ὓπαρξιν
2932 2494 3240 2566 ἀθλητικῶς
3270 2494 3641 2565 ἀποδυόμενος
3662 2494 3750 2564 ἐμ-

2180 2590 2418 2662 προσθεν
2449 2588 2557 2641 τῶν
2584 2586 2854 2658 λαμπρῶν
2884 2585 3132 2658 ἑστηκὼς
3161 2585 3390 2654 ἀγώνων
3414 2603 3429 2618 ·
3485 2585 3555 2639 ἂν
3582 2583 3754 2650 οὕτως

2179 2683 2320 2754 ἄρξῃ
2372 2680 2516 2736 κατὰ
2593 2678 2727 2733 Θεὸν
2776 2680 2856 2742 εἰς
2911 2679 3089 2750 ἀρχῆς
3137 2678 3254 2731 ὁδὸν
3300 2676 3527 2747 βαδίζων
3568 2666 3755 2731 πίστει

2177 2771 2447 2842 διαπύρῳ,
2474 2771 2569 2824 καὶ
2599 2768 2877 2840 Πνεὺματι
2903 2767 3090 2838 θεῖκῷ,
3120 2767 3215 2821 καὶ
3238 2764 3314 2836 τῷ
3332 2764 3474 2817 τέλει
3500 2764 3598 2834 τῆς
3621 2764 3751 2819 ὑπο-

2183 2864 2349 2934 μονῆς
2395 2862 2540 2916 σώαν
2590 2861 2797 2933 ταύτην
2843 2858 3180 2924 ἀποσώζων,
3236 2855 3491 2928 πτέρυξιν
3551 2853 3753 2925 ἀρετῆς

2179 2954 2332 3009 ἔσται
2382 2950 2908 3025 περικεχρυσωμόνη
2957 2950 3103 3021 ψυχὴ
3151 2948 3260 3002 τῶν
3309 2947 3528 3001 οἰκείων
3577 2945 3751 2999 τόπων

2179 3047 2557 3115 ἀφισταμένη,
2614 3043 2710 3098 καὶ
2754 3042 2893 3114 πρὸς
2932 3040 3095 3096 αὑτὸν
3140 3039 3342 3111 πτῆναι
3386 3039 3482 3092 τὸν
3528 3034 3750 3105 οὐρανὸν

2180 3137 2531 3207 ἐπειγομένη.
2570 3133 2732 3188 Ἀλλά
2758 3131 2920 3204 τῆσδε
2954 3131 3026 3184 τὰ
3056 3130 3234 3201 πτερᾶ
3273 3128 3375 3199 τῆς
3412 3126 3686 3188 πολιτείας
3722 3126 3749 3176 ό

498 3221 700 3277 Verum
724 3196 1096 3292 hujuscemodi
1140 3196 1369 3278 instituti
1405 3196 1611 3292 pennas
1636 3232 1827 3277 auctor
1859 3223 2071 3277 malitia:

2177 3229 2278 3298 τῆς
2304 3196 2508 3291 κακίας¹
2528 3226 2790 3298 γεννητὴς
2811 3196 3132 3295 ,μηχανᾶται
3161 3196 3484 3293 περικόψαι,
3513 3218 3640 3287 γῆς,
3660 3215 3749 3284 ἅτθ’

500 3316 861 3386 ριἀιεείιιιιενε
889 3316 1129 3379 tnolitur,
1161 3324 1417 3383 tanquam
1443 3315 1496 3368 in
1526 3314 1747 3384 speculo
1774 3328 2072 3383 reprmsena

501 3418 622 3464 lnns
680 3418 836 3463 terra:
886 3423 1091 3478 genus,
1150 3422 1180 3461 e
1230 3421 1337 3476 qua
1400 3406 1569 3460 fuerit
1620 3410 1745 3477 quis
1795 3421 2070 3476 egressus,

501 3500 735 3553 iiiaxime
765 3499 818 3552 in
852 3496 1291 3569 aggressionihus
1327 3494 1487 3552 melis
1514 3497 1919 3562 invaletudinis,
1954 3512 2075 3567 qtue

500 3591 954 3658 superaccidunt;
998 3598 1052 3644 et
1097 3590 1279 3660 quoad
1313 3591 1762 3661 permanendum,
1812 3591 2070 3661 paulatim

501 3685 782 3754 retroagit,
817 3700 910 3739 seu
939 3683 1220 3739 dissuadet
1241 3683 1293 3738 in
1327 3683 1731 3739 ferventissima
1761 3683 2074 3753 peregrina-

502 3776 668 3842 tione,
720 3777 892 3832 donec
947 3786 1256 3847 pernoscat,
1304 3777 1449 3847 quod
1511 3777 1694 3830 anima
1750 3782 1976 3830 nauseat
2013 3774 2069 3827 in

498 3865 778 3932 rerumnis,
829 3876 1068 3936 tuncque
1116 3876 1329 3921 noctem
1384 3866 1773 3935 cogitationum
1831 3865 2068 3921 inferens

500 3967 800 4012 nocturnus
832 3970 1029 4012 corvus
1063 3958 1389 4012 obtenebrat
1414 3959 1656 4011 animam
1713 3957 1924 4012 radium
1958 3973 2072 4011 tne-

500 4048 697 4099 liorum
745 4062 927 4101 rerum
957 4045 1264 4114 olluseans;
1296 4046 1341 4101 si
1380 4060 1509 4099 vero
1546 4055 1601 4100 et
1637 4047 1864 4101 seorsim
1899 4045 1952 4099 in
1991 4048 2071 4099 Iu-

497 4150 583 4195 eta
622 4135 819 4195 déserti
863 4140 1206 4212 oppugnarit,
1233 4148 1287 4194 et
1317 4139 1614 4209 contigerit
1647 4153 1846 4208 corpus
1879 4138 1947 4191 ab
1982 4138 2068 4191 in-

494 4233 755 4288 ﬁrmitate
780 4233 1077 4298 vulnerari,
1105 4248 1173 4287 eo
1198 4232 1373 4302 mgis
1394 4231 1697 4302 graviorem
1726 4232 2070 4285 demonstrat

491 4326 692 4379 anima:
720 4325 1230 4395 peregrinationem,
1256 4338 1573 4393 suggerens,
1613 4320 1759 4390 quod
1791 4321 1857 4373 ad
1896 4320 2067 4373 virtu-

494 4428 606 4472 tem
639 4416 936 4487 spectantia
976 4429 1083 4468 non
1126 4415 1179 4468 in
1218 4414 1360 4480 loco,
1397 4415 1490 4467 sed
1514 4428 1578 4466 ex
1609 4411 1773 4466 modo
1806 4426 2069 4481 prospere

2176 3310 2244 3392 ἧς
2271 3318 2565 3390 ἐξελήλυθε
2594 3319 2655 3372 τὸ
2685 3318 2843 3387 γένος
2879 3314 3239 3386 ὲσοπτρίζων,
3266 3316 3326 3367 ἐν
3356 3315 3480 3376 ταῖς
3510 3309 3632 3365 κατ’

2179 3412 2415 3484 ρωστίαν
2467 3410 2702 3481 μάλιστα
2732 3407 3257 3478 ὲπισνμϐαινοὺσαις
3296 3402 3572 3466 είσϐολαῖς
3596 3419 3610 3432 °
3660 3402 3747 3454 uel

2178 3505 2237 3557 ὲν
2270 3504 2367 3574 μὲν
2391 3506 2461 3575 τῇ
2487 3502 2717 3573 ἐνδημίᾳ
2741 3501 2839 3569 τῆς
2867 3498 3211 3569 θερμοτάτης
3239 3495 3509 3567 ἐκδημίας
3544 3497 3742 3547 ὑπανα·

2175 3584 2410 3666 χαιτίζει
2443 3593 2579 3664 πρὸς
2625 3592 2806 3661 ὀλίγον
2849 3590 2954 3653 ἕως
2981 3590 3082 3659 τὴν
3111 3587 3291 3659 ψυχὴν
3338 3587 3471 3657 περὶ
3502 3585 3601 3648 τὰς
3644 3584 3743 3638 θλί-

2173 3686 2295 3754 ψεις
2328 3682 2640 3753 καταμάθοι
2683 3680 2989 3735 ναυτιῶσαν
3017 3680 3112 3733 καὶ
3141 3678 3265 3731 τότε
3293 3678 3393 3748 τὴν
3426 3676 3538 3730 τῶν
3601 3676 3748 3742 λογι-

2176 3772 2329 3842 σμῶν
2350 3770 2520 3825 νύκτα
2543 3770 2935 3840 ἐπιφερόμενος
2963 3771 2992 3823 ὁ
3018 3766 3347 3839 νυκτικόραξ
3373 3768 3657 3819 ἐπισκοτεῖ
3682 3765 3748 3832 τῇ

2171 3867 2318 3938 ψυχῇ
2349 3868 2446 3937 τῆς
2475 3864 2583 3918 τῶν
2610 3865 2936 3935 κρειττόνων
2966 3862 3206 3923 ἀκτῖνος.
3238 3860 3300 3912 Ei
3326 3858 3384 3912 δὲ
3416 3858 3560 3911 κατά
3582 3857 3747 3926 μόνας

2173 3961 2572 4033 παρατάττοιτο
2616 3962 2673 4014 εν
2718 3960 2785 4029 τῇ
2836 3958 2935 4028 τῆς
2980 3955 3217 4027 ἐρημίας
3268 3952 3605 4022 παλαίστρᾳ,
3653 3948 3746 4002 καὶ

2170 4055 2311 4126 τύχῃ
2359 4052 2421 4105 τὺ
2460 4052 2622 4122 σῶμα
2671 4049 2777 4103 ὑπὸ
2827 4047 3137 4120 ἀρρωστίας
3190 4042 3467 4116 τρωθῆναι
3508 4040 3746 4110 τοσούτῳ

2174 4146 2373 4218 μᾶλλον
2398 4142 2640 4214 χαλεπὴν
2686 4139 3017 4193 ἐπιδείκνυσι
3042 4140 3109 4207 τῇ
3156 4136 3299 4206 ψυχῇ
3332 4134 3429 4204 τὴν
3461 4131 3742 4197 ξενιτείαν,

2171 4240 2273 4292 οὑκ
2305 4240 2361 4290 ὲν
2405 4236 2577 4305 τόπῳ,
2615 4232 2733 4287 ἀλλ’
2760 4233 2819 4285 ὲν
2868 4230 3053 4301 τρόπῳ
3086 4226 3484 4297 κατορθοῦσθαι
3529 4225 3599 4277 τά
3638 4222 3745 4275 τῶν

2171 4329 2383 4401 ἀρετῶν
2414 4323 2753 4388 ὑποϐάλλων,
2800 4322 2895 4376 καὶ
2940 4321 3020 4374 ὅτι
3048 4317 3396 4389 παράκλησιν
3424 4316 3567 4385 ἔχων
3607 4313 3745 4366 οἴκοι

2170 4423 2269 4492 τὴν
2294 4418 2405 4474 ἀπὺ
2430 4418 2644 4486 γένους,
2678 4416 2856 4468 ἐκεῖσε
2883 4412 2954 4467 τὰ
2982 4412 3083 4481 τῆς
3113 4409 3428 4473 ἅποτάξεως
3455 4404 3594 4461 ἆθλα
3617 4406 3743 4459 ἀκόο

493 4518 873 4590 perficiuntur,
920 4525 974 4569 et
1020 4513 1161 4584 quod
1218 4511 1646 4566 consolationem
1687 4511 1892 4566 habens
1920 4510 2066 4566 domi

2175 4530 2290 4576 πως
2321 4506 2433 4583 εἶχε
2460 4508 2744 4571 διασώζειν
2770 4523 2785 4539 ο
2833 4504 2962 4561 ἔνθα
3004 4505 3096 4557 καὶ
3124 4503 3224 4572 τῆς
3265 4500 3547 4562 ἀσθενείας
3579 4508 3744 4569 προσ-

489 4628 525 4665 ςι
556 4609 821 4679 cognatis,
845 4607 916 4661 ibi
936 4605 1179 4676 praemia,
1201 4618 1323 4674 qum
1344 4603 1809 4658 renuntiationem
1840 4603 2067 4672 (mundo

494 4704 717 4769 factam)
766 4705 1201 4767 consequuntur,
1234 4704 1420 4766 posset
1455 4695 1573 4749 sine
1610 4693 1798 4749 labore
1838 4708 2065 4749 conser-

493 4809 657 4859 vare;
701 4793 790 4846 ubi
821 4802 876 4846 et
901 4789 1175 4861 iucundus
1204 4786 1381 4842 morbi
1413 4785 1705 4841 famulatus
1733 4796 1839 4852 est,
1873 4795 1928 4840 et
1957 4800 2065 4839 non

492 4884 573 4936 nti
606 4897 748 4935 nunc
803 4881 940 4933 mala
994 4878 1267 4943 tractatio,
1306 4885 1360 4932 et
1402 4875 1589 4930 dolore
1638 4875 1854 4944 plenum
1896 4872 2065 4926 animi

490 4972 824 5042 deliquium;
874 4984 940 5024 eo
988 4970 1330 5038 potissimum
1385 4967 1532 5038 quod
1581 4966 1744 5021 etiam
1779 4965 2063 5035 hospitali-

488 5062 623 5116 tatis
668 5062 908 5116 studium
963 5058 1126 5131 510
1161 5074 1190 5112 a
1246 5057 1585 5112 fraternitate
1638 5055 1880 5110 debitum
1910 5053 2064 5106 valde

490 5155 566 5208 sit
594 5169 778 5207 rarum
804 5195 818 5220 ,
870 5163 921 5207 et
951 5153 1092 5206 hanc
1126 5150 1364 5205 maxime
1400 5149 1470 5202 ob
1513 5162 1629 5201 rem
1660 5164 1673 5199 :
1707 5145 1805 5199 Abi
1839 5143 2063 5216 (inquit)

491 5245 747 5313 gaudium
802 5242 1113 5311 cognationi
1163 5250 1284 5305 tuae,
1326 5239 1666 5310 gloriamque
1707 5236 1936 5305 teipsum
1965 5235 2064 5289 de-

492 5345 737 5407 portatis,
782 5334 980 5404 quibus
1024 5343 1079 5388 et
1125 5332 1328 5387 luctum
1364 5329 1764 5383 intolerandum
1798 5326 1917 5380 sine
1958 5326 2063 5380 ulla

489 5428 967 5486 commiseratione
1019 5427 1378 5496 dercliquisti,
1412 5425 1539 5496 quia
1583 5422 1825 5495 plerique
1866 5420 2052 5486 etiam,

564 5630 605 5659 ³“
632 5628 777 5684 Psal.
809 5644 974 5688 uvn.
1012 5628 1100 5681 ll.

2168 4603 2303 4675 ηνὴς
2332 4600 2627 4672 ὑπηρεσία,
2676 4597 2771 4652 καλ⁸
2801 4597 2899 4665 οὐχ
2938 4596 3013 4658 ὼς
3040 4593 3136 4647 νῦν
3165 4590 3433 4662 κακουχία
3454 4630 3470 4655 ,
3504 4590 3598 4644 καὶ
3650 4591 3743 4641 ὲπο

2166 4694 2365 4757 ὡδννος
2387 4691 2736 4762 λειποθυμία·
2757 4691 2815 4742 ὲν
2835 4688 2912 4758 τῷ
2938 4689 3027 4741 καὶ
3054 4686 3287 4758 μάλιστα
3305 4688 3370 4738 ὲκ
3389 4684 3488 4753 τῆς
3518 4680 3739 4749 ἀδελφό-

2164 4801 2325 4856 τητος
2351 4783 2610 4838 σπανίσαι
2642 4781 2739 4853 τὴν
2767 4779 2867 4851 τῆς
2891 4777 3197 4849 φιλοξενίας
3226 4774 3462 4846 σπουδήν
3484 4790 3499 4804 ν
3533 4773 3619 4826 διὸ
3651 4772 3742 4823 καὶ

2167 4878 2423 4948 μάλιστα,
2449 4872 2661 4935 Ἄπιθι,
2694 4872 2848 4942 φησὶ,
2873 4870 3050 4941 χαρὰν
3073 4867 3151 4937 τῷ
3180 4865 3257 4937 σῷ
3279 4866 3449 4934 γένει,
3472 4866 3570 4919 καὶ
3584 4862 3741 4928 Μξαν

2166 4967 2361 5021 σαυτὸν
2415 4963 2786 5034 ἀποκομίζων,
2831 4957 2915 5023 οἷς
2966 4959 3057 5012 καὶ
3112 4959 3173 5011 τὸ
3228 4955 3421 5015 πένθος
3471 4954 3740 5024 ἀφόρητον

2160 5057 2556 5120 καταλέλοιπας
2604 5052 2947 5124 ἀσυμπαθῶς
2972 5071 2985 5083 ·
3033 5053 3083 5105 οἱ
3115 5048 3299 5104 πολλοὶ
3327 5048 3461 5119 γὰρ,
3514 5047 3611 5100 καὶ
3640 5061 3739 5097 πα-

2160 5150 2317 5220 τρίδα
2349 5150 2425 5219 μὴ
2451 5148 2736 5217 φυγόντες,
2776 5147 2839 5198 ὲκ
2867 5144 3032 5215 μέσον
3065 5142 3160 5196 τοῦ
3194 5142 3383 5210 γένους
3415 5140 3619 5193 εἴλοντο
3642 5136 3737 5206 τὴν

2160 5243 2383 5312 ἀρετήν.
2438 5240 2577 5309 Ἀλλ’
2603 5242 2632 5292 ὁ
2660 5238 2759 5311 τὴν
2789 5236 3076 5309 πορφύραν
3104 5235 3214 5289 τῶν
3262 5233 3499 5302 θλίψεων
3556 5234 3617 5286 ὲν
3674 5232 3735 5301 τῇ

2160 5332 2466 5402 παρατάξει
2510 5331 2607 5400 τῆς
2653 5329 2919 5396 ξενιτείας
2968 5324 3453 5399 περιϐεϐλημένος,
3487 5323 3584 5377 καὶ
3631 5320 3737 5375 τῶν

2168 5421 2351 5475 κόπων
2379 5422 2477 5486 τὰς
2511 5422 2730 5478 ἐλπίδας
2757 5419 3218 5494 περιεστεμμένος
3256 5416 3461 5482 πίστει,
3495 5413 3732 5484 ὑπομονῇ
