4046 6152
508 278 646 348 1099

2004 274 2068 334 S.
2107 275 2266 336 NlLl

3625 259 3767 328 1100

503 397 879 466 semetipsum,
906 402 958 446 et
985 389 1216 444 formam
1235 388 1376 441 servi
1400 388 1636 455 suscepit
1660 383 1740 440 ‘°:
1770 384 1815 438 si
1843 383 2074 455 teipsttm

2196 387 2369 440 Βούλου
2419 385 2655 439 λαϐόντι.
2714 379 2836 436 Ἐάν
2891 383 3094 452 μετρῇς
3146 379 3225 450 τῷ
3271 377 3540 449 ἐλαχίστῳ
3586 381 3769 450 μέτρῳ

505 488 733 545 minima
764 481 1064 539 dimetiaris
1099 492 1373 541 mensura,
1408 491 1516 530 non
1546 485 1596 536 te
1626 475 1929 530 remetieris
1958 490 2085 528 cum

503 580 688 644 socio;
722 583 775 629 et
805 571 898 642 qui
936 571 1132 624 anitnte
1183 567 1555 620 infirmitatem
1599 566 2084 620 lamentatiOnibns

507 668 728 737 delegit,
780 679 888 717 non
949 660 1142 714 sentiet
1204 656 1489 727 magnifice
1536 657 1600 710 de
1647 656 1750 720 bis,
1784 655 1837 710 in
1889 656 2086 725 quibus

506 763 620 831 ipse
679 756 916 810 laborem
953 749 1274 820 impenderit
1320 768 1332 802 :
1371 749 1642 802 dzemoncs
1696 748 1806 809 bis,
1856 747 1949 815 qui
1986 749 2087 800 hu-

504 851 652 905 milia
699 847 919 918 sapiunt
966 843 1226 896 vilitatem
1311 849 1365 894 et
1401 839 1783 893 contumeliam
1815 837 2085 901 inferunt,

507 951 585 1006 ut,
621 954 728 993 non
757 935 1094 1007 perferentes
1136 938 1528 999 contemptum,
1566 943 1784 982 sensum
1826 929 2086 984 humilem

505 1033 778 1093 devitem;
811 1025 904 1096 qui
939 1039 1066 1079 vero
1097 1038 1191 1094 per
1222 1022 1581 1076 humilitatem
1625 1035 1883 1087 generose
1923 1019 2090 1073 dede-

483 1139 633 1188 _cora
685 1119 940 1182 sustinet,
979 1131 1074 1186 per
1127 1115 1216 1168 illa
1284 1113 1473 1167 eadem
1517 1111 1694 1180 potius
1740 1112 1807 1165 ad
1847 1109 2087 1180 philoso-

505 1215 649 1286 phia:
689 1209 1016 1268 subvehitur
1046 1205 1444 1262 celsitudinem.
1480 1203 1647 1258 David
1695 1202 1920 1257 affectus
1953 1217 2090 1258 con-

439 1353 444 1356 .
507 1304 747 1362 tumeliis
772 1316 880 1356 non
904 1297 1309 1355 contradicebat
1331 1328 1348 1356 ,
1411 1296 1504 1350 sed
1524 1303 1577 1349 et
1595 1296 1854 1349 ultionem
1874 1296 2093 1350 Abessm

513 1391 1072 1466 repri:nebat“-“.Tu
1094 1402 1308 1458 quoque
1358 1386 1519 1442 laesus
1563 1385 1779 1456 injuriis
1806 1400 1872 1440 ne
1901 1393 2092 1440 contu-

515 1487 706 1542 melias
743 1482 1028 1554 rependas,
1067 1480 1221 1549 quin,
1258 1488 1320 1531 ut
1357 1493 1453 1547 par
1504 1485 1606 1542 est,
1637 1476 1825 1546 mitiga
1875 1486 1925 1531 te
1957 1476 2096 1530 ulci-

511 1586 789 1640 scentem;
821 1574 1031 1630 sustine
1059 1557 1335 1641 iniuriam,
1359 1584 1480 1638 qua:
1501 1579 1627 1623 tuus
1648 1577 1730 1623 est
1754 1583 2090 1639 progressus,

510 1669 771 1739 labiisque
810 1667 1075 1722 conclude
1122 1663 1419 1718 iracundia:
1447 1662 1676 1728 ostium,
1723 1677 1824 1716 nec
1869 1662 2094 1716 omnino

510 1758 971 1814 comminantibus
1021 1754 1383 1823 respondeas,
1429 1761 1487 1806 ut
1541 1752 1762 1808 silentio
1801 1751 2088 1821 consttpias
2121 1733 2162 1792 Β

512 1846 778 1901 fumantia
808 1845 948 1898 labia
975 1861 994 1907 ;
1021 1842 1422 1912 comminantes
1463 1848 1516 1893 et
1545 1840 1937 1902 eonviciantes,
1963 1848 2092 1892 tunc

513 1939 700 1991 dolore
720 1933 951 1995 aflicies,
979 1931 1199 2002 quando
1225 1930 1378 1984 frena
1423 1930 1532 1982 tuis
1559 1930 1807 1997 itnpones
1831 1928 2086 1982 maxillis.

514 2027 726 2080 Etenim
771 2033 826 2077 tu
861 2031 1048 2076 tacens
1092 2021 1316 2074 minime
1356 2018 1689 2081 corroderis,
1733 2027 1789 2073 at
1833 2018 1880 2072 is
1914 2019 2091 2072 multo

515 2118 686 2188 magis
735 2131 764 2170 a
823 2125 914 2169 tua
964 2113 1338 2168 taciturnitate
1387 2111 1820 2177 commordetur,
1873 2112 2092 2181 quando

514 2207 896 2263 contumeliosi
959 2220 1023 2259 ac
1066 2205 1303 2274 protervi
1346 2202 1688 2271 magnanime
1735 2203 2089 2258 temeritatem

515 2300 836 2370 pertuleris:
871 2297 1153 2351 hominum
1191 2296 1406 2349 laudem
1439 2309 1469 2349 e
1517 2295 1624 2348 tuis
1676 2294 1905 2362 repellas
1953 2294 2092 2349 inte-

516 2393 774 2456 rioribus,
807 2391 880 2446 ita
933 2399 991 2443 ut
1023 2399 1149 2442 ante
1200 2388 1342 2443 illius
1391 2387 1678 2442 adventum
1709 2387 2090 2457 cogitationem

515 2502 637 2542 sese
662 2485 891 2539 libenter
922 2489 1289 2538 ostentantem
1319 2480 1586 2535 excutias.
1619 2479 1816 2533 Verum
1849 2480 2093 2550 diligenti

519 2591 739 2646 quoque
777 2571 1250 2628 animadversione
1299 2570 1529 2624 observa
1583 2582 1781 2623 cavens
1827 2583 1856 2622 a
1915 2569 2095 2624 studio

519 2669 615 2722 tibi
642 2668 742 2736 ipsi
773 2664 1042 2740 placendi,
1087 2662 1324 2717 maxime
1366 2661 1420 2714 in
1467 2659 1718 2715 solitario
1754 2659 1994 2726 silentio,
2027 2676 2096 2715 ne

519 2760 658 2813 forte
697 2759 825 2812 illud
858 2767 908 2811 te
951 2755 1216 2810 extollens
1243 2769 1406 2823 super
1434 2753 1696 2807 audacter
1723 2752 1990 2818 locutum,
2029 2767 2094 2806 ac

521 2851 889 2911 ferocientem,
927 2847 1063 2902 nihil
1111 2849 1286 2916 ipsum
1319 2851 1559 2914 reputes.
1591 2842 1826 2908 Quidam
1860 2841 2094 2897 fratrum

518 2947 678 3000 laesus
724 2944 827 2998 fttit
856 2941 1116 2998 conviciis
1140 2956 1169 2995 a
1216 2942 1529 3004 reverendo,
1564 2938 1925 3008 injustamque
1959 2939 2097 2992 tole-

2189 481 2435 547 σεαυτὸν,
2458 481 2558 534 οὑκ
2581 477 2984 549 ἀντιμετρήσῃς
3013 472 3236 526 σεαυτὸν
3255 471 3478 542 ἑταίρῳ,
3513 473 3607 524 κάὶ
3627 473 3654 523 6
3673 475 3768 542 τῆς

2185 571 2369 642 ψυχῆς
2404 570 2501 639 τὴν
2530 568 2816 622 ἀσθένειαν
2859 556 3076 635 θρήνοις
3107 561 3489 625 ἐκκαλύπτων,
3533 561 3593 613 οὑ
3626 561 3766 630 μέγα

2187 665 2278 716 ἐπὶ
2310 665 2420 726 τοῖς
2453 662 2537 730 ἐφ’
2573 649 2767 713 ἑαυτοῦ
2801 657 3150 727 πονουμένοις
3182 655 3462 725 φρονήσει.
3507 653 3770 723 Δαίμονες

2187 753 2483 812 εὐτέλειαν,
2527 753 2620 804 καὶ
2653 747 2810 820 ὓϐριν
2839 750 2953 809 τοῖς
2985 744 3500 816 ταπεινοφρονοῦσιν
3535 745 3770 811 ἐπάγου-

2191 862 2296 910 σιν,
2327 844 2412 896 ἵνα
2446 843 2546 912 τὴν
2572 841 2916 907 ἐξουδένωσιν
2963 837 3022 890 οὑ
3069 836 3348 906 φέροντες,
3379 835 3479 905 τὴν
3512 844 3769 890 ταπεινο-

2191 935 2465 1006 φροσύνην
2503 933 2768 1002 φύγωσιν,
2812 933 2841 984 ό
2882 928 3056 983 δὲδῖά
3081 927 3461 990 ταπεινώσεως
3508 929 3606 990 τὰς
3655 928 3772 980 ἀτι-

2193 1025 2324 1094 μίας
2350 1023 2610 1090 γενναίως
2658 1021 2839 1091 φέρων
2870 1020 2950 1082 εἰς
2980 1009 3298 1086 φιλοσοφίας
3331 1013 3467 1085 ὕψος
3511 1015 3579 1067 δι’
3627 1017 3774 1068 ὲκεί-

2191 1133 2296 1167 νων
2333 1112 2535 1184 μᾶλλον
2583 1110 2893 1164 ἁνωθεϊται.
2950 1109 3008 1162 Ὀ
3053 1100 3219 1160 Δαϐὶδ
3267 1105 3626 1178 ὑϐριζόμενος
3674 1108 3775 1160 οὑκ

2191 1205 2498 1273 ἀντέλεγεν,
2550 1203 2685 1257 ἀλλά
2731 1201 2823 1255 καὶ
2896 1201 2996 1270 τὴν
3051 1199 3286 1253 Ἀϐεσσᾶ
3335 1199 3584 1252 ἐκδικίαν
3639 1215 3778 1252 κατ-

2194 1297 2429 1352 έστελλε.
2463 1297 2568 1348 Καὶ
2595 1295 2658 1347 σὺ
2689 1292 3041 1363 ὑϐριζόμενος
3062 1291 3138 1363 μὴ
3166 1289 3478 1362 ἀνθύϐριζε,
3512 1289 3649 1344 ἀλλά
3682 1293 3778 1344 καὶ

2193 1388 2282 1442 τὸν
2316 1385 2635 1441 ἐκδικοῦντά
2668 1402 2727 1436 σε
2764 1384 2940 1456 ὀρθῶς
2978 1383 3332 1454 καταπρὰῶνε
3356 1399 3369 1412 ·
3419 1381 3578 1452 ὑϐριν
3615 1382 3774 1453 φέρε.

2150 1490 2163 1503 ‘
2192 1478 2290 1550 τὴν
2322 1479 2419 1548 σὴν
2445 1476 2748 1548 προκοπὴν,
2801 1475 2896 1528 καὶ
2944 1473 3144 1544 χείλεσι
3176 1470 3427 1542 σύγκλειε
3473 1472 3566 1526 τοῦ
3600 1472 3776 1543 θυμοῦ

2193 1571 2291 1642 τὴν
2322 1569 2495 1641 θύραν
2522 1586 2534 1599 ·
2585 1566 2936 1638 ἀποκριθήσῃ
2967 1569 3078 1628 τοῖς
3120 1564 3440 1618 ἀπειλοῦσιν
3470 1565 3578 1616 οὐδ’
3613 1565 3774 1627 ὅλως,

2197 1665 2284 1717 ἵνα
2311 1665 2379 1733 τῇ
2411 1663 2537 1731 σιγῇ
2588 1659 2844 1729 κοιμίσῃς
2888 1658 2957 1710 τὰ
3004 1657 3342 1720 καπνίζοντα
3387 1655 3565 1727 χείλη,
3615 1657 3779 1708 ἀπει-

2189 1756 2416 1818 λοῦντας
2446 1754 2564 1805 τότε
2611 1754 2702 1804 καὶ
2750 1750 3013 1822 ὑϐριστάς
3061 1749 3340 1818 ὀδυνήσεις
3367 1749 3497 1802 ὅταν
3525 1747 3780 1818 χαλινοὺς

2191 1849 2311 1909 σαῖς
2341 1845 2557 1912 σιαγόσι
2585 1846 2873 1913 ἐπιθήσῃς.
2925 1843 2995 1894 Σὺ
3034 1842 3132 1911 μὲν
3157 1840 3268 1911 γὰρ
3304 1841 3494 1908 σιγῶν,
3530 1841 3592 1892 οὑ
3640 1839 3784 1910 βρω-

2191 1939 2334 2011 θήσῃ
2359 1941 2424 2009 τῇ
2457 1936 2633 2007 ὑϐρει,
2683 1937 2712 1987 ὁ
2758 1935 2816 1986 δὲ
2846 1932 2982 1986 πολὺ
3016 1933 3218 2002 μᾶλλον
3243 1933 3499 1986 δάκνεται
3530 1933 3638 1985 ὑπὸ
3677 1933 3782 2003 τῆς

2193 2031 2292 2101 σῆς
2337 2029 2582 2098 σιωπῆς,
2639 2027 2777 2080 ὲπάν
2831 2024 3092 2096 ὑϐριστοῦ
3141 2025 3344 2094 θάρσος
3403 2018 3782 2095 μακροθύμως

2191 2123 2497 2195 ὑπενέγκῃς
2521 2137 2536 2152 ο
2561 2119 2654 2172 τὸν
2684 2119 2792 2173 τῶν
2821 2117 3126 2187 ἀνθρώπων
3157 2116 3380 2170 ἔπαινον
3409 2119 3475 2170 ὲκ
3493 2116 3604 2170 τῶν
3625 2117 3782 2182 ἐντὸς

2192 2214 2472 2276 ἀποσείου,
2498 2213 2594 2265 ’ἵνα
2623 2213 2715 2265 τὸν
2747 2211 3120 2281 φιλενδείκτην
3168 2209 3426 2280 λογισμὸν
3471 2211 3579 2280 πρὸ
3608 2205 3782 2262 αὑτόῦ

2194 2305 2502 2380 ἐκτινάξῃς.
2541 2305 2825 2375 Ἐπιτηρει
2859 2303 2916 2358 δὲ
2945 2303 3042 2356 καὶ
3081 2304 3140 2356 τὸ
3170 2303 3510 2374 αὑτάρεσκον
3544 2302 3782 2372 μάλιστα

2195 2397 2316 2451 καθ’
2351 2397 2607 2468 ἡσυχίαν,
2653 2395 2724 2467 μή
2759 2393 2890 2450 ποτέ
2925 2410 2986 2446 σε
3023 2393 3332 2465 μεγαλύναν
3364 2394 3507 2464 ὑπὲρ
3531 2393 3622 2446 τὸν
3648 2393 3782 2462 Oph-

2197 2487 2426 2541 συθέντα
2479 2485 2845 2558 ὲξουδενὼσῃς
2909 2486 3140 2539 ἐκεῖνον.
3212 2485 3312 2548 Τις
3368 2484 3478 2538 τῶν
3533 2482 3782 2553 ἀδελφῶν

2196 2578 2450 2649 ὑϐρισται
2507 2577 2658 2648 παρά
2709 2575 3004 2642 εὑλαϐοῦς,
3057 2577 3152 2629 καὶ
3211 2576 3425 2630 ἀδικίαν
3481 2576 3781 2644 ὑπομείνας

2196 2671 2361 2742 ἀπῄει
2396 2672 2542 2740 χαρᾷ
2588 2687 2649 2722 τε
2699 2671 3075 2743 μεριζόμενος,
3127 2672 3220 2724 καὶ
3251 2670 3413 2742 λύπῃ,
3450 2671 3505 2722 τὸ
3543 2670 3645 2738 μὲν
3695 2669 3784 2722 ὃτι

2196 2762 2551 2832 ἀδικούμενος
2577 2761 2811 2834 ὑϐρίσθη
2844 2763 2934 2816 καὶ
2960 2765 3059 2816 οὑκ
3090 2763 3481 2834 ἀντεταράχθη,
3505 2760 3568 2815 τὸ
3600 2761 3658 2812 δὲ
3692 2762 3788 2814 ὅτι

2196 2855 2224 2907 ὁ
2253 2853 2488 2923 εὐλαϐὴς
2531 2853 2790 2926 ἠπατήθη
2825 2856 2918 2909 καὶ
2967 2857 3257 2926 ἀπατήσας
3307 2856 3494 2926 ἐχάρη.
3541 2854 3680 2906 Νόει
3721 2853 3783 2907 δέ

2201 2962 2292 3011 μοι
2320 2945 2416 2998 καὶ
2443 2945 2534 2997 τὸν
2560 2947 2852 3000 ἀπατεῶνα
2881 2947 2950 2999 τὰ
2994 2946 3088 3000 δύο
3136 2946 3461 3001 πεπονθέναι
3492 2945 3576 3013 ἐφ’
3608 2939 3652 3013 ᾧ
3684 2931 3785 3015 μὶν

517 3054 648 3094 rans
679 3037 929 3104 injttriam
964 3033 1114 3097 abiit,
1166 3033 1217 3087 in
1251 3033 1507 3102 gaudium
1545 3031 1864 3099 dispertitus
1915 3039 1970 3084 et
1997 3029 2095 3086 do-

2197 3035 2427 3106 ὲτάραξε
2459 3037 2676 3100 πάντως
2707 3036 2963 3110 χαρέντα,
3020 3038 3105 3107 ἐφ’
3145 3030 3190 3105 ᾧ
3234 3038 3336 3090 οὑκ
3376 3011 3779 3108 ἀντετάράχθη,

516 3130 722 3195 lorem;
757 3127 857 3181 hoc
887 3126 1128 3196 quidem,
1173 3123 1302 3192 quia
1333 3123 1537 3192 injuste
1571 3122 1674 3175 fuit
1701 3120 1926 3176 affectus
1961 3115 2094 3176 cen-

2203 3127 2403 3196 μᾶλλον
2431 3127 2768 3198 λυπηθέντα.

517 3222 757 3285 tttmelia,
788 3219 949 3291 5.13
985 3233 1083 3272 nec
1111 3232 1142 3270 e
1181 3231 1447 3271 converso
1491 3216 1743 3270 turbatus
1780 3215 1917 3278 fuit;
1966 3215 2097 3271 illud

2196 3231 2338 3286 item,
2407 3224 2536 3293 quia
2610 3224 2896 3292 religiosus
2949 3225 3038 3280 ille
3079 3224 3335 3295 deceptus
3383 3223 3504 3291 fuit,
3551 3235 3785 3294 cumque

518 3313 841 3382 deeepisset,
887 3311 1108 3380 gavisus
1151 3319 1256 3364 est.
1323 3309 1565 3377 Intellige
1611 3323 1762 3370 vero,
1816 3318 1871 3362 et
1917 3309 2258 3382 deceptorem
2339 3331 2399 3370 ea
2475 3318 2584 3372 duo
2626 3332 2845 3386 passum
2894 3317 3085 3385 fuisse,
3158 3318 3416 3372 nimirum
3445 3358 3461 3384 ,
3505 3333 3572 3372 co
3637 3320 3786 3386 quod

523 3404 776 3469 turbarit,
828 3416 1052 3472 prorsus
1106 3415 1230 3455 esse
1269 3401 1538 3470 gavisum,
1573 3408 1645 3456 et.
1696 3414 1763 3454 eo
1804 3403 1948 3470 quod
1978 3420 2088 3459 non

2196 3448 2202 3462 .
2239 3424 2269 3465 e
2299 3419 2483 3465 contra
2510 3411 2883 3482 perturbatus,
2950 3413 3145 3483 majori
3205 3411 3387 3468 fuisse
3427 3425 3666 3468 mterore
3697 3412 3782 3465 af-

523 3498 721 3551 fectum

1143 3604 1374 3662 CAPUT
1417 3605 1481 3662 ν.

594 3721 825 3789 Quando
849 3733 950 3775 nos
987 3719 1324 3789 inspexerint
1346 3722 1622 3779 daemones
1657 3723 1711 3777 itt
1742 3723 1864 3794 ipso
1903 3733 2102 3780 contu-

522 3815 808 3870 meliarum
844 3820 1092 3868 ramento
1118 3813 1346 3868 minime
1372 3813 1758 3882 inﬂammatos,
1794 3825 1926 3874 tunc.
1948 3817 2104 3887 quie-

522 3909 591 3964 tis
635 3915 880 3977 tempore
932 3920 998 3961 ex
1055 3905 1270 3961 insidiis
1320 3907 1697 3971 adventantes,
1747 3909 1907 3978 quasi
1950 3915 2102 3964 vecte

521 3998 690 4054 animi
729 3998 1093 4068 principatum
1133 3997 1484 4064 submovent,
1512 4006 1592 4066 ιιι,
1625 4001 1827 4068 quibus
1858 4015 2099 4069 praesen-

523 4091 666 4144 tibus
721 4087 868 4143 fruiti
911 4102 1045 4156 pace
1081 4102 1299 4150 sumus,
1346 4087 1540 4142 iisdem
1566 4087 1678 4155 jam
1713 4088 1913 4157 elapsis
1953 4089 2100 4144 fero-

522 4182 750 4238 ciamus.
803 4177 1030 4246 Quando
1075 4179 1237 4248 igitur
1292 4179 1775 4236 contradictionem
1830 4189 1923 4234 aut
1969 4195 2124 4236 conm

523 4273 800 4328 tumeliam
839 4280 1028 4325 contra
1069 4268 1292 4323 fratrem
1325 4270 1656 4338 patraveris,
1699 4271 1931 4338 teipsum
1972 4279 2101 4341 puta

523 4368 830 4434 deceptum,
886 4377 975 4429 ne,
1030 4361 1160 4416 dum
1199 4363 1488 4431 quiescas,
1536 4377 1772 4432 pugnam
1815 4362 2102 4432 cogitatio-

525 4474 654 4513 num
704 4459 757 4512 in
810 4465 901 4508 tuo
948 4455 1114 4509 corde
1157 4454 1485 4522 comperias,
1521 4453 1623 4507 hae
1659 4453 1881 4521 quidem
1906 4466 2103 4522 expro-

524 4551 714 4604 Lrante
755 4545 975 4598 modum
1019 4541 1496 4606 contumeliarum,
1543 4540 1710 4596 altera
1753 4556 1878 4595 vero
1912 4556 1942 4596 e
1971 4557 2103 4598 con-

525 4648 610 4692 tra
663 4633 987 4705 impruperia
1046 4631 1310 4694 dictante,
1359 4629 1512 4699 quasi
1561 4645 1622 4685 ea
1675 4631 1894 4700 quidem
1927 4631 2105 4687 forent

526 4730 730 4802 gravia,
766 4738 819 4779 tu
863 4739 994 4778 vero
1049 4724 1277 4792 injurias
1305 4739 1411 4778 non
1458 4725 1821 4795 rependisses.
1872 4727 2103 4794 Quando

527 4817 759 4874 irritatio
800 4813 1136 4868 exacerbarit
1183 4812 1400 4879 fratres,
1445 4815 1538 4882 qui
1572 4816 1761 4870 vivunt
1795 4819 2098 4871 communi-

529 4920 625 4972 ter,
651 4917 778 4960 tunc
799 4905 1012 4958 irruunt
1032 4903 1386 4972 cogitationes
1407 4905 1693 4972 dictantes,
1715 4908 1932 4963 beatum
1967 4926 2102 4977 prze-

527 4999 714 5054 diearc
745 4995 1073 5058 solitarium,
1104 5004 1164 5049 ut
1185 5009 1285 5049 nos
1319 4996 1725 5066 longanimitate
1752 5011 2099 5062 evacuantes,

529 5096 780 5157 separent
824 5086 987 5140 etiam
1044 5099 1074 5138 a
1117 5085 1381 5138 eharitate
1410 5103 1434 5139 ι’
1465 5088 1644 5157 atqui
1697 5088 2105 5156 longanimitate

532 5180 888 5244 iracundiam,
914 5187 970 5232 et
997 5177 1263 5232 charitatc
1297 5175 1611 5231 maestitiam
1656 5177 2106 5241 cverterlt,-duas

534 5270 708 5326 malas
749 5271 949 5325 besﬁa—s
1013 5270 1226 5324 infenso
1270 5268 1578 5338 praeliantes
1626 5269 1847 5331 animo,
1903 5267 2105 5336 duplici

536 5361 826 5433 prosternit
863 5363 1182 5416 strennitat'e
1205 5359 1337 5428 :qui
1369 5367 1582 5422 exorat,
1615 5368 1667 5412 et
1689 5358 1844 5428 quasi
1878 5359 2103 5428 supplex

536 5468 672 5520 genu
699 5452 960 5507 succiduo
989 5453 1056 5506 ad
1081 5457 1254 5520 genua
1289 5450 1598 5520 procumbit
1630 5451 1765 5519 ejus,
1797 5451 1890 5520 qui
1921 5451 2105 5506 conci—

538 5543 664 5596 tavit
697 5543 762 5596 ad
816 5543 972 5606 iram,
1017 5543 1085 5597 ab
1127 5545 1244 5612 ipso
1299 5552 1554 5612 utrasque
1607 5543 1797 5612 abigit;
1850 5544 2100 5614 spiritum

619 5647 662 5677 “
694 5647 927 5717 Philipp.
957 5664 1018 5722 tr,
1050 5650 1103 5716 7,
1144 5653 1197 5707 8.
1274 5653 1393 5686 “4"
1425 5653 1468 5707 ll
1499 5653 1634 5724 Reg.
1675 5670 1782 5718 xvi,
1831 5656 1849 5708 l
1891 5671 2048 5722 seqq.

2799 3618 3047 3672 ΚΕΦΑΛ.
3091 3614 3167 3672 E'.

2274 3730 2443 3783 ’Όταν
2474 3727 2655 3781 ἴδωσιν
2689 3727 2833 3796 ἡμᾶς
2866 3730 2916 3780 ot
2953 3727 3206 3796 δαίμονες
3235 3729 3314 3789 είς
3343 3727 3405 3779 τὸ
3437 3727 3572 3780 αὑτὸ
3606 3726 3788 3796 ξέσμα

2199 3818 2310 3870 τῶν
2341 3816 2550 3887 ὕϐρεων
2587 3815 2662 3886 μὴ
2691 3813 3047 3884 ὲξαφθέντας,
3089 3815 3210 3870 τότε
3245 3816 3369 3872 καθ’
3403 3816 3635 3886 ἡσυχίαν
3662 3817 3784 3867 ὲπι-

2202 3909 2448 3970 στάντες.
2475 3905 2907 3976 ἀναμοχλεύουσι
2933 3907 2994 3958 τὸ
3025 3907 3375 3975 ἡγεμονικὸν,
3411 3907 3501 3961 ἵνα
3528 3903 3612 3970 οἷς
3641 3923 3784 3977 παρ-

2201 3996 2354 4049 οῦσιν
2400 3995 2822 4066 είρηνεύσαμεν,
2871 3995 3083 4057 τούτοις
3133 3994 3358 4048 ἀπιοῦσι
3405 3995 3784 4066 διαθρασυνώ-

2206 4087 2369 4155 μεθα.
2407 4085 2575 4140 Ἐπάν
2605 4080 2698 4139 οὖν
2724 4083 3050 4151 ἀντιλογίαν,
3083 4085 3117 4155 ἢ
3152 4083 3310 4155 ὓϐριν
3347 4085 3485 4155 πρὸς
3514 4085 3606 4138 τὸν
3631 4085 3786 4138 ἀδελ-

2205 4179 2303 4247 φὸν
2353 4177 2662 4246 ὲκτελέσῃς,
2717 4176 2940 4230 σεαυτὸν
2985 4176 3204 4245 λογίζου
3235 4177 3530 4252 σφαλέντα,
3569 4177 3658 4231 ἴνα
3709 4177 3787 4248 μὴ

2202 4270 2493 4343 ἡσυχάζων
2529 4269 2711 4339 μάχην
2737 4267 3014 4339 λογισμῶν
3047 4271 3104 4322 ὲν
3133 4272 3199 4339 τῇ
3223 4269 3424 4344 καρδίᾳ
3457 4285 3554 4322 σου
3587 4268 3782 4340 adp-rc,

2203 4361 2296 4416 τοῦ
2328 4362 2426 4432 μὲν
2454 4360 2873 4424 ὲπονειδίζοντος
2917 4361 3026 4414 τῶν
3061 4361 3272 4433 ὕϐρεων
3310 4363 3401 4414 τὸν
3431 4364 3659 4432 τρόπον,
3689 4359 3784 4415 τοῦ

2183 4455 2260 4510 ,δὲ
2311 4453 2760 4518 ἀντονειδίζοντος
2803 4455 2880 4518 ὡς
2937 4454 3008 4508 τὰ
3051 4455 3200 4512 δεινά
3242 4455 3337 4508 καὶ
3370 4455 3466 4507 σοῦ
3522 4455 3598 4526 μὴ
3658 4453 3782 4507 ἀνθ-

2206 4545 2553 4614 υϐρίσαντος.
2599 4544 2829 4598 ’ὑπάταν
2858 4544 3210 4616 παροξυσμὸς
3233 4545 3544 4618 ὲκπικράνῃ
3575 4547 3702 4608 τοὺς
3726 4547 3784 4598 ἐν

2205 4635 2459 4706 κοινοϐίῳ
2504 4634 2790 4704 ἀδελφοὺς,
2821 4635 2944 4687 τότε
2974 4635 3024 4688 οἱ
3054 4634 3308 4704 λογισμοὶ
3355 4635 3642 4704 τὸνγμόνον
3678 4651 3783 4704 ju—

2204 4726 2454 4799 καρίζειν
2505 4726 2896 4787 είσϐἀλλουσιν,
2935 4725 3023 4778 ἴνα
3064 4725 3162 4794 τῆς
3192 4725 3578 4795 μακροθυμίας
3611 4723 3781 4778 κενώ-

2208 4834 2424 4882 σαντες,
2467 4816 2692 4885 καὶ’τῆς
2735 4818 2956 4886 ἀγάπης
2984 4815 3339 4884 ἀφορίσωσιν.
3397 4817 3456 4868 '0
3485 4817 3541 4868 δὲ
3579 4833 3785 4887 μακρο-

2209 4910 2380 4980 θυμία
2407 4909 2505 4979 τὴν
2535 4907 2725 4979 ὀργὴν,
2755 4909 2849 4961 καὶ
2882 4908 3068 4978 ἀγάπῃ
3099 4909 3198 4977 τὴν
3225 4907 3405 4978 λύπην
3440 4910 3783 4979 ἀνατρέπων,

2212 4999 2481 5071 πονηροὺς
2513 4997 2606 5051 δύο
2633 4999 2805 5070 θῆρας
2843 4997 3046 5061 διτταῖς
3075 4998 3462 5067 ἀνδραγαθίαις
3489 5001 3784 5070 ἀνατρέπει

2211 5087 2696 5159 θυμομαχοῦνταςυ
2745 5088 2773 5138 ὁ
2801 5086 3154 5157 παρακαλῶν,
3201 5087 3298 5140 καὶ
3325 5089 3664 5156 γονυπετῶν,
3697 5088 3784 5140 ἵνα

2181 5181 2310 5251 ’τὴν
2341 5179 2509 5250 ὀργὴν
2535 5179 2802 5251 ἀπελάσῃ,
2831 5179 2924 5232 τὸν
2953 5178 3356 5248 παροξύναντα,
3399 5183 3526 5244 τοὺς
3551 5179 3787 5250 ἀμφοτέ-

2217 5285 2342 5340 ρους
2372 5270 2431 5335 ὲξ
2461 5267 2626 5321 αὑτοῦ
2658 5268 2972 5335 ἀπελαύνει,
3017 5269 3101 5322 ὅτι
3144 5269 3206 5322 τὸ
3244 5270 3466 5338 πνεῦμα
3495 5272 3593 5338 τῆς
3616 5269 3787 5340 ὀργῆς

2211 5359 2506 5429 ἐκπολεμεῖ
2529 5360 2557 5409 ὁ
2585 5359 2711 5422 τοὺς
2742 5358 3126 5429 ὀργιζομένους
3156 5361 3456 5430 είρηνεύων
3485 5376 3497 5389 ·
3534 5362 3783 5431 μηνιάσει

2209 5450 2266 5503 δὲ
2298 5451 2471 5520 τούτῳ
2497 5451 2665 5521 ὀργὴν
2689 5448 2963 5521 ὁμογενῶν
2992 5450 3076 5504 ἐπ’
3101 5450 3250 5521 αὐτῷ
3296 5451 3666 5522 ἐκθρασύνων.
3697 5449 3787 5502 ὅτι

2209 5544 2310 5614 τὴν
2341 5543 2448 5596 τῶν
2487 5541 2718 5613 πλησίον
2767 5535 2864 5606 εἰς’
2896 5543 3083 5596 ἑαυτὸν
3129 5542 3349 5606 ἐδέξατο
3394 5543 3494 5614 τὴν
3524 5543 3720 5614 μάχην,
3751 5540 3785 5592 ὁ
