4046 6152
321 358 456 424 1105

847 532 854 538 _
921 466 1175 522 ΚΕΦΑΛ.
1217 468 1293 524 θ’.

385 582 468 654 lli;
496 580 599 653 ph
619 582 786 654 ῥοίζῳ
815 583 905 636 τδν
933 580 1146 652 ψαλμὸν
1173 582 1232 635 ἂν
1267 586 1333 654 τῇ
1361 584 1522 656 νήψει
1553 587 1797 652 λεκτέον,
1819 589 1898 660 πη

311 675 371 728 δὲ
391 673 698 744 ἀδολεσχεῖν
721 676 780 728 ὲν
803 675 871 744 τῇ
905 672 1195 745 ψαλμῳδίᾳ
1217 674 1594 746 δοκιμαστέον
1624 680 1768 735 κατά
1791 680 1903 753 γὰρ

315 765 413 836 τὴν
446 764 670 836 ἔνεδραν
697 764 792 818 τοῦ
821 764 1065 818 ἀναντίου
1093 765 1306 838 ἀνάγκη
1331 769 1426 821 καὶ
1446 770 1593 840 ἡμᾶς
1621 787 1898 843 μεταμορ-

317 855 569 922 φοῦσθαι,
599 855 735 909 διότι
778 857 908 910 ποτὲ
942 857 1041 928 μὲν
1073 856 1318 911 ὶλαύνειν
1347 861 1448 931 τὴν
1483 861 1726 929 γλῶτταν
1767 864 1899 918 ὕπομ-

313 944 575 1011 τὶθενται,
609 946 710 1015 τῆς
742 947 970 1014 empta;
1001 948 1102 1020 τὴν
1141 947 1321 1022 ψυχὴν
1356 952 1737 1024 περιεχούσης,
1767 955 1899 1009 ποτὶ

317 1035 678 1106 μελῳδεῖσθαι
712 1038 809 1100 τὰς
835 1038 1009 1103 λέξεις
1035 1039 1358 1110 ἔρεθίζουσι.
1394 1043 1488 1096 τοῦ
1508 1045 1696 1116 νοεροῦ
1717 1047 1899 1118 δμμα-

317 1141 404 1188 τος
432 1125 687 1196 καθάπερ
716 1127 870 1196 ἰσχὺν
907 1128 1004 1198 τὴν
1025 1130 1232 1202 τροφὴν
1253 1133 1318 1184 ὲκ
1343 1133 1436 1185 τοῦ
1471 1134 1649 1202 φωτὸς
1681 1134 1898 1206 λαμοά-

318 1233 518 1280 νοντος.
563 1217 621 1270 '0
652 1218 761 1287 γὰρ
807 1221 874 1289 τῇ
905 1221 1141 1292 ὀπτασίᾳ
1170 1223 1287 1275 τῶν
1328 1224 1550 1294 ὑψηλῶν
1595 1227 1902 1282 ἐπεκτεινό-

318 1325 480 1380 μενος
507 1308 970 1382 ὁξυδερκέστερον
995 1311 1150 1383 δμμα
1191 1313 1440 1384 λήψεται,
1475 1317 1615 1370 κατά
1663 1316 1724 1372 τὸ
1757 1319 1901 1388 ,ὑπό-

318 1403 516 1471 δειγμα
557 1401 851 1458 Ἐλισσαιέ.
875 1403 1049 1457 Ὅταν
1081 1403 1342 1476 λογισμός
1372 1424 1466 1460 σου
1486 1409 1681 1480 ὲπιστῇ
1703 1410 1900 1482 καρδίᾳ

322 1490 602 1561 πολέμιος,
642 1491 717 1563 μὴ
769 1492 903 1547 ἄλλα
951 1495 1066 1548 ἀντ’
1091 1494 1266 1550 ἄλλων
1307 1497 1374 1550 δι’
1419 1499 1584 1569 εύχῆς
1628 1500 1898 1573 ἐπιζήτει,

321 1584 462 1638 κατά
493 1583 550 1637 δὲ
572 1583 956 1668 τούπολεμίου
985 1586 1047 1641 τὸ
1074 1588 1229 1658 ξίφος
1261 1591 1368 1644 τῶν
1417 1591 1670 1664 δακρύων
1707 1595 1898 1649 ἀκόναι

321 1673 467 1727 οὕτω
496 1674 604 1746 γὰρ
633 1676 1011 1746 σφοδροτάτως
1058 1679 1125 1732 ἂν
1172 1683 1240 1750 τῇ
1278 1682 1426 1752 μάχῃ
1475 1684 1898 1756 προσρήξωμεν,

323 1766 516 1819 θᾶττον
543 1767 703 1820 αὑτὸν
735 1768 828 1838 ἀφ’
859 1769 1016 1840 ἡμῶν
1045 1772 1350 1842 ἀποστῆναι
1385 1777 1702 1847 ποιήσομεν.
1745 1778 1903 1832 Φιλο-

323 1857 478 1910 κάλει
514 1859 613 1911 σὺν
633 1859 709 1929 τῷ
742 1859 888 1930 ἔργῳ
916 1860 1022 1914 τῶν
1056 1861 1276 1933 χειρῶν,
1308 1865 1406 1918 καὶ
1441 1866 1584 1935 μάλα
1609 1868 1707 1938 τῆς
1737 1868 1904 1939 εὐχῆς

320 1948 422 2020 τὴν
452 1951 674 2022 μνήμην
699 1967 713 1980 ⁸
749 1953 818 2004 rb
845 1953 946 2023 μὲν
973 1953 1083 2025 γάρ
1110 1955 1172 2007 οὐ
1211 1957 1465 2022 πάντοτε,
1493 1958 1554 2010 τὸ
1587 1960 1643 2012 δὲ
1667 1960 1902 2026 ἀδιάλει-

320 2057 456 2095 πτον
499 2042 614 2113 ἔχει
669 2047 766 2115 τῆς
799 2044 1061 2116 ἐργασίας
1097 2047 1188 2100 τὸν
1232 2050 1414 2119 πόρον.
1460 2051 1550 2120 Μὴ
1599 2053 1913 2107 ἀναϐαλλουι

319 2131 504 2185 δοῦναι
557 2133 656 2203 τῆς
708 2133 873 2206 εὐχῆς
931 2137 991 2189 τὸ
1043 2137 1227 2208 χρέος,
1269 2137 1531 2210 λογισμοῦ
1576 2143 1788 2196 ἀκούων
1813 2144 1902 2198 διά

322 2224 624 2295 πρόσϐασιν
659 2226 855 2295 ἔργων,
894 2231 987 2281 καὶ
1021 2229 1094 2300 μὴ
1125 2229 1354 2300 θορυϐοῦ
1393 2235 1449 2285 ὲν
1493 2232 1572 2302 τῷ
1616 2233 1761 2306 ἔργῳ
1808 2253 1904 2290 ταφ

325 2317 536 2387 ράττων
559 2316 620 2368 τδ
649 2317 830 2388 σῶμα,
869 2319 955 2372 ἵνα
998 2319 1073 2388 μὴ
1106 2321 1448 2394 συνταρὰξῃς
1487 2325 1580 2377 καὶ
1618 2328 1782 2395 εὐχῆς
1805 2329 1903 2398 τὴν

324 2407 576 2475 καρδίαν.
613 2407 825 2479 Ὥσπερ
852 2411 879 2462 ὁ
912 2411 1066 2475 ἐκτὸς
1100 2411 1256 2482 ἡμῶν
1276 2413 1566 2486 ἄνθρωπος
1591 2418 1776 2486 χερσὶν
1805 2419 1901 2490 ἐρ-

326 2497 554 2564 γάζεται
616 2498 749 2570 πρὸς
793 2499 855 2552 τὸ
892 2502 966 2572 μὴ
1002 2501 1330 2574 ἐπιϐαρῆσαί
1379 2523 1520 2569 τινα,
1553 2506 1726 2570 οὕτως
1777 2511 1805 2562 ὁ
1845 2510 1903 2561 ὲν

325 2589 446 2652 ταῖς
488 2593 678 2659 φρεσὶν
719 2591 1052 2663 ὲργαζέσθω,
1093 2595 1228 2664 πρὸς
1275 2595 1336 2647 τὸ
1389 2597 1466 2665 μὴ
1500 2598 1903 2672 ἐπιϐαρηθῆναι

323 2681 420 2733 τὸν
449 2679 594 2734 νοῦν.
621 2679 752 2734 Τότε
777 2681 885 2752 γὰρ
906 2684 952 2735 οἱ
988 2685 1239 2755 λογισμοὶ
1273 2688 1368 2756 τὴν
1395 2690 1603 2742 οἰκείαν
1635 2692 1901 2760 ἐργασίαν

324 2773 390 2841 τῇ
435 2771 578 2843 ψυχῇ
625 2775 1044 2844 προσφέρουσιν,
1084 2779 1211 2831 ὃταν
1245 2780 1414 2850 αὐτὴν
1447 2785 1570 2844 ταῖς
1595 2783 1737 2836 κατά
1769 2783 1903 2837 Θεὸν

327 2871 554 2934 ἐννοίαις
588 2871 760 2942 ἀργὴν
795 2872 1191 2928 καταλάϐωσιν.
1227 2875 1502 2947 ’Ᾱροτρία,
1537 2877 1606 2929 τά
1630 2877 1728 2948 μὲν
1760 2867 1900 2950 ἔργα

327 2961 436 3015 τῶν
461 2964 656 3033 χειρῶν
679 2965 758 3025 είς
787 2964 846 3017 τὸ
874 2965 1274 3038 φιλάνθρωπον,
1300 2968 1398 3039 τὴν
1425 2969 1481 3021 δὲ
1510 2970 1684 3040 φρένα
1704 2970 1794 3022 τοῦ
1815 2970 1901 3023 λο-

327 3052 576 3121 γιστικοῦ
609 3057 688 3117 εἰς
721 3054 780 3108 τὸ
809 3057 1114 3126 φιλόσοφον,
1149 3058 1234 3110 ἵνα
1255 3059 1314 3111 τὸ
1342 3060 1438 3130 μὲν
1527 3059 1690 3124 ξένων
1725 3059 1908 3127 ξενία,

1457 361 1778 427 TRACTA'I
1797 367 1894 427 US
1934 369 2033 429 AD
2073 309 2498 434 EULOGOIUM.

3443 364 3578 432 1106

2573 474 2804 533 CAPUT
2839 475 2928 532 IX.

2071 590 2280 644 Alicubt
2311 590 2528 660 quidem
2564 591 2794 645 stridore
2829 591 3072 660 psalmus
3096 590 3148 646 in
3171 591 3352 663 vigilia
3390 593 3578 648 dicen-

2001 685 2137 746 dus;
2177 679 2373 734 alicubi
2420 692 2548 733 vero
2585 680 2714 758 utile
2752 679 3109 747 censendum,
3165 680 3386 735 assidue
3420 678 3578 735 Psal-
3624 674 3634 694 ‘

2001 787 2214 826 morum
2243 783 2400 825 orare
2417 778 2682 825 concentu
2702 789 2716 832 ;
2742 771 2941 826 etenim
2958 771 3254 826 secundum
3284 772 3575 830 adversarii

2003 864 2250 929 insidias,
2275 877 2558 918 necessum
2585 873 2687 926 est,
2722 871 2776 917 et
2801 878 2901 918 nos
2935 873 3147 918 mutare
3181 862 3386 920 formas
3411 883 3424 918 :
3451 861 3578 934 quia

2001 967 2394 1022 nonnunquam
2417 951 2657 1020 linguam
2683 950 2962 1020 impellere
3002 960 3300 1020 suggerunt
3324 949 3393 1022 (ii
3428 951 3579 1006 scili—

2001 1054 2088 1101 cet
2123 1045 2342 1114 psalmi)
2371 1044 2586 1114 pigritia
2618 1041 2993 1098 circumdante
3019 1042 3280 1109 animam,
3304 1043 3575 1098 interdum

1999 1138 2274 1208 pret-itaut-
2300 1137 2366 1190 ad
2400 1135 2567 1206 418
2596 1136 2836 1189 suaviter
2887 1134 3252 1188 concinendas
3287 1133 3574 1199 dictiones,

2001 1229 2160 1284 ocule
2199 1226 2549 1282 intellectuali
2601 1225 2768 1280 veluti
2811 1223 2999 1288 robur,
3048 1233 3102 1280 et
3155 1239 3186 1279 e
3233 1225 3438 1279 lumine
3481 1226 3579 1279 ali-

2004 1326 2244 1371 mentum
2286 1314 2607 1384 accipiente.
2645 1311 2780 1367 Nam
2807 1313 2899 1383 qui
2929 1313 3137 1368 visione
3185 1328 3368 1368 rerum
3398 1313 3578 1367 excel-

2004 1423 2190 1462 sarum
2232 1406 2594 1477 protenditur,
2627 1405 2845 1460 oculum
2889 1405 3102 1460 acutius
3132 1405 3572 1476 prospicientem,

2002 1501 2068 1554 ad
2099 1498 2278 1554 Elisaei
2319 1499 2647 1568 exemplum,
2682 1507 3022 1568 assequetur.
3059 1495 3288 1564 Quando
3321 1497 3578 1566 cogitatio

2003 1591 2219 1648 hostilis
2259 1601 2410 1646 tuum
2455 1591 2801 1662 aggrediatur
2840 1605 2955 1654 cor,
2998 1603 3066 1644 ne
3098 1588 3202 1643 alia
3237 1602 3334 1657 pro
3361 1587 3482 1642 aliis
3521 1588 3577 1640 in

2002 1687 2248 1742 oratione
2267 1686 2532 1756 inquiras,
2559 1692 2615 1738 at
2635 1680 3185 1746 contrabellatorem,
3211 1680 3576 1751 lacrymarum

2004 1777 2240 1848 gladium
2289 1790 2559 1836 exacuas;
2594 1773 2641 1828 si
2685 1771 2829 1826 enim
2875 1772 2948 1825 ita
2982 1768 3315 1824 validissime
3359 1767 3425 1821 ad
3477 1783 3577 1836 pu-

2004 1884 2164 1940 gnam
2199 1882 2581 1946 erumpamus,
2626 1864 2890 1920 faciemus
2924 1872 2983 1918 ut
3009 1862 3126 1932 ipse
3149 1859 3377 1916 celerius
3413 1873 3443 1919 ε
3475 1873 3576 1912 ηο-

2003 1961 2085 2015 bis
2117 1960 2364 2016 absistat.
2395 1958 2741 2014 llonestatem
2780 1956 2920 2019 cole,
2969 1953 3065 2008 sed
3112 1966 3235 2009 eum
3269 1965 3433 2020 opere
3457 1963 3574 2004 ma-

2003 2068 2174 2109 nuum
2226 2051 2461 2106 maxime
2517 2049 2798 2104 orationis
2837 2045 3194 2111 memoriam;
3240 2043 3374 2100 illud
3428 2041 3574 2096 enim

2004 2162 2110 2199 non
2141 2159 2378 2214 semper,
2401 2143 2546 2198 istud
2568 2152 2747 2198 autem
2766 2140 2930 2195 habet
2969 2133 3578 2204 indeﬂciens-operatio-

2003 2238 2089 2292 nis
2144 2235 2598 2292 emolumentum.
2643 2232 2721 2288 Ne
2770 2230 2989 2288 diﬂ‘eras
3023 2228 3290 2284 orationis
3335 2224 3574 2280 debitum

2003 2329 2234 2394 solvere,
2270 2326 2565 2382 intellectui
2601 2327 2982 2393 obtemperans
3014 2337 3109 2392 per
3130 2333 3355 2388 operum
3390 2330 3576 2371 acces-

2003 2437 2147 2487 sum,
2179 2428 2232 2474 et
2269 2435 2336 2474 ne
2363 2418 2698 2490 perturberis
2725 2417 2777 2470 in
2811 2430 2974 2485 opere
2997 2428 3194 2483 corpus
3221 2409 3574 2470 contui-bans,

2004 2529 2073 2568 ne
2101 2512 2268 2568 simul
2315 2526 2410 2566 cor
2459 2510 2712 2565 deturhes
2763 2507 3048 2562 orationis.
3109 2501 3575 2572 Quemadmodum

2003 2615 2187 2660 noster
2215 2604 2454 2659 exterior
2487 2602 2650 2656 homo
2671 2601 2922 2661 manibus
2940 2606 3196 2668 operatur
3215 2636 3230 2659 ,
3263 2603 3324 2649 ut
3353 2591 3579 2647 minime

2004 2704 2302 2769 praegravet
2332 2695 2594 2764 aliquem,
2627 2695 2710 2746 ita;
2733 2692 2930 2746 mentis
2977 2689 3202 2744 interior
3229 2690 3579 2755 operel~ur,ut

2005 2787 2336 2842 intellectum
2371 2800 2480 2840 non
2529 2792 2824 2853 aggravet;
2871 2789 3001 2836 tunc
3039 2779 3182 2833 enim
3221 2775 3578 2846 cogitationes

2004 2877 2283 2948 propriam
2343 2875 2716 2943 operationem
2781 2871 2980 2926 anima
3033 2868 3304 2932 offerunt,
3359 2864 3578 2935 quando

2006 2971 2177 3039 ipsam
2213 2965 2693 3028 intellectionibus,
2719 2979 2840 3032 qua:
2881 2961 3177 3016 secundum
3219 2957 3387 3012 Deum
3427 2964 3575 3017 sunt,

2002 3060 2235 3113 otiosam
2282 3055 2813 3126 comprehemlerint.
2851 3053 2974 3105 Ara:
3005 3065 3170 3119 opera
3213 3048 3430 3118 quidem
3459 3062 3579 3100 ma-

322 3145 418 3198 καὶ
445 3145 706 3215 ὸκνηρίας
727 3147 1075 3218 ἐμπρησμὸς,
1109 3149 1168 3202 τὸ
1198 3148 1273 3216 δὲ,
1300 3149 1530 3221 θεωρίας
1565 3152 1892 3222 στρατηγὸς,

2005 3151 2186 3207 nualia
2227 3150 2292 3204 ad
2345 3147 2698 3202 humanitatis
2744 3142 3024 3206 studium,
3063 3147 3298 3194 mentem
3340 3151 3468 3195 vero
3487 3150 3580 3190 rac-

328 3236 418 3302 καὶ
450 3236 723 3308 λογισμῶν
755 3237 1131 3310 ἀποδρασμός⁶
1162 3242 1271 3294 τῶν
1315 3241 1588 3312 λογισμῶν
1627 3245 1744 3307 ταῖς
1777 3243 1901 3314 ἡδο-

325 3331 444 3391 ναῖς
481 3330 618 3399 μετά
651 3329 882 3401 θάρσους
909 3330 1318 3403 ἐπιπλήξωμεν,
1351 3333 1570 3390 ἃπασαν
1598 3337 1676 3399 είς
1702 3336 1902 3400 αὐτοὺς

323 3419 423 3488 τὴν
445 3419 616 3490 ὀργὴν
643 3423 1085 3494 περιτρέποντες,
1114 3425 1200 3477 ἴνα
1236 3427 1333 3498 μὴ,
1365 3427 1522 3497 ἡδονῇ
1555 3428 1621 3480 τὰ
1646 3427 1776 3499 παρ’
1805 3428 1904 3482 αὐ-

323 3509 434 3562 τῶν
463 3511 764 3582 δεχόμενοι,
798 3515 959 3587 πρᾶοι
985 3516 1122 3588 πρὸς
1150 3517 1348 3581 αὐτοὺς
1391 3519 1766 3590 ἀντιστρόφως
1807 3535 1907 3586 ’γε-τ

329 3597 571 3670 νὼμεθα.

2009 3241 2223 3297 tionalis
2251 3237 2520 3294 facultatis
2552 3238 2618 3292 ad
2659 3231 3298 3307 sapientiaadesidcrium
3329 3248 3342 3285 ι
3373 3237 3431 3283 ut
3457 3227 3578 3305 ppri-

2009 3347 2158 3388 mum
2208 3328 2424 3398 quidem
2469 3327 2876 3397 peregrinorum
2930 3324 3003 3380 sit
3048 3322 3382 3392 hospitium,
3423 3318 3578 3389 igna-

2007 3424 2215 3492 viaeque
2238 3435 2332 3476 seu
2363 3418 2593 3489 pigritia
2621 3418 2860 3483 exustio,
2893 3415 3039 3472 istud
3077 3429 3207 3470 vero
3239 3411 3578 3479 contempla-

2011 3515 2177 3572 tionis
2201 3513 2332 3579 dux,
2358 3522 2426 3567 ειη
2444 3510 2693 3567 ebullitio
2719 3509 3108 3581 cogitationum
3138 3525 3154 3575 ;
3185 3503 3580 3562 consideratio-

2008 3623 2140 3662 num
2185 3605 2490 3675 voluptates
2540 3601 2798 3658 audacter
2856 3602 3222 3672 increpemus,
3261 3611 3477 3654 omnem
3525 3594 3578 3648 in

329 3706 424 3747 eas
456 3691 791 3747 iracundiam
820 3705 1216 3764 comet-tentes,
1246 3714 1314 3754 ne
1349 3698 1654 3770 voluptate,
1673 3718 1736 3758 ea
1783 3717 1905 3774 qum
1940 3699 2008 3754 ab
2071 3695 2220 3767 ipsis.
2243 3693 2594 3765 proveniunt.
2637 3691 2995 3761 excipientes,
3057 3690 3218 3746 mites
3258 3701 3401 3757 erga»
3433 3688 3581 3755 ipsa“

326 3782 606 3839 contrario
637 3785 797 3840 modo
833 3787 1160 3858 evadamus.

935 3881 1185 3938 ΚΕΦΑΛ.
1221 3858 1284 3937 [αι’

405 3966 691 4040 Ἑτοίμαζε
713 3972 939 4024 σεαυτὸν
973 3974 1146 4044 πρᾶον
1181 3971 1339 4040 εἶναι,
1396 3976 1488 4030 καὶ
1538 3977 1814 4048 μαχητήν,
1842 3977 1904 4031 tu

327 4059 430 4128 μὲν
459 4059 537 4130 τῷ
566 4061 842 4132 ὁμοφύλῳ,
874 4062 935 4117 τὸ
964 4063 1020 4117 δὲ
1040 4064 1118 4136 τῷ
1148 4066 1412 4141 πολεμίῳ·
1450 4069 1509 4121 ὲν
1531 4069 1708 4140 τούτῳ
1731 4070 1840 4141 γὰρ
1867 4071 1901 4140 ἡ

323 4154 524 4225 χρῆσις
548 4155 642 4210 τοῦ
665 4157 860 4228 θυμοῦ,
888 4160 946 4212 ὲν
968 4158 1044 4228 τῷ
1076 4161 1220 4214 κατά
1247 4162 1346 4233 τὴν
1378 4163 1580 4234 ἔχθραν
1611 4164 1908 4236 ἀντιμάχε-

327 4247 452 4300 σθαι
478 4245 554 4320 τῷ
576 4249 717 4315 ὄφει·
739 4251 796 4303 ὲν
821 4249 878 4303 δὲ
911 4251 1085 4322 τούτῳ
1113 4253 1206 4307 καὶ
1230 4253 1324 4308 τοῦ
1350 4255 1526 4326 πράου
1556 4257 1616 4309 τὸ
1639 4259 1899 4321 ἐπιεικὲς,

325 4341 386 4392 ἐν
439 4338 516 4408 τῷ
573 4340 713 4395 κατά
770 4341 871 4411 τὴν
924 4343 1145 4414 ἀγάπην
1208 4347 1584 4418 μακροθυμεῖν
1635 4348 1714 4419 τῷ
1752 4349 1905 4404 ἀδελ-

328 4428 433 4498 φῷ,
464 4431 557 4483 καὶ
590 4433 847 4502 πολεμεῖν
883 4436 1264 4510 τῷ,λογισμῷ.
1306 4441 1364 4494 '0
1411 4445 1585 4512 πρᾶος
1627 4438 1718 4496 οὖν
1767 4443 1906 4496 ἔστω

330 4523 578 4593 μαχητὴς
617 4525 1002 4600 διαιρουμένης
1034 4530 1138 4600 τῆς
1176 4533 1481 4604 πραότητος
1523 4536 1588 4588 ὲκ
1619 4535 1728 4589 τῶν
1755 4536 1904 4589 δολοο

2536 3874 2703 3946 [ιιθ
2721 3871 2953 3928 CAPUT
2984 3871 3052 3927 χ.

2074 3980 2211 4036 Para
2244 3976 2498 4046 teipsum,
2552 3982 2614 4030 ut
2653 3979 2970 4026 mansuetus
3018 3970 3126 4033 sis,
3173 3967 3448 4038 simulque
3479 3984 3581 4046 pu-

2002 4080 2196 4142 gnator
2220 4083 2234 4122 :
2260 4067 2386 4122 hinc
2419 4065 2637 4135 quidem
2673 4061 2992 4125 contribuli;
3017 4060 3144 4115 inde
3169 4073 3298 4113 vero
3319 4059 3499 4113 hosti:
3525 4061 3577 4113 in

2003 4160 2109 4214 hoc
2127 4157 2272 4212 enim
2300 4169 2432 4210 usus
2454 4151 2624 4208 animi
2644 4159 2724 4207 est
2749 4148 3029 4211 concitati,
3054 4147 3307 4201 nimirum
3331 4149 3390 4202 in
3408 4163 3578 4218 oppu-

2008 4249 2224 4322 gnando
2259 4254 2562 4316 serpentem
2593 4241 2900 4306 hostiliter;
2931 4241 2984 4294 in
3011 4255 3092 4294 eo-v
3116 4254 3244 4293 vero
3301 4239 3496 4294 lenitas
3527 4249 3582 4294 et

2009 4341 2276 4398 modestia
2311 4337 2580 4393 mansueti
2615 4334 2880 4394 consistit,
2904 4347 3097 4402 nempe
3117 4332 3171 4386 in
3201 4331 3583 4399 longanimiter

2011 4433 2296 4490 tolerando
2342 4409 2570 4484 fratrcni
2596 4427 2931 4491 charitative,
2971 4435 3025 4479 ct
3057 4426 3110 4480 in
3145 4424 3458 4480 debellanda
3491 4439 3582 4479 co-

2011 4523 2288 4595 gitatione.
2331 4520 2646 4574 Mansuetus
2673 4531 2807 4586 ergo
2837 4516 2916 4571 sis
2940 4523 3229 4587 pugnator,
3263 4522 3579 4568 mansuetu-

328 4618 541 4684 φρόνων
572 4619 865 4690 λογισμῶν,
903 4624 1156 4696 καθάπερ
1201 4600 1293 4681 διαὶ
1325 4600 1427 4698 τῆς
1472 4630 1652 4701 μάχης
1701 4631 1764 4683 ἐκ
1796 4630 1903 4684 τῶν

2010 4620 2138 4673 dine
2168 4616 2341 4671 divisa
2379 4630 2410 4670 e
2463 4611 2891 4684 cogitationibus
2914 4610 3102 4664 dolosa
3138 4616 3315 4662 mente
3367 4606 3582 4676 pervol-

325 4709 426 4778 τῆς
458 4711 674 4778 φύσεως
719 4713 1018 4782 ὁμογενῶν·
1059 4718 1134 4786 μὴ
1184 4719 1550 4795 ἀντιστρέψῃς
1604 4721 1697 4775 τοῦ
1734 4719 1907 4793 θυμοῦ

326 4800 426 4869 ⁸τὴν
449 4801 644 4871 χρῆσιν
667 4805 749 4866 είς
779 4803 878 4876 τὴν
904 4806 1058 4878 παρά
1087 4809 1268 4876 φύσιν,
1294 4810 1430 4864 ὥστε
1464 4812 1770 4883 θυμοῦσθαι
1809 4814 1910 4883 μὲν

326 4890 406 4962 τῷ
423 4892 658 4964 ἀδελφῷ,
686 4897 828 4951 κατά
851 4899 949 4971 τὴν
971 4901 1234 4971 ὁμοίωσιν
1262 4902 1357 4956 τοῦ
1381 4903 1578 4972 ὄφεως,
1604 4903 1910 4972 φιλιοῦσθαι

326 4981 384 5034 δὲ
415 4980 493 5050 τῷ
525 4982 646 5050 δφει
688 4986 832 5041 κατὰ
888 4990 988 5058 τὴν
1029 4992 1433 5058 συγκατάθεσιν
1473 4993 1580 5046 τῶν
1612 4992 1907 5064 λογισμῶν.

339 5073 397 5127 '0
430 5075 630 5143 πραῢς,
665 5078 766 5133 κᾶν
796 5081 980 5154 πάσχῃ
1013 5082 1079 5137 τὰ
1108 5084 1276 5151 δεινά,
1305 5085 1402 5154 τῆς
1431 5086 1652 5154 ἀγάπης
1688 5085 1788 5138 οὐκ
1821 5084 1910 5149 ἐξ-

328 5168 568 5221 ίσταταιο
597 5170 806 5224 εἵνεκεν
834 5173 944 5245 γάρ
969 5175 1172 5244 ταύτης
1202 5175 1548 5247 μακροθυμεῖ
1579 5176 1673 5229 καὶ
1705 5175 1907 5244 στέγει,

324 5258 686 5327 χρηστεύεται
711 5261 804 5316 καὶ
825 5264 1106 5334 ὑπομένει.
1146 5265 1208 5320 ΕΞ
1231 5266 1339 5336 γάρ
1366 5266 1462 5338 τῆς
1484 5265 1700 5334 ἀγάπης
1723 5265 1785 5319 τδ
1809 5284 1910 5336 μα-

326 5353 645 5424 κροθυμεῖν,
667 5358 727 5409 ού
751 5359 852 5427 τῆς
880 5361 1102 5431 ἀγάπης
1129 5361 1188 5414 τὸ
1211 5361 1572 5432 θυμομαχεῖν·
1612 5361 1780 5430 θυμὸς
1798 5361 1907 5430 γὰρ

324 5442 502 5512 λύπην
528 5444 807 5517 διεγείρει,
837 5450 932 5501 καὶ
966 5450 1152 5520 μῆνιν,
1182 5451 1370 5521 ἀγάπη
1400 5450 1457 5503 δὲ
1486 5450 1556 5504 τὰ
1581 5450 1705 5520 τρία
1739 5452 1908 5519 μειοῖ..

323 5534 387 5584 Εἰ
445 5535 650 5601 παγίαν
704 5536 848 5606 ἔχεις
902 5539 960 5591 ὲν
1005 5542 1072 5611 τῇ
1122 5541 1310 5611 ἀγάπῃ
1345 5539 1443 5610 τὴν
1485 5540 1660 5610 βάσιν,
1706 5537 1906 5609 μᾶλλον

326 5626 564 5694 πρόσεχε
603 5625 799 5697 ταύτῃ,
847 5631 990 5700 ἥπερ
1036 5631 1114 5701 τῷ
1161 5631 1407 5685 πταίοντί
1459 5647 1552 5683 σε·
1597 5630 1766 5701 φόϐῳ,
1813 5631 1907 5684 καὶ

324 5718 518 5787 ἀγάπῃ
545 5715 762 5770 δούλευε
796 5719 871 5784 τῶ
896 5719 1014 5773 Θεῶ
1040 5721 1100 5774 τὸ
1139 5721 1239 5786 μὲν
1270 5720 1344 5784 ὡς
1371 5720 1614 5787 Δεσπότη
1643 5722 1733 5774 καὶ
1780 5739 1904 5775 κοι-

2006 4710 2278 4773 ventibus,
2314 4716 2374 4762 ut
2402 4707 2562 4760 etiam
2597 4705 2769 4760 divisa
2799 4719 2976 4774 pugna
3005 4701 3073 4757 ah
3119 4701 3224 4763 his,
3254 4702 3344 4770 qui
3388 4707 3581 4753 natura

2007 4810 2137 4857 sunt
2195 4798 2605 4870 conjunctizne
2651 4797 2904 4851 obvertas
2957 4809 3114 4848 usum
3165 4791 3459 4846 iracundia:
3514 4793 3581 4844 ad

2005 4907 2134 4948 eum
2169 4894 2261 4963 qui
2297 4899 2490 4960 praeter
2519 4898 2770 4943 naturam
2818 4895 2940 4949 cst;
2975 4886 3048 4939 ita
3085 4895 3142 4938 ut
3173 4883 3426 4938 irascaris
3459 4883 3583 4953 qui-

2009 4991 2129 5045 dem
2189 4989 2451 5043 adversus
2504 4987 2726 5040 fratrem
2780 4981 3079 5039 secundum
3132 4978 3580 5034 assimilationem

2004 5081 2294 5152 serpentis,
2335 5079 2486 5134 ineas
2519 5093 2646 5132 vero
2677 5091 2796 5132 cum
2835 5081 3083 5142 serpente
3108 5071 3400 5125 amicitiam
3429 5071 3580 5141 juxta

2006 5173 2394 5245 cogitationum
2430 5184 2735 5226 assensum.
2781 5166 3117 5229 Mansuetus,
3152 5164 3251 5219 etsi
3283 5164 3467 5234 gravia
3497 5180 3582 5235 pa-

2009 5267 2191 5332 tiatur,
2237 5279 2268 5319 a
2315 5264 2578 5320 charitate
2623 5277 2730 5315 non
2780 5258 3014 5323 excedit,
3051 5257 3196 5312 illius
3235 5257 3378 5311 enim
3413 5271 3580 5312 causa

2007 5355 2607 5426 longanimitertolcrat,
2627 5363 2677 5408 et
2701 5350 2948 5414 sustinet,
2973 5358 3026 5404 et
3042 5349 3333 5404 clementer
3349 5365 3406 5406 se
3422 5350 3579 5420 gerit,

2010 5457 2064 5502 et
2093 5447 2322 5503 suifert:
2354 5445 2400 5502 si
2441 5459 2673 5514 namque
2718 5440 3002 5496 charitatis
3040 5449 3125 5495 est
3154 5439 3430 5511 proprium
3461 5456 3582 5495 esse

2011 5539 2399 5610 longanimem,
2427 5553 2533 5591 non
2567 5543 2650 5590 est
2676 5533 2957 5589 charitatis
2986 5534 3168 5587 animo
3194 5539 3467 5588 commoto
3493 5548 3583 5601 pu-

2012 5649 2223 5704 gnare.:
2257 5634 2334 5686 ira
2385 5633 2579 5700 quippe
2631 5629 2858 5685 suscitat
2915 5641 3203 5683 maerorem
3254 5636 3308 5681 et
3357 5626 3578 5690 odium;

2014 5722 2254 5774 charitas
2296 5729 2470 5772 autem
2510 5719 2623 5772 lucc
2673 5717 2782 5772 tria-
2828 5718 3042 5773 minuit.
3078 5717 3132 5772 Si
3167 5718 3381 5771 firmum
3416 5715 3583 5772 habes
