4046 6152
369 333 506 400 1109
1472 333 1914 400 TRACTA’I‘US
1951 333 2052 392 AD
2090 328 2516 390 EULOGIUM.
3493 333 3630 394 1110

365 444 470 512 τὴν
520 441 836 514 συνείδησιν
883 459 980 496 σου
1033 441 1260 512 κρίνειν,
1294 442 1370 508 ὡς
1398 446 1464 515 τῇ
1507 444 1819 497 ὲναντιώσει
1851 442 1947 496 τοῦ

2072 431 2321 497 ιετνυινίε
2372 441 2761 512 cogitationes;
2803 457 2976 512 neque
3025 457 3152 496 vero
3203 442 3256 497 id
3284 444 3497 509 solum,
3535 449 3629 501 sed

364 533 540 588 κακοῦ
575 535 906 605 ⁴ἡττηθέντος
935 533 1014 604 τῷ
1044 531 1212 604 καλῷ·
1249 533 1364 588 ἔστι
1411 535 1467 588 δὲ
1513 537 1676 589 πάλιν
1718 536 1809 588 ὅτε
1844 535 1945 606 τὴν

2072 544 2106 587 ιι
2153 533 2382 602 litigent,
2427 534 2492 588 ad
2531 532 2778 588 ell'ectum
2822 544 2970 590 tuam
3017 533 3300 604 judicaudi
3340 538 3629 592 conscien-

363 627 575 680 οἰκείαν
603 626 911 698 σκευωρίαν
943 626 1348 696 ὑπεμφαίνουσί
1384 645 1465 680 σοι
1489 628 1577 681 ἵνα
1611 635 1766 699 παρά
1786 644 1946 681 σεαυ-

2072 627 2200 692 iam,
2242 626 2396 695 quasi
2423 624 2564 677 malo
2590 623 2802 678 devicto
2826 641 2892 679 ex
2931 626 3317 680 contrarietate
3352 626 3493 682 facta
3532 630 3629 683 bo-
3682 651 3687 658 ·

365 719 444 788 τῷ
474 718 634 790 δόξῃς
663 717 925 787 φρόνιμος
957 713 1120 770 εἶναι.
1160 718 1329 770 Ὅταν
1377 718 1630 788 λογισμοὶ
1679 719 1948 788 μεταστή-

2072 732 2119 772 l0
2166 731 2511 786 :rursusque
2539 715 2821 785 contingit.
2861 717 3005 785 quod
3052 731 3448 787 nonnunquam
3501 735 3624 788 pro-

365 807 502 860 σωσί
565 823 624 858 σε
689 809 768 868 εἰς
815 805 874 858 ὅν
935 805 1204 860 ὑπέϐαλον
1260 807 1392 877 ὲρᾷν
1429 807 1577 878 ἡμᾶς
1611 807 1796 871 τόπον,
1824 806 1947 858 τότε

366 897 796 970 μεταμελεῖσθαι
839 896 1006 950 πάλιν
1067 898 1314 952 ποιοῦσιν
1368 900 1454 952 τνα
1497 898 1766 961 άστάτους
1801 899 1949 968 ἡμᾶς

2072 896 2346 965 rationem,
2403 907 2462 954 ut
2485 900 2626 969 apud
2673 901 2902 969 teipsum
2933 899 3167 956 videaris
3200 903 3437 971 prudens
3486 918 3628 958 esse.

365 993 635 1061 ποιήσωσι
674 989 1036 1059 πανταχόθεν,
1078 991 1174 1043 καὶ
1203 992 1506 1062 ἀκάρπους.
1544 991 1634 1044 Διὸ
1667 990 1743 1060 μὴ
1777 993 1948 1045 πετά-

2072 989 2284 1056 Quando
2318 998 2372 1045 te
2423 991 2778 1060 cegitationes
2814 988 3150 1045 transferunt
3187 1007 3310 1047 eum
3345 994 3396 1048 in
3426 995 3629 1058 locum,

367 1083 548 1150 ζωμεν
581 1083 810 1144 ἑαυτοὺς
833 1081 941 1135 ἀπὸ
964 1081 1147 1136 τόπων
1170 1085 1250 1147 είς
1272 1083 1493 1146 τόπους,
1523 1082 1658 1136 ἀλλά
1687 1082 1953 1152 καμπτώ-

2072 1093 2217 1147 ιιιειιι
2251 1093 2350 1132 nos
2377 1093 2563 1132 amare
2590 1095 2929 1150 suggessere,
2978 1091 3109 1134 tunc
3139 1080 3318 1136 denuo
3371 1087 3633 1151 pmnitere

368 1176 510 1243 μεθα
562 1173 764 1244 μᾶλλον
796 1173 877 1236 είς
907 1174 1163 1244 ἡσυχίαν,
1203 1175 1295 1228 καὶ
1345 1174 1568 1237 κόπους,
1620 1174 1702 1226 ὅτι
1747 1177 1823 1227 ἐκ
1851 1174 1951 1244 τῆς

2072 1168 2278 1234 aciunt,
2327 1179 2384 1222 ut
2442 1168 2686 1238 undique
2719 1185 2820 1225 nos
2869 1171 3148 1224 instabiles
3190 1171 3414 1227 reddant
3452 1192 3515 1228 ac
3552 1178 3638 1231 in-

368 1262 644 1330 ἡμετέρας
674 1259 949 1330 ῥᾳθυμίας
975 1259 1348 1330 λαμϐάνουσιν
1375 1261 1497 1315 καθ’
1525 1261 1682 1332 ήμῶν
1718 1264 1767 1314 oi
1799 1261 1950 1329 λογι-

2072 1258 2392 1314 'ructuosos.
2444 1257 2569 1314 Ideo
2605 1275 2710 1314 non
2770 1260 3128 1315 extendamus
3173 1265 3537 1334 nosmetipsos
3568 1268 3634 1320 de

371 1356 500 1424 σμοὶ
534 1355 630 1426 τὴν
660 1355 907 1426 δύναμιν.
946 1357 1008 1408 '0
1031 1356 1088 1409 δὲ
1111 1355 1266 1420 εἰδὼς
1295 1355 1556 1426 λογισμοῦ
1587 1359 1780 1425 πεῖραν
1816 1357 1878 1408 ὲν
1907 1349 1952 1422 ᾧ

2073 1349 2188 1404 ocis
2229 1350 2283 1404 in
2334 1350 2475 1416 loca,
2527 1352 2620 1407 sed
2669 1353 2852 1422 potius
2920 1353 2985 1406 ad
3034 1355 3269 1422 quietem
3309 1347 3632 1412 taciturnam

2057 810 2229 879 priam
2262 807 2360 862 tibi
2395 816 2540 861 tuam
2578 807 2830 862 solertem
2869 809 2938 861 ob
2969 809 3158 863 oculos
3193 823 3398 880 ponant
3437 811 3632 868 obser-

369 1447 520 1516 τόπῳ
548 1446 774 1517 ἐκλήθη.
809 1449 866 1499 ἐν
893 1446 1070 1516 τούτῳ
1101 1446 1328 1516 μενέτω
1354 1447 1504 1517 παρὰ
1537 1443 1678 1515 Θεῷ,
1715 1448 1744 1500 ό
1782 1445 1838 1498 δὲ
1875 1445 1951 1516 μὴ

2072 1439 2348 1508 vergamus
2400 1449 2453 1495 et
2481 1442 2546 1496 ad
2596 1442 2838 1511 labores,
2882 1443 3010 1514 quia
3039 1460 3068 1500 e
3099 1456 3288 1501 nostra
3316 1446 3435 1516 ipsa
3467 1449 3632 1518 pigri-

368 1537 551 1603 εἰδὼς,
584 1539 644 1591 ὲν
689 1538 858 1607 ἀγῶνι
892 1537 972 1591 ἔτι
999 1537 1226 1608 βαδίζει.
1266 1539 1330 1590 Ἦ
1364 1537 1473 1590 τῶν
1507 1536 1686 1590 τόπων
1718 1536 1951 1608 μετάθε-

2072 1532 2128 1585 .ia
2157 1531 2420 1588 adversus
2444 1531 2726 1605 4221108
2758 1535 2924 1590 robur
2947 1539 3634 1610 assumuntcogitationes.

374 1644 480 1694 σις,
534 1628 650 1697 ήτω
695 1629 775 1690 εἰς
821 1627 888 1680 τὰ
943 1609 1455 1696 πνευματικώτερα,
1508 1625 1604 1679 καὶ
1654 1624 1729 1695 μὴ
1764 1625 1845 1687 εἰς
1884 1623 1956 1677 τά

2072 1623 2124 1677 It
2159 1622 2271 1687 ille,
2309 1623 2405 1694 qui
2456 1625 2592 1681 bene
2623 1627 2772 1682 novit
2815 1630 3163 1699 cogitationis
3206 1609 3593 1700 experientiam
3619 1675 3636 1700 ,

372 1718 923 1790 άναπαυστικώτερω
965 1718 1211 1789 ὑπομονὴ
1254 1716 1382 1788 γὰρ,
1431 1717 1529 1771 καὶ
1577 1715 1952 1788 μακροθυμία,

2072 1730 2113 1768 κη
2136 1731 2245 1785 quo
2273 1726 2498 1773 vocatus
2525 1718 2628 1773 fuit
2651 1721 2795 1786 loco,
2826 1719 2880 1774 in
2913 1721 3031 1791 ipso
3051 1723 3194 1791 apud
3230 1723 3396 1778 Deum
3420 1741 3628 1794 perma-

374 1783 470 1864 καὶ
495 1809 703 1880 ἀγάπη,
746 1812 804 1865 ὲν
831 1777 960 1875 ’ταῖς
987 1777 1234 1880 Oud/acu)
1264 1777 1598 1881 εὐχαριστείζ
1641 1777 1845 1880 ἀκηδία
1875 1777 1953 1874 δὲ,

2072 1818 2214 1876 meat;
2245 1811 2338 1881 qui
2382 1827 2513 1866 vero
2547 1813 2750 1877 nescit,
2783 1813 2958 1869 adhuc
3003 1815 3057 1868 in
3096 1816 3394 1872 certamine
3425 1833 3648 1888 progre-

374 1901 469 1955 καὶ
499 1901 754 1972 ἐλαφρία,
781 1903 875 1956 καὶ
901 1903 1178 1971 φιλαυτία,
1209 1905 1266 1956 ὲν
1298 1905 1420 1964 ταῖς
1460 1901 1802 1955 άναπαύσεσι
1835 1900 1959 1970 χαί-

2072 1901 2226 1955 litur.
2257 1901 2528 1956 Locorum
2561 1903 2846 1957 translatio
2872 1904 3026 1958 sitad
3058 1920 3143 1973 ea,
3177 1922 3298 1976 qure
3345 1907 3516 1978 magis
3550 1908 3637 1962 ha-

373 2008 481 2061 ρει.
522 1993 816 2063 Ἀνήσυχος
858 1993 949 2047 διὰ
996 1992 1108 2046 τῶν
1167 1993 1298 2066 περὶ
1331 1993 1429 2057 τὰς
1455 1992 1605 2062 ὂψεις
1649 1992 1960 2062 αἰσθήσεων

2072 1993 2261 2046 bentur
2289 1993 2616 2062 splritualia,
2653 2005 2705 2048 et
2745 2011 2852 2048 non
2895 1996 2957 2049 ad
2988 2012 3072 2064 ea,
3122 1981 3244 2068 qua:
3289 1999 3356 2054 ad
3403 1983 3641 2067 requimu

373 2078 474 2148 τὴν
495 2079 672 2151 ψυχὴν
702 2081 1042 2152 πολεμεῖται,
1070 2085 1100 2136 ό
1126 2083 1183 2136 δὲ
1213 2081 1530 2153 φιλήσυχος,
1559 2083 1657 2144 τὰς
1683 2083 1967 2152 αἰσθήσεις

2072 2097 2192 2138 sunt
2236 2086 2448 2155 aptiora
2483 2104 2496 2140 :
2526 2087 2786 2157 patientia
2821 2104 3074 2158 namque,
3107 2099 3162 2145 et
3213 2091 3598 2162 longanimitas
3619 2131 3638 2158 ,

376 2171 686 2242 φυλάσσων,
711 2175 838 2238 τοὺς
876 2176 1172 2246 λογισμοὺς
1203 2176 1446 2247 πολεμεῖ.
1894 2188 1898 2190 ’

2072 2186 2122 2232 et
2153 2179 2394 2236 charitas
2434 2183 2486 2234 in
2523 2181 2782 2238 aerumnis
2813 2183 3016 2252 gratias
3056 2185 3199 2255 agit;
3238 2183 3453 2254 pigritia
3491 2201 3640 2240 vero.

373 2270 428 2317 et
465 2262 674 2330 levitas,
710 2271 764 2318 et
806 2265 1011 2319 nimius
1052 2266 1139 2320 sui
1203 2265 1376 2335 ipsius
1436 2281 1590 2320 amor
1653 2265 1852 2334 gaudet
1911 2264 1964 2316 in
2005 2268 2453 2324 recreationibus.
2500 2269 2600 2336 Qui
2652 2287 2758 2324 non
2809 2271 3050 2327 modeste
3101 2273 3358 2343 quiescit,
3391 2289 3487 2345 per
3520 2289 3647 2329 sen—

375 2369 539 2409 suum
565 2353 802 2410 visiones
828 2366 1173 2426 Oppugnatur
1226 2357 1281 2412 in
1312 2357 1495 2412 anima
1519 2374 1534 2425 ;
1588 2367 1644 2412 at
1669 2357 1760 2426 qui
1799 2353 2103 2411 modestam
2158 2360 2376 2416 adamat
2431 2363 2692 2432 quietem,
2717 2378 2914 2418 sensus
2943 2362 3276 2428 custodiens,
3301 2365 3416 2436 ipse
3443 2375 3648 2435 pugnat

376 2447 642 2503 adversus
676 2449 1050 2519 cogitationes.

974 2560 1226 2615 ΚΕΦΑΔ.
1271 2559 1344 2613 Il"

2662 2558 2894 2616 CAPUT
2923 2559 3061 2615 XIII.

451 2671 544 2743 Τῷ
567 2667 659 2727 οὖν
687 2671 1014 2745 διατάγματι
1045 2672 1139 2727 τοῦ
1179 2674 1345 2745 νόμου
1383 2673 1492 2728 τῶν
1520 2674 1824 2745 αἰσθήσεων
1864 2676 1962 2747 τὴν

2131 2673 2321 2744 Igitur,
2342 2673 2494 2743 juxta
2534 2674 2667 2745 legis
2709 2675 3072 2738 sanctionem,
3121 2672 3231 2726 dux
3265 2670 3345 2725 tui
3376 2685 3639 2725 sensuum

377 2764 530 2830 τάξιν
571 2766 601 2818 ό
643 2764 866 2837 ἡγεμών
895 2783 988 2819 σου
1017 2767 1390 2836 συναγαγέτω,
1421 2767 1510 2819 ἵνα
1551 2766 1626 2838 μὴ
1667 2767 1958 2837 βλέμματι,

2072 2769 2274 2840 :olligat
2303 2767 2573 2828 ordinem.
2599 2776 2658 2823 ut
2689 2783 2786 2821 nec
2807 2768 3021 2832 obtutu,
3049 2781 3148 2821 nec
3168 2766 3382 2830 auditu,
3407 2765 3646 2818 animam

379 2858 474 2910 καὶ
503 2858 663 2927 ἀκοῇ,
701 2858 970 2926 μάστιγας
997 2858 1182 2912 κακῶν
1218 2861 1283 2930 τῇ
1310 2858 1454 2930 ψυχῇ
1487 2875 1580 2911 σου
1610 2860 1871 2931 ταράξῃς·
1902 2861 1959 2912 ὲν

2072 2875 2205 2914 .uam
2234 2857 2485 2912 vitiorum
2505 2857 2764 2913 obturbes
2791 2855 3017 2928 ﬂagellis
3049 2877 3062 2912 :
3095 2871 3221 2911 cum
3254 2855 3308 2909 in
3335 2854 3548 2909 duabus
3571 2867 3654 2908 es-

380 2948 530 3001 6uo‘tv
558 2949 767 3012 οὐσίαις
802 2949 1084 3020 ὑπάρχων,
1116 2951 1320 3023 ἑκάστῃ
1353 2951 1624 3022 διανέμειν
1677 2953 1774 3024 τὴν
1802 2952 1953 3018 τάξιν

2072 2950 2247 3006 tentiis
2262 2951 2554 3015 subsistas,
2575 2949 2808 3004 observa
2865 2959 2924 3003 ut
2956 2948 3251 3018 unicuique
3285 2961 3446 3002 suum
3473 2945 3659 3000 distri-

384 3040 677 3110 φυλάττου,
717 3041 802 3093 ἵνα
834 3043 867 3113 ἠ
908 3041 1009 3112 μὲν
1031 3043 1313 3114 ἀριστεύῃ,
1348 3045 1381 3112 ή
1413 3043 1468 3096 δὲ
1501 3041 1575 3115 μὴ
1607 3043 1827 3115 άντερῇ,
1863 3044 1958 3097 καὶ

2072 3055 2196 3106 buas
2223 3042 2492 3107 ordinem,
2522 3043 2597 3096 ita
2627 3051 2688 3096 ut
2705 3057 2812 3097 una
2831 3042 3048 3110 quidem
3073 3039 3374 3095 fortissime
3401 3037 3646 3100 dimicet,

377 3133 456 3202 τῷ
485 3133 735 3204 τυράννῳ
781 3135 848 3187 τά
897 3135 1244 3210 ἐπιτάγματα
1280 3135 1355 3206 μὴ
1377 3135 1540 3198 δίδου,
1574 3136 1656 3189 δτι
1709 3135 1786 3207 τῷ
1824 3135 1959 3207 πυρὶ

2072 3135 2227 3188 litera
2275 3148 2402 3190 vero
2439 3150 2547 3189 non
2581 3133 2940 3198 contradicat,
2981 3141 3037 3186 et
3076 3147 3145 3187 ne
3192 3130 3381 3201 iniquo
3415 3130 3647 3201 principi

377 3223 564 3276 τοῦτου
608 3223 872 3289 δοθέντος,
906 3225 1000 3278 καὶ
1039 3225 1131 3278 τὸν
1172 3224 1396 3295 ἔσχατον
1433 3225 1702 3298 κοδράτην
1743 3225 1958 3279 ἀποδώ-

2072 3225 2316 3281 mandata
2346 3223 2638 3288 concedas,
2679 3225 2830 3292 quia,
2872 3237 2938 3278 eo
2988 3223 3101 3294 igni
3135 3223 3358 3290 tradito,
3393 3224 3647 3278 ultimum

383 3331 512 3377 σεις.
545 3315 718 3368 Ὅταν
745 3315 812 3368 τά
844 3315 993 3368 αίτια
1034 3315 1142 3370 τῶν
1190 3316 1378 3370 παθῶν
1415 3316 1794 3387 άντιπολεμῶν
1837 3333 1960 3387 τρο·

2072 3314 2226 3371 etiam
2259 3305 2450 3369 reddes
2478 3313 2859 3383 quadrantem.
2888 3312 3120 3379 Quando
3151 3313 3415 3368 adversus
3442 3313 3653 3383 passio-

383 3405 602 3468 ποῦσαι,
662 3407 733 3477 μή
781 3423 838 3458 σε
879 3406 1135 3477 λογισμὸς
1174 3407 1522 3476 μεγαλυνέτω
1571 3407 1830 3480 πονηρὸς,
1885 3408 1960 3477 μή

2072 3422 2196 3461 num
2228 3420 2423 3461 causas
2448 3404 2790 3474 belligerans,
2821 3419 2918 3459 eas
2948 3405 3000 3459 in
3031 3403 3212 3475 fugam
3239 3399 3512 3460 vertas’ac
3533 3404 3655 3458 vin-

383 3513 500 3558 πως
533 3495 803 3565 πνεύματι
851 3497 1058 3568 πλάνης
1103 3498 1421 3563 πιστεύσας,
1482 3499 1717 3554 καὶτῶν
1750 3499 1962 3569 φρενῶν

2072 3514 2181 3566 cas,
2207 3513 2272 3551 ne
2294 3509 2345 3552 te
2365 3497 2600 3566 maligna
2616 3495 2682 3551 ad
2702 3496 3136 3566 magnitudinem
3157 3497 3347 3552 evehat
3368 3496 3650 3566 cegizatio,

387 3587 688 3655 ἑκπλαγῇς·
722 3587 966 3658 ἐπιζήτει
989 3589 1043 3642 δὲ
1064 3588 1398 3657 λιογιστεὺειν
1430 3589 1527 3654 τὰς
1557 3589 1643 3659 ἐφ’
1672 3583 1754 3653 οἷς
1782 3591 1966 3650 πονεῖς

389 3677 715 3746 ὑπερϐολὰς,
749 3679 895 3742 ὅπως
943 3679 1010 3734 τά
1061 3681 1189 3752 τέλη
1241 3681 1350 3735 τῶν
1401 3681 1839 3752 κατορθωμάτων
1879 3682 1968 3734 διὰ

383 3769 492 3822 τῶν
522 3770 667 3824 ἔνδον
699 3771 773 3843 μὴ
802 3772 1033 3847 κλαπῇς.
1080 3775 1235 3839 Τινὲς
1269 3775 1364 3828 ἐπὶ
1403 3774 1824 3846 κατορθώμασιν
1875 3776 1968 3828 εὑ»-

385 3862 772 3930 φημισθέντες,
803 3863 880 3933 τῷ
909 3864 1088 3935 χρόνῳ
1118 3866 1245 3929 τοὺς
1275 3865 1471 3930 πόνους
1512 3865 1837 3936 ὴκηδίασαν,
1874 3867 1970 3919 καὶ

381 3955 414 4020 ἠ
449 3953 545 4021 μὲν
579 3954 827 4026 εὐφημία
858 3954 1168 4021 διώδευσεν,
1199 3958 1246 4009 οἱ
1276 3957 1333 4010 δὲ
1367 3958 1518 4010 πόνοι
1546 3955 1836 4027 ἐλύθησαν.
1878 3957 1971 4010 Τι-

384 4043 474 4106 νὲς
503 4043 570 4096 δι’
590 4043 752 4112 ὄγκον
784 4046 966 4100 καλῶν
988 4045 1324 4118 σκληρουχού
1333 4064 1507 4117 μενοι,
1530 4048 1754 4117 μεγάλοι
1785 4049 1969 4119 ἐνομί-

385 4133 594 4204 σθησαν
624 4135 715 4188 καὶ
745 4137 844 4205 τῆς
871 4138 970 4206 μὲν
1007 4138 1187 4210 ψυχῆς
1219 4139 1281 4193 τὸ
1309 4139 1546 4202 συνειδὸς
1588 4137 1841 4210 ήλκοῦτο,
1872 4139 1970 4209 τῆς

382 4225 439 4278 δὲ
465 4226 740 4296 εὐφημίας
771 4230 803 4297 ἡ
837 4229 991 4293 νόσος
1023 4229 1359 4301 ὲνευρύνετο,
1396 4233 1445 4284 oi
1483 4231 1540 4284 δὲ
1584 4229 1833 4300 λογισμοὶ
1862 4231 1971 4284 τῶν

381 4321 716 4390 τραυμάτων
745 4323 844 4392 τὴν
870 4321 1050 4393 ψυχὴν
1082 4322 1503 4386 άποπλανῶντες
1542 4325 1602 4375 ὲν
1633 4324 1755 4382 ταῖς
1801 4323 1972 4392 εὐφη-

385 4411 537 4481 μίαις
587 4414 713 4477 τοὺς
761 4415 957 4478 πόνους
1007 4416 1302 4487 ἀπέφερον.
1340 4414 1612 4486 Ὀπηνίκα
1659 4418 1778 4478 ταῖς
1819 4414 1973 4486 παρὰ

382 4503 688 4576 ἀνθρώπων
737 4510 923 4576 τιμαῖς
978 4508 1028 4560 οἱ
1078 4507 1439 4562 πονικώτατόι
1482 4507 1868 4579 πλουτήσουσι,
1912 4508 1972 4562 τὸ

377 4599 685 4669 τηνικαῦτα
717 4601 809 4654 καὶ
847 4601 945 4664 τὰς
973 4600 1202 4671 ἀτιμίας
1230 4604 1279 4655 οἱ
1309 4602 1563 4669 δαίμονες
1605 4602 1971 4664 σκευάσαντες

377 4691 697 4759 ἐπάγουσιν,
730 4692 838 4753 ἵνα,
876 4692 984 4746 ἀπὸ
1020 4693 1129 4746 τῶν
1177 4693 1356 4764 τιμῶν
1391 4695 1569 4759 ὄντες,
1594 4694 1698 4758 τὰς
1745 4693 1970 4764 ἀτιμίας

383 4782 457 4851 μὴ
508 4783 873 4852 φέρωσι,·κα“ι
915 4786 1016 4847 τὰς
1059 4784 1243 4854 ὑδρεις
1280 4785 1355 4854 μὴ
1393 4785 1753 4855 βαστάσωσιν.
1800 4786 1968 4839 Ὅταν

376 4872 463 4938 ἐφ’
487 4874 783 4944 ἁμαρτίαις
815 4875 1059 4944 μεγάλην
1085 4877 1370 4945 μετάνοιαν
1389 4875 1568 4945 διδῷς,
1595 4877 1716 4928 τότε
1736 4877 1789 4927 oi
1821 4877 1970 4944 λογι-

377 4966 508 5033 σμοὶ
535 4967 662 5029 τοὺς
681 4967 902 5035 ἀγῶνας
923 4966 1032 5020 τῶν
1061 4968 1239 5022 πόνων
1273 4968 1665 5037 μεγαλύνοντες
1685 4969 1962 5039 ἁμαρτίας

369 5054 790 5133 ἱσμικρώνουσιν,
819 5056 916 5109 καὶ
943 5055 1202 5120 πολλάκις
1224 5059 1290 5129 τῇ
1322 5056 1461 5128 λήθῃ
1505 5057 1893 5120 καλύπτουσιν,
1926 5055 1960 5127 ἢ

375 5145 472 5196 καὶ
515 5146 971 5217 συγκεχωρῆσθαι
1009 5148 1214 5211 ταύτας
1256 5149 1634 5220 σημαίνουσιν,
1679 5149 1764 5201 ἵνα
1798 5149 1964 5202 ὑπεν-

374 5236 502 5296 δοὺς
529 5239 642 5299 τοῖς
668 5238 874 5303 πόνοις,
907 5239 982 5309 μὴ
1014 5239 1310 5312 ἀναλογίζῃ
1333 5241 1440 5293 τῶν
1462 5241 1818 5310 πταισμάτων
1842 5241 1968 5304 τοὺς

375 5325 612 5395 θρήνους
636 5328 762 5392 τοὺς
790 5329 910 5382 κατ’
935 5329 1116 5383 αὐτῶν
1139 5330 1414 5402 ὼρὺεσθαι
1444 5331 1725 5394 πλειόνως.

2066 3606 2135 3644 ne
2161 3589 2320 3655 forte,
2346 3588 2560 3658 spiritui
2591 3587 2980 3643 errorislidem
3003 3589 3289 3654 adhibens,
3315 3597 3494 3643 mente
3518 3603 3647 3656 quo-

2069 3697 2174 3750 que
2209 3681 2569 3748 obstupescas
2593 3699 2608 3746 ;
2635 3694 2837 3734 cenare
2863 3690 3069 3742 autem,
3090 3695 3186 3734 eas
3209 3695 3414 3744 rerum,
3446 3681 3497 3734 in
3529 3681 3652 3749 qui-

2071 3771 2173 3826 bus
2208 3770 2444 3834 laboras,
2489 3770 2901 3838 exsuperantias
2931 3783 3270 3840 computare,
3315 3787 3402 3835 ue,
3449 3786 3542 3840 per
3570 3771 3654 3824 in-

2074 3863 2297 3925 teriora,
2329 3861 2634 3917 facinorum
2672 3872 2820 3916 recte
2843 3871 3118 3931 gestOrum
3153 3862 3260 3916 fine
3285 3861 3650 3916 defrauderis.

2072 3953 2302 4021 Quidam
2335 3955 2407 4009 ob
2437 3969 2527 4009 res
2550 3955 2689 4009 bene
2717 3963 2960 4023 patratas
2983 3954 3238 4008 laudrbus
3267 3955 3651 4015 concelebrati,

2074 4048 2400 4117 procedente
2423 4055 2684 4115 tempore,
2716 4045 2934 4100 labores
2953 4046 3337 4116 neglexerunt;
3361 4052 3414 4099 et
3438 4044 3653 4113 applau-

2073 4153 2167 4192 sus
2203 4137 2421 4207 quidem
2453 4136 2670 4191 laudun.
2708 4150 2831 4192 cum
2863 4136 3045 4192 sonitu
3088 4135 3242 4199 abiit,
3280 4135 3494 4192 labores
3525 4152 3652 4190 vero

2075 4227 2325 4283 dissoluti
2368 4227 2667 4297 perierunt.
2705 4227 2890 4296 aliqui
2945 4228 3016 4282 ob
3070 4237 3342 4282 tumorem
3391 4227 3650 4281 vitiorum

2077 4314 2351 4378 obdurati,
2381 4313 2542 4386 423
2574 4316 2755 4385 magni
2789 4315 3006 4370 fuerunt
3025 4305 3428 4382 existimati,et
3458 4318 3654 4372 animte

2074 4406 2300 4476 quidem
2335 4407 2650 4462 exulcerata
2701 4415 2821 4462 erat
2851 4408 3208 4474 conscientia,
3255 4407 3481 4463 morbus
3524 4422 3653 4462 vero

2074 4500 2272 4555 faustae
2317 4498 2732 4554 acclamationis
2765 4498 3147 4564 .dilatabatur;
3188 4498 3322 4568 quin
3367 4507 3418 4553 et
3451 4497 3656 4568 cogita.-

2075 4593 2251 4646 tiones
2291 4591 2534 4645 animam
2579 4606 2611 4645 e
2655 4591 2977 4646 vulneribus
3018 4591 3273 4647 aberrare
3308 4591 3566 4660 facientes
3597 4591 3651 4644 in

2075 4683 2275 4739 faustis
2295 4683 2574 4738 ominibus
2597 4683 2945 4754 diripuerunt
2964 4685 3196 4739 labores.
3231 4684 3352 4749 Ubi,
3383 4686 3476 4755 qui
3502 4685 3652 4738 labo-

2073 4775 2364 4831 riosissimi
2387 4785 2534 4838 sunt,
2563 4775 2862 4832 honoribus
2884 4776 2952 4830 ab
2983 4776 3298 4830 hominibus
3327 4776 3654 4846 proveniet:-

2071 4868 2217 4922 tibus
2241 4866 2396 4922 dilati
2427 4865 2648 4929 fuerint,
2677 4874 2807 4921 tunc
2835 4875 2888 4920 et
2915 4867 3190 4921 daemones
3220 4876 3543 4934 apparentes
3571 4865 3653 4919 in-

2072 4958 2256 5014 ferunt
2271 4958 2586 5027 opprobria,
2603 4967 2682 5024 ut,
2701 4958 3002 5012 honoribus
3014 4957 3234 5027 deiecti,
3258 4957 3522 5011 dedecora
3543 4967 3648 5009 non

2070 5049 2354 5112 suﬂerant,
2382 5057 2437 5104 et
2464 5049 2822 5104 contumelias
2854 5063 2963 5101 non
2995 5053 3371 5116 comportent.
3417 5044 3651 5111 Quando

2073 5150 2290 5212 propter
2331 5150 2558 5210 peccata
2602 5155 2857 5209 magnam
2907 5141 3024 5210 agis
3070 5139 3484 5209 pmnltentiam,
3522 5145 3651 5192 tunc

2076 5234 2436 5304 cogitationes
2487 5232 2669 5300 magni
2713 5231 2972 5286 facientes
3023 5232 3326 5286 certamina
3367 5231 3647 5295 laborum,

2073 5335 2294 5395 peccata
2321 5334 2650 5390 extenuant,
2699 5340 2764 5379 ac
2798 5327 2997 5392 saepius
3040 5323 3314 5379 oblivione
3366 5324 3648 5397 obtegunt,

370 5430 470 5474 aut
523 5421 686 5476 etiam
732 5425 835 5477 ista
894 5425 1066 5481 fuisse
1096 5427 1322 5483 dimissa
1375 5429 1705 5499 significant,
1773 5438 1850 5491 ut,
1905 5426 2165 5498 paulatim
2217 5423 2415 5478 cedens
2447 5421 2725 5476 laboribus
2767 5437 2872 5476 non
2914 5423 3184 5488 aestimes,
3223 5423 3368 5492 quod
3415 5424 3646 5477 lamenta

370 5509 858 5582 deManleplius
883 5515 937 5568 in
965 5516 1202 5584 eiulatus
1225 5533 1511 5588 erumpere
1559 5517 1821 5573 adversus
1841 5519 1956 5590 ipsa
1997 5516 2216 5572 delicta.
3643 5515 3647 5518 ’

977 5630 1227 5684 ΚΕΦΑΛ.
1260 5628 1358 5684 IA’.

453 5729 516 5790 Ὀ
545 5734 606 5789 δε
648 5734 719 5789 τὰ
760 5738 1138 5806 προσπεσόντα
1184 5739 1328 5809 πάθη
1370 5741 1658 5794 πυκτεύων
1705 5738 1954 5806 ἐκκόψαι,

2656 5622 2886 5678 CAPUT
2925 5623 3061 5679 XIV.

2138 5738 2239 5804 Qui
2272 5754 2422 5803 vero,
2450 5747 2506 5792 ut
2535 5739 2819 5808 passiones
2852 5737 3195 5794 incursantes
3229 5737 3533 5799 exscindat.
3571 5753 3646 5790 ve-
