4046 6152
359 255 496 324 1113

1461 265 1905 334 TRACTATUS
1948 277 2043 338 AD
2081 279 2509 342 EULOGlUM.

3480 280 3613 348 1114

351 371 420 441 τῇ
444 368 550 422 τῶν
576 369 897 439 κρειττόνων
927 370 1129 442 θεωρίᾳ
1153 371 1226 444 ,ἡ
1256 369 1314 424 δὲ
1345 376 1620 444 πρακτικὴ
1653 379 1838 446 νεκροῖ
1873 377 1935 430 τὰ

2044 380 2297 451 irrigetur
2323 385 2388 438 ad
2422 385 2707 455 virtutem;
2740 387 3110 458 cognoscitiva
3137 404 3332 460 nempe
3361 390 3463 446 alis
3485 407 3615 462 pro-

356 462 494 532 μὲλη
522 460 591 514 τὰ
612 461 708 515 ἐπὶ
733 463 831 534 τῆς
861 462 966 534 γῆς
984 504 999 528 ,
1023 463 1299 535 πορνείαν,
1332 463 1675 538 ἀκαθαρσίαν
1744 467 1935 533 πάθος,

353 555 574 618 κακίαν,
598 553 892 625 ἐπιθυμίαν
918 556 1112 627 κακήν·
1143 556 1193 608 oi
1230 555 1324 610 οὖν
1346 556 1434 610 διὰ
1459 557 1570 611 τῶν
1609 559 1937 631 ἀμφοτέρων

353 645 558 699 τούτων
588 647 657 716 τῇ
690 647 957 720 πανοπλίᾳ
971 648 1500 720 περιπεφραγμένοι,
1535 650 1773 715 εὐκόλως
1801 671 1935 707 κατ-

353 737 706 807 επισήσονται
761 736 947 798 λοιπδν
989 740 1086 808 τῆς
1129 738 1238 792 τῶν
1303 741 1576 811 δαιμόνων
1636 744 1930 813 πονηρίας.

354 829 418 880 Oi
452 827 705 898 δαίμονες
739 828 827 881 διὰ
871 828 980 881 τῶν
1011 830 1288 902 λογισμῶν
1323 835 1392 904 τῇ
1433 831 1576 904 ψυχῇ
1615 829 1933 904 πολεμοῦσι,

353 921 596 976 κακεῖνοι
634 919 1034 992 χαλεπωτέρως
1078 921 1169 976 διὰ
1200 923 1302 991 τῆς
1336 924 1615 996 ὑπομονῆς
1647 905 1935 980 ἀντιπολε-

353 1007 601 1080 μούνται,
641 1011 738 1065 καὶ
771 1011 1106 1078 δειλειῶντες
1157 1016 1414 1087 προσίασι
1451 1016 1637 1070 λοιπὸν
1668 1021 1733 1089 τῇ
1785 1017 1932 1094 μάχη

351 1101 612 1170 κραταιὸν
639 1103 730 1155 τὸν
769 1106 1076 1176 στρατηγὸν
1103 1106 1203 1176 τῆς
1250 1107 1474 1180 πυγμῆς
1509 1110 1838 1180 ὑφορῶντες.
1871 1111 1933 1163 Εἰ

351 1189 533 1262 βούλει
563 1195 946 1266 στρατηγῆσαι
994 1196 1135 1249 κατὰ
1176 1196 1276 1265 τῆς
1300 1197 1580 1268 φάλαγγος
1603 1197 1710 1250 τῶν
1742 1199 1933 1268 δαιμό-

353 1287 476 1348 νων,
511 1287 712 1358 ἠσυχίᾳ
745 1289 948 1359 φράττε
975 1287 1208 1361 τὰς’τῆς
1234 1291 1412 1363 ψυχῆς
1449 1307 1541 1344 σου
1571 1291 1763 1355 πύλας,
1813 1293 1932 1361 θίγε

349 1381 406 1436 δὲ
445 1381 541 1434 καὶ
576 1380 638 1434 τὸ
668 1376 758 1443 οὖς
799 1397 894 1434 σου
934 1385 1046 1446 τοῖς
1081 1383 1180 1452 τῆς
1215 1384 1564 1457 πατροσύνης
1603 1386 1802 1456 λόγοις,
1844 1388 1932 1444 ἵνα

350 1471 473 1526 τότε
527 1472 725 1545 μᾶλλον
764 1471 1040 1544 λογισμῶν
1083 1474 1323 1539 ἀκάνθας
1369 1476 1556 1547 μαθὼν
1601 1481 1927 1550 ὲμπρήσῃς,

351 1563 489 1618 ἐπὰν
518 1564 789 1644 πατρικῆς
830 1565 1108 1630 νουθεσίας
1147 1567 1437 1638 ἀκροᾶται.
1471 1567 1559 1638 Μὴ
1602 1568 1710 1624 τῶν
1751 1567 1930 1643 ἔργων

353 1655 446 1708 εσο
478 1654 756 1727 δικαστὴς,
790 1655 926 1713 ἀλλὰ
951 1657 1060 1711 τῶν
1083 1658 1295 1730 ῥήσεων
1329 1658 1647 1728 ἑξεταστής.

924 1952 1173 2008 ιιΕευιΔ.
1227 1955 1346 2022 tcru

422 2042 586 2108 Ἐθος
610 2043 724 2116 γὰρ
741 2046 854 2109 τοῖς
884 2045 1148 2112 τοιούτοις
1185 2047 1469 2118 λογισμοῖς
1495 2048 1576 2114 είς
1605 2049 1668 2104 τὸ
1692 2066 1929 2121 πρακτιε

348 2131 444 2194 κδν
468 2132 563 2197 τοῦ
589 2133 961 2198 νουθετοῦντός
984 2153 1044 2188 σε
1069 2137 1324 2206 ἀπάγειν,
1349 2138 1438 2192 ἵνα
1462 2139 1633 2195 δεινόν
1655 2157 1716 2194 σε
1737 2142 1928 2196 τούτου

349 2225 790 2297 καταστήσαντες
843 2227 1069 2298 κριτὴν,
1122 2229 1223 2298 τῆς
1276 2229 1591 2298 ὲπωφελοῦς
1647 2231 1929 2297 νουθεσίας

351 2319 722 2386 immotum.
745 2319 836 2391 Μὴ
859 2319 1160 2374 ἀπαναίνου
1191 2321 1630 2391 νουθετούμενος,
1661 2323 1767 2377 κᾶν
1790 2340 1926 2393 γνωο

353 2411 537 2476 στιχὸς
566 2411 834 2484 ύπάρχῃς·
872 2413 967 2466 ἐὰν
994 2415 1104 2483 γὰρ
1133 2413 1198 2466 τὸ
1234 2415 1536 2484 πρακτικὸν
1563 2414 1664 2484 τῆς
1698 2431 1932 2482 γνωστι-

353 2500 460 2570 κῆς
483 2500 816 2572 ἀποζευχθῇ,
863 2502 1022 2573 χρεία
1045 2502 1139 2556 τοῦ
1173 2501 1492 2570 ζευγνύντος
1515 2502 1614 2572 τὴν
1650 2503 1930 2573 ὁποτέρων

349 2591 463 2646 τῶν
487 2593 696 2663 ἀρετῶν
743 2593 1005 2664 ἁρμονίαν
1028 2596 1095 2665 τῇ
1138 2595 1336 2664 φρικτῇ
1373 2595 1482 2664 τῆς.
1503 2592 1742 2664 κρίσεως
1781 2593 1928 2664 δίκῃ..

363 2681 422 2734 ’0
445 2683 544 2754 τὴν
573 2684 830 2754 πατρῴαν
871 2685 1089 2756 ἐντολὴν
1125 2688 1190 2738 ὲκ
1228 2684 1322 2738 τοῦ
1373 2685 1513 2748 ὠτὸς
1570 2685 1929 2748 ἑκτινάσσων,

351 2773 446 2826 καὶ
475 2773 702 2844 νομικῆς
734 2773 956 2842 ἐντολῆς
1000 2775 1278 2844 παρήκοος
1305 2773 1480 2840 ἔσται,
1519 2773 1596 2844 μὴ
1619 2774 1778 2844 μόνον
1804 2791 1934 2827 κατ·-

351 2863 646 2934 ορθώματα
711 2865 969 2936 Πατέρων
1010 2867 1344 2936 τερπόμενος
1395 2865 1572 2930 λάλει,
1640 2865 1780 2919 ἀλλὰ
1832 2866 1929 2924 καὶ

355 2954 580 3010 σεαυτὸν
621 2956 858 3025 ἐργάτην
911 2953 1114 3020 τούτων
1158 2954 1525 3010 πονικώτατον
1569 2955 1812 3011 ἀπαίτει.
1874 2957 1932 3012 '0

2040 472 2182 526 vehit
2216 473 2632 534 intellectualem
2673 481 2967 534 essentiam
3005 480 3072 536 ad
3103 481 3388 536 meiiorum
3430 498 3507 536 ret
3523 498 3611 538 tun

2038 567 2594 634 contemplationem;
2635 570 2812 628 activa
2855 585 2983 626 vero
3023 572 3311 627 mortilicat
3346 575 3611 642 membra,

2037 671 2159 724 quae
2186 667 2315 710 sunt
2342 673 2505 728 super
2535 666 2757 724 terram,
2787 663 3194 727 scortationem,
3219 663 3608 732 impuritatetn,

2037 746 2369 815 passionem,
2396 749 2591 803 malam
2618 753 3114 820 concupiscentiam
3137 771 3150 819 ;
3186 755 3278 823 qui
3305 769 3434 825 ergo
3459 746 3609 810 omni

2039 837 2229 892 barqu
2266 840 2551 894 ambarum
2576 841 2922 911 circumsepti
2959 855 3085 904 sunt
3111 855 3411 916 armatura,
3453 845 3610 902 facile

2037 920 2290 993 deinceps
2335 925 2598 982 adversus
2647 929 2958 985 daemonum
3009 933 3328 1000 pravitatem
3380 948 3609 988 consur-

2036 1018 2164 1081 gent
2195 1031 2208 1067 :
2239 1012 2516 1071 daemones
2554 1017 2750 1072 anima:
2777 1019 2974 1074 bellum
3009 1021 3244 1075 inferunt
3275 1037 3368 1091 per
3401 1022 3608 1092 cogita-

2036 1103 2232 1170 tiones,
2290 1114 2344 1160 et
2378 1107 2451 1160 illi
2484 1109 2764 1165 molestius
2793 1122 3014 1166 econtra
3041 1128 3137 1182 per
3168 1114 3482 1183 patientiam
3509 1129 3607 1184 op-

2035 1205 2379 1264 pugnantur;
2449 1199 2592 1252 unde
2671 1199 2862 1255 timido
2934 1203 3235 1272 procedunt
3295 1201 3479 1256 animo
3539 1201 3605 1254 ad

2034 1290 2299 1356 praelium,
2353 1305 2547 1360 pugna:
2596 1292 2790 1346 ducem
2828 1294 3169 1363 suspicantes
3211 1303 3504 1364 potentem.
3547 1291 3607 1345 Si

2031 1377 2269 1435 volueris
2294 1380 2553 1436 adversus
2579 1381 2886 1436 dmmonum
2912 1392 3144 1440 turmam
3174 1385 3372 1439 bellum
3398 1399 3603 1454 gerere,

2031 1468 2212 1538 quiete
2240 1470 2484 1525 modesta
2512 1473 2688 1542 sopito
2717 1485 2899 1543 portas
2932 1476 3128 1529 anima:
3153 1486 3278 1540 tua),
3309 1490 3606 1542 auremque

2033 1567 2180 1612 tuam
2226 1561 2569 1617 sermonibus
2613 1572 2771 1633 tange
2828 1565 3195 1637 paternitatis,
3247 1573 3307 1618 ut
3342 1563 3603 1617 nin‘tirum

2030 1647 2196 1726 426
2245 1661 2374 1711 tunc
2422 1653 2594 1721 magis
2649 1655 2936 1710 addiscens
2977 1656 3362 1726 cogitationum
3419 1655 3606 1726 spinas

2031 1741 2358 1807 suecendas,
2385 1744 2604 1812 quando
2626 1755 2878 1822 paternas
2901 1745 3140 1801 audieris
3168 1747 3600 1807 admonitiones:

2030 1847 2142 1888 non
2173 1847 2398 1902 operum
2430 1834 2708 1902 sisjudex,
2735 1836 2828 1890 sed
2862 1835 3150 1891 verborum
3174 1838 3532 1892 examinator.

2610 1947 2841 2003 CAPUT
2879 1948 3020 2002 XVI.

2101 2060 2288 2118 Solent
2346 2077 2539 2132 nempe
2595 2061 2970 2130 hujuscemodi
3030 2062 3386 2133 cogitationes
3434 2071 3487 2116 te
3535 2062 3602 2116 ad

2029 2154 2386 2223 aptitudlnem
2411 2163 2660 2224 gestuum
2679 2154 3024 2208 admonentis
3045 2154 3332 2219 abducere,
3357 2163 3415 2206 ut
3441 2152 3602 2218 hujus

2029 2255 2083 2299 to
2112 2245 2344 2314 peritum
2372 2245 2764 2300 constituentes
2790 2245 3026 2314 judicent
3051 2260 3080 2297 a
3105 2244 3320 2313 perntili
3355 2251 3601 2297 avertant

2029 2336 2416 2391 admonitione.
2455 2334 2576 2390 Non
2601 2351 2821 2391 recuses
2847 2336 3181 2401 admonitus,
3204 2337 3456 2404 quamvis
3487 2333 3605 2388 fue-

2031 2429 2109 2483 ris
2139 2428 2503 2499 cognoscendi
2541 2427 2799 2484 facultate
2831 2429 3126 2497 praeditus;
3170 2427 3214 2481 si
3252 2427 3450 2481 etenim
3482 2441 3606 2496 quae

2031 2524 2277 2590 practica.
2321 2529 2405 2575 est
2446 2519 2678 2575 facultas
2731 2535 2760 2575 a
2819 2520 3187 2589 cognoscitiva
3237 2515 3601 2588 disjungatur,

2030 2627 2170 2680 Opus
2199 2619 2284 2666 est
2308 2626 2398 2675 eo,
2427 2611 2520 2680 qui
2555 2613 2851 2680 coniungat
2872 2612 3155 2665 ambarum
3180 2611 3442 2664 virtutum
3467 2623 3605 2662 eon-

2031 2703 2272 2758 eordiatn
2323 2703 2600 2756 tremenda
2643 2703 2834 2772 jnclicii
2887 2703 3121 2771 justitia.
3166 2699 3268 2767 Qui
3319 2713 3604 2770 paternum

2033 2796 2347 2850 mandatum
2375 2795 2584 2849 excutit
2611 2808 2676 2849 ex
2706 2808 2858 2856 aure,
2898 2801 3163 2864 praecepto
3201 2808 3423 2862 quoque
3453 2792 3606 2863 legali

2032 2887 2137 2942 erit
2166 2886 2483 2942 inobediens
2516 2901 2532 2941 :
2569 2899 2681 2940 non
2710 2885 2886 2938 solum
2920 2884 3175 2953 eloquere
3205 2899 3328 2937 cum
3370 2884 3608 2937 delecta-

2035 2979 2182 3033 tione
2213 2976 2440 3031 fratrum
2467 2991 2557 3031 res
2585 2977 2723 3030 bene
2746 2983 2948 3045 gestas,
2979 2977 3070 3030 sed
3100 2985 3152 3030 et
3181 2977 3412 3044 teipsum
3441 2975 3610 3030 facto-

353 3045 722 3118 πονικώτερον
772 3046 1051 3118 ἐπιζητῶν
1095 3042 1206 3111 οἷός
1241 3064 1302 3101 τε
1344 3048 1440 3119 οἴῳ
1478 3048 1630 3121 πόνῳ
1675 3047 1931 3118 λογισμὸς

2038 3081 2148 3121 rem
2178 3081 2365 3121 earum
2406 3063 2896 3119 laboriosissimum
2934 3079 3156 3133 reposce
3187 3079 3202 3118 :
3239 3065 3332 3133 qui
3374 3065 3612 3118 laborio-

349 3139 671 3206 ἀντίκειται,
700 3139 950 3210 τεχνίτης
977 3141 1036 3194 ἐν
1061 3140 1206 3212 πάλῃ
1235 3141 1377 3194 κατὰ
1404 3142 1502 3211 τῆς
1536 3141 1744 3212 πλάνης
1780 3141 1932 3212 εὑρι-

355 3249 563 3301 exerat,
589 3235 648 3285 ὲν
677 3230 820 3294 ὅλοις
852 3230 910 3287 δὲ
945 3232 1059 3294 τοῖς
1107 3234 1315 3301 νοεροῖς
1345 3247 1440 3284 σου
1474 3232 1682 3297 πόνοις,
1729 3226 1809 3295 οἷς
1840 3229 1934 3283 ἐὰν

355 3320 564 3393 nam,
584 3323 612 3375 ὁ
631 3320 820 3374 τοῦτον
844 3319 1084 3390 συλήσας
1108 3322 1222 3374 ἀντ’
1249 3320 1415 3374 αὑτοῦ
1439 3321 1936 3392 παρεισδύει.Μνη-

363 3413 555 3483 μόνευε
589 3415 654 3483 τῇ
678 3413 888 3468 συνέσει
912 3412 1021 3467 τῶν
1046 3413 1222 3467 πόνων
1246 3416 1532 3485 συντηρεῖν
1554 3413 1652 3486 τὴν
1669 3413 1893 3486 καρδίαν
1917 3454 1932 3479 ,

365 3504 560 3576 μήπως
595 3504 630 3572 ή
667 3501 802 3573 λήθη
829 3503 930 3572 τῆς
946 3502 1052 3558 τῶν
1073 3503 1399 3574 κρειττόνων
1427 3505 1698 3574 μερίμνης
1733 3503 1937 3572 ταύτην

365 3587 640 3665 συλήσασα
671 3591 737 3666 τῇ
763 3593 871 3644 τῶν
915 3592 1190 3664 λογισμῶν
1218 3593 1566 3667 αἰχμαλωσίᾳ
1603 3593 1830 3665 παραδῷ
1855 3610 1871 3626 ο
1903 3597 1937 3664 ἡ

359 3684 470 3756 γὰρ
515 3682 652 3755 λήθη
675 3685 772 3756 τῆς
813 3683 1188 3756 αἰχμαλωσίας
1218 3685 1507 3756 προσπηδᾷ
1524 3687 1594 3756 τῇ,
1628 3685 1820 3756 κακίᾳ,
1851 3684 1940 3737 ἵνα

359 3775 454 3848 ὑπ’
472 3776 686 3851 ἐκείνης
707 3775 801 3831 τοῦ
825 3777 916 3830 νοῦ
948 3775 1266 3839 κλαπέντος,
1295 3776 1525 3845 ἑτοίμως
1546 3774 1684 3846 αὕτη
1709 3789 1940 3846 παρεισο

359 3867 529 3933 ἐλθοι,
594 3867 717 3933 νοῦς
755 3869 1122 3939 κλεπτόμενος
1152 3868 1261 3921 ἀπὸ
1283 3865 1444 3930 Θεοῦ,
1473 3868 1568 3921 καὶ
1595 3871 1814 3938 μνήμης
1839 3880 1942 3938 μα-

293 3996 295 3999 -
361 3959 710 4030 κρυνόμενος,
741 3961 832 4015 καὶ
859 3959 948 4012 διὰ
975 3958 1084 4012 τῶν
1113 3957 1268 4020 ἐκτὸς
1296 3956 1599 4028 αἰσθήσεων
1625 3956 1941 4025 ἀδιαφόροις

364 4049 666 4120 ἁμαρτάνει
691 4065 706 4080 °
741 4048 910 4120 ἀκοὴν
934 4049 1042 4120 γὰρ
1081 4049 1174 4101 καὶ
1211 4048 1456 4117 γλῶτταν
1487 4048 1516 4100 ὁ
1539 4046 1779 4110 τοιοῦτος
1815 4046 1909 4100 ἀδυ

363 4143 517 4195 νατεϊ
551 4141 988 4212 παιὼγωγῆσαι,
1031 4140 1113 4194 ὅτι
1158 4139 1218 4194 τὸ
1248 4139 1470 4210 φίλτρον
1515 4139 1623 4193 τῶν
1671 4138 1849 4192 πόνων
1879 4139 1943 4192 ἐκ

363 4231 472 4288 τῶν
505 4232 658 4296 ἐκτὸς
689 4230 985 4304 ἐξαφῆκεν.
1029 4233 1090 4288 ’0
1123 4230 1292 4302 φιλῶν
1318 4228 1600 4297 ἐξακούειν
1624 4229 1716 4282 τοῦ
1747 4223 1944 4298 ψέγον-

2035 3161 2150 3213 sius
2177 3157 2404 3228 inquirit
2433 3157 2611 3227 qualis
2637 3158 2783 3227 quali
2808 3157 2980 3211 labori
3003 3157 3260 3227 cogitatio
3285 3173 3350 3210 ex
3380 3157 3610 3210 adverso

2033 3257 2363 3318 opponatur,
2406 3248 2582 3302 solers
2615 3247 2811 3304 artifex
2841 3248 2896 3301 in
2934 3248 3076 3302 lucta
3111 3257 3300 3301 contra
3335 3247 3612 3315 deceptio-

2037 3357 2159 3396 nem
2185 3341 2490 3409 reperitur:
2531 3340 2674 3396 inter
2710 3341 2992 3393 universos
3018 3347 3204 3394 autem
3243 3348 3368 3393 tuos
3405 3338 3614 3392 intelle-

2037 3434 2241 3488 ctuales
2272 3433 2504 3497 labores,
2537 3446 2632 3501 pro
2661 3446 2748 3497 eo,
2783 3431 2837 3486 in
2867 3447 2978 3500 quo
3011 3431 3295 3498 defeceris,
3329 3433 3614 3502 subingre—

2037 3527 2202 3588 ditur,
2233 3525 2327 3595 qui
2363 3526 2538 3594 ipsum
2565 3525 2826 3593 rapuerit.
2856 3523 2964 3578 Cor
2989 3534 3258 3579 memento
3286 3538 3616 3578 conservare

2039 3619 2287 3672 laborum
2325 3617 2639 3687 prudentia,
2675 3631 2741 3669 ne
2774 3615 2910 3670 forte
2942 3617 3229 3671 meliorum
3268 3632 3448 3670 rerum
3479 3615 3618 3669 obli-

2041 3708 2127 3760 vio
2157 3723 2276 3762 eam
2308 3709 2547 3779 rapiens,
2595 3707 2648 3759 in
2695 3707 3086 3776 cogitationum
3134 3707 3304 3760 tradat
3334 3707 3618 3775 captivita-

2042 3808 2148 3852 tem
2175 3816 2188 3864 ;
2225 3799 2426 3851 oblivio
2455 3812 2689 3866 namque
2715 3797 3044 3865 captivitatis
3076 3797 3252 3851 assilit
3284 3797 3528 3863 malitiae,
3558 3809 3619 3852 ut

2042 3889 2110 3944 ab
2139 3889 2228 3942 illa
2265 3887 2410 3942 furto
2438 3888 2594 3956 quasi
2635 3887 2917 3941 subtracta
2965 3898 3168 3952 mente,
3217 3889 3332 3956 ipsa
3370 3900 3620 3960 prompte

2043 3979 2352 4044 subintret;
2403 3992 2554 4032 mens
2595 3993 2716 4031 cum
2763 3993 2794 4030 a
2839 3976 2950 4032 Deo
2997 3979 3211 4032 sublata
3254 3977 3439 4043 fuerit,
3489 3989 3544 4034 et
3589 3996 3619 4033 a

2044 4073 2305 4130 memoria
2357 4072 2546 4148 procul
2589 4071 2868 4136 submota,
2930 4088 3026 4140 per
3078 4073 3378 4128 exteriores
3425 4091 3619 4128 sensus

2045 4173 2232 4236 peccat
2252 4165 2414 4218 etiam
2451 4161 2818 4217 indilferenter
2853 4181 2866 4217 :
2905 4163 3284 4230 hujuscemodi
3315 4180 3508 4232 nempe
3540 4166 3623 4218 vir

2043 4255 2288 4309 auditum
2335 4251 2756 4319 atquelinguam
2789 4252 3013 4306 minime
3041 4262 3214 4320 potest
3251 4267 3458 4320 regere,
3493 4253 3620 4320 quia

363 4339 454 4394 τος
482 4322 572 4375 τὸν
597 4323 744 4376 δεῖνα
767 4363 781 4386 ,
824 4323 946 4376 δυσὶ
970 4324 1251 4395 συνεργοῖς
1289 4321 1564 4392 πνεύμασι
1591 4319 1935 4390 συνεργοῦσιν

2047 4346 2292 4402 laborum
2339 4341 2502 4416 427
2551 4343 2882 4411 voluptatem
2932 4345 3002 4398 ab
3043 4319 3419 4397 exterioribus
3465 4319 3620 4413 quasi

366 4415 416 4468 oi
456 4413 550 4467 δύο
576 4429 591 4447 ·
632 4416 666 4486 ή
709 4414 817 4486 γὰρ
850 4414 1123 4486 κακηκοῖα
1167 4413 1266 4482 τῆς
1297 4411 1632 4484 κατηγορίας
1681 4409 1935 4482 συνεργὸς

2047 4440 2336 4510 instigalus
2359 4437 2569 4492 dimisit
2597 4456 2609 4490 :
2642 4438 2734 4506 qui
2765 4449 2908 4491 amat
2939 4436 3130 4490 audire
3156 4453 3303 4501 eum,
3334 4437 3428 4504 qui
3455 4452 3621 4490 unum

366 4502 666 4580 τυγχάνει,
717 4507 812 4559 καὶ
857 4503 1056 4576 ἐρῶσιν
1104 4503 1352 4575 ἀλλήλων
1425 4503 1512 4573 είς
1566 4501 1745 4574 λύμην
1806 4513 1945 4564 xu.)-

367 4595 507 4660 δίας.

979 4912 1226 4970 ΚΕΦΑΛ.
1255 4913 1353 4968 ιε’.

456 5029 552 5083 Ἐκ
576 5028 688 5083 τῶν
723 5029 1064 5084 καταλαλιῶν
1103 5030 1175 5084 τὰ
1216 5022 1330 5084 ὦτά
1369 5043 1464 5080 σου
1497 5027 1722 5098 φράζον,
1755 5026 1843 5080 ἵνα
1878 5024 1954 5096 μὴ

371 5119 564 5183 διττῶς
592 5121 695 5177 σὺν,
721 5120 904 5182 αὐτοις
925 5121 1232 5192 ἀνομήσῃς,
1259 5117 1454 5174 σαυτὸν
1481 5118 1581 5189 μὲν
1611 5118 1769 5186 δεινῷ
1791 5117 1955 5171 πάθει

375 5212 592 5276 ἐθίζων,
640 5212 1015 5282 γλωσωλγείν
1059 5212 1116 5264 δὲ
1166 5212 1410 5273 ἐκείνους
1463 5211 1564 5263 οὐκ
1611 5208 1953 5262 ἀνακόπτων.

375 5304 567 5375 Ψυχὴν
592 5302 702 5357 τῶν
728 5305 1060 5374 κρειττόνων
1093 5303 1125 5354 ὁ
1145 5301 1530 5371 φιλοσκώπτης
1564 5299 1835 5372 λῃστεύει,
1863 5315 1959 5352 σα-

379 5397 518 5462 θρὰν
553 5396 733 5466 ἀκοὴν
772 5395 1046 5458 διαϐολαίς
1069 5395 1366 5466 διορύττων
1388 5411 1399 5424 ο
1430 5395 1460 5447 ὁ
1499 5394 1555 5447 δὲ
1587 5393 1818 5466 διαδρῶν
1860 5393 1958 5463 τὴν

2048 4531 2208 4587 talem
2237 4531 2526 4600 vituperat.
2568 4528 2730 4584 ambo
2764 4529 3188 4599 c00perantibus
3217 4529 3430 4583 duobus
3465 4527 3624 4595 spiri-

2053 4623 2196 4678 tibus
2235 4629 2631 4688 cooperantur;
2684 4635 2808 4674 nam
2862 4621 3068 4676 auditio
3115 4621 3242 4674 mali
3287 4619 3620 4688 cooperatrix

2050 4724 2134 4771 est
2171 4713 2586 4773 maledicentim,
2620 4721 2675 4766 et
2707 4714 2774 4767 ad
2805 4713 2988 4768 cordis
3017 4713 3310 4783 perniciem
3353 4727 3540 4765 amore
3567 4724 3625 4762 se

2053 4807 2285 4866 invicem
2315 4814 2749 4876 prosequuntur.

2623 4913 2852 4970 CAPUT
2889 4911 3052 4968 XVII.

2125 5031 2200 5086 Ex
2231 5029 2669 5085 oblocutionibus
2711 5036 2830 5080 tuas
2863 5025 3049 5093 obsepi
3076 5039 3255 5083 aures.
3283 5038 3350 5076 ne
3379 5022 3632 5076 bifariam

2057 5139 2182 5178 eum
2217 5122 2349 5192 ipsis
2394 5128 2670 5190 perpeti-es
2719 5117 3086 5185 iniquitatem,
3135 5114 3365 5181 teipsum
3408 5113 3635 5181 quidem.

2058 5212 2293 5283 passioni
2327 5210 2718 5273 assuefacieus,
2745 5209 2868 5262 illos
2893 5223 3044 5272 vero,
3073 5223 3140 5260 ne
3171 5208 3350 5275 lingua
3381 5216 3628 5273 promant

2060 5319 2347 5367 venenum,
2384 5301 2610 5355 minime
2643 5300 2963 5368 reprimens.
3002 5297 3105 5362 Qui
3143 5296 3341 5366 gaudet
3365 5295 3662 5366 dieteriis,.

2059 5406 2116 5451 et
2141 5394 2478 5458 scommatis,
2510 5390 2850 5460 depmlatur
2882 5389 3118 5443 animam
3147 5404 3359 5453 eorum,
3391 5387 3483 5455 qui
3520 5400 3622 5438 me-

379 5485 473 5540 τοῦ
497 5486 670 5549 πέλας
686 5486 923 5555 λοίδορον
945 5487 1215 5554 γλῶσσαν,
1242 5487 1335 5539 καὶ
1354 5485 1453 5556 τὴν
1473 5485 1678 5540 οἰκείαν
1695 5483 1935 5554 λοιδορίαι¹

2062 5489 2228 5542 liores
2277 5494 2435 5547 sunt,
2489 5480 2782 5538 calumniis
2824 5480 3126 5536 marcidum
3171 5479 3434 5534 eﬂ'odiens
3478 5476 3632 5549 audin

383 5578 700 5645 φυγαδεύει·
731 5579 874 5647 ἡδεῖς
911 5579 1080 5642 ἀκοὰς
1104 5579 1133 5630 ὁ
1161 5577 1240 5648 τῷ
1281 5578 1505 5650 λοιδόρῳ
1553 5577 1808 5646 παρέχων
1835 5617 1848 5638 ,
1884 5577 1935 5629 io

2063 5588 2176 5631 tum
2202 5591 2217 5641 ;
2241 5575 2331 5644 qui
2367 5579 2548 5626 autem
2571 5570 2759 5640 eﬂugit
2798 5570 3037 5642 linguam
3073 5570 3305 5639 proximi
3339 5567 3632 5624 convicia-i

385 5668 556 5758 θηρὸς
580 5671 689 5731 τοῖς
711 5669 842 5723 ὠσὶν
871 5670 1120 5741 ἁμέλγει.
1164 5671 1253 5736 Μὴ
1275 5670 1514 5733 γευέσθω
1544 5670 1606 5722 τὸ
1633 5669 1720 5732 οὓς
1746 5687 1837 5722 σου
1861 5670 1929 5736 τῆ

2064 5671 2274 5730 tricem,
2303 5665 2577 5736 proprium
2615 5664 2779 5720 etiam
2805 5662 2956 5734 fugat
2987 5661 3293 5718 conviciqu
3320 5680 3342 5721 .;
3373 5659 3466 5732 qui
3496 5673 3634 5716 cuna
