4046 6152
473 290 614 357 1115

1961 297 2018 353 5.
2053 291 2103 353 Ν
2110 292 2221 353 ILI

3582 281 3719 353 1116

466 401 713 460 viciatori
751 416 945 460 suaves
996 410 1050 458 et
1085 401 1268 458 faciles
1297 400 1503 472 prabet
1543 399 1784 467 auditus,
1820 401 2043 457 auribus

2151 402 2347 474 πικρᾶς
2373 401 2581 472 ταύτης
2623 399 2934 462 avulsum»;
2975 397 3049 469 μή
3094 412 3210 460 πως
3238 394 3492 470 τοιαύτην
3518 398 3611 455 καὶ
3651 402 3718 455 σὺ

464 497 703 565 emulget
727 494 857 549 {erat
882 508 1172 549 venenum.
1208 492 1327 548 Non
1358 502 1536 564 gustet
1565 492 1715 549 auris
1748 503 1840 549 tua
1872 492 2041 547 medi-

466 568 775 641 camentum
806 585 949 639 istud
982 600 1262 648 amarum,
1311 599 1381 639 ne
1412 582 1555 639 forte
1584 584 1692 638 tale
1726 593 1784 639 tu
1824 598 2042 654 quoque

466 676 625 733 alteri
655 676 993 747 propincris;
1022 692 1089 732 ne
1113 677 1347 732 fascines
1378 676 1822 732 oblocutionibus
1852 691 2040 730 aurem

465 780 638 834 tuam,
677 775 755 832 ut,
796 768 1036 838 passioni
1066 768 1406 832 divenditus,
1440 766 1777 824 multimodis
1814 772 1922 821 non
1958 768 2043 821 in-

466 861 673 916 servias
721 861 1109 930 passionibus;
1158 876 1265 915 una
1310 861 1509 930 quippe
1540 876 1571 915 e
1613 860 1800 915 multis
1834 858 2041 930 passio,

464 967 590 1007 cum
628 951 680 1005 in
716 963 766 1005 te
798 952 979 1006 locum
1021 952 1304 1009 invenerit.
1332 953 1385 1006 in
1419 953 1558 1006 idem
1596 951 1868 1006 stabulum
1909 951 2044 1007 alias

464 1053 688 1111 quoque
736 1042 1139 1097 subintroducit
1179 1060 1192 1097 :
1228 1049 1359 1096 tunc
1409 1042 1755 1097 multitudine
1789 1040 2043 1097 vitiorum

470 1146 623 1186 mens
667 1132 1020 1204 gubernatrix
1063 1132 1115 1186 in
1151 1134 1470 1189 servitutem
1503 1132 1784 1203 redigitur,
1824 1130 2045 1202 quando

470 1223 711 1294 passioni
755 1225 979 1293 adnexa
1022 1223 1240 1279 labores
1283 1208 1633 1294 disiunxerit.
1660 1223 1765 1290 Qui
1810 1223 2044 1278 aliorum

472 1315 778 1369 derisiones
820 1324 1049 1369 conatur
1084 1316 1423 1381 examinare,
1464 1314 1545 1370 sui
1586 1314 1759 1385 ipsius
1806 1313 2047 1369 actiones

476 1419 532 1458 re
563 1404 678 1473 ipsa
709 1420 819 1458 non
851 1406 1246 1474 perscrutatur.
1275 1405 1351 1459 Ne
1368 1406 1625 1461 'derideas
1657 1407 1768 1459 vita
1800 1403 2045 1460 functum

474 1503 535 1548 ut
559 1495 650 1564 qui
680 1495 1010 1565 negligenter
1034 1497 1251 1562 vixerit,
1274 1512 1361 1564 ne,
1386 1496 1543 1566 quasi
1565 1511 1630 1550 ex
1655 1496 2048 1552 consuetudine

472 1587 704 1642 acerbus
732 1603 902 1655 esses,
931 1597 985 1640 et
1007 1588 1543 1643 amarusviventium
1571 1587 1759 1657 judex,
1788 1585 1888 1642 ﬁas
1913 1600 2050 1657 quo-

476 1693 582 1748 que
622 1680 912 1734 demortui.
953 1678 1029 1745 Ne
1077 1680 1429 1750 peccantibus
1475 1676 1762 1749 jactatorio
1800 1679 2049 1733 attendas

475 1771 680 1837 animo,
718 1781 769 1826 te
803 1773 968 1828 veluti
1005 1773 1247 1843 judicem
1288 1773 1622 1853 extollendo,
1664 1774 1759 1829 sed
1806 1773 1901 1827 tibi
1944 1735 2123 1843 ipsi,B

476 1862 697 1917 attende
733 1861 901 1933 5,28
925 1863 1190 1933 vigilanti,
1226 1872 1556 1932 actuumque
1591 1874 1809 1918 tuorum
1848 1863 2051 1933 proba-

480 1952 613 2006 trice
636 1953 1100 2019 consideratione;
1125 1954 1254 2008 dum
1288 1955 1620 2024 peccaveris,
1650 1955 1845 2009 anxius
1873 1969 2051 2024 gente,

478 2051 677 2097 etcum
703 2059 816 2098 rem
838 2044 975 2099 bene
996 2046 1249 2114 gesseris,
1273 2061 1342 2100 ne
1367 2044 1572 2101 inﬂeris
1594 2063 1610 2114 ;
1636 2061 1738 2101 nec
1767 2055 1821 2100 te
1841 2046 2052 2116 magni-

479 2131 580 2185 ﬁce
603 2131 795 2200 iactes,
831 2134 975 2203 quod
1020 2133 1330 2190 nullatenus
1363 2134 1442 2190 sis
1477 2134 1928 2200 contemnendus,
1968 2144 2048 2200 ut,

478 2223 628 2277 velut
659 2235 1064 2290 ornamentum,
1104 2239 1213 2278 non
1251 2224 1444 2279 induas
1488 2225 1700 2279 vitium.
1733 2225 1917 2295 Aliqui
1965 2232 2050 2280 et—

478 2314 648 2376 enim.
673 2329 799 2369 cum
833 2315 902 2368 ob
931 2315 1180 2369 devotam
1232 2315 1637 2385 religiositalem
1668 2315 1913 2387 dignoeci
1940 2330 2049 2372 non

479 2412 724 2474 possent,
756 2402 1087 2487 [estinarunt
1114 2414 1174 2459 ut
1200 2406 1391 2461 saltem
1419 2407 1492 2463 ob
1517 2407 1710 2462 vitium
1739 2408 1828 2463 sic
1860 2408 2053 2478 dignm

480 2504 802 2562 scerentnr;
831 2495 948 2560 alii,
997 2496 1238 2564 provecti
1282 2511 1348 2552 ex
1405 2497 1628 2564 invidia,
1679 2506 1974 2567 praetextus
2017 2515 2050 2557 e

482 2598 697 2638 summo
727 2584 1062 2654 jaenlantur,
1111 2594 1165 2639 et
1207 2599 1303 2641 eos
1344 2586 1440 2654 qui
1480 2586 1775 2643 virtutibus
1823 2587 2049 2643 stabiliti

482 2683 611 2727 sunt
648 2688 747 2743 pro
778 2674 950 2729 nihilo
983 2674 1208 2730 ducunt.
1257 2674 1493 2740 Quidam
1530 2676 1603 2731 ob
1644 2677 1787 2731 mala
1826 2692 2051 2733 rumore

482 2764 886 2821 circumstantis
915 2767 1062 2836 vulgi
1100 2765 1376 2831 celebrati,
1403 2781 1621 2836 gravem
1656 2766 2050 2836 honestamque

479 2853 927 2914 circurninduunt
952 2856 1140 2922 vitam,
1171 2869 1279 2911 non
1308 2863 1369 2911 ut
1391 2870 1558 2925 prava
1583 2856 1801 2926 lugeant
1828 2865 2047 2927 peccata

481 2943 779 3011 laboribus,
803 2947 897 3000 sed
921 2954 980 3002 ut
1007 2945 1397 3015 vitupcriorum
1428 2946 1755 3003 obumbrent
1779 2961 2046 3005 rumores.

2142 496 2485 567 συγκεράσῃς
2511 493 2704 562 ἑτέρῳ,
2738 491 2812 563 μὴ
2845 488 3109 560 γοητεύου
3139 489 3494 553 καταλαλιαῖς
3528 491 3589 543 τὸ
3627 487 3720 556 οὖς

2142 603 2257 653 σου,
2290 587 2376 641 ἵνα
2409 584 2482 658 μὴ
2508 584 2669 639 πάθει
2710 582 2938 655 πραθεὶς
2967 623 2981 646 ,
3014 581 3355 654 πολυπαθείᾳ
3382 572 3677 654 δουλεύσεις
3705 603 3719 614 ·

2142 677 2201 731 ἓν
2229 679 2337 749 γὰρ
2378 678 2487 731 τῶν
2517 674 2727 731 πολλῶν
2768 676 2939 740 πάθος
2968 674 3132 728 τόπον
3164 675 3220 726 ὲν
3253 673 3335 727 σοὶ
3379 662 3555 744 εὑρὼν
3579 714 3596 739 ,
3642 677 3722 739 είς

2141 770 2231 824 τδν
2258 770 2421 824 αὑτὸν
2460 756 2625 840 σηκὸν
2656 769 2751 824 καὶ
2793 769 2927 822 ἄλλα
2959 766 3305 837 συνεισφέρει
3329 784 3343 797 ·
3375 766 3499 820 τότε
3530 766 3723 836 πλήθει

2142 860 2329 917 κακῶν
2351 863 2379 914 ὁ
2409 858 2632 931 ἡγεμὼν
2656 859 2954 917 δουλοῦται.
2982 860 3112 912 ὅταν
3141 848 3302 925 πάθει
3332 855 3578 925 ζευχθεὶς
3600 857 3724 922 τοὺς

2143 951 2340 1012 πόνους
2363 948 2658 1021 ἀποζεύξῃ.
2694 950 2755 1003 Ὀ
2784 949 2881 1012 τὰς
2912 948 3114 1020 ἐτέρων
3140 945 3360 1025 σκέψεις
3388 946 3726 1019 πειρώμενος

2143 1045 2391 1118 ὲρευνᾷν,
2439 1042 2540 1105 τὰς
2569 1038 2762 1096 ἑαυτοῦ
2811 1040 3036 1114 πράξεις
3064 1041 3209 1112 ἔργῳ
3258 1041 3359 1093 οὐκ
3388 1040 3607 1111 ἐρευνᾷ.
3650 1040 3725 1110 μὴ

2144 1135 2221 1199 ὡς
2265 1133 2480 1207 ἀμελῶς
2514 1133 2777 1205 ζήσαντα,
2815 1134 2907 1188 τὸν
2952 1128 3338 1188 ἀποδιώσαντα
3369 1131 3612 1197 σκῶπτε,
3638 1131 3726 1185 ἵνα

2147 1212 2224 1296 μὴ
2272 1226 2349 1290 ὡς
2397 1228 2462 1279 ἐκ
2505 1224 2793 1296 συνηθείας
2834 1218 2941 1278 τῶν
2981 1221 3220 1289 ζώντων,
3267 1221 3489 1277 καὶτοῦ
3531 1221 3727 1293 νεκροῦ

2143 1316 2279 1387 γένῃ
2301 1316 2495 1387 πικρὸς
2519 1315 2800 1386 δικαστής·
2833 1315 2906 1388 μὴ
2925 1315 3038 1378 τοῖς
3072 1313 3353 1368 πταίουσιν
3384 1312 3549 1383 ἔπεχε
3579 1313 3727 1381 λογι-

2147 1406 2269 1479 σμῷ
2294 1407 2515 1472 ἀλαζόνι
2550 1404 2832 1477 ἐπαίροντι
2863 1423 2919 1460 σε
2962 1406 3037 1469 ὼς
3058 1400 3340 1475 δικαστὴν,
3373 1403 3511 1459 ἀλλὰ
3545 1404 3728 1476 σαυτῷ

2147 1500 2381 1571 πρόσεχε
2407 1499 2652 1571 λογισμῷ
2676 1498 2919 1570 νήφοντι,
2949 1497 3044 1552 καὶ
3074 1496 3184 1550 τῶν
3224 1497 3333 1550 σῶν
3359 1492 3613 1567 πράξεων
3640 1497 3727 1551 δο-

2145 1595 2411 1665 κιμαστῇ.
2436 1591 2594 1646 Στὲνε
2621 1593 2849 1655 πταίων,
2885 1591 2977 1644 καὶ
3004 1590 3078 1662 μὴ
3104 1588 3258 1658 φυσῶ
3283 1586 3564 1660 κατορθῶν
3587 1589 3728 1642 ἀκα-

2146 1684 2483 1754 ταφρόνητος
2504 1678 2645 1737 εἶναι
2672 1682 2746 1752 μὴ
2774 1678 3127 1752 μεγαλαύχει,
3155 1677 3301 1742 ὅπως
3325 1678 3401 1747 μὴ
3423 1678 3499 1739 ὡς
3523 1678 3730 1749 κόσμον

2146 1775 2210 1828 τὸ
2247 1774 2418 1829 κακὸν
2437 1773 2652 1845 ἐνδύσῃ.
2679 1773 2837 1835 Τινὲς
2857 1771 2967 1842 γὰρ
2994 1772 3103 1825 ἀπὸ
3142 1762 3427 1833 εὐλαῦείας
3472 1770 3547 1841 μὴ
3570 1771 3734 1825 δυνά-

2149 1880 2303 1934 μενοι
2347 1862 2678 1933 γνωσθῆναι,
2714 1860 3008 1927 ἔσπευσαν,
3040 1860 3145 1915 κᾶν
3185 1859 3295 1914 ἀπὸ
3342 1859 3546 1921 κακίας
3585 1858 3732 1914 οὕτω

2146 1955 2474 2026 γνωσθῆναι·
2511 1954 2688 2027 ἕτεροι
2718 1954 2774 2007 δὲ
2805 1951 3132 2024 αὐξηθέντες
3165 1951 3245 2024 τῷ
3276 1951 3454 2022 φθόνῳ
3474 1992 3489 2016 ,
3516 1951 3729 2023 προφά-

2149 2061 2263 2110 σεις
2304 2044 2680 2116 ἀκροϐολοῦσι,
2722 2045 2852 2107 τοὺς
2898 2041 3294 2105 εὐσταθοῦντας
3338 2042 3459 2105 ταῖς
3505 2042 3731 2112 ἀρεταῖς

2148 2133 2505 2201 ἑξουθενοῦσι.
2549 2136 2676 2199 Τοῖς
2705 2133 2867 2206 πέριξ
2895 2134 3041 2198 τινὲς
3067 2135 3148 2197 εἰς
3177 2132 3357 2200 φαῦλα
3404 2130 3731 2202 θρυλλούμε-

2148 2243 2250 2292 νοι,
2301 2226 2414 2297 βίον
2457 2226 2656 2295 σεμνὸν
2700 2226 3112 2296 ἀμφιέννυνται,
3161 2224 3260 2295 οὐχ
3305 2224 3394 2276 ἵνα
3433 2223 3507 2277 τὰ
3548 2222 3733 2291 φαῦλα

2150 2318 2470 2388 πταίσματα
2502 2320 2615 2382 τοῖς
2641 2317 2825 2381 πόνοις
2845 2317 3210 2389 θρηνήσωσιν,
3236 2313 3354 2368 ἀλλ’
3366 2314 3463 2368 ινα
3488 2311 3598 2368 τῶν
3626 2314 3732 2384 ψό-

2147 2426 2263 2479 γων
2289 2408 2388 2472 τὰς
2412 2411 2601 2479 φήμας
2622 2409 2942 2463 σκιάσωσιν.
2992 2406 3152 2459 Ἀλλὰ
3204 2405 3279 2477 μὴ
3314 2405 3395 2476 τῷ
3448 2403 3733 2459 sumam

2151 2516 2208 2553 σε
2233 2499 2595 2565 καλλωπίζου,
2646 2499 2779 2570 μηδὲ
2801 2499 2882 2570 τῷ
2904 2498 3218 2552 ἀπατᾶσθαι
3244 2497 3585 2563 ὲναγάλλοιν
3629 2495 3732 2550 ἐὰν

2151 2590 2259 2658 γὰρ
2281 2589 2350 2643 δι’
2376 2589 2545 2660 ἕνομα
2574 2589 2729 2658 ψιλὸν
2760 2588 2869 2642 τῶν
2902 2588 3206 2642 σπουδαίων
3236 2587 3473 2659 ὲφάπτῃ,
3498 2587 3563 2639 οὐ
3584 2584 3731 2656 Θεῷ,

2153 2678 2292 2733 ἀλλὰ
2343 2679 2654 2749 ἀνθρώποις
2714 2680 2945 2752 ἐργάζῃ,
3004 2678 3079 2750 μὴ
3135 2678 3444 2751 παρρησίαν
3493 2676 3596 2743 ἄγε
3646 2674 3737 2745 τῷ

2153 2771 2367 2834 ἀπόνως
2424 2769 2648 2840 βιοῦντι,
2690 2770 2795 2825 κᾶν
2832 2771 3006 2840 ὄνομα
3048 2768 3225 2840 τούτῳ
3261 2769 3397 2839 μέγα
3436 2764 3729 2839 πομπειὴγ

2151 2858 2268 2913 εστι
2294 2861 2443 2929 φίλος
2465 2862 2601 2932 πρὸς
2621 2862 2915 2933 προσώπου
2942 2860 3123 2932 χάριν,
3150 2861 3246 2913 καὶ
3270 2858 3459 2930 χρόνος
3490 2857 3736 2926 κατήγο-

2157 2965 2247 3020 ρος
2274 2951 2470 3004 τούτου
2488 2952 2715 3021 γίνεται.
2990 2974 3001 2979 -

488 3034 682 3092 Verum
710 3047 764 3093 tu
792 3048 935 3093 nete
976 3038 1262 3109 decipienti
1286 3039 1498 3108 placere
1535 3038 1959 3109 gloriabundus.
1985 3037 2230 3105 euitaris,
2268 3056 2389 3110 nec,
2425 3044 2569 3113 quod
2637 3043 2946 3113 decipiaris,
3014 3042 3213 3113 gestias
3247 3040 3462 3107 laetitia;
3494 3052 3643 3103 nam,
3681 3040 3727 3094 si

483 3140 702 3200 propter
717 3132 927 3187 nudum
948 3146 1147 3189 nomen
1169 3131 1417 3189 studiosa
1440 3146 1672 3200 quaque
1696 3130 2050 3196 consectaria,
2090 3146 2200 3186 non
2256 3148 2355 3202 pro
2376 3135 2506 3202 Deo,
2523 3136 2617 3192 sed
2642 3146 2739 3209 pro
2760 3136 3071 3191 hominibus
3127 3132 3372 3204 operaris
3394 3152 3408 3187 ι
3431 3148 3500 3187 ne
3523 3131 3728 3201 absque

485 3220 674 3278 labore
697 3223 898 3278 viventi
933 3222 1315 3290 conﬁdentiam
1358 3223 1621 3291 praebeas,
1660 3221 1788 3277 licet
1811 3237 1877 3277 ea
1899 3222 1968 3277 de
1991 3236 2051 3279 re
2084 3238 2342 3296 magnum
2367 3234 2601 3284 ostentet
2633 3244 2869 3295 nomen;
2901 3230 2949 3285 is
3019 3241 3214 3298 nempe
3246 3224 3457 3283 amicus
3479 3227 3549 3282 ad
3606 3246 3734 3302 per—

487 3323 646 3367 sonze
668 3312 898 3383 gratiam
930 3322 1036 3378 est,
1070 3312 1235 3383 (itque
1259 3323 1474 3382 tempus
1495 3313 1617 3383 eius
1640 3323 1953 3369 accusator.

1040 3427 1270 3483 CAPUT
1307 3427 1495 3484 XVIII.

558 3536 864 3592 Timentem
906 3538 1146 3594 amicum
1172 3539 1449 3599 irrisorem
1481 3538 1705 3606 habeas,
1745 3550 1804 3596 ut
1830 3550 2053 3597 tuorum

489 3630 736 3691 invenias
770 3630 1089 3689 delictorum
1130 3641 1395 3691 tutamen.
1433 3631 1663 3705 Quando
1691 3635 1900 3687 amicus
1929 3642 2058 3689 tuus

488 3738 521 3786 ο
554 3722 733 3778 fausto
756 3731 972 3781 tuorum
1012 3722 1260 3779 laborum
1291 3724 1472 3779 omine
1499 3735 1787 3795 superatus
1819 3725 1887 3780 ad
1920 3725 2059 3780 invi-

489 3814 633 3869 diam
664 3828 722 3869 se
760 3814 939 3880 vertit,
973 3815 1043 3869 ita
1075 3824 1132 3868 ut
1166 3830 1349 3870 coram
1381 3815 1867 3875 circumstantibus
1907 3832 2060 3873 vanae

491 3904 674 3974 gloria:
700 3905 880 3959 verbis
904 3916 1026 3960 tuos
1049 3905 1350 3976 eiaculetur
1380 3906 1619 3975 labores,
1648 3918 1756 3976 quo
1789 3917 1934 3964 tuam
1962 3908 2060 3964 de-

491 4005 798 4051 currentem
822 3996 1050 4065 gloriam
1088 3998 1329 4053 dicteriis
1364 3998 1430 4054 de
1457 4007 1508 4052 te
1529 3999 1692 4068 jactis
1725 4000 2055 4054 obumbret:

490 4094 625 4141 tunc
664 4102 749 4150 ne,
809 4088 956 4142 illius
992 4087 1210 4145 invidiae
1255 4091 1563 4156 attendens,
1624 4091 1950 4155 merdearis,
2003 4100 2062 4144 ut

489 4182 738 4238 amaram
789 4195 1056 4234 venenum
1103 4183 1297 4236 animae
1351 4190 1458 4237 tuae
1518 4196 1625 4237 non
1674 4181 1900 4248 elicias;
1957 4185 2059 4236 hoc

490 4269 635 4329 enim
676 4285 814 4340 opus
843 4279 927 4326 est
960 4269 1195 4335 Satanae,
1228 4281 1288 4326 ut
1320 4271 1471 4327 illum
1514 4272 1731 4341 quidem
1764 4271 2061 4328 inﬂammet

494 4355 718 4419 invidia,
768 4365 821 4412 te
856 4374 983 4413 vero
1022 4359 1382 4414 amaritudine
1415 4368 1722 4421 consumat.
1757 4360 1828 4415 At
1879 4361 2059 4430 potius

495 4446 867 4508 humiliemur.
920 4457 976 4502 et
1023 4448 1233 4504 honore
1280 4451 1416 4505 tales
1458 4452 1597 4506 istos
1639 4452 2056 4520 praeveniamus,

493 4550 696 4611 perque
732 4552 973 4592 mensam
1014 4538 1358 4592 aemulatione
1389 4538 1670 4594 efferatum
1698 4540 1864 4617 429
1888 4543 2056 4606 animi

494 4640 717 4681 sensum
745 4626 1241 4683 mansuefaciamus
1268 4646 1282 4681 :
1315 4644 1403 4696 ne,
1426 4638 1685 4703 tanquam
1713 4647 1782 4687 ex
1810 4634 1916 4688 alia
1940 4649 2059 4704 per-

2749 3429 2999 3483 ΚΕΦΑᾹ.
3022 3428 3129 3482 ιη’.

2230 3538 2518 3594 Δεδοικότα
2542 3538 2694 3608 φίλον
2728 3538 2984 3613 σκώπτην
3024 3543 3244 3610 κτῆσαι,
3271 3539 3360 3595 ἵνα
3392 3541 3605 3614 σκέπην
3643 3544 3735 3598 εὖ-

2154 3646 2260 3707 ρῃς
2286 3632 2397 3685 τῶν
2427 3630 2535 3685 σῶν
2565 3630 2940 3711 πταισμάτων,
2975 3630 3037 3685 τὸ
3075 3631 3132 3686 δὲ
3162 3616 3525 3703 φθονούμενον
3553 3636 3608 3686 ὲν
3650 3618 3733 3689 σοι

2157 3723 2368 3795 κρύπτε
2416 3722 2616 3795 μᾶλλον
2662 3721 2758 3776 τοῦ
2793 3721 3134 3792 φθονοῦντος.
3180 3723 3351 3794 Ὅταν
3379 3728 3406 3779 ό
3442 3726 3533 3790 σδς
3578 3725 3730 3796 φίλος

2156 3816 2277 3891 ταῖς
2324 3815 2443 3877 σαῖς
2482 3813 2592 3866 τῶν
2641 3815 2817 3868 πόνων
2863 3814 3162 3887 εὐφημίαις
3207 3798 3603 3886 ἐλαττούμενος
3649 3821 3729 3887 εἰς

2160 3908 2352 3977 φθόνον
2376 3908 2645 3977 ἐκτραπῇ,
2670 3905 2746 3968 ὡς
2773 3908 2869 3959 καί⁹
2901 3907 3013 3968 τοῖς
3063 3905 3222 3977 πέριξ
3249 3906 3473 3977 ῥήματα
3515 3908 3729 3962 κενοδο-

2162 3998 2279 4064 ξίας
2307 3995 2609 4062 ἀκοντίζειν
2648 4015 2740 4050 σου
2771 3999 2884 4061 τοῖς
2912 3998 3113 4075 πόνοις,
3136 3998 3282 4061 ὅπως
3305 4000 3402 4066 τὴν
3427 3999 3734 4071 διατρέχου-

2162 4105 2261 4141 σαν
2310 4089 2436 4163 περὶ
2478 4087 2571 4142 σοῦ
2615 4087 2771 4152 δόξαν
2814 4082 3080 4160 συσκιάσῃ
3109 4090 3223 4152 τοῖς
3258 4095 3371 4154 σοῖς
3408 4094 3724 4165 σκώμμασι,

2159 4180 2279 4235 τότε
2311 4177 2385 4252 μὴ
2420 4180 2486 4250 τῇ
2519 4179 2729 4233 ἐκείνου
2772 4178 3037 4250 βασκανίᾳ
3078 4179 3360 4251 προσέχων
3389 4180 3619 4254 δηχθῇς.
3645 4183 3729 4237 ἵνα

2161 4268 2238 4339 μὴ
2280 4269 2357 4322 ίὸν
2384 4269 2578 4340 πικρὸν
2623 4272 2690 4341 τῇ
2722 4268 2868 4341 ψυχῇ
2918 4285 3015 4324 σου
3050 4270 3395 4344 σιφωνίσῃςμ
3424 4270 3597 4327 Τοῦτο
3623 4274 3728 4344 γὰρ

2158 4358 2320 4429 ἔργον
2342 4358 2436 4413 τοῦ
2458 4359 2697 4423 Σατανᾶ,
2735 4359 2823 4411 ἵνα
2864 4360 3072 4415 ἐκεῖνον
3101 4359 3201 4430 μὲν
3227 4360 3305 4431 τῷ
3344 4362 3525 4434 φθόνῳ
3555 4365 3728 4419 ἐκπυ-

2164 4445 2335 4519 ρώσῃ,
2361 4450 2420 4501 σὲ
2449 4447 2506 4501 δὲ
2529 4447 2723 4521 πικρίᾳ
2761 4449 3037 4521 ἀναλώσῃ.
3067 4451 3463 4523 Ταπεινώμεθα
3504 4454 3563 4509 δὲ
3598 4455 3731 4526 μᾶλ-

2159 4540 2269 4606 λον,
2301 4542 2396 4593 κα)⁸
2421 4543 2485 4611 τῇ
2523 4542 2657 4611 τιμῇ
2687 4542 2812 4603 τοὺς
2837 4540 3113 4606 τοιούτους
3134 4544 3506 4615 προηγώμεθα
3531 4547 3729 4619 ἐξημε-

2162 4629 2380 4707 ροῦντες
2399 4630 2596 4694 αὐτῶν,
2647 4631 2742 4685 καὶ
2793 4630 2883 4685 διὰ
2916 4632 3195 4704 τραπέζης
3244 4634 3305 4688 τὸ
3343 4636 3613 4707 ἀγριωθὲν
3655 4638 3728 4707 τῷ

493 4734 651 4783 sona,
702 4718 902 4773 invidia
946 4721 1222 4789 vltuperes
1256 4719 1514 4789 amicum,
1555 4731 1616 4779 ut
1654 4726 1812 4796 quasi
1847 4742 1911 4781 ex
1952 4727 2053 4783 alio

2162 4705 2310 4792 ζήλῳ
2358 4721 2634 4791 φρόνημα.
2671 4721 2763 4793 Μὴ
2807 4721 2883 4784 ὡς
2926 4721 2989 4790 ἐξ
3029 4722 3214 4794 ἑτέρου
3265 4705 3563 4795 προσώπου
3600 4705 3728 4797 ψέγε

493 4810 739 4865 videlicet
764 4826 860 4865 ore
880 4809 1057 4879 ipsum
1088 4812 1507 4881 reprehendens,
1547 4815 1779 4885 teipsum
1807 4819 1954 4873 velut
1978 4819 2064 4872 in-o

497 4913 781 4958 nocentem
821 4902 1008 4970 facias,
1068 4911 1124 4958 et
1163 4904 1311 4960 velut
1351 4905 1790 4976 irreprehensum
1834 4911 2058 4965 exultes.

494 4991 618 5053 llaec
656 5003 740 5048 est
774 4993 919 5049 enim
969 4993 1371 5061 transﬂguratio
1409 4993 1655 5060 Satanae,
1701 4996 1798 5064 qui
1834 5011 1901 5050 ex
1934 5011 2061 5066 per-

492 5095 625 5135 sona
648 5082 918 5152 serpentis
940 5082 1280 5139 Altissimum
1309 5084 1670 5154 vituperabat,
1703 5093 1782 5150 ut,
1801 5086 1957 5155 quasi
1995 5102 2064 5143 ex

491 5174 598 5231 alio
632 5175 880 5230 videlicet
905 5191 998 5231 ore
1030 5175 1291 5245 suiipsius
1312 5174 1423 5230 Deo
1450 5176 1750 5235 attribuens
1776 5177 2057 5246 invidiam,

492 5263 608 5332 ipse
663 5273 918 5332 tanquam
962 5266 1178 5320 invidia
1217 5280 1416 5335 expers
1462 5265 1868 5327 existimaretur
1909 5285 1923 5321 :
1966 5284 2056 5332 ne,

491 5353 649 5422 quasi
689 5354 852 5409 velles
881 5355 1187 5424 subjectum
1223 5355 1423 5410 habere
1451 5353 1671 5409 fratrem
1686 5394 1713 5421 ,,
1739 5365 1912 5414 tentes
1939 5356 2061 5429 ejus

493 5451 771 5509 peccatum
812 5443 1234 5510 deprehendere,
1274 5452 1334 5498 ut
1369 5457 1479 5499 non
1515 5445 1806 5511 inveniatis
1846 5444 2059 5507 Satanae

494 5540 834 5597 cooperator.
885 5531 988 5596 Qui
1034 5533 1295 5600 peccavit,
1345 5549 1452 5589 non
1497 5534 1765 5601 observet,
1813 5537 1956 5606 quod
2006 5546 2061 5594 et

494 5618 584 5681 alii
623 5621 812 5681 dicunt
860 5623 940 5676 vel
977 5635 1222 5690 peccant,
1249 5639 1315 5679 ac
1349 5620 1396 5684 si
1434 5640 1540 5680 non
1582 5626 1731 5685 solus
1767 5625 1924 5693 iuret,
1957 5633 2051 5700 qui

2159 4812 2303 4883 ζήλῳ
2323 4811 2414 4866 τὸν
2435 4813 2606 4880 φίλον,
2641 4812 2730 4866 ἵνα
2758 4813 2833 4876 ὠς
2872 4812 3116 4877 ὲξάλλου
3139 4814 3300 4884 δῆθεν
3327 4817 3598 4887 στόματος
3637 4820 3728 4889 dai-

2157 4920 2269 4970 γων
2291 4904 2515 4969 ἐκεῖνον,
2551 4906 2746 4957 σαυτὸν
2769 4903 2845 4967 ὡς
2877 4904 3054 4959 ἀθῶον
3094 4907 3352 4978 ποιήσῃς,
3380 4910 3479 4963 καὶ
3498 4910 3574 4973 ὡς
3603 4913 3729 4981 ἀψο-

2157 5010 2252 5061 γον
2262 4994 2508 5068 ὑφάπτεις.
2535 4995 2707 5055 Τοῦτο
2726 4996 2832 5068 γὰρ
2857 4998 3359 5067 μπασχημάτιρμα
3383 5000 3479 5054 τοῦ
3494 5001 3725 5063 Σατανᾶ.

2134 5083 2253 5143 ,τοῦ
2283 5086 2350 5139 ὲκ
2386 5084 2681 5156 προσώπου
2714 5086 2894 5156 ὄφεως
2910 5082 3001 5138 τὸν
3015 5084 3278 5155 Ὕψιστον
3310 5086 3576 5157 ψέγοντος
3600 5130 3617 5153 ,
3649 5091 3727 5144 ἵνα

2138 5174 2241 5238 ὡς
2276 5173 2338 5239 εξ
2375 5175 2563 5246 ἑτέρον
2605 5175 2771 5246 δῆθεν
2793 5175 3060 5247 στόματος
3096 5176 3187 5237 τὸν
3212 5176 3410 5238 ἑαυτοῦ
3433 5177 3628 5245 φθόνον
3656 5180 3727 5247 τῷ

2164 5264 2286 5336 Θεῷ
2323 5265 2639 5335 προσάψας,
2683 5266 2845 5329 αὐτὸς
2892 5266 2969 5330 ὡς
3014 5265 3245 5335 ἄφθονος
3281 5265 3595 5337 νομίζηται.
3643 5270 3725 5338 Μὴ

2166 5355 2242 5419 ὡς
2275 5356 2563 5413 ὑπόδουλον
2603 5356 2771 5410 θέλων
2800 5357 2945 5427 ἔχειν
2987 5357 3081 5411 τὸν
3107 5357 3362 5427 ἀδελφὸν,
3396 5359 3575 5430 πειρῶ
3607 5360 3726 5414 1:06-

2169 5465 2258 5501 ιου
2296 5450 2541 5519 πταῖσμα
2581 5438 2925 5514 καταλαϐεῖδ,
2959 5449 3051 5509 ἵνα,
3076 5450 3151 5521 μὴ
3186 5451 3459 5521 συνεργὸς
3506 5451 3727 5521 εὑρεθῇς

2162 5537 2257 5597 τοῦ
2317 5539 2548 5602 Σατανᾶ.
2610 5540 2668 5592 '0
2719 5541 2970 5604 πταίσας,
3025 5541 3124 5595 καὶ
3173 5540 3398 5610 ἑτέρους
3440 5540 3640 5609 λέγειν,
3693 5539 3722 5611 ἦ

2166 5628 2378 5685 πταίειν
2403 5628 2479 5700 μὴ
2500 5630 2848 5701 ἐπιτηρείτω,
2873 5630 2959 5687 ἵνα
2983 5631 3061 5703 ὡς
3081 5628 3165 5705 μὴ,
3186 5629 3346 5699 μόνος
3438 5627 3721 5705 συμπεσὼν
