4046 6152
384 341 518 407 1117

1466 343 1906 406 ἸἮΑΟΤΑΤΗΞ
1944 347 2044 406 AD
2082 347 2506 409 EULOGIUM.

3507 339 3641 406 1118

384 452 458 524 τῷ
491 451 669 523 κακῷ,
705 452 841 525 ὅπερ
866 454 963 524 τῆς
990 447 1316 517 ἐκπτώσεως
1353 454 1446 510 τοῦ
1473 456 1722 510 διαϐόλου
1752 457 1965 528 πρῶτον

2091 474 2122 510 n
2149 457 2349 512 nialum
2376 455 2670 525 inciderit;
2708 456 2853 526 quod
2888 454 3032 512 idem
3065 453 3230 508 etiam
3262 459 3399 520 opus
3427 459 3509 506 est
3531 451 3643 519 pll-

383 549 476 602 καὶ
512 544 671 599 τοῦτο
718 543 882 616 ἔργον
919 545 1089 600 ἐστίν.
1140 545 1324 600 Ἔστω
1368 547 1426 599 δὲ
1484 547 1962 618 μεταμελούμενος

382 634 468 704 ἐφ’
490 629 571 696 οἷς
590 634 812 696 ἀτόποις
839 634 1074 704 ἔπραξεν
1099 633 1303 705 ἔργοιςο
1323 635 1414 689 τὸν
1434 637 1536 708 τῆς
1559 631 1622 690 λυ
1633 657 1736 708 πης
1766 638 1961 708 θρῆνον

384 728 505 790 κατ’
548 726 728 778 αὐτῶν
770 726 1167 793 ἐπιγινώσκων,
1202 729 1566 784 ἐπισπάσεται
1619 731 1675 783 δὲ
1727 733 1820 784 καὶ
1863 731 1961 801 τὴν

385 820 762 888 πρωτοστάτιν
801 818 910 871 τῶν
959 819 1136 874 πόνων
1172 822 1418 892 ἡσυχίαν,
1469 823 1766 892 φαίνουσαν
1814 823 1964 894 αὐτῷ

382 907 482 976 τὴν
515 906 901 976 πολυόμματον
927 907 1034 960 τῶν
1063 910 1270 979 ἀρετῶν
1294 912 1545 984 θεωρίαν.
1589 913 1646 965 ’0
1675 913 1965 984 ἡσυχάζων

383 1001 450 1069 τῇ
483 997 723 1074 γλώττῃ,
761 999 904 1053 κατά
943 1001 1052 1054 τῶν
1074 1002 1352 1072 λογισμῶν
1384 1005 1748 1076 ἀνδριζὲσθωο
1790 1008 1822 1074 ἡ
1857 1006 1966 1077 γὰρ

385 1091 486 1157 τῆς
519 1089 698 1161 ψυχῆς
721 1091 940 1164 ἀνδρεία
969 1093 1070 1144 οὐκ
1098 1097 1158 1146 ὲν
1185 1097 1250 1166 τῇ
1281 1095 1480 1166 ἠσυχίᾳ
1504 1095 1779 1149 δείκνυται
1812 1096 1970 1166 μόνον

387 1182 482 1236 τοῦ
518 1183 810 1252 στόματος,
851 1184 985 1238 ἀλλά
1025 1187 1117 1238 καὶ
1146 1188 1204 1239 ἐν
1242 1189 1306 1257 τῇ
1333 1186 1440 1239 τῶν
1474 1187 1751 1258 λογισμῶν
1775 1191 1972 1259 ἀνδρα-

389 1273 574 1353 γαθίᾳ,
607 1273 702 1332 καὶ
741 1276 806 1344 τῇ
853 1273 961 1327 τῶν
1002 1274 1234 1346 ὕϐρεων,
1267 1276 1362 1329 καὶ
1395 1277 1618 1330 ἀδικιῶν
1660 1279 1970 1349 εὐσταθείᾳο

391 1363 643 1423 ἐντεῦθεν
666 1364 776 1433 γὰρ
826 1365 879 1418 αί
911 1366 1087 1418 δειναὶ
1115 1368 1377 1438 μάστιγες
1416 1367 1507 1422 τοῦ
1536 1359 1785 1423 διαϐόλου
1813 1386 1971 1441 περι-

392 1455 732 1510 τινάσσονται
757 1458 814 1511 ἐν
847 1459 967 1521 ταῖς
1000 1459 1334 1530 συντυχίαις.

979 1667 1230 1724 ΚΕΦΑΛ.
1278 1666 1380 1722 ΙΘ’.

464 1775 556 1847 Μὴ
579 1776 753 1847 στόμα
784 1779 966 1848 μόνον,
997 1780 1132 1833 ἀλλά
1173 1782 1268 1834 καὶ
1304 1781 1502 1852 καρδία
1528 1781 1820 1852 τηρείσθω,
1854 1781 1974 1835 τοτὲ

391 1867 500 1939 γὰρ
516 1869 860 1940 ἀμαυροῦται
889 1871 986 1940 τῆς
1003 1871 1184 1942 ψυχῆς
1211 1873 1273 1925 τὸ
1289 1872 1444 1943 ὄμμα
1463 1873 1542 1943 τῷ
1559 1875 1661 1944 τῆς
1682 1874 1974 1942 ἀρεσκείας

391 1959 619 2030 ὄμματι,
673 1961 768 2014 τοῦ
821 1961 910 2015 νοῦ
958 1964 1329 2032 παυσομένου.
1365 1965 1546 2017 Ἔστω
1579 1981 1672 2018 σου
1721 1966 1899 2036 πηρὸς
1949 1967 1977 2018 ὁ

391 2049 515 2112 νοῦς
548 2049 678 2119 περὶ
699 2051 766 2103 τὰ
785 2050 1059 2120 αἴσχιστα,
1092 2051 1295 2121 Κύριος
1323 2053 1431 2122 γάρ
1455 2057 1612 2121 σοφοί
1642 2053 1770 2114 τοὺς
1798 2047 1976 2104 τοιού-

392 2159 516 2206 τους
534 2143 806 2212 τυφλοὺς,
849 2143 1155 2214 διορατικὺς
1191 2145 1248 2196 δὲ
1274 2144 1404 2213 περὶ
1449 2143 1518 2196 τά
1570 2144 1853 2208 κάλλιστα,
1889 2144 1976 2196 ἵνα

394 2231 747 2304 ἑκτυφλώττῃ
775 2233 902 2304 περὶ
933 2233 1005 2285 τὰ
1033 2233 1288 2287 κάκιστα.
1324 2233 1453 2286 Νόει
1481 2233 1537 2286 δέ
1574 2251 1685 2304 μοι,
1717 2233 1976 2305 πορνείας

395 2317 536 2377 εἶναι
570 2322 663 2377 δύο
682 2325 739 2376 ὲν
768 2323 1032 2394 διαιρέσει
1051 2323 1424 2392 ὲζυγωμένας,
1448 2323 1547 2394 τὴν
1577 2324 1673 2378 τοῦ
1702 2323 1974 2394 σώματος,

397 2414 494 2465 atat
525 2411 622 2482 τὴν
648 2413 740 2466 τοῦ
785 2415 1114 2484 πνεύματος·
1143 2413 1273 2466 ὅταν
1307 2414 1568 2485 λογισμὸς
1609 2415 1867 2486 πορνείας
1901 2413 1978 2484 τῷ

403 2501 670 2573 πνεύματί
722 2521 814 2557 σου
850 2505 1126 2574 μίγνυται,
1160 2505 1282 2559 τότε
1309 2505 1665 2574 ὶκτυπώματι
1706 2505 1914 2575 πλάνης
1943 2507 1977 2576 ἡ

395 2593 539 2664 ψυχή
573 2611 668 2646 σου
702 2595 1039 2662 συγγίνεται.
1076 2595 1363 2668 Προσώπῳ
1389 2595 1608 2667 θηλείας
1643 2596 1977 2666 σχηματίζε-

394 2697 486 2736 ται
533 2683 764 2753 δαίμων,
818 2685 904 2738 ἵνα
954 2686 1220 2758 φαρμάξῃ
1274 2685 1373 2756 τὴν
1420 2687 1599 2756 ψυχὴν
1647 2687 1764 2756 μετ’
1812 2685 1976 2739 αὑτοῦ

399 2776 760 2846 ονμμιγῆναι·
793 2779 1008 2849 μορφῆς
1034 2778 1265 2849 γλύμμα
1299 2782 1456 2849 φορεί
1495 2779 1738 2851 ἄσαρκος
1769 2778 1979 2849 δαίμων

400 2865 482 2922 ἶνα
518 2867 765 2936 λογισμῷ
810 2868 1095 2940 ἀκολάστῳ
1132 2870 1234 2938 τὴν
1265 2868 1443 2938 ψυχὴν
1486 2867 1851 2940 ἐκπορνεύσῃ.
1881 2871 1974 2942 Μὴ

2069 566 2217 604 mum
2264 549 2464 603 diaboli
2495 563 2689 616 casus;
2746 548 2819 602 sit
2850 561 2980 602 vero
3021 544 3291 614 pcenitens
3318 542 3372 595 in
3402 542 3486 595 bis
3524 557 3646 609 quae

2069 641 2365 707 commisit,
2425 639 2936 696 inconvenientibus
2978 635 3260 707 operibus,
3316 631 3522 687 doloris
3562 631 3647 684 lu...

2069 745 2216 790 ctum
2254 734 2515 788 adversus
2553 748 2614 785 ea
2651 731 3012 800 recognoscit,
3061 735 3408 782 consectetur
3440 733 3650 787 autem,

2070 833 2124 877 et
2188 823 2432 875 laborum
2478 821 2760 890 praesidem
2821 819 3081 887 quietem,
3137 815 3478 868 exhibentem
3544 810 3650 878 ipsi

2070 915 2330 966 virtutum
2382 911 2896 978 contemplationem
2943 907 3313 976 multipliciter
3352 905 3648 958 oeulatam.

2073 1002 2176 1069 Qui
2219 1004 2456 1072 linguam
2494 1001 2710 1056 silentio
2748 1003 3095 1061 moderatur,
3129 997 3343 1049 virilem
3385 995 3678 1047 adversus"

2076 1081 2432 1164 cogitationes
2471 1094 2661 1147 imluat
2695 1091 2937 1145 animum
2967 1107 2981 1155 ;
3025 1091 3222 1142 anima:
3251 1087 3450 1155 quippe
3495 1083 3650 1136 forti-

2078 1191 2206 1241 tudo
2238 1202 2341 1240 non
2372 1188 2546 1241 solum
2589 1185 2896 1238 ostenditur
2929 1183 2980 1236 in
3013 1183 3124 1236 oris
3151 1179 3444 1248 tranquillo
3485 1161 3651 1241 silem

2077 1277 2171 1341 tio,
2199 1276 2292 1331 Sed
2320 1286 2372 1331 et
2401 1277 2452 1329 in
2479 1275 2865 1343 cogitationum
2904 1273 3244 1332 strenuitate,
3277 1279 3327 1320 et
3364 1278 3650 1332 contumee

2073 1369 2267 1423 liarum
2330 1376 2493 1434 atque
2535 1367 2858 1435 injuriarum
2900 1362 3195 1433 patientia;
3240 1359 3365 1414 inde
3421 1355 3652 1424 ruantque

2078 1460 2358 1515 horribilia
2389 1459 2596 1529 ﬂagella
2635 1457 2835 1511 diaboli
2871 1453 3398 1524 circumquatimitur
3439 1450 3492 1502 in
3524 1463 3654 1504 con-

2077 1551 2495 1607 versationibus.
3410 1540 3412 1542 ’

2650 1657 2878 1713 CAPUT
2915 1655 3056 1711 ΧΙΧ.

2145 1773 2262 1828 Νοιι
2284 1789 2348 1829 os
2377 1773 2742 1836 solummodo,
2768 1785 2952 1826 verum
2973 1769 3135 1823 etiam
3159 1781 3252 1828 cor
3273 1763 3652 1828 custodiatur;

2077 1872 2207 1919 tunc
2239 1865 2385 1918 enim
2419 1863 2611 1914 oculus
2641 1861 2839 1914 animae
2871 1858 3191 1913 obfuseatur
3215 1857 3284 1908 ab
3312 1855 3475 1908 oculo
3507 1854 3654 1915 lepo-

2076 1953 2178 2015 ris,
2208 1965 2302 2005 seu
2335 1948 2542 2004 facetia:
2575 1949 2626 2002 in
2658 1963 2930 2011 sermone,
2959 1962 3082 2000 cum
3137 1960 3289 1998 mens
3323 1943 3657 2011 acquieverit

2076 2056 2140 2098 ac
2173 2041 2399 2094 cessarit
2429 2056 2443 2092 :
2479 2054 2634 2092 meus
2665 2047 2752 2091 tua
2786 2035 2950 2107 5.30
2975 2045 3131 2105 capta
3165 2035 3235 2089 sit
3263 2033 3439 2087 oculis
3463 2032 3527 2085 ad
3567 2046 3659 2084 res

2077 2132 2423 2202 turpissimos
2461 2129 2620 2201 (tales
2644 2131 2788 2184 enim
2836 2145 3012 2183 caecos
3053 2127 3318 2180 Dominus
3353 2123 3529 2177 reddit
3568 2138 3657 2175 sa-

2079 2225 2331 2294 pientes),
2356 2223 2637 2294 perspicax
2672 2237 2798 2276 vero
2829 2222 2896 2276 ad
2923 2236 3011 2275 res
3037 2217 3472 2279 honestissimas,
3503 2215 3576 2267 ita
3601 2224 3658 2266 ut

2079 2319 2159 2372 sis
2181 2317 2246 2371 ad
2275 2315 2544 2386 pessimas
2577 2323 2902 2369 exctccatus.
2939 2312 3179 2381 Intellige
3215 2323 3346 2362 vero
3368 2309 3503 2362 duas
3535 2321 3662 2360 esse-

2079 2409 2442 2474 seortationes
2493 2423 2616 2462 cum
2667 2405 3019 2461 distinctione
3075 2402 3434 2471 conjunctas,
3491 2412 3654 2451 unam

2079 2501 2350 2572 corporis,
2404 2509 2460 2554 et
2513 2499 2743 2552 alteram
2802 2497 3030 2566 spiritus
3073 2513 3086 2549 :
3126 2493 3345 2563 quando
3399 2489 3663 2556 cogitatio

2079 2593 2434 2651 scortationis
2477 2601 2575 2645 tuo
2613 2589 2941 2644 admiscetur
2982 2586 3246 2657 spiritui,
3285 2595 3416 2638 tunc
3477 2581 3660 2634 anima

2082 2694 2173 2738 tua
2203 2699 2328 2736 cum
2360 2682 2534 2752 ettigie
2571 2679 2914 2748 deceptionis
2943 2677 3225 2736 coalescit.
3272 2675 3490 2728 Daemon
3524 2672 3661 2742 figu-

2082 2784 2234 2828 ratur
2257 2773 2312 2826 in
2330 2788 2574 2846 persona
2605 2770 2844 2836 feminae,
2870 2780 2925 2824 ut
2949 2770 3104 2840 quasi
3133 2765 3395 2823 veneficio
3418 2765 3659 2819 animam

2083 2874 2234 2919 tuam
2267 2863 2458 2922 illiciat
2490 2872 2549 2916 ut
2570 2877 2759 2918 secum
2788 2861 3214 2916 commisceatur
3247 2876 3260 2912 :
3295 2857 3528 2918 daemon,
3562 2853 3662 2921 qui

400 2955 495 3015 οὖν
532 2956 911 3025 συγκαλύπτου
930 2958 1180 3029 ειίὸωλείῳ
1209 2960 1565 3030 ἀνυπάρκτῳ,
1590 2959 1677 3012 ἵνα
1700 2960 1774 3030 μὴ
1797 2961 1890 3014 καὶ
1915 2963 1982 3032 τῇ

2087 2971 2308 3010 carnem
2358 2969 2469 3008 non
2519 2954 2700 3016 liabet,
2755 2953 3092 3021 seulpturam
3134 2948 3311 3003 induit
3347 2948 3560 3009 formae,
3606 2954 3663 2997 ut

402 3045 649 3118 σαρκιτὸ
679 3048 864 3116 ὅμοιον
883 3047 1117 3120 δράσῃς,
1143 3047 1415 3118 πνεύματι
1450 3049 1708 3119 πορνείας
1741 3051 1983 3120 enim].

404 3143 578 3208 θησαν
601 3139 650 3192 ot
679 3137 910 3196 τοιοῦτοι
932 3139 983 3192 ot
1010 3139 1109 3202 τὰς
1136 3139 1284 3194 ἔνδον
1317 3140 1565 3211 μοιχείας
1591 3139 1701 3192 τῶν
1735 3139 1983 3208 πνευμά-

399 3248 510 3287 των
533 3248 615 3302 τῳ
637 3230 857 3302 σταυρῷ
883 3232 957 3302 μὴ
985 3231 1288 3295 σοϐοῦντες.
1319 3232 1510 3297 Αῐκιζε
1542 3233 1667 3296 τοὺς
1688 3232 1986 3303 λογισμοὺς

403 3324 590 3394 ἀσιτίᾳ
619 3323 946 3394 βρωμάτων,
987 3325 1075 3378 ἵνα
1116 3326 1191 3396 μὴ
1229 3327 1480 3396 πορνεία,
1528 3324 1666 3380 ἀλλὰ
1709 3325 1869 3395 πείνῃ
1893 3325 1988 3378 λα-

404 3413 774 3485 λῶσινο-εὑλῆς
799 3415 1076 3486 ἀγρυπνίᾳ
1102 3420 1298 3488 στῆσον
1344 3418 1601 3488 δάκρυον,
1625 3419 1709 3473 ἵνα
1738 3417 1996 3492 βοήθειαν.

409 3501 581 3574 λάϐῃς
630 3520 721 3557 τοι.
764 3505 1030 3576 παρόντος
1080 3503 1338 3574 πολέμου.
1401 3507 1491 3560 Ἐν
1539 3506 1718 3576 καιρῷ
1751 3506 1846 3560 τοῦ
1891 3507 1988 3576 τῆς

412 3590 668 3660 πορνείας
706 3592 942 3662 πολέμου
972 3593 1070 3656 τὰς
1089 3589 1307 3661 κλήσεις
1335 3591 1442 3645 τῶν
1476 3592 1805 3662 ἑστιατόρων
1848 3607 1988 3660 παρ-

410 3681 652 3752 αίτησαι,
703 3683 796 3734 καὶ
845 3683 936 3735 τὸν
1016 3683 1114 3751 μὲν
1163 3682 1309 3747 ξένον
1350 3684 1650 3737 ὶπιστάντα
1699 3680 1988 3752 ὑπηρετῶν

407 3772 762 3840 ἀναπαύσεις,
802 3775 1027 3827 σεαυτὸν
1078 3775 1134 3828 δὲ
1185 3773 1764 3844 περικεκαλυμμὲνως,
1808 3771 1991 3840 ἀσιτία

407 3865 782 3937 περιφράξας.
815 3866 1046 3930 Διπλοῦς
1069 3866 1210 3922 ἔστω
1234 3883 1315 3924 σοι
1337 3866 1446 3919 τῶν
1469 3863 1795 3934 ἀμφοτέρων
1813 3863 1990 3932 ἔργων

404 3957 435 4015 ὁ
466 3956 656 4027 μισθὸς
675 3956 757 4009 ἐνὶ
783 3957 996 4026 ἑκάστῳ
1035 3957 1095 4010 τὺ
1133 3956 1438 4027 πρακτικὸν
1469 3955 1536 4008 δι’
1562 3955 1764 4025 ἀρετὴν
1793 3952 1991 4006 ἀπονέ-

409 4063 583 4120 μοντι·
613 4048 690 4119 μὴ
713 4047 897 4101 ἕνεκεν
926 4049 1163 4120 γαστρὸς
1194 4048 1441 4118 συνέσθιε
1481 4047 1559 4118 τῷ
1591 4044 1836 4116 ἀδελφῷ,
1876 4044 1990 4098 ἀλλ’

406 4138 592 4199 ῑνεκεν
622 4139 862 4211 Χριστοῦ
897 4139 1214 4205 συναυλίξου
1248 4142 1313 4210 τῇ
1343 4141 1552 4210 ἀγάπῃ.
1599 4138 1774 4207 Κόρος
1806 4135 1993 4189 σιτίων

407 4231 703 4301 λογισμοὺς
739 4231 955 4298 σιτίζει,
991 4233 1083 4286 καὶ
1111 4233 1343 4304 μέθυσος
1366 4231 1533 4285 ὕπνον
1566 4230 1866 4300 φαντασίας
1894 4245 1992 4281 πο-

407 4319 570 4386 τίζει.
604 4321 848 4393 Τέθνηκε
883 4323 1019 4394 μετά
1045 4301 1137 4376 τὸν
1172 4324 1433 4394 φάραγγα
1461 4311 1560 4392 τῆς
1585 4320 1802 4392 τρυφῆς
1831 4317 1990 4389 ἡδονὴ
2021 4301 2068 4359 D

410 4412 504 4469 xui.
551 4415 678 4467 πνεῖ
720 4415 780 4466 ὲν
813 4413 888 4484 τῷ
920 4413 1076 4484 τάφῳ
1101 4413 1172 4466 τά
1209 4413 1311 4482 τῆς
1351 4412 1590 4482 γαστρὸς
1620 4409 1987 4479 λαγνεύματα.

408 4505 472 4557 Οί
503 4505 652 4558 πόνοι
685 4505 785 4576 τῆς
809 4505 1143 4576 κληρουχίας
1179 4503 1502 4558 τελευτῶσιν
1534 4503 1614 4565 είς
1661 4501 1991 4562 ἀνάπαυσιν,

408 4595 459 4674 οἱ
480 4594 538 4651 δὲ
575 4595 767 4666 τρόποι
797 4596 898 4666 τῆς
921 4597 1134 4666 τρυφῆς
1161 4596 1490 4652 τελευτῶσιν
1515 4595 1596 4658 είς
1627 4594 1988 4646 κατακαυσιν.

419 4685 480 4738 '0
510 4687 606 4757 τῆς
641 4687 843 4758 σαρκὸς
885 4689 947 4741 τὸ
985 4687 1145 4751 ἄνθος
1185 4690 1255 4759 τῇ
1284 4689 1514 4759 ἀσκήσει
1557 4685 1837 4756 μαραίνων
1871 4680 1993 4735 καθ’

410 4781 624 4852 ἡμέραν
671 4783 729 4835 ὲν
774 4785 842 4853 τῇ
901 4783 1068 4854 σαρκὶ
1103 4782 1305 4854 μελετᾷ
1349 4782 1450 4854 τὴν
1482 4778 1678 4837 ἑαυτοῦ
1709 4777 1992 4848 τελευτήν.

410 4871 652 4943 Καρδίας
673 4871 948 4941 λογιστεία
973 4873 1032 4925 τὸ
1063 4871 1220 4942 σῶμα
1245 4889 1459 4942 συμμετ
1471 4871 1654 4941 ρείτω,
1677 4871 1764 4923 ἵνα
1791 4867 1868 4938 μὴ
1881 4862 2000 4920 τοὺ-

409 4977 505 5014 του
534 4962 855 5031 πληγέντος,
902 4963 996 5016 καὶ
1043 4957 1184 5032 αὕτη
1230 4964 1490 5033 κοπιάσγγ
1530 4959 1806 5031 ἀρκείσθω
1855 4957 1996 5027 σαρξ

410 5051 480 5106 τὰ
507 5053 715 5122 φυσικά
758 5054 1148 5126 περικόπτεινο
1191 5056 1224 5124 ἡ
1255 5053 1542 5122 σωματικὴ
1586 5068 1678 5104 σου
1723 5049 1998 5120 γυμνασία

411 5141 470 5196 ἐν
491 5148 603 5208 τοῖς
622 5146 808 5225 ῆθεσιν
825 5145 1240 5218 οίκονομείσθω,
1257 5145 1344 5205 ἵνα
1370 5143 1546 5217 μάθῃς
1569 5143 1764 5222 καρδίᾳ
1788 5143 1994 5205 πονεῖν,

413 5249 508 5316 καὶ
539 5249 684 5322 ψυχῇ
711 5255 1030 5322 συμπονεῖν.

2083 3044 2358 3114 impudica
2413 3044 2743 3113 cogitatione
2799 3043 3024 3097 scortari
3071 3039 3234 3094 faciat
3277 3038 3536 3092 animam.
3583 3031 3670 3088 Ne

2085 3139 2248 3214 igitur
2278 3153 2309 3191 a
2337 3137 2654 3201 simulacro,
2688 3135 2832 3205 quod
2871 3131 3280 3188 subsistentiam
3332 3142 3441 3181 non
3471 3127 3659 3190 habet,

2085 3228 2424 3299 contegaris,
2469 3242 2536 3282 ne
2581 3241 2746 3280 carne
2772 3225 2934 3278 etiam
2963 3222 3092 3292 quid
3128 3220 3306 3276 simile
3339 3226 3616 3288 perpetres
3647 3235 3660 3270 :

2085 3339 2116 3378 a
2161 3323 2359 3392 spiritu
2409 3319 2764 3375 scortationis
2801 3316 3009 3384 decepti
3059 3314 3211 3367 fuere
3259 3312 3320 3375 ii,
3362 3311 3453 3381 qui
3501 3324 3666 3364 cruce

2085 3429 2196 3466 non
2224 3412 2542 3482 repulerunt
2575 3409 2864 3478 spirituum
2904 3406 3186 3460 adulteria.
3229 3402 3427 3458 Crucia
3459 3402 3666 3472 cogita-

2089 3506 2266 3560 tiones
2311 3505 2560 3558 ciborum
2620 3501 2868 3570 penuria,
2923 3507 2984 3552 ut
3019 3513 3126 3552 non
3165 3498 3526 3555 scortatione,
3569 3491 3665 3547 sed

2087 3597 2271 3651 esurie
2306 3596 2632 3666 loquantur;
2665 3593 2847 3663 vigilia
2886 3590 3158 3645 orationis
3196 3589 3492 3658 lacrymam
3529 3598 3668 3638 con-

2090 3703 2358 3753 crescere,
2377 3703 2442 3743 ac
2463 3687 2667 3742 stillare
2695 3685 2883 3747 facito,
2911 3691 2970 3736 ut
2999 3681 3257 3735 instantis
3280 3679 3403 3734 belli
3430 3675 3670 3746 accipias

2093 3777 2378 3831 auxilium.
2422 3775 2479 3829 In
2511 3785 2752 3843 tempore
2777 3771 3070 3825 meretricii
3106 3771 3232 3823 belli
3263 3766 3668 3822 convivantium

2092 3867 2443 3920 invitationes
2481 3879 2715 3928 recusa;
2761 3871 2815 3916 et
2848 3860 3048 3929 hospiti
3089 3858 3308 3927 quidem
3341 3856 3535 3910 astanti
3574 3853 3674 3906 ad-

2093 3959 2435 4018 ministrans,
2468 3957 2645 4024 ipsum
2676 3953 3020 4022 requiescere
3061 3949 3255 4014 facias,
3287 3956 3338 4001 te
3370 3961 3498 3999 vero
3529 3947 3671 4000 clam

2095 4047 2532 4106 eircumvallabis
2589 4045 2820 4115 jejunio.
2870 4043 3168 4111 Utriusque
3222 4039 3402 4110 operis
3470 4038 3660 4102 duplex

2095 4155 2306 4195 merces
2341 4141 2414 4193 sit
2445 4139 2540 4191 tibi
2581 4136 2841 4191 tribuenti
2889 4135 3188 4201 unicuique
3227 4131 3443 4185 virtutis
3481 4144 3669 4193 causa,

2097 4234 2240 4305 quod
2264 4234 2329 4288 ad
2364 4226 2552 4288 actum.
2579 4233 2811 4301 pertinet
2843 4250 2857 4285 :
2895 4247 3000 4283 non
3029 4226 3231 4281 ventris
3265 4225 3437 4296 gratia
3482 4224 3670 4278 cibum

2096 4341 2281 4383 sumas
2321 4341 2443 4382 cum
2479 4324 2665 4390 fratre,
2708 4323 2800 4377 sed
2836 4331 3058 4392 propter
3086 4317 3364 4373 Christum
3401 4315 3672 4370 cbaritate

2094 4419 2199 4490 ipsi
2229 4418 2503 4483 cohabita,
2527 4424 2581 4471 et
2602 4427 2948 4470 conversare.
2965 4411 3200 4466 Satietas
3218 4424 3468 4464 escarum
3499 4407 3674 4475 pascit

2095 4511 2474 4582 cogitationes,
2518 4517 2572 4562 et
2605 4506 2792 4562 ebrius
2823 4521 3076 4560 somnum
3113 4508 3364 4574 perpotet
3406 4499 3677 4567 imagian

2095 4601 2286 4656 tionis.
2336 4599 2582 4654 Decessit
2613 4607 2736 4667 post
2776 4605 2962 4666 guttur
3001 4595 3162 4648 luxus
3201 4592 3470 4660 voluptas,
3525 4597 3576 4639 et
3618 4586 3677 4647 iu.

2098 4693 2350 4762 sepulcro
2387 4689 2675 4759 ex5pirant
2701 4690 2904 4742 ventris
2934 4686 3263 4741 salacitates.
3303 4682 3543 4734 Labores
3575 4693 3681 4729 aus.

2097 4783 2357 4840 steritatis
2376 4782 2636 4837 desinunt
2659 4780 2711 4833 in
2739 4780 2972 4848 quietem
2999 4794 3013 4841 ;
3042 4774 3184 4828 modi
3207 4787 3333 4826 vero
3355 4769 3677 4825 deliciarum

2099 4877 2296 4930 tiniunt
2323 4875 2378 4927 in
2410 4873 2746 4936 incendium,
2767 4869 2859 4939 qui
2893 4865 3280 4921 exercitatione
3296 4859 3454 4934 431
3485 4859 3675 4912 ﬂorent

2101 4968 2284 5025 carnis
2331 4966 2508 5022 reddit
2546 4965 2854 5027 flaceidum,
2911 4961 2967 5014 in
3023 4972 3187 5015 carne
3233 4954 3474 5022 quotidie
3517 4965 3675 5006 suam

2103 5062 2393 5116 meditatur
2440 5068 2696 5113 mortem.
2742 5054 2876 5114 Pars
2921 5051 3120 5112 cordis,
3166 5047 3358 5116 inqua
3393 5053 3475 5097 est
3513 5042 3676 5111 ratio,

2103 5163 2265 5226 atque
2291 5151 2607 5218 consilium,
2633 5163 2830 5216 corpus
2864 5148 3294 5199 commensuret.
3337 5153 3404 5191 ne
3434 5136 3536 5199 isto
3563 5134 3677 5184 rut.

2106 5256 2313 5311 nerato,
2333 5253 2385 5297 et
2410 5244 2589 5321 ipsum
2613 5254 2707 5294 cor
2727 5239 2933 5294 laboret
2959 5252 2976 5289 :
3003 5239 3263 5289 contenta
3289 5229 3359 5283 sit
3387 5243 3539 5293 caro,
3567 5242 3672 5287 res,

415 5354 552 5408 quas
581 5341 687 5394 fert
722 5350 950 5407 natura,
986 5339 1225 5395 recidere
1262 5358 1275 5394 :
1342 5338 1625 5408 corporale
1665 5349 1818 5404 tuum
1859 5335 2183 5394 exercitium
2257 5337 2312 5391 iu
2350 5312 2594 5390 moi-ibus
2664 5331 3032 5401 gubernetur,
3070 5332 3130 5378 ut
3189 5322 3368 5384 discas
3407 5316 3570 5372 corde
3596 5312 3678 5365 la-

415 5434 634 5502 borare,
658 5444 713 5489 et
735 5434 917 5492 anima
943 5433 1305 5500 collaborare.

1015 5546 1271 5599 ΚΕΦΑΛ.
1311 5546 1395 5597 K'.

486 5634 551 5686 υί
577 5633 670 5685 τοῦ
701 5633 997 5705 προσώπου
1036 5633 1134 5701 τὴν
1168 5633 1402 5702 ὠχρείαν
1429 5633 1487 5683 ὲν
1510 5632 1576 5700 τῇ
1610 5631 1840 5701 ἀσκήσει
1861 5630 1997 5698 λάμ-

421 5738 612 5797 ποντες
644 5727 735 5779 τὸν
776 5725 926 5794 παρὰ
973 5725 1080 5780 τῶν
1111 5725 1410 5796 ἀνθρώπων
1463 5721 1683 5775 ἔπαινον
1727 5723 1820 5775 καὶ
1872 5720 1996 5788 πρὶν

2690 5526 2918 5584 CAPUT

2173 5623 2279 5690 Qui
2339 5621 2495 5676 faciei
2548 5621 2756 5690 pallore
2824 5618 2877 5671 in
2935 5612 3326 5690 exercitatione
3386 5603 3675 5670 refulgent,

2104 5718 2351 5782 laudern,
2390 5729 2510 5783 quae
2540 5713 2784 5784 procedit
2852 5714 2920 5766 ab
2960 5705 3311 5768 hominibus,
3356 5696 3673 5769 priusquam
