4046 6152
434 291 574 357 lll9

1889 307 1951 368 S.
1979 306 2145 368 NlLI

3552 312 3684 374 119.0

423 380 672 474 [.lCCEGlll,
709 407 1024 479 projiciant,
1071 424 1196 464 cum
1227 424 1348 464 eam
1379 411 1633 486 cogitatio
1664 413 1829 469 etiam
1875 429 1999 470 ante

2103 416 2274 470 ἐλθεῖν
2329 419 2688 488 ριπτέτωσαν,
2735 421 2924 475 τοῦτον
2966 421 3059 476 τοῦ
3109 422 3393 493 λογ.σμοῦ,
3449 423 3541 476 καὶ
3581 425 3684 496 πρὸ

428 503 898 554 cenversationem
946 502 1293 557 intromittat.
1336 502 1568 570 Quando
1613 505 1824 561 diutino
1861 519 1999 562 tem-

431 607 563 661 pore
591 592 871 647 duraveris
896 593 1182 649 abstinens
1209 596 1356 662 vino,
1386 608 1440 651 et
1460 598 1601 663 oleo,
1628 608 1790 668 atque
1811 613 2002 669 super-

427 681 553 737 ﬂnis
582 683 930 752 quibuslibet,
964 695 1093 741 tunc
1129 703 1304 744 annos
1356 705 1419 744 ac
1454 699 1697 759 tempora
1731 705 1856 747 cum
1883 693 2000 745 lau-

427 775 588 829 dibus
613 778 1334 848 computantcogitationes,
1371 788 1429 834 ut
1462 782 1708 852 corporis
1744 798 1909 838 causa
1944 795 1998 838 :u

427 865 588 919 cedas
619 865 704 930 iis,
727 866 820 936 qui
851 877 902 922 te
936 880 1209 936 exercent,
1237 873 1534 928 laboribus.
1569 873 1700 929 lure
1729 875 1895 944 igitur
1933 892 1999 930 ex

428 955 657 1010 adverso
700 957 960 1029 improbis
1004 963 1330 1021 vociferabis
1373 969 1820 1037 supputaloribus
1849 986 2000 1039 qua--

427 1066 642 1122 cunque
671 1055 737 1107 ad
759 1069 950 1110 eorum
980 1056 1200 1128 ineptia:
1229 1060 1641 1118 subversionem
1673 1073 1804 1118 sunt
1827 1080 2000 1134 oppo-

429 1144 554 1198 sita.
586 1143 820 1210 Quidam
867 1147 1096 1204 fratrum
1142 1151 1358 1208 labores
1390 1164 1580 1210 contra
1623 1157 1896 1214 datmones
1933 1159 2002 1213 ab

433 1233 788 1292 interioribus
803 1240 1140 1308 approbatus
1160 1242 1423 1312 psallebat
1446 1262 1460 1300 :
1489 1264 1508 1298 ι
1539 1246 1870 1304 Avertantur
1892 1259 2002 1304 sta-

432 1325 531 1379 tim
563 1327 798 1392 confusi,
831 1331 922 1399 qui
949 1332 1137 1388 dicunt
1163 1334 1294 1389 mihi
1323 1352 1338 1390 :
1367 1334 1548 1408 Euge!
1581 1353 1719 1411 euge
1743 1340 1821 1394 "l
1865 1360 1882 1393 ι
1923 1340 2002 1398 Ne

426 1418 659 1496 suﬂ‘eras
712 1422 1120 1490 cogitationem,
1181 1442 1304 1496 qua:
1355 1428 1426 1484 sit
1477 1445 1542 1485 ex
1576 1432 1676 1498 eis,
1730 1448 1854 1503 qua
1900 1435 2000 1490 tibi

429 1510 726 1566 multorum
777 1529 1046 1571 annorum
1111 1519 1375 1574 circulum
1429 1521 1484 1576 in
1535 1523 1640 1577 vita
1701 1527 2001 1582 monastica

431 1604 702 1660 mansisse
738 1617 1055 1676 suggerunt,
1105 1625 1174 1664 ne
1213 1627 1278 1666 ex
1320 1613 1480 1668 annis
1522 1616 1754 1684 pendere
1799 1617 2000 1673 faciant

430 1696 642 1752 labores
667 1708 822 1767 tuos;
862 1717 964 1757 nec
989 1704 1042 1757 in
1077 1704 1392 1782 solitudinis
1426 1709 1704 1776 patientia,
1741 1710 1999 1780 jactantia

428 1789 686 1857 capiaris,
719 1793 814 1847 sed
855 1793 910 1848 in
950 1795 1241 1852 tolerantia
1273 1799 1551 1854 tenuitatis
1590 1809 1716 1866 tua,
1752 1803 2001 1858 inutilem

429 1881 690 1936 nimirum
712 1899 832 1939 esse
861 1898 1078 1940 servum
1124 1889 1458 1944 memineris.
1489 1891 1788 1956 Quemdam
1817 1909 2002 1950 senem

431 1971 736 2027 solitarium
775 1990 806 2029 e
860 1980 1238 2035 constantibus
1288 1982 1357 2036 ob
1394 1995 1724 2039 senectutem
1776 1988 2006 2056 profun-

419 2062 556 2132 dam
581 2079 647 2117 ex
678 2080 863 2120 eremo
894 2068 1084 2123 tollere
1117 2073 1422 2127 conabatur
1453 2076 1693 2146 aliquis;
1733 2079 1847 2148 ipse
1875 2094 2004 2135 vero

432 2153 499 2205 ad
530 2153 704 2222 ipsum
733 2175 745 2209 :
772 2155 985 2224 Desine,
1012 2160 1252 2230 inquit,a
1273 2164 1558 2233 violentia;
1592 2173 1829 2223 nondum
1856 2171 2000 2226 enim

431 2241 499 2294 ab
519 2243 714 2297 exsilio
736 2246 1052 2302 malefa‘ctor
1073 2265 1171 2319 ego
1198 2263 1483 2310 revocatus
1513 2272 1654 2312 sum.
1689 2257 1849 2329 532
1869 2260 1998 2315 Milli

429 2347 562 2387 vero
596 2333 894 2403 inquirenti
927 2337 1074 2393 hunc
1099 2340 1363 2396 doctrinae
1396 2359 1702 2400 sermonem
1733 2349 1997 2412 ediscere,

432 2423 510 2478 ait
557 2442 571 2478 :
610 2425 802 2490 Qumre
841 2429 1075 2497 primum
1124 2431 1397 2488 laboriose
1444 2436 1694 2491 timorem
1755 2439 2000 2505 insitum,

433 2524 672 2585 tuncque
735 2517 881 2574 intus
931 2536 1034 2575 usu
1087 2523 1318 2591 peritum
1374 2525 1617 2581 invenies
1669 2543 1999 2594 sermonem,

430 2607 526 2676 qui
569 2608 728 2661 docet
770 2610 1042 2665 hominem
1093 2614 1401 2668 scientiam.
1453 2617 1646 2670 Adhuc
1691 2629 1866 2672 autem
1913 2619 2003 2673 ille

431 2697 574 2751 idem
615 2699 982 2771 interrogatus
1023 2703 1089 2757 de
1123 2704 1351 2769 timore,
1392 2705 1473 2759 sic
1524 2709 1804 2776 respondit
1843 2727 1856 2760 :
1898 2708 2001 2774 Qui

432 2786 670 2840 sollicite
724 2789 917 2843 mortis
962 2792 1308 2857 recordatur,
1368 2793 1582 2846 ducitur
1631 2794 1794 2847 etiam
1843 2797 2002 2864 quasi

431 2887 575 2932 recta
603 2879 683 2933 via
723 2881 789 2934 ad
823 2881 1068 2936 timorem
1109 2885 1322 2952 iudicii.
1371 2883 1588 2940 Timore
1629 2885 1873 2955 quotidie
1902 2869 2002 2942 'fao

432 2967 665 3024 mili‘aris
715 2970 1021 3028 divinarum
1083 2974 1489 3045 Scripturarum
1540 2978 1742 3044 evade;
1810 2994 2000 3034 earum

2101 508 2200 578 τῆς
2248 511 2536 582 συντυχίας
2592 511 2738 564 ἔνδον
2790 513 3169 583 ἐμϐάλλοντος.
3212 514 3381 566 Ὅταν
3430 512 3684 594 χρονίσης

2102 601 2440 671 ἀπεχόμενος
2495 601 2663 668 οἴνου,
2712 606 2808 657 καὶ
2855 604 3057 671 ἐλαίου,
3102 605 3196 658 καὶ
3241 603 3350 657 τῶν
3391 605 3682 674 περιττῶν,

2102 691 2223 744 τότε
2273 693 2324 745 of.
2365 692 2614 765 λογισμοὶ
2653 695 2779 758 τοὺς
2826 697 3053 766 χρόνους
3102 713 3184 750 σοι
3228 694 3346 767 μετ’
3391 697 3684 765 ἐγκωμίων

2100 783 2430 853 ψηφίςουσιν
2468 786 2790 842 ὑπενδοῦναί
2835 805 2893 841 σε
2931 791 3042 852 τοῖς
3086 787 3267 852 πόνοις
3299 787 3386 841 διὰ
3416 789 3479 842 τὸ
3527 788 3683 858 σῶμα

2102 877 2458 944 γυμνάζουσι.
2506 877 2748 941 Εἰκότως
2795 873 2888 932 οὖν
2920 881 3032 943 τοῖς
3081 879 3497 950 κακογνὼμοσιν
3531 881 3681 934 ἀντιο

2102 967 2309 1042 φθέγξῃ
2337 968 2743 1039 διαψηφισταῖς,
2779 971 2881 1025 ὅσα
2909 971 3045 1042 πρὸς
3073 970 3384 1042 ἀνατροπὴν
3417 971 3518 1042 τῆς
3542 973 3680 1024 ἐκεί-

2101 1077 2208 1112 νων
2254 1061 2555 1131 σκαιωρίας
2585 1062 2935 1116 ἀντίκεινται.
2980 1062 3077 1126 Τίς
3108 1063 3216 1115 τῶν
3258 1062 3506 1132 ἀδελφῶν
3554 1062 3678 1127 τοὺς

2103 1151 2299 1216 πόνους
2326 1154 2468 1206 κατὰ
2499 1153 2794 1222 δαιμόνων,
2826 1155 2930 1208 ὑπὸ
2965 1154 3073 1208 τῶν
3113 1155 3259 1207 ἔνδον
3289 1154 3682 1228 ἐπαινούμενος

2101 1240 2351 1312 ἔψαλλεν.
2383 1263 2401 1296 ι
2448 1245 2980 1315 ’Δποστραφήτωσαν
3020 1247 3334 1315 παραυτίκα
3362 1247 3682 1317 αἰσχυνόμε-

2101 1351 2180 1388 νοι
2209 1335 2260 1388 oi
2296 1334 2546 1404 λέγοντές
2583 1353 2671 1408 μοι
2695 1353 2710 1369 ο
2736 1332 2912 1405 Εὖγει
2948 1334 3111 1405 εὖγεί
3147 1357 3164 1388 ι
3189 1337 3282 1407 Μὴ
3308 1337 3399 1390 τὸν
3423 1337 3680 1407 λογισμὸν

2100 1425 2313 1497 ἀνάσχῃ
2337 1427 2568 1498 πολυετῆ
2593 1444 2676 1480 σοι
2698 1427 2893 1481 κύκλον
2925 1428 2982 1482 ἐν
3007 1425 3082 1498 τῷ
3113 1429 3334 1500 μονήρει
3365 1428 3464 1500 βίῳ
3492 1429 3681 1498 φερόν-

2099 1534 2230 1581 των,
2264 1519 2348 1572 ἴνα
2376 1521 2450 1590 μή
2482 1536 2576 1573 σου
2603 1521 2728 1584 τοὺς
2754 1521 2946 1584 πόνους
2968 1523 3081 1584 τοῖς
3101 1520 3313 1592 χρόνοις
3333 1521 3677 1590 κρεμάσωσι,

2105 1608 2243 1678 μηδέ
2279 1610 2338 1661 ἐν
2383 1612 2450 1680 τῇ
2481 1609 2725 1680 ὑπομονῇ
2754 1609 2858 1680 τῆς
2887 1610 3124 1684 ἐρημίας
3159 1611 3424 1680 καυχήσει
3463 1610 3679 1680 ζωγρη-

2106 1697 2226 1767 θῇςο
2274 1697 2389 1752 ἀλλ’
2431 1699 2490 1751 ἐν
2537 1701 2601 1769 τῇ
2655 1700 2900 1772 ὑπομονῇ
2931 1700 3036 1770 τῆς
3069 1700 3313 1763 εὑτελίας
3364 1700 3459 1755 τοῦ
3496 1699 3680 1764 δοῦλος

2107 1789 2324 1859 ἀχρεῖος
2374 1785 2514 1844 εἶναι
2557 1790 2844 1862 μνήσθητι.
2894 1791 2996 1845 Διά
3026 1792 3202 1862 γῆρας
3236 1791 3370 1862 βαθύ
3416 1808 3537 1845 τινα
3572 1791 3679 1845 τῶν

2104 1880 2447 1952 καρτερικῶν
2479 1882 2851 1953 μονηρεμίτην
2879 1881 3192 1952 πρεσϐύτην
3222 1885 3290 1935 ἐκ.
3314 1882 3414 1951 τῆς
3440 1882 3676 1953 ἐρημίας

2103 1970 2282 2039 αἴρειν
2297 1971 2544 2038 ἐσιάξετό
2571 1991 2676 2037 τις.
2717 1971 2778 2027 Ὀ
2798 1973 2856 2027 δέ
2879 1973 3015 2045 πρὸς
3048 1973 3230 2028 αὐτόν’
3265 1973 3497 2040 Παῦσαι,
3521 1977 3672 2042 φησι,

2106 2062 2244 2132 βίας,
2281 2063 2433 2118 οὔπω
2465 2065 2574 2134 γὰρ
2609 2065 2710 2136 τῆς
2739 2064 2954 2136 ἐξορίας
2979 2067 3008 2117 ό
3040 2065 3345 2137 κακοῦργος
3375 2066 3678 2136 ἀνακέκληδ

2107 2171 2226 2226 μαι.
2254 2154 2550 2226 Ζητοῦντος
2571 2155 2629 2209 δέ
2661 2172 2761 2225 μου
2793 2155 2984 2211 τοῦτον
3018 2155 3498 2226 τῆςτδιδασκαλίας
3523 2159 3677 2227 λόγον

2106 2245 2317 2317 μαθεῖν,
2366 2246 2491 2316 ἔφη’
2537 2248 2719 2317 Ζήτει,
2767 2249 2980 2318 πρῶτον
3020 2249 3276 2319 ἐμπόνως
3302 2251 3396 2303 τὸν
3439 2251 3677 2321 ἔμφυτον

2103 2339 2288 2407 φόϐον,
2320 2341 2413 2394 καὶ
2440 2341 2562 2393 τότε
2594 2341 2742 2396 ἔνδον
2781 2342 3035 2412 εὑρήσεις
3079 2343 3173 2396 τὸν
3201 2342 3468 2413 ἔμπειρον
3490 2343 3668 2412 λόγον,

2101 2430 2194 2482 τὸν
2219 2431 2536 2486 διδάσκοντα
2562 2432 2848 2505 ἄνθρωπον
2881 2435 3101 2503 γνῶσιν.
3137 2436 3195 2487 '0
3214 2434 3260 2488 δ’
3277 2437 3439 2500 αὑτὸς
3469 2439 3678 2508 ἐπερωο

2103 2519 2218 2584 θεὶς
2243 2521 2336 2573 καὶ
2362 2523 2492 2591 περὶ
2513 2522 2700 2590 φόσου,
2728 2521 2904 2586 οὕτως
2921 2524 3278 2594 ἁπεκρίνατοο
3319 2525 3377 2577 Ὁ
3405 2527 3674 2597 μέριμναν

2103 2611 2243 2681 ἔχων
2295 2613 2390 2666 τοῦ
2440 2612 2672 2670 θανάτου
2711 2615 2810 2686 τὴν
2855 2616 3076 2687 μνήμην
3100 2657 3115 2681 ,
3153 2616 3424 2687 όδηγεῐται
3469 2620 3561 2671 καὶ
3595 2621 3673 2681 είς

2101 2702 2192 2754 τὸν
2218 2703 2314 2773 τῆς
2343 2703 2578 2772 κρίσεως
2597 2705 2778 2772 φόϐον.
2806 2704 2960 2776 Φόϐῳ
2985 2706 3093 2760 τῶν
3117 2707 3278 2761 θείων
3304 2709 3530 2778 Γραφῶν
3547 2711 3672 2762 καθ⁹

2103 2792 2337 2862 ἐκάστην
2385 2793 2670 2863 συνόμιλος
2693 2795 2844 2863 γίνου
2869 2812 2885 2827 ·
2917 2798 2982 2866 τῇ
3027 2796 3136 2864 γὰρ
3175 2796 3376 2849 τούτων
3415 2798 3669 2868 συνουσίᾳ

2103 2881 2378 2952 λογισμῶν
2423 2881 2652 2947 ἐξοίσεις
2699 2882 2936 2953 όμιλίάς.
2992 2883 3052 2937 '0
3112 2884 3311 2956 μελέτῃ
3360 2883 3460 2947 τὰς
3521 2883 3673 2948 θείας

2104 2974 2328 3044 Γραφάς
2364 2974 2709 3046 θησαυρίζων
2750 2977 2809 3028 ἐν
2845 2978 2912 3046 τῇ
2957 2975 3185 3049 καρδίᾳ,
3225 2976 3352 3039 τοὺς
3381 2975 3674 3046 λογισμοὺς

431 3061 632 3130 quippe
673 3066 948 3120 consortio
981 3068 1374 3137 cogitationum
1412 3071 1728 3140 exportabis
1767 3087 2002 3128 consue-

2103 3067 2167 3118 ἐκ
2193 3066 2398 3137 ταύτης
2431 3067 2627 3139 ῥᾳδίως
2647 3067 2918 3122 ἐκϐάλλει.
2948 3067 3590 3138 ’Δναγνώστι-νυκτερινῇ
3615 3068 3672 3120 ἐν

432 3153 664 3209 tudines.
693 3155 797 3220 Qui
828 3160 1177 3216 meditatione
1201 3177 1388 3218 sacras
1407 3162 1719 3232 Scripturas
1752 3166 1806 3219 in
1839 3165 2006 3220 corde

430 3245 594 3300 νυιυῑί
627 3247 943 3305 thesaurum
977 3253 1244 3318 recondit,
1281 3255 1429 3324 ejicit
1457 3271 1524 3309 ex
1553 3255 1648 3308 illo
1680 3255 1836 3310 facile
1858 3256 2006 3324 cogi-

433 3331 688 3388 tationes.
718 3335 995 3392 Nocturna
1036 3340 1268 3395 lectione
1309 3342 1364 3395 in
1405 3341 1606 3412 vigiliis
1643 3343 1859 3400 divinas
1903 3361 2004 3399 au-

431 3422 641 3478 dientes
667 3425 1000 3495 Seripturas,
1022 3445 1090 3484 ne
1110 3443 1303 3486 somno
1335 3433 1722 3488 mor-tificemus
1769 3451 1891 3505 qu:e
1910 3451 2008 3490 au-

432 3513 692 3581 divimus,
739 3533 916 3586 neque
969 3521 1358 3589 cogitationum
1414 3525 1712 3593 captivitati
1765 3527 2006 3582 animam

435 3605 735 3671 tradamus,
771 3609 864 3662 sed
915 3623 1011 3664 eor
1048 3626 1328 3667 sacrarum
1367 3614 1769 3684 Scripturarum
1815 3620 2006 3674 aculeo

432 3709 884 3766 eompungamus,
919 3709 979 3755 ut
1007 3703 1425 3772 compunctione
1454 3705 1746 3777 diligentia
1788 3719 2005 3765 contra-

434 3786 570 3841 riam
601 3789 934 3848 disseeemus
963 3795 1368 3865 negligentiam.

1013 3907 1243 3966 CAPUT
1278 3909 1420 3966 XXI.

510 4012 690 4084 Aliqui
714 4025 933 4086 propter
963 4018 1187 4085 famam,
1217 4031 1270 4075 et
1299 4037 1405 4076 non
1441 4033 1659 4094 propter
1690 4026 2002 4097 diligentem

435 4103 632 4160 animae
670 4121 855 4162 curam
895 4109 1034 4164 fiunt
1077 4112 1350 4181 religiosis
1387 4115 1572 4178 amici,
1623 4126 1682 4172 ut
1726 4117 1829 4171 sibi
1870 4118 2004 4188 ipsis

435 4200 600 4255 decus
629 4214 947 4274 comparent
983 4207 1190 4277 absque
1228 4208 1447 4275 labore;
1479 4210 1572 4279 qui
1613 4225 1740 4264 vero
1773 4208 2005 4279 per'me-

438 4293 664 4348 muriam
719 4312 900 4351 rerum
958 4299 1263 4354 cmlestium
1318 4301 1587 4356 charitate
1637 4301 2003 4359 inflammatus

2102 3161 2226 3222 ταῖς
2273 3158 2608 3229 ἀγρυπνίαις
2654 3158 2762 3212 τῶν
2807 3158 2976 3212 θείων
3031 3157 3394 3229 ἀκροώμενοι,
3452 3157 3526 3229 μὴ
3578 3158 3672 3221 τὰς

2103 3251 2274 3315 ἀκοὰς
2305 3251 2385 3322 τῷ
2413 3251 2564 3321 ὑπνῳ
2588 3251 2977 3322 νεκρώσωμεν,
3009 3251 3146 3321 μηδὲ
3171 3253 3238 3321 τῇ
3261 3250 3374 3304 τῶν
3401 3249 3670 3321 λογισμῶν

2104 3346 2452 3416 αίχμαλωσίᾳ
2479 3345 2578 3416 τὴν
2612 3345 2792 3417 ψυχὴν
2831 3343 3228 3416 προδώσωμεν,
3273 3343 3413 3398 ἀλλὰ
3445 3344 3526 3414 τῷ
3551 3342 3670 3396 κέν-

2099 3451 2218 3506 τρῳ
2234 3435 2345 3490 τῶν
2366 3436 2598 3505 Γραφῶν
2621 3438 2721 3507 τὴν
2747 3437 2974 3508 καρδίαν
2996 3435 3404 3505 κατανύ-ξωμεν,
3428 3436 3578 3498 ὅπως
3603 3437 3668 3505 τῇ

2103 3523 2200 3593 τῆς
2227 3525 2543 3594 ἐπιμελείας
2571 3526 2858 3594 κατανύξει
2876 3527 2976 3598 τὴν
3001 3527 3289 3596 ἀντίζυγον
3315 3525 3578 3596 ἀμέλειαν
3590 3522 3669 3578 δι·

2103 3614 2487 3686 χοτμήσωμεν.
2513 3611 2539 3638 '

2669 3909 2922 3963 ΚΕΦΔΛ.
2975 3909 3108 3965 KA'.

2173 4021 2330 4084 Τινὲς
2357 4019 2446 4074 διὰ
2475 4021 2685 4091 φήμην,
2719 4021 2814 4074 καὶ
2843 4021 2941 4074 ούκ
2980 4013 3303 4093 ἐπιμέλειαν
3324 4022 3526 4095 ψυχῆς,
3561 4027 3668 4090 τοῖς

2105 4112 2359 4166 εὑλαόἐσι
2391 4109 2718 4180 φιλιοῦνται,
2755 4112 2841 4165 ἴνα
2875 4113 3089 4177 ἑαυτοῖς
3138 4112 3342 4183 κόσμον
3384 4121 3671 4186 περιποιή-

2107 4223 2268 4260 σωσιν
2307 4205 2521 4268 ἀπόνως
2544 4221 2557 4235 ο
2591 4206 2619 4257 ὁ
2642 4203 2698 4257 δέ
2722 4205 2809 4258 διὰ
2838 4206 3057 4275 μνήμην
3079 4204 3190 4259 τῶν
3219 4207 3581 4277 ἐπουρανίων,
3608 4207 3672 4260 δι’

2104 4297 2325 4366 ἀγάπην
2375 4293 2738 4366 πυρούμενος,
2783 4294 2882 4364 τὴν
2932 4295 3222 4364 ἀρέσκειαν
3276 4295 3386 4351 τῶν
3419 4297 3674 4365 ἐπιγείων

436 4393 539 4448 est,
571 4384 904 4441 intellectum
937 4399 1202 4458 expurgat
1235 4405 1262 4442 a
1289 4400 1630 4446 terrenarum
1654 4394 1999 4462 complacen-

2106 4391 2169 4444 ἐκ
2200 4391 2296 4460 τῆς
2339 4387 2544 4451 ἐννοίας
2585 4385 2993 4457 ἐκκαθαίρεται.
3039 4387 3110 4440 Τὸ
3144 4387 3552 4458 διαμαρτυροῦν
3593 4405 3674 4442 σοι

437 4475 532 4528 tia.
576 4475 973 4532 Conscientiam
1008 4489 1151 4533 tuam
1185 4480 1280 4533 tibi
1314 4491 1502 4535 testem
1527 4522 1542 4546 ,
1586 4498 1652 4536 ne
1687 4485 2001 4553 cogitationi

2107 4482 2344 4544 συνειδὸς
2389 4480 2465 4551 μὴ
2514 4479 2885 4551 παραπέμπου
2927 4479 3173 4551 λογισμῷ
3223 4481 3669 4552 καταφρονοῦντι,

437 4566 602 4621 dedas
626 4567 966 4636 despicienti,
1000 4585 1064 4624 ac
1095 4570 1347 4625 dulcibus
1386 4573 1636 4627 tractanti
1668 4575 1846 4631 verbis
1878 4593 2002 4646 pec.

438 4668 654 4725 catum;
705 4675 774 4714 ne
808 4662 1146 4717 converseris
1185 4678 1309 4716 cum
1342 4677 1406 4718 eo
1457 4664 1550 4734 qui
1599 4675 1747 4721 amat
1783 4679 2005 4723 conten-

438 4748 586 4813 dere,
632 4759 692 4804 ut
736 4751 992 4819 passione
1035 4754 1340 4822 passionem
1388 4757 1528 4812 bello
1560 4759 1844 4826 invadens,
1894 4778 2001 4820 non

439 4839 658 4894 decidas
685 4855 716 4894 a
750 4840 980 4906 virtute;
1021 4860 1088 4902 ne
1122 4847 1353 4914 superba
1397 4864 1518 4904 cum
1548 4853 1879 4920 Cogitatione
1909 4871 2006 4910 ειη

442 4929 647 4984 tollaris
689 4929 754 4984 ad
797 4931 1057 4995 amatum,
1101 4935 1193 5005 qui
1226 4946 1444 4991 ventum
1477 4953 1509 4993 e
1536 4941 1758 5007 regione
1786 4943 2006 5008 excitat,

441 5036 504 5074 ex
533 5022 634 5075 alia
665 5033 818 5092 parte
838 5024 1075 5079 vicissim
1101 5027 1330 5082 alliante.
1357 5028 1510 5084 Nulla
1547 5032 1665 5087 laus
1682 5043 1765 5088 est
1791 5035 2005 5104 linguai,

441 5128 563 5180 quae
605 5123 736 5168 rota:
776 5115 949 5169 instar
997 5119 1158 5173 verba
1187 5118 1348 5190 433
1381 5123 1581 5176 cursim
1622 5125 1879 5191 devolvit,
1915 5127 2008 5181 sed

443 5203 612 5272 gloria
648 5215 829 5259 manet
859 5207 1019 5263 labiis
1058 5220 1390 5275 constanter,
1419 5222 1644 5284 tutoque
1667 5215 1956 5270 commotis
1991 5236 2006 5272 :

445 5309 570 5348 cum
618 5296 856 5350 audieris
900 5315 1204 5363 sermones,
1250 5302 1522 5372 interroga
1569 5316 1802 5358 mentem
1835 5315 2006 5370 tuam,

445 5393 666 5454 tumque
713 5387 1018 5455 dijudicans
1063 5393 1381 5445 sententiam
1441 5395 1817 5462 pronuntiabis
1862 5413 1876 5448 :
1918 5412 2006 5460 ne,

446 5475 577 5544 falsa
618 5481 1089 5548 argumentatione
1119 5492 1294 5552 utens,
1329 5491 1478 5542 tuam
1506 5484 1747 5556 decipias
1773 5495 2008 5545 mentem

417 5661 420 5666 '
523 5646 572 5689 κ
610 5647 749 5707 Psal.
789 5666 936 5716 mx,
965 5652 1020 5708 Δ.

2105 4574 2202 4626 καὶ
2252 4571 2664 4640 γλυκολογοῦντι
2715 4570 2774 4624 τὸ
2827 4572 3089 4641 πταῖσμα,
3141 4569 3222 4641 τῷ
3281 4569 3671 4640 φιλονεικούντι

2109 4666 2185 4736 μὴ
2241 4661 2625 4725 συνδιατείνου,
2676 4663 2764 4715 ἵνα
2825 4663 2899 4732 μὴ
2938 4661 3100 4714 πάθει
3135 4661 3306 4725 πάθος
3337 4661 3671 4732 στρατεύσας

2103 4739 2204 4826 τῆς
2234 4753 2435 4825 ἀρετῆς
2465 4752 2726 4823 ἡττηθῇς,
2761 4753 2839 4822 τῷ
2879 4753 3214 4822 ὑπερηφάνῳ
3249 4751 3323 4822 μὴ
3348 4752 3670 4820 συνεπαίρου

2105 4841 2350 4913 λογισμῷ
2391 4842 2752 4912 ἀντιφυσῶντι
2795 4843 2876 4905 είς
2923 4842 3222 4911 ἀντάνεμον
3271 4841 3514 4911 πνεῦμα.
3563 4843 3670 4895 Οὑκ

2101 4932 2252 4998 αἶνος
2297 4933 2519 5004 γλώσσῃ
2566 4931 2846 5004 τροχαλῶς
2896 4931 3263 5002 φθεγγομένη,
3302 4931 3440 4985 ἀλλά
3469 4933 3669 5000 χείλεσι

2105 5027 2230 5092 δόξα
2283 5025 2559 5088 εὐσταθῶς
2631 5025 2973 5096 κινουμένοις
3002 5043 3015 5054 ο
3058 5024 3410 5094 ἀκροώμενος
3477 5025 3666 5092 λόγων,

2106 5122 2284 5192 ἐρώτα
2303 5121 2392 5175 τὸν
2405 5121 2528 5175 νοῦν
2546 5138 2640 5173 σου
2671 5120 2769 5172 καὶ
2790 5119 2911 5172 τότε
2926 5117 3211 5188 διακρίνας
3229 5117 3289 5170 τὸ
3301 5118 3562 5188 ψήφισμα
3579 5115 3669 5168 δώ·

2107 5226 2239 5275 σεις·
2274 5213 2346 5281 μὴ
2370 5211 2735 5281 παραλογίξου
2765 5211 2854 5264 τὸν
2877 5209 3000 5264 νοῦν
3025 5227 3117 5262 σου
3135 5207 3361 5278 ἀϐουλία
3390 5208 3666 5279 ῥημάτων,

2106 5305 2192 5356 ἵνα
2225 5305 2298 5374 μὴ
2315 5304 2694 5373 κρημνησθείη
2726 5303 3058 5372 ήχανανιτίς
3091 5319 3183 5354 σου
3216 5299 3459 5368 γλῶσσα.
3483 5301 3570 5368 Μή
3611 5313 3664 5350 σε

2107 5393 2323 5464 πνεῦμα
2347 5395 2696 5466 πολυρῤῆμον
2724 5393 2993 5466 πλανήσῃ,
3023 5395 3080 5445 ἐν
3105 5391 3255 5460 αὐτῷ
3287 5392 3396 5461 γὰρ
3427 5388 3663 5460 φωλεύει

2106 5485 2167 5542 τὸ
2211 5485 2385 5541 δόλιον
2426 5485 2642 5557 ψεῦδος.
2685 5486 2742 5539 '0
2775 5487 2893 5552 ταῖς
2958 5483 3327 5555 παρ’ἐτὲρων
3383 5480 3664 5552 λοιδορίαις
