4046 6152
346 233 476 318 1:21

1502 257 1940 327 TRACTATUS
1981 269 2079 330 AD
2116 269 2537 334 EULOGIUM.

3483 237 3619 350 1122

336 373 696 445 δακνόμενος,
730 374 826 429 καὶ
850 375 926 446 μὴ
949 375 1154 437 ταύτας
1179 371 1258 444 τῷ
1294 373 1526 448 διαῦόλῳ
1549 381 1922 451 προσρίπτων,

2039 357 2326 442 vei-borum
2371 388 2761 461 imprudentia,
2817 401 2876 446 ut
2925 392 3247 450 Cbananitis
3290 403 3382 450 tua
3429 395 3614 468 lingua

336 468 429 522 τὸν
456 466 570 520 τῶν
595 465 877 537 λογισμῶν
903 464 1068 520 αὑτοῦ
1098 465 1272 537 δῆμον
1296 467 1477 540 ἐαυτῷ
1503 465 1803 544 ἐπεγείρει,
1831 479 1931 530 καὶ

336 561 420 624 είς
448 560 646 614 ἑαυτὸν
673 559 805 630 βέλη
831 558 1122 623 σκευάζειν
1143 558 1222 611 ἔτι
1251 559 1452 632 μᾶλλον
1489 563 1745 634 ἐρεθίζει,
1775 567 1834 620 ὲν
1855 567 1932 640 τῷ

334 653 437 726 τὴν
463 650 644 723 ψυχὴν
670 652 760 704 διὰ
788 651 898 703 τῶν
927 649 1190 705 τοιούτων
1235 655 1688 728 τιτρωσκομένην
1721 660 1928 729 συμπε-

337 762 514 800 πτειν.
547 743 1073 807 Ἕνεκενδιακονίας
1104 743 1194 798 ἐπ’
1211 743 1520 817 ἀλλοδαπῆς
1563 748 1656 802 ἐὰν
1682 748 1930 824 βαδίσῃς,

337 837 415 908 μὴ
448 836 850 905 φιλοξενεῖσθαι
891 836 1044 906 παρὰ
1090 837 1309 892 πάντων
1338 838 1688 909 εὐτρεπίζου,
1711 843 1932 910 ἀνάξιον

334 928 565 982 σεαυτὸν
587 929 686 998 τῆς
717 927 878 1000 δόξης
917 929 1238 1000 καταλέγων
1272 930 1358 984 ἵνα
1387 930 1532 986 οὕτω
1571 932 1663 987 τὸν
1689 933 1790 1003 τῆς
1823 937 1933 990 λοι-

331 1017 516 1088 δορίας
542 1016 807 1090 λογισμὸν
843 1019 1214 1093 φυγαδεύσῃς,
1249 1019 1352 1076 κᾶν
1383 1021 1518 1095 λέγῃ
1555 1023 1787 1098 τάληθῆ.
1824 1028 1931 1083 No—

337 1105 620 1172 μίζω,”ῶς,
651 1107 752 1160 οὐκ
785 1106 959 1179 οὔσης
1004 1109 1245 1182 ἀγάπης,
1286 1109 1700 1184 λοιδορούμενος
1733 1117 1801 1168 τὰ
1834 1116 1931 1186 μὲ-

332 1213 517 1263 γιστα,
548 1196 580 1268 ἢ
618 1197 1002 1268 ἀδικούμενος,
1036 1200 1097 1253 οὐ
1146 1202 1603 1271 μνησικακήσεις,
1635 1204 1751 1258 ἀλλ’
1780 1206 1931 1260 εὐλο-

333 1279 548 1356 γήσεις.
600 1287 658 1338 Ὁ
683 1285 795 1355 γὰρ
835 1286 1057 1357 δαίμοσι
1101 1289 1482 1359 μνησικακῶν,
1522 1289 1838 1362 ἀνθρώποις
1864 1295 1926 1348 οὐ

339 1377 702 1445 μνησικακεῖ·
744 1375 1026 1446 είρηνεύει
1046 1376 1106 1429 δὲ
1130 1375 1271 1445 μετὰ
1299 1376 1591 1446 δαιμόνων,
1623 1379 1652 1430 6
1671 1379 1748 1450 τῷ
1776 1380 1930 1434 ἀδελ-

336 1466 424 1536 φῷ
459 1465 840 1536 μνησικακῶν.
883 1466 1245 1538 Ἐμπρησμὺς
1295 1467 1526 1539 καρδίας
1572 1470 1734 1539 μῆνις
1773 1471 1926 1524 ἀντι·

335 1555 547 1624 λογίας,
567 1555 738 1628 ψυχαὶ
770 1556 828 1609 δὲ
855 1557 1257 1626 ὰμνησικὰκων
1282 1557 1627 1629 δροσίζονται
1682 1577 1928 1633 πνευμα-

2032 488 2272 546 przeceps
2306 494 2414 534 non
2459 490 2668 550 agatur.
2731 480 2810 536 Ne
2856 489 2908 536 te
2950 482 3174 552 spiritus
3224 484 3614 556 multiplicium

2032 568 2322 622 verborum
2358 571 2581 626 inducat
2609 573 2662 626 in
2688 588 2951 637 errorem,
2979 577 3032 628 in
3059 576 3176 645 ipso
3201 577 3400 648 quippe
3423 579 3616 636 delite-

2035 660 2139 714 scit
2164 660 2414 716 dolosum
2442 665 2809 719 mendacium.
2833 664 2937 732 Qui
2963 683 2990 720 a
3019 669 3366 724 contumeliis
3387 671 3454 725 ab
3486 673 3611 728 aliis

2033 749 2198 806 illatis
2236 753 2536 817 mordetur,
2585 769 2791 825 easque
2821 772 2932 811 non
2965 756 3188 825 jactarit
3227 758 3280 812 in
3312 760 3610 829 diabolum,

2032 855 2254 895 suarum
2294 843 2686 914 cogitationum
2734 845 2838 900 sibi
2885 847 2988 916 ipsi
3027 849 3325 904 exsuscitat
3363 853 3615 908 multitu-

2030 931 2232 1000 dinem,
2258 945 2311 990 et
2337 939 2511 1007 magis
2541 936 2721 992 adhuc
2749 938 2976 1006 proritat
3007 939 3243 1006 (scilicet
3275 941 3606 1009 diabolum),

2031 1036 2091 1078 ut
2125 1025 2177 1079 in
2211 1041 2269 1081 sc
2311 1027 2486 1096 ipsum
2511 1028 2686 1096 iacula
2730 1039 3028 1099 praeparet,
3069 1029 3197 1086 dum
3225 1032 3480 1088 videlicet
3517 1051 3612 1104 per

2029 1129 2122 1171 eas
2163 1133 2388 1183 corrosa
2436 1121 2688 1175 concidat
2727 1121 2930 1176 anima.
2978 1122 3074 1189 Si,
3119 1123 3612 1180 administrationis

2029 1220 2217 1270 causa,
2260 1209 2314 1262 in
2356 1210 2591 1264 alienam
2619 1213 2720 1267 iter
2750 1211 2923 1268 facias
2955 1214 3255 1284 regionem,
3305 1213 3372 1270 ne
3404 1232 3611 1287 praepa-

2030 1305 2186 1353 ratus
2243 1299 2318 1356 sis
2377 1300 2618 1370 hospitio
2655 1305 2723 1358 ab
2763 1304 3017 1360 omnibus
3061 1306 3276 1375 excipi;
3325 1307 3616 1376 indignum-

2029 1388 2262 1456 teipsum
2309 1393 2402 1443 tali
2447 1392 2728 1446 aestimans
2779 1393 2984 1462 gloria,
3050 1405 3110 1450 ut
3147 1395 3225 1450 sic
3268 1398 3620 1451 contumeliae

2026 1481 2406 1550 Cogitationem
2440 1484 2689 1553 repellas,
2735 1485 2858 1541 licet
2887 1487 3048 1541 etiam
3083 1504 3207 1543 vera
3237 1489 3425 1544 dictet.
3473 1491 3622 1546 Puto
3709 1541 3718 1550 .,

2026 1571 2195 1637 quod,
2227 1573 2273 1627 si
2312 1573 2553 1632 charitas
2620 1592 2728 1631 non
2785 1577 3056 1646 adfuerit,
3091 1581 3348 1638 maximis
3388 1581 3611 1638 allectus

334 1646 510 1710 τικῶς
529 1665 542 1678 ·
575 1647 848 1716 ἄνθρακες
879 1647 1052 1728 πυρὸς
1089 1649 1393 1722 σπινθῆρας
1421 1649 1763 1722 ἐρεύγονται,
1784 1653 1922 1709 οὕτω

2025 1663 2310 1727 conviciis,
2333 1676 2428 1719 aut
2451 1666 2653 1736 injuste
2673 1684 2991 1739 oppressus,
3024 1688 3133 1727 non
3161 1674 3270 1728 eris
3291 1687 3499 1728 memor
3530 1675 3618 1727 iu-

336 1738 432 1794 καὶ
463 1739 794 1810 μνησίκακοι
827 1739 999 1812 ψυχαὶ
1023 1725 1340 1812 ’λογισμοὺς
1391 1743 1662 1816 πονηρούς
1687 1761 1702 1775 ο
1736 1744 1922 1820 ὥσπερ

2026 1751 2208 1822 iuriae,
2236 1755 2330 1809 sed
2362 1755 2684 1823 benedices;
2711 1776 2834 1814 nam
2856 1761 3156 1830 quicontra
3175 1762 3475 1824 dzemoncs,
3497 1778 3607 1815 non

335 1829 521 1900 πληγὴ
573 1831 837 1900 σκορπίου
897 1829 1234 1902 δριμύτατον
1292 1830 1405 1904 ἔχει
1441 1832 1531 1886 τὸν
1560 1833 1742 1899 πόνον,
1781 1834 1922 1890 οὕτω

2031 1844 2358 1902 obliviscens
2383 1848 2734 1918 injuriarum,
2783 1853 3052 1907 malevolo
3085 1863 3169 1909 est
3192 1855 3402 1917 animo,
3431 1854 3610 1909 homi-

333 1922 430 1975 καὶ
459 1922 801 1993 μνησίκακος
831 1922 978 1994 ψυχὴ
1000 1922 1328 1993 πικρότατον
1354 1922 1581 1994 ἔχειτὸν
1608 1925 1708 1982 ἰόν.

2031 1951 2162 1990 num
2193 1938 2550 1996 obliviscetur
2579 1942 2833 2012 injuriae:
2861 1959 3045 2013 pacem
3078 1954 3258 1999 autem
3291 1946 3452 2001 inibit
3483 1962 3610 2001 cum

331 2012 702 2079 daemonibus,
763 2013 856 2082 qui
913 2011 1136 2067 fratrem
1191 2013 1321 2067 odio
1407 2013 1590 2071 habet.
1643 2014 1960 2077 Incendium
2004 2027 2186 2082 cordis
2227 2029 2512 2086 iracundia
2559 2011 2645 2088 est
2721 2011 3204 2100 contradictionis;
3244 2037 3443 2092 animm
3482 2054 3621 2094 vero

2597 2140 2610 2176 :
2675 2124 2948 2179 carbones
2993 2126 3138 2194 ignis
3178 2127 3446 2184 scintillas
3481 2145 3608 2184 eru-

920 2397 1175 2456 ΚΕΦΑΛ.
1219 2399 1348 2458 KB’.

407 2511 695 2582 Πνεύμασι
745 2511 1007 2583 πορνείας
1054 2513 1391 2584 μνησικάκει
1446 2516 1542 2568 καὶ
1591 2517 1923 2583 κενοδοξίας,

334 2605 460 2659 δυσὶ
487 2604 709 2674 πικροῖς
727 2602 980 2674 δαίμοσιν
1017 2605 1288 2668 ἐναντίοις
1317 2605 1588 2676 ἀλλήλωνο
1630 2609 1658 2661 6
1683 2607 1784 2678 μὲν
1816 2609 1926 2680 γὰρ

338 2697 606 2770 πρόσωπα
635 2693 852 2766 φεύγει,
891 2697 921 2748 6
949 2695 1006 2748 δὲ
1041 2695 1356 2766 προσώποις
1395 2697 1600 2769 χαίρει.
1627 2700 1738 2754 Καὶ
1770 2700 1798 2751 6
1823 2700 1924 2770 μὲν

335 2789 434 2859 τῆς
444 2788 735 2857 ἀσελγείας
755 2787 968 2858 δαίμων
990 2788 1071 2858 τῷ
1094 2789 1196 2856 τῆς
1216 2789 1506 2860 ἀσκήσεως
1527 2792 1801 2863 ἀγωνιστῇ
1824 2793 1924 2856 τὰς

339 2880 614 2951 ρυπαρίας
643 2881 801 2948 ἄφνω
821 2879 1118 2943 ἀκοντίσας
1148 2880 1442 2949 ἐφάλλεται
1469 2881 1660 2948 ὀξέως,
1686 2883 1788 2952 τῆς
1817 2883 1926 2938 διἀ-

336 2970 513 3042 πύρου
541 2971 655 3025 τῶν
680 2970 858 3024 πόνων
899 2969 1186 3041 δᾳδουχίας
1219 2971 1318 3040 τὴν
1349 2971 1562 3042 θέρμην
1588 2973 1664 3042 μὴ
1718 2973 1922 3044 φέρων,

334 3063 412 3134 τῷ
438 3063 497 3117 δὲ
525 3063 624 3133 τῆς
677 3061 1008 3134 ἐγκρατείας
1057 3061 1389 3132 χαυωθέντι
1422 3062 1686 3134 κολακείᾳ
1709 3064 1919 3135 ἡδονῶν
1948 3050 1991 3110 C

339 3154 404 3208 τὸ
428 3154 553 3209 κατ’
581 3152 766 3221 ὀλίγον
797 3151 1114 3207 ἑπιᾶατεῦει
1147 3152 1456 3224 συνομιλεῖν
1480 3156 1546 3224 τῇ
1578 3155 1798 3226 καρδίᾳ,
1833 3157 1918 3210 ἵνα

333 3246 629 3315 ὲξαφθεῖσα
669 3246 793 3309 ταῖς
822 3245 1047 3309 κακίαις
1078 3245 1330 3316 διαλεχθῇ
1359 3246 1454 3298 καὶ
1479 3247 1913 3319 αίχμαλωτισθῇ,

339 3339 436 3392 καὶ
458 3337 644 3408 τὸτῆς
684 3336 961 3407 ἁμαρτίας
1011 3338 1165 3407 μῖσος
1195 3338 1275 3398 είς
1305 3335 1482 3407 πέρας
1525 3337 1734 3411 ἀγάγῃ.
1777 3339 1836 3392 '0
1855 3339 1916 3392 δὲ

334 3429 438 3498 τῆς
462 3427 771 3494 κενοδοξίας
812 3428 1014 3493 πλάνος
1053 3426 1373 3498 δημοχαρὴς
1425 3429 1714 3498 τυγχάνων
1771 3447 1917 3502 παρ·-

339 3517 1037 3588 εσκιασμένωςέφίσταται
1058 3518 1283 3590 τῇψυχῇ
1316 3519 1426 3574 τῶν
1451 3521 1786 3576 ὲθελοπόνων
1815 3523 1921 3593 τὴν

340 3609 412 3662 δι’
448 3604 528 3664 ὧν
553 3609 729 3663 πόνων
775 3611 1099 3682 ἐργάζονται
1126 3611 1291 3676 δόξαν
1312 3614 1374 3666 ὲν
1427 3614 1613 3678 αὐτοῖς
1650 3614 1918 3686 θηρώμε-

341 3716 452 3765 νος.
488 3701 662 3765 Εῖτις
688 3702 782 3756 οὖν
834 3702 1080 3772 βούλοιτο
1096 3703 1194 3756 σὺν
1244 3703 1364 3774 Θεῷ
1397 3705 1605 3759 τούτων
1634 3706 1920 3777 περιγενὲ-

340 3791 485 3854 σθαι,
519 3792 830 3846 λεπτυνίτω
862 3795 962 3864 τὴν
996 3792 1179 3864 σάρκα
1201 3794 1345 3849 κατὰ
1371 3794 1471 3866 τῆς
1510 3795 1788 3865 πορνείας,
1822 3811 1918 3850 τα·-

338 3885 606 3937 πεινούτω
651 3884 709 3938 δὲ
751 3885 852 3956 τὴν
888 3885 1068 3956 ψυχὴν
1099 3885 1243 3940 κατὰ
1282 3887 1384 3956 τῆς
1407 3886 1734 3954 κενοδοξίας.
1763 3887 1920 3941 Οὕτω

337 3975 446 4047 γὰρ
509 3975 706 4048 ῥᾳδίως
751 3977 848 4030 τοῦ
883 3978 982 4047 μὲν
1031 3977 1130 4049 τὴν
1162 3980 1400 4048 ματαίαν
1435 3978 1595 4046 δόξαν
1619 3978 1916 4050 ἑξῶσομεν,

340 4068 436 4121 καὶ
488 4067 608 4139 Θεῷ
657 4069 1119 4141 εὐαρεστήσομεν,
1171 4067 1266 4124 τοῦ
1306 4069 1366 4124 δᾶ
1411 4070 1512 4134 τὰς
1571 4071 1919 4142 ἀκαθάρτους

338 4160 640 4226 φαντασίας
658 4159 999 4231 φυσήσομεν,
1026 4163 1124 4215 καὶ
1145 4161 1397 4233 καθαρὰν
1423 4162 1631 4232 ἡδονῶν
1650 4163 1756 4234 τὴν
1779 4180 1919 4234 καρ-

337 4246 457 4300 δίαν
485 4249 808 4320 ποιήσομεν.
835 4249 1240 4306 Χαλεπώτατόν
1264 4252 1384 4304 ἐστι
1412 4251 1676 4323 συνηθείᾳ
1709 4253 1917 4325 ἡδονῶν

2507 2417 2673 2490 4³4
2699 2417 2932 2475 CAPUT
2959 2419 3125 2475 xxu.

2095 2527 2336 2594 Oﬂ‘enso,
2386 2530 2821 2604 injuriarumque
2879 2535 3110 2589 memori
3169 2533 3248 2591 sis
3297 2537 3481 2594 animo
3509 2539 3606 2594 ad-

2025 2633 2218 2676 versus
2263 2622 2488 2692 spiritus
2543 2625 2891 2680 scortationis
2929 2634 2983 2682 et
3041 2643 3196 2682 vana:
3226 2629 3429 2699 glorim,
3471 2633 3607 2687 duos

2025 2711 2283 2766 nimirum
2325 2729 2542 2769 amaros
2568 2716 2841 2772 daamones
2868 2718 2970 2772 sibi
3004 2719 3234 2774 invicem
3261 2723 3607 2780 contrarios:

2025 2818 2168 2859 unus
2203 2805 2418 2874 quidem
2459 2807 2625 2863 facies
2660 2807 2826 2879 fugit;
2868 2810 3003 2865 alter
3035 2827 3162 2866 vero
3193 2811 3435 2870 faciebus
3473 2831 3606 2886 gau-

2024 2894 2133 2950 det.
2169 2896 2233 2949 Et
2262 2896 2472 2951 daemon
2508 2899 2724 2968 quidem
2777 2900 2865 2954 ille
2901 2912 3164 2970 protervae
3200 2903 3460 2969 libidinis,
3489 2923 3614 2961 sora

2024 2983 2121 3042 des
2144 3002 2208 3041 ex
2228 2987 2525 3058 improviso
2551 2991 2827 3060 jaculans,
2859 2996 2914 3046 in
2962 2995 3284 3049 monasticze
3334 2999 3593 3053 exercita-

2023 3075 2190 3130 tionis
2220 3086 2539 3134 certatorem
2589 3081 2837 3137 celeriter
2866 3083 3048 3148 irruit,
3095 3099 3202 3139 non
3238 3086 3416 3143 ferens
3450 3089 3600 3145 labo-

2024 3183 2144 3222 rum
2193 3183 2258 3224 ex
2324 3170 2489 3241 ignita
2539 3170 2719 3228 facum
2772 3176 3072 3247 gestatione
3116 3177 3355 3234 calorem
3397 3197 3409 3232 :
3451 3181 3606 3236 illum

2022 3274 2173 3325 vero,
2205 3262 2298 3330 qui
2321 3260 2593 3317 relaxatus
2617 3273 2700 3318 est
2720 3279 2748 3318 a
2779 3266 3113 3322 continentia
3143 3282 3238 3340 per
3261 3269 3605 3339 voluptatum

2023 3354 2484 3420 assentationem,
2541 3357 2800 3426 paulatim
2850 3369 3105 3428 occupat.
3151 3369 3204 3414 et
3252 3362 3489 3431 invadit,
3537 3367 3602 3418 ad

2023 3449 2174 3503 cordi
2205 3447 2647 3520 colloquendum,
2676 3462 2734 3507 ut
2764 3453 2908 3508 vitiis
2944 3453 3084 3508 idem
3117 3471 3214 3511 cor
3239 3457 3608 3515 exardesceus

2021 3538 2363 3610 alloquetur,
2412 3544 2798 3615 captivumque
2859 3545 3158 3616 redigatur,
3209 3557 3263 3602 et
3309 3549 3377 3604 ad
3439 3534 3604 3605 linem

2031 3633 2250 3687 tandem
2282 3627 2539 3703 perducat
2585 3637 2878 3693 obscenam
2914 3639 3118 3707 peccati
3154 3639 3451 3696 libidinem.
3480 3643 3603 3698 Fal-

2021 3721 2108 3776 lax
2163 3739 2293 3780 vero
2339 3741 2403 3779 ac
2445 3725 2822 3784 fraudulentus
2857 3744 3010 3784 vana:
3029 3729 3214 3800 gloriae
3240 3732 3466 3804 spiritus
3503 3749 3602 3803 po-

2019 3815 2275 3886 pulorum
2333 3827 2475 3872 C(Btu
2516 3818 2779 3888 gaudens,
2828 3819 3063 3888 quadam
3119 3822 3314 3876 umbra
3358 3825 3605 3880 animam

2020 3903 2249 3970 invadit,
2285 3907 2336 3961 in
2371 3909 2439 3964 iis
2473 3909 2708 3975 (scilicet
2739 3910 2975 3979 populis)
3004 3910 3188 3970 libenti
3237 3913 3604 3972 laborantium

2020 3998 2224 4062 animo,
2265 4013 2361 4069 per
2394 4003 2612 4054 eosdem
2660 4017 2800 4070 quos
2845 4011 3136 4072 operantur
3191 4004 3438 4078 labores,
3479 4008 3605 4078 glo-

2018 4086 2155 4140 riam
2187 4087 2526 4158 aucupando.
2555 4088 2612 4142 Si
2644 4089 2767 4160 quis
2807 4091 2995 4158 igitur,
3009 4079 3145 4146 'cum
3193 4091 3323 4157 Deo,
3361 4108 3456 4148 seu
3491 4096 3606 4150 Deo

2019 4173 2202 4239 dante,
2232 4177 2360 4231 velit
2390 4176 2553 4232 hosce
2581 4180 2805 4249 spiritus
2826 4181 3046 4235 vincere
3077 4167 3141 4236 ac
3169 4197 3449 4254 superare,
3477 4201 3606 4242 car-

2021 4282 2140 4323 nem
2170 4268 2431 4325 adverstzs
2466 4270 2860 4341 impudicitiam
2888 4281 3166 4340 attenuet;
3198 4275 3438 4331 animam
3467 4293 3608 4332 vero

340 4337 867 4412 συνθάπτεσθαιτὴν
888 4342 1135 4413 καρδίαν,
1164 4345 1261 4398 καὶ
1304 4344 1521 4398 πολλῶν
1542 4345 1704 4430 χρεία
1728 4347 1914 4402 κάιτιων

2022 4371 2207 4416 contra
2246 4376 2438 4416 vanam
2485 4362 2711 4434 gloriam
2772 4364 3046 4420 humiliet.
3090 4363 3182 4425 Sic
3235 4365 3378 4420 enim
3432 4367 3605 4422 unius

335 4427 442 4498 τὴν
481 4428 658 4500 νομὴν
717 4431 906 4486 κακῶν
948 4434 1028 4497 είς
1057 4434 1226 4503 ἄκρον
1262 4435 1517 4505 ἐκκόψαι.
1545 4426 1640 4508 Μὴ
1665 4431 1760 4490 οὖν
1792 4439 1913 4501 ταῖς

335 4519 553 4590 ἡδοναῖς
598 4521 692 4575 τὸν
747 4517 1009 4594 λογισμὸν
1077 4526 1392 4594 συνομιλεῖν
1451 4526 1677 4600 ἐθίσῃς*
1723 4529 1785 4581 ὲν
1808 4528 1918 4601 γὰρ

337 4611 582 4682 συλλόγῳ
607 4612 802 4667 κακῶν
833 4615 1116 4669 ὲκκαίεται
1161 4616 1275 4688 πῦρ
1295 4616 1436 4672 οὕτω
1473 4619 1584 4689 γὰρ
1622 4620 1912 4691 ἑκθερμαί-

333 4703 517 4766 νοντές
551 4719 635 4768 σε,
665 4703 974 4773 λογίζεσθαι
999 4705 1216 4761 ποιοῦσι
1260 4706 1585 4764 κόπονεῖναι
1608 4712 1706 4782 τὴν
1737 4712 1917 4783 πυράν

333 4791 436 4862 τῆς
499 4794 719 4862 φύσεως
776 4797 1068 4866 κρατῆσαι,
1095 4799 1191 4851 καὶ
1225 4799 1306 4852 ὅτι
1348 4800 1514 4864 πολὺς
1539 4801 1568 4854 6
1596 4801 1693 4872 τῆς
1715 4803 1917 4874 ἐγκρα-

331 4885 487 4948 τείας
559 4886 694 4957 βίος,
749 4888 1084 4959 ἀναφέρουσι
1138 4889 1203 4943 δέ
1247 4908 1330 4944 σοι
1367 4895 1462 4944 καὶ
1502 4895 1723 4964 μνήμας
1754 4887 1832 4948 ὧν
1855 4911 1916 4948 σε

333 4975 553 5050 νύκτωρ
583 4979 959 5045 φαντάςουσιν
1005 4981 1269 5052 αἰσχρῶν,
1305 4975 1682 5053 μορφόεξοντὲς
1709 5003 1792 5040 σοι
1814 5005 1916 5041 πυ.

337 5069 550 5136 ριηικά
571 5071 671 5141 τῆς
696 5070 907 5142 πλάνης
939 5071 1156 5138 είδωλα,
1189 5070 1312 5126 εἶτα
1337 5075 1430 5128 καὶ
1461 5076 1824 5150 σφοδρότερον
1856 5080 1914 5132 ἐν

333 5162 400 5230 τῇ
438 5161 606 5232 σαρκὶ
627 5160 928 5232 ἐξάψαντες
953 5163 1054 5216 τὸν
1074 5165 1312 5236 πυρετὸν
1329 5165 1409 5237 τῷ
1427 5167 1580 5238 νόμῳ
1609 5169 1708 5240 τῆς
1732 5171 1913 5243 ὁμαρ-

331 5251 454 5315 τίας
480 5252 882 5323 γνωμοδοτοῦσί
908 5272 992 5308 σοι
1017 5255 1186 5322 ἔνδον,
1227 5259 1311 5312 ὅτι
1362 5260 1463 5314 οὐκ
1507 5261 1713 5332 ίσχύεις
1743 5279 1914 5337 κατα-

333 5345 484 5413 σχεῖν
506 5345 604 5415 τὴν
633 5345 734 5417 τῆς
763 5345 981 5414 φύσεως
1007 5347 1150 5417 βίανς
1175 5349 1282 5404 κᾶν
1323 5351 1564 5424 σήμερον
1586 5353 1914 5428 ἁμαρτήσῃς

329 5436 397 5489 δι’
429 5436 700 5505 ἀνάγκην,
745 5437 862 5490 ἀλλ’
891 5436 1082 5508 αὔριον
1121 5442 1476 5512 μετανοήσεις
1506 5442 1594 5496 διὰ
1632 5443 1733 5516 τὴν
1766 5445 1915 5499 ὲντο-

331 5527 450 5596 λήν.
485 5527 877 5598 Φιλ-ἁνθρωπος
895 5528 1003 5600 γὰρ
1019 5531 1047 5583 6
1071 5531 1258 5601 νόμος,
1290 5534 1385 5586 καί
1404 5533 1707 5604 συγχωρῶν
1731 5536 1912 5608 ἁμαρο

334 5615 459 5668 τίαν
511 5618 626 5679 τοῖς
652 5615 996 5682 μετανοοῦσι.
1036 5621 1144 5674 Καὶ
1194 5620 1422 5689 φέρουσί
1464 5639 1616 5688 τινας
1648 5625 1756 5678 τῶν
1791 5626 1911 5695 μετ’

2017 4451 2237 4523 quidem
2291 4452 2495 4508 futilem
2535 4453 2878 4524 expellemus-
2899 4453 3055 4511 facile
3095 4454 3357 4526 gloriam,
3380 4454 3610 4525 Deoque'

2016 4544 2395 4613 placebimus;
2443 4545 2668 4601 alterius
2714 4561 2846 4600 vero
2895 4547 3136 4617 impuras
3189 4547 3609 4603 exsufﬂabimus

2018 4635 2457 4706 imaginationes,
2507 4647 2562 4692 et
2616 4653 2714 4693 cor
2755 4654 2790 4694 a
2833 4639 3202 4709 voluptatibus
3242 4655 3438 4708 purum
3481 4638 3604 4694 efli'u

2016 4723 2242 4779 ciemus.
2296 4722 2607 4781 Perniciosa
2662 4741 2751 4780 res
2799 4734 2888 4780 est
2926 4742 3022 4782 cor
3081 4727 3421 4796 voluptatum
3462 4741 3606 4780 conc

2017 4812 2304 4868 suetudine
2332 4813 2675 4884 consepeliri,
2700 4813 2996 4884 multisque
3018 4829 3154 4883 opus
3178 4820 3261 4868 est
3288 4812 3602 4875 laboribus,

2016 4913 2077 4958 ut
2106 4905 2355 4961 vitiorum
2395 4905 2651 4974 pabulum
2700 4905 2767 4960 ad
2806 4919 3088 4960 summum
3127 4918 3439 4958 resecemus
3470 4921 3488 4958 :
3525 4915 3606 4958 ηδ

2016 4988 2182 5062 igitur
2222 4991 2604 5065 cogitationem
2638 4991 2992 5056 assuefacias,
3029 5003 3086 5047 ut
3127 5008 3251 5048 cum
3297 4992 3603 5064 voluptati-

2014 5081 2118 5138 bus
2162 5095 2535 5150 conversetur,
2596 5085 2648 5139 in
2707 5084 2972 5138 vitiorum.-
3023 5083 3224 5153 quippe‘
3271 5082 3606 5138 collectionet

2014 5169 2156 5240 ignis
2196 5172 2537 5239 exardescit;
2561 5172 2639 5227 sic
2680 5187 2914 5240 namque
2945 5182 2994 5225 te
3030 5169 3481 5228 excaiefacieutes
3507 5172 3604 5226 in-r

2013 5261 2226 5317 ducunt
2277 5263 2343 5316 ad
2392 5264 2717 5332 putandum,
2758 5263 2900 5332 quod
2935 5262 3086 5316 labor
3113 5270 3196 5314 est
3243 5278 3472 5333 magnus
3507 5279 3592 5317 ιο·-

2014 5369 2142 5424 gum
2169 5355 2456 5409 continere
2497 5353 2662 5427 ‘35
2701 5365 2926 5418 natu-rm,
2955 5360 3011 5410 et
3047 5352 3191 5424 quod
3239 5355 3468 5408 multum
3509 5364 3599 5410 ese

2014 5446 2316 5500 tolerantiae
2355 5455 2590 5516 tempus,
2633 5446 2920 5516 gravisque
2950 5460 3015 5499 ac
3047 5445 3273 5500 molesta
3301 5453 3380 5500 est
3416 5447 3594 5500 conti-

2013 5537 2212 5592 nentia
2255 5539 2362 5591 vita
2396 5555 2412 5594 :
2445 5538 2576 5607 quin
2612 5537 2774 5592 etiam
2832 5536 2927 5590 tibi
2965 5535 3248 5604 proferunt
3294 5537 3601 5595 memorias

2013 5643 2200 5685 earum
2230 5646 2412 5685 rerum
2435 5631 2673 5700 turpium
2703 5643 2841 5701 quas
2876 5637 3037 5686 noctu
3070 5637 3174 5684 tam.
3196 5638 3596 5700 repraesentant
