4046 6152
468 215 598 280 1123
1887 210 1947 271 S.
1987 210 2059 270 Nl

2821 209 2840 224 ‘
3581 205 3711 268 ιιει

459 327 864 400 imaginationi,
901 327 1067 394 ignita
1114 325 1207 378 libi
1249 323 1481 379 fallaciae
1524 321 1822 379 simulacra
1878 320 2040 375 effor-

2156 318 2470 390 ίγκρατείας
2503 318 2870 382 πταισάντων,
2903 319 2997 373 καὶ
3036 319 3196 374 πάλιν
3221 321 3704 390 μετανοησάντων·

461 430 703 485 mantes;
734 415 1099 487 pes'tinodum,
1121 429 1245 468 cum
1281 425 1336 468 et
1363 412 1822 466 vehementibrem
1839 418 2033 465 aestum

2156 410 2230 462 .'va.
2281 408 2346 461 ἐκ
2381 407 2589 460 τούτων
2629 407 3092 479 πιθανοποιήσωσι
3116 409 3215 480 τῆς
3259 408 3470 464 ἑαυτῶν
3498 410 3712 480 ἀπάτης

458 514 512 566 in
537 527 700 565 carne
732 506 1132 570 succenderint,
1183 506 1415 560 interius
1461 507 1667 575 peccati
1702 502 1819 576 lege
1843 505 2032 560 consi-

2156 499 2239 570 τὴν
2262 495 2572 571 συμϐουλήν
2595 515 2611 531 ⁶
2655 499 2802 564 ὅπως
2843 503 2911 571 τῇ
2956 501 3299 572 ἀντιστρόφῳ
3337 502 3601 574 μετανοίᾳ
3616 503 3705 571 ψυ-

458 601 588 654 Iium
637 599 923 668 perhibent
979 595 1106 657 tibi,
1161 594 1308 664 quod
1361 595 1622 648 nimirum
1667 601 1873 648 natam
1916 594 2024 646 vim

2156 594 2234 663 [ὴν
2264 591 2725 662 ἀνακαλέσαντες,
2762 589 2855 645 τὸν
2900 592 3026 646 ναὸν
3069 595 3168 662 τῆς
3198 593 3556 666 σωφροσύνης
3580 610 3717 664 πορ-

457 692 736 747 continere
772 689 994 742 minime
1039 688 1248 757 possis;
1301 687 1457 757 sique
1505 687 1576 740 ob
1617 687 2025 751 necessitatem,

2156 686 2277 736 νεῖον
2309 685 2631 755 ποιήσωσιν.
2665 672 2854 745 Οὕτως
2881 681 3304 754 ὑποσυρίζουσιν
3355 686 3403 737 oi
3432 685 3716 753 δίγλωττοι

459 783 698 848 peccaris
748 782 930 844 hodie,
976 795 1100 835 cras
1135 787 1316 833 tamen
1366 779 1738 848 paenitentiam
1771 785 1916 849 ages,
1959 777 2030 832 ob

2156 777 2227 828 τὸν
2289 775 2552 846 λογισμὸν
2600 766 2751 844 ὄφεις
2807 767 2865 827 ἒν
2895 773 2974 828 τῶ
3009 776 3312 845 κινουμένῳ
3354 778 3452 847 τῆς
3490 777 3716 849 καρδίας

459 879 822 940 praeceptum;
855 870 939 922 lex
963 870 1107 921 enim
1137 867 1384 922 abundat
1421 882 1548 936 erga
1584 868 1833 922 homines
1869 867 2034 921 bene-

2156 884 2380 938 ιργαστη
2392 849 2512 937 ρίῳ.

462 963 723 1027 volentia,
765 969 1094 1030 peccataque
1135 960 1408 1014 condonat
1437 960 1850 1029 pwnitentibus.
1893 951 2046 1014 Unde
2111 952 2346 1014 ali‘erunt
2387 959 2480 1012 tibi
2513 951 2779 1028 quosdam
2841 968 3054 1025 eorum,
3083 960 3175 1029 qui
3222 975 3346 1015 cum
3382 963 3716 1017 continentia

461 1056 595 1126 lapsi
631 1061 778 1118 sunt,
829 1067 1130 1121 rursusque
1181 1050 1557 1120 pmnitentiam
1605 1051 1852 1119 egerunt,
1918 1053 1979 1103 lit
2017 1064 2082 1103 ex
2125 1051 2246 1106 istis
2307 1050 2641 1120 deceptiouis
2690 1065 2803 1105 sum
2847 1051 3136 1110 consilium
3176 1053 3556 1120 persuadeant,
3585 1070 3718 1124 quo,

465 1150 704 1202 animam
747 1147 1066 1216 poenitentia
1106 1145 1378 1199 obversim
1438 1144 1802 1212 respondente
1847 1147 2240 1209 restaurantes,
2302 1159 2368 1200 ac
2433 1143 2730 1199 sarcientes
2760 1145 3129 1213 temperantiae
3167 1143 3423 1212 templum
3489 1145 3725 1216 lupanar

461 1242 697 1300 elllciant
759 1247 813 1294 et
855 1238 1240 1308 prostibulum.
1279 1235 1338 1290 In
1379 1236 1566 1291 mobili
1611 1236 1794 1290 cordis
1855 1230 2072 1290 ollicina
2111 1230 2272 1292 talem
2334 1236 2717 1308 cogitationem
2752 1237 3023 1308 bilingues
3056 1235 3386 1292 subsibilant
3415 1246 3721 1308 serpentes.

1019 1433 1247 1491 CAPUT
1295 1431 1487 1488 XXIII.

539 1573 618 1628 Tn
658 1585 789 1626 vero
812 1612 827 1633 ,
866 1584 899 1624 ο
935 1567 1280 1624 continentiae
1327 1568 1512 1631 homo,
1541 1579 1612 1620 ne
1641 1573 1903 1636 praetextu
1925 1573 2044 1634 pm-

2710 1431 2965 1500 K'Eeaa.
3025 1435 3154 1503 Kl".

2219 1571 2292 1637 Σὺ
2326 1581 2404 1648 δὲ,
2509 1581 2607 1652 τῆς
2641 1581 2976 1653 ὶγκρατείας
3005 1582 3286 1656 ἄνθρωπε,
3332 1582 3409 1655 μὴ
3455 1572 3727 1656 προφάσει

471 1663 709 1716 nitentite
765 1660 988 1716 incertis
1032 1658 1213 1712 denuo
1269 1657 1558 1726 decipiaris
1608 1658 1838 1726 spebus;
1888 1656 2042 1710 multi

2156 1675 2308 1728 πάλιν
2353 1649 2644 1750 μετανοίας
2684 1649 2941 1738 δελεάζου
3000 1649 3215 1728 ἐλπίσιν
3259 1649 3511 1746 ἀδοίγλοις.⁷
3542 1649 3731 1754 πολλοὶ

467 1755 611 1806 cutim
659 1753 824 1822 lapsi,
883 1749 1170 1804 confestim
1223 1749 1463 1817 subrepti
1516 1758 1680 1813 sunt;
1715 1749 1806 1802 alii
1862 1759 2042 1802 autem

469 1858 752 1912 resurgere
804 1856 1145 1910 nequaquam
1183 1841 1491 1904 valuerunt,
1533 1842 1868 1910 voluptatum
1914 1856 2048 1895 con~

467 1937 784 1998 suetudine,
838 1935 993 2004 quasi
1031 1934 1134 1987 sub
1180 1932 1294 2001 lege
1335 1931 1590 1986 devincti.
1632 1932 1771 1999 Quid
1811 1946 2046 2003 namque

469 2029 599 2090 seis,
628 2027 810 2087 homo,
836 2025 881 2078 si
913 2024 1080 2088 vives,
1109 2031 1170 2075 ut
1196 2022 1572 2091 paenitentiam
1598 2037 1750 2092 agas,
1777 2039 1902 2078 cum
1922 2025 2047 2077 vitae

469 2133 644 2173 annos
677 2117 773 2171 tibi
801 2114 1149 2170 snbseribas?
1170 2112 1237 2167 Et
1266 2113 1354 2167 hic
1387 2128 1620 2183 peccans
1648 2115 1800 2168 carni
1828 2122 1932 2168 tuae
1963 2114 2048 2167 in-

470 2210 692 2280 dulges;
743 2207 918 2275 magis
964 2214 1240 2275 oporteret
1261 2206 1356 2258 tibi
1423 2206 1525 2275 ipsi
1578 2205 1770 2260 mortis
1831 2206 2047 2274 elargiri

472 2301 810 2364 memoriam,
840 2306 901 2352 ut
929 2298 981 2351 iu
1015 2298 1181 2352 corde
1221 2306 1314 2351 tuo
1344 2298 1640 2352 timendam
1669 2298 1831 2352 etiam
1858 2298 2048 2366 iudicii

471 2393 724 2462 depingat
755 2390 1057 2458 justitiam,
1097 2390 1144 2444 si
1184 2389 1323 2444 forte
1351 2398 1671 2445 aestuantem
1710 2391 1891 2444 carnis
1925 2406 2048 2444 sen-

472 2499 592 2537 sum
631 2497 817 2552 posses
857 2482 1224 2552 restinguere;
1273 2495 1372 2536 nec
1400 2481 1542 2534 enim
1577 2481 1734 2536 aliter
1766 2481 2049 2552 passiones

472 2575 809 2646 exstingues,
851 2583 1141 2643 antequam
1185 2584 1288 2628 tua:
1344 2574 1650 2629 admisceas
1696 2574 1848 2629 carni
1893 2574 2048 2628 labo-

475 2683 562 2719 res
612 2681 802 2720 earum
850 2665 1235 2720 deetrnctionis
1283 2665 1634 2734 passionum;
1693 2680 1870 2734 neque
1918 2679 2048 2719 vero

473 2755 639 2830 436
689 2767 889 2826 partes,
923 2772 1043 2826 quat
1103 2757 1354 2812 animalis
1387 2767 1515 2811 sunt
1557 2758 1816 2823 hominis,
1843 2756 2050 2810 exstin-

477 2865 642 2918 gues.
709 2848 1020 2917 priusquam
1078 2837 1227 2902 cordi
1280 2848 1563 2903 charitatis
1624 2849 1832 2902 fructus
1887 2847 2049 2902 veluti

473 2927 689 3008 pluvias
733 2939 1003 2995 ell'undas.
1040 2937 1362 3010 Corporales
1395 2939 1610 3009 quidem
1649 2942 1930 3010 passiones
1981 2955 2050 2994 ex

479 3031 586 3096 his,
628 3047 750 3102 quae
798 3033 981 3086 carnis
1027 3040 1156 3085 sunt
1207 3031 1500 3098 naturalia,
1551 3041 1776 3088 sumunt
1814 3033 2050 3098 initium,
2078 3005 2122 3062 θ

477 3112 742 3174 adversus
775 3134 912 3189 quas
961 3127 1015 3172 et
1044 3119 1402 3187 temperantia
1450 3121 1682 3186 militat;
1719 3135 1840 3190 qua:
1871 3130 2052 3175 autem

481 3211 734 3265 animalis
783 3219 911 3264 sunt
964 3207 1224 3272 hominis,
1276 3223 1342 3264 ex
1392 3207 1668 3280 illis,qu2e
1699 3211 1765 3264 ad
1802 3209 2054 3267 animalis

480 3304 795 3372 qualitatem
836 3302 1126 3370 pertinent,
1165 3308 1487 3368 conceptum
1538 3301 1760 3364 habent,
1791 3301 2056 3359 adversus

482 3409 618 3462 quas
640 3393 838 3446 militat
853 3393 1016 3446 etiam
1041 3392 1298 3447 Charitas.
1331 3384 1585 3446 Charitas
1605 3393 2057 3462 impassihilitatis

484 3490 568 3533 est
617 3477 908 3540 connexio,
955 3477 1272 3546 passionum
1324 3492 1453 3531 vero
1508 3478 1735 3544 deIelio,
1775 3495 1897 3549 qua:
1939 3489 2056 3533 tum

488 3566 951 3636 longanimitatem
996 3564 1220 3635 profert,
1262 3574 1374 3619 tum
1427 3563 1861 3623 eﬂ‘ervescentem
1896 3567 2058 3622 refri-

486 3665 639 3728 gerat
691 3655 967 3719 animum,
1027 3665 1142 3709 tum
1196 3656 1553 3712 humilitatem
1606 3659 1888 3728 producit,
1940 3666 2056 3714 tum

486 3747 649 3802 etiam
681 3745 915 3801 demittit
952 3745 1284 3816 superbiam.
1317 3747 1566 3804 Charitas
1600 3750 1738 3804 nihil
1779 3752 2059 3821 preprium

490 3839 651 3895 habet
706 3849 898 3908 praeter
958 3837 1149 3903 Deum,
1199 3837 1313 3908 ipsa
1355 3840 1554 3894 etenim
1603 3849 1689 3897 est
1741 3841 1906 3898 Deus.
1955 3841 2060 3908 Qui

489 3929 834 4001 splendidum
909 3927 1303 3984 monachorum
1368 3929 1424 3983 in
1494 3941 1743 3986 senatum
1816 3943 2063 3989 recenter

488 4028 897 4092 coagmentatus
935 4018 1222 4084 est,.bona
1254 4018 1329 4072 illi
1365 4034 1394 4073 a
1425 4019 1746 4092 cognatione
1780 4023 2062 4093 proferen-

490 4123 571 4168 tes
611 4112 794 4167 omina
837 4109 1194 4182 cogitationes
1249 4110 1507 4181 deponat,
1557 4129 1623 4168 ne
1667 4114 1904 4180 laudem,
1943 4131 2065 4185 quae

491 4208 560 4260 ab
611 4205 920 4261 hominibus
969 4209 1235 4276 provenit,
1265 4209 1358 4264 sed
1404 4223 1548 4271 eam,
1580 4222 1701 4278 quae
1729 4221 1759 4261 a
1793 4210 2065 4264 mandatis

478 4293 757 4364 procedit,
803 4295 1187 4351 beatitudinem
1248 4297 1520 4366 inquirat;
1571 4309 1760 4350 verum
1809 4297 2065 4352 audacter

491 4401 550 4440 se
583 4395 733 4454 gerat
757 4385 1020 4441 adversos
1054 4386 1410 4441 insilientium
1447 4388 1753 4441 daemonum
1795 4403 2058 4457 pavores;

495 4495 594 4533 nec
637 4480 782 4532 enim
834 4479 1014 4532 denuo
1052 4478 1306 4545 spiritum
1352 4478 1658 4533 timiditatis
1694 4475 1766 4552 ad
1806 4480 2060 4535 timorem

495 4569 805 4638 accepistis,
840 4569 962 4623 ideo
996 4585 1062 4623 ne
1095 4568 1400 4624 timiditatis
1454 4569 1644 4638 spiritu
1674 4569 1913 4640 seipsum
1939 4586 2066 4641 per-

492 4661 673 4725 cellat,
723 4675 898 4730 neque
957 4667 1155 4716 tremat
1194 4661 1500 4715 daemonum
1553 4653 1813 4732 fragores,
1868 4663 2066 4734 strepi-

495 4762 695 4821 tusque
740 4761 1058 4816 nocturnos,
1099 4751 1536 4823 quandoquidem
1587 4764 1686 4809 nec
1715 4763 1907 4810 contra
1938 4770 2067 4825 por-

495 4858 592 4897 cos
637 4851 959 4912 potestatem
1019 4843 1219 4898 habent
1256 4862 1269 4875 ·
1307 4843 1624 4913 vespertinis
1677 4845 1842 4914 igitur
1892 4845 2064 4912 horis,

497 4934 630 4989 cella
670 4933 970 5003 egrediens,
1011 4950 1077 4990 ne
1111 4936 1473 5006 perturbetur,
1517 4947 1694 5006 neque
1733 4935 1946 5005 fugiens
1979 4951 2067 4990 re-

497 5035 584 5083 tro
634 5028 858 5092 insiliat,
905 5029 1127 5098 perinde
1157 5046 1222 5085 ac
1258 5030 1532 5085 daemones
1577 5030 1787 5085 scilicet
1835 5030 2070 5086 insecta-

499 5131 706 5186 rentur,
759 5122 852 5176 sed
897 5121 1118 5176 ﬂectens
1168 5137 1338 5192 genua
1387 5137 1453 5176 eo
1483 5122 1534 5175 in
1577 5120 1718 5186 loco,
1746 5123 1800 5176 in
1827 5137 1936 5192 quo
1969 5137 2071 5190 pa-

496 5208 687 5269 vescit,
731 5223 944 5276 precem
995 5208 1271 5272 ellundat;
1314 5223 1413 5264 nec
1437 5211 1581 5262 enim
1638 5207 1692 5260 in
1732 5215 1784 5262 te
1808 5208 2068 5275 incident,

500 5299 747 5368 quamvis
804 5301 876 5353 ita
928 5308 980 5353 te
1021 5300 1410 5370 perturbarint,
1462 5307 1745 5368 postquam
1774 5314 1904 5354 vero
1945 5315 2070 5354 sur-

499 5390 725 5456 rexeris,
751 5405 846 5445 cor
874 5391 1051 5445 audax
1096 5391 1279 5458 facito,
1305 5391 1759 5463 Psalmorumque
1778 5403 1938 5448 cantu
1974 5407 2070 5450 ora

497 5484 723 5538 dicens:
760 5501 779 5535 ι
837 5483 953 5539 Non
1009 5486 1225 5541 timebis
1265 5503 1292 5540 a
1343 5487 1538 5542 timore
1585 5495 1877 5552 nocturno,
1917 5504 1946 5542 a
1978 5503 2073 5544 sa-

497 5575 628 5641 gitta
675 5575 836 5646 437
873 5577 1091 5633 volante
1154 5581 1207 5633 in
1242 5580 1346 5643 die,
1387 5594 1417 5634 ιι
1468 5581 1685 5651 negotio
1736 5580 1790 5635 in
1836 5581 2070 5639 tenebris

2145 1769 2251 1840 γὰρ
2286 1768 2544 1831 πεσόντες
2593 1767 2756 1831 εὐθὺς
2807 1767 3230 1837 ἀνηρπάγησαν,
3267 1767 3447 1838 ἕτεροι
3491 1763 3548 1822 δὲ
3592 1769 3730 1822 ἀνα-

2147 1855 2338 1930 στῆναι
2371 1859 2471 1912 οὐκ
2513 1859 2739 1929 ἴσχυσαν
2768 1860 2834 1929 τῇ
2863 1857 2974 1912 τῶν
3004 1854 3206 1929 ἡδονῶν
3235 1846 3499 1930 συνηθείᾳ
3521 1856 3596 1923 ὡς
3623 1849 3730 1912 ὑπὸ

2144 1951 2310 2020 νόμον
2360 1950 2630 2012 δεθέντες.
2656 1950 2720 2002 Τί
2742 1948 2851 2021 γὰρ
2891 1939 3059 2014 οἶδας,
3114 1948 3394 2021 ἄνθρωπε,
3436 1951 3486 2003 εί
3516 1940 3726 2024 ζήσεις,

2147 2043 2234 2097 ἵνα
2255 2044 2349 2096 καὶ
2395 2043 2756 2114 μετανοήσῃς,
2798 2042 2881 2094 ὅτι
2927 2041 3150 2112 χρόνους
3186 2042 3334 2112 ζωῆς
3375 2033 3559 2112 ἐαυτῷ
3587 2043 3726 2096 ὑπο-

2146 2137 2415 2208 γράφειςς
2455 2133 2749 2206 Κάνταῦθα
2804 2133 3038 2197 πταίων,
3062 2136 3128 2205 τῇ
3164 2143 3327 2204 σαρκί
3359 2150 3454 2187 σου
3503 2133 3722 2205 χαρίζῃ,

2146 2225 2263 2278 δέον
2300 2223 2504 2294 μᾶλλον
2542 2222 2878 2293 χαρίσασθαι
2926 2220 3139 2292 σεαυτῷ
3185 2221 3423 2276 Θανάτου
3461 2225 3562 2293 τὴν
3589 2209 3728 2293 μνή-

2152 2333 2259 2386 μην
2295 2315 2389 2368 καὶ
2431 2315 2518 2367 ἵνα·
2573 2313 2840 2383 ζωγραφῇ
2887 2329 2981 2364 σου
3009 2314 3074 2383 τῇ
3117 2311 3317 2383 καρδίᾳ
3359 2313 3458 2384 τὴν
3490 2310 3726 2384 φοϐεράν

2146 2408 2246 2477 τῆς
2271 2407 2504 2478 κρίσεως
2535 2406 2715 2475 δίκην,
2763 2406 2816 2457 εἴ
2864 2423 2981 2469 πως
3011 2405 3300 2476 δυνηθείης
3322 2404 3385 2458 τδ
3407 2408 3726 2476 πυρεταῖνον

2146 2498 2246 2568 τῆς
2271 2497 2470 2569 σαρκὸς
2502 2497 2756 2568 φρόνημα
2785 2495 3146 2548 κατασϐέσαι·
3184 2496 3386 2567 οὐγὰρ
3417 2497 3597 2560 άλλως
3627 2499 3727 2550 iia-

2147 2589 2432 2652 τασϐέσεις
2458 2588 2528 2641 τά
2554 2587 2726 2658 πάθη,
2769 2587 2902 2657 πρὶν
2939 2588 2973 2656 ἢ
3009 2588 3075 2658 τῇ
3117 2588 3281 2659 σαρκί
3320 2591 3414 2642 σου
3456 2589 3728 2658 συγκεράδ

2151 2695 2250 2749 σῃς
2280 2680 2405 2742 τοὺς
2435 2679 2534 2748 τῆς
2581 2679 2890 2748 ἁνασκευῆς
2923 2679 3103 2730 αὐτῶν
3151 2679 3366 2744 πόνους.
3417 2679 3559 2733 Οὔτε
3611 2681 3726 2752 μὴν

2148 2770 2374 2840 ψυχικὰ,
2416 2770 2548 2840 πρὶν
2592 2770 2625 2840 ἢ
2661 2772 2726 2840 τῇ
2782 2769 2982 2840 καρδίᾳ
3017 2767 3376 2840 ὲξομϐρήσεις
3411 2770 3537 2833 τοὺς
3581 2787 3726 2842 παρ⁴

2151 2862 2288 2924 ποὺς
2324 2861 2428 2931 τῆς
2479 2861 2725 2931 ἀγάπης.
2761 2861 2843 2915 Τὰ
2873 2861 2975 2931 μὲν
3015 2861 3306 2931 σωματικά
3347 2860 3497 2932 πάθη
3525 2863 3593 2916 ὲκ
3617 2861 3725 2914 τῶν

2153 2952 2396 3022 φυσικῶν
2435 2952 2535 3022 τῆς
2584 2951 2783 3023 σαρκὸς
2823 2953 2922 3026 τὴν
2963 2953 3142 3024 ἀρχὴν
3189 2952 3480 3021 λαμϐάνει,
3507 2951 3630 3006 καθ’
3651 2947 3724 3005 ἄν

2153 3045 2252 3098 καὶ
2278 3046 2313 3115 ἡ
2365 3045 2678 3115 ἐγκράτεια,
2703 3044 2772 3100 τὰ
2800 3045 2858 3098 δὲ
2888 3044 3094 3116 ψυχικὰ
3121 3046 3186 3098 ἐκ
3215 3039 3327 3098 τῶν
3360 3044 3612 3114 ψυχικῶν
3629 3044 3722 3114 τὴν

2153 3139 2353 3209 κύησιν
2385 3137 2522 3208 ἔχει,
2577 3137 2702 3191 καθ’
2735 3133 2810 3192 ὧν
2834 3139 2930 3192 καὶ
2961 3139 2995 3208 ἠ
3017 3137 3230 3207 ἀγάπη.
3267 3136 3335 3189 Ἦ
3360 3137 3550 3209 ἀγάπη
3579 3139 3722 3192 dm-

2154 3227 2306 3290 θείας
2333 3227 2451 3279 ἐστὶ
2477 3226 2760 3294 συνάφεια,
2803 3226 2994 3280 παθῶν
3035 3227 3094 3280 δὲ
3125 3226 3432 3299 άπαλοιφὴ,
3475 3229 3578 3297 τὴν
3613 3243 3720 3298 μαι

2155 3317 2456 3390 κροθυμίαν
2497 3318 2870 3389 προφέρουσα,
2915 3319 3011 3372 καὶ
3053 3318 3148 3372 τὸν
3188 3319 3384 3384 ζέοντα
3425 3317 3599 3389 θυμὸν
3635 3335 3725 3373 και

2154 3409 2493 3478 ταψύχουσα,
2516 3409 2616 3480 τὴν
2663 3408 2998 3464 ταπείνωσιν
3046 3409 3455 3481 προϐάλλουσα,
3501 3411 3596 3464 καὶ
3631 3411 3726 3480 τὴν

2157 3499 2536 3572 ὑπερηφανίαν
2589 3501 2998 3571 καταφέρουσα.
3053 3501 3266 3572 Ἀγάπη
3316 3502 3432 3571 ἔχει
3465 3501 3566 3572 μὲν
3598 3502 3726 3556 ἴδιον

2157 3591 2308 3646 οὐδὲν
2335 3591 2474 3662 πλὴν
2498 3591 2595 3645 τοῦ
2617 3591 2751 3645 Θεοῦ
2775 3607 2790 3622 °
2825 3591 2964 3664 αῦτη
2999 3593 3107 3664 γάρ
3130 3595 3280 3647 ἐστιν
3302 3595 3331 3647 ό
3367 3592 3520 3658 Θεός.
3561 3595 3622 3648 Ὅ
3650 3597 3727 3657 εις

2157 3683 2257 3752 τὴν
2286 3684 2520 3753 φαιδρὰν
2556 3685 2664 3737 τῶν
2699 3683 2947 3754 μοναχῶν
2978 3684 3281 3753 σύγκλητον
3298 3687 3574 3755 νεοπαγὴς
3599 3701 3726 3754 τυγ·

2158 3769 2360 3839 χάνων,
2389 3769 2714 3824 ἁπωθείσθω
2748 3773 2876 3834 τοὺς
2909 3772 3208 3842 λογισμοὺς
3239 3771 3365 3836 τοῦς
3403 3774 3724 3843 προσιόντας

2159 3857 2310 3927 αὑτῷ
2351 3859 2627 3928 εὐφημίας
2677 3859 2787 3914 ἀπὸ
2818 3861 2918 3932 τῆς
2944 3864 3285 3931 συγγενείας,
3309 3863 3399 3918 ῐνα
3447 3865 3524 3935 μὴ
3554 3865 3646 3918 τὸν
3668 3863 3725 3929 ιε

2161 3949 2464 4022 ἀνθρώπων
2515 3950 2754 4018 ἔπαινον,
2794 3951 2931 4006 ἀλλὰ
2971 3954 3063 4007 τὸν
3113 3955 3179 4007 ὲκ
3203 3954 3314 4008 τῶν
3339 3955 3574 4009 ἐντολῶν
3615 3973 3716 4026 μα-

2162 4041 2433 4112 καρισμὸν
2462 4042 2767 4112 ὲπιζητοίη.
2794 4043 2914 4096 Τῶν
2946 4043 3006 4096 δὲ
3036 4043 3134 4107 τὰς
3170 4044 3375 4109 δειλίας
3419 4046 3728 4100 εἰσϐαλλόν-

2163 4149 2272 4185 των
2286 4132 2554 4202 δαιμόνων
2579 4133 3016 4204 καταθαρσείτω⁰
3043 4135 3105 4190 οὐ
3131 4136 3240 4206 γὰρ
3267 4136 3488 4192 ἐλάϐετε
3515 4137 3729 4207 πνεῦμα

2163 4220 2368 4286 δειλίας
2421 4221 2581 4275 πάλιν
2619 4224 2700 4286 είς
2747 4223 2912 4291 φόϐον
2941 4239 2956 4254 ·
2989 4224 3265 4295 πνεύματι
3307 4225 3513 4290 δειλίας
3543 4227 3730 4281 ἑαυτὸν

2092 4344 2139 4400 Β
2168 4312 2244 4383 μὴ
2265 4312 2720 4380 καταπτησσέτω,
2758 4314 2894 4384 μήτε
2936 4313 3061 4377 τοὺς
3107 4318 3454 4387 νυκτερινοὺς
3499 4317 3730 4380 κτύπους

2165 4402 2274 4456 τῶν
2315 4403 2585 4474 δαιμόνων
2621 4403 2894 4475 τρεμέτω,
2948 4405 3149 4459 ὁπόταν
3204 4405 3330 4460 οὔτε
3363 4407 3509 4461 κατά
3539 4411 3732 4480 χοίρων

2163 4491 2362 4563 ἔχωσιν
2395 4493 2669 4557 ἐξουσίαν.
2707 4494 2797 4547 Ἐν
2824 4496 2946 4558 ταῖς
2984 4494 3200 4565 ὁψιναῐς
3232 4491 3326 4550 οὖν
3369 4496 3603 4562 δξελθὼν
3639 4499 3734 4567 τῆς

2163 4585 2385 4656 κόλλης,
2431 4584 2506 4656 μὴ
2544 4584 2829 4657 θροείσθω,
2858 4584 2955 4639 καὶ
2993 4586 3214 4654 φεύγων
3248 4587 3443 4642 ἁνόπιν
3469 4589 3732 4660 είσπηδά-

2165 4697 2262 4741 τω,
2292 4678 2368 4741 ὼς
2405 4677 2514 4730 τῶν
2543 4675 2813 4747 δαιμόνων
2857 4678 3020 4748 δῆθεν
3071 4679 3544 4750 κατατρεχόντων,
3601 4678 3735 4733 ἀλλὰ

2166 4769 2356 4832 κλίνας
2379 4768 2449 4821 τὰ
2467 4769 2671 4835 γόνατα
2705 4770 2766 4822 ὲν
2794 4763 2837 4837 ᾧ
2863 4770 3014 4842 τόπῳ
3036 4769 3210 4842 δειλιᾷ
3239 4770 3515 4838 εὐξάσθω,
3537 4771 3600 4825 οὐ
3631 4771 3734 4841 γάρ

2168 4877 2251 4914 σοι
2278 4859 2664 4914 ἐπιπεσοῦνται
2697 4860 2800 4914 κᾶν
2825 4860 2970 4915 οὕτω
2997 4879 3058 4914 σε
3090 4861 3416 4932 θροήσωσιν·
3435 4863 3656 4918 ἐπειδὰν
3678 4862 3733 4914 δὲ

2168 4952 2406 5022 ἀναστῇς
2433 4950 2669 5023 Θάρῤυνε
2694 4951 2793 5023 τὴν
2821 4952 3072 5023 καρδίαν,
3102 4954 3411 5025 παρακάλει
3457 4957 3524 5026 τῇ
3546 4954 3725 5026 ψαλμ-

2168 5039 2320 5111 ῳδίᾳ,
2359 5059 2378 5092 ι
2422 5040 2499 5094 Οὐ
2560 5041 2846 5114 φοϐηθήσῃ
2894 5042 3132 5115 (λέγων)
3173 5043 3282 5097 ἀπὸ
3326 5044 3497 5115 φόϐου
3545 5062 3732 5099 νυκτεοι

2172 5131 2344 5201 ρινοῦ,
2409 5132 2518 5186 άπὸ
2553 5133 2740 5202 βέλους
2799 5135 3098 5204 πετομένου
3149 5136 3385 5207 ἡμέρας,
3424 5136 3536 5190 ἀπὸ
3559 5136 3734 5207 πράγ-

2173 5239 2341 5293 ματος
2367 5223 2424 5276 ὲν
2455 5223 2640 5277 σκότει
2665 5224 3146 5295 διαπορευομένου,
3166 5226 3276 5280 ἀπὸ
3307 5226 3732 5296 συμπτώματος,

2171 5315 2265 5367 καὶ
2311 5314 2588 5384 δαιμονίου
2634 5315 3036 5387 μεσημϐρινοῦ.
3075 5335 3092 5368 ι
3134 5316 3291 5372 Οὕτω
3332 5318 3441 5389 γὰρ
3478 5318 3626 5383 άπαε
3645 5317 3734 5371 καὶ

2171 5403 2460 5458 πολλοστὸν
2488 5406 2740 5477 ποιήσας,
2775 5405 2867 5460 τὸν
2915 5407 3146 5477 δαίμονα
3169 5408 3270 5478 τῆς
3314 5407 3520 5470 δειλίας
3547 5407 3733 5461 θᾶττον

2171 5493 2266 5564 ἀφ’
2296 5493 2488 5547 ἑαυτοῦ
2513 5495 2829 5559 ἀπελάσεις.
2865 5495 3276 5559 ’Δδυνατοῦντες
3310 5495 3419 5566 γὰρ
3445 5495 3594 5566 ἔργῳ
3615 5493 3734 5565 βλά-

2173 5604 2348 5654 πτειν,
2362 5591 2479 5651 ταῖς
2494 5589 2812 5658 φαντασίαις
2833 5588 2932 5660 τὴν
2954 5588 3130 5659 ψυχὴν
3143 5588 3562 5656 δειλοκοποῦσιν,
3583 5589 3668 5641 ἵνα
3685 5586 3733 5640 oi
