4046 6152
315 231 450 296 “'25

1447 241 1878 305 TRACTATUS
1913 243 2014 304 AD
2049 244 2474 307 EULOGIUM.
2532 318 2537 324 ε

3435 248 3571 313 1126

307 349 591 419 ἅνθρωποι
637 349 765 412 τοὺς
812 351 1078 417 ἀσθενεῖς,
1131 355 1223 406 καὶ
1269 355 1584 422 ἀδυνάτους,
1633 355 1886 428 ἰσχυροὺς

1991 349 2425 428 perambulante,
2448 361 2516 414 ab
2537 360 2782 424 incursu,
2803 369 2858 416 et
2878 359 3145 417 daemonio
3164 361 3469 419 meridiano
3490 367 3536 397 ⁸⁷
3550 407 3570 428 ,

309 442 403 504 καὶ
429 441 694 506 δυνατοὺς
721 438 862 498 εἶναι
896 445 1183 513 νομίσωσι.

1999 451 2081 504 sic
2111 450 2255 504 enim
2289 452 2480 517 semel,
2519 460 2574 505 et
2611 452 2956 508 multifariam
2989 454 3034 508 si
3081 453 3297 519 feceris,
3336 455 3570 511 celerius

310 535 528 602 pavoris
576 525 877 589 daemonem
932 536 1122 606 procul
1175 552 1206 592 a
1258 539 1431 609 Ieipso
1455 539 1732 610 expelles;
1771 551 1898 595 cum
1940 540 2084 594 enim
2150 557 2314 612 opere
2354 543 2579 599 minime
2621 559 2817 600 nocere
2874 546 3122 616 possint;
3158 547 3574 618 imaginationi-

310 628 412 681 bus
463 628 705 682 animam
756 627 1262 696 perterrefacientes
1317 629 1584 702 afﬂigunt,
1632 637 1697 686 ut
1753 629 2004 686 homines
2049 632 2342 703 opinentur
2415 633 2561 703 quod
2617 633 2784 690 validi
2818 645 2947 690 sunt
3000 651 3064 690 ac
3104 645 3351 706 potentes
3381 637 3420 693 ii
3472 637 3569 711 qui

310 732 434 774 vere
457 716 659 771 inﬁrmi
688 723 834 780 sunt,
868 730 933 770 ac
971 715 1316 786 impotentes.

895 831 1149 886 ΚΕΦΑΛ.
1182 830 1309 885 ΚΔ’.

374 945 702 1008 Καλλίστοις
727 945 968 1015 ἱματίοις
993 944 1070 1014 μὴ
1104 941 1334 996 σεαυτὸν
1363 941 1772 1014 περιστολίσῃς,
1799 940 1889 993 ἵνα

307 1041 383 1110 μὴ
417 1038 512 1091 τὸν
553 1040 657 1108 τῆς
695 1036 1006 1101 κενοδοξίας
1048 1035 1281 1108 δαίμονα
1322 1034 1766 1108 προφανέστερον
1798 1034 1891 1094 ὲνὲ

305 1131 440 1200 δύσῃ
467 1144 484 1158 ·
519 1130 582 1183 οὐ
612 1129 724 1200 γὰρ
763 1130 824 1181 ὲν
858 1128 1047 1182 κάλλει
1084 1120 1407 1198 ἱματίωναί
1445 1126 1639 1197 ἀρεταὶ
1662 1123 1890 1197 φοροῦν-

303 1239 416 1286 ται,
443 1222 562 1276 ἀλλ’
591 1223 650 1274 ἐν
682 1222 872 1276 κάλλει
907 1221 1089 1292 ψυχῆς
1111 1220 1162 1273 οἱ
1192 1219 1346 1273 πόνοι
1376 1217 1843 1290 χρυσοφοροῦνται
1869 1232 1886 1250 ο

301 1313 401 1367 τὸν
430 1315 486 1367 δὲ
509 1313 602 1366 τοῦ
629 1312 765 1366 Θεοῦ
795 1312 962 1381 φόϐον
992 1310 1250 1365 ὲπενδύου
1277 1310 1386 1364 τῶν
1414 1310 1514 1379 τῆς
1539 1310 1776 1380 κρίσεως
1801 1325 1893 1362 κο-

299 1406 638 1476 λαστηρίων,
655 1403 805 1466 ὅπως
837 1402 987 1470 φόϐῳ
1017 1401 1188 1472 πυρὸς
1209 1400 1621 1455 ἀκατάσϐεστον
1638 1399 1736 1470 τὴν
1758 1399 1888 1471 θέρ-

303 1512 422 1562 μην
451 1494 742 1564 ὲπενδύσῃ,
769 1495 862 1547 καὶ
892 1494 1034 1547 κατὰ
1055 1495 1152 1562 τῆς
1175 1491 1534 1563 κακοτεχνίας
1557 1491 1753 1544 θᾶττον
1782 1491 1892 1542 τῶν

299 1587 590 1657 λογισμῶν
647 1586 970 1658 σοφισθήσῃ,
1032 1585 1174 1656 ἀρχὴ
1221 1584 1330 1654 γάρ
1366 1585 1514 1637 ἐστιν
1542 1585 1570 1635 ὁ
1603 1581 1768 1650 φόϐος
1794 1582 1892 1652 τῆς

305 1677 524 1745 σοφίας.
563 1677 620 1729 '0
666 1677 775 1730 τῶν
828 1676 1105 1747 λογισμῶν
1167 1675 1267 1746 τὴν
1323 1674 1532 1746 πλάνην
1580 1673 1673 1726 διὰ
1697 1672 1893 1744 πείρας

2558 825 2790 884 CAPUT
2828 827 3033 898 xxw.

2001 975 2006 980 .
2057 934 2445 993 Pulcherrimis
2503 954 2572 993 ne
2621 941 2856 1006 teipsum
2921 941 3364 1002 circumamicias
3407 949 3576 1008 vesti-

1987 1030 2208 1094 mentis,
2257 1037 2316 1082 ut
2355 1044 2508 1085 vanae
2541 1031 2728 1101 gloria:
2756 1033 3058 1088 daemonem
3089 1036 3434 1096 manifestius
3462 1057 3576 1098 non

1989 1118 2208 1184 induas,
2257 1135 2360 1175 nec
2411 1123 2556 1176 enim
2601 1124 2832 1180 virtutes
2889 1127 2945 1180 in
2979 1129 3211 1182 vestium
3253 1130 3577 1189 deferuntur

1988 1210 2421 1280 pulchritudine,
2455 1229 2643 1269 verum
2677 1215 2734 1270 in
2783 1217 2978 1273 anima:
3006 1219 3205 1275 decore
3235 1221 3451 1279 labores
3477 1241 3577 1280 ve-

1989 1302 2069 1357 lut
2095 1312 2282 1358 aurata
2316 1314 2598 1374 gestantur
2627 1309 2951 1364 vestimenta
2994 1329 3007 1364 :
3047 1313 3294 1382 quinimo
3335 1317 3578 1384 punitio-

1988 1406 2120 1445 num
2143 1391 2336 1461 judicii
2369 1393 2463 1449 Dei
2501 1397 2833 1466 superindue
2863 1401 3112 1456 timorem
3148 1412 3208 1458 ut
3256 1414 3402 1460 metu
3435 1408 3577 1478 ignis

1989 1483 2486 1556 inexstinguibilem
2519 1492 2886 1559 supervestias
2937 1495 3197 1562 calorem,
3249 1498 3436 1568 sicque
3473 1501 3574 1556 ad-

1988 1591 2181 1633 versus
2221 1579 2611 1649 cogitationum
2669 1583 2929 1640 maleﬁcia
2981 1589 3212 1642 celerius
3253 1591 3576 1647 edoceberis

1988 1669 2350 1736 sapientiam:
2393 1673 2608 1728 initium
2650 1677 2851 1747 quippe
2897 1681 3179 1749 sapientiae
3219 1683 3383 1737 timor
3405 1686 3576 1739 est".

303 1768 670 1836 ἐξαγγέλλων,
701 1769 764 1821 οὐ
795 1770 960 1822 πᾶσιν
999 1766 1306 1835 εὔγνωστος
1328 1769 1478 1820 ἔσται
1501 1765 1640 1837 πλὴν
1685 1765 1796 1818 τῶν
1833 1766 1886 1818 ὲν

1992 1758 2096 1827 Qui
2158 1765 2550 1834 cogitationum
2601 1768 2975 1838 deceptionem
3040 1788 3135 1842 per
3182 1775 3577 1844 experientiam

302 1855 496 1927 πείρᾳ,
525 1856 643 1918 ὁδὸς
672 1856 782 1926 γὰρ
814 1857 912 1926 τῆς
941 1859 999 1910 ὲν
1028 1857 1203 1928 τούτῳ
1228 1855 1305 1926 τῷ
1340 1858 1499 1928 μέρει
1520 1857 1826 1926 γνωστικῆς
1852 1857 1886 1928 ἡ

301 1951 474 2019 πεῖρα
531 1948 871 2018 καθέστηκεν
895 1964 910 1979 ⁸
951 1949 1100 2004 αἰτία
1152 1950 1260 2020 γὰρ
1319 1949 1650 2020 ἀμφοτέρων
1673 1949 1823 2002 ἐστὶν
1853 1951 1886 2019 ὴ

301 2042 608 2112 πρακτικὴ,
649 2041 828 2109 ἥνπερ
867 2041 1228 2112 πονικώτερον
1281 2041 1625 2111 κατέχοντες,
1660 2041 1888 2104 ἑαυτοὺς

299 2135 724 2203 ὲπιγνωσόμεθα
776 2134 868 2186 καί⁵
911 2132 1190 2203 λογισμῶν
1241 2131 1738 2203 καταγνωσόμεθα,
1789 2131 1887 2184 καὶ

300 2227 435 2279 Θεὸν
470 2225 912 2295 ὲπιγνωσόμεθα.
960 2225 1019 2276 '0
1043 2225 1108 2276 ὲκ
1135 2224 1450 2294 πρακτικῆς
1475 2222 1766 2294 ἐκδημίας,
1792 2221 1887 2275 καὶ

302 2307 615 2385 γῦωστικῆς
647 2316 768 2388 ἐνδη
778 2317 907 2386 μίας
929 2315 1038 2369 τῶν
1061 2314 1336 2386 λογισμῶν
1349 2317 1416 2385 τῇ
1438 2314 1602 2386 τέχνῃ
1620 2315 1745 2381 τοὺς
1762 2314 1889 2381 ἀφε-

303 2409 416 2472 λεῖς
439 2409 700 2478 ἀλείφων,
725 2407 967 2477 βλεπέτω
989 2406 1064 2477 μὴ
1087 2407 1167 2471 είς
1190 2405 1416 2470 ἔνδειξιν
1440 2403 1598 2474 δόξης
1622 2403 1723 2475 τὴν
1743 2421 1885 2472 γνω⁶

306 2497 506 2570 στικὴν
535 2498 817 2572 κομπάζῃ·
845 2500 896 2552 εί
935 2497 994 2553 δὲ
1023 2497 1284 2566 λογισμὸς
1325 2494 1532 2549 τούτων
1564 2495 1885 2565 μεγαλύνων

301 2592 582 2664 λῃστεύει,
634 2593 716 2656 είς
765 2590 1020 2662 βοήθειαν
1044 2589 1257 2644 λαϐέτω
1279 2587 1371 2642 τὸν
1416 2587 1654 2657 Ἕλληνα
1692 2584 1882 2656 ’Ῑοθὸρ,

301 2687 514 2755 Μωῦσῇ
564 2683 642 2756 τῷ
695 2684 918 2754 μεγάλῳ
965 2681 1226 2753 προφήτῃ
1257 2680 1357 2750 τὴν
1386 2681 1499 2733 ἀπὸ
1527 2680 1624 2748 τῆς
1661 2679 1886 2749 χάριτος

303 2779 482 2850 σοφὴν
510 2778 847 2848 συμϐουλίαν
882 2778 972 2831 διὰ
992 2776 1174 2848 κρίσιν
1204 2774 1450 2828 ἐκδόντα.
1479 2773 1633 2826 Ἤτω
1657 2789 1752 2824 σου
1776 2771 1885 2823 τῶν

300 2868 588 2938 λογισμῶν
621 2870 656 2938 ἡ
681 2867 912 2938 δύναμις
954 2867 1024 2920 τὰ
1063 2866 1222 2938 ἔργα,
1257 2865 1328 2918 τὰ
1357 2863 1467 2935 γὰρ
1497 2863 1752 2934 πρακτέα
1778 2862 1885 2916 τῶν

303 2961 548 3014 λεκτέων
581 2959 700 3013 ἐστὶ
731 2957 1164 3028 φιλοσοφώτερα,
1193 2956 1462 3025 καθάπερ,
1493 2955 1589 3008 καὶ
1610 2951 1884 3007 ἐπιπονώ-

303 3067 442 3122 τερα
465 3065 480 3081 ⁶
513 3050 767 3118 πράξεως
818 3047 1108 3120 παρούσης,
1127 3047 1316 3124 ὥσπερ
1358 3049 1406 3101 οἱ
1430 3045 1578 3114 λόγοι
1617 3042 1884 3114 ἐξαστρά-

1991 1853 2262 1922 enuntiat,
2321 1873 2426 1911 non
2483 1859 2738 1916 omnibus
2773 1863 2940 1930 probe
2993 1871 3158 1919 notus
3197 1868 3320 1929 erit,
3357 1879 3576 1937 prater-

1988 1961 2151 2015 quam
2188 1946 2297 2012 his,
2331 1947 2425 2018 qui
2463 1950 2668 2017 experti
2720 1959 2869 2015 sunt,
2919 1966 3044 2006 cum
3078 1955 3162 2008 via
3200 1955 3253 2009 in
3286 1957 3388 2012 hac
3426 1968 3578 2026 parte

1989 2039 2369 2109 cognoscitivae
2401 2041 2523 2097 vitae
2560 2043 2894 2112 experientia
2927 2045 3029 2111 sit;
3053 2048 3251 2102 etenim
3287 2050 3576 2122 utriusque

1988 2146 2152 2187 causa
2196 2134 2436 2201 practica
2475 2143 2558 2189 est
2589 2136 2719 2198 vita,
2764 2151 2928 2206 quam
2970 2137 3299 2194 laboriosius
3330 2143 3577 2198 obtinen-

1988 2228 2068 2275 tes
2092 2236 2191 2277 nos
2222 2222 2368 2291 ipsos
2405 2239 2796 2290 agnoscemus,
2842 2237 2894 2281 et
2927 2229 3286 2299 cogitationes
3313 2235 3574 2288 condem-

1988 2313 2263 2379 nabimus,
2319 2325 2373 2370 et
2421 2314 2592 2371 Deum
2639 2333 3060 2390 cognoscemus.
3105 2322 3210 2389 Qui
3258 2329 3575 2398 pcregrina-

1989 2405 2136 2460 tione
2159 2406 2415 2474 practica,
2453 2418 2507 2464 et
2548 2412 2918 2481 cognoscitiva
2959 2417 3249 2485 praesentia
3292 2420 3575 2490 simplices

1987 2493 2151 2549 illinit
2194 2506 2309 2551 arte
2355 2499 2740 2570 cogitationes,
2771 2513 2977 2571 caveat,
3026 2523 3095 2562 ne
3135 2510 3200 2563 ad
3245 2514 3574 2568 ostentatio-

1989 2603 2111 2640 nem
2141 2588 2325 2658 gloriae
2359 2591 2646 2648 scientiam
2685 2595 2936 2665 jactitet;
2969 2599 3015 2654 si
3046 2609 3226 2656 autem
3256 2602 3449 2658 horum
3477 2621 3573 2661 co-

1987 2679 2178 2750 gitatio
2214 2683 2377 2749 elata,
2412 2684 2643 2742 latronis
2697 2688 2870 2743 instar
2909 2691 3276 2762 depraadetur,
3315 2695 3366 2749 in
3416 2699 3574 2753 auxi-

1989 2772 2118 2826 lium
2153 2785 2398 2831 assumat
2442 2778 2527 2832 ille
2554 2780 2805 2848 gentilem
2837 2780 3008 2850 Jetro,
3029 2786 3124 2855 qui
3162 2786 3332 2858 Moysi
3375 2806 3574 2860 magno

1987 2867 2261 2935 prophetae
2295 2871 2752 2927 consultationem
2788 2890 2886 2943 pro
2913 2875 3142 2946 judicio,
3169 2889 3222 2935 et
3245 2882 3575 2938 benevolen-

1990 2955 2060 3009 tia
2097 2967 2180 3010 est
2211 2958 2494 3029 dilargitus
2525 2963 2592 3016 ‘9.
2630 2961 2726 3020 Vis
2756 2974 2972 3020 tuarum
3024 2969 3134 3024 sint
3181 2973 3571 3042 cogitationum

1985 3039 2152 3114 538
2179 3059 2380 3114 opera;
2425 3063 2549 3102 nam
2579 3048 2823 3106 facienda
2858 3052 3102 3110 dicendis
3131 3039 3290 3128 longe
3324 3069 3453 3114 sunt
3481 3077 3572 3116 sa-

305 3159 556 3203 πτουσιν,
597 3140 774 3211 ἔργων
803 3139 858 3193 δὲ
879 3139 955 3212 μὴ
996 3140 1298 3209 παρόντων,
1329 3141 1377 3192 οἱ
1401 3138 1551 3206 λόγοι
1581 3137 1690 3190 τῶν
1717 3135 1886 3206 ἔργων

1997 3134 2282 3204 pientiora,
2338 3149 2398 3194 ut
2445 3141 2610 3196 etiam
2657 3143 2970 3210 laboriosa;
3038 3163 3160 3202 cum
3215 3151 3356 3206 actio
3405 3153 3568 3218 adsit,

303 3230 535 3301 δύναμιν
583 3231 684 3282 οὐκ
740 3231 1136 3300 ἀστράπτουσι.
1181 3229 1391 3286 Πολιῶν
1419 3228 1695 3299 ἔγκλημα,
1726 3228 1884 3297 λόγος

303 3322 594 3392 νεώτερος,
624 3317 718 3374 καὶ
754 3320 908 3390 χείλη
938 3320 1196 3390 πέρπερα
1222 3318 1589 3389 τινασσόμενα
1616 3318 1832 3387 γέλωτι,
1859 3320 1887 3371 ὁ

304 3413 361 3464 δὲ
397 3413 682 3482 ταράττων
708 3414 802 3466 καὶ
831 3412 1241 3482 ταραττόμενος
1270 3410 1420 3481 εικῆ,
1450 3410 1693 3482 γαλήνης
1729 3409 1886 3473 ἐκτὸς

309 3503 489 3562 ἔσται,
517 3503 612 3555 καὶ
639 3502 902 3564 κλύδωνος
949 3503 1050 3556 οὐκ
1074 3501 1246 3567 ὄντος,
1275 3501 1672 3572 χειματίζεται.
1715 3581 1717 3584 γ
1741 3559 1743 3561 ,

887 3799 1139 3854 ΚΕΦΑΛ.
1185 3795 1317 3852 KE'.

373 3911 469 3982 Μὴ
499 3909 599 3980 τὴν
653 3910 882 3980 ἄκαιρον
946 3910 1203 3979 γλῶσσαν
1253 3909 1550 3981 λεξιθήρει,
1596 3909 1683 3964 ἵνα
1717 3910 1792 3979 μὴ
1823 3909 1885 3961 τὸ

302 4001 439 4056 αὐτὸ
463 4003 554 4070 ὑφ’
583 3995 657 4055 ὧν
699 4002 759 4054 οὐ
790 4001 966 4064 θέλεις
1011 4000 1332 4072 ὑπομείνῃς.
1389 3999 1562 4068 Φεῦγε
1595 4001 1884 4070 πτερνίσαι

300 4093 400 4146 τοῦ
431 4091 665 4162 πλησίον
697 4091 796 4162 τὴν
819 4090 1086 4160 γλῶτταν,
1122 4092 1210 4144 ἵνα
1252 4092 1349 4144 καὶ
1392 4091 1456 4143 σὺ
1498 4091 1594 4144 τοῦ
1633 4091 1881 4144 διαϐόλου

301 4189 400 4241 τὸν
431 4187 770 4257 πτερνισμδν
807 4184 1076 4256 διαφύγῃς
1099 4200 1113 4212 ·
1143 4185 1310 4254 φεῦγε
1360 4183 1614 4237 ὀνειδίσαι
1653 4184 1881 4253 ἀδελφοῦ

305 4297 404 4332 σου
444 4279 505 4331 τὸ
538 4279 807 4346 πταῖσμα,
844 4275 929 4331 ἶνα
962 4276 1038 4347 μὴ
1071 4279 1169 4347 τῆς
1213 4274 1562 4346 συμπαθείας
1599 4273 1674 4338 ὡς
1727 4274 1885 4327 ἀλλό-

301 4367 474 4438 φυλος
531 4367 790 4438 ἑκπέσῃς.
830 4367 888 4420 'U
918 4366 1017 4439 τὴν
1072 4366 1435 4437 χρηστότητα,
1484 4364 1577 4417 καὶ
1619 4363 1719 4436 τὴν
1747 4364 1883 4434 ἀγά-

1987 3229 2145 3296 quasi
2201 3229 2477 3300 fulgurant
2531 3249 2834 3302 sermones,
2881 3253 3004 3292 cum
3045 3255 3176 3295 vero
3229 3258 3336 3298 non
3387 3245 3570 3301 adsint

1986 3334 2173 3389 opera,
2209 3323 2312 3376 vim
2347 3339 2569 3393 operum
2603 3328 2764 3382 verba
2791 3345 2899 3383 non
2929 3328 3224 3403 fulgurant.
3257 3333 3569 3391 Canescen-

1987 3411 2122 3466 tium
2161 3415 2365 3468 crimen
2426 3432 2607 3471 sermo
2642 3419 2849 3489 iunior,
2875 3429 2930 3476 et
2977 3422 3120 3478 labia
3151 3425 3401 3494 loquacia
3451 3428 3567 3483 risu

1987 3517 2290 3571 concussa;
2338 3508 2428 3576 qui
2478 3523 2611 3564 vero
2670 3511 2875 3578 turbat,
2923 3521 2978 3567 et
3019 3515 3272 3571 turbatur
3308 3518 3565 3585 inaniter,

1986 3605 2140 3650 extra
2195 3600 2642 3668 tranquillitatem
2705 3603 2828 3669 erit,
2876 3621 3113 3678 cumque
3145 3624 3252 3665 non
3296 3612 3439 3668 adsit
3463 3611 3568 3669 flu-

1986 3695 2130 3753 ctus,
2165 3699 2483 3760 tempestate
2518 3705 2763 3750 vexatur.

2534 3801 2539 3807 ’
2560 3804 2787 3860 CAPUT
2825 3807 2992 3864 XXV.

2056 3912 2134 3968 Ne
2178 3915 2356 3971 verbis
2392 3917 2830 3987 intempestivam
2875 3924 3166 3992 aucuperis
3208 3927 3470 3998 linguam,
3507 3945 3564 3988 ut

1985 4005 2039 4060 id
2069 4006 2248 4074 ipsum
2285 4008 2353 4062 ab
2388 4009 2490 4073 his,
2519 4025 2549 4063 a
2579 4011 2781 4079 quibus
2814 4027 2922 4068 non
2951 4015 3056 4080 vis,
3087 4016 3204 4087 ipse
3250 4035 3358 4075 non
3387 4028 3559 4081 susti-

1983 4113 2135 4155 neas.
2177 4099 2320 4154 Cave
2355 4115 2426 4155 ne
2474 4102 2794 4171 supplantes
2836 4107 3070 4176 proximi
3116 4110 3379 4181 linguam.
3413 4127 3470 4170 ut
3507 4129 3562 4174 et

1986 4201 2042 4244 tu
2071 4191 2270 4246 diaboli
2333 4194 2801 4263 supplantationes
2868 4197 3134 4270 eﬁ'ugias:
3169 4217 3425 4262 cave’ne
3480 4213 3559 4264 tui

1985 4282 2166 4338 fratris
2186 4284 2482 4353 exprobres
2508 4296 2823 4356 peccatum;
2859 4299 2942 4358 ut,
2975 4294 3130 4362 quasi
3158 4295 3386 4352 diversae
3408 4314 3561 4357 esses

1985 4383 2214 4457 naturae,
2246 4392 2352 4432 non
2382 4378 2604 4435 excidas
2632 4393 2662 4434 a
2689 4385 3089 4453 compassione.
3125 4385 3226 4454 Qui
3257 4389 3560 4461 benignita-

301 4477 417 4530 πην
436 4462 518 4523 εἰς
546 4459 640 4512 τὸν
671 4458 900 4528 ἀδελφὸν
948 4459 1022 4530 μὴ
1060 4458 1219 4530 ἔχων,
1251 4458 1371 4522 πῶς
1393 4459 1491 4552 τῇς
1520 4457 1881 4552 χριστοφόρου

1989 4455 2095 4522 tem
2127 4477 2288 4539 atque
2313 4469 2630 4525 charitatem
2664 4488 2772 4528 non
2804 4475 2966 4531 habet
2995 4491 3122 4548 erga
3178 4455 3422 4546 fratrem,
3449 4499 3564 4552 quo

300 4550 530 4618 ἀγάπης
558 4549 722 4618 μέλος
743 4549 809 4601 ἂν
834 4549 954 4617 ein;
997 4550 1166 4602 Ἑπὰν
1193 4552 1258 4621 τῇ
1284 4549 1518 4620 συντόνῳ
1542 4566 1636 4602 σου
1657 4548 1881 4621 νηστείᾳ

300 4641 534 4709 ἀδελφὸς
563 4639 882 4711 παραϐάλῃ,
909 4639 984 4710 μὴ
1002 4639 1108 4692 τῶν
1133 4639 1412 4712 λογισμῶν
1432 4640 1529 4711 τὴν
1558 4641 1753 4712 ἀηδίαν
1776 4659 1880 4696 πα-

303 4730 506 4802 ραδέξῃ
541 4730 954 4799 ὑποτιθεμένων
989 4748 1072 4784 σοι
1113 4729 1337 4802 ὄχλησιν
1377 4734 1441 4802 τῇ
1471 4732 1692 4804 ἠσυχίᾳ,
1721 4735 1880 4803 ἐγκο-

301 4821 412 4891 πὴν
461 4821 519 4873 δὲ
578 4824 643 4892 τῇ
695 4823 942 4894 νηστείᾳ,
981 4821 1194 4874 ποιοῦσι
1225 4823 1283 4875 δὲ
1326 4824 1486 4876 τοῦτο
1517 4825 1604 4878 ἵνα
1636 4826 1758 4880 ίδὼν
1786 4827 1881 4879 τὸν

300 4912 539 4980 ἀδελφόν
591 4930 686 4966 σου
721 4913 798 4986 μὴ
851 4915 927 4977 ὡς
954 4914 1087 4967 Θεὸν
1127 4915 1291 4968 αὑτὸν
1326 4915 1462 4987 ἴδῃς.
1499 4917 1611 4979 Τὰς
1635 4920 1880 4987 συνεχεῖς

300 5003 412 5055 τῶν
451 5003 702 5071 ἀδελφῶν
731 5004 1056 5066 ἐπιστασίας
1093 5003 1344 5074 ὀχλήσεις
1377 5003 1514 5058 εἷναι
1559 5007 1632 5076 μὴ
1670 5009 1886 5075 φάσκω-

303 5109 429 5160 μεν,
474 5093 795 5164 συμμαχίαν
827 5094 884 5146 δὲ
934 5095 1137 5164 μᾶλλον
1169 5095 1370 5149 ’πέλειν
1395 5111 1407 5124 ·
1443 5096 1588 5149 κατὰ
1633 5098 1734 5166 τῆς
1777 5099 1884 5168 φά-
1919 5141 1922 5144 .

296 5181 506 5247 λαγγος
549 5179 645 5233 τοῦ
691 5182 986 5236 ἀντιπάλου
1024 5184 1124 5254 τὴν
1163 5183 1342 5238 αὐτῶν
1391 5185 1750 5254 χοροστασίαν
1782 5189 1884 5258 ἐμ-

308 5273 710 5342 πιστεύσωμεν.
764 5274 924 5328 Οὕτω
965 5276 1076 5347 γὰρ
1130 5277 1209 5346 τῷ
1259 5275 1467 5346 φίλτρῳ
1511 5278 1610 5346 τῆς
1663 5279 1885 5348 ἀγάπης

299 5361 625 5426 ἐνωθέντες,
654 5364 754 5436 τὴν
778 5366 975 5419 κακίαν
1003 5365 1374 5437 ὲξωθήσομεν,
1399 5369 1493 5419 καὶ
1519 5366 1588 5420 τὰ
1616 5367 1753 5437 ἔργα
1775 5369 1882 5422 τῶν

295 5453 500 5524 χειρῶν
555 5454 640 5520 είς
666 5457 757 5509 τὸν
791 5459 889 5528 τῆς
930 5457 1234 5528 φιλοξενίας
1282 5458 1555 5529 θησαυρὸν
1582 5462 1884 5531 μετακομί-

1990 4566 2148 4627 pacto
2177 4561 2478 4615 membrum
2509 4563 2614 4617 erit
2645 4565 2927 4624 charitatis
2948 4567 3230 4625 Christum
3263 4575 3563 4642 gestantis?

1987 4650 2211 4718 quando
2240 4651 2502 4706 continuo
2545 4667 2610 4707 ac
2636 4669 2744 4709 non
2778 4656 3081 4726 interrupto
3115 4669 3208 4714 tuo
3245 4659 3414 4714 frater
3461 4677 3562 4732 ap-

1986 4740 2315 4809 pr0pinquet
2349 4741 2581 4809 jejunio,
2623 4761 2690 4798 ne
2719 4748 3111 4817 cogitationum
3147 4750 3370 4804 insuave
3412 4752 3564 4808 fasti-

1986 4830 2137 4885 dium
2197 4833 2465 4901 suscipias
2533 4838 2918 4893 turlmlentiam
2979 4851 3084 4894 tuae
3152 4845 3559 4912 suggerentium

1969 4922 2157 4992 lquieti
2185 4934 2240 4978 et
2280 4925 2484 4995 iejunio
2521 4927 3003 4997 impedimentum;
3042 4934 3134 4986 sed
3184 4935 3286 4989 hoc
3327 4935 3558 5003 faciunt,

1983 5018 2044 5062 ut
2075 5009 2265 5066 videns
2294 5010 2514 5067 fratrem
2546 5023 2722 5076 tuum,
2759 5032 2866 5070 non
2905 5025 2963 5070 ut
3001 5019 3166 5072 Deum
3201 5021 3378 5090 ipsum
3419 5026 3563 5093 aspi—

1982 5101 2116 5157 cias.
2157 5104 2426 5160 Assiduas
2474 5105 3128 5175 fratruminspcctiones,
3169 5127 3241 5167 ne
3275 5117 3560 5180 perturba-

1983 5195 2156 5250 tiones
2179 5211 2305 5250 esse
2328 5197 2598 5263 dicamus,
2624 5200 3004 5255 commilitium
3046 5217 3172 5257 vero
3197 5206 3378 5274 potius
3404 5223 3558 5274 esse;

1979 5295 2168 5341 contra
2207 5288 2501 5342 adversarii
2551 5291 2724 5345 aciem
2767 5292 3099 5348 collocemus
3150 5295 3390 5365 ipsorum
3423 5315 3558 5354 con-

1987 5379 2271 5433 sistentem
2300 5380 2550 5434 chorum.
2587 5382 2674 5436 Sic
2702 5382 2849 5436 enim
2880 5383 3158 5441 charitatis
3191 5391 3361 5442 amori
3399 5391 3558 5457 uniti,

1988 5469 2376 5540 malignitatem
2436 5473 2787 5542 expellem'us,
2843 5483 2898 5529 et
2954 5490 3121 5547 opera
3177 5495 3438 5537 manuum
3489 5484 3559 5538 ad

371 5629 492 5663 ιιι-ιτ
529 5628 686 5686 Psal.
718 5647 807 5699 xc,
835 5634 888 5700 5,
922 5636 975 5695 6.
1052 5638 1099 5671 ιο
1130 5638 1295 5694 Eccti.
1321 5653 1357 5705 ι,
1386 5639 1471 5692 to.
1551 5637 1786 5693 "Exod.
1812 5645 2050 5709 mihi).
