4046 6152
502 283 636 351 “9.7

1997 279 2058 337 S.
2103 278 2263 338 ΝΠ]

3639 286 3769 353 1123

491 399 812 468 thesaurum
850 394 1238 466 hospitalitatis
1287 395 1714 472 transferemus,
1746 392 1890 459 Non,
1917 391 2079 448 vclutl

2193 411 2382 465 σομεν.
2419 398 2530 467 Mr},
2559 399 2634 461 ὡς
2665 399 2824 470 χάριν
2851 404 3182 470 παρέχοντες
3210 401 3320 463 τοῖς
3360 399 3630 468 ἀδελφοῖς.
3663 404 3770 456 τού-

494 491 699 562 gratias
723 490 1043 544 exhibentes
1063 487 1344 555 fratribus,
1373 490 1524 558 ipsos
1553 488 1894 558 excipiamus
1918 504 1934 554 ;
1957 486 2074 553 sed,

495 600 556 638 ac
597 583 640 637 si
673 581 989 635 fenerationi
1026 581 1302 635 debitores
1347 595 1617 646 essemus,
1650 595 1743 635 eos
1779 595 1905 634 cum
1941 594 2076 647 sup-

493 673 806 744 plicatibne,
857 683 916 725 ut
961 672 1202 726 ostendit
1241 671 1364 740 Lol,
1426 672 1764 741 excipiamus
1817 669 2074 739 hospitio.

494 763 744 829 Quidam,
783 765 936 832 quasi
993 764 1159 836 439
1215 764 1285 818 ob
1337 764 1679 835 peregrinam
1733 763 2077 831 dignitatem,

493 855 777 926 peregrine
811 870 1034 924 quoque
1085 855 1404 918 efferuntur,
1459 863 1514 909 et
1554 855 1827 926 equidem,
1858 851 2079 923 quando

496 957 682 1002 nutum
713 954 919 1001 vocant
945 946 1242 1016 hospitem,
1273 947 1588 1001 nullatenus
1616 947 1795 1015 ipsum
1825 949 2078 1008 exorant,

493 1040 678 1094 sed-et
710 1038 1019 1094 vocationis
1043 1040 1272 1094 verbum
1305 1037 1596 1093 insolentia
1633 1037 1806 1092 fastus
1826 1035 2079 1098 dilatant,

493 1140 549 1184 et
570 1131 638 1184 de
661 1138 972 1194 recusante,
999 1137 1060 1182 ut
1083 1129 1474 1183 contumeliam
1509 1125 1800 1189 inferente,
1838 1139 2082 1195 conque-

497 1232 729 1278 runtur:
767 1222 890 1277 ideo
923 1237 1118 1291 magna
1149 1223 1277 1276 inde
1308 1211 1692 1276 reaccenditur
1727 1217 1962 1282 inﬂatio;
1985 1231 2082 1272 co-

495 1317 788 1386 gitationes
811 1316 1016 1385 quippe
1044 1314 1264 1369 oculum
1302 1315 1499 1368 animae
1529 1322 1958 1382 compungentes
1983 1323 2083 1364 cx—

494 1417 735 1472 caecant,
791 1408 865 1461 ita
935 1418 995 1462 ut
1043 1405 1452 1462 honestissimis
1508 1405 1779 1460 mandatis
1847 1403 2083 1473 pessime

496 1508 736 1554 utamur.

1056 1607 1285 1664 CAPUT
1332 1607 1423 1662 XX
1437 1607 1522 1663 VI.

564 1723 794 1791 Quando
828 1734 879 1778 te
932 1725 1194 1796 cogitatio
1255 1723 1618 1796 przepedierit,
1679 1733 1738 1778 ut
1768 1738 1874 1780 non
1925 1723 2080 1778 valde
2113 1740 2155 1797 Β

494 1833 656 1888 cogas
681 1816 900 1869 fratrem
937 1817 1001 1870 ad
1037 1831 1320 1881 mensam;
1350 1827 1478 1870 tunc
1504 1831 1600 1886 per
1637 1817 1898 1885 idipsum,
1931 1816 2078 1885 quod

493 1909 753 1962 nimirum
799 1906 866 1960 ad
920 1906 1216 1960 violentum
1273 1907 1477 1961 amoris
1529 1908 1789 1974 impetum
1837 1905 2077 1976 linguam

497 1999 696 2053 habere
748 2013 855 2052 non
914 1999 1115 2053 debeas
1163 2014 1378 2053 summa
1420 1999 1470 2051 vi
1527 1999 1982 2066 contendentem,
2029 2008 2080 2054 te

496 2089 836 2144 subsannat:
881 2088 976 2142 tibi
1022 2105 1256 2157 namque
1283 2088 1510 2144 forsitan
1556 2088 1797 2160 suggerit
1853 2087 2077 2144 fratrem

496 2198 666 2236 unum
715 2198 836 2237 esse
888 2197 953 2236 ex
994 2179 1436 2248 circulatoribus,
1493 2195 1586 2235 seu
1641 2182 1972 2249 trivialibus,
2027 2193 2082 2238 et

493 2273 640 2344 quod
682 2274 914 2342 panibus
946 2282 1234 2329 contentus
1273 2273 1465 2340 abeat;
1500 2273 1574 2327 illi
1624 2289 1754 2329 vero
1807 2275 2076 2342 immittit,

494 2365 915 2434 hospitalitatem
982 2363 1126 2435 apud
1191 2375 1244 2420 te
1305 2381 1532 2436 prorsus
1592 2382 1700 2420 non
1764 2367 2078 2423 invenisse:

495 2456 725 2512 actualis
780 2470 1018 2527 namque
1073 2456 1193 2528 ejus
1250 2457 1571 2511 mutationis
1625 2469 1906 2527 aspectum
1962 2458 2079 2528 ipsa

488 2548 752 2622 cogitatio
783 2554 1030 2619 portans,
1067 2564 1233 2602 unum
1263 2547 1417 2602 alteri
1443 2550 1584 2603 intra
1618 2549 1785 2604 corda
1838 2548 2084 2605 immittit

497 2651 556 2696 ut
606 2641 770 2711 hujus
801 2641 1019 2712 quidem
1081 2641 1328 2696 succidat
1358 2641 1818 2712 hospitalitatem,
1853 2641 2081 2699 alterius

493 2743 678 2788 autem
731 2733 1122 2787 contumeliam
1183 2731 1346 2788 faciat
1403 2734 1748 2804 germinare;
1802 2735 2079 2789 Abraham

495 2825 690 2880 sedens
745 2832 870 2878 ante
925 2823 1371 2888 tabernaculum,
1429 2825 1605 2880 sicubi
1646 2841 1804 2896 quem
1855 2835 2080 2896 praeter-

490 2915 742 2969 euntium
777 2912 1035 2980 vidisset,
1071 2929 1238 2983 opere
1289 2915 1595 2985 excipiebat
1627 2933 1639 2968 :
1672 2916 1982 2971 viventibus
2023 2916 2079 2972 in

493 3007 775 3075 impietate
833 3021 1078 3061 mensam
1127 3006 1491 3076 expandebat,
1537 3007 1776 3078 dumque
1814 3009 2079 3064 barbaros

2182 505 2307 551 τους
2361 488 2744 558 δεξιωσιὶψεθα
2769 533 2782 552 ,
2824 491 2943 545 ἀλλ’
2980 492 3057 554 ὡς
3087 492 3343 562 ὑπόχρεοι
3384 491 3538 556 ῦντες
3574 494 3652 564 τῷ
3683 495 3775 548 δα·

2193 576 2446 649 νείσματι
2504 579 2624 649 μεθ’
2661 581 2870 643 ἱκεσίας
2922 580 3240 650 ξενίξωμεν,
3296 581 3482 645 καθὼς
3527 584 3773 652 ὑπέδειξε

2181 669 2326 723 Λώτ.
2362 671 2523 735 Τινὲς
2555 672 2651 726 ἐπὶ
2706 672 2843 743 ξένῳ
2877 673 3151 745 ἀξιώματι
3187 674 3281 728 καὶ
3311 674 3481 741 ξένως
3517 677 3770 747 ὲπαίρον·

2181 778 2294 826 ται,
2345 763 2438 815 καὶ
2493 765 2622 816 ὅταν
2650 764 2749 834 μὲν
2799 763 2948 830 ξένον
2986 764 3228 819 καλῶσιν
3252 766 3482 830 ούδόλως
3516 783 3771 838 παρακα-

2181 852 2388 918 λοῦσιν,
2441 855 2578 910 ἀλλὰ
2627 855 2722 910 καὶ
2774 856 2866 910 τὸν
2896 858 2996 926 τῆς
3032 857 3286 928 κλήσεως
3327 857 3488 926 λόγον
3516 861 3596 929 τῷ
3622 860 3775 932 τύφῳ

2181 943 2536 1008 πλατύνουσι,
2571 944 2664 998 τὸν
2712 946 2769 1002 δὲ
2815 947 3258 1020 παραιτούμενον
3288 950 3365 1013 ὡς
3397 951 3482 1019 ἐφ’
3510 951 3774 1023 ὑϐρικότα

2185 1035 2530 1104 μέμφονταιο
2567 1037 2659 1090 διὰ
2686 1037 2843 1102 τοῦτο
2883 1039 3029 1108 μέγα
3076 1040 3308 1113 φύσημα
3351 1043 3607 1097 ἐντεῦθεν
3635 1047 3772 1099 ἀνα-

2182 1126 2418 1182 καίεται.
2457 1129 2520 1181 Οί
2550 1129 2660 1200 γὰρ
2697 1129 2949 1201 λογισμοὶ
2974 1131 3035 1185 τὸ
3065 1131 3223 1202 ὄμμα
3250 1133 3349 1205 τῆς
3375 1134 3560 1207 ψυχῆς
3595 1153 3773 1208 παρα-

2183 1219 2500 1282 κεντοῠντες
2546 1220 2977 1290 τυφλώττουσιν,
3007 1223 3099 1279 ἴνα
3139 1226 3262 1289 ταῖς
3322 1226 3645 1292 καλλίπαις
3666 1229 3772 1283 τῶν

2182 1313 2414 1368 δντολῶν
2447 1316 2727 1380 κακίστως
2753 1317 3115 1390 χρησώμεθα.

2757 1601 3010 1664 ΚΕΦΛΛ.
3057 1602 3204 1678 KC?»

2257 1708 2424 1765 Ὅταν
2469 1711 2732 1784 λογισμὸς
2775 1715 2984 1788 ἐγκόψῃ
3023 1734 3104 1782 σε,
3168 1718 3244 1791 μὴ
3277 1720 3422 1789 ἄγαν
3471 1721 3764 1793 βιάσασθαι

2181 1803 2247 1873 τῇ
2275 1803 2525 1876 τραπέζῃ
2557 1805 2650 1858 τὸν
2680 1805 2931 1875 ἀδελφὸν,
2956 1807 3078 1862 τότε
3108 1809 3176 1862 δι’
3208 1811 3375 1864 αὐτοῦ
3407 1816 3666 1886 κωμῳδεῖ
3686 1835 3766 1882 σε,

2183 1894 2259 1964 μὴ
2277 1893 2646 1966 βεϐιασμένην
2660 1895 2806 1966 ἔχειν
2833 1898 3080 1965 γλῶτταν
3102 1900 3184 1964 εἰς
3211 1902 3312 1972 τὴν
3336 1903 3460 1973 βίαν
3483 1908 3588 1977 τῆς
3629 1908 3770 1975 ἀγάδ

2179 1999 2292 2056 πης
2316 1999 2331 2013 ⁸
2364 1987 2448 2039 σοὶ
2491 1987 2591 2055 μὲν
2638 1987 2748 2059 γὰρ
2798 1989 2927 2053 ἴσως
2970 1990 3263 2046 ὑποϐάλλει
3303 1994 3413 2050 τῶν
3448 1998 3768 2055 κυκλευτῶν

2181 2073 2282 2129 ἕνα
2315 2074 2406 2127 τὸν
2433 2075 2665 2146 ἀδελφὸν
2697 2078 2991 2150 ὑπάρχειν,
3031 2081 3126 2135 καὶ
3146 2082 3230 2136 ὅτι
3259 2083 3450 2155 ἄρτοις
3477 2086 3771 2158 ἀρκεσθεὶς

2182 2166 2489 2238 ἀφικέσθω,
2521 2169 2716 2240 ἐκείνῳ
2762 2171 2820 2224 δὲ
2857 2171 3118 2242 ἐμϐάλλει
3165 2174 3474 2243 φιλοξενίαν
3512 2180 3663 2250 παρά
3689 2181 3770 2234 σοι

2181 2259 2243 2314 τὸ
2273 2260 2540 2332 παράπαν
2569 2262 2645 2334 μὴ
2697 2263 3018 2335 εὑρηκέναιο
3050 2265 3153 2336 τῆς
3191 2268 3304 2339 γὰρ
3329 2274 3647 2343 πρακτικῆς
3675 2275 3770 2327 αξι-

2181 2351 2276 2406 τοῠ
2305 2351 2616 2423 μεταϐολῆς
2637 2353 2696 2408 τὸ
2716 2355 2870 2426 δμμα
2893 2355 3199 2426 βαστάζων,
3228 2359 3326 2413 ἕνα
3351 2359 3431 2431 τῷ
3454 2361 3537 2414 ἑνὶ
3565 2365 3622 2416 ὲν
3653 2366 3770 2426 ταῖς

2183 2445 2436 2517 καρδίαις
2466 2445 2747 2516 ἐμϐάλλει,
2772 2447 2860 2500 tua
2886 2446 2979 2500 τοῦ
2999 2448 3106 2520 μὶν
3127 2449 3228 2520 τὴν
3263 2450 3577 2520 φιλοξενίαν
3611 2455 3771 2508 imae

2182 2535 2348 2608 κόψῃ,
2378 2536 2471 2590 τοῦ
2501 2537 2558 2590 δὲ
2593 2534 2864 2608 λοιδορίαν
2913 2537 3286 2614 ὲκϐλαστήσῃ.
3350 2541 3610 2613 Ἀϐραὰμ
3635 2546 3764 2598 annos

2182 2628 2513 2700 ἡμενοςςπρδ
2540 2629 2638 2700 τῆς
2685 2629 2913 2701 σκηνῆς,
2945 2630 2995 2683 εἰ
3038 2646 3142 2684 που
3175 2631 3299 2686 τινὰ
3330 2632 3440 2688 τῶν
3461 2637 3768 2706 παριόντων

2183 2720 2351 2791 ἐώρα,
2373 2719 2520 2791 ἔργῳ
2544 2721 2908 2793 προσεδέχετο
2933 2739 2949 2753 ⁸
2987 2722 3154 2787 ζῶσιν
3177 2725 3238 2776 ὲν
3269 2724 3493 2796 ἀσεϐείᾳ
3528 2727 3768 2798 ὲξήπλου

2179 2812 2278 2882 τὴν
2335 2811 2632 2885 τράπεζαν,
2677 2812 2991 2886 βαρϐάρους
3033 2813 3344 2886 δεχόμενος,
3389 2816 3640 2886 ἀγγέλων
3666 2822 3769 2874 οὐκ

2181 2905 2476 2975 ἀπέτυχεν.
2515 2904 2692 2958 Ἰσασι
2723 2905 2824 2976 τὴν
2853 2905 2954 2977 τῆς
2983 2905 3293 2976 φιλοξενίας
3321 2908 3641 2980 γλυκύτητα
3654 2912 3768 2966 ὅσοι

2182 2995 2591 3063 ξενιτεύσάντες
2625 2995 2733 3052 ύπδ
2783 2997 2988 3067 ταύτην
3033 2997 3420 3072 ἀξενίσθησαν,
3448 3002 3540 3055 ὅτε
3563 3002 3660 3056 καὶ
3683 3003 3768 3056 λό-

488 3099 786 3168 exciperet,
827 3099 1032 3168 angelis
1071 3114 1177 3153 non
1227 3099 1328 3153 fuit
1358 3098 1677 3156 frustratus.
1702 3097 1919 3155 Norunt
1951 3099 2075 3155 dul-

2181 3103 2277 3155 γος
2323 3089 2621 3159 προσηνὴς,
2687 3089 2952 3157 γλυκεῖαν
2995 3090 3187 3162 ἀρτύει
3241 3093 3345 3164 τὴν
3388 3093 3674 3164 τράπεζαν
3699 3098 3765 3167 τῇ

487 3193 743 3246 cedinem
805 3190 1197 3260 hospitalitatis
1276 3192 1591 3262 quicunque
1664 3192 2077 3264 peregrinitati,

492 3284 734 3353 hospitio
783 3283 886 3337 sub
941 3298 1004 3337 ea
1061 3281 1284 3337 fuerunt
1309 3285 1566 3354 excepti,
1609 3284 2078 3354 quandoquidem,

490 3384 548 3428 et
601 3390 846 3430 mensam
905 3374 1053 3429 cordi
1106 3374 1321 3428 dulcem
1382 3376 1570 3431 condit
1628 3390 1811 3430 sermo
1861 3377 2076 3432 suavis».

413 3470 426 3478 ’
495 3465 688 3536 Magno
743 3465 905 3534 igitur
962 3479 1088 3517 eum
1149 3464 1331 3519 studio
1391 3465 1816 3534 hospitalitatem
1873 3464 2080 3520 utiliter

492 3568 873 3619 exerceamus,
911 3562 972 3607 ut
1023 3568 1132 3607 non
1195 3554 1418 3625 angelos
1470 3555 1837 3620 solummodo,
1890 3556 1983 3611 sed
2025 3563 2080 3611 et

495 3645 667 3700 Deum
703 3645 878 3714 ipsum
913 3643 1318 3714 suscipiamus:
1349 3664 1368 3697 ι
1415 3645 1689 3713 Quantum
1728 3646 1895 3721 440
1927 3647 2074 3702 enim

495 3737 718 3808 (inquit)
748 3735 960 3792 fecistis
1008 3738 1103 3792 uni
1139 3736 1368 3793 fratrum
1415 3739 1646 3794 istorum
1697 3756 1944 3796 meorum
1970 3741 2076 3796 mi-

493 3831 794 3893 nimorum,
845 3827 979 3881 mihi
1040 3827 1248 3883 fecistis
1268 3827 1344 3885 ⁵ο.
1380 3849 1400 3882 ι
1444 3828 1677 3896 Quidam
1725 3846 1939 3895 eorum,
1979 3833 2075 3904 qui

485 3923 749 3977 virtutem
794 3920 990 3990 majori
1032 3935 1166 3976 cum
1199 3921 1512 3993 cognitione
1554 3932 1967 3989 consectantur,
2001 3925 2072 3980 ita

489 4016 815 4086 respondit:
847 4016 1168 4074 lnsonantes
1208 4015 1522 4072 daemonum
1582 4017 1636 4072 in
1683 4017 1847 4074 corde
1881 4019 2076 4089 imagi-

487 4109 742 4164 nationes
779 4109 1062 4164 consuevit
1101 4107 1319 4178 penitus
1351 4108 1566 4164 abolere
1606 4109 1850 4166 studium
1887 4111 2075 4180 hospi-

487 4199 748 4266 talitatis,
805 4201 1201 4270 copiosumque
1257 4199 1493 4256 libenter
1541 4201 1845 4256 exhibitum
1909 4202 2074 4256 mini-

489 4289 742 4355 sterium,
793 4289 838 4345 si
884 4291 1048 4346 modo
1092 4289 1389 4346 mundanis
1436 4292 1692 4348 sordibus
1743 4293 1906 4348 fuerit
1947 4293 2071 4364 quis

2181 3195 2254 3232 κα
2263 3179 2399 3250 ρδίᾳ.
2421 3179 2575 3233 Μετά
2593 3179 2796 3250 πολλῆς
2816 3176 2909 3235 οὖν
2936 3182 3173 3253 σπουδῆς
3192 3183 3293 3254 τὴν
3317 3184 3625 3253 φιλοξενίαν
3636 3203 3768 3257 χρη-

2183 3268 2588 3341 στοποιὼμεθα,
2621 3270 2709 3324 ἵνα
2755 3272 2830 3342 μὴ
2857 3272 3019 3344 μόνον
3048 3274 3336 3344 ἀγγέλους,
3352 3276 3491 3332 ἀλλὰ
3514 3280 3612 3331 καὶ
3633 3279 3771 3334 Θεὸν

2181 3360 2596 3431 ὐποδεξὼμεθα.
2628 3379 2649 3414 ι
2684 3361 2803 3433 Ἐφ’
2836 3364 2963 3418 ὅσον
2994 3365 3125 3437 γὰρ,
3154 3369 3340 3439 φησὶν,
3369 3370 3669 3442 ἐποιήσατε
3685 3373 3769 3424 ἑνὶ

2178 3453 2387 3508 τούτων
2411 3455 2522 3510 τῶν
2545 3456 2790 3528 ἀδελφῶν
2814 3473 2915 3527 μου
2938 3457 3050 3513 τῶν
3078 3459 3399 3533 ἐλαχίστων,
3431 3464 3561 3534 ἐμοὶ
3584 3467 3769 3538 ἑποιήδ

2182 3564 2335 3603 σατε.
2373 3569 2394 3605 ι
2436 3552 2535 3618 Τίς
2560 3554 2670 3607 τῶν
2697 3553 3143 3624 γνωπικώτερον
3181 3555 3282 3626 τὴν
3316 3555 3521 3628 ἀρετὴν
3553 3558 3767 3627 μετιόνο

2176 3657 2288 3696 των
2345 3641 2520 3708 οὕτως
2552 3644 2892 3715 ἀπεκρίνατο
2917 3661 2930 3677 δ
2963 3645 3077 3708 Τάς
3116 3646 3424 3717 ὲνηχούσας
3443 3650 3554 3701 τῶν
3575 3648 3766 3719 δαιμό-

2176 3751 2284 3788 νων
2311 3736 2369 3788 tv
2394 3739 2460 3806 τῇ
2509 3735 2708 3808 καρδίᾳ
2762 3736 3066 3807 φαντασίας
3109 3737 3300 3793 εἴωθεν
3333 3741 3684 3810 ἐξαφανὲζειν
3728 3743 3760 3812 ἡ

2175 3828 2274 3897 τῆς
2301 3828 2611 3898 φιλοξενίας
2635 3828 2862 3902 σπουδὴ,
2888 3829 2985 3884 καὶ
3031 3829 3262 3903 δαψιλὴς
3310 3832 3586 3903 ὑπηρεσία
3629 3848 3762 3902 προ-

2175 3919 2364 3991 θύμως
2393 3921 2680 3992 γινομένη,
2711 3921 2874 3993 εἴπερ
2901 3938 2987 3986 τις
3014 3922 3123 3976 τῶν
3153 3921 3298 3976 ὑλῶν
3334 3923 3760 3995 ὁπωσδηποτοῦν

2174 4013 2560 4084 ἀπήλλακται·
2599 4014 2775 4069 ταῦτα
2799 4013 2859 4068 δὲ
2889 4015 3155 4085 γινόμενα
3183 4015 3327 4084 μετὰ
3352 4016 3757 4084 ταπεινώσεως,

2174 4105 2273 4159 καὶ
2299 4099 2592 4177 συντριϐἦς
2623 4105 2856 4178 καρδίας
2887 4107 3088 4162 ϐᾶττον
3110 4107 3480 4162 ἀπαλλάττειν
3495 4107 3608 4161 τῶν
3629 4126 3760 4178 φαν-

2173 4197 2380 4251 τασιῶν
2405 4194 2498 4250 τὸν
2527 4197 2830 4266 κάμνοντα.
2858 4198 3076 4270 Σφόδρα
3103 4199 3214 4270 γὰρ
3241 4199 3521 4254 δεδοίκασι
3546 4201 3645 4273 τὴν
3665 4219 3760 4255 ταο
3869 4187 3884 4194 ’

2175 4287 2436 4340 πείνωσιν
2456 4287 2506 4340 ei
2543 4286 2821 4357 δαίμονες,
2853 4289 3058 4354 είδὼες
3078 4289 3287 4363 ταύτην
3306 4291 3640 4363 δεσποτικὴν
3661 4309 3758 4362 γε·-

491 4386 775 4448 utcunque
831 4378 1134 4435 liberatus:
1170 4380 1285 4434 hate
1321 4396 1451 4436 vero
1495 4380 1636 4437 facta
1682 4397 1807 4437 cum
1849 4382 2072 4439 humili-

2180 4377 2436 4449 γενῆσθαι
2491 4377 2732 4449 ἐντολήν.
2789 4379 2887 4443 Τίς
2919 4379 3030 4434 τῶν
3087 4381 3483 4453 δοκιμωτάτων
3513 4384 3644 4458 περὶ
3661 4401 3760 4437 ταο

487 4475 626 4534 tate,
679 4468 976 4538 cordisque
1025 4470 1392 4535 contritione,
1445 4471 1680 4528 celerius
1719 4473 1952 4528 liberant
1999 4475 2072 4530 ab

2180 4471 2487 4535 πεινὼσοως
2505 4469 2670 4546 λόγον
2699 4470 2888 4537 κινῶν,
2919 4471 3016 4527 καὶ
3041 4471 3202 4527 τοῦτο
3239 4475 3644 4547 κατεμήνυσεν,
3673 4475 3760 4530 δτι

487 4560 974 4631 imaginationibus
1014 4561 1302 4631 fatigatum
1350 4578 1364 4615 :
1407 4564 1564 4620 valde
1607 4582 1844 4638 namque
1871 4569 2074 4628 demo-

2180 4565 2380 4638 Πατὴρ,
2419 4565 2578 4636 φησὶ,
2609 4565 2722 4621 τῶν
2761 4567 2905 4621 πάνυ
2946 4569 3189 4641 δοκίμων
3223 4571 3332 4626 ὑπὸ
3361 4571 3757 4644 δαιμονῶντος,

486 4663 588 4708 nes
626 4651 1016 4722 pertimescunt
1039 4652 1418 4722 humilitatem,
1462 4657 1697 4714 scientes
1739 4675 1860 4715 eam
1888 4661 2074 4718 Domi-

2180 4661 2265 4713 καὶ
2289 4659 2483 4722 δεινῶς
2514 4658 2876 4731 ἀφραίνοντος
2904 4663 3006 4733 τὴν
3038 4662 3270 4730 σιαγόνα
3305 4664 3622 4736 κρουσθεὶς,
3663 4667 3757 4720 εὐ-

486 4746 678 4801 nicum
726 4759 854 4800 esse
903 4753 1252 4815 praeceptum.
1289 4747 1518 4813 Quidam
1557 4751 2068 4820 probatissimorum

2180 4755 2266 4818 δὺς
2293 4753 2611 4820 ἐναλλάξας,
2649 4755 2744 4809 καὶ
2779 4755 2880 4826 τὴν
2932 4753 3103 4828 ἀλλην
3142 4758 3370 4829 ἑτοίμην
3415 4760 3754 4832 παρέθηκεν,

484 4849 716 4894 movens
755 4851 1062 4893 sermonem
1089 4837 1157 4892 de
1188 4839 1510 4906 humilitate,
1535 4851 1587 4897 et
1613 4844 1758 4899 istud
1791 4846 2068 4916 signiﬁca-

2180 4847 2286 4900 δδὶ
2311 4847 2389 4911 ὡς
2418 4846 2523 4900 ὑπὸ
2563 4847 2855 4918 ἀστραπῆς
2890 4849 2991 4919 τῆς
3027 4849 3416 4915 ταπεινώσεως
3462 4854 3757 4924 ἀντικρουο

484 4927 584 4997 νὶι,
613 4931 812 5001 inquit,
835 4930 1112 4997 nimirum,
1139 4932 1288 5003 quod
1327 4931 1490 4989 Pater
1523 4950 1739 5003 eorum,
1781 4940 1876 5008 qui
1911 4940 2066 4996 valde

2180 4939 2343 5006 σθεὶς,
2371 4939 2469 4992 καὶ
2506 4938 2850 5008 κραυγάσας,
2883 4939 3208 5014 eamme
3235 4942 3558 5014 πλάσματος
3573 4944 3755 5016 ἀφήλ-

484 5031 643 5078 erant
672 5023 881 5094 probati
903 5022 974 5077 ab
1001 5023 1240 5088 homine,
1265 5039 1429 5094 quem
1457 5026 1669 5083 daemon
1697 5031 2058 5099 corripuerat,
2168 5030 2316 5085 λατο.

483 5117 688 5187 quique
739 5116 977 5187 graviter
995 5116 1329 5185 ,in'saniebat,
1383 5119 1440 5174 in
1482 5122 1700 5177 maxilla
1742 5137 2054 5192 percussus,
2097 5126 2282 5181 statim
2356 5125 2652 5190 alternans,
2717 5128 2775 5176 et
2812 5123 2972 5176 aliam
3023 5134 3270 5194 paratam
3313 5117 3623 5198 proposuit,
3661 5127 3758 5184 illo

483 5221 614 5262 vero
638 5208 784 5262 velut
810 5223 841 5262 a
863 5207 1075 5280 fulgure
1106 5209 1431 5266 humilitatis
1460 5225 1834 5282 repercussus,
1863 5223 1918 5269 et
1948 5215 2212 5283 clmnsns,
2239 5216 2527 5272 confestim
2560 5230 2594 5270 α
2632 5223 2882 5271 creatura
2921 5214 3014 5268 illa
3071 5215 3295 5271 desiliit.

1024 5319 1255 5378 CAPUT
1288 5318 1504 5380 XXVII.

2610 5355 2617 5361 -
2755 5325 3006 5382 ΚΕΦΑΔ.
3033 5323 3161 5382 κιο.

554 5409 695 5502 Quin
733 5442 788 5489 et
830 5431 1005 5490 sancti
1040 5433 1328 5505 Epiphanii
1365 5437 1604 5508 episcopi
1641 5447 1725 5494 est
1755 5438 1918 5493 etiam
1956 5439 2060 5495 hoc

2248 5439 2566 5511 Ἐπιφανίου
2598 5437 2694 5492 τοῦ
2736 5439 2894 5508 ἁγίου
2925 5440 3229 5494 ἐπισκόπου
3276 5439 3372 5494 καὶ
3407 5434 3568 5506 οὗτος
3590 5441 3621 5493 ὁ
3655 5439 3750 5496 λύ-

483 5539 717 5598 seqnens
735 5526 976 5582 dictum:
1002 5526 1111 5594 Ait,
1135 5530 1279 5598 quod
1315 5527 1414 5585 fuit
1437 5529 1661 5600 quidam
1694 5529 1866 5588 vidua:
1889 5531 2061 5588 ﬁdelis

2180 5546 2282 5601 γος.
2325 5529 2575 5603 Ἐγίνετο
2631 5532 2735 5600 ὅτι,
2779 5531 2934 5602 φησι,
2981 5531 3156 5603 χήρας
3199 5531 3399 5602 πιστῆς
3452 5531 3572 5596 υίὸς
3605 5532 3748 5604 ἔχων

554 5660 603 5693 ⁸⁸
631 5660 822 5716 Matth.
855 5676 986 5728 xxv,
1013 5661 1103 5717 40.
