4046 6152
252 1582 290 1659 ἑ

315 334 450 400 12:29

1427 333 1868 396 TRACI‘ATUS
1904 331 2463 395 AD-EULOGIUM.

3433 317 3583 386 1130.

308 445 539 514 δαίμονα
606 437 883 504 Πύθωνος,
922 440 979 491 ὲν
1010 439 1074 508 τῇ
1107 437 1299 509 ,πληγῇ
1330 436 1586 510 χρονίσας
1612 431 1887 509 θραπείαν

2006 434 2157 498 ilius,
2186 434 2387 489 habens
2421 434 2723 489 daemonem
2752 432 3032 505 Pythonis,
3053 440 3127 497 ct,
3151 429 3357 486 diutius
3392 431 3447 486 in
3480 432 3569 487 illa

308 535 412 606 οὑχ
462 532 748 603 ὑφίστατο.
794 531 906 603 Τῆς
939 529 995 584 δέ
1046 528 1238 584 τούτου
1290 529 1496 602 μητρὸς
1528 529 1890 583 ἐπιταπεινω-

312 626 503 697 θείσης
539 624 619 695 τῷ
662 621 872 685 πένθει,
908 622 1230 691 εὐχαριστία
1264 620 1326 674 τὸ
1367 619 1538 685 πάθος
1569 620 1889 690 κατέψυξεν,

311 717 458 790 ἢπερ
487 718 554 773 ἐκ
574 712 811 785 σταυροῦ
833 712 931 784 τὴν
951 712 1132 784 ψυχὴν
1166 712 1517 785 κρεμάσασα,
1539 713 1634 765 τὸν
1659 712 1891 782 δαίμονα

309 810 405 863 τοῦ
429 809 620 872 παιδὸς
643 809 769 869 ταῖς
820 805 1007 874 εὐχαῖς
1050 803 1333 874 ἀπέρρηξε
1364 821 1379 834 ·
1408 802 1504 857 τοῦ
1543 802 1653 874 γὰρ
1681 802 1804 856 νέου
1832 802 1892 855 ἐν

309 902 423 963 τοίς
453 900 647 970 μέρεσι
676 897 789 961 τοῖς
819 896 982 967 πέριξ
1005 895 1362 967 πλανωμένου
1417 897 1513 950 καὶ
1553 895 1654 966 τῆς
1682 893 1892 966 μητρὸς

309 990 448 1045 ciant
500 979 836 1060 εὐχομένης,
886 987 949 1041 τὸ
1000 986 1205 1058 ταύτης
1257 987 1425 1059 ὄνομα
1451 986 1590 1059 βοῶν
1616 989 1647 1040 ὁ
1682 986 1890 1058 δαίμων

314 1081 570 1152 βασάνοις
595 1078 864 1150 ἠλαύνετο
882 1093 896 1109 ο
930 1079 966 1150 ἠ
996 1078 1054 1133 δέ
1096 1077 1229 1134 αὑτὸ
1258 1077 1420 1134 τοῦτο
1463 1077 1763 1141 ἀκούουσα,
1790 1078 1894 1133 οὑκ

312 1173 593 1244 ἐπέδραμε
631 1171 714 1244 τῷ
762 1171 1054 1240 πράγματι
1089 1170 1191 1241 τὴν
1235 1170 1415 1241 μάχην
1445 1173 1546 1242 τῆς
1575 1170 1793 1240 φύσεως
1823 1171 1892 1242 τῇ

311 1263 639 1319 ταπεινώσει
690 1260 1060 1333 δεσμεύουσα,
1110 1262 1379 1333 ἐλκομένη
1428 1262 1486 1317 δέ
1544 1262 1676 1335 παρ’
1718 1262 1895 1317 ἄλλων

312 1356 632 1427 ἀϐουλήτως
657 1354 926 1426 ἀπήγετο,
959 1352 1223 1408 ἐπέκεινα
1255 1353 1313 1407 δέ
1342 1354 1434 1408 καὶ
1455 1354 1484 1407 ὁ
1521 1352 1730 1424 δαίμων
1760 1356 1897 1426 χρῆ-

316 1447 442 1500 σθαι
479 1449 539 1516 τῇ
574 1447 720 1516 φυγῇ
769 1443 1054 1516 ἐμαίνετο.
1093 1445 1159 1498 Ἦ
1212 1441 1445 1516 μὲνόὗν
1474 1446 1769 1510 ἐπιστᾶσα,
1801 1445 1897 1500 καὶ

313 1540 423 1600 τοῖς
456 1536 687 1607 δάκρυσι
727 1537 822 1590 τὸν
870 1535 1038 1590 παῖδα
1091 1535 1567 1608 περιπτυξαμένη,
1601 1535 1698 1608 τὴν
1735 1537 1897 1607 εύχα-

294 1606 304 1619 ”
317 1624 553 1695 praelata,
568 1606 571 1607 ν
586 1626 682 1678 καὶ
700 1625 1033 1678 ταπείνωσιν
1061 1606 1206 1680 κατὰ
1222 1624 1318 1680 τοῦ
1346 1606 1600 1694 δαίμονος
1622 1606 1897 1700 προύϐάλ-

314 1717 457 1782 λετο,
484 1716 698 1789 πικρῶς
728 1715 784 1770 δὲ
819 1716 1158 1789 κλαυσάσης,
1188 1717 1286 1771 καὶ
1323 1718 1560 1789 Χριστὸν
1610 1719 1898 1774 ἱκετευσά-

318 1825 440 1881 σης,
481 1808 577 1862 καὶ
629 1806 720 1860 τὸν
768 1805 1005 1877 σταυρὸν
1049 1806 1406 1878 τυπωσάσηςι
1450 1808 1582 1878 πρὶν
1614 1808 1897 1879 μαστίγων

315 1899 550 1964 πολλῶν,
597 1898 794 1954 θᾶττον
833 1899 930 1954 τοῦ
966 1897 1161 1962 παιδὸς
1198 1901 1227 1953 ὁ
1268 1898 1479 1970 δαίμων
1513 1899 1749 1972 ἀπέδρα.
1788 1901 1897 1970 Ζη-

316 1992 500 2046 λοῦσιν
527 1993 577 2045 οί
604 1991 859 2063 δαίμονες
882 1993 1012 2056 τοὺς
1047 1993 1107 2046 ἐν
1135 1993 1384 2065 ὑποταγῇ
1431 1992 1646 2064 [ἰατρὸς
1694 1993 1901 2064 ἀστρά-

323 2101 580 2149 πτοντας,
613 2084 711 2139 καὶ
736 2083 986 2157 τρίζουσι
1018 2086 1139 2140 κατ’
1164 2084 1347 2140 αὑτῶν
1392 2085 1520 2150 τοὺς
1547 2084 1789 2151 ὀδόντας,
1816 2085 1899 2140 ὅτι

315 2179 376 2232 ἐν
420 2180 486 2250 τῇ
543 2177 792 2247 ὑποταγῇ
865 2176 967 2247 τὴν
1024 2176 1308 2249 ἁποταγὴν
1337 2177 1659 2250 ἀμερίμνως
1688 2178 1898 2247 ἐζὺγωα

330 2291 429 2331 σαν
457 2310 474 2337 ,
550 2266 671 2321 καθ’
693 2259 770 2321 ὧν
790 2268 888 2321 καὶ
913 2267 1217 2339 προφάσεις
1236 2265 1719 2338 άκριὸολογοῦντες
1749 2283 1895 2339 παρ-

315 2360 590 2431 οξυσμοὺς
640 2358 918 2431 ἀρτύουσι,
969 2360 1065 2414 καὶ
1116 2360 1183 2431 τῇ
1218 2357 1591 2431 συμϐαινούσῃ
1618 2359 1780 2430 ὀργῇ,
1801 2357 1900 2429 τὴν

322 2453 486 2525 μῆνιν
532 2450 920 2522 ἐγγλύιρουοιν,
976 2450 1170 2506 ἔπειτα
1210 2450 1267 2505 δέ
1318 2451 1412 2505 xei.
1458 2451 1617 2521 μῖσος
1645 2450 1781 2521 πρὸς
1808 2449 1900 2503 τὸν

319 2545 547 2617 Πατέρα
603 2542 728 2599 κατ’
758 2543 938 2612 ὀλίγον
971 2541 1213 2614 ἐψοῦσιν,
1241 2542 1320 2607 ὡς
1372 2542 1467 2596 ἅτε
1516 2540 1679 2613 δῆθεν
1697 2540 1900 2605 ἀδίκως

321 2635 750 2706 ἐπιπλήττοντα,
779 2636 874 2688 καὶ
900 2633 1043 2688 κατὰ
1073 2634 1364 2706 πρόσωπον
1389 2632 1727 2705 προσέχοντα
1750 2649 1767 2667 ·
1813 2634 1901 2688 ἵνα

321 2723 388 2777 ἐκ
417 2723 691 2795 διαφόρων
710 2723 924 2794 τρόπων
951 2722 1050 2795 τὴν
1075 2723 1259 2794 ψυχὴν
1296 2724 1767 2794 περιτινάξαντες,
1791 2724 1901 2778 τῶν

314 2815 576 2884 ἀγκαλῶν
604 2815 947 2887 σκορπίσωσι
977 2813 1086 2868 τῶν
1110 2814 1417 2888 πατρικῶν.
1452 2814 1511 2869 '0
1545 2814 1640 2871 οὖν
1667 2817 1728 2871 ἐν
1764 2816 1898 2871 ὑπο-

318 2908 462 2978 ταγῇ
514 2907 728 2978 Πατρδς
772 2906 1055 2980 ὑπάρχων,
1088 2907 1313 2979 ’ύὸρεσιν
1365 2906 1638 2979 ὴττάσθω,
1682 2909 1776 2962 καὶ
1804 2924 1900 2961 τα-

319 2999 585 3052 πεινώσει
620 2999 848 3064 νικάτω,
878 2997 973 3053 καὶ
1010 2998 1365 3071 μακροθυμίᾳ
1400 2998 1772 3071 ῥυθμιζέσθω,
1806 3000 1900 3054 καὶ

1991 526 2145 597 plaga
2172 532 2515 597 permanens,
2566 525 2793 580 minime
2839 523 3171 593 suscipiebat
3209 522 3567 585 curationem,

1992 615 2124 686 Ejus
2160 624 2341 672 autem
2374 626 2550 673 matre
2573 616 2722 673 luctu
2750 616 3055 683 humiliata,
3093 615 3394 687 gratiarum
3428 615 3571 671 actio

1992 705 2329 775 refrigeravit
2372 708 2705 776 passionem,
2761 723 2884 779 quae
2927 707 3166 763 animam
3197 724 3227 762 e
3253 723 3415 764 cruce
3446 723 3569 763 sus-

1991 796 2262 866 pendens,
2315 796 2620 853 daemonem
2672 813 2704 853 a
2749 812 2920 868 puero
2961 798 3160 869 abjecit
3191 798 3564 864 orationibus;

1992 897 2117 937 cum
2168 883 2312 938 enim
2366 884 2420 940 in
2467 884 2738 955 partibus,
2784 901 2907 956 quae
2942 886 3366 958 circumquaque
3424 896 3570 952 sunt,

1994 974 2310 1034 adolescens
2323 978 2682 1050 vagabundus
2708 990 2938 1046 erraret,
2962 981 3221 1052 domique
3248 992 3422 1036 mater
3445 995 3571 1035 era-

1996 1074 2098 1131 ret,
2130 1067 2370 1138 ejusdem
2405 1086 2603 1126 nomen
2630 1072 2936 1129 vociferans
2982 1073 3196 1128 dtemon
3239 1073 3574 1130 cruciatibus

1995 1153 2336 1225 agitabatur;
2369 1158 2485 1228 ipsa
2530 1173 2662 1215 vero
2689 1159 2741 1216 id
2786 1161 3010 1216 audiens
3035 1160 3194 1235 44],
3232 1177 3341 1217 non
3379 1177 3578 1217 accur-e

1995 1250 2068 1305 rit
2112 1248 2180 1305 ad
2228 1265 2345 1307 rem
2373 1250 2677 1319 visendam,
2722 1268 2957 1326 pugnam
3015 1263 3224 1310 naturae
3269 1258 3578 1314 humilitate

1995 1342 2330 1412 devinciens,
2364 1354 2536 1403 tracta
2560 1362 2691 1404 vero
2723 1350 2791 1403 ab
2812 1347 2936 1405 aliis
2963 1347 3135 1404 invito
3161 1348 3574 1414 abducebatur;

1997 1443 2054 1490 at
2090 1436 2201 1492 illic
2229 1436 2444 1495 daemon
2490 1438 2789 1495 furibundo
2838 1440 3042 1511 impetu
3081 1443 3365 1515 agebatur,
3399 1452 3460 1500 ut
3490 1443 3576 1498 fu-

1997 1543 2120 1600 gam
2166 1530 2453 1601 arriperet.
2510 1531 2602 1588 illa
2650 1533 2816 1605 igitur
2862 1535 3166 1604 insistens,
3207 1539 3580 1607 lacrymisque

1998 1619 2168 1675 lilium
2203 1620 2672 1691 circumfundens,
2708 1625 3012 1699 gratiarum
3057 1628 3349 1698 actionem,
3389 1639 3447 1685 et
3474 1631 3579 1686 hu-

2000 1711 2358 1769 miliationem
2413 1715 2677 1772 adversus
2723 1717 3026 1777 daemonem
3054 1719 3399 1790 :objiciebat.
3436 1720 3575 1776 Cum

2000 1812 2182 1859 autem
2212 1820 2399 1861 amare
2419 1806 2768 1877 ejulasset,ct
2789 1808 3065 1865 Christum
3100 1811 3323 1880 supplex
3356 1827 3583 1867 exoras-

1999 1901 2102 1958 set,
2152 1908 2481 1967 crucemque
2541 1897 2919 1962 etformasset,
2970 1908 3097 1954 ante
3131 1901 3301 1955 multa
3346 1901 3577 1971 ﬂagella,

2000 1981 2233 2039 celerius
2286 1999 2315 2039 a
2345 2000 2519 2056 puero
2580 1987 2792 2043 daemon
2848 1988 3079 2060 aufugit.
3122 1988 3287 2046 Valde
3339 1991 3584 2047 invident

2000 2074 2276 2131 damones
2304 2077 2391 2146 iis,
2431 2079 2527 2151 qni
2564 2080 2616 2135 in
2660 2080 2836 2138 Patris
2885 2082 3226 2153 subjectione
3264 2098 3581 2154 coruscant,

1999 2176 2055 2223 et
2092 2167 2356 2226 adversus
2384 2186 2479 2227 eos
2529 2172 2824 2229 stridentes
2859 2174 3115 2231 dentibus
3160 2175 3419 2244 fremunt,
3455 2178 3581 2249 quia

2001 2257 2056 2312 in
2110 2259 2450 2331 subjectiene
2505 2263 2623 2318 sine
2667 2280 2818 2332 cura,
2878 2266 3064 2320 mundi
3118 2268 3577 2325 renuntiatiouem

2003 2348 2442 2419 conjunxcrunt,
2479 2360 2670 2407 contra
2724 2370 2862 2425 quos
2893 2365 3151 2413 accurate
3210 2358 3582 2428 disquirentes

2003 2450 2334 2509 praelatus,
2390 2442 2722 2501 irritationes
2763 2456 3049 2517 apparant,
3101 2458 3176 2514 et,
3234 2453 3581 2522 contingente

2002 2532 2172 2587 animi
2226 2535 2605 2605 succensione,
2653 2537 2794 2593 iram
2849 2537 3187 2612 insculpunt,
3228 2551 3419 2615 postea
3451 2560 3582 2601 vero

2000 2633 2056 2680 et
2084 2624 2269 2682 odium
2313 2627 2369 2682 in
2405 2628 2619 2685 Patrem
2670 2631 2934 2702 paulatim
2962 2645 3224 2705 coquunt,
3264 2638 3487 2708 perinde
3518 2655 3585 2696 ae

2005 2715 2207 2786 injuste
2249 2718 2501 2775 videlicet
2554 2720 2904 2793 atlligentem,
2939 2732 2993 2781 et
3040 2725 3112 2782 ob
3140 2742 3203 2784 os
3244 2729 3585 2787 animadver-

2001 2816 2226 2877 tentem,
2259 2819 2341 2879 ut,
2365 2808 2596 2869 diversis
2618 2816 2796 2872 modis
2823 2817 3060 2874 animam
3083 2821 3582 2892 circumcutientes,

2001 2915 2066 2955 ex
2118 2901 2261 2960 ulnis
2320 2906 2560 2976 paternis
2600 2908 2936 2981 dispergant.
2999 2909 3099 2978 Qui
3139 2928 3272 2985 ergo
3308 2915 3365 2970 iu
3403 2917 3583 2986 subje~

2004 2992 2182 3050 ctione
2199 2993 2380 3053 Patris
2407 3007 2519 3063 est,
2549 3001 2894 3058 contumeliis
2921 3003 3095 3068 cedat,
3129 3015 3184 3060 et
3210 3006 3587 3065 bumiliatione

324 3091 401 3162 μὴ
435 3089 547 3143 τῶν
592 3090 874 3162 λογισμῶν
913 3088 1400 3159 ὑπογογγυζόιτων
1455 3091 1736 3162 ἀνεγέσθω
1769 3090 1903 3162 πρὸς

2011 3084 2213 3154 vincat,
2254 3098 2307 3143 et
2348 3088 2760 3162 longanimitate
2801 3103 3155 3166 temperetur,
3198 3113 3300 3155 nec
3331 3100 3586 3158 submur-

320 3183 729 3258 αὑστηρότητα,
778 3183 876 3237 καὶ
933 3181 1179 3252 ἀδελφῶν
1221 3181 1561 3255 θρασύτητα-

889 3429 1142 3487 ΚΕΦΛΛ.
1187 3428 1322 3485 κη’.

394 3537 504 3592 Καὶ
548 3536 629 3590 ὅτι
680 3535 959 3608 μοχθηρᾶς
1002 3535 1248 3601 δουλείας
1274 3537 1308 3607 ἡ
1339 3533 1622 3606 ἐλευθερία
1661 3532 1907 3602 ίσόζυγος

329 3628 392 3682 ού
422 3629 718 3698 τυγχάνει,
759 3625 1101 3681 είσϐάλλουσι
1130 3626 1239 3697 γὰρ
1268 3625 1537 3697 μάλιστα,
1584 3626 1678 3679 καὶ
1711 3642 1907 3697 περαιο

326 3720 470 3792 τέρω
495 3720 718 3783 τούτων,
744 3715 832 3772 ἶνα
849 3719 1057 3789 αὐθάδη
1087 3719 1180 3773 τὸν
1207 3716 1528 3782 ὑπεξούσιον
1557 3717 1905 3791 ποιήσαντες,

326 3810 572 3881 εὐχερῶς
600 3812 679 3873 είς
704 3810 806 3873 τὰς
850 3806 984 3874 ὔλας
1026 3809 1426 3881 περιπείρωσι·
1480 3806 1606 3871 τοὺς
1656 3808 1754 3877 μὲν
1799 3807 1907 3881 γάρ

322 3903 420 3956 καὶ⁹
465 3901 556 3955 διὰ
602 3900 810 3955 τούτων
847 3901 949 3973 τῆς
985 3900 1333 3972 πατροσύνης
1389 3900 1623 3971 χωρίσαι
1671 3899 1908 3954 σπουδά-

326 3994 483 4059 ζουσι
509 4035 526 4061 ,
561 3994 688 4058 τοὺς
716 3994 774 4047 δὲ
805 3995 899 4047 καὶ
928 3992 995 4047 δι’
1026 3993 1254 4065 ἐτέρων.
1294 3992 1569 4063 Ἐργασαι
1595 4032 1610 4051 ,
1646 3991 1741 4045 καὶ
1770 3991 1907 4063 κτῆ-

327 4100 440 4147 σαι,
469 4085 565 4137 xei.
580 4084 811 4151 ξένισαι,
840 4083 989 4137 ἔνδον
1013 4085 1324 4156 ἐπᾴδοντες,
1360 4083 1509 4147 ὅπως
1536 4082 1711 4153 ὄνομα
1743 4082 1909 4139 καλὸν

327 4178 547 4249 σεαυτῷ
582 4177 915 4247 περιποιήσῃ
939 4192 951 4203 ⁸
991 4175 1100 4230 ἀπὸ
1133 4176 1253 4247 γὰρ,
1283 4177 1392 4230 τῶν
1427 4173 1589 4246 δῆθεν
1623 4173 1804 4230 καλῶν
1839 4175 1911 4230 τὰ

325 4266 549 4334 ζιζάνια
592 4269 693 4340 τῆς
726 4268 996 4338 πονηρίας
1027 4267 1095 4322 τὸ
1122 4266 1268 4322 κατὰ
1317 4267 1482 4340 μέρος
1522 4266 1906 4339 ἐνσπείρουσι,

324 4359 424 4413 καὶ
449 4357 599 4430 παρὰ
631 4358 734 4429 μὲν
763 4358 861 4424 τὰς
893 4358 1068 4430 ἀρχὰς
1096 4359 1323 4428 ἀφιᾶσιν
1349 4358 1511 4411 αὑτὸν
1531 4359 1598 4429 τῇ
1625 4358 1903 4430 κενοδοξία

2014 3186 2295 3234 murantes
2321 3180 2677 3250 cogitationes
2707 3184 2977 3245 sustineat
3000 3187 3069 3259 ad
3098 3190 3495 3261 austeritatem,
3529 3204 3587 3250 et

2009 3267 2294 3324 audaciam
2328 3271 2380 3325 in
2405 3270 2621 3329 fratres.

2538 3408 2775 3467 CAPUT
2814 3411 3051 3470 XXVI”.

2080 3515 2255 3577 Etiam
2307 3520 2454 3594 quod
2501 3526 2750 3582 servituti
2807 3543 3133 3589 aerumnosa:
3184 3533 3433 3606 (scilicet
3471 3539 3584 3596 dar-

2009 3625 2202 3667 mones
2238 3612 2482 3686 dictant)
2519 3617 2743 3676 libertas
2789 3635 2898 3678 non
2945 3633 3029 3681 est
3062 3627 3308 3698 aequalis,
3346 3630 3458 3688 imo
3492 3648 3590 3703 pn-

2009 3703 2119 3759 tins
2144 3707 2318 3760 multo
2346 3706 2432 3762 bis
2459 3710 2613 3778 plura
2646 3712 2984 3781 immittunt,
3036 3727 3129 3785 ut,
3161 3735 3284 3776 cum
3326 3724 3591 3780 audacem

2008 3796 2265 3864 potestati
2306 3798 2583 3855 subditum
2620 3802 2937 3874 effecerint,
2965 3806 3127 3864 facile
3166 3826 3385 3883 quoque
3430 3832 3590 3873 mun-

2009 3885 2167 3941 danis
2217 3888 2471 3947 sordibus
2516 3891 2782 3963 infigam;
2839 3897 3041 3953 etenim
3085 3901 3185 3957 bos
3220 3904 3437 3972 quidem
3492 3924 3591 3977 per

2012 3976 2128 4032 haec
2158 3992 2413 4046 separare
2446 3983 2666 4039 student
2692 3999 2721 4038 a
2757 3989 3082 4053 paternitate
3102 4030 3117 4054 ,
3173 3993 3372 4050 alteros
3404 3976 3587 4052 autum

2009 4084 2108 4139 per
2155 4069 2282 4125 alia.
2338 4069 2598 4141 Operare,
2648 4084 2702 4129 et
2752 4092 2974 4149 peregre
3021 4079 3184 4156 “2
3237 4085 3590 4145 adw-nienlca
3631 4125 3637 4130 .

2013 4161 2254 4232 hospitio
2283 4162 2487 4230 recipe,
2521 4162 2669 4221 intus
2714 4166 2993 4224 hortantes
3037 4172 3313 4229 daemones
3362 4175 3586 4246 instant,

2009 4267 2121 4332 quo
2152 4268 2350 4309 nomen
2382 4254 2477 4310 tibi
2507 4257 2828 4326 praclarum
2860 4275 3174 4332 compares;
3221 4281 3346 4320 nam
3391 4281 3456 4323 ex
3505 4270 3590 4325 his

2013 4328 2262 4404 videlicet
2293 4350 2451 4407 bonis
2492 4352 2615 4407 lolia
2646 4353 2869 4410 malitia!
2898 4328 3173 4429 sigillatim
3216 4360 3584 4421 iuseminant:

326 4449 786 4519 ἐγγλυκαίνεσθαι
804 4490 820 4513 ,
844 4450 939 4505 καὶ
969 4449 1159 4522 νήφειν
1187 4452 1254 4522 τῇ
1287 4451 1507 4521 συνεχεῖ
1532 4448 1780 4523 νηστείᾳ,
1809 4452 1903 4504 καὶ

2013 4452 2066 4495 ct
2109 4443 2250 4513 apud
2309 4443 2645 4516 principatus
2674 4447 2892 4519 quidem
2933 4450 3216 4527 dimittunt
3248 4454 3398 4511 illum
3451 4474 3588 4527 vana

328 4539 630 4611 προθύμως
678 4540 1004 4595 ἀνίστασθαι
1055 4542 1115 4595 ἐν
1153 4544 1273 4605 ταῖς
1318 4544 1686 4613 προσευχαῖς,
1721 4543 1816 4596 καὶ
1852 4544 1910 4596 ἐν

326 4633 449 4693 ταῖς
480 4632 788 4700 συνάξεσιν,
813 4632 888 4697 ὡς
919 4633 1005 4687 ἵνα
1034 4629 1338 4704 λογίζηται,
1368 4634 1811 4702 ὄτιὙπεξούσιος
1837 4635 1913 4689 ὢν

328 4723 569 4788 τοιοῦτος
606 4725 708 4778 οὐκ
751 4724 1051 4795 ἐτύγχανον
1073 4742 1087 4757 ·
1123 4726 1244 4779 ἐκεῖ
1270 4725 1380 4796 γάρ
1425 4727 1522 4781 καὶ
1551 4724 1776 4799 ὕϐρεις,
1816 4728 1913 4783 καὶ

329 4813 524 4878 λύπαι,
546 4813 644 4868 καὶ
677 4814 939 4885 ταραχαὶ,
959 4813 1195 4868 ἐνταῦθα
1227 4813 1287 4867 δὲ
1318 4816 1532 4887 εἰρήνη,
1557 4817 1650 4870 καὶ
1674 4815 1910 4889 γαλήνη,

330 4903 428 4959 καὶ
466 4907 611 4976 χαρὰ
632 4946 650 4972 ,
681 4905 799 4959 ἐκεῖ
824 4906 1041 4976 Πατρδς
1081 4906 1360 4978 αὑστηρία
1382 4947 1396 4969 ,
1434 4905 1527 4959 καὶ
1560 4905 1762 4976 φόϐος,
1815 4909 1912 4962 καὶ

330 4994 632 5066 ἐπιπληξία
655 5037 672 5062 ,
707 4996 941 5051 ἐνταῦθα
973 4997 1032 5051 δὲ
1065 4997 1392 5070 ἀμεριμνία,
1439 4998 1532 5051 καὶ
1560 4999 1781 5070 ἀφοϐία,
1818 4999 1914 5055 καὶ

331 5084 598 5157 ἁπληξία.
638 5089 748 5143 Καὶ
772 5086 916 5142 οὕτω
947 5089 1007 5143 ἐν
1033 5092 1147 5152 τοῖς
1176 5088 1445 5154 τοιούτοις
1478 5086 1781 5159 κλέψαντες
1814 5091 1913 5145 αύ-

330 5178 428 5234 τοῦ
478 5178 569 5232 τὸν
614 5178 738 5233 νοῦν
783 5179 1232 5252 ὑφαρπάζουσιν·
1280 5178 1433 5248 ἄφνω
1484 5180 1542 5234 δὲ
1590 5182 1915 5247 ἐπιστάντες

333 5273 490 5342 ὕπνῳ
553 5271 830 5343 ὑπερορίῳ
873 5271 973 5342 τὴν
1018 5270 1198 5343 ψυχὴν
1248 5271 1396 5342 φόεῳ
1432 5272 1778 5344 ῥαντίζουσι,
1822 5275 1917 5327 καὶ

332 5365 433 5427 τὰς
487 5366 741 5431 συνάξεις
796 5362 1032 5436 ἀμελείᾳ
1103 5364 1199 5417 καὶ
1240 5364 1442 5435 ἀκηδίᾳ
1483 5365 1914 5432 ὑπεκκόπτουσι,

334 5454 430 5507 καὶ
459 5452 556 5525 τὴν
586 5452 895 5522 ξενοδοχίαν
930 5452 1152 5523 ὄχλησιν
1196 5448 1336 5505 εἶναι
1382 5454 1914 5524 ὑπομνηματίςουσι,

334 5546 430 5601 καὶ
450 5546 633 5600 πάντα
666 5545 926 5612 μάγγανα
966 5546 1067 5612 τῆς
1110 5544 1308 5608 κακίας
1337 5545 1654 5612 ἐπάγουσιν,
1697 5546 1786 5599 ἵνα
1820 5546 1918 5618 τὴν

332 5639 567 5710 ἀκηδίαν
597 5634 752 5704 αὐτῷ
792 5634 1195 5706 προσρῖψαντες
1223 5679 1236 5699 .
1281 5637 1373 5691 καὶ
1421 5638 1561 5708 πρὸς
1612 5637 1775 5692 αὑτὸν
1825 5639 1917 5692 τὸν

336 5729 450 5802 βίον
491 5732 652 5802 μῖσος
682 5726 1053 5795 ἑργάπωνται.
1088 5724 1178 5776 καί
1215 5727 1357 5779 οὕτω
1383 5731 1584 5799 γυμνὸν
1619 5729 1782 5782 αὑτὸν
1808 5730 1915 5786 τῶν

579 5841 861 5901 ΡΑτῐιοῑ..
908 5840 998 5897 Gn
1077 5841 1174 5900 LX
1190 5840 1358 5902 Xllt’.

2012 4534 2184 4601 gloria
2212 4537 2476 4603 edulcari,
2529 4539 2858 4614 assiduoque
2906 4545 3088 4602 sobrie
3126 4564 3285 4621 agere
3331 4551 3540 4622 jejunio
3570 4596 3585 4617 .

2012 4644 2077 4683 ac
2110 4640 2360 4700 prompto
2387 4629 2573 4685 animo
2614 4633 2666 4688 in
2704 4635 3069 4701 orationilms,
3117 4651 3170 4695 et
3211 4645 3578 4715 congregatio-

2015 4722 2177 4779 nibus
2200 4725 2373 4780 sacris
2399 4727 2708 4794 persistere,
2736 4726 2806 4781 ita
2841 4737 2900 4782 ut
2927 4731 3004 4785 sic
3038 4733 3390 4788 ratiocinetnr
3423 4754 3437 4790 :
3476 4737 3589 4792 Sub

2013 4822 2282 4882 potestate
2316 4830 2439 4869 cum
2487 4831 2689 4884 essem,
2728 4818 2849 4874 talis
2878 4836 2985 4874 non
3020 4835 3193 4876 erant.
3231 4823 3306 4879 lbi
3343 4826 3488 4882 enim
3538 4843 3591 4882 et

2017 4902 2283 4968 convicia,
2316 4913 2369 4958 et
2398 4904 2634 4971 dolores,
2659 4916 2712 4961 et
2746 4907 3107 4977 turbationcs;
3147 4911 3233 4967 hic
3255 4923 3434 4971 autem
3461 4932 3588 4988 pax.

2020 5002 2074 5049 et
2107 4995 2493 5065 tranquillitas,
2522 5005 2575 5051 et
2604 4997 2862 5067 gaudium
2897 5017 2910 5052 :
2945 4999 3016 5053 ibi
3049 4998 3229 5059 Patris
3275 5008 3590 5074 austeritas,

2020 5093 2074 5140 et
2101 5096 2300 5147 metus,
2334 5093 2497 5156 atque
2530 5086 2845 5156 percussio;
2901 5087 2988 5142 hic
3026 5104 3155 5144 vero
3207 5091 3352 5149 nulla
3389 5095 3594 5153 sollici-

2022 5179 2156 5234 tudo
2186 5197 2199 5232 :
2230 5179 2394 5234 timor
2419 5180 2621 5242 nullus,
2649 5180 2794 5235 nulla
2824 5183 3104 5252 percussio
3135 5202 3151 5240 :
3179 5194 3234 5240 et
3262 5187 3340 5243 sic
3367 5188 3420 5245 in
3445 5190 3596 5248 hisce

2025 5268 2226 5325 talibus
2258 5278 2496 5326 mentem
2527 5270 2699 5340 ipsius
2732 5270 2977 5327 furantes
3008 5274 3361 5347 subripiunt;
3391 5295 3455 5336 ex
3491 5281 3592 5336 im-

2024 5360 2246 5433 proviso
2276 5361 2461 5416 itidem
2496 5361 2799 5417 insilientes
2828 5376 3022 5417 somno
3051 5373 3267 5436 tempus
3298 5372 3595 5427 excedente

2026 5453 2351 5524 legitimum,
2381 5452 2617 5506 animam
2646 5452 2887 5507 irrorant
2917 5463 3088 5518 metu,
3120 5466 3175 5512 et
3218 5464 3596 5532 congregatio-

2026 5561 2124 5599 nes
2179 5558 2365 5599 sacras
2411 5542 2737 5611 negligentia
2782 5544 3106 5618 pigritiaque
3139 5551 3592 5622 subexscindunt,

2023 5652 2088 5692 ac
2142 5636 2419 5706 hospitum
2485 5636 2890 5707 susceptionem
2952 5641 3415 5711 perturbationem
3471 5659 3596 5702 esse

2023 5739 2484 5793 commentantnr,
2521 5732 2813 5804 omniaque
2851 5734 3069 5790 malitiae
3104 5736 3415 5807 producunt
3457 5754 3594 5810 prat-

3157 5852 3227 5915 36
