4046 6152
311 400 447 481 1:33

383 647 573 699 Ἔστιν
604 646 692 698 ὅτε
733 643 1032 714 βιαζόμεθα
1069 625 1315 714 καθαρὰτδ
1361 643 1459 712 τὴν
1505 641 1669 712 εὐχὴν
1721 640 1882 710 ποιῆ-

311 756 424 804 σαι,
459 739 554 790 καὶ
586 739 717 797 ἴσως
747 736 808 787 ού
838 732 1136 803 δυνάμεθα.
1177 734 1336 786 Ἔστι
1369 732 1424 785 δὲ
1449 733 1544 786 καὶ
1579 731 1742 784 πάλιν
1774 731 1883 795 ὅτε,

311 833 372 884 οὺ
416 828 756 899 βιαζομένων
797 825 976 896 ἡμῶν,
1023 825 1238 896 καθαρᾷ
1259 826 1326 896 τῇ
1357 827 1638 894 προσευχῇ
1675 824 1707 894 ή
1738 821 1884 894 ψυχὴ

310 924 609 990 ἐγγίνεται,
657 921 739 972 ὅτι
787 918 848 970 τὸ
896 918 996 989 μὲν
1040 918 1141 988 τῆς
1181 916 1338 988 ἡμῶν
1375 915 1684 979 ἀσθενείας,
1718 914 1778 968 τὸ
1829 915 1886 967 δὲ

309 1015 408 1083 τῆς
437 1011 645 1068 ἄνωθεν
678 1010 902 1081 χάριτος
939 1009 1353 1080 ἐκκαλουμένης
1391 1011 1541 1079 ἡμᾶς
1569 1005 1886 1061 ἐπανελθεῖν

309 1102 390 1164 εἰς
414 1099 512 1171 τὴν
537 1098 640 1170 τῆς
663 1098 843 1168 ψυχῆς
868 1098 1222 1169 καθαρότητα
1239 1138 1254 1162 ,
1301 1098 1420 1167 ἃμα
1461 1097 1517 1150 δὲ
1560 1097 1661 1150 καὶ·
1679 1095 1746 1148 δι’
1775 1098 1885 1164 ἀμ·

310 1190 560 1262 φοτὲρων
589 1189 955 1260 παιδευούσης
998 1191 1146 1260 ἡμᾶς
1201 1191 1274 1260 μὴ
1326 1191 1542 1252 ἑαυτοῖς
1580 1187 1888 1242 ἀποδιδόναι

307 1285 370 1336 ἐν
401 1283 479 1353 τῷ
515 1281 951 1352 προσεύχεσθαι,
983 1280 1099 1334 ἀλλ’
1135 1281 1524 1349 ἐπιγινώσκειν
1563 1280 1654 1334 τὸν
1685 1278 1888 1351 δωρού-

313 1391 497 1446 μενον.
526 1373 602 1426 To
635 1373 744 1443 γὰρ
767 1372 820 1424 τί
855 1371 1266 1443 προσευξόμεθα
1290 1372 1412 1426 καθ’
1438 1372 1466 1424 ὃ
1489 1373 1588 1437 δεῖ,
1618 1373 1717 1425 οὐκ
1743 1371 1889 1424 οἴδα-

309 1482 438 1537 μεν.
465 1464 634 1517 Ὅταν
663 1459 756 1516 οὖν
804 1461 1146 1532 καθαρθῆναι
1195 1461 1295 1532 τὴν
1341 1462 1505 1532 εὐχὴν
1550 1461 1888 1532 βιαζὼμεθα,

307 1556 416 1610 καὶ
456 1555 517 1609 οὐ
565 1553 868 1623 δυνάμεθα,
905 1553 1023 1609 ἀλλ’
1057 1553 1446 1624 ὲσκοτίσμεθα,
1489 1555 1611 1606 τότε
1661 1555 1892 1625 δάκρυσι

307 1647 417 1708 τὰς
448 1647 679 1717 παρειὰς
714 1646 1181 1717 καταϐρέξαντες,
1216 1646 1349 1698 Θεὸν
1393 1644 1761 1716 ίκετεύσωμεν
1796 1645 1892 1698 ἐπὶ

311 1737 396 1808 τῷ
422 1738 738 1807 διαλυθῆναι
765 1737 858 1790 τοῦ
888 1738 1129 1808 πολέμου
1176 1737 1276 1807 τὴν
1302 1736 1493 1803 νύκτα,
1544 1737 1636 1790 καὶ
1691 1736 1892 1808 ἐλλαμ-

1424 410 1864 473 TRACTATUS
1905 411 2004 470 AD
2045 409 2291 470 EULOG
2305 409 2469 469 IUM.
3422 394 3557 459 1134

880 529 1129 584 ΚΕΦΑΛ.
1169 531 1246 584 A'.
1912 527 1959 583 Α

2545 517 2774 574 CAPUT
2822 515 2990 571 XXX.

2058 629 2270 685 Accidit
2302 628 2615 698 aliquando,
2653 637 2712 682 ut
2759 627 3030 682 enitamur
3062 637 3250 693 puram
3281 620 3558 675 effundere

1986 721 2292 777 orationem
2318 760 2333 782 ,
2369 729 2422 773 et
2452 717 2592 773 forte
2622 718 2944 788 nequimus;
2997 723 3051 770 et
3095 729 3126 769 e
3171 712 3388 767 diverso
3424 726 3558 764 eon-

1985 813 2143 882 tingit
2198 825 2634 880 nonnunquam,
2689 821 2769 876 ut,
2830 808 2988 863 nobis
3038 821 3146 862 non
3186 804 3560 869 enitentibus,

1987 905 2167 958 anima
2199 917 2349 973 pum
2380 901 2662 956 incumbat
2690 899 2923 954 orationi
2956 915 2969 951 :
3007 897 3137 968 quia
3166 897 3403 967 primum
3439 896 3561 965 qni-

1987 997 2109 1052 dem
2148 1005 2348 1050 nostraa
2390 1003 2474 1050 est
2505 993 2858 1055 infirmitatis,
2900 992 3044 1047 istud
3084 999 3286 1046 autem'
3313 1003 3563 1060 supernae

1988 1088 2174 1159 gratiae
2203 1087 2521 1142 advocantis
2551 1101 2672 1152 nos,
2708 1095 2768 1140 ut
2797 1085 2862 1140 ad
2890 1084 3086 1140 anima:
3115 1083 3408 1153 puritatem
3439 1082 3562 1136 red-

1987 1192 2214 1243 eamus,
2278 1177 2444 1233 simul
2499 1191 2668 1242 vero,
2720 1184 2774 1230 et
2818 1190 2915 1244 per
2952 1183 3248 1244 utrumque
3285 1187 3388 1227 nos
3434 1173 3566 1226 edo-

1988 1270 2186 1334 eentis,
2241 1283 2350 1324 non
2410 1267 2817 1336 nobismetipsis
2856 1267 3185 1332 attribuere,
3257 1263 3400 1334 quod
3441 1265 3562 1334 puri

1989 1377 2234 1428 oremus,
2267 1377 2457 1416 verum
2489 1375 2788 1431 agnoscere
2832 1360 3194 1424 donatorem;
3231 1357 3375 1426 quod
3419 1357 3563 1410 enim

1992 1453 2198 1523 aliquid
2231 1467 2541 1522 precemur,
2573 1462 2634 1506 ut
2663 1460 2895 1522 oportet,
2935 1452 3212 1507 nescimus
3241 1451 3308 1504 ⁸⁸.
3335 1448 3566 1515 Quando

1991 1545 2159 1615 igitur
2187 1545 2488 1600 orationem
2523 1560 2787 1600 conamur
2813 1545 3120 1615 pnritleare,
3150 1552 3203 1597 et
3233 1557 3338 1596 non
3369 1545 3568 1610 possu'-

1993 1649 2150 1698 mus,
2187 1634 2281 1689 sed
2319 1634 2554 1690 tenebris
2594 1634 2756 1690 οϐ’υεὶ
2799 1649 2990 1689 sumus
3016 1672 3032 1697 ,
3089 1643 3219 1687 tunc
3244 1671 3259 1696 ,
3314 1631 3569 1702 lacrymis

1993 1741 2160 1798 genas
2190 1727 2502 1796 irrigantes,
2536 1727 2704 1782 Deum
2737 1727 3008 1797 supplices
3029 1739 3306 1794 rogemus,
3331 1733 3391 1778 ut
3418 1730 3570 1778 tene-

311 1829 522 1900 φθῆναι
578 1830 680 1899 τῆς
725 1828 904 1900 ψυχῆς
965 1829 1024 1882 τὸ
1079 1829 1300 1899 φέγγος.
1347 1829 1584 1880 Ἕνεκεν’
1616 1826 1891 1890 διακονίας

2008 1821 2156 1873 brosa
2195 1819 2318 1873 belli
2353 1818 2516 1890 M5
2552 1834 2661 1874 nox
2680 1819 3032 1880 dissolvatur,
3055 1817 3361 1883 animaeque
3393 1814 3570 1883 fulgor

315 1922 461 1975 ἐπὰν
485 1924 512 1976 ὁ
545 1919 861 1992 συμϐιὼτης
898 1919 1124 1988 ἀδελφὸς
1156 1919 1424 1990 ὲκδημοίῃ
1451 1959 1465 1984 ,
1513 1918 1655 1972 κατὰ
1682 1919 1743 1971 τὸ
1769 1917 1892 1980 ἔθος

313 2014 429 2067 τῶν
459 2013 655 2083 εὐχῶν,
686 2010 1004 2075 ἀνακαίνιζε
1024 2009 1215 2064 τούτου
1246 2013 1343 2080 τὴν
1376 2010 1596 2080 μνήμην
1619 2027 1630 2039 ·
1668 2010 1810 2078 πέρα
1835 2009 1892 2061 δὲ

313 2101 414 2156 τοῦ
455 2101 656 2173 μέτρου
693 2099 885 2153 τοῦτον
915 2099 989 2171 μὴ
1023 2099 1322 2169 φαντάζου,
1363 2099 1559 2168 μήπως
1590 2097 1689 2168 τὴν
1719 2099 1894 2169 ἀρχὴν

311 2193 420 2264 τῆς
459 2192 730 2264 μερίμνης
755 2191 864 2244 ἀπὸ
892 2191 984 2244 σοῦ
1019 2190 1275 2254 λαϐόντες
1308 2192 1355 2243 οἱ
1386 2189 1662 2260 δαίμονες,
1691 2189 1894 2260 ταύτην

315 2283 624 2347 ἁκονῶντες
682 2284 776 2336 ἐπὶ
821 2280 1004 2336 πλεῖον
1053 2280 1378 2346 ὲποξύνωσι,
1447 2279 1761 2344 σκιάζοντες
1813 2296 1894 2332 σοι

317 2375 510 2430 τοῦτον
542 2376 599 2426 ὲν
632 2375 700 2445 τῇ
721 2372 829 2426 τῶν
858 2371 1088 2442 ψαλμῶν
1122 2371 1384 2442 ύμνῳδίᾳ,
1417 2372 1509 2424 καὶ
1543 2370 1897 2443 ὑστεροῦντες

319 2468 377 2519 tv
407 2465 531 2535 Θεῷ
565 2465 663 2533 τῆς
693 2464 836 2518 κατὰ
867 2464 1000 2517 Θεὸν
1041 2463 1313 2535 μερίμνης
1339 2503 1354 2526 ,
1399 2464 1484 2516 ἴνα
1524 2463 1762 2536 μερίμνῃ
1803 2462 1898 2532 μέ-

323 2572 526 2628 ριμναν
604 2552 1058 2623 ἁντικρούσαντες
1126 2552 1508 2624 αἰχμαλώτους
1571 2554 1722 2623 ἡμᾶς
1791 2551 1899 2603 τῶν

323 2645 654 2718 κρειττόνων
705 2645 1072 2715 ὰπαγάγωσιν
1096 2686 1111 2710 ,
1145 2647 1225 2708 εἰς
1255 2644 1314 2698 τὸ
1357 2645 1432 2716 μὴ
1465 2643 1776 2712 λογίζεσθαι
1815 2642 1898 2705 τὸ,

327 2757 347 2791 ι
389 2737 709 2810 Ἐπίρῤιψον
727 2740 818 2791 ἐπὶ
851 2737 1054 2810 Κύριον
1081 2737 1178 2810 τὴν
1219 2737 1486 2809 μέριμναν
1522 2745 1636 2792 σου.
1672 2756 1691 2787 ι
1725 2739 1901 2790 Ἵσασι

321 2829 535 2902 γὰρ,ὠς
566 2831 630 2883 ὲκ
658 2829 757 2900 τῆς
782 2830 1040 2902 περιττῆς
1067 2831 1196 2901 περὶ
1224 2829 1316 2883 τοῦ
1348 2828 1578 2897 ἀδελφοῦ
1601 2827 1900 2899 φροντίδος,

323 2927 408 2980 ὅτι
434 2926 532 2978 καὶ
559 2924 733 2988 λύπας
759 2922 1163 2994 ἐντορνεύουσιν
1195 2922 1658 2993 ύποταράττοντες
1688 2921 1748 2973 τὺ
1776 2923 1909 2992 ὴγε-

331 3015 577 3085 μονικόν.
607 3015 730 3067 Ἔτι
757 3014 811 3067 δὲ
845 3015 939 3067 καὶ
972 3013 1205 3084 μέμψεις
1251 3001 1585 3082 βραδύτητος
1620 3011 1901 3080 ὑφάπτου-

331 3125 437 3172 σιν,
468 3107 552 3171 ὡς
585 3105 1035 3178 ὑπαμελήσαντος
1073 3104 1167 3158 τοῦ
1214 3103 1445 3174 ἀδελφοῦ
1476 3104 1606 3175 περὶ
1647 3103 1746 3173 τῆς
1785 3102 1902 3155 δια-

1996 1911 2319 1965 illustretur.
2356 1909 2608 1976 Quando,
2646 1925 2812 1963 causa
2859 1909 3188 1974 ministerii,
3240 1906 3407 1962 frater
3441 1921 3574 1960 con-

1995 2002 2170 2057 victor
2202 2017 2426 2072 peregre
2462 2001 2818 2066 discesserit,
2865 1999 3025 2070 juxta
3060 2008 3310 2054 votorum
3343 2010 3577 2053 consue-

1996 2091 2262 2158 tudinem,
2296 2092 2416 2157 ejus
2443 2107 2644 2146 renova
2673 2091 3016 2155 memoriam,
3047 2096 3106 2144 at
3133 2100 3325 2158 praeter
3352 2088 3573 2142 modum

1997 2195 2065 2234 ne
2099 2180 2276 2250 ipsum
2310 2179 2648 2249 imagineris,
2679 2195 2746 2234 ne
2776 2177 2912 2232 forte
2943 2178 3158 2232 initium
3191 2177 3576 2232 sollicitudinis

1997 2273 2274 2328 dmmones
2309 2287 2336 2325 a
2367 2281 2419 2325 te
2448 2279 2747 2334 sumentes,
2785 2269 2916 2323 illud
2957 2269 3204 2324 acuendo
3238 2267 3409 2322 multo
3452 2269 3566 2321 red-

1999 2363 2130 2442 dant
2155 2363 2391 2427 acutius,
2438 2377 2561 2416 eum
2601 2362 2695 2417 tibi
2732 2361 3122 2416 adumbrantes
3153 2362 3204 2414 in
3238 2359 3575 2430 psalmorum

2000 2456 2402 2518 decantatione,
2437 2454 2601 2524 inque
2624 2454 2824 2510 divinis
2850 2454 2984 2525 ipsis
3013 2453 3204 2509 oiliciis
3225 2468 3358 2508 cura
3378 2452 3579 2506 orban-

2001 2562 2105 2613 tes,
2142 2563 2266 2618 qua:
2315 2547 2615 2600 secundum
2654 2543 2822 2600 Deum
2876 2554 2960 2600 est
2999 2564 3012 2600 :
3066 2554 3160 2609 ut,
3212 2559 3343 2599 cura
3388 2560 3578 2598 curam

2004 2641 2347 2711 repellentes,
2377 2652 2477 2692 nos
2506 2653 2535 2691 a
2566 2638 2728 2692 rebus
2757 2623 3077 2691 melioribus
3107 2635 3380 2690 abducant
3405 2637 3578 2703 capti-

2001 2747 2133 2796 vos,
2184 2740 2237 2785 ct
2272 2747 2380 2786 non
2415 2729 2714 2801 c0gitemus
2745 2729 2811 2784 de
2839 2729 2930 2784 illo
2958 2729 3144 2784 dicto:
3177 2745 3196 2779 ι
3231 2725 3386 2781 Jacta
3417 2740 3580 2796 super

2004 2822 2294 2878 Dominum
2332 2838 2520 2878 curam
2571 2831 2722 2876 tuam
2749 2822 2848 2876 ⁸³⁸.
2890 2840 2910 2874 ι
2961 2820 3177 2875 Norunt
3223 2819 3464 2889 quippe,
3513 2833 3580 2872 ex

2003 2931 2134 2972 cura
2169 2917 2333 2970 etiam
2365 2916 2509 2971 circa
2545 2914 2766 2970 fratrem
2800 2912 3093 2984 superﬂua,
3125 2915 3316 2968 ducem
3348 2912 3581 2966 rationis

2005 3019 2242 3064 mentem
2291 3009 2688 3074 subturbando,
2715 3007 3034 3063 aillictiones
3074 3007 3408 3077 insculpere;
3439 3020 3579 3076 prae-

2005 3111 2151 3157 terea
2207 3117 2369 3167 vero,
2423 3109 2478 3155 et
2524 3099 2773 3169 querelas
2825 3098 3095 3153 tarditatis
3147 3096 3580 3158 subaccendunt,

331 3199 518 3260 κονίας
564 3197 837 3266 σπουδὴν,
889 3196 1036 3258 ὅπως
1063 3195 1092 3244 ὁ
1131 3195 1536 3266 πολυμέριμνος
1567 3192 1730 3254 πόθος
1773 3191 1902 3255 ἴσως

2008 3194 2163 3265 quasi
2213 3192 2378 3248 fratre
2403 3192 2845 3262 subnegligentcr
2886 3199 3076 3260 agente
3103 3190 3247 3244 circa
3295 3187 3579 3243 ministerii

331 3290 425 3342 καὶ
472 3291 553 3352 εἰς
601 3292 754 3358 μῖσος
784 3289 1056 3358 ἐκτραπῇ.
1093 3285 1254 3349 Ἐθος
1291 3285 1347 3340 δὲ
1384 3288 1442 3339 ὲν
1486 3286 1606 3347 ταῖς
1647 3284 1773 3354 περὶ
1813 3282 1906 3336 τὸν

333 3382 614 3452 ἀπόδημον
650 3379 943 3450 μερίμναις
972 3381 1066 3432 καὶ
1098 3377 1256 3430 τοῦτο
1283 3378 1462 3430 ποιεῖν
1491 3378 1604 3438 τοῖς
1629 3374 1904 3444 δαίμοσιν,

337 3474 394 3524 ὲν
524 3471 704 3524 ἴδωσιν
744 3469 905 3522 αὑτὸν
951 3469 1396 3540 παραγενόμενον
1434 3468 1620 3540 ἡμέρᾳ
1669 3467 1909 3539 κατόναρ

337 3563 528 3615 τοῦτον
574 3562 938 3632 ὲσοπτρίζειν,
978 3561 1067 3616 ἵνα
1112 3562 1187 3624 ὼς
1221 3563 1283 3614 ὲκ
1325 3561 1420 3614 τοῦ
1471 3561 1776 3626 ἀποϐάντος
1823 3561 1910 3612 ὲν-

343 3651 533 3704 υπνίου
562 3652 1016 3723 ποιήσωσινήμᾶς
1049 3652 1107 3704 ὲν
1125 3651 1300 3722 καιρῷ
1327 3651 1434 3704 τῶν
1463 3639 1757 3721 ἀποδήμων
1785 3651 1912 3715 τοὺς

345 3745 632 3816 προφήτας
679 3742 788 3796 τῶν
832 3744 1100 3797 ὲνυπνίων
1151 3745 1245 3796 καὶ
1284 3743 1446 3796 πάλιν
1489 3741 1909 3813 προσδέχεσθαι,

342 3832 436 3897 οὓς
475 3833 917 3904 ἀποστρέφεσθαι
949 3835 1029 3887 δεῖ
1063 3832 1263 3904 μᾶλλον
1295 3833 1390 3886 καὶ
1413 3831 1619 3902 σφόδρα
1654 3831 1914 3903 ἐκτρέπε-

344 3925 506 3991 σθαι,
542 3927 739 3996 μήπως
775 3929 838 3979 ἐκ
869 3926 1074 3980 τούτων
1130 3927 1222 3980 καὶ
1265 3928 1343 3990 εἰς
1385 3927 1548 3995 ἕτερα
1589 3925 1688 3995 τὴν
1734 3925 1913 3994 ψυχὴν

343 4015 824 4085 ὰποπλανήτωσιν.

914 4305 957 4354 K
968 4305 1164 4359 ΕίῘιΑΛ.
1205 4306 1328 4357 AA'.

417 4437 683 4508 Προῖσασι
725 4437 836 4505 γὰρ
865 4433 1011 4490 οὗτοι
1044 4438 1142 4506 μὲν
1175 4437 1344 4501 οὐδὲν,
1386 4437 1421 4490 ἂ
1455 4437 1510 4489 δὲ
1546 4437 1801 4506 βλέπουσι
1835 4452 1919 4503 γι-

2010 3285 2289 3349 studium,
2327 3295 2385 3339 ιιι
2421 3283 2750 3342 desiderium
2810 3283 2964 3337 valde
3015 3281 3306 3336 sollicitum
3351 3281 3584 3336 forsitan

2012 3378 2064 3432 in
2097 3379 2281 3434 odium
2331 3391 2548 3446 quoque
2593 3384 2966 3431 convertatur.
3016 3374 3074 3428 lu
3129 3373 3584 3429 sollicitudinibus

2012 3481 2219 3532 autem,
2246 3485 2367 3540 quae
2397 3470 2542 3524 circa
2586 3483 2807 3538 peregre
2836 3475 3080 3538 agentem
3127 3466 3415 3532 habentur,
3465 3481 3587 3520 mos

2011 3567 2096 3613 est
2123 3557 2468 3613 daemonibus
2490 3596 2508 3624 ,
2542 3567 2594 3612 et
2625 3557 2755 3612 illud
2797 3556 2979 3612 facere
3010 3574 3023 3611 :
3063 3556 3117 3610 in
3149 3556 3237 3611 die
3267 3571 3374 3626 qua
3408 3557 3590 3612 sciunt

2014 3651 2192 3720 ipsum
2227 3647 2565 3713 adfuturum,
2610 3665 2706 3718 per
2740 3651 3014 3704 somnium
3067 3649 3214 3703 velut
3268 3649 3320 3702 in
3367 3651 3588 3719 speculo

2014 3757 2137 3806 cum
2167 3741 2427 3796 exhibere
2452 3742 2652 3806 solent,
2680 3749 2738 3794 ut
2758 3757 2823 3795 ex
2842 3742 3115 3796 insomnio
3136 3741 3280 3810 quod
3306 3743 3587 3803 successit.

2017 3827 2220 3882 faciant
2264 3828 2409 3896 quod
2447 3836 2687 3896 tempore
2715 3845 2937 3899 peregre
2971 3830 3431 3898 proficiscentium
3464 3849 3588 3885 rur-

2017 3935 2112 3973 sus
2144 3927 2527 3988 exspectemus
2562 3919 2876 3988 prophetas,
2926 3935 3019 3974 seu
3067 3921 3394 3990 interpretes
3441 3937 3592 3978 som-

2017 4011 2232 4064 niorum
2259 4054 2272 4077 ,
2305 4026 2444 4080 quos
2482 4012 2662 4080 potius
2705 4011 2944 4065 aversari
2986 4021 3217 4081 oportet,
3250 4014 3593 4084 multumque

2019 4103 2086 4156 ab
2116 4103 2183 4157 iis
2210 4102 2400 4166 averti,
2435 4116 2503 4156 ne
2532 4100 2670 4155 forte
2701 4118 2765 4155 ex
2801 4102 2918 4156 istis
2947 4102 2998 4154 iu
3033 4103 3156 4157 aliis
3195 4119 3413 4174 quoque
3443 4105 3592 4161 deci.

2019 4195 2166 4263 piant
2196 4193 2450 4247 animam.

2578 4306 2809 4365 CAPUT
2849 4305 3042 4363 XXXI.

2107 4434 2307 4491 Verum
2339 4435 2440 4506 ipsi
2475 4433 2694 4505 quidem
2731 4435 2927 4491 fratres
2961 4435 3096 4490 nihil
3131 4436 3441 4507 praescium,
3475 4453 3598 4509 quae

347 4527 546 4597 νόμενα
573 4568 586 4591 ,
616 4526 792 4580 ταῦτα
821 4529 1075 4598 μηνίουσι
1099 4567 1112 4590 ,
1141 4530 1235 4580 καὶ
1266 4526 1624 4596 φαντάζουσι·
1657 4528 1904 4590 πολλάκις

2025 4535 2205 4581 autem
2265 4527 2450 4581 vident
2503 4527 2641 4592 ﬁeri,
2709 4528 2825 4598 ipsa
2884 4529 3228 4594 annuntiant,
3297 4537 3350 4584 et
3404 4530 3599 4601 imagi-

347 4618 478 4686 γοῦν
517 4619 641 4672 καθ’
683 4619 915 4688 ἡσυχίαν
976 4619 1147 4672 ὄντων
1183 4619 1371 4689 ἡμῶν,
1407 4618 1738 4689 θεασάμενοι
1781 4618 1916 4689 πρὸς

350 4707 496 4779 ἡμᾶς
519 4710 749 4779 ἀδελφὸν
773 4711 1090 4780 ἐρχόμενον,
1120 4711 1208 4764 διὰ
1233 4710 1343 4764 τῶν
1379 4711 1656 4782 λογισμῶν
1682 4712 1920 4780 προεσή-

353 4815 549 4866 μαναν,
597 4794 679 4860 οἷς
708 4799 768 4850 οὐ
797 4801 904 4869 χρὴ
949 4799 1252 4865 πιστεύειν,
1295 4801 1398 4854 κᾶν
1438 4801 1620 4869 λέγειν
1664 4803 1712 4853 τ’
1747 4801 1921 4876 ἀληθῆ

351 4890 641 4958 νομίζωσιο
693 4889 782 4942 διὰ
826 4889 937 4958 γὰρ
981 4889 1082 4959 τῆς
1123 4889 1284 4960 δῆθεν
1329 4890 1586 4961 ἀληθείας
1630 4891 1690 4944 τὸ
1731 4890 1926 4959 ψεῦδος

352 4981 835 5051 παρεισφέρουσιν,
874 4981 962 5035 ἵνα
991 4984 1055 5035 ὲκ
1079 4981 1174 5034 τοῦ
1197 4983 1341 5038 κατὰ
1376 4985 1543 5055 μέρος
1575 4987 1699 5048 ταῖς
1728 4985 1929 5056 ἕμπρο·

353 5071 477 5123 σθεν
513 5073 651 5134 ὁδοῖς
680 5075 806 5136 τοὺς
847 5071 1076 5144 βρόχους
1122 5073 1534 5144 ὑπογράφωσιν.
1575 5076 1787 5145 ’Ὠσπερ
1830 5077 1925 5127 ἀν-

352 5163 620 5233 ἐργαστος
647 5164 870 5234 χρυσὸς,
901 5167 961 5217 ὲν
992 5167 1346 5235 χωνευτηρίῳ
1373 5165 1726 5235 βαλλόμενος,
1758 5167 1927 5220 καθα-

354 5253 588 5326 ρώτερος
617 5256 828 5322 γίνεται
854 5294 869 5319 ,
915 5256 1057 5310 οὕτω
1089 5258 1181 5310 καὶ
1206 5257 1400 5326 νέηλυς
1439 5258 1692 5328 μοναχὺς,
1721 5261 1780 5311 ἐν
1818 5277 1932 5311 κοι-

351 5345 515 5415 νοόίῳ
545 5346 613 5398 τὰ
638 5347 746 5416 ήθη
788 5340 1288 5418 ἀναχωνευόμενος,
1321 5350 1546 5420 φαιδρὸς
1579 5353 1695 5412 ταῖς
1735 5367 1932 5419 καρτε-

355 5431 498 5500 ρίαις
551 5433 1020 5488 ἀποκαθίσταται·
1075 5437 1164 5490 διὰ
1217 5438 1326 5507 γὰρ
1377 5440 1478 5508 τῆς
1527 5440 1796 5509 ἐπιταγῆς
1827 5440 1934 5493 τῶν

351 5520 594 5589 ἀδελφῶν
631 5523 731 5593 τὴν
763 5526 1010 5595 ὑπακοὴν
1048 5528 1343 5598 μανθάνειν
1377 5529 1810 5602 κατεργάζεται’
1847 5531 1934 5585 διὰ

351 5610 411 5662 δὲ
433 5612 526 5664 τοῦ
555 5615 985 5687 ἐπιπλήττοντος
1013 5619 1362 5688 ἑτοιμάζεται
1396 5622 1494 5691 τὴν
1525 5620 1688 5688 φύσιν
1719 5637 1930 5693 μακρο-

423 5813 463 5842 -'"
501 5811 654 5863 llum.
690 5829 814 5872 vm.
850 5815 939 5870 ‘26.
1018 5819 1086 5850 ³¹⁹
1121 5819 1263 5873 Psal.
1294 5837 1400 5878 Liv.
1433 5821 1522 5872 9-5-

2026 4629 2227 4673 nantur
2255 4637 2268 4673 :
2299 4620 2497 4688 saepius
2532 4619 2714 4690 igitur,
2769 4636 2888 4675 eum
2937 4619 3102 4695 446
3142 4637 3242 4677 nos
3287 4622 3340 4675 in
3389 4623 3599 4692 placida

2028 4711 2210 4778 quiete
2241 4710 2601 4777 resideamus,
2635 4713 2936 4782 conspicati
2985 4714 3208 4768 fratrem
3245 4713 3310 4767 ad
3360 4727 3461 4769 nos
3507 4729 3600 4768 ve-

2031 4803 2270 4856 nientem
2304 4818 2398 4872 per
2445 4803 2678 4874 cogitata
2729 4805 3204 4874 prmnuntiarunt,
3255 4804 3451 4873 quibus
3492 4819 3602 4858 non

2036 4902 2249 4964 oportet
2273 4895 2516 4958 credere,
2551 4896 2802 4965 quamvis
2834 4896 3012 4950 dicere
3047 4909 3172 4949 vera
3208 4905 3423 4966 putent,
3475 4897 3601 4966 quia

2035 4999 2134 5053 per
2173 4998 2292 5038 eam
2327 4985 2580 5040 videlicet
2627 4986 2911 5040 veritatem
2961 4985 3302 5040 mendacium
3361 4987 3605 5041 subinfe-

2034 5084 2184 5139 runt,
2235 5084 2297 5131 ut
2346 5091 2409 5131 ex
2464 5076 2780 5147 particulari
2833 5077 3088 5145 quopiam
3139 5077 3262 5141 viis,
3313 5091 3436 5147 qua:
3477 5088 3608 5133 sunt

2038 5176 2164 5220 ante
2190 5180 2312 5232 nos,
2346 5165 2572 5236 laqueos
2613 5166 2772 5236 quasi
2806 5166 3096 5220 deliueent.
3135 5165 3604 5232 Quemadmodum

2033 5276 2227 5314 aurum
2262 5261 2316 5314 in
2356 5275 2485 5316 vase
2518 5261 2742 5329 parvulo
2772 5262 3094 5329 argillaceo,
3138 5261 3190 5314 in
3245 5277 3357 5330 quo
3393 5263 3607 5316 metalla

2034 5353 2339 5405 fumlnntur
2379 5361 2432 5404 et
2471 5352 2775 5421 liquefiunt,
2805 5354 3127 5420 projectum,
3159 5353 3337 5405 evadit
3372 5355 3605 5422 purius:

2035 5445 2107 5497 ita
2143 5454 2193 5498 ct
2222 5444 2466 5498 novellus
2503 5445 2804 5498 monachus
2853 5444 2905 5495 in
2955 5443 3206 5498 coenobio
3238 5446 3396 5513 quasi
3427 5446 3614 5500 metal-

2035 5534 2167 5596 lum,
2216 5536 2427 5604 positus
2482 5535 2549 5588 ad
2593 5533 2975 5605 expurgandos
3030 5549 3246 5600 mores,
3307 5536 3614 5591 toleranliis

2037 5626 2391 5696 prtt‘fulgitltls
2427 5627 2705 5698 redditur;
2737 5640 2832 5695 per
2863 5626 3175 5681 mandatum
3206 5628 3352 5682 enim
3382 5628 3611 5686 fratrum
