4046 6152
494 337 634 406 1135

1907 353 1967 410 S.
1991 349 2150 408 NlLl

3608 336 3736 410 ttrtt‘;

491 456 841 525 disciplinam
875 458 1193 512 obcdientize
1222 459 1455 528 perficit,
1491 474 1582 527 per
1621 459 1944 530 amigetttem
1974 477 2040 512 au

2174 459 2374 529 θυμίαν
2402 460 2564 530 ἔχειν.
2597 461 2766 514 Ὅταν
2796 456 2890 514 οὖν
2920 461 3062 531 χαρᾷ
3092 463 3190 525 τὰς
3224 462 3408 532 ῦόρεις
3444 465 3740 534 κατα-δέχη-

491 556 598 596 tem
633 560 788 598 suam
849 557 1114 614 przeparat
1166 559 1416 612 naturam
1476 549 1544 602 ad
1593 549 2062 617 longanimitatcm

491 633 837 700 habendam;
885 637 1103 705 quando
1151 653 1280 706 ergo
1329 638 1527 707 gaudio
1572 639 1833 709 suscipiat
1875 650 2066 694 contu-

489 725 700 791 melias,
737 727 1109 797 tenuitateque
1139 728 1528 783 demissionem
1579 731 1748 783 animi
1791 731 2066 799 amplexe-

489 826 599 880 tur,
651 818 900 886 superior
933 821 1198 888 Oppositis
1247 821 1471 876 eﬂ‘ectus
1521 823 1888 891 passionihus,
1937 832 2066 878 tunc

491 908 786 963 virtutibus
825 925 1114 965 coruscare
1139 913 1438 975 contendit,
1467 912 1645 980 gratia
1683 913 1786 981 ipsi
1829 913 2064 982 amplius

489 1003 632 1054 vires
657 1002 1012 1070 concedente,
1051 1014 1106 1056 et
1133 1004 1428 1070 copiosius.
1467 1003 1620 1057 Sicut
1645 1004 1740 1074 qui
1777 1005 1831 1056 in
1856 1006 2064 1060 radices

490 1102 649 1146 terrae
676 1092 1014 1146 descendunt
1039 1108 1232 1146 aurum
1263 1091 1538 1148 refodiunt
1568 1111 1581 1146 :
1616 1095 1709 1157 ita,
1746 1095 1838 1164 qui
1877 1095 1929 1147 itt
1966 1109 2063 1149 au-

489 1184 694 1238 reolam
728 1184 1091 1239 humilitatem
1113 1185 1471 1248 descendunt,
1504 1186 1728 1240 virtutes
1755 1194 2061 1254 reportant.

484 1273 640 1329 Tunc
671 1276 977 1331 intellectus
1009 1277 1288 1346 praesentit
1315 1279 1578 1348 requiem,
1605 1279 1823 1347 quando
1851 1279 2062 1347 passio-

484 1382 616 1421 num
682 1369 928 1421 recidens
988 1384 1184 1422 causas
1222 1369 1367 1422 circa
1422 1370 1936 1437 contemplationem
1993 1370 2064 1424 sit

483 1472 804 1529 occupatus,
841 1472 966 1514 ante
1018 1477 1146 1514 vero
1187 1461 1403 1514 illarum
1443 1462 1798 1527 incisionem,
1843 1472 2063 1516 contra-

482 1555 687 1607 riorum
720 1568 913 1624 pugnae
946 1553 1157 1607 infirme
1183 1554 1472 1619 at-cedcns,
1508 1555 1746 1609 laborem
1776 1555 2057 1624 persentit,

483 1661 545 1700 ac
580 1661 873 1700 ατε-υιιιιιαε.

1030 1819 1259 1878 CAPUT
1298 1820 1510 1875 XXXII.

555 1974 723 2030 Senes
755 1973 983 2029 libenter
1027 1975 1406 2044 amplexantur
1450 1973 1752 2029 solitarium
1794 1973 2058 2044 gradatim

481 2075 863 2137 comparatum
900 2082 1214 2136 recessum;
1251 2069 1295 2123 si
1332 2068 1496 2123 modo
1529 2069 1673 2138 quis,
1710 2083 1833 2122 cum
1864 2067 1917 2121 in
1950 2083 2060 2123 ete-

482 2161 650 2215 ndbio
692 2160 922 2215 virtutes
960 2161 1282 2229 perfecerit,
1333 2176 1400 2216 eo
1450 2176 1624 2230 usque
1677 2161 1954 2231 pervenit;
2007 2169 2061 2215 et

479 2253 699 2324 quidem
733 2253 976 2330 seipsum
1013 2255 1204 2324 probet
1253 2271 1321 2308 an
1358 2253 1532 2324 possit
1572 2254 1624 2307 in
1677 2269 1895 2308 recessu
1933 2268 2054 2323 pro-

478 2343 662 2419 ficere,
697 2344 781 2400 sin
812 2359 963 2410 vero,
992 2345 1132 2400 haud
1160 2344 1322 2417 447
1363 2346 1566 2410 valens,
1605 2345 1805 2400 virtute
1833 2343 2057 2399 frustre-

479 2449 592 2504 tur,
621 2439 864 2492 reliectat
899 2438 1001 2493 iter
1039 2437 1103 2511 ad
1136 2439 1467 2499 coenobium,
1511 2453 1578 2492 ne
1622 2437 1881 2504 forsitan,
1931 2451 2054 2490 cum

480 2515 873 2599 cogitationum
921 2529 1420 2582 machinationibus
1461 2541 1744 2581 occurrere
1786 2541 1896 2579 non
1939 2541 2060 2596 pos-

481 2619 575 2683 sit,
610 2621 826 2674 excidat
857 2628 1058 2674 mente.
1095 2619 1565 2685 Quemadmodum
1601 2619 1776 2673 vidua:
1823 2619 2055 2688 lugentis

481 2711 738 2767 solatium
774 2720 902 2766 sunt
931 2711 1060 2777 lilii,
1111 2711 1191 2766 sic
1233 2720 1286 2766 et
1338 2711 1555 2772 anilitas,
1591 2726 1712 2780 qua:
1743 2711 2052 2780 deliquerit,

481 2803 804 2866 conSolatio,
831 2801 1044 2858 labores
1079 2812 1227 2864 sunt,
1266 2803 1360 2872 qui
1388 2801 1820 2872 desperationem
1848 2803 2055 2873 c0gita-

483 2896 692 2950 tionum
748 2894 1052 2964 dissipant,
1087 2905 1136 2950 et
1176 2895 1512 2965 poenitentia:
1563 2894 1813 2948 fiduciam
1860 2908 2053 2961 super-

478 2989 772 3054 seminant,
804 2998 856 3042 et
883 2988 1292 3042 misericordias
1321 2986 1522 3042 Christi
1553 2986 1847 3056 publicant,
1881 3000 1944 3039 ac
1969 2985 2053 3038 di-

477 3079 723 3150 vulgant,
749 3089 1065 3149 patrataque
1088 3088 1308 3148 peccata
1331 3079 1701 3149 proscribunt.
1732 3074 1847 3128 Non
1875 3075 2049 3130 solum

476 3183 608 3238 ergo
666 3168 928 3223 debemus
992 3168 1150 3238 'quasi
1199 3183 1265 3222 ex
1318 3165 1715 3222 consuetudine
1771 3164 2050 3218 laboribus

480 3261 796 3316 incumbere
827 3262 1126 3330 operando,
1169 3273 1354 3313 verum
1391 3270 1442 3312 et
1470 3257 1719 3328 prudenti
1749 3256 2047 3326 gratiarum

476 3356 705 3409 actionis
732 3355 934 3418 animo,
987 3367 1054 3406 ne
1099 3351 1267 3405 hocce
1306 3351 1583 3420 sapientiae
1639 3349 1822 3404 studio
1869 3346 2048 3400 anima

479 3447 624 3498 nuda
653 3444 1054 3513 comperiatur;
1083 3441 1128 3495 si
1153 3455 1389 3508 namque
1412 3441 1465 3492 in
1497 3453 1821 3508 unaquaque
1838 3438 2050 3491 actione

478 3537 616 3590 bene
657 3536 904 3588 novimus
937 3546 1083 3597 eum,
1130 3531 1222 3599 qui
1271 3530 1516 3584 laborum
1565 3529 1698 3583 ﬁnes
1745 3525 2045 3598 elargitur,

475 3610 774 3698 gratiarum
821 3623 1035 3679 actione
1087 3622 1457 3693 obsignemus.
1527 3619 1681 3675 Sicut
1734 3632 1925 3688 panem
1979 3617 2048 3670 ah

479 3718 686 3774 infante
718 3717 934 3772 catulus
957 3714 1169 3785 eripere
1198 3713 1510 3777 insidiatur,
1542 3711 1616 3765 ita
1645 3709 1988 3780 prudentiam
2016 3719 2053 3762 τι

476 3808 643 3864 corde
686 3806 943 3870 cogitatio
995 3804 1136 3859 mala
1171 3821 1184 3858 :
1225 3818 1292 3857 ne
1325 3803 1487 3872 igitur
1525 3800 1843 3868 iuveniliter
1872 3799 2048 3868 sapia-

476 3915 620 3965 mus,
648 3897 1052 3952 contrariorum
1083 3909 1308 3964 operum
1355 3902 1568 3948 utentes
1599 3891 1826 3953 malitia,
1875 3897 1933 3942 ut
1977 3888 2046 3942 iis

476 3993 529 4047 itt
561 3992 920 4062 direptionem
946 3988 1182 4042 animam
1211 4003 1317 4040 non
1343 3984 1661 4055 prodamus.
1689 3982 2048 4050 Quemadmo-

474 4084 604 4139 dum
637 4084 918 4138 stellarum
955 4080 1155 4134 chorea
1204 4079 1374 4131 facem
1413 4088 1656 4146 gestans,
1702 4075 2042 4145 splendidum

475 4175 650 4229 reddit
677 4175 900 4238 ctelum,
937 4171 1009 4226 ita
1055 4184 1372 4225 sermonum
1402 4168 1603 4222 veritas
1635 4168 1792 4236 quasi
1837 4165 2046 4233 lampa-

472 4271 591 4321 dem
627 4276 817 4320 tenens
847 4262 1080 4318 nitidum
1125 4262 1288 4317 cilicii.
1325 4260 1625 4314 hominem.
1673 4255 1850 4311 Unum
1882 4255 2045 4323 igitur

470 4359 713 4416 veritatis
738 4358 793 4412 in
828 4355 1012 4426 lingua
1041 4364 1324 4424 portemus
1353 4350 1597 4414 modum,
1629 4348 1752 4417 quia
1779 4347 2045 4401 Dominus

471 4451 776 4508 inhabitare
806 4447 936 4501 facit
979 4447 1144 4500 unius
1189 4443 1358 4496 moris
1401 4441 1454 4494 in
1487 4439 1651 4494 domo
1671 4439 1737 4494 ⁸³.
1771 4436 2045 4504 Quemad-

2167 567 2291 616 ται,
2326 553 2419 603 καὶ
2452 551 2699 622 εὐτελείᾳ
2729 553 2824 622 τὴν
2863 553 3190 604 ταπείνωσιν
3221 554 3572 621 ἀσπάζηται,
3609 554 3744 608 ἀνώ-

2167 659 2325 712 τερος
2382 644 2492 697 τῶν
2545 645 2806 712 ἄντικρυς
2861 643 3050 698 παθῶν
3110 645 3431 714 γενόμενος,
3487 647 3742 699 ἐπέκεινα

2169 734 2406 788 στίλϐειν
2459 739 2579 800 ταῖς
2628 737 2850 806 ἀρεταῖς
2905 737 3328 804 ἐπαγωνίζεται,
3371 738 3470 804 τῆς
3522 738 3740 806 χάριτος

2166 825 2315 896 αύτῷ
2360 828 2452 880 ἐπὶ
2488 828 2667 880 πλεῖον
2713 827 2811 896 τὴν
2844 827 3074 896 δύναμιν
3122 827 3496 896 δωρουμένης.
3528 828 3741 894 Ὥσπερ

2164 919 2213 970 οί
2246 916 2345 980 τὰς
2377 918 2531 987 ῥίζας
2567 918 2662 987 τῆς
2707 918 2810 987 γῆς
2837 918 3120 980 κατιόντες
3153 917 3246 970 τὸν
3283 917 3485 987 χρυσὸν
3515 917 3741 986 ἀνορύτο

2163 1025 2367 1074 τουσιν,
2394 1008 2567 1070 οὕτως
2595 1010 2644 1061 oi
2671 1012 2749 1072 είς
2779 1010 2876 1078 τὴν
2924 1011 3174 1078 χρυσῖτιν
3208 1009 3538 1060 ταπείνωσιν
3572 1026 3739 1060 κατα-

2165 1093 2444 1156 ϐαίνοντες
2482 1093 2685 1166 ἀρετάς
2719 1093 3072 1164 ἀναφέρουσι.
3121 1093 3255 1145 Τότε
3283 1093 3310 1144 ό
3339 1093 3462 1154 νοῦς
3495 1090 3739 1144 ἀναπαύ-

2166 1199 2303 1246 σεως
2337 1183 2676 1249 αίσθάνεται,
2713 1185 2873 1236 ὁπότε
2892 1183 2989 1246 τὰς
3021 1183 3129 1236 τῶν
3163 1181 3351 1235 παθῶν
3393 1181 3568 1243 uitia;
3602 1184 3738 1233 ἀπο-

2162 1275 2370 1343 τεμὼν,
2403 1276 2530 1346 περὶ
2562 1275 2796 1346 θεωρίαν
2825 1276 3149 1345 ὴσχόληται,
3175 1275 3306 1342 πρὶν
3327 1273 3383 1324 δὲ
3404 1273 3504 1342 τῆς
3532 1273 3734 1326 τούτων

2162 1366 2368 1435 κοπῆς,
2401 1366 2568 1419 κόπου
2592 1407 2606 1432 ,
2657 1367 2752 1418 καὶ
2791 1367 3165 1435 ταλαιπωρίας
3214 1365 3639 1428 ἐπαισθάνεται,
3669 1369 3732 1434 τῇ

2160 1458 2269 1512 τῶν
2295 1457 2554 1511 ἐναντίων
2584 1459 2736 1531 μάχῃ
2763 1457 3005 1521 ἀσθενῶς
3034 1457 3500 1528 προσερχόμενος.

2736 1832 2988 1886 ΚΕΦΑΛ.
3030 1833 3154 1886 AB'.

2233 1981 2436 2053 Βαθμῷ
2482 1981 2580 2053 τὴν
2632 1978 2981 2052 ἀναχώρησιν
3035 1982 3330 2052 γινομένην
3377 1980 3426 2032 οί
3477 1963 3737 2050 γέροντες-

2160 2072 2298 2143 ἄγαν
2338 2073 2734 2144 ἀποδέχονται,
2769 2071 2926 2142 εἴπερ
2953 2089 3035 2135 τις
3065 2072 3162 2136 τάς
3201 2076 3256 2126 ἐν
3287 2071 3541 2142 κοινοὸίῳ
3583 2071 3733 2124 τελέ-

2163 2185 2260 2230 σας
2279 2165 2478 2239 ἀρετάς
2503 2167 2582 2228 είς
2608 2163 2768 2218 τοῦτο
2793 2163 3158 2235 παρελήλυθε·
3184 2165 3278 2216 καὶ
3316 2164 3364 2216 εί
3395 2163 3494 2234 μὲν
3519 2162 3733 2215 δύναιτο

2159 2257 2216 2311 ἐν
2247 2259 2312 2327 τῇ
2349 2253 2696 2326 ἀναχωρήσει
2737 2254 3099 2324 προκόπτειν,
3135 2253 3327 2306 ἑαυτὸν
3365 2252 3728 2322 δοκιμαζέτω.

2159 2346 2222 2401 Εἰ
2251 2347 2306 2400 δὲ
2335 2346 2611 2410 ἀδυνάτως
2641 2345 2778 2415 ἔχων
2803 2345 2904 2415 τῆς
2940 2344 3140 2414 ἀρετῆς
3177 2343 3517 2407 ἐλαττοῦται,
3559 2346 3639 2408 εἰς
3673 2344 3733 2396 τό

2163 2439 2427 2493 κοινόῦιον
2463 2437 2888 2507 ἀνακαμπτέτω,
2927 2437 3124 2506 μήπως
3163 2437 3284 2497 ταῖς
3316 2437 3592 2506 μηχαναῖς
3625 2433 3731 2487 τῶν

2157 2530 2430 2602 λογισμῶν
2465 2532 2540 2602 μὴ
2565 2529 2814 2600 δυνηθεὶς
2852 2527 3185 2597 ἀπαντῆσαι,
3213 2527 3321 2580 τῶν
3349 2528 3564 2597 φρενῶν
3597 2528 3732 2580 ἀπο-

2157 2623 2319 2693 πέσῃ.
2338 2622 2549 2691 Ὠσπερ
2579 2623 2754 2691 χήρας
2779 2618 3082 2689 πενθούσης
3110 2618 3460 2689 παραμύθιον
3505 2619 3556 2671 οἱ
3596 2619 3725 2681 uici,

2153 2712 2295 2768 οὕτω
2316 2715 2409 2766 καὶ
2436 2713 2613 2783 ψυχῆς
2633 2713 2942 2782 πταισάσης
2985 2711 3302 2782 παρηγορία
3325 2711 3496 2773 πόνοι,
3530 2711 3729 2773 οἵτινες

2151 2806 2249 2876 τὴν
2275 2805 2584 2873 ἀπόγνωσιν
2613 2804 2719 2857 τῶν
2748 2802 3025 2874 λογισμῶν
3056 2801 3412 2872 σκορπίζουσι
3434 2842 3450 2864 ,
3495 2803 3589 2855 καὶ
3622 2801 3724 2873 τὴν

2152 2881 2335 2946 πίστιν
2385 2893 2485 2964 τῆς
2525 2892 2813 2961 μετανοίας
2853 2892 3310 2962 κατασπείρουσι,
3358 2892 3453 2946 καὶ
3489 2891 3559 2944 τὰ
3598 2891 3721 2962 ὲλέη

2151 2985 2390 3056 Χριστοῦ
2415 2985 2873 3056 ἀνακηρύττουσι,
2911 2985 3006 3038 καὶ
3031 2985 3098 3038 τὰ
3129 2983 3442 3054 πραχθέντα
3469 2983 3722 3054 ἁμαρτή-

2155 3093 2300 3147 ματα
2351 3075 2845 3146 ἀποκηρύττουσιν.
2896 3075 3012 3127 Οὐκ
3055 3075 3343 3144 ὀφείλομεν
3393 3070 3486 3128 οὖν
3533 3074 3608 3136 ὡς
3659 3075 3721 3124 ὲκ

2155 3169 2441 3239 συνηθείας
2478 3169 2637 3240 μόνον
2663 3170 2790 3232 τοὺς
2817 3167 3012 3231 πόνους
3047 3151 3379 3238 ἐρ’γάξεσθαι
3405 3208 3417 3225 ,
3454 3164 3590 3218 ἀλλά
3629 3163 3723 3216 καὶ

2153 3261 2211 3312 ὲν
2241 3259 2454 3312 συνέσει
2485 3260 2860 3329 εὐχαριστίας,
2897 3259 2983 3313 ἴνα
3017 3257 3091 3330 μὴ
3121 3257 3304 3329 γυμνὴ
3339 3256 3439 3326 τῆς
3465 3253 3722 3324 τοιαύτης

2153 3350 2471 3421 φιλοσοφίας
2502 3352 2535 3421 ἡ
2577 3351 2723 3421 ψυχὴ
2763 3351 3070 3421 εὑρίσκοιτο
3092 3368 3105 3381 '
3144 3349 3238 3403 ἐὰν
3266 3351 3375 3422 γάρ
3400 3349 3488 3418 ἐφ’
3517 3349 3718 3418 ἑκάστῃ

2151 3441 2348 3512 πράξει
2382 3441 2640 3511 σύνισμεν
2667 3442 2758 3497 τὸν
2786 3443 2998 3495 διδόντα
3023 3441 3092 3495 τά
3117 3439 3247 3509 τέλη
3279 3441 3386 3494 τῶν
3411 3440 3609 3502 πόνων,
3629 3439 3718 3490 5-3-

2149 3533 2406 3605 χαριστίᾳ
2446 3533 2837 3604 σφραγίξωμεν
2885 3533 3096 3604 Ὥσπερ
3138 3532 3302 3604 ἄρτον
3341 3533 3450 3586 ἀπὸ
3490 3531 3721 3602 βρέφους

2149 3624 2419 3696 ἐνεδρεύει
2444 3623 2648 3690 σκύλαξ
2676 3623 2982 3694 ἐξαρπάσαι
3002 3664 3016 3687 ,
3047 3622 3190 3677 οὕτω
3220 3624 3437 3677 σύνεσιν
3467 3623 3573 3677 ἀπὸ
3597 3639 3721 3692 καρ-

2148 3714 2268 3776 δίας
2303 3712 2560 3784 λογισμὸς
2587 3715 2841 3785 πονηρός.
2874 3715 2964 3785 Μὴ
3007 3713 3100 3767 οὖν
3129 3712 3471 3784 ἐννεάζωμεν
3501 3712 3610 3766 τῶν
3639 3714 3720 3764 ἐν-

2149 3803 2344 3859 αντίων
2384 3803 2560 3875 ἔργων
2607 3805 2674 3874 τῇ
2723 3804 2894 3875 κακίᾳ
2937 3803 3230 3874 χρώμενοι,
3273 3803 3360 3856 ἵνα
3409 3801 3484 3872 μὴ
3524 3801 3603 3863 είς
3643 3799 3718 3852 δι-

2148 3897 2406 3967 αρπαγὴν
2433 3897 2645 3959 τούτοις
2672 3896 2772 3966 τὴν
2806 3897 2985 3966 ψυχὴν
3017 3894 3477 3967 προεκδώσωμεν.
3509 3894 3714 3961 Ὠσπερ

2147 3991 2181 4059 ἡ
2213 3988 2320 4042 τῶν
2359 3987 2605 4064 ἀστέρων
2648 3988 2839 4060 χορεία
2878 3987 3213 4059 δᾳδουχοῦσά
3291 3988 3578 4057 φαιδρύνει
3633 3984 3715 4036 τὸν

2146 4080 2398 4151 οὐρανὸν,
2426 4080 2600 4145 οὕτως
2633 4083 2666 4150 ἡ
2699 4081 2809 4133 τῶν
2840 4081 3102 4152 ῥημάτων
3136 4079 3370 4149 ἀλήθεια
3407 4077 3718 4146 λαμπαδου·

2147 4171 2318 4241 χοῦσα
2349 4171 2632 4242 φαιδρύνει
2662 4171 2754 4224 τὸν
2787 4170 3094 4242 ἄνθρωπον.
3133 4170 3269 4222 Ἕνα
3317 4165 3410 4222 οὖν
3445 4172 3546 4239 τῆς
3595 4170 3719 4236 ἐλη-

2148 4262 2298 4326 θείας
2332 4264 2534 4333 τρόπον
2564 4262 2658 4315 ἐπὶ
2691 4261 2939 4332 γλώττης
2979 4259 3373 4331 βαστάζωμεν,
3404 4260 3488 4312 ὅτι
3519 4259 3718 4330 Κύριος

2147 4353 2450 4418 κατοικίζει
2488 4353 2854 4424 μονοτρόπους
2885 4353 2945 4404 ἐν
2983 4352 3137 4422 οἴκῳ.
3184 4351 3398 4420 ’Ὠσπερ
3445 4350 3719 4421 ἀστραπαὶ

2150 4443 2382 4515 σφοδραὶ
2408 4441 2800 4514 προσπηδῶσαι
2823 4480 2838 4504 ,
2870 4441 3252 4511 προμηνύουσι
3297 4438 3553 4510 βροντὴν.
3581 4438 3717 4490 οὕτω

471 4544 690 4597 modum
727 4534 1066 4593 vehementia
1094 4531 1395 4587 assilientia
1429 4529 1646 4600 fulgura
1673 4528 1878 4583 tonitru
1905 4541 2042 4596 pra)-

2153 4537 2240 4590 καὶ
2268 4536 2457 4606 ῥήσεις
2487 4533 2737 4604 ἀκριϐεῖς
2767 4532 3115 4604 προσιοῦσαι,
3158 4533 3598 4602 προσημαίνουσι
3636 4530 3718 4582 πί-

466 4636 713 4704 signant,
765 4631 846 4684 sic
895 4639 952 4709 et
999 4625 1155 4696 plena
1204 4623 1460 4694 iustaque
1507 4619 1821 4676 accedentia
1874 4619 2036 4682 dicta,

466 4728 627 4782 tidem
658 4722 1044 4793 praenuntiant.
1079 4716 1293 4771 Fideles
1319 4715 1485 4782 igitur
1517 4714 1729 4769 veritati
1774 4725 1896 4766 esse
1925 4719 2039 4763 stu-

464 4823 726 4884 deamus,
775 4824 834 4870 ut
886 4813 955 4868 ad
1000 4813 1261 4866 virtutum
1318 4806 1660 4875 metropolim
1715 4803 2036 4859 charitatem

463 4909 899 4983 progrediamur.
928 4903 1082 4961 Sicut
1110 4905 1193 4958 sol
1219 4901 1338 4956 auri
1372 4899 1424 4954 in
1451 4899 1674 4952 modum
1702 4893 2038 4965 splendenti-

464 5007 568 5062 bus
591 5004 761 5060 radiis
793 5001 893 5055 toti
935 4997 1140 5054 arridet
1169 5007 1443 5052 terrarum
1481 4990 1622 5054 orbi,
1657 4991 1728 5043 ita
1765 4985 2038 5041 rutilanti-

463 5098 565 5151 bus
603 5093 912 5151 actionibus
951 5091 1155 5145 veritas
1193 5086 1340 5140 omni
1404 5083 1600 5136 animae
1635 5079 1947 5149 perlaetatur
1983 5083 2038 5131 et

463 5189 910 5258 congratulalur;
962 5199 1125 5256 quam
1176 5180 1220 5234 si
1278 5176 1697 5235 obtinuerimus,
1755 5170 2036 5240 passiones

460 5281 629 5354 448
658 5280 1040 5343 exstinximus,
1087 5286 1141 5332 et
1185 5274 1252 5328 ad
1302 5273 1470 5326 ctefos
1522 5284 1696 5338 usque
1736 5267 2036 5322 illuximus.

463 5375 691 5424 Omnem
729 5369 937 5424 subibis
965 5367 1226 5428 laborem,
1261 5365 1432 5415 donec
1467 5372 1711 5414 sanctam
1752 5369 2038 5425 compares

463 5463 819 5524 rharitatem;
883 5459 1031 5528 quia,
1063 5458 1284 5511 absente
1328 5453 1451 5521 ista,
1504 5450 1638 5504 nihil
1687 5449 2035 5518 praesentium

467 5554 685 5624 prodest
713 5572 724 5605 :
757 5552 959 5607 etenim
1013 5551 1090 5604 ita
1124 5548 1346 5612 ferocit,
1379 5556 1428 5600 et
1476 5552 1798 5614 asperantur
1830 5556 2034 5606 mores,

538 5734 582 5765 ⁵³
617 5732 759 5784 l‘sal.
781 5749 794 5754 ί
815 5746 980 5789 una,
1037 5732 1087 5783 ἲ.

2147 4645 2284 4684 στιν.
2322 4629 2515 4682 Πιστοὶ
2546 4627 2639 4682 οὖν
2669 4621 2812 4679 εῖναι
2836 4627 2902 4696 τῇ
2928 4623 3156 4695 ἀληθείᾳ
3187 4623 3605 4692 σπουδάσωμεν,
3636 4622 3721 4673 ἵνα

2145 4723 2240 4775 καὶ
2286 4724 2366 4784 είς
2398 4721 2499 4792 τὴν
2552 4719 2887 4790 μητρόπολιν
2937 4716 3046 4770 τῶν
3098 4715 3312 4786 ἀρετῶν
3356 4714 3456 4785 τὴν
3502 4715 3721 4780 ἀγάπην

2146 4813 2535 4884 προκόψωμεν.
2594 4813 2681 4876 Ὠς
2729 4811 2880 4882 ἥλιος
2929 4811 3050 4872 ταῖς
3101 4805 3468 4878 χρυσαυγέσιν
3510 4805 3724 4860 ἀκτίσιν

2146 4905 2332 4976 ἁπάσῃ
2361 4903 2691 4975 προσμειδιᾷ
2717 4905 2783 4974 τῇ
2814 4904 2909 4972 γῇ,
2937 4899 3110 4963 οὕτως
3139 4899 3327 4967 ἀγάπη
3353 4899 3476 4959 ταῖς
3505 4913 3724 4966 φωταυ-

2144 4996 2266 5064 γὲσι
2304 4994 2564 5066 πράξεσιν
2609 4995 2798 5066 ἁπάσῃ
2839 4991 3164 5062 προσχαίρει
3197 4989 3377 5059 ψυχῇ⁰
3409 4989 3590 5058 ηνπερ
3628 4988 3722 5040 ἐὰν

2145 5087 2536 5154 κατάσχωμεν,
2572 5083 2815 5154 τὰπάθη
2848 5082 3177 5153 ἐσϐέσαμεν,
3213 5079 3310 5134 καὶ
3339 5080 3421 5142 είς
3460 5079 3724 5149 οὐρανοὺς

2145 5176 2490 5246 ὲλάμψαμεν.
2523 5177 2777 5228 Ἀπαντα
2815 5175 2976 5228 πόνον
3017 5175 3265 5243 ποιήσεις
3298 5171 3406 5235 ἕως
3436 5171 3536 5241 τῆς
3573 5168 3730 5230 ὁσίας

2147 5270 2368 5338 ἀγάπης
2397 5269 2678 5341 ἐπιτεύξῃ,
2709 5270 2811 5335 ὅτι,
2841 5268 3046 5338 ταύτης
3081 5265 3329 5335 ἀπούσης
3349 5305 3364 5328 ,
3396 5263 3593 5331 ὄφελος
3619 5261 3728 5314 τῶν

2145 5362 2430 5429 παρόντων
2460 5362 2632 5414 οὐδέν.
2666 5361 2775 5412 Καὶ
2803 5359 2911 5428 γὰρ
2934 5358 3071 5430 ὀργὴ
3096 5356 3462 5424 ἀγριαίνεται,
3501 5355 3597 5407 καὶ
3620 5353 3726 5422 ἤθη

2145 5452 2533 5522 χαλεπαίνεται
2558 5492 2572 5517 ,
2611 5452 2760 5506 πόνοι
2798 5450 3186 5520 ἁπονοούμενοι
3233 5450 3298 5519 τῇ
3341 5447 3470 5516 δόξῃ
3520 5445 3730 5514 συμμίο

2144 5561 2388 5613 γνυνται.
2417 5545 2516 5599 Διά
2548 5543 2726 5614 ψυχῆς
2750 5543 3083 5596 ταπείνωσιν
3108 5537 3273 5592 Δαϐὶδ
3305 5537 3446 5607 μετὰ
3483 5532 3726 5596 πένθους
