4046 6152
419 293 551 362 113⁵1

414 410 728 478 ἑνήστευσε,
799 406 895 460 καὶ
957 407 1118 475 ἡμεῖς

411 490 859 567 ταπείνὼσωμεν.

984 778 1241 833 ΚΕΦΔΛ.
1283 779 1405 832 AI".

493 869 551 923 Ὁ
582 871 697 932 τοῖς
734 870 1071 936 σωματικοῖς
1116 869 1300 932 πόνοις
1326 869 1680 943 τραχυτέρως
1706 872 1980 942 ἀσκούμε-

408 978 526 1024 νος,
568 959 699 1029 μηδὲ
725 958 934 1029 ἐπαίνῳ
965 958 1305 1027 ὲργαζέσθω,
1326 962 1461 1032 μήτε
1482 960 1611 1035 δόξῃ
1640 964 1975 1035 ἑπαιρέσθω·

407 1051 457 1101 si
477 1049 586 1118 γὰρ
611 1048 671 1099 ἐν
692 1047 907 1110 τούτοις
937 1050 987 1102 οί
1016 1048 1270 1119 δαίμονες
1292 1049 1638 1120 όφρυώσουσι
1656 1053 1759 1124 τὴν
1776 1053 1974 1126 ψυχὴν·

407 1139 502 1193 καὶ
542 1141 644 1209 τὴν
673 1139 996 1209 τραχύτητα
1021 1178 1035 1202 ,
1067 1141 1163 1194 κα.)⁸
1190 1140 1292 1210 τὴν
1322 1141 1557 1211 ἄσκησιν
1585 1140 1686 1195 τοῦ
1722 1142 1977 1211 σώματος

404 1229 747 1297 ἔνισχύσουσι
776 1230 851 1299 τῇ
874 1229 1032 1299 δόξῃ,
1081 1229 1176 1282 καὶ
1203 1229 1467 1298 μειζόνων
1495 1230 1838 1298 ὲφάπτεσθαι
1874 1233 1977 1286 πό-

405 1337 512 1373 νων
545 1318 964 1389 ὲφελκύσουσιν,
991 1319 1069 1383 ὡς
1096 1319 1185 1373 ἱνα
1218 1320 1315 1374 καὶ
1360 1320 1627 1391 μειζόνως
1656 1321 1973 1391 ὲπαίρηταιο

405 1403 724 1458 σ·.ιλλαλοῦσι
744 1404 854 1475 γὰρ
881 1405 1086 1460 ἔσωθεν
1110 1405 1201 1460 διά
1226 1406 1337 1460 τῶν
1365 1408 1642 1479 λογισμῶν
1666 1410 1975 1471 nassum-

403 1509 497 1556 τες
520 1493 714 1559 ταῦτα,
748 1495 830 1547 ὅτι
860 1493 1060 1558 Καθὼς
1091 1497 1119 1548 ὁ
1146 1495 1295 1549 δεῖνα
1324 1496 1971 1573 ἀποσκλήρωςάσκήσσς,

404 1583 553 1639 καὶό
581 1584 725 1637 δεῖνα
757 1583 1008 1654 μεγάλως
1037 1585 1331 1656 ὠνομάσθη
1354 1628 1374 1653 ,
1403 1591 1499 1643 καὶ
1543 1589 1719 1645 θανὼν
1756 1592 1837 1646 ἔτι
1881 1593 1976 1648 λα-

1521 288 1961 353 TRACTATUS
1999 291 2111 357 AD.
2137 292 2384 354 EULOG
2398 294 2417 353 I
2428 295 2567 357 ΠΜ.

1177 403 1264 459 διὰ
1330 402 1589 475 νηστείας
1642 402 1742 473 τὴν
1802 399 1971 471 ψυχὴν

2078 409 2133 455 et
2154 400 2529 458 admiscentur
2550 401 2739 474 gloriae
2771 401 2990 457 labores
3014 398 3482 468 vesanaquadam
3519 401 3645 455 elati

3513 282 3649 352 1138

2086 490 2397 559 insolentia.
2427 495 2658 563 Propter
2680 494 2880 550 animm
2902 492 3288 549 demissionem
3326 490 3493 546 David
3522 504 3647 546 eum

2085 582 2232 636 luetn
2257 581 2574 651 jejunabat;
2609 600 2712 640 nos
2740 599 2958 655 quoque
2985 598 3080 654 per
3105 581 3372 653 jejunium
3409 580 3649 637 animam

2084 671 2457 729 humiliemus.

2297 838 2302 843 .
2613 782 2842 839 CAPUT
2879 780 3118 837 XXXI“.

2150 872 2255 940 Qui
2299 873 2675 943 corporalibus
2728 874 3013 929 laboribus
3056 871 3303 943 asperius
3343 879 3648 937 exercetur,

2032 1012 2035 1019 .
2080 980 2180 1021 nec
2214 974 2434 1035 propter
2462 965 2675 1020 laudem
2708 973 2983 1034 operetur,
3022 980 3135 1021 nec
3162 966 3235 1020 ob
3266 965 3491 1036 gloriam
3524 963 3654 1021 elle-

2079 1063 2251 1109 ratur.
2283 1055 2508 1110 Sienim
2537 1057 2593 1109 in
2623 1054 2709 1110 his
2746 1054 3023 1110 daemones
3060 1055 3296 1110 animum
3338 1055 3528 1127 grandi
3571 1064 3654 1110 tu-

2080 1158 2229 1200 mere
2286 1144 2488 1200 faciant
2534 1145 2856 1216 supercilio,
2919 1154 3032 1200 tum
3094 1145 3438 1217 asperitatem
3466 1186 3482 1213 ,
3535 1156 3650 1203 tum

2079 1237 2328 1306 corporis
2353 1238 2796 1294 exercitationem
2819 1238 2991 1309 gloria
3020 1237 3447 1294 corroborabunt
3474 1257 3491 1307 ;
3540 1239 3651 1293 imo

2077 1329 2145 1383 ad
2173 1329 2410 1399 majores
2439 1329 2811 1400 suscipiendos
2850 1331 3122 1386 attrabent
3156 1330 3401 1393 labores,
3434 1338 3495 1385 ut
3535 1347 3650 1386 ma-

2073 1419 2247 1489 jorem
2308 1421 2473 1477 etiam
2518 1422 2577 1476 in
2633 1422 2853 1477 modum
2900 1422 3209 1491 superbiat;
3266 1421 3650 1491 colloquuntur

2068 1527 2313 1582 namque
2337 1513 2567 1570 interius
2592 1527 2686 1584 per
2708 1515 3071 1585 cogitationes
3107 1514 3236 1569 talia
3262 1512 3644 1579 immittentes;

2076 1604 2534 1673 quod'nimirum,
2581 1607 2724 1662 sicut
2763 1607 2885 1662 talis
2916 1621 2981 1662 ac
3005 1605 3150 1673 talis,
3178 1606 3268 1677 qui
3297 1607 3505 1661 duriter
3527 1622 3648 1663 sese

401 1671 577 1726 λεῖται
597 1714 612 1735 ,
649 1674 791 1728 οὕτω
842 1675 935 1729 καὶ
977 1675 1139 1741 αὐτὸς
1184 1679 1264 1743 είς
1294 1679 1593 1750 ἀκρότατον
1618 1683 1971 1755 ὲπασκήσεως

403 1763 634 1792 &..AR-A.
685 1763 817 1792 Fui.--
910 1765 994 1792 9....
1037 1766 1191 1792 ιιι-..
1242 1770 1413 1792 -..μ-,ιε
1466 1788 1649 1792 _-__,A
1695 1775 1707 1792 ι
1770 1790 1781 1792 Α
1952 1777 1966 1792 ι

2077 1671 2345 1762 exercuit,
2395 1697 2681 1767 magnifice
2739 1699 3062 1753 decantatus
3118 1671 3235 1763 est,
3290 1704 3345 1752 et
3398 1708 3648 1754 mortuus

401 1763 637 1834 ἀνάϐηθι
685 1763 853 1834 ὕψος,
910 1765 997 1820 ἵνα
1034 1766 1192 1831 δόξαν
1238 1770 1418 1840 σαυτῷ
1460 1775 1829 1846 περιποιήσῃ,

405 1854 554 1922 μέγα
587 1870 680 1909 σου
707 1855 769 1909 τὸ
789 1855 962 1927 ὄνομα
984 1857 1204 1930 ἐξέλθῃ,
1224 1861 1316 1913 ἐπὶ
1348 1861 1426 1932 τῷ
1452 1862 1545 1916 καὶ
1578 1846 1717 1934 μετά
1746 1866 1977 1923 θάνατον

401 1945 855 2015 ὑπερϐαλλόντως
887 1948 1189 2003 λαλεῖσθαι.
1224 1951 1321 2004 Διά
1342 1952 1406 2021 δὴ
1429 1955 1538 2007 τῶν
1565 1954 1740 2022 οὕτως
1765 1959 1976 2032 ἀπατη-

402 2038 607 2093 θέντων
629 2077 644 2101 ,
688 2039 750 2092 οὐ
787 2040 947 2110 μόνον
981 2045 1094 2106 τοῖς
1146 2047 1483 2113 σωματικοῖς
1536 2065 1631 2102 σου
1679 2050 1976 2122 πολεμοῦσι

401 2129 623 2192 πόνοις,
655 2130 794 2185 ἀλλὰ
833 2132 926 2186 καὶ
976 2134 1179 2203 μᾶλλον
1216 2137 1297 2200 είς
1331 2139 1654 2208 συμμαχίαν
1696 2142 1974 2212 καλοῦσιν,

401 2216 490 2268 ὅτι
517 2217 584 2270 δι’
616 2220 796 2274 αὐτῶν
825 2223 884 2275 ὲν
911 2226 1024 2287 τοῖς
1056 2227 1460 2297 χαλεπωτέροις
1489 2228 1727 2298 ψαύουσι
1749 2233 1847 2305 τὴν
1873 2234 1976 2304 ψυ-

404 2309 535 2375 χὴν,
569 2311 662 2364 καὶ
694 2312 804 2382 γὰρ
827 2313 1227 2384 ἑνθρονίζουσιν
1254 2318 1437 2383 αὐτὸν,
1469 2320 1563 2374 καὶ
1593 2323 1673 2386 είς
1707 2323 1798 2377 τὸν
1828 2325 1974 2379 διδα-

405 2397 669 2452 σκαλικὸν
724 2399 981 2472 ὲξυψοῦσι
1006 2403 1199 2474 λόγον,
1265 2407 1353 2462 ἵνα
1410 2409 1487 2473 ὠς
1542 2410 1609 2464 ὲκ
1657 2412 1850 2467 τούτου
1907 2415 1993 2477 τὰ,

404 2490 604 2558 πρῶτα
643 2491 751 2545 τῶν
783 2497 1166 2564 μεγαλοπόνων
1205 2515 1265 2552 τε
1321 2502 1417 2554 καὶ
1456 2503 1779 2570 γνωστικῶν
1830 2506 1976 2578 ἔχειν

404 2579 745 2652 εύφημισθῇ.
781 2584 987 2656 Ζηλοῦν
1012 2586 1068 2640 δὲ
1097 2588 1438 2669 καὶθφθονεϊν
1479 2593 1826 2667 είσΰάλλουσι
1864 2602 1978 2665 τοῖς

405 2670 500 2723 ἐπὶ
537 2673 957 2745 κατορθώμασιν
982 2678 1440 2750 εὐφημουμένοις,
1464 2685 1562 2737 καὶ
1589 2677 1665 2740 ὧν
1686 2686 1973 2762 θαυμαστὴ

406 2763 612 2831 μᾶλλον
640 2765 679 2834 ἡ
704 2768 902 2835 πρᾶξις
926 2808 941 2833 ,
980 2768 1073 2821 καὶ⁹
1105 2768 1304 2836 γνῶσις
1346 2775 1575 2845 γειτνιᾷ.
1611 2776 1765 2829 Ἐσθ’
1795 2778 1884 2831 ὅτε
1920 2779 1981 2832 δὲ

403 2854 500 2906 καὶ
548 2855 645 2922 τῆς
688 2857 889 2926 σαρκὸς
937 2859 1100 2912 αὐτοῦ
1139 2859 1240 2932 τὴν
1281 2861 1529 2935 πύρωσιν
1561 2865 1977 2938 ἀποκοιμίζουσι

402 2943 639 3014 δολερῶς
688 2947 816 3010 τοὺς
849 2948 1530 3025 ἀκαθάρτουςλογισμοὺς
1560 2957 1627 3011 ἑκ
1666 2957 1779 3012 τῶν
1825 2961 1976 3025 ἐντὸς

2076 1787 2239 1843 etiam
2271 1790 2598 1854 celebratur,
2627 1792 2707 1844 sic
2729 1799 2783 1844 ct
2806 1797 2861 1843 tu
2888 1789 3004 1858 ipse
3031 1786 3098 1842 ad
3132 1803 3402 1842 summam
3434 1791 3648 1844 exerci-

2078 1879 2332 1934 tationem
2375 1880 2608 1935 ascende
2634 1920 2650 1944 ,
2715 1888 2777 1934 ut
2823 1879 3035 1935 tibimet
3077 1878 3303 1948 gloriam
3353 1879 3606 1949 acquiras
3631 1920 3647 1945 ,

2077 1985 2445 2040 magnumque
2473 1971 2541 2027 de
2569 1980 2624 2027 te
2672 1985 2871 2025 nomen
2923 1969 3249 2040 divulgetur,
3308 1970 3436 2025 dum
3484 1970 3649 2043 etiam

2079 2070 2202 2132 post
2245 2070 2474 2117 mortem
2517 2076 2683 2132 supra
2714 2062 2938 2116 modum
2977 2060 3360 2117 celebraberis.
3410 2061 3515 2117 Per
3549 2048 3650 2117 bas

2077 2153 2327 2224 equidem
2380 2154 2635 2222 deceptas
2682 2153 3078 2224 cogitationes,
3135 2167 3243 2206 non
3298 2152 3476 2208 solum
3527 2160 3648 2209 tuos

2077 2244 2393 2315 oppugnant
2418 2244 2866 2311 laboresnerum
2898 2243 3062 2298 etiam
3092 2242 3148 2296 in
3182 2243 3515 2313 adjutorium
3550 2244 3646 2298 ad-

2076 2332 2293 2400 vocant,
2327 2335 2448 2404 quia
2504 2350 2601 2406 per
2650 2322 2798 2406 ipsos
2848 2334 2904 2390 in
2959 2336 3366 2391 molestioribus
3409 2337 3645 2392 animam

2077 2433 2305 2496 tangunt
2336 2446 2350 2481 :
2380 2427 2556 2496 ipsum
2597 2427 2741 2482 enim
2789 2429 2844 2482 in
2891 2428 3089 2482 throno
3136 2427 3427 2490 collocant,
3471 2426 3649 2497 adque

2078 2521 2445 2591 magistralem
2494 2521 2764 2576 extollunt
2804 2536 3135 2582 sermonem.
3166 2529 3228 2577 ut
3271 2523 3409 2578 bene
3435 2523 3648 2578 omine-

2080 2620 2190 2675 tur,
2216 2612 2365 2666 velut
2411 2610 2520 2678 ille,
2572 2612 2667 2681 qui
2718 2612 2790 2667 ob
2816 2612 2918 2668 hoc
2965 2612 3170 2682 primas
3208 2613 3418 2690 obtinet
3465 2621 3648 2683 partes

2077 2716 2288 2767 eorum,
2323 2702 2416 2771 qui
2452 2717 2800 2772 summopere
2842 2702 3128 2768 laboriosi,
3177 2704 3667 2775 cognoscendique-

2078 2800 2205 2846 sunt
2236 2791 2444 2860 praediti
2476 2791 2747 2847 facultate.
2767 2792 2909 2860 Quin
2939 2792 3115 2848 eidem
3143 2793 3445 2849 immittunt
3475 2810 3646 2850 aemu-

2075 2880 2200 2947 lari,
2227 2880 2395 2955 M9
2433 2884 2742 2964 suadentes,
2793 2898 2857 2940 ac
2898 2885 3143 2942 invidere
3190 2886 3258 2942 iis
3287 2887 3380 2957 qui
3427 2897 3649 2957 propter

2077 2974 2323 3043 facinora
2349 2984 2497 3032 recte
2526 2985 2738 3048 patrata
2784 2977 2975 3033 faustis
2999 2979 3138 3034 votis
3161 2988 3214 3033 et
3238 2979 3649 3034 acclamationi-

402 3034 813 3103 ἐκτοπίζοντες,
844 3038 920 3101 ὡς
954 3039 1039 3093 ἵνα
1078 3043 1306 3116 νομισθῇ
1342 3045 1404 3099 τὸ
1444 3047 1667 3119 πνεῦμα
1703 3051 1803 3118 τῆς
1842 3054 1971 3123 πορ-

2076 3066 2182 3121 bns
2234 3067 2599 3136 excipiuntur,
2649 3054 2825 3136 iisque
2863 3082 3095 3136 quorum
3151 3070 3298 3123 actio
3348 3068 3657 3123 mirabilior

400 3125 551 3185 νείας
574 3129 640 3196 τῇ
682 3127 982 3201 κληρουχίᾳ
1020 3135 1390 3204 νενικηκέναι,
1418 3139 1514 3191 καὶ
1542 3138 1685 3192 κατά
1705 3141 1807 3213 τὴν
1830 3140 1972 3211 λαμ-

401 3217 657 3286 πρότητα
683 3220 793 3273 τῶν
829 3223 1001 3290 ἁγίων
1032 3225 1133 3294 τὴν
1162 3227 1391 3297 καρδίαν
1431 3230 1735 3299 ήγνικέναι,
1769 3232 1862 3286 καὶ
1891 3234 1971 3297 είς

398 3307 494 3378 τὴν
526 3308 627 3375 τῆς
653 3311 964 3385 ἁγιωσύνης
992 3315 1158 3385 ἁψῖδα
1194 3317 1613 3391 ἀναϐεϐηκέναι.
1650 3321 1786 3393 Περὶ
1814 3324 1870 3377 δὲ
1897 3318 1972 3379 ὧν

399 3415 479 3463 τε,
508 3401 607 3453 καὶ
637 3394 711 3455 ῶν
740 3405 1014 3476 ἀπέσχετο
1043 3407 1369 3480 βρωμάτων,
1399 3411 1495 3464 καὶ
1529 3415 1816 3467 συναπτῶν
1846 3416 1969 3471 dot-5

400 3490 531 3543 τιῶν
553 3494 972 3565 ἐπιψηφίζουσιν
998 3501 1147 3569 αὐτῷ
1169 3502 1294 3565 τοὺς
1317 3503 1542 3572 χρόνους
1563 3505 1622 3558 ὲν
1651 3502 1733 3568 οἷς
1763 3507 1969 3574 ὀφείλει

401 3582 477 3644 ὡς
510 3584 765 3654 ἀριστεὺς
797 3590 1195 3661 ὲγκαυχᾶσθαι,
1247 3594 1339 3645 καὶ
1368 3595 1470 3664 τῆς
1500 3596 1858 3667 ἀδελφότητπ
1894 3600 1970 3663 ὼς

403 3673 660 3739 εὐτελοῦς
740 3682 1202 3752 κατεπαίρεσθαι·
1272 3682 1417 3737 οὕτω
1484 3684 1542 3738 δὲ
1601 3686 1969 3759 ικδιηγείσθαι

402 3763 646 3820 ποιοῦσιν
680 3770 840 3827 αὑτὸν
868 3774 992 3835 τοὺς
1014 3775 1234 3841 ἀγῶνας
1259 3774 1336 3838 ὡς
1369 3775 1434 3828 ἐκ
1466 3775 1635 3846 μόνης
1663 3778 1766 3845 τῆς
1804 3779 1967 3833 αὐτοῦ

402 3864 582 3932 ἰσχύος
647 3863 1128 3935 κατορθωθέντας,
1183 3865 1265 3918 ὅτι
1323 3864 1587 3935 Ἐποίησα
1651 3869 1814 3932 τάδε,
1875 3873 1969 3924 καὶ

398 3955 617 4025 ἧσκησα
664 3954 904 4020 τοιῶσδε,
947 3956 1041 4009 καὶ
1087 3955 1489 4027 ἑκακουχήθην,
1530 3958 1969 4030 ἀποστομοῶτες

400 4045 480 4099 ἔτι
508 4044 665 4098 τοῦτο
693 4045 894 4113 λέγειν,
922 4047 1035 4100 Οὐκ
1059 4044 1171 4114 εγὼ
1193 4046 1272 4112 δὶ,
1289 4046 1403 4098 ἀλλ’
1429 4048 1463 4117 ή
1488 4049 1546 4102 ὲν
1572 4050 1698 4119 ἐμοὶ
1721 4050 1966 4122 βοήθεια.

400 4134 532 4187 Θεὸν
554 4134 663 4202 γάρ
688 4132 888 4203 βοηθὸν
906 4136 991 4203 ἐφ’
1021 4130 1102 4197 οἷς
1137 4135 1503 4206 μεγαλαυχεῖν
1532 4138 1696 4191 αὐτὸν
1724 4141 1969 4196 ποιοῦσιν

401 4223 686 4294 ὁμολογεῖν
715 4224 816 4279 οὐκ
838 4224 1020 4289 ἐῶσιν,
1045 4224 1131 4277 ἵνα
1160 4225 1236 4288 ὡς
1265 4226 1324 4293 ἐξ
1355 4229 1564 4293 οἰκείας
1592 4229 1758 4300 δῆθεν
1785 4233 1967 4303 ἰσχύος

398 4316 460 4369 τὸ
506 4318 615 4374 πᾶν
660 4315 769 4368 τῶν
815 4314 1040 4383 ἀγώνων
1086 4317 1333 4385 τελέσας,
1380 4322 1508 4384 τοὺς
1551 4322 1808 4389 ἐπαίνους
1860 4327 1967 4381 τῶν

2076 3166 2160 3212 est
2188 3164 2242 3211 et
2265 3156 2463 3216 vicina,
2493 3170 2558 3211 ac
2582 3156 2775 3212 similis
2806 3156 3092 3225 sapientia.
3125 3157 3460 3225 Quandoque
3482 3156 3644 3210 etiam

2077 3247 2338 3317 contingit
2363 3256 2421 3301 ut
2436 3246 2617 3300 carnis
2637 3247 2885 3301 ardorem
2912 3247 3283 3302 fraudulenter
3300 3248 3643 3317 consopiant,

2076 3352 2140 3391 ex
2198 3337 2551 3391 interioribus
2599 3338 2845 3406 impurae
2890 3337 3217 3392 submovent
3252 3337 3643 3407 cogitationes,

2077 3435 2137 3481 ut
2184 3433 2336 3497 putet
2371 3425 2496 3495 quis
2529 3425 2776 3493 corporis
2826 3441 3020 3495 aspera
3071 3426 3396 3481 tractatione
3429 3440 3489 3481 se
3529 3426 3644 3496 jam

2005 3563 2010 3566 .
2076 3513 2325 3581 spiritum
2357 3513 2712 3568 scortationis
2728 3513 3020 3579 devicisse,
3038 3514 3302 3585 juxtaque
3329 3526 3643 3571 sanctorum

2075 3604 2339 3674 fulgorem
2394 3620 2491 3661 eor
2543 3605 2821 3675 expiatum
2866 3605 3201 3674 reddidisse,
3257 3618 3310 3663 et
3362 3622 3551 3679 usque,
3577 3608 3644 3662 ad

2074 3696 2378 3751 sanctitatis
2431 3694 2705 3765 fastigium
2756 3697 3095 3753 accendisse.
3153 3697 3226 3751 De
3274 3698 3414 3755 cibis
3462 3708 3643 3759 autem

2074 3784 2273 3853 quibus
2299 3784 2581 3848 abstinuit,
2621 3785 2969 3855 assiduisque
3007 3786 3238 3856 jejuniis
3290 3789 3646 3850 suoaconiir-

2074 3883 2227 3929 mant
2257 3890 2434 3930 annos
2466 3876 2750 3942 snﬂ‘ragio,
2776 3876 2842 3929 de
2868 3876 3459 3945 quibus,debet,,velut
3482 3882 3528 3939 is
3549 3880 3643 3952 qui

2073 3966 2525 4035 praestantissime
2577 3981 2697 4021 sese
2743 3967 3221 4037 gessittglorinri,
3272 3978 3337 4022 et
3379 3970 3643 4029 adversus

2074 4056 2468 4110 fraternitatem
2497 4057 2573 4110 uti
2607 4056 2768 4110 vilem
2795 4054 3011 4121 emet-ri;
3045 4057 3223 4115 taliter.
3251 4067 3431 4117 autem
3446 4061 3641 4130 ipsum

2072 4160 2333 4203 enarrare
2362 4143 2572 4200 faciunt
2600 4145 2922 4208 certamina,
2955 4160 3018 4201 ac
3052 4146 3096 4200 si
3129 4163 3193 4202 ex
3238 4148 3353 4204 sola
3395 4152 3477 4205 sui
3511 4167 3642 4223 pro-

2073 4253 2230 4309 spere
2266 4238 2506 4307 perfecta
2546 4245 2743 4294 essent
2776 4237 2982 4292 virtute
3011 4257 3025 4293 :
3062 4240 3333 4299 nimirum.
3369 4241 3494 4297 talia
3542 4225 3642 4315 ego

2066 4330 2316 4400 patravi,
2369 4331 2581 4400 talique
2625 4329 3015 4386 exercitatione
3064 4346 3186 4387 sum
3226 4347 3380 4398 usus,
3443 4348 3506 4388 ac
3548 4335 3641 4397 tali

395 4406 571 4459 ἄθλων
610 4405 919 4476 ὁλοκλήρως
946 4409 1200 4478 ἀπαιτοίη
1223 4450 1237 4470 ,
1286 4411 1436 4475 ὅπως
1504 4414 1597 4467 καὶ
1625 4416 1707 4478 είς
1739 4416 1830 4469 τὸν
1867 4421 1965 4491 τῆς

2075 4398 2238 4478 modo
2266 4398 2533 4492 meipsum
2566 4421 2709 4476 male
2736 4426 3005 4488 tractavi;
3047 4437 3112 4479 os
3143 4423 3308 4478 etiam
3351 4425 3644 4487 occluden-

395 4497 745 4567 βλασφημίας
796 4497 955 4567 βυθὸν
1002 4499 1340 4572 ποντωθείη,
1393 4502 1726 4576 αὐτοσόηθον
1772 4509 1965 4568 ἑαυτὸν

2074 4528 2186 4582 tes,
2223 4532 2290 4572 ne
2328 4517 2431 4571 hoc
2470 4515 2636 4580 dicat,
2683 4515 2933 4571 videlicet
2983 4531 3090 4572 non
3141 4532 3245 4588 ego
3293 4518 3515 4584 sbiumt
3548 4519 3639 4579 sed

394 4588 806 4659 ἀνεπαισθήτως
840 4591 1261 4661 παρεμφαίνων.

2072 4589 2358 4670 auxilium,
2391 4605 2537 4675 quod
2581 4605 2635 4659 in
2685 4619 2773 4660 me
2815 4614 2965 4669 erat;
3002 4621 3112 4661 non
3143 4609 3288 4663 enim
3332 4607 3643 4678 eipermib

395 4688 534 4744 tunt,
571 4681 623 4735 in
676 4682 761 4738 bis
796 4684 963 4738 Deum
999 4685 1377 4740 auxiliatorem
1429 4686 1604 4754 fateri,
1664 4690 1716 4745 in
1766 4694 1966 4761 quibus
2006 4697 2429 4766 faciunt'ipsum
2499 4696 2726 4767 grandia
2787 4696 3061 4766 jactitare,
3090 4699 3314 4770 perinde
3340 4714 3404 4755 ac
3447 4699 3493 4754 Si
3527 4707 3638 4762 tota

393 4776 691 4829 certamina
718 4793 785 4830 ex
832 4780 1051 4846 propria
1085 4780 1412 4849 complesset
1474 4784 1696 4849 virtute,
1741 4791 2088 4856 praemiorum
2157 4792 2345 4847 laudes
2409 4799 2552 4846 totas
2595 4790 2720 4846 inde
2783 4800 3070 4860 reposcat,
3103 4801 3269 4862 utque
3305 4792 3370 4846 ad
3408 4790 3639 4850 fundum

396 4863 744 4935 blasphemia!
772 4870 1175 4939 submergatur,
1204 4889 1324 4929 sese
1351 4875 1450 4931 sibi
1486 4892 1549 4932 ex
1592 4879 1770 4948 seipse
1806 4883 2186 4940 auxiliatorem
2230 4884 2425 4940 stolide
2465 4893 2767 4940 ostentans.
3176 4892 3181 4896 ‘

958 5053 1206 5105 ΚΕΦΔΛ.
1267 5053 1388 5107 AA'.

461 5178 617 5233 Οὕτω
659 5183 946 5255 τοιγαροῦν
1004 5185 1103 5256 τῆς
1151 5186 1379 5258 καρδίας
1438 5184 1527 5242 διὰ
1570 5192 1668 5261 τῆς
1712 5193 1820 5247 τῶν
1868 5197 1959 5253 λο-

387 5270 602 5341 γισμῶν
638 5272 793 5342 δόξης
820 5277 1210 5349 ἐνηχουμένης,
1234 5278 1331 5332 καὶ
1380 5279 1455 5350 μὴ
1484 5284 1962 5357 ἀντιταττομένης,

385 5362 485 5413 οὐκ
511 5362 667 5427 ἐκτὸς
692 5365 844 5421 ἔσται
873 5368 974 5439 τῆς
1004 5371 1061 5423 ὲν
1086 5370 1388 5440 ἀποκρύφῳ
1416 5389 1522 5424 των
1546 5375 1759 5443 φρενῶν
1785 5395 1961 5447 παρα-

387 5452 642 5522 πληξίας,
676 5460 770 5514 τοῦ
819 5461 1085 5532 ἡγεμόνος
1112 5461 1324 5532 φρενῶν
1359 5463 1742 5536 ὲκτιναχθῆναι
1778 5472 1958 5533 κινδνο

386 5543 655 5611 νεύοντος,
686 5549 720 5619 ἢ
753 5550 821 5603 δι’
852 5552 1146 5622 ὀνειράτων
1193 5553 1588 5621 πιστουμὲνων,
1621 5556 1650 5624 ἦ
1696 5558 1752 5610 ὲν
1790 5563 1956 5630 ἀγρυ-

389 5632 571 5695 πνίαις
625 5641 1192 5713 μεταμορφουμένων,
1254 5638 1285 5706 ῆ
1338 5638 1398 5691 ἐν
1455 5655 1957 5723 μεταεχῆματισμῷ

2583 5060 2812 5117 CAPUT
2849 5059 3089 5116 XXXIV.

2136 5198 2498 5269 Quapropter,
2534 5198 2696 5255 corde
2718 5199 2807 5253 tali
2843 5199 3003 5253 modo
3025 5214 3120 5267 per
3142 5199 3328 5269 gloriae
3346 5202 3634 5272 cogitatio-

2066 5306 2162 5347 nes
2195 5293 2387 5346 edocto
2417 5303 2469 5346 et
2496 5308 2605 5346 non
2640 5300 2997 5360 repugnante,
3030 5305 3140 5345 non
3179 5293 3629 5348 extra-occultam

2067 5377 2265 5434 mentis
2285 5379 2390 5457 erit
2411 5378 2708 5440 vesaniam,
2728 5379 3032 5433 intellectus
3054 5379 3192 5435 duce
3214 5383 3393 5436 excuti
3418 5382 3634 5452 pericli-

2068 5478 2234 5534 tante,
2266 5480 2356 5528 aut
2387 5486 2483 5540 per
2508 5471 2666 5523 iidem
2685 5468 2937 5524 facientia
2953 5470 3200 5538 somnia,
3222 5481 3317 5527 aut
3345 5473 3400 5526 in
3420 5472 3635 5542 vigilias

2069 5560 2452 5616 transformata
2479 5598 2493 5622 ,
2537 5568 2629 5615 aut
2677 5559 2731 5613 in
2777 5558 3252 5629 transfignrutione
3282 5560 3446 5633 450
3492 5563 3633 5617 lucis

2068 5662 2373 5723 conspecta.
2408 5651 2525 5721 Ipse
2559 5667 2792 5723 namque
2839 5648 3069 5706 Satanas
3108 5652 3161 5707 in
3210 5654 3459 5723 angelum
3495 5655 3630 5711 lucis
