4046 6152
423 227 562 294 1139

1907 217 1966 288 S.
2026 231 2190 296 NlLl

3541 233 3692 297 1140

415 339 843 410 transﬁguntur
892 341 959 395 ad
1018 349 1262 394 nostram
1313 337 1684 404 deceptionem
1723 338 1790 401 “,
1858 340 1996 394 torte
2026 351 2068 404 Α

2119 344 2278 411 ρωτὸς
2331 343 2734 415 ὀπτανομένων.
2791 345 2959 408 Αὐτὸς
2990 346 3098 416 γὰρ
3134 347 3163 399 ό
3211 347 3453 410 Σατανᾶς
3505 365 3694 418 μετα·-

418 449 479 489 se
529 433 742 504 gratias
779 432 1036 487 daturum
1093 431 1508 494 demonstrans,
1559 437 1620 484 ut
1663 430 1736 484 ita
1793 431 1997 487 cadens

2119 434 2501 507 τχηματίζεται
2541 437 2620 498 είς
2649 434 2877 502 ἄγγελον
2908 435 3086 505 φωτὸς
3133 438 3272 507 πρὸς
3300 437 3516 508 ἀπάτην
3542 441 3693 509 ἡμε-

417 525 648 588 adores,
698 534 790 578 aut
831 523 952 590 tibi,
1003 531 1075 587 to,
1126 533 1179 578 ut
1227 521 1458 576 alterum
1505 520 1680 578 Eliam
1728 537 1758 577 a
1807 538 1868 578 se
1905 539 1996 579 as-

421 614 747 692 sumendum
799 613 1161 677 annuntians,
1217 619 1313 666 aut
1363 611 1711 666 sanctificare
1762 612 2000 681 promite

424 715 589 760 tens:
637 719 868 774 quorum
914 705 1136 776 quidam
1192 703 1354 759 ﬁdem
1409 703 1796 773 suscipientes,
1851 704 1998 760 circa

421 795 706 851 veritatem
743 796 1070 853 aberrarunt
1119 803 1174 850 et
1219 794 1502 853 dementes
1551 803 1862 849 evaserunt.
1916 793 1998 849 Tu

424 889 613 958 igitur,
643 904 677 944 o
723 886 1256 957 sancta_Triuitatis
1310 886 1815 956 precator,-sciens
1866 887 1993 954 ista,

419 995 542 1048 qua:
569 980 814 1036 studiose
861 980 1181 1046 elucubras,
1228 979 1376 1032 omni
1429 977 1678 1034 custodia
1709 988 1868 1033 tuum
1903 995 2002 1034 cor

424 1069 685 1132 observa,
742 1084 812 1124 ne
859 1068 1002 1123 forte
1049 1067 1337 1123 laboribus
1369 1075 1581 1122 tantum
1631 1067 1876 1122 externis
1918 1079 2000 1123 at-

425 1162 675 1227 tendens,
707 1161 940 1216 internis
974 1161 1162 1215 dolose
1193 1160 1526 1229 illaqueeris.
1569 1157 1778 1229 Itaque,
1837 1175 1870 1214 ο
1901 1162 1998 1228 iiii,

427 1254 532 1307 mei
559 1253 625 1308 ad
649 1262 700 1309 te
729 1253 858 1310 dicti
898 1261 1029 1309 sunt
1068 1267 1380 1316 sermones;
1417 1261 1474 1308 tu
1508 1269 1639 1311 vero
1679 1268 1799 1311 mea
1837 1256 2001 1311 verba

428 1340 482 1392 in
519 1349 612 1395 tuo
660 1341 826 1396 corde
867 1350 1118 1406 servato;
1176 1351 1450 1398 memento
1481 1343 1686 1404 Christi
1715 1356 1771 1402 te
1809 1343 2003 1403 c'usto-

426 1433 646 1496 dicntis,
679 1449 780 1489 nec
822 1433 1162 1490 obliviscaris
1207 1439 1500 1493 adoranda;
1537 1449 1592 1494 et
1631 1441 2004 1497 consubstan-

427 1521 576 1577 tialis
605 1522 907 1592 Trinitatis,
939 1531 1024 1585 cui
1054 1529 1224 1601 gloria
1258 1531 1311 1587 in
1337 1531 1558 1587 saecula.
1589 1532 1781 1594 Amen.

502 1793 550 1824 ⁸⁸
595 1793 636 1845 ll
679 1790 806 1848 Cor.
845 1811 919 1859 tu,
953 1796 1042 1850 Μ.

1000 1988 1418 2002 O——-——-————p

2104 526 2291 596 τέραν,
2319 527 2447 589 ῐσως
2471 524 2781 596 χαρίσματα
2807 525 2997 578 δώσειν
3031 527 3463 597 ἐνδεικνύμενος,
3494 530 3569 591 ὡς
3594 529 3694 582 ἵνα

2106 616 2288 668 πεσὼν
2342 616 2865 688 προσκυνήσῃς,.ἦ
2926 615 3331 685 ἀναλαμϐάνειν
3393 617 3470 681 ὡς
3526 617 3696 672 ἄλλον

2119 697 2304 761 Ἠλίαν
2334 707 2837 777 εὐαγγελιζόμενος,
2877 707 2909 778 ἦ
2945 708 3193 776 ἁγιάζειν
3226 709 3694 780 ὑπισχνούμενος,

2105 791 2183 851 ὧν
2225 814 2373 861 ⁴τινες
2407 798 2505 866 τὴν
2554 798 2741 863 πίστιν
2785 797 3069 868 δεξάμενοι
3124 800 3254 873 περὶ
3285 800 3386 871 τὴν
3422 799 3716 871 ἀλήθειαν,

2107 889 2442 960 ἠστόχησαν,
2480 891 2575 944 καί
2607 889 2994 959 φρενοϐλαϐεῖς
3043 891 3401 961 ἐγενήθησαν.
3450 891 3522 942 Σὺ
3569 887 3694 957 οὖν,

2107 973 2154 1032 ὦ
2181 979 2282 1049 τῆς
2317 979 2478 1048 ἁγίας
2508 980 2735 1050 Τριάδος
2777 980 2952 1044 ίκὲτα,
2988 979 3142 1043 εἰδὼς
3172 980 3345 1034 ταῦτα
3377 981 3434 1032 ἐν
3479 976 3560 1044 οἷς
3594 999 3696 1050 φι-

2109 1070 2373 1133 λοπονεῖς,
2416 1071 2564 1139 πάσῃ
2599 1069 2814 1141 φυλακῇ
2854 1071 3012 1140 τήρει
3065 1070 3166 1141 σὴν
3194 1071 3445 1142 καρδίαν,
3485 1073 3697 1140 μήπως

2107 1163 2220 1221 τοῖς
2265 1158 2466 1224 ἔξωθεν
2515 1159 2678 1228 μόνον
2730 1158 2912 1220 πόνοις
2962 1159 3270 1229 προσέχων,
3323 1162 3435 1223 τοῖς
3482 1159 3697 1214 ἔσωθεν

2108 1249 2341 1320 δολερῶς
2379 1249 2692 1320 βροχισθῇς.
2753 1249 2818 1301 Oi
2870 1247 2995 1318 ἐμοὶ
3054 1244 3150 1301 οὖν
3196 1249 3366 1316 λόγοι,
3396 1244 3440 1303 ὦ
3473 1249 3692 1312 τέκνον,

2111 1342 2356 1413 εἴρηνται
2387 1341 2523 1410 πρὸς
2571 1340 2652 1406 σὲ,
2703 1340 2770 1393 τὰ
2810 1339 2868 1392 δὲ
2913 1337 3134 1410 ῥήματά
3187 1357 3290 1409 μου
3336 1340 3573 1410 τηρείτω
3619 1341 3693 1411 σὴ

2111 1433 2340 1505 καρδία·
2383 1431 2629 1502 μέμνησο
2667 1429 2903 1500 Χριστοῦ
2940 1430 3033 1484 τοῦ
3065 1430 3438 1498 φυλάσσοντός
3483 1447 3564 1496 σε,
3594 1434 3695 1485 καὶ

2117 1525 2192 1596 μὴ
2222 1523 2453 1594 ἐπιλάϐῃ
2491 1523 2590 1592 τῆς
2654 1521 3039 1593 προαυνητῆς
3080 1521 3174 1574 καὶ
3212 1523 3499 1592 ὁμοουσίου
3523 1523 3697 1596 Τριά-

2112 1617 2222 1680 δος,
2314 1614 2439 1680 δόξα
2476 1615 2554 1676 είς
2596 1614 2720 1676 τοὺς
2761 1611 2986 1674 αἰῶνας.
3032 1609 3226 1683 Ἀμήν,

1275 2157 1576 2274 ΤΟΥ
1663 2165 2156 2281 ΑΥΤΟΥ
2244 2160 2774 2283 ΛΟΓΟΣ

1553 2381 1844 2470 ΠΡΟΣ
1881 2383 2108 2470 TON
2145 2383 2524 2471 ΑΥΤΟΝ

1247 2553 1414 2612 ΠΕΡΙ
1453 2556 1588 2612 ΤΑΣ
1623 2557 2063 2615 ΑΝΤΙΖΥΓΟΥΣ
2110 2561 2247 2615 ΤΩΝ
2285 2562 2560 2618 ΑΡΕΤΩΝ
2597 2564 2879 2622 ΚΑΚΙΔΣ.

1263 2794 1899 3006 EJUSDEM
1978 2887 2188 3013 ΑΒ
2266 2888 2863 3004 EUMDEM

1712 3121 2393 3212 TRACTATUS

1194 3311 1294 3372 DE
1337 3312 1561 3373 VITIlS
1601 3311 1770 3386 QUAS
1810 3312 2174 3374 OPPOSITA
2217 3317 2414 3380 SUNT
2448 3317 2932 3385 VIRTUTIBUS.

1006 3490 1166 3565 εει
1203 3490 1432 3550 CAPUT
1473 3493 1516 3550 ι.

515 3599 897 3659 Necessarium
950 3603 1186 3659 arbitror
1253 3603 1380 3659 vitia
1437 3620 1658 3676 quoque
1724 3606 2020 3663 virtutibus

449 3692 700 3763 opposita
737 3689 977 3747 breviter
1005 3702 1110 3749 tum
1153 3693 1424 3764 subjicere
1462 3695 1768 3761 industriae,
1801 3704 1858 3752 et
1895 3697 2022 3765 qui-

448 3785 573 3839 dem
604 3797 728 3838 cum
765 3783 1048 3854 hucusque
1085 3785 1516 3842 excoluissemus
1550 3796 1808 3851 mentem,
1837 3788 2021 3855 spinas

449 3872 842 3945 cogitationum
878 3889 946 3929 ex
992 3874 1216 3930 insititia
1263 3886 1404 3930 terra
1445 3875 1739 3944 rejecimus
1769 3895 1781 3930 :
1818 3892 1922 3933 non
1953 3893 2022 3932 ex

449 3961 705 4032 operibus
735 3973 936 4029 autem,
958 3980 1080 4033 quae
1110 3963 1340 4022 fecimus
1369 3981 1470 4022 nos
1496 3965 1561 4019 ad
1591 3965 1734 4022 istud
1767 3969 2020 4038 perveni-

451 4069 575 4109 mus
597 4051 669 4121 ",
713 4065 902 4108 verum
951 4053 1182 4111 formam
1229 4058 1493 4114 habentes
1529 4072 1790 4114 sanorum
1830 4059 2024 4115 verbo-

451 4167 574 4206 rum
655 4189 670 4215 ,
718 4165 840 4220 quae
874 4162 905 4201 a
953 4145 1208 4205 Patribus
1255 4152 1609 4220 audivimus,
1657 4151 2021 4223 quorumdam

454 4243 617 4296 etiam
657 4244 934 4298 actionum
965 4245 1175 4300 conscii
1207 4245 1336 4301 facti
1367 4261 1577 4301 sumus.
1612 4246 1809 4298 Totum
1842 4251 2024 4297 autem

453 4331 628 4400 gratia
651 4333 964 4398 desursum,
997 4348 1119 4403 quae
1144 4334 1322 4389 adhuc
1351 4335 1731 4405 peccatoribus
1758 4333 2026 4388 submon-

459 4433 598 4478 strat
631 4423 860 4479 insidias
884 4438 1072 4478 eorum
1104 4427 1199 4494 qui
1229 4436 1439 4482 mentes
1468 4428 1768 4496 decipiunt,
1797 4437 2027 4494 quaeque

458 4530 685 4571 securos
716 4513 880 4569 efﬁcit
909 4530 974 4569 ac
1003 4515 1154 4570 dicit.
1195 4515 1376 4582 «Quid
1417 4518 1584 4572 habes
1619 4517 1764 4586 quod
1796 4530 1902 4570 non
1931 4529 2026 4572 ac-

457 4607 649 4678 cepisti
678 4597 726 4632 ⁸⁸
747 4607 771 4660 τ
795 4626 814 4658 ι
845 4615 905 4661 ιιι
938 4607 1211 4661 mediante
1246 4610 1581 4679 acceptione,
1611 4609 1786 4664 datori
1821 4609 2025 4679 gratias

462 4715 712 4772 agamus,
735 4699 865 4770 quia
903 4712 1011 4752 non
1043 4698 1204 4753 nobis
1227 4699 1446 4769 ipsimet
1476 4701 1828 4756 attribuimus
1855 4701 2020 4756 ullam

2053 3482 2096 3538 Β

2715 3484 2966 3540 ΚΕΦΑΛ.
3009 3483 3090 3541 A'.

2207 3593 2524 3662 Ἀναγκαῖον
2555 3598 2794 3669 ἡγοῦμαι
2826 3600 2919 3653 καὶ
2948 3598 3046 3663 τὰς
3077 3601 3403 3672 ἀντιζύγους
3429 3605 3540 3658 τῶν
3572 3607 3694 3676 ἀρε-

2123 3684 2233 3739 τῶν
2260 3685 2460 3750 κακίας
2491 3687 2558 3740 δι’
2576 3688 2846 3759 ὲπιτόμου
2877 3691 3141 3756 ὑποτάξαι
3173 3697 3237 3764 τῇ
3278 3696 3343 3765 σῇ
3381 3696 3691 3767 φιλοπονίᾳο

2124 3778 2229 3842 ἕως
2256 3779 2354 3848 μὲν
2385 3773 2489 3833 ὦδε
2517 3781 2616 3851 τὴν
2647 3783 2885 3838 διάνοιαν
2901 3787 3449 3855 ἀροτριάσαντες,τὰς
3481 3791 3588 3843 τῶν
3615 3793 3696 3843 λο-

2125 3869 2338 3938 γισμῶν
2383 3869 2626 3933 ἀκάνθας
2675 3873 2741 3924 ὲκ
2775 3873 2880 3942 τῆς
2911 3877 3181 3946 σπορίμου
3224 3877 3411 3948 χώρας
3439 3880 3694 3935 ἀνεϐάλο-

2121 3976 2254 4028 ,μινο
2285 3961 2385 4014 οὐκ
2409 3960 2470 4026 ἐξ
2497 3961 2674 4032 ἔργων
2703 3963 2779 4027 δὲ,
2813 3965 2850 4019 ἃ
2880 3967 3218 4038 ἐποιήσαμεν
3247 3973 3410 4042 ἡμεῖς
3439 3974 3520 4036 είς
3539 3971 3695 4025 τοῦτο

2128 4053 2583 4124 παρεφθάσαμεν,
2618 4056 2734 4108 ἀλλ’
2772 4057 3122 4112 ὑποτύπωσιν
3164 4060 3382 4131 ἔχοντες
3423 4061 3694 4131 ὑγιαινόν-

2125 4161 2234 4196 των
2266 4143 2458 4212 λόγων,
2487 4137 2562 4199 ὧν
2591 4146 2926 4217 ἠκούσαμεν,
2972 4150 3122 4220 παρὰ
3151 4151 3259 4202 τῶν
3295 4152 3580 4223 Πατέρων,
3612 4151 3696 4206 καί

2127 4250 2286 4287 τινων
2321 4233 2428 4289 τῶν
2465 4235 2715 4306 πράξεων
2750 4239 3060 4309 συνίστορες
3101 4242 3471 4310 γεγενήμεθα.
3517 4243 3594 4295 Τὸ
3644 4243 3697 4295 δὲ

2129 4327 2236 4378 πᾶν
2268 4328 2302 4397 ἡ
2349 4328 2509 4396 χάρις
2555 4328 2782 4396 ἄνωθεν,
2827 4331 2860 4400 ἡ
2896 4332 2991 4385 καὶ
3034 4335 3145 4395 τοῖς
3179 4333 3524 4402 ἁμαρτωλοῖς
3571 4335 3700 4386 ὑπο-

2129 4417 2448 4472 δεικνύουσα
2481 4421 2576 4483 τὰς
2616 4420 2724 4473 τῶν
2773 4423 3133 4494 φρεναπατῶν
3181 4423 3496 4488 ἐπιϐουλὰς,
3531 4424 3564 4493 ή
3612 4426 3699 4476 καὶ

2128 4508 2558 4580 ἀσφαλιζομένη,
2591 4511 2684 4564 καὶ
2728 4512 2962 4579 λέγουσα
2985 4529 3001 4544 ο
3039 4533 3058 4564 ι
3098 4513 3163 4566 Τί
3213 4513 3320 4584 γὰρ
3356 4514 3502 4585 ἔχεις
3541 4514 3569 4567 ὃ
3604 4515 3699 4566 οὐκ

2129 4597 2351 4664 ἐλαϐες;
2395 4619 2412 4652 ι
2451 4601 2535 4654 ἵνα
2579 4601 2669 4656 διὰ
2697 4601 2790 4656 τοῦ
2820 4603 3004 4657 λαϐεῖν
3049 4605 3460 4674 εὐχαριοτῶμεν
3496 4604 3575 4676 τῷ
3616 4604 3698 4656 δε⁹

2128 4689 2353 4757 δωκότι,
2413 4692 2496 4746 ὅτι
2551 4693 2624 4764 μὴ
2678 4695 2891 4759 ἑαυτοῖς
2920 4696 3307 4767 ’ἀποδιδόαμεν
3345 4696 3612 4767 καύχημά
3650 4713 3697 4747 τι

454 4791 640 4864 glorise
660 4785 1003 4854 iactantiam,
1031 4787 1379 4844 donationem
1405 4788 1738 4856 inliciantes;
1796 4791 2026 4860 ideoque
2051 4805 2071 4861 ι

2129 4782 2308 4853 δόξης,
2339 4785 2438 4855 τὴν
2464 4785 2610 4839 δόσιν
2640 4787 2984 4863 ἀρνούμενοι.
3025 4789 3214 4858 διόπερ
3249 4789 3432 4858 φησὶν,
3481 4807 3499 4838 ι
3537 4788 3598 4840 Ei
3644 4787 3698 4839 δὲ

456 4874 637 4938 dicit“
674 4880 796 4936 :tSi
833 4896 966 4935 vero
1022 4879 1311 4949 accepisti,
1363 4880 1497 4948 quid
1544 4878 1816 4948 gloriaris,
1863 4881 2023 4950 quasi

458 4985 568 5026 non
598 4971 874 5043 acceperis
890 4971 939 5025 ἲ»
969 4967 1389 5039 Jam(inquit'°)
1407 4968 1605 5022 divites
1621 4967 1908 5033 .evasistis,
1932 4971 2023 5038 qui

457 5061 716 5131 operibus
739 5076 1010 5133 pauperes
1050 5059 1203 5121 estis,
1227 5059 1362 5128 jam,
1396 5058 1487 5128 qui
1512 5057 1693 5112 doceri
1725 5057 2025 5125 incepistis,

458 5152 687 5207 saturati
707 5151 841 5207 estis
860 5168 876 5218 ;
895 5165 1128 5221 quorum
1154 5148 1400 5218 deceptio
1421 5162 1591 5214 nuper
1620 5147 1688 5201 ad
1719 5162 1806 5203 me
1841 5158 2026 5204 trans-

457 5242 543 5307 iit,
585 5249 700 5296 tum
744 5256 839 5311 per
875 5242 1208 5306 discursum,
1246 5255 1409 5310 quem
1447 5238 1640 5294 faenori
1670 5239 1875 5310 accepi,
1899 5253 2030 5309 ope-

2128 4875 2222 4928 καὶ
2249 4876 2461 4940 ἔλαϐες,
2492 4878 2545 4929 τί
2575 4882 2772 4950 καυχᾷ,
2796 4881 2872 4942 ὡς
2891 4881 2964 4950 μὴ
2997 4881 3196 4945 λαϐὡν;
3237 4899 3360 4933 ι-ε
3405 4880 3566 4950 Ἤδη,
3598 4898 3698 4950 φη·

2131 4971 2238 5036 σιν,
2267 4967 2632 5037 ἐπλουτήσατε
2679 4989 2698 5022 ι
2719 4971 2778 5023 -οἱ
2816 4972 2930 5033 τοῖς
2963 4970 3146 5041 ἔργοις
3167 4971 3472 5039 πενόμενοι,
3519 4971 3618 5041 ἤδη
3652 4971 3699 5022 oi

2128 5063 2221 5118 τοῦ
2257 5061 2604 5115 διδάσκεσθαι
2637 5061 2957 5132 ἀρξάμενοι,
2991 5061 3342 5132 ἐκορέσθη-τε,
3393 5055 3578 5132 ὧνπερ
3603 5063 3699 5132 ἀρ-

2129 5153 2258 5216 τίως
2289 5153 2320 5222 ἡ
2359 5151 2535 5221 πλάνη
2589 5151 2962 5220 μεταϐέϐηκεν
2992 5152 3074 5215 είς
3111 5153 3211 5222 ὲμέ
3234 5169 3248 5184 ·
3296 5152 3364 5206 δι’
3389 5147 3458 5225 ἧς
3490 5153 3588 5224 μὲν
3617 5153 3700 5206 δε-

2129 5243 2416 5311 δάνεισμαι
2445 5240 2767 5308 λογιστείας,
2800 5240 2900 5312 τὴν
2931 5242 3039 5295 τῶν
3069 5241 3247 5312 ἔργων
3291 5243 3478 5295 πενίαν
3523 5259 3697 5312 παρα-

462 5352 580 5391 rum
649 5335 993 5391 obtendenda
1053 5343 1460 5405 paupertatem,
1531 5343 1642 5388 tum
1713 5333 1876 5388 etiam
1935 5348 2030 5402 per

2137 5333 2447 5398 καλύπτων,
2476 5332 2542 5386 δι’
2570 5327 2636 5404 ἧς
2667 5332 2724 5386 δὲ
2769 5331 3052 5404 παρῄνεσα
3092 5331 3317 5403 γνώμης
3357 5332 3456 5402 τὴν
3497 5332 3590 5386 τοῦ
3627 5332 3700 5385 δι-

457 5426 772 5493 consilium,
823 5443 933 5497 quo
981 5427 1236 5481 admonui
1256 5427 1322 5490 ",
1371 5426 1669 5497 disciplima
1726 5426 2027 5481 doctrinam

2135 5422 2430 5478 δάσκεσθαι
2475 5423 2772 5495 μαθητεέαν
2821 5422 3309 5494 ἁντιπεριτρέπων.
3375 5421 3519 5476 Ἀλλ’
3554 5422 3699 5492 ὅμως

538 5594 582 5623 "
601 5596 707 5651 Tit.
737 5612 820 5663 ιιι,
851 5598 914 5661 5;
954 5595 994 5652 il
1031 5597 1168 5654 Tim.
1201 5615 1239 5664 ι,
1301 5597 1355 5652 Ω.
1450 5603 1495 5632 ⁸⁸
1537 5601 1550 5656 l
1583 5601 1706 5656 Cor.
1748 5615 1817 5666 tv,
1851 5600 1904 5652 7.

1998 5600 2040 5631 "
2077 5598 2208 5654 ibid.

2368 5598 2412 5629 "
2445 5598 2571 5653 ibid.
2613 5597 2642 5650 8
2745 5595 2846 5651 ".l
2872 5597 3008 5652 Tim.
3046 5611 3116 5663 γι,
3153 5596 3234 5651 18.
