4046 6152
466 262 598 339 ni?
1952 291 2009 351 s.

2162 292 2225 352 LI
3574 286 3710 352 1H8

450 388 693 447 Gulosus
744 396 1043 466 monachus
1094 398 1295 453 tributo
1343 401 1548 455 ventris
1598 411 1680 456 est
1731 401 2058 468 obuoxius,.

2164 406 2263 474 μὸν
2302 404 2646 475 ἡμερούσιον.
2689 405 2997 476 Ὀδοιπόρος
3035 402 3162 469 ὀξὺς
3220 402 3434 473 ταχέως
3465 404 3708 473 καταλή-

457 490 620 550 atque
647 484 784 538 idem
808 487 1092 543 alllictatus
1124 489 1499 558 quotidianum
1554 492 1742 561 exigit,
1778 492 2024 561 vectigal.

2162 511 2294 548 μεται
2335 496 2508 563 πόλιν,
2538 498 2631 551 καὶ
2660 497 2892 568 μοναχδς
2925 496 3200 568 ἐγκρατὴς
3227 493 3509 565 εἰρηνικὴν
3538 499 3706 550 κατά-

461 568 623 627 νυιυλ
651 575 826 629 viator
851 579 1099 634 celeriter
1125 582 1193 635 ad
1239 582 1513 636 civitatem
1537 584 1783 652 attinget,
1813 592 1866 636 et
1908 596 2027 637 mo-

2162 599 2345 638 rtadtv'
2389 584 2663 659 ὁδοιπόρος
2714 585 2914 656 βραδὺς
2988 586 3047 637 ὲν
3085 582 3290 654 ὲρημίᾳ
3325 580 3711 649 αύλισθήσεται

458 661 668 716 nachus
716 673 1042 732 temperans,
1088 668 1155 722 ad
1209 678 1411 724 statum
1450 671 1755 739 paciﬁcum.
1800 670 2029 727 "l‘ardus

2162 677 2418 747 ιπαιθρος,
2456 680 2549 731 καὶ
2583 679 2816 750 μοναχδς
2845 676 3259 748 γαστρίμαργος
3296 674 3357 728 οὐ
3402 673 3599 743 φθάσει
3633 673 3713 735 είς

457 751 635 804 viator
670 752 723 806 in
752 755 1042 812 solitudine
1069 760 1171 813 sub
1205 761 1296 814 dio
1328 761 1711 822 stabulabitur,
1745 769 1799 815 et
1839 776 2030 819 mona-

2162 762 2281 820 ἷκον
2310 768 2597 831 ἀπαθείας.
2642 771 2831 841 Ἀτμὶς
2859 768 3203 839 θυμιάματος
3232 764 3521 828 εύωδιάζει
3549 764 3709 834 ἀέρα.

455 841 617 904 chus,
671 844 809 912 gulae
844 847 1213 912 subserviens,
1255 853 1321 904 ad
1354 851 1577 907 domum
1606 850 1891 907 vacuitatis
1914 866 2037 921 pas-

2162 859 2232 911 ιαὶ
2276 861 2554 931 προσευχὴ
2583 861 2888 931 ἐγκρατοῦς
2939 859 3211 931 ὄσφρησιν
3252 856 3409 911 Θεοῦ.
3453 856 3578 908 Ἐάν
3610 854 3716 924 δῷς

456 932 671 1013 siouum
693 950 798 990 non
829 940 1124 1007 perveniet.
1147 939 1324 1011 Vapor
1354 940 1642 996 suﬂimenti
1675 957 1852 999 aerem
1882 942 2037 998 suavi

2162 949 2366 1003 ςεαυτὸν
2392 951 2658 1023 ἐπιθυμίᾳ
2685 951 3007 1022 βρωμάτων,
3035 950 3191 1004 οὐδὲν
3221 948 3444 1020 ἀρκέσει
3480 947 3618 1017 πρὸς
3658 947 3721 999 τὸ

460 1024 631 1092 replet
689 1028 878 1095 odore,
911 1037 965 1083 et
996 1032 1350 1101 temperantis
1378 1032 1546 1104 458
1572 1034 1747 1087 oratio
1792 1033 2034 1088 divinum

2162 1039 2428 1111 πληρῶσαι
2458 1041 2555 1112 τὴν
2577 1042 2790 1113 ἡδονήν·
2826 1041 2938 1113 πῦρ
2968 1041 3077 1112 γάρ
3101 1043 3247 1094 ἐστιν
3277 1037 3544 1108 ἐπιθυμία
3576 1036 3723 1106 βρω-

460 1117 760 1183 permulcet
799 1120 1077 1177 olfactum.
1128 1122 1185 1177 Si
1227 1124 1459 1193 teipsum
1504 1125 1787 1195 cupiditati
1825 1125 2038 1180 edulio-
2076 1134 2081 1139 '

460 1222 582 1261 rum
631 1210 936 1279 tradideris,
1035 1215 1171 1269 nihil
1253 1216 1482 1271 sutliciet
1565 1217 1632 1271 ad
1716 1217 2039 1284 explendam

461 1300 840 1369 voluptatem:
889 1315 973 1359 est
1003 1306 1203 1377 quippe
1262 1308 1402 1378 ignis
1447 1324 1693 1363 escarum
1753 1308 2043 1377 cupiditas,

465 1404 679 1461 semper
717 1396 1010 1465 accipit-ns,
1041 1408 1095 1454 et
1121 1414 1339 1469 semper
1372 1399 1730 1457 inﬂammata.
1789 1401 2041 1456 Mensura

471 1483 742 1541 sulliciens
767 1487 1007 1557 implevit
1035 1507 1165 1558 vas;
1196 1501 1383 1546 venter
1412 1502 1590 1548 autem
1655 1493 1906 1562 diruptus
1935 1506 2039 1546 nou

2146 1130 2354 1200 μάτων,
2407 1133 2494 1186 ἀεὶ
2530 1133 2816 1204 δεχομένη,
2868 1133 2965 1187 καὶ
3006 1133 3095 1187 ἀεὶ
3145 1131 3478 1200 φλεγομένη.
3510 1129 3726 1200 Μέτρον

2143 1217 2418 1290 αὔταρκες
2447 1222 2764 1295 ἐπλήρωσεν
2792 1224 3031 1291 ἀγγεῖον.
3056 1222 3270 1293 γαστὴρ
3299 1222 3354 1274 δὲ
3387 1219 3726 1291 ῥηγνυμένη.

2143 1309 2206 1363 οὐ
2241 1310 2411 1379 λέγει,
2465 1313 2672 1385 Ἄρηϊ,
2711 1313 2926 1386 Χειρῶν
2971 1314 3193 1377 ἔκτασις
3231 1310 3588 1384 ὲτροπώσατο
3632 1310 3729 1360 τὸν

2158 1401 2425 1474 Ἀμαλὴκ,
2470 1405 2566 1459 καὶ
2611 1404 2839 1477 πράξεις
2885 1406 3191 1478 ἐπηρμέναι
3233 1402 3544 1474 χειροῦνται
3579 1399 3728 1469 πάθη

2148 1494 2375 1562 σαρκός.

465 1573 616 1639 dicit,
684 1576 898 1632 sullicit.
961 1577 1217 1634 Mannum
1269 1583 1519 1639 extensio
1572 1582 1733 1637 vertit
1772 1582 1993 1636 Amalec
2053 1579 2108 1635 in
2148 1579 2332 1654 fugam
2368 1584 2436 1652 ",
2480 1597 2533 1643 et
2566 1586 2810 1645 actiones
2854 1588 3074 1646 elevatae
3129 1588 3347 1658 (nempe
3408 1584 3475 1640 ad
3537 1582 3731 1651 Deum)

466 1668 649 1720 carnis
680 1669 939 1739 subigunt
971 1672 1253 1741 passiones
1285 1673 1353 1727 ".

1076 1823 1442 1880 CAPUTlH.
2080 1803 2125 1860 Β

541 1933 852 1987 Εκιοτιιιίηι
887 1950 918 1989 a
967 1943 1018 1989 te
1055 1935 1420 2005 quodcunque
1453 1936 1583 1991 vitia
1612 1935 1804 2005 Spirat,
1842 1941 1895 1989 et
1926 1949 2046 1989 car-

469 2028 558 2081 nis
598 2036 704 2082 tua:
748 2029 991 2084 membra
1036 2030 1210 2085 valide
1238 2031 1522 2087 mortitica.
1581 2028 2064 2096 Quemadmodum

465 2121 609 2172 enim
641 2120 1234 2187 lwllator’interl'ectus,
1269 2122 1365 2177 tibi
1396 2138 1503 2176 non
1542 2123 1767 2177 incutiet
1819 2131 2048 2190 metum,

466 2210 540 2263 ita
565 2222 769 2279 corpus
791 2212 1199 2277 mortiﬂentum,
1229 2220 1378 2266 tuam
1422 2227 1528 2266 non
1566 2211 1902 2282 perturbabit
1931 2211 2052 2266 ani-

465 2317 635 2355 mam.
671 2301 948 2357 Mor-tuum
1001 2318 1200 2374 corpus
1234 2303 1375 2373 ignis
1422 2319 1532 2358 non
1575 2305 1726 2359 novit
1784 2305 2048 2370 dolorem,

469 2408 573 2446 nec
647 2404 955 2460 temperans
1027 2394 1357 2465 voluptatem
1429 2397 1694 2465 persentit
1742 2394 2053 2465 cupiditatis

469 2496 750 2541 emortuzr.
781 2484 838 2541 Si
893 2487 1233 2556 percusseris
1264 2485 1601 2557 Egyptium,
1645 2485 1699 2540 iu
1746 2500 1912 2541 arena
1972 2487 2050 2557 ip-

469 2593 591 2631 sum
626 2578 946 2632 abscondito
976 2578 1043 2644 ⁸³,
1068 2588 1118 2632 et
1151 2592 1218 2633 ne
1258 2579 1314 2632 in
1343 2578 1551 2634 devicta
1579 2578 1876 2648 cupiditate
1928 2578 2053 2648 pin-

468 2667 746 2736 guelacias
775 2683 1011 2737 corpus:
1043 2669 1186 2723 sicut
1206 2669 1348 2723 enim
1379 2669 1763 2723 absconditum
1797 2669 1851 2723 in
1880 2677 2047 2734 terra,

468 2758 652 2825 opima
702 2760 990 2827 germinat,
1050 2759 1122 2815 ita
1162 2759 1216 2812 in
1248 2773 1478 2828 corpore
1514 2760 1847 2829 impiuguato
1874 2759 2056 2827 repul-

464 2849 605 2903 iulat
635 2849 837 2918 passio.
874 2849 1117 2905 Flamma
1150 2852 1415 2906 exstincta
1451 2852 1673 2912 relucet.
1703 2851 1750 2905 si
1774 2850 1923 2905 arida
1941 2866 2059 2906 sus-
2086 2888 2095 2897 ι

470 2940 680 3007 ceperit
725 2941 970 3008 cremia;
1020 2951 1073 2996 et
1110 2942 1361 3012 voluptas
1392 2943 1598 3010 sopita,
1631 2944 1825 2996 iterum
1860 2957 2057 2997 accen-

472 3032 623 3087 ditur
643 3034 697 3087 in
717 3033 1004 3088 saturitate
1027 3034 1274 3089 ciborum
1308 3050 1321 3087 :
1355 3049 1422 3088 ne
1448 3033 1754 3087 miserearis
1812 3031 2057 3101 corporis

2786 1823 3037 1879 ΚΕΦΑΛ.
3062 1824 3134 1888 ΓΤ.

2233 1932 2639 2006 Ἐξολόθρευσον
2678 1937 2742 1991 ὲκ
2777 1937 2871 1990 σοῦ
2923 1940 3029 1992 πᾶν
3087 1939 3321 2009 ἔμπνεον
3367 1939 3587 2005 κακίας,
3640 1942 3738 1995 καὶ

2152 2022 2289 2095 μέλη
2320 2027 2526 2095 σαρκός
2557 2043 2650 2078 σου
2685 2027 2961 2099 νέκρωσον
2992 2027 3249 2100 ἰσχυρῶς.
3270 2030 3366 2082 Ὃν
3398 2028 3602 2099 τρόπον
3627 2031 3736 2100 γὰρ

2149 2115 2495 2190 ἀνῃρημένος
2541 2115 2821 2187 πολέμιος,
2849 2118 2909 2171 οὐ
2960 2118 3187 2188 παρέξει
3244 2136 3327 2173 σοι
3366 2120 3555 2187 φόϐον,
3591 2120 3738 2176 οὕτω

2148 2207 2424 2274 νικρωθὲν
2457 2207 2615 2278 σῶμα
2642 2209 2701 2260 οὺ
2724 2206 2947 2281 ταράξει
2982 2227 3073 2262 σου
3108 2210 3207 2280 τὴν
3234 2209 3435 2281 ψυχήν.
3469 2213 3585 2264 Οὐκ
3623 2207 3736 2266 οἶδε

2150 2301 2326 2371 πυρὸς
2351 2300 2542 2373 ὀδύνην
2579 2300 2738 2372 σῶμα
2786 2300 3002 2373 νεκρὸν,
3037 2301 3156 2355 οὑδὲ
3210 2304 3490 2375 ἐγκρατὴς
3542 2303 3737 2375 ἡδονὴν

2152 2388 2447 2459 ἐπιθυμίας
2475 2393 2694 2461 νεκρᾶς.
2714 2391 2844 2445 Ἐὰν
2867 2392 3112 2466 πατάξῃς
3129 2392 3448 2461 Αίγύπτιον,
3482 2396 3541 2449 ὲν
3568 2394 3739 2466 ἄμμῳ

2154 2480 2363 2551 κρύψον
2396 2482 2579 2545 αὑτὸν,
2613 2481 2707 2537 καὶ
2738 2482 2813 2555 μὴ
2857 2483 3056 2556 πιάνῃς
3097 2486 3256 2557 σῶμα
3304 2486 3399 2539 ἐπὶ
3436 2487 3738 2558 ἡττωμένῳ

2155 2572 2338 2626 πάθει·
2368 2571 2444 2636 ὡς
2473 2575 2583 2646 γὰρ
2622 2574 2680 2627 ἐν
2715 2573 2929 2647 λιπὼσῃ
2965 2577 3035 2647 γῇ
3069 2576 3193 2644 φύει
3240 2576 3300 2630 τὸ
3346 2577 3614 2648 κρυφθὲν,
3649 2577 3743 2633 οῦ-

2154 2680 2261 2727 τως
2283 2665 2342 2716 ὲν
2382 2663 2596 2734 σώματι
2630 2664 2926 2736 πιμελώδει
2955 2665 3246 2721 ἀναϐάλλει
3294 2668 3355 2722 τὸ
3391 2668 3583 2734 πάθος.
3618 2671 3742 2725 Μα-

2158 2754 2421 2828 ρανθεῖσα
2466 2754 2600 2826 φλὸξ
2636 2756 2952 2829 ἀναλάμπει
3006 2758 3381 2832 ἐπιλαϐομένη
3417 2762 3739 2829 φρυγάνων,

2156 2847 2253 2902 καὶ
2282 2847 2444 2918 ἡδονὴ
2490 2847 2788 2904 σϐεσθεῖσα
2832 2848 3290 2923 ἀναζωπυροῦται
3329 2853 3388 2904 ὲν
3415 2852 3562 2923 κόρῳ
3597 2852 3744 2924 βρω-

2161 2941 2369 3010 μάτων.
2414 2940 2778 3012 Μὴὶλεήσῃς
2828 2941 2987 3013 σῶμα
3035 2941 3255 2995 ἀτονίαν
3312 2943 3740 3013 ἀποδυρόμενον,

2162 3031 2299 3105 μηδὲ
2335 3031 2536 3103 πιάνῃς
2579 3031 2711 3084 αὐτὸ
2755 3030 3074 3103 πολυτελείᾳ
3112 3030 3440 3102 βρωμάτων·
3488 3033 3588 3087 ἐὰν
3634 3031 3749 3102 γάρ

469 3127 862 3197 cenquerentis
894 3126 966 3181 ob
1004 3126 1358 3193 debilitatem,
1400 3141 1499 3181 nec
1560 3124 1690 3179 illud
1746 3124 2051 3194 impingues

2162 3121 2373 3197 ἰσχύσῃ,
2406 3122 2849 3194 ὲπαναστήσεταί
2887 3140 2991 3186 σοι,
3044 3123 3138 3175 καὶ
3188 3122 3426 3194 πόλεμον
3477 3123 3751 3184 ἄσπανδον

472 3228 737 3289 apparatu
786 3218 1084 3271 multorum
1114 3217 1387 3272 ciborum.
1419 3213 1576 3282 Nam,
1613 3215 1656 3270 si
1690 3215 2051 3283 convaluerit,

466 3312 734 3380 impetum
770 3311 822 3364 in
859 3319 912 3364 te
944 3309 1129 3374 faciet,
1157 3310 1503 3380 movebitque
1536 3310 1824 3364 adversum
1869 3318 1919 3362 te
1942 3308 2053 3362 bel-

473 3403 584 3455 lum
621 3401 948 3470 inexpiabile
970 3441 984 3464 ,
1020 3416 1303 3470 usquequo
1342 3400 1580 3454 animam
1620 3408 1766 3454 tuam
1800 3400 1853 3453 in
1885 3400 2057 3454 servi-

472 3500 650 3545 tutem
684 3492 912 3559 redigat,
943 3505 1272 3559 servumque
1342 3496 1394 3544 te
1456 3492 1634 3546 tradat
1701 3490 2055 3561 impudicitia:

474 3582 736 3651 passioni.
768 3581 954 3652 Equus
988 3583 1125 3638 bene
1162 3581 1407 3639 l‘renatus
1428 3592 1512 3639 est
1534 3599 1734 3655 corpus
1767 3600 1932 3655 egens
1957 3583 2058 3655 algi-

474 3679 681 3737 mento,
730 3687 910 3743 neque
956 3673 1175 3744 dejiciet
1227 3688 1466 3744 unquam
1526 3691 1914 3743 ascensorem;
1971 3675 2061 3731 ille

478 3760 681 3829 quippe
724 3762 868 3817 cedit
907 3761 1064 3817 l'rcuo
1089 3762 1442 3829 constrictus,
1514 3771 1568 3817 et
1625 3762 1826 3833 aurigae
1872 3762 2058 3816 manui

478 3866 653 3927 paret,
692 3872 898 3927 corpus
929 3866 1108 3914 autent
1141 3857 1306 3932 5,59
1326 3859 1467 3914 fame
1488 3859 1760 3924 domatur,
1793 3868 1846 3912 et
1876 3858 2060 3927 vigilia

476 3954 531 4001 et
557 3964 660 4002 non
695 3949 867 4005 resilit
896 3949 967 4005 ab
991 3951 1342 4007 inscendeutc
1371 3951 1718 4022 cogitatione,
1739 3966 1842 4005 nec
1870 3950 2063 4004 adhin-

478 4038 561 4093 nit
592 4050 929 4097 commotum
981 4042 1049 4098 ah
1082 4042 1285 4113 impetu
1316 4043 1672 4113 passiouibus
1697 4043 1984 4114 implicito.

1100 4155 1328 4213 CAPUT
1360 4156 1446 4211 IV.

1099 4269 1176 4324 De
1210 4269 1454 4324 luxuria.

551 4383 895 4438 Continentia
937 4383 1350 4450 temperantiam
1388 4382 1546 4451 parit,
1582 4382 1848 4453 ingluvies
1874 4391 2055 4437 autem

2159 3216 2372 3288 κινήσει
2404 3216 2546 3268 κατά
2576 3214 2695 3283 σοῦ,
2723 3215 2829 3281 ἕως
2865 3214 2931 3268 ἂν
2961 3214 3384 3286 αίχμαλωτεύσῃ
3419 3214 3521 3287 σὴν
3543 3214 3743 3286 ψυχὴν.

2147 3310 2251 3380 ,καὶ
2280 3308 2463 3363 δοῦλον
2486 3306 2799 3378 παραδώσει
2831 3323 2889 3358 σε
2919 3305 2996 3379 τῷ
3024 3306 3123 3376 τῆς
3146 3304 3404 3376 πορνείας
3433 3304 3747 3362 πάθει.”1π-

2160 3417 2260 3462 πος
2298 3399 2531 3470 εὐήνιος,
2561 3395 2742 3467 ἐνδεὲς
2774 3394 2955 3468 σῶμα,
2988 3396 3081 3451 καὶ
3113 3397 3173 3451 ού
3212 3397 3286 3469 μὴ
3312 3396 3617 3452 καταϐαλεῖ
3652 3397 3747 3450 τὸν

2160 3490 2440 3561 ἀναϐάτην
2493 3488 2646 3555 ποτὲ,
2675 3490 2703 3542 ὁ
2736 3485 2834 3558 μὲν
2863 3486 2971 3559 γάρ
3000 3487 3138 3541 εἴκει
3182 3489 3485 3559 ἀγχόμενος
3518 3488 3745 3559 χαλινῷ,

2161 3583 2256 3639 καὶ
2282 3584 2348 3654 τῇ
2380 3582 2524 3653 χειρὶ
2561 3578 2808 3637 πείθεται
2837 3579 2928 3634 τοῦ
2954 3581 3194 3652 ἡνιόχου.
3228 3580 3391 3651 σῶμα
3419 3581 3477 3634 δὲ
3504 3580 3755 3651 δαμάζει

2159 3693 2249 3729 ται
2280 3677 2337 3727 ἐν
2368 3672 2534 3745 λιμῷ,
2578 3670 2672 3727 καὶ
2704 3670 3003 3743 ἀγρυπνίᾳ,
3049 3672 3143 3725 καὶ
3182 3673 3281 3725 οὐκ
3308 3672 3620 3745 ἀποσκιρτᾷ
3651 3674 3745 3728 τοῦ

2161 3766 2549 3831 ἐπιϐατοῦντος
2580 3763 2865 3836 λογισμοῦ,
2893 3762 3013 3817 οὐδὲ
3063 3766 3380 3837 χρεμετίσει
3424 3764 3755 3839 κινούμενον,

2165 3861 2270 3918 ὑπὸ
2298 3863 2474 3934 ὁρμῆς
2506 3857 2810 3931 ὲμπαθοῦς.

2797 4148 3052 4203 ΚΕΦΛΛ.
3074 4146 3149 4202 Δ’.

2722 4257 2870 4327 Περὶ
2901 4258 3210 4325 πορνείας.

2235 4368 2602 4442 Σωφροσύνην
2647 4370 2824 4425 τίκτει
2868 4368 3191 4441 ἐγκράτεια,
3223 4367 3642 4440 γαστριμαργία
3669 4367 3753 4432 δὲ,

479 4475 622 4540 eulze
652 4486 822 4530 mater
847 4486 930 4529 est
959 4474 1412 4543 intemperantia.
1446 4473 1639 4528 Oleum
1682 4475 1856 4529 nutrit
1894 4475 2058 4530 lucer-

2162 4461 2357 4533 μήτηρ
2408 4458 2709 4523 ἀκολασίας
2732 4474 2747 4490 ο
2776 4458 2960 4513 ἔλαιον
2989 4458 3184 4528 τρέφει
3229 4456 3494 4527 λαμπάδα
3533 4455 3757 4526 λύχνου,

480 4584 568 4622 ine
605 4566 927 4637 lampadem,
957 4575 1009 4621 et
1043 4565 1389 4621 conversatio
1465 4565 1754 4620 mulierum
1815 4566 2051 4621 faculam

484 4660 778 4729 voluptatis
811 4658 1083 4713 accendit.
1118 4656 1409 4712 Fluctumn
1448 4657 1705 4712 violentia
1741 4672 1850 4712 non
1919 4658 2060 4713 sub-

485 4752 767 4806 burratam
803 4752 973 4821 agitat
1004 4751 1206 4815 navim,
1260 4758 1315 4805 et
1340 4749 1600 4820 cogitatio
1632 4751 1881 4814 luxuriaz,
1912 4767 2081 4806 men;

487 4852 595 4896 tem
622 4840 1071 4897 incontinentem.
1107 4839 1445 4907 lmpudieitia
1475 4842 1775 4896 satietatem
1823 4847 2067 4897 assumet

487 4934 543 4988 in
591 4931 949 5002 adjutorium,
984 4931 1217 4986 dimittet
1241 4931 1385 4985 enim
1421 4932 1616 5002 ipsam,
1646 4941 1699 4987 et
1732 4932 1899 4987 stabit
1940 4946 2066 4987 cum

486 5026 835 5090 alversariis,
865 5035 923 5080 et
948 5025 1015 5080 ad
1044 5035 1345 5080 extremum
1388 5040 1495 5079 una
1535 5039 1655 5079 eum
1681 5022 1929 5079 hostibus
1955 5023 2068 5078 bel-

487 5117 600 5173 lum
628 5116 882 5172 sociabit.
916 5116 1287 5171 Iuvulneratus
1314 5121 1601 5186 permanet
1630 5114 1698 5168 ab
1730 5114 1935 5167 inimici
1984 5114 2069 5183 ja-

485 5208 651 5277 culis,
682 5208 775 5277 qui
806 5208 983 5279 diligit
1010 5208 1272 5278 quietem,
1309 5214 1383 5271 at,
1425 5205 1518 5275 qui
1551 5204 1715 5260 simul
1756 5218 1878 5258 cum
1906 5204 2064 5273 plebe

488 5300 771 5364 miscetur,
796 5300 1058 5354 continua
1098 5298 1301 5367 excipit
1330 5297 1575 5349 vulnera.
1622 5294 1858 5349 Obtutus
1907 5293 2068 5348 femi-

493 5407 579 5445 me
614 5390 778 5447 telum
811 5399 892 5445 est
920 5405 1127 5445 veneno
1165 5389 1456 5451 imlmtum,
1500 5386 1771 5443 sauciarit
1805 5384 2065 5450 animam,

493 5496 548 5541 et
580 5484 730 5539 virus
760 5481 977 5548 inludit,
1004 5492 1192 5553 etquo
1241 5478 1450 5535 diutius
1477 5478 1758 5550 perdurat,
1786 5494 1855 5532 eo
1899 5477 2071 5547 majo-

575 5680 615 5713 τί
648 5678 818 5731 Exod.
856 5693 989 5739 xvii,
1026 5678 1105 5737 l2.

1186 5677 1226 5707 θ’
1258 5675 1415 5729 l‘rov.
1449 5691 1574 5738 xxx,
1612 5676 1694 5727 15.
1775 5674 1823 5705 ⁸³
1857 5671 2007 5729 Exul
2064 5688 2121 5739 tt,

2172 4553 2268 4607 καὶ
2299 4549 2508 4625 πυρσὸν
2526 4550 2726 4622 ἡδονῆς
2751 4549 2980 4616 ἐξάπτει
3013 4548 3276 4620 συντυχία
3300 4547 3599 4617 γυναικῶν.
3641 4549 3761 4600 Κυ-

2175 4644 2362 4716 μάτων
2396 4641 2489 4714 βία
2521 4638 2776 4714 χειμάζει
2814 4641 3000 4695 πλοῖον
3025 4641 3445 4710 ἀνερμάτιστον,
3482 4639 3582 4694 καὶ
3608 4638 3757 4707 λογι-

2174 4738 2308 4810 σμὸς
2342 4736 2623 4807 πορνείας,
2652 4734 2779 4790 νοῦν
2814 4735 3054 4806 ἀκρατῆ.
3107 4732 3346 4805 Πορνεία
3394 4731 3761 4801 συμπαραλὴ-

2169 4830 2334 4901 ψεται
2383 4829 2543 4898 κόρον
2571 4828 2653 4892 είς
2691 4825 3029 4897 συμμαχίαν,
3056 4825 3260 4895 ἀφήσει
3289 4823 3399 4894 γὰρ
3433 4822 3622 4887 αὑτὸν,
3663 4820 3758 4874 καὶ

2170 4921 2310 4992 μετά
2331 4918 2441 4973 τῶν
2471 4916 2731 4973 ἐναντίων
2768 4916 3051 4987 στήσεται,
3085 4916 3180 4968 καὶ
3208 4913 3296 4966 ἐπ’
3331 4912 3579 4982 ἐσχάτων
3620 4926 3759 4980 συμ-

2167 5009 2468 5081 πολεμήσει
2514 5010 2626 5071 τοῖς
2658 5007 2895 5079 ἐχθροῖς.
2927 5005 3208 5075 Ἀτρωτος
3234 5002 3481 5074 θιαμένει
3516 5000 3629 5054 ἀπὸ
3651 4999 3761 5052 τῶν

2168 5101 2339 5173 βελῶν
2369 5100 2466 5155 τοῦ
2499 5098 2694 5171 ἐχθροῦ
2728 5099 2758 5152 ὀ
2801 5096 3032 5167 ἀγαπῶν
3060 5095 3320 5167 ἡσυχίαν,
3348 5091 3763 5163 συναναμιγνύ-

2175 5211 2335 5266 μενος
2385 5194 2443 5247 δὲ
2490 5192 2680 5264 πλήθει
2754 5192 2999 5261 συνεχεῖς
3044 5189 3260 5259 δέχεται
3308 5186 3544 5257 πληγάς.
3594 5184 3760 5253 Ὄψις

2172 5285 2433 5354 γυναικὸς
2479 5284 2631 5355 βέλος
2670 5282 2789 5336 ἐστὶ
2815 5278 3385 5351 πεφαρμακευμένον,
3411 5276 3621 5347 ἔτρωσε
3661 5272 3761 5344 τὴν

2172 5377 2373 5448 ψυχὴν,
2424 5377 2520 5433 καὶ
2562 5377 2657 5429 τὸν
2707 5373 2785 5427 ίὸν
2824 5372 3142 5431 ἐναπέθετο.
3194 5371 3292 5424 καὶ
3331 5370 3458 5423 ὅσον
3495 5366 3760 5438 χρονίζει,

2177 5471 2402 5525 πλείονα
2462 5469 2561 5540 τὴν
2621 5466 2786 5536 σῆψιν
2855 5463 3172 5537 ἐργάζεται.
3235 5462 3296 5517 '0
3352 5460 3765 5531 φυλασσόμενος

2166 5670 2249 5736 ll,
2288 5670 2369 5724 12.
