4046 6152
1513 196 1570 210 θ’*

315 309 450 374 1149

1375 313 1474 374 DE
1507 310 1693 370 OCTO
1713 309 2149 376 SPIRITIBUS
2172 315 2530 378 MALITIzE.

3433 316 3570 380 1150

311 425 484 478 ταῦτα
517 421 585 477 τὰ
617 422 769 492 βέλη,
811 426 871 478 οὐ
910 424 1251 494 παραϐάλλει
1297 424 1642 496 πανηγύρεσι
1676 423 1882 494 πανδή-

1987 439 2100 480 rem
2129 437 2321 482 causat
2349 426 2826 497 putrefactionem.
2863 426 2968 493 Qui
3000 441 3056 482 se
3091 427 3328 483 custodit
3355 428 3423 483 ab
3483 431 3566 486 his

317 533 457 586 μοις,
487 515 607 569 οὐδὲ
636 517 694 570 ἐν
722 518 842 579 ταῖς
870 518 1086 585 ἑορταῖς
1112 516 1360 583 περιάξει
1391 515 1654 587 κεχηνώς·
1680 516 1888 585 βέλτιον

314 605 422 677 γὰρ
444 605 583 659 οἴκοι
607 605 836 676 μένοντα
865 604 1147 674 σχολάζειν
1177 609 1528 677 προσευχαῖς,
1555 608 1586 678 ἢ
1618 610 1782 680 τιμᾷν
1809 625 1887 661 νο⁹

317 695 542 764 μίζοντα
597 695 698 758 τὰς
757 695 968 766 ἑορτὰς,
1029 695 1272 764 γίνεσθαι
1329 697 1608 766 πάρεργον
1653 697 1883 768 ἐχθρῶν.

312 786 482 855 Φεῦγε
543 788 830 856 συντυχίαν
862 787 1157 854 γυναικῶν,
1212 788 1306 841 ἐὰν
1353 787 1514 862 θέλῃς
1565 792 1883 859 σωφρονεῖν,

313 877 408 929 καὶ
459 877 532 947 μὴ
571 878 676 946 δῷς
715 878 1024 948 παρρησίαν
1058 880 1249 943 αὐταῖς
1290 879 1562 950 θαρρῆσαι
1604 880 1685 932 σοι
1730 897 1884 935 ποτε.

312 967 610 1020 Εὐλάϐειαν
643 969 748 1037 γάρ
776 969 833 1021 ἐν
872 970 1068 1040 ἀρχαῖς
1096 971 1128 1041 ἢ
1165 971 1380 1042 ἔχουσιν
1411 973 1444 1045 ἢ
1476 972 1880 1043 ὑποκρίνονται·

309 1057 535 1128 ὕστερον
564 1058 621 1111 δὲ
650 1060 820 1113 πάντα
851 1061 1123 1132 τολμῶσιν
1147 1063 1410 1127 ἀναιδῶς·
1453 1063 1644 1137 πρώτῃ
1687 1081 1882 1118 συντυ-

309 1149 402 1220 χίᾳ
424 1149 484 1201 τὸ
508 1149 728 1220 βλέμμα
757 1151 940 1222 ἔχουσι
971 1155 1141 1221 κάτω,
1177 1155 1398 1209 λαλοῦσι
1429 1157 1640 1226 πράως,
1673 1159 1766 1210 καὶ
1793 1157 1888 1211 δαη

308 1239 536 1310 κρύουσι
568 1242 890 1311 συμπαθῶς,
923 1245 1350 1315 σχηματίζονται
1383 1248 1616 1317 σεμνῶς,
1647 1249 1741 1301 καὶ
1768 1266 1888 1302 στε-

306 1331 527 1394 νάζουσι
554 1333 748 1403 πικρὰ,
781 1334 1026 1404 ἐρωτῶσι
1055 1335 1186 1406 περὶ
1225 1336 1467 1405 ἁγνείας,
1500 1339 1595 1390 καὶ
1626 1339 1884 1394 ἀκούουσι

308 1421 634 1484 σπουδαίως·
683 1422 936 1494 δεύτερον
990 1423 1150 1493 εἶδες,
1187 1427 1282 1480 καὶ
1337 1428 1532 1498 μικρὸν
1589 1431 1885 1488 ἀνένευσαν

305 1512 439 1564 ἄνω·
491 1513 692 1583 τρίτον,
729 1514 822 1566 καὶ
854 1515 1213 1586 προσέχουσιν
1239 1517 1493 1581 ἀναιδῶς,
1541 1519 1882 1588 ἐμειδιάαας,

307 1603 562 1656 κάκεῖναι
609 1605 924 1674 κεχυμένως
974 1606 1256 1674 ἐγέλασαν·
1291 1609 1623 1678 κοσμοῦνται
1671 1610 1880 1672 λοιπὸν,

307 1693 399 1744 καὶ
435 1693 797 1750 ἐνδείκνυνται
832 1713 918 1754 σοι
945 1696 1155 1764 σαφῶς,
1205 1696 1425 1768 βλέμμα
1465 1698 1763 1770 μορφοῦσιν
1793 1702 1884 1754 εύ-

305 1782 730 1854 αγγελιζόμεναι
777 1784 840 1838 τὸ
895 1785 1086 1850 πάθος,
1143 1765 1318 1857 ὀφρῦς
1350 1765 1737 1851 ἀνατείνουσι,
1792 1791 1886 1848 καὶ
1916 1765 1959 1823 Β

306 1875 736 1944 περιστρέφουσι
764 1866 1030 1948 βλέφαρα,
1054 1877 1321 1948 γυμνοῦσι
1354 1880 1445 1932 τὸν
1469 1881 1762 1951 τράχηλον,
1793 1884 1886 1937 καὶ

303 1960 409 2031 ὅλῳ
436 1962 516 2032 τῷ
553 1963 765 2034 σώματι
805 1965 1153 2040 θρύπτονται,
1181 1968 1371 2035 λόγους
1415 1970 1635 2025 λαλοῦσι
1673 1974 1888 2042 μαλάσ-

305 2067 500 2114 σοντας
533 2051 594 2104 τὸ
627 2053 818 2119 πάθος,
850 2055 944 2108 καὶ
998 2055 1218 2123 φθέγμα
1265 2057 1645 2126 ἐπιτηδεύουσι
1694 2059 1888 2131 θέλγη-

305 2156 468 2210 στρον
501 2142 690 2212 ἀκοῆς,
727 2141 832 2204 ἕως
865 2143 931 2197 ἂν
960 2142 1048 2196 διὰ
1090 2145 1308 2198 πάντων
1341 2146 1743 2216 πολιορκήσωσι
1785 2151 1886 2221 τὴν

301 2231 502 2302 ψυχήν.
528 2232 714 2285 Ταῦτα
740 2234 953 2299 γίνεταί
1003 2250 1087 2286 σοι
1137 2234 1407 2304 ἄγκιστρα
1439 2234 1760 2300 δελεάζοντα
1805 2239 1887 2302 είς

303 2318 559 2385 θάνατον,
613 2322 708 2374 καὶ
756 2321 1004 2392 θήρατρα
1051 2321 1365 2376 πολύπλοκα
1405 2322 1633 2378 ἕλκοντα
1674 2327 1754 2388 εἰς
1784 2329 1886 2380 ἀπ-

303 2409 524 2473 ώλειαν,
559 2413 632 2482 μή
681 2430 739 2465 σε
783 2413 1096 2484 πλανήσωσι
1146 2413 1326 2482 λόγοις
1363 2416 1620 2480 ἐπιεικῶς
1675 2435 1885 2490 κεχρη-

307 2505 494 2572 μέναι·
532 2504 902 2575 ἐγκέκρυπται
959 2505 1068 2578 γὰρ
1127 2507 1317 2570 αὐταῖς
1371 2507 1448 2570 ἰὸς
1497 2511 1732 2580 πονηρὸς
1790 2512 1883 2583 θη-

308 2611 460 2662 ριων.

1991 515 2132 580 telis,
2178 531 2284 570 non
2318 517 2384 574 ad
2415 517 2728 588 frequentes
2764 517 2945 587 pepuli
2985 525 3288 572 conventus
3345 532 3568 587 progre-

1988 603 2156 670 ditur,
2205 619 2306 660 nec
2362 606 2417 660 in
2473 605 2667 662 diebus
2741 605 2897 661 festis
2945 606 3257 660 circumibit
3317 607 3568 660 inhians‘

1988 695 2186 754 melius
2223 705 2309 750 est
2357 696 2504 750 enim
2549 706 2982 751 commorantem
3013 696 3160 751 domi
3190 697 3424 750 orationi
3479 712 3574 751 va-

1988 803 2137 853 care,
2178 804 2365 858 quam,
2407 791 2536 844 dum
2605 791 2876 846 honorare
2915 805 2974 843 se
3019 789 3142 857 quis
3192 795 3344 858 putat
3401 787 3570 843 festas

1987 878 2382 944 solemnitates,
2412 879 2478 934 ad
2508 889 2820 950 susceptum
2854 894 2993 948 opus
3023 879 3371 934 inimicorum
3414 894 3572 934 acce-

1988 967 2137 1024 dere.
2189 967 2539 1024 Feminarum
2570 971 3036 1026 conversationem
3099 968 3242 1038 fuge,
3280 970 3326 1025 si
3392 971 3570 1025 conti-

1988 1073 2126 1114 nens
2155 1073 2278 1115 esse
2301 1061 2460 1127 velis,
2491 1076 2668 1132 neque
2720 1061 2817 1117 des
2855 1061 2988 1130 ipsis
3033 1061 3286 1116 fiduciam
3318 1077 3438 1116 sese
3475 1062 3569 1115 tibi

1986 1151 2322 1208 conﬁdentes
2397 1167 2638 1222 unquam
2706 1152 3136 1208 demonstrandi.
3194 1150 3252 1206 in
3306 1153 3570 1223 principio

1985 1257 2225 1312 uanique
2253 1244 2631 1305 reverentiam,
2682 1251 2779 1298 aut
2807 1243 3030 1308 habent,
3065 1254 3161 1298 aut
3197 1244 3486 1309 simulant;
3517 1255 3571 1297 at

1985 1332 2182 1388 deinde
2204 1332 2405 1388 audent
2427 1335 2614 1388 omnia
2640 1334 3002 1403 impudenter.
3045 1334 3256 1389 Etenim
3303 1335 3356 1388 in
3391 1336 3565 1404 prima

1985 1423 2397 1479 conversatione
2441 1425 2650 1479 vultum
2703 1425 2865 1480 etiam
2883 1451 2896 1466 --
2915 1425 3224 1488 demittunt,
3291 1434 3572 1480 mansuete

1985 1512 2303 1583 loquuntur;
2322 1513 2489 1586 ιω
2513 1524 2564 1569 et
2595 1530 2719 1570 cum
2749 1516 3130 1586 eompassione
3171 1515 3567 1586 lacrymantur,

1985 1604 2220 1674 graviter
2266 1605 2604 1676 honesteque
2649 1616 2988 1678 componunt
3017 1607 3283 1670 habitum,
3305 1616 3358 1660 et
3388 1621 3574 1661 amare

1987 1699 2288 1765 suspirant,
2359 1698 2696 1769 interrogant
2759 1700 2827 1754 de
2894 1699 3163 1763 castitate,
3211 1713 3275 1752 ac
3325 1698 3573 1752 studiose
3637 1751 3639 1753 .

1987 1786 2220 1842 audiunt
2253 1805 2268 1842 :
2304 1787 2548 1843 secundo
2594 1789 2801 1854 vid-isti,
2835 1799 2891 1844 et
2922 1790 3036 1858 jam
3075 1787 3358 1858 paululum
3403 1799 3569 1859 caput

1987 1892 2209 1934 sursum
2261 1877 2547 1934 reflectunt
2581 1897 2593 1932 :
2645 1879 2838 1945 tertio,
2875 1879 3243 1934 inverecunde
3280 1879 3442 1934 etiam
3487 1888 3574 1932 at-

1989 1969 2256 2024 tendunt:
2309 1969 2508 2023 leniter
2537 1971 2813 2025 sulu-isisti
2849 1979 2943 2036 tu;
2977 1971 3085 2025 illa;
3137 1971 3351 2026 hiantes
3404 1967 3574 2026 effuse

1988 2059 2207 2126 rident;
2241 2060 2365 2115 dein
2402 2069 2764 2124 exornantur,
2795 2069 2848 2116 et
2881 2062 2975 2115 tibi
3013 2077 3135 2118 sese
3159 2062 3437 2131 eleganter
3479 2077 3573 2116 os-

1988 2159 2222 2214 tentant,
2249 2151 2500 2205 obtutum
2548 2150 2860 2216 eﬂ‘ormant.
2899 2152 3290 2207 annuntiantes
3321 2150 3572 2206 affectum

1991 2241 2284 2311 supercilia
2320 2242 2562 2312 erigunt,
2593 2251 2646 2296 et
2702 2242 3083 2313 circumagunt
3115 2244 3425 2312 palpebras,
3474 2243 3572 2298 de-

1988 2333 2203 2387 nudant
2243 2332 2467 2397 collum,
2499 2340 2726 2402 taloque
2776 2349 3002 2402 corpore
3048 2335 3281 2404 joeulari
3337 2335 3570 2405 quadam

1987 2420 2338 2474 simulatione
2379 2429 2628 2486 utuntur,
2691 2437 2975 2479 sermones
3022 2425 3356 2494 eloquuntur
3405 2425 3575 2479 emol-

1984 2511 2178 2565 lientes
2222 2510 2499 2578 aﬂ'ectum,
2536 2522 2590 2568 et
2625 2515 2960 2568 concinnant
3001 2531 3186 2580 voces,
3224 2515 3288 2570 ad
3322 2516 3569 2570 auditum

1984 2604 2357 2670 mulcendum,
2377 2607 2552 2662 donec
2577 2609 2815 2662 animam
2837 2610 3066 2664 omnino
3096 2620 3425 2679 expugnent.
3447 2611 3574 2664 Haec

306 2686 398 2738 tibi
435 2686 580 2740 hami
613 2687 866 2748 evadunt,
903 2687 1235 2758 decipientes
1289 2691 1357 2744 ad
1393 2699 1644 2754 mortem,
1675 2695 1989 2766 pedicagque
2045 2699 2371 2768 multiplices
2404 2699 2470 2753 ad
2543 2701 2824 2756 interitum
2895 2702 3206 2765 trahentes;
3280 2717 3347 2757 ne
3407 2712 3457 2754 to,
3518 2703 3572 2755 in

301 2794 545 2836 errorem
586 2781 786 2835 ducant
834 2781 1088 2851 alloquiis
1125 2783 1356 2853 benigne
1406 2794 1638 2850 utentes,
1677 2787 1729 2839 in
1773 2788 1858 2841 his
1896 2790 2040 2843 enim
2078 2789 2372 2859 malignum
2409 2789 2710 2844 belluarum
2761 2799 2844 2844 est
2899 2792 3229 2844 occultatum
3277 2806 3569 2845 Venenum.

902 2895 1154 2949 ΚΕΦΑΛ.
1205 2897 1279 2949 E’.

372 3010 592 3066 Μᾶλλον
629 3009 997 3082 προσέγγισον
1060 3008 1196 3081 πυρὶ
1238 3011 1536 3082 καιομένῳ,
1583 3011 1616 3082 ἦ
1660 3014 1879 3080 γυναικὶ

300 3107 417 3177 νέᾳ,
449 3106 572 3168 νέος
607 3103 684 3158 ὢν
729 3107 823 3156 καὶ
870 3104 1054 3166 αὐτός·
1096 3105 1228 3174 πυρὶ
1271 3105 1370 3174 μὲν
1399 3103 1506 3174 γὰρ
1541 3103 1877 3174 προσελθὼν,

301 3201 393 3252 καὶ
429 3197 732 3267 ὀδυνηθεὶς,
768 3198 980 3266 ταχέως
1013 3196 1406 3267 ἀποπηδήσεις,
1447 3196 1777 3264 γυναικείοις
1821 3194 1878 3247 δὲ

292 3285 511 3360 ’ῥήμασι
536 3287 855 3357 χαυνωθεὶς,
882 3288 980 3341 οὐκ
1001 3287 1239 3357 εὐχερῶς
1264 3289 1658 3359 ἀναχωρήσεις.
1685 3287 1878 3340 Θάλλει

303 3378 501 3448 βοτάνη
529 3376 742 3429 ἑστῶσα
774 3376 905 3446 παρ’
943 3375 1116 3438 ὕδατι,
1158 3375 1254 3429 καὶ
1295 3375 1467 3438 πάθος
1495 3375 1788 3439 ἀκολασίας
1821 3377 1879 3429 ἐν

305 3467 564 3538 συντυχίᾳ
595 3465 888 3534 γυναικῶν.
927 3464 986 3518 Ὀ
1020 3465 1243 3536 πληρῶν
1281 3466 1544 3536 γαστέρα,
1581 3466 1674 3519 καὶ
1711 3467 1880 3534 ἐπαγ-

302 3558 625 3627 γελλόμενος
658 3560 974 3627 σωφρονεῖν,
1005 3556 1189 3625 ὅμοιός
1217 3557 1333 3610 ἐστι
1360 3557 1436 3627 τῷ
1464 3556 1697 3625 λέγοντι,
1725 3557 1877 3628 χαλι-

303 3646 428 3698 νοῦν
479 3646 654 3717 πυρὸς
705 3645 984 3716 ἐνέργειαν
1028 3649 1086 3697 ἐν
1115 3645 1356 3718 καλάμῃ.
1391 3647 1488 3698 Ὃν
1535 3646 1736 3716 τρόπον
1770 3646 1879 3716 γὰρ

302 3738 475 3807 πυρὸς
518 3736 695 3808 ῥοπὴν
753 3737 811 3789 ἐν
857 3735 1082 3807 καλάμῃ
1121 3735 1418 3806 τρέχουσαν
1465 3733 1726 3788 ἀδύνατον
1762 3738 1880 3787 ἐπιο

299 3830 471 3896 σχεῖν,
507 3826 685 3889 οὕτως
712 3826 892 3897 ὁρμὴν
913 3826 1208 3878 ἀκόλαστον
1240 3825 1578 3894 φλεγομένην
1619 3825 1676 3876 ἐν
1734 3825 1880 3893 κόρῳ

295 3918 505 3972 παῦσαι
563 3917 846 3972 ἀδύνατον,
905 3916 1102 3980 Στύλος
1150 3916 1491 3985 ἐπερείδεται
1553 3915 1730 3985 βάσει,
1786 3916 1880 3967 καὶ

298 4010 563 4080 πορνείας
619 4008 793 4073 πάθος
849 4007 1260 4062 ἐπαναπαύεται
1331 4005 1496 4076 κόρῳ.
1558 4008 1651 4068 Εἰς
1722 4004 1878 4074 λιμέ-

297 4117 364 4152 να
404 4100 690 4167 ἐπείγεται
734 4096 1107 4169 χειμαζομένη
1154 4096 1306 4161 ναῦς,
1342 4097 1437 4150 καὶ
1472 4096 1619 4167 ψυχὴ
1661 4094 1877 4167 σώφρο-

297 4208 388 4254 νος
448 4192 702 4260 ἐπιζητεῖ
739 4189 1007 4260 ἐρημίαν·
1041 4187 1229 4257 φεύγει
1280 4189 1309 4258 ἡ
1361 4189 1458 4259 μὲν
1512 4187 1732 4257 κύματα
1786 4186 1882 4240 9a-

2603 2901 2833 2956 CAPUT
2880 2901 2941 2955 ν.

2057 3014 2458 3092 Appropinqua
2511 3013 2692 3082 potius
2748 3015 2854 3084 igni
2893 3015 3126 3079 ardenti,
3175 3031 3336 3083 quam
3366 3016 3569 3084 juniori

1988 3100 2224 3169 fumium,
2258 3119 2380 3159 cum
2416 3110 2471 3157 et
2496 3102 2610 3173 ipse
2634 3103 2711 3157 sis
2736 3103 3054 3160 adolescens
3082 3123 3095 3172 ;
3138 3121 3261 3160 nam
3304 3107 3366 3160 ad
3389 3108 3566 3178 ignem

1985 3194 2202 3264 quidem
2230 3193 2514 3258 accedens,
2587 3193 2936 3264 doloremque
2996 3197 3260 3260 sentiens,
3319 3198 3569 3253 celeriter

1985 3285 2216 3350 resilies,
2255 3285 2616 3339 muliebribus
2641 3297 2822 3340 autem
2873 3287 3057 3343 verbis
3087 3289 3365 3350 delinitus.
3425 3289 3568 3344 haud

1986 3375 2058 3429 ita
2094 3374 2252 3429 facile
2284 3377 2526 3432 recedes.
2575 3377 2760 3432 Floret
2793 3379 2956 3435 herba
2993 3397 3188 3451 propre
3219 3397 3414 3450 aquam
3435 3384 3567 3444 sita,

1985 3473 2035 3517 et
2066 3464 2247 3532 passio
2297 3463 2734 3534 intemperantiae
2772 3465 2827 3520 in
2866 3469 3143 3522 consortio
3183 3466 3433 3533 feminae;
3474 3469 3567 3537 qui

1987 3564 2226 3609 ventrem
2275 3555 2494 3625 implet,
2539 3556 2811 3628 simulque
2876 3566 3264 3628 temperantem
3294 3575 3353 3614 se
3384 3575 3571 3630 gerere

1985 3647 2290 3715 profitetur,
2322 3645 2614 3715 persimilis
2640 3656 2724 3700 est
2751 3648 3034 3711 asserenti,
3065 3663 3122 3702 se
3160 3647 3375 3703 frenare
3423 3648 3565 3718 ignis

1987 3734 2237 3790 effectum
2277 3736 2330 3789 in
2359 3737 2596 3806 stipula;
2632 3754 2756 3792 nam
2787 3739 2926 3794 sicut
2967 3739 3106 3809 ignis
3163 3740 3568 3805 devergentia")

1989 3824 2040 3880 in
2073 3823 2267 3891 stipula
2304 3824 2661 3878 cursitantem
2705 3825 2848 3878 haud
2894 3826 3089 3878 sistere
3120 3840 3442 3893 possumus,
3487 3828 3569 3882 sic

1989 3915 2247 3982 impetum
2287 3915 2731 3983 intemperantem
2767 3917 2817 3968 iu
2861 3915 3110 3969 satietate
3171 3917 3566 3972 inﬂammatum

1991 4002 2224 4056 retinere
2256 4014 2339 4056 est
2370 4002 2724 4070 impossibile.
2755 4002 3019 4056 Columna
3065 4003 3180 4054 basi
3217 4002 3490 4066 innititur,
3514 4013 3570 4058 et

1988 4092 2218 4146 luxui-hc
2250 4094 2431 4157 passio
2457 4093 2508 4145 in
2541 4093 2834 4147 securitate
2863 4093 3222 4158 conquiescit.
3249 4093 3409 4147 Navis
3440 4105 3570 4148 tent-

1990 4188 2192 4256 pestzﬂe
2223 4185 2436 4247 amicta,
2471 4185 2534 4237 ad
2569 4193 2784 4252 portum
2821 4183 3017 4236 festino
3061 4182 3230 4253 gradu
3263 4185 3564 4250 contendit,

294 4284 502 4352 λάσσης
534 4283 867 4336 ἀπειλοῦντα
904 4280 1167 4344 κίνδυνον,
1195 4281 1228 4351 ἡ
1258 4280 1313 4332 δὲ
1346 4279 1560 4350 μορφὰς
1604 4278 1880 4347 γυναικῶν

1987 4291 2040 4332 et
2066 4277 2245 4330 anima
2296 4273 2453 4346 461
2509 4273 2691 4345 pudici
2767 4274 2997 4345 requirit
3042 4273 3434 4328 solitudinem:
3482 4273 3568 4327 fu-

295 4372 592 4435 ὀδυνούσας
649 4369 889 4437 ὄλεθρον.
936 4369 1135 4439 Μορφὴ
1188 4367 1674 4437 κεκαλλωπισμένη
1707 4367 1886 4436 κύμα-

297 4478 387 4524 τος
428 4466 612 4535 χεῖρον
666 4460 894 4530 βυθίζει·
947 4459 1038 4512 τοῦ
1081 4460 1176 4528 μὲν
1205 4460 1313 4530 γὰρ
1357 4459 1471 4512 ἔστι
1515 4460 1607 4511 καὶ
1636 4458 1885 4528 διανήξα-

301 4553 446 4615 σθαι,
484 4554 638 4624 πόθῳ
683 4552 847 4620 ζωῆς,
881 4550 1062 4622 μορφὴ
1113 4551 1171 4604 δὲ
1225 4551 1483 4618 γυναικὸς
1531 4551 1881 4622 ἀπατήσασα,

298 4647 669 4713 καταφρονεῖν
691 4643 870 4695 πείθει
897 4645 990 4695 καὶ
1023 4643 1192 4712 αὐτῆς
1229 4644 1326 4712 τῆς
1352 4642 1516 4712 ζωῆς.
1553 4642 1724 4704 Bito;
1753 4644 1882 4713 ἐρη-

303 4735 439 4805 μικὴ
488 4733 778 4802 διαφεύγει
818 4734 990 4800 φλόγα
1029 4732 1198 4801 πυρδς
1224 4732 1496 4794 ἀϐλαϐῶς,
1529 4734 1621 4785 καί
1648 4731 1880 4803 σώφρων

300 4825 715 4895 κεχωρισμένος
763 4824 1038 4892 γυναικῶν
1085 4823 1184 4875 οὐκ
1237 4822 1526 4891 ἐφλογίσθη
1585 4822 1882 4884 ἀκολασίας

297 4915 485 4969 πάθει·
543 4915 734 4986 ὥσπερ
779 4915 888 4983 γὰρ
955 4915 1144 4983 μνήμη
1212 4912 1380 4981 πυρὸς
1437 4913 1495 4964 οὐ
1556 4913 1700 4964 καίει
1764 4912 1882 4964 διά·

292 5023 479 5072 νοιαν,
549 5005 696 5060 οὕτω
760 5007 878 5059 οὺδέ
944 5006 1115 5068 πάθος
1182 5003 1388 5074 ἰσχύει,
1465 5002 1540 5073 μὴ
1601 5003 1884 5074 παρούσης

299 5096 458 5166 ὕλης.

1981 4371 2057 4440 git
2087 4369 2174 4422 illa
2202 4368 2421 4438 quidem
2457 4369 2625 4422 maris
2661 4368 2862 4433 undas,
2896 4366 3198 4437 periculum
3225 4367 3565 4422 comminan-

1982 4473 2099 4528 tes;
2151 4460 2252 4515 ista
2277 4475 2408 4514 vero
2441 4459 2762 4513 feminarum
2794 4459 2998 4515 formas
3027 4459 3252 4514 exitium
3283 4474 3406 4514 cunt
3457 4459 3562 4512 do-

1980 4553 2092 4607 lore
2139 4555 2430 4623 parientes.
2476 4552 2671 4607 Forma
2701 4562 2989 4615 exornata,
3022 4552 3330 4622 decoreque
3369 4551 3559 4606 excul-

1980 4653 2031 4696 ta
2061 4645 2212 4715 pr-jus
2259 4646 2453 4714 quovis
2480 4643 2642 4698 ﬂuctu
2675 4646 2728 4698 in
2765 4645 3099 4714 profundum
3136 4642 3401 4712 demergit
3432 4658 3563 4709 gur-

1981 4735 2144 4805 gitem
2173 4752 2188 4800 ;
2219 4743 2273 4788 et
2304 4734 2451 4787 hunc
2483 4735 2702 4802 quidem
2737 4734 3002 4804 contingit
3031 4741 3090 4789 ut
3125 4733 3270 4800 quis,
3323 4746 3431 4800 prae
3465 4729 3563 4782 de-

1990 4826 2193 4882 siderio
2224 4827 2368 4886 vitae,
2402 4826 2637 4880 natando
2667 4833 3047 4896 pertranseat;
3110 4822 3321 4892 species
3379 4830 3561 4874 autem

1993 4914 2237 4970 mulieris
2285 4914 2626 4984 decipiendo,
2697 4913 2869 4982 ipsam
2932 4926 3150 4980 quoque
3211 4910 3374 4961 vitam
3435 4925 3566 4961 con—

1990 5013 2234 5059 temnerc
2321 5003 2637 5073 persuadet.
2715 4999 3005 5055 Solitarius
3062 4998 3232 5052 rubus
3285 4996 3561 5050 “animum

1991 5096 2130 5165 ignis
2173 5094 2289 5150 sine
2355 5110 2492 5148 noxa
2528 5093 2732 5162 effugit,
2772 5100 2826 5146 et
2869 5091 3098 5162 pudicus
3141 5105 3168 5142 a
3227 5088 3444 5142 feminis
3475 5103 3572 5141 se-e

298 5195 530 5258 Immitis
561 5224 576 5247 .
627 5201 739 5238 non
792 5186 1164 5239 inflammatus
1228 5193 1309 5238 est
1353 5182 1785 5249 intemperantiae
1821 5183 2108 5249 passione;
2173 5183 2630 5254 quemadmodum
2683 5182 2829 5234 enim
2894 5177 3152 5233 memoria
3209 5176 3350 5246 ignis
3401 5176 3562 5231 intele

297 5277 502 5331 lcrtutn
563 5288 673 5325 non
709 5277 908 5338 exurit,
947 5275 1027 5328 sic
1071 5288 1246 5342 neque
1293 5272 1433 5325 \alet
1486 5272 1693 5339 passio,
1761 5285 1882 5324 cum
1926 5275 2147 5326 materia
2181 5291 2285 5328 non
2318 5274 2477 5328 adsit.

913 5385 1164 5439 ΚΕΦΑΛ.
1196 5377 1287 5452 ς’.

385 5499 519 5552 Ἐὰν
555 5500 790 5571 ἐλεήσῃς
824 5501 1103 5568 πολέμιον,
1131 5501 1282 5552 ἔσται
1312 5515 1392 5549 σοι
1426 5493 1637 5564 ἐχθρὸς,
1669 5496 1761 5548 καὶ
1789 5496 1884 5549 ἐὰν

299 5593 465 5661 φείσῃ
498 5589 731 5654 πάθους,
769 5590 1206 5658 ὲπαναστήσεταὶ
1241 5586 1680 5642 σοι.’Λκόλαστον
1713 5584 1886 5655 ἐρεθί-

303 5682 382 5746 {ei
416 5679 556 5746 πρὸς
587 5678 782 5748 ἡδονὴν
803 5680 923 5747 ὄψις
957 5679 1232 5744 γυναικδς,
1266 5678 1352 5730 τὴν
1387 5675 1441 5728 δὲ
1474 5672 1720 5742 σώφρονα
1751 5677 1886 5726 κινεῖ

2578 5382 2804 5438 CAPUT
2856 5381 2943 5435 Vl.

2065 5494 2122 5550 Si
2147 5495 2454 5556 miserearis
2500 5493 2800 5557 bellatoris,
2869 5493 2971 5547 erit
3027 5493 3118 5547 tibi
3169 5493 3362 5557 hostis,
3407 5495 3562 5563 sique

1993 5586 2232 5656 passioni
2313 5585 2640 5654 peperceris,
2699 5583 2989 5637 adversum
3061 5593 3111 5636 te
3162 5583 3421 5652 insurget.
3475 5584 3560 5636 ln-

1994 5686 2380 5745 temperantem
2430 5677 2493 5728 ad
2536 5676 2863 5744 voluptatein
2904 5675 3072 5727 irritat
3109 5686 3360 5742 aspectus
3406 5673 3560 5728 femi-
