4046 6152
1449 369 1546 428 DE
1570 366 1768 427 OCTO
1795 361 2234 425 SPIRITIBUS
2278 363 2637 424 MALITUE.

980 483 1231 538 ΚΕΨΛᾹ.
1275 481 1355 534 H‘.

2635 478 2867 535 CAPUT
2897 478 3030 535 VIII.

454 598 709 652 Θάλασσα
738 597 839 650 οὐκ
864 595 1227 666 ἐμπίπλαται,
1257 595 1518 665 ποταμῶν
1537 594 1800 665 δεχομένη
1830 592 1958 664 πλῆε

2131 586 2277 641 Mare
2310 602 2653 658 nequaquam
2689 591 2966 660 impletur,
3006 590 3293 644 ﬂuminum
3324 589 3632 659 suscipiens

387 695 498 757 θος,
532 690 625 745 καὶ
647 689 908 759 ἐπιθυμία
938 687 1278 759 φιλαργύρου
1311 688 1373 740 οὐ
1406 687 1707 758 πληροῦται
1740 680 1953 757 χρημάο

2058 679 2485 743 multitudinem,
2529 690 2583 734 et
2618 682 2767 734 avari
2799 682 3068 751 cupiditas
3098 680 3348 749 pecuniis
3378 696 3486 735 non
3538 697 3634 736 ex-

384 801 515 847 των,
569 779 916 835 ὲδιπλασίασε
972 779 1041 831 τὰ
1086 779 1368 849 χρήματα,
1423 779 1517 831 καὶ
1566 776 1741 831 ταῦτα
1796 777 1958 831 διπλᾶ

2061 769 2256 840 pietur.
2289 769 2591 838 Duplicavit
2614 771 2849 833 divitias,
2887 786 3090 840 easque
3148 770 3486 839 reduplicarc
3533 771 3632 826 de-
3668 785 3675 791 ‘

385 874 606 943 ποιῆσαι
645 872 919 941 ἐπιθυμεῖ,
969 870 1066 923 καὶ
1120 870 1215 924 τοῦ
1272 869 1648 935 διπλασιάζειν
1701 868 1958 923 etiam

2062 871 2176 910 nuo
2207 857 2567 925 concupiscit,
2597 871 2698 912 nec
2734 872 2762 910 a
2793 857 2886 912 t-aii
2919 872 3153 927 unquam
3185 869 3363 912 cessat
3394 857 3635 928 redupli-

385 962 639 1027 παύεται,
668 961 773 1024 ἕως
814 960 880 1014 ἂν
917 960 1146 1024 θάνατος
1169 959 1268 1032 τὴν
1296 961 1556 1031 ἀνήνυτον
1583 960 1787 1029 ταύτην
1816 959 1958 1014 παύ-

2060 945 2294 1011 cationc,
2324 945 2498 1001 donec
2534 962 2684 1002 mors
2721 946 2880 1002 inane
2928 962 2993 1002 ac
3025 961 3224 1001 vanum
3255 948 3358 1002 hoe
3387 948 3637 1004 desinere

387 1065 455 1123 σῃ
486 1052 745 1120 σπουδήν.
775 1049 1003 1113 Συνετδς
1037 1049 1270 1119 μοναχδς
1296 1052 1362 1121 τῇ
1391 1053 1551 1122 χρείᾳ
1585 1049 1837 1121 προσέξει
1862 1034 1958 1105 τοῦ

2059 1034 2227 1090 faciat
2268 1035 2529 1089 studium.
2573 1036 2818 1091 Prudens
2888 1035 3189 1090 monachus
3233 1036 3481 1105 corporis
3506 1041 3628 1091 “ne-

387 1141 659 1211 σώματος,
693 1141 788 1194 καὶ
809 1140 907 1210 τὴν
932 1140 1141 1195 ἔνδειαν
1172 1140 1273 1208 τῆς
1294 1141 1533 1212 γαστρὸς
1564 1141 1714 1212 ἄρτῳ
1741 1139 1958 1212 πληρώ-

2059 1128 2302 1184 cessitati
2335 1129 2597 1190 attendet,
2627 1136 2682 1182 et
2707 1125 3063 1196 indigentiam
3093 1126 3299 1180 ventris
3345 1141 3484 1194 pane
3536 1141 3633 1181 ex-

387 1249 491 1294 σει,
531 1232 629 1285 καὶ
671 1229 847 1294 ὕδατι,
887 1231 946 1283 οὐ
982 1229 1301 1283 κολακεύσει
1337 1229 1701 1295 πλουτοῦντας
1740 1231 1808 1283 δι’
1839 1230 1958 1301 ἠδο-

2059 1220 2225 1290 plebit
2257 1227 2311 1273 et
2339 1234 2501 1289 aqua,
2535 1234 2638 1273 non
2680 1217 2999 1272 adulabitur
3023 1216 3383 1284 locupletibus
3407 1217 3478 1271 ob
3502 1228 3634 1271 ven;

386 1323 481 1392 νὴν
503 1321 762 1393 γαστρὸς,
784 1321 905 1373 οὐδὲ
927 1320 1184 1374 δουλώσει
1209 1319 1334 1375 νοῦν
1361 1319 1644 1391 ἐλεύθερον
1672 1321 1958 1384 δεσπόταις

2059 1311 2161 1364 tris
2196 1310 2565 1379 voluptatem;
2601 1324 2775 1378 neque
2833 1306 3017 1362 multis
3107 1306 3341 1361 dominis
3399 1316 3632 1361 mentem

387 1410 620 1472 πολλοῖς·
654 1410 836 1464 ἱκαναὶ
868 1409 976 1479 γὰρ
1007 1410 1064 1461 αἱ
1092 1411 1273 1479 χεῖρες
1296 1407 1638 1478 ὑπηρετῆσαι
1662 1406 1741 1477 τῷ
1773 1394 1958 1476 σώμα-

2059 1401 2282 1455 liberam
2313 1401 2492 1469 adiget
2522 1414 2764 1465 servam;
2803 1398 3131 1453 suﬂicientes
3174 1396 3320 1451 enim
3349 1405 3476 1451 sunt
3513 1413 3634 1450 man

384 1518 460 1566 τι,
493 1501 588 1554 καὶ
610 1502 710 1571 τὴν
747 1500 982 1570 φυσικὴν
1010 1499 1259 1568 ἀνάγκην
1297 1498 1583 1568 πληρῶσαι
1615 1496 1705 1552 διὰ
1736 1498 1955 1567 παντός.

2057 1509 2164 1548 nus
2192 1493 2258 1547 ad
2293 1492 2714 1547 ministrandum
2741 1491 2980 1559 corpori,
3010 1497 3066 1543 et
3096 1489 3398 1543 naturakm
3445 1499 3634 1545 neces-

398 1594 689 1663 Ἅκτήμων
718 1591 971 1663 μοναχὸς,
996 1589 1235 1661 ἀθλητὴς
1257 1587 1684 1660 άμεσολάδητος,
1716 1588 1814 1641 καὶ
1840 1586 1958 1658 δρο-

2059 1585 2273 1639 sitatem
2308 1584 2568 1638 continuo
2625 1582 3024 1652 adimplendam
3052 1581 3118 1633 “.
3174 1580 3489 1643 Monachus,
3538 1581 3634 1651 qui

389 1684 527 1755 μεὺς
565 1682 785 1750 κοῦφος,
831 1681 1041 1751 ταχέως
1084 1681 1301 1750 φθάνων
1341 1681 1435 1733 ἐπὶ
1462 1679 1526 1733 τὸ
1563 1678 1815 1751 βραϐεῖον
1858 1679 1958 1747 τῆς

2060 1676 2193 1729 nihil
2229 1675 2493 1745 possidet,
2535 1673 2682 1744 pugil
2708 1684 2811 1739 est,
2845 1674 2938 1744 qui
2985 1689 3084 1744 per
3136 1672 3372 1727 medium
3436 1688 3632 1742 appre-

385 1774 500 1829 άνω
532 1772 801 1844 κλήσεως.
846 1771 1219 1843 Πολυκτήμων
1263 1770 1495 1842 μοναχὸς
1565 1769 1748 1840 χαίρει
1790 1783 1958 1839 προσ-

2064 1765 2225 1819 ltendi
2257 1764 2423 1837 m
2465 1764 2955 1834 ncquit,‘levisque
2981 1773 3065 1819 est
3127 1779 3321 1819 cursor
3378 1763 3631 1818 celeriter

385 1866 525 1929 ὁδοις
567 1862 810 1928 πολλαῖς,
847 1865 876 1916 6
901 1863 958 1916 δὲ
989 1864 1256 1934 ἀκτήμων
1289 1863 1575 1931 στεφάνοις
1603 1859 1958 1931 κατορθωμά-

2061 1856 2126 1910 ad
2164 1857 2408 1910 bravium
2453 1871 2702 1926 superna:
2731 1856 3030 1911 vocationis
3053 1856 3393 1925 perveniens.
3448 1854 3633 1907 Mona-

383 1973 514 2010 των.
554 1954 894 2027 Φιλάργυρος
950 1954 1181 2025 μοναχὸς
1229 1953 1522 2025 ἐργάζεται
1552 1942 1818 2023 σφοδρῶς,
1848 1953 1877 2003 6
1906 1950 1958 2004 δὲ

2060 1948 2216 2011 chus,
2274 1947 2369 2019 qui
2400 1949 2564 2002 multa
2590 1947 2852 2016 possidet,
2888 1947 3075 2001 multis
3103 1946 3302 2017 gaudet
3350 1945 3631 2015 proventi-

385 2046 652 2116 ἀκτήμων
711 2048 1041 2118 προσευχαῖς
1094 2043 1364 2114 σχολάζει,
1401 2042 1498 2096 καὶ
1545 2039 1958 2110 άναγνὼσμασι.

2060 2037 2206 2104 bus;
2245 2038 2338 2108 qui
2356 2051 2494 2092 vero
2527 2037 2664 2091 nihil
2699 2038 2961 2107 possidet,
2993 2037 3217 2092 coronis
3252 2036 3389 2091 bene
3445 2044 3630 2105 gesto-

383 2133 722 2204 Φιλάργυρος
771 2133 1004 2203 μοναχδς
1053 2134 1252 2204 πληροῖ
1293 2133 1492 2202 ταμεία
1538 2128 1765 2209 χρυσοῦ,
1820 2130 1849 2182 6
1904 2129 1958 2182 δὲ

2060 2144 2181 2184 rum
2210 2127 2520 2185 facinorum
2546 2129 2875 2197 perimatur.
2905 2128 3119 2183 Avarus
3149 2128 3451 2181 monachus
3472 2127 3630 2181 valde

386 2226 648 2294 ἀκτήμων
683 2223 1000 2295 θησαυρίζει
1034 2224 1094 2276 ὲν
1122 2223 1359 2293 οὐρανῷ.
1397 2240 1417 2274 ι
1455 2218 1883 2288 Ἐπικατάρατος
1935 2220 1958 2272 6

2062 2218 2296 2283 laborat,
2332 2218 2425 2273 sed
2455 2219 2549 2287 qui
2581 2233 2787 2288 pauper
2814 2229 2917 2285 est,
2964 2218 3308 2274 orationibus
3354 2228 3531 2280 vacat,
3573 2223 3629 2269 et

391 2314 560 2366 ποιῶν
593 2312 832 2375 εἴδωλον,
866 2312 964 2366 καὶ
1004 2311 1173 2375 τιθεὶς
1205 2313 1265 2365 ἑν
1290 2309 1610 2382 ἀποκρύφῳ,
1644 2327 1664 2362 ι
1700 2308 1958 2371 ὡσαύτως

2059 2310 2403 2364 lectionibus.
2448 2309 2748 2364 Monachus
2777 2311 3022 2380 pecunia:
3053 2308 3266 2372 avidus,
3297 2322 3433 2362 auro
3462 2307 3631 2375 replet

380 355 523 436 1153
1449 369 1546 428 ns
1570 366 1768 427 ocro
1795 361 2234 425 SPIRITIBUS
2278 363 2637 424 MALITUE.
3493 360 3630 431 1154

392 2406 485 2457 καὶ
524 2406 552 2457 6
591 2404 728 2473 ἔχων
758 2404 1122 2475 φιλαργυρίας
1156 2402 1357 2466 πάθος·
1385 2404 1414 2454 6
1447 2401 1547 2473 μὲν
1580 2400 1688 2472 γὰρ
1722 2414 1962 2470 προσκυ-

392 2498 474 2549 νεῖ
512 2496 760 2566 κίϐδηλον
801 2496 1094 2567 ἀνωφελὲς,
1126 2498 1154 2549 6
1180 2496 1237 2550 δὲ
1276 2496 1724 2566 ἁγαλματοφορεί
1758 2508 1961 2562 φαντα-

394 2589 513 2645 σίαν
542 2590 790 2645 πλούτου.

994 2938 1247 2993 ΚΕΦΛΛ.
1281 2933 1362 2990 Θ’.

983 3073 1125 3141 Περί
1159 3072 1362 3142 ὀργῆς.

2061 2398 2354 2467 penetralia
2384 2413 2398 2451 :
2448 2407 2504 2452 at
2541 2412 2744 2467 pauper
2791 2398 3123 2452 thesaurizat
3160 2397 3223 2451 in-
3247 2396 3408 2451 cmlo.
3455 2412 3474 2446 ι
3506 2392 3629 2448 Μα-

2058 2489 2288 2544 ledictus
2313 2489 2405 2559 qui
2425 2487 2547 2544 iacit
2577 2491 2800 2554 idolum,
2834 2498 2888 2543 et
2917 2490 3067 2558 ponit
3094 2489 3146 2542 in
3170 2486 3488 2542 abscondito
3504 2485 3570 2551 ",
3601 2503 3623 2538 ι

2058 2579 2308 2633 similiter
2339 2590 2393 2633 et
2435 2580 2528 2648 qui
2557 2579 2796 2633 avaritia:
2836 2579 3087 2648 passione
3116 2585 3361 2643 tenetur;
3394 2575 3483 2630 ille
3503 2576 3628 2645 qui-

2057 2669 2178 2724 dem
2210 2669 2399 2723 adorat
2433 2684 2539 2722 non
2582 2669 2720 2723 bene
2762 2677 3121 2738 espurgatnm
3164 2666 3462 2735 inutileque
3510 2680 3626 2718 me-

2061 2760 2270 2825 iullum,
2313 2759 2414 2814 iste
2441 2774 2567 2813 vero
2591 2759 2904 2814 divitiarum
2955 2756 3428 2829 imaginationem,
3472 2753 3629 2826 quasi

2060 2850 2440 2914 simulacrum,
2473 2847 2804 2905 circumfert.

2662 2957 2894 3015 CAPUT
2944 2957 3035 3042 nt.

2641 3047 2724 3103 De
2746 3048 3046 3103 iracundia.
3066 3102 3067 3105 η

469 3183 641 3257 Ὀργὴ
714 3181 888 3247 πάθος
934 3183 1051 3236 ἐστὶ
1106 3182 1394 3252 μανιῶδες,
1429 3180 1526 3236 καὶ
1575 3179 1705 3243 τοὺς
1742 3179 1958 3251 ἔχοντας

2132 3166 2419 3224 Iracundia
2438 3165 2625 3238 passio
2651 3174 2735 3222 est
2766 3164 3080 3230 furibunda,
3106 3177 3340 3233 eosque,
3375 3162 3468 3233 qui
3508 3163 3628 3232 pul-

390 3276 590 3344 γνῶσιν
633 3274 910 3345 ἐξίστησιν
951 3272 1212 3344 εὐχερῶς,
1259 3271 1441 3345 θηριοϊ
1475 3271 1576 3343 τὴν
1612 3270 1811 3343 ψυχὴν,
1862 3269 1960 3324 καὶ

389 3369 571 3420 πᾶσαν
608 3366 897 3436 συντυχίαν
941 3366 1212 3420 ἐκκλίνειν
1254 3366 1417 3420 ποιεῖ.
1459 3364 1692 3434 Ἄνεμος
1734 3361 1960 3433 σφοδρὸς

389 3458 451 3510 οὑ
475 3458 685 3528 κινήσει
716 3457 946 3526 πύργον,
972 3457 1067 3510 καὶ
1084 3456 1263 3528 ψυχὴν
1289 3455 1559 3526 ἀόργητον
1588 3455 1648 3508 οὺ
1676 3452 1958 3526 συναρπά-

392 3549 475 3614 ζει
528 3549 717 3619 θυμός.
766 3550 947 3622 ’Ύδωρ
992 3553 1220 3604 κινεῖται
1264 3549 1369 3602 ὑπὸ
1418 3547 1537 3618 βίας
1586 3547 1822 3617 ἀνέμων,
1867 3545 1960 3599 καὶ

393 3637 648 3709 θυμώδης
676 3640 1006 3710 ταράσσεται
1029 3641 1134 3693 ὑπὸ
1160 3640 1437 3709 λογισμῶν
1461 3637 1756 3691 ἀσυνέτων.
1786 3638 1961 3691 Μονα-

391 3728 484 3800 x6,-
519 3729 732 3801 ὀργίλος
770 3726 875 3783 εἶδέ
914 3747 1056 3794 τινα,
1088 3729 1180 3784 καὶ
1216 3730 1344 3792 τοὺς
1370 3728 1585 3789 ὀδόντας
1628 3725 1956 3796 παρέθηξεν.

403 3819 661 3889 Ὀμίχλης
690 3819 940 3884 ἀνάδοσις
973 3819 1202 3890 παχύνει
1235 3819 1393 3888 ἀέρα,
1430 3817 1522 3870 καὶ
1547 3815 1719 3886 θυμοῦ
1745 3815 1959 3884 κίνησις

387 3908 627 3962 διάνοιαν
658 3910 898 3979 ὀργίλου.
928 3909 1234 3962 Ἐσκότισεν
1259 3907 1409 3977 ἥλιον
1435 3902 1755 3976 ὑποδραμὼν
1776 3902 1957 3973 νέφος,

393 4004 487 4054 κιιύ⁸
530 4001 653 4055 νοῦν
694 4002 953 4072 λογισμὸς
991 3999 1376 4070 μνησικακίας.
1416 3998 1571 4050 Λέων
1617 3998 1673 4049 ἐν
1709 3993 1959 4065 ζωγρείῳ

390 4088 466 4143 ὢν
494 4093 631 4143 κινεῖ
660 4092 787 4154 τοὺς
825 4090 1159 4162 στρόφιγγας
1194 4086 1455 4157 συνεχῶς,
1493 4086 1586 4138 καὶ
1618 4083 1870 4154 θυμώδης
1901 4085 1957 4134 ὲν

392 4181 552 4252 κέλλῃ
594 4182 887 4251 λογισμοὺς
922 4183 1110 4252 ὀργῆς.
1157 4179 1378 4251 Τερπνὴ
1410 4178 1630 4248 θεωρία,
1667 4173 1959 4245 γαληνῶσα

392 4272 655 4337 θάλασσα,
690 4273 805 4327 ἀλλ’
833 4261 931 4327 οὐκ
965 4273 1079 4326 ἔστι
1104 4271 1441 4342 τερπνοτέρα
1480 4267 1762 4340 εἰρηνικῆς
1795 4283 1962 4320 κατα-

393 4365 655 4428 στάσεωςο
683 4352 972 4437 γαληνώσῃ
1005 4365 1110 4436 γὰρ
1143 4363 1386 4434 θαλάσσῃ
1421 4360 1802 4431 ὲγκολυμδῶσι
1838 4357 1957 4411 δελ-

391 4455 562 4521 φῖνες,
595 4456 844 4525 εἰρηνικῇ
892 4454 948 4506 δὲ
998 4453 1329 4506 καταστάσει
1385 4451 1668 4521 ἐννήχεται
1711 4448 1957 4518 νοήματα

391 4542 688 4613 θεοπρεπῆ.
723 4541 1090 4612 Μακρὸθυμος
1125 4542 1377 4612 μοναχὸς,
1408 4538 1753 4611 ἡσυχάζουσα
1783 4534 1954 4606 πηγὴ,

390 4631 483 4680 καὶ
507 4630 642 4681 πᾶσι
667 4630 981 4699 παρέχουσα
1004 4630 1270 4699 προσηνὲς
1295 4628 1475 4690 ποτὸν,
1504 4627 1710 4681 διάνοια
1733 4625 1790 4678 δὲ
1817 4625 1960 4693 ὀργί-

389 4717 481 4770 λου
512 4719 599 4772 διά
631 4720 827 4782 παντὸς
856 4720 1187 4790 τετάρακται
1227 4719 1323 4772 καὶ
1359 4720 1458 4772 οὐκ
1486 4715 1737 4771 ἐπιδώσει
1768 4714 1846 4785 τῷ
1877 4714 1955 4767 δι-

389 4810 560 4877 ψῶντι
600 4809 764 4881 ὕδωρ,
800 4811 902 4863 κᾶν
937 4811 1196 4884 ὲπιδώσῃ,
1221 4810 1606 4879 τεθολωμένον,
1647 4808 1743 4861 καὶ
1784 4807 1958 4876 ἄχρη-

346 4895 353 4902 ’
393 4915 536 4962 στον,
583 4903 675 4954 καὶ
733 4901 1002 4972 ὀφθαλμοὶ
1061 4900 1366 4972 θυμώδους,
1403 4899 1819 4970 τεταραγμένοι,
1864 4894 1958 4948 καὶ

392 4985 619 5056 ὕφαιμοι
666 4989 762 5042 καὶ
809 4989 909 5060 τῆς
964 4989 1382 5062 ταρασσομένης
1436 4989 1664 5060 καρδίας
1712 4985 1954 5056 ἄγγελοι.

390 5077 686 5147 Πρόσωπον
710 5079 767 5132 δὲ
809 5081 1161 5152 μακροθύμου
1205 5081 1340 5150 ὀρθὰ
1382 5077 1838 5148 κατεσταλμένον,
1862 5074 1959 5127 καὶ

389 5170 658 5241 ὀφθαλμοὶ
682 5176 973 5243 προσηνεῖς
1001 5173 1153 5226 κάτω
1185 5172 1498 5242 βλέποντες.

2050 3261 2173 3317 ient
2210 3259 2456 3324 scientia,
2485 3256 2643 3313 facile
2678 3264 2860 3312 mente
2889 3255 3112 3319 alienat,
3144 3254 3328 3309 ell'erat
3363 3255 3625 3319 animam,

2062 3366 2390 3421 omnemque
2418 3362 2773 3419 congressum
2802 3347 3078 3403 declinare
3108 3345 3258 3400 facit.
3308 3345 3515 3400 Ventus
3537 3360 3631 3398 vc-

2060 3442 2286 3498 hemens
2317 3456 2425 3496 non
2457 3438 2824 3496 commovebit
2850 3436 3067 3501 turrim,
3113 3444 3169 3490 et
3202 3437 3282 3490 ira
3343 3450 3450 3490 non
3506 3449 3632 3490 cor-

2057 3531 2221 3601 ripiet
2246 3530 2485 3584 animam
2521 3536 2885 3584 mansuetam.
2925 3528 3079 3596 Aqua
3130 3534 3374 3579 movetur
3416 3539 3447 3578 a
3497 3538 3633 3580 ven-

2059 3631 2238 3677 torum
2265 3622 2541 3688 violentia,
2573 3631 2628 3676 et
2656 3621 2952 3675 iracundus
2983 3618 3234 3673 turbatur
3274 3632 3303 3671 a
3347 3616 3630 3688 cogitatio-

2056 3713 2220 3768 nibus
2275 3712 2737 3777 imprudentibus.
2792 3711 3088 3765 Monachus
3142 3709 3457 3773 iraeundus,
3500 3721 3632 3778 aper

2056 3809 2143 3855 est
2191 3800 2455 3855 silvestris
2507 3809 2563 3854 et
2617 3798 2935 3864 solitarius;
2971 3798 3108 3852 vidit
3175 3797 3448 3866 aliquem,
3502 3806 3632 3852 tunc

2057 3891 2246 3948 dentes
2276 3890 2516 3947 exacuit.
2566 3890 2783 3945 Nebulae
2809 3888 3027 3944 diﬁ‘usio
3075 3887 3398 3944 crassiorem
3447 3902 3627 3941 aerem

2057 3979 2255 4044 reddit,
2309 3987 2366 4031 et
2437 3986 2622 4033 motus
2672 3977 2767 4032 ira:
2826 3984 3063 4031 mentem
3119 3973 3389 4029 iracundi.
3444 3971 3628 4027 Solem

2058 4067 2605 4124 obfuscavitsubiens
2630 4065 2844 4128 nebula,
2871 4075 2925 4120 et
2951 4072 3181 4119 mentem
3208 4063 3462 4133 cogitatio
3483 4062 3630 4130 inju-

2057 4162 2264 4216 riarum
2315 4171 2545 4212 memor.
2576 4155 2709 4223 Leo,
2752 4155 2848 4223 qui
2878 4162 2963 4209 est
3006 4156 3061 4208 in
3094 4152 3304 4208 vivario
3365 4152 3628 4207 continuo

2056 4258 2240 4306 movet
2281 4248 2531 4304 cardines
2574 4246 2873 4311 ostiorum,
2912 4253 2969 4300 et
3025 4243 3320 4299 iracundus
3362 4243 3418 4296 in
3468 4242 3624 4303 cella.

2058 4342 2152 4397 irae
2196 4339 2573 4411 cogitationes.
2615 4335 2769 4392 Visio
2811 4346 2896 4392 est
2929 4334 3287 4398 delectabilis,
3313 4342 3629 4388 marctran-

2057 4434 2364 4505 quillatmn,
2397 4431 2491 4487 sed
2528 4444 2634 4485 non
2677 4437 2763 4484 est
2789 4428 3155 4484 delectabilior
3189 4425 3415 4498 paciﬁca
3456 4423 3624 4478 animi

1992 4500 2252 4581 Dstatu:
2308 4523 2601 4593 Delphines
2678 4522 2878 4577 etenim
2930 4519 3094 4593 ωε
3139 4532 3334 4576 εει-ειιο
3405 4524 3629 4572 enatant

2065 4616 2118 4668 in
2159 4615 2318 4677 mari,
2347 4623 2402 4667 et
2433 4614 2486 4666 in
2523 4612 2691 4666 animi
2724 4622 2918 4681 pacato
2957 4610 3108 4668 statu
3130 4609 3487 4681 cogitationes
3516 4604 3629 4659 in-

2064 4714 2251 4760 natant
2285 4702 2397 4759 Deo
2433 4712 2619 4772 gratae.
2649 4700 3021 4773 Longanimus
3046 4701 3368 4763 monachus,
3404 4692 3525 4752 fons
3545 4705 3626 4751 est

2062 4797 2301 4868 quietus,
2332 4804 2388 4850 et
2415 4809 2637 4849 suavem
2677 4795 2934 4849 omnibus
2980 4793 3226 4863 praebens
3264 4799 3483 4860 potum;
3543 4788 3630 4841 in-

2064 4887 2311 4941 tellectus
2347 4894 2528 4940 autem
2574 4884 2820 4939 iracundi
2870 4883 3088 4937 assidue
3143 4881 3490 4950 perturbatus
3543 4887 3629 4933 est

2064 4990 2240 5046 neque
2266 4976 2507 5044 porriget
2545 4975 2754 5029 sitienti
2794 4988 3014 5044 aquam,
3049 4972 3164 5027 sive
3205 4971 3373 5036 dabit,
3439 4969 3627 5025 illitam

2066 5083 2249 5133 emno,
2307 5074 2364 5121 et
2387 5066 2633 5121 inutilem
2673 5064 2927 5136 proferet.
2961 5062 3116 5118 Oculi
3152 5061 3399 5117 iracundi
3426 5059 3627 5115 turbidi

2061 5168 2211 5225 sunt,
2249 5168 2302 5212 et
2340 5157 2688 5220 subcruenti,
2726 5155 3016 5224 cordisque
3044 5153 3369 5224 perturbati
3408 5150 3623 5218 nuntii;

389 5261 558 5317 facies
629 5277 754 5316 vero
785 5262 1082 5332 longanimi
1109 5262 1410 5331 composita
1462 5268 1582 5326 est;
1613 5258 1865 5328 oculique
1888 5249 2108 5321 benigni
2174 5257 2321 5303 recta
2360 5247 2651 5302 intuentes.

996 5374 1245 5428 ΚΕΦΑΛ.
1298 5372 1352 5426 I'.

461 5485 717 5555 Πραΰτης
766 5485 956 5557 ἀνδρὸς
1023 5485 1421 5555 μνημονεύεται
1467 5481 1619 5553 παρὰ
1671 5480 1812 5551 Θεῷ,
1869 5482 1962 5534 καὶ

390 5576 659 5647 ἁόργητος
689 5576 835 5648 ψυχὴ
870 5576 996 5641 ναὸς
1036 5576 1246 5644 γίνεται
1282 5576 1375 5628 τοῦ
1422 5575 1577 5642 ἁγίου
1620 5572 1959 5643 Πνεύματος.

461 5688 645 5740 “Art.
683 5689 874 5748 κείω.
952 5690 994 5720 ⁸⁸
1024 5688 1176 5741 Deut.
1225 5702 1391 5740 xxvii.
1430 5687 1512 5741 l5.

2677 5356 2907 5412 CAPUT
2951 5355 3014 5411 Χ.

2140 5475 2496 5531 Mansuetudo
2530 5474 2629 5529 viri
2663 5474 2806 5542 apud
2842 5471 3010 5527 Deum
3055 5480 3140 5527 est
3172 5473 3225 5526 in
3276 5469 3535 5525 memoria
3559 5469 3623 5534 ⁸⁸,

2068 5580 2119 5624 et
2175 5569 2352 5622 anima
2406 5569 2482 5622 ira
2533 5581 2724 5621 carens
2773 5565 3029 5634 templum
3070 5567 3127 5620 lit
3164 5562 3400 5635 Spiritus
3430 5561 3624 5619 sancti.

1592 5687 1636 5718 “
1664 5684 1805 5739 Psal.
1833 5700 2012 5747 C\‘X\'l,
2045 5684 2095 5736 1.
