4046 6152
490 347 631 410 1155
1947 349 2007 406 s.
2030 341 2070 413 ιι

2170 347 2213 407 .I
3603 345 3743 412 1155

483 464 737 515 Christus
761 459 986 513 reclinat
1024 469 1186 527 caput
1213 462 1272 512 in
1297 459 1595 528 longanimi
1629 462 1857 530 spiritu;
1894 471 1940 514 et
1980 462 2061 513 in-

2170 461 2348 525 Κλίνει
2401 462 2642 532 κεφαλὴν
2688 461 2922 530 Χριστὸς
2968 461 3028 516 ὲν
3069 461 3410 532 μακροθύμῳ
3448 461 3740 531 πνεύματι.

487 556 735 608 tellectus
765 562 990 619 pacatus
1025 564 1228 606 sancta:
1259 550 1542 606 Trinitatis
1572 564 1654 606 est
1686 552 1920 605 mansio.
1941 551 2066 604 Vul-

2170 554 2264 607 καὶ
2328 552 2464 624 μονὴ
2504 553 2714 620 γίνεται
2762 555 2862 622 τῆς
2909 553 3066 622 ἁγίας
3094 554 3322 624 Τριάδος
3351 553 3746 624 είρηνευομένη

485 660 580 714 pes
605 644 850 696 habitant
878 642 932 694 in
965 641 1146 694 anima
1175 642 1389 705 ttltticc,
1435 651 1490 696 et
1527 642 1713 696 bestiae
1741 642 2067 697 delitescunt

2170 644 2398 699 διάνοια.
2441 641 2750 707 Ἀλὼπεκες
2779 645 3122 700 κατοικοῦσιν
3151 647 3208 698 ἐν
3227 646 3555 716 μνησικάκῳ
3575 643 3743 716 ψυχῇ.

483 735 538 787 in
581 734 742 788 corde
800 734 1036 787 turbato.
1080 731 1172 786 Vir
1208 734 1470 788 honestus
1502 743 1660 802 turpe
1702 733 2063 787 diversorium

2170 737 2264 789 καὶ
2325 737 2488 806 θηρία
2543 737 2955 806 ὲμφωλεύουσιν
3011 739 3069 789 ὲν
3106 738 3492 808 τεταραγμένῃ
3525 736 3744 807 καρδία.

482 825 689 894 effugit,
724 832 777 876 ct
801 822 943 878 Deus
971 839 1065 878 cor
1111 823 1326 890 injuria:
1377 822 1759 876 reminiscens.
1793 822 1960 890 Lapis
1996 821 2060 874 il-

2170 825 2364 894 Φεύγει
2425 828 2567 898 ἀνὴρ
2605 829 2801 894 σεμνὸς
2833 827 3058 897 αἰσχρὸν
3085 828 3454 895 καταγώγιον,
3485 827 3582 880 καὶ
3614 826 3749 891 Θεδς

484 918 671 986 lapsus
718 930 917 984 aquam
967 915 1223 989 turbavit,
1247 923 1301 968 et
1324 929 1419 967 cor
1447 914 1688 968 hominis
1723 902 1900 966 malus
1951 927 2067 966 scr-

2171 918 2510 988 μνησίκακον
2570 919 2818 989 καρδίαν.
2849 919 3036 988 ’Υδωρ
3084 919 3351 988 ἐτάραξεν
3375 918 3634 989 ἐμπεσὼν
3661 918 3748 972 λί-

485 984 593 1059 mo.
619 1003 993 1074 Cogitationes
1047 984 1347 1056 iracundia:
1389 1004 1457 1056 ab
1495 1004 1677 1055 anima
1713 1011 1804 1056 tua
1837 1001 2065 1070 expelle,

485 1111 590 1148 nec
622 1097 698 1148 ira
739 1106 830 1148 tun
861 1094 1166 1148 stabuletur
1198 1095 1250 1146 in
1287 1094 1474 1158 corde,
1508 1103 1561 1147 ct
1597 1094 1647 1147 in
1681 1105 1924 1162 tempore
1944 1109 2068 1148 ora.—

484 1188 650 1239 tionis
687 1187 907 1240 minime
935 1185 1246 1238 tnrbaberis
1285 1202 1300 1250 ;
1336 1185 1477 1237 sicut
1508 1200 1742 1253 namque
1760 1184 1942 1237 fumus
1973 1200 2069 1252 pa-

487 1280 694 1332 learum
726 1276 948 1330 oil'endit
1002 1275 1327 1344 perturbans
1356 1274 1566 1339 oculos,
1614 1275 1688 1328 ita
1721 1275 1773 1328 in
1809 1274 2070 1328 orationis

489 1379 729 1439 tetnpore
759 1378 992 1423 mentem
1036 1369 1358 1437 injuriarum
1392 1369 1671 1424 memoria.
1695 1367 2071 1439 Cogitationes

484 1461 746 1514 iracundi
785 1461 982 1529 vipera:
1027 1459 1301 1527 genimina
1347 1467 1496 1520 sunt,
1557 1465 1782 1528 curque,
1833 1458 1977 1527 quod
2001 1472 2066 1511 ea

487 1548 745 1617 parturit,
794 1548 1052 1602 exedunt.
1116 1545 1420 1602 Furibundi
1442 1547 1644 1609 oratio,
1701 1546 2069 1601 suﬂimeutum

485 1650 566 1694 est
597 1639 976 1693 detestandum
1005 1655 1020 1702 ;
1047 1648 1101 1693 et
1131 1638 1465 1708 psalmorum
1501 1637 1810 1692 decantatio
1827 1637 1927 1690 viri
1947 1651 2072 1690 suc-

486 1731 638 1786 censi
675 1731 876 1794 animo,
904 1745 1073 1785 sonus
1097 1740 1182 1784 est
1205 1729 1468 1784 insuavis.
1511 1729 1724 1782 Donum
1745 1727 2068 1797 injuriarum

2169 1007 2281 1070 θος,
2337 1008 2444 1086 καί.
2497 1008 2726 1078 καρδίαν
2757 1009 2954 1078 ἀνδρὸς
2979 1008 3136 1076 λόγος
3163 1009 3358 1072 κακός.
3409 1009 3750 1077 Ἀπόστησον

2167 1097 2465 1167 λογισμοὺς
2494 1099 2663 1170 ὀργῆς
2695 1100 2804 1152 ἀπὸ
2831 1101 2929 1168 σῆς
2969 1100 3170 1170 ψυχῆς,
3195 1101 3291 1153 καὶ
3316 1100 3494 1169 θυμὸς
3531 1099 3608 1169 μὴ
3648 1099 3747 1150 αύ-

2169 1188 2400 1253 λιξέσθω
2426 1191 2485 1242 ὲν
2510 1193 2576 1260 σῇ
2621 1190 2840 1260 καρδίᾳ,
2868 1191 2963 1242 καὶ
2997 1191 3057 1242 οὐ
3089 1190 3162 1259 μὴ
3187 1191 3465 1261 ταραχθῇς
3487 1192 3545 1242 ὲν
3563 1189 3751 1258 καιρῷ

2173 1285 2479 1352 προσευχῆς
2501 1299 2516 1314 ο
2552 1282 2610 1335 ὃν
2639 1283 2838 1354 τρόπον
2865 1283 2974 1350 γὰρ
3003 1282 3224 1351 ἀχύρων
3250 1281 3456 1344 καπνὸς
3483 1282 3749 1350 ταράσσει

2169 1366 2504 1439 ὀφθαλμοὺς,
2540 1369 2682 1423 οὓτω
2726 1369 3063 1442 μνησικακία
3103 1369 3249 1433 νοῦν,
3291 1372 3349 1423 ὲν
3376 1370 3554 1440 καιρῷ
3580 1387 3753 1441 προσο

2165 1462 2354 1532 ευχῆς.
2394 1464 2662 1532 Λογισμοὶ
2699 1463 2979 1533 θυμώῖους
3023 1462 3235 1532 ἐχίδνης
3282 1463 3623 1532 γεννήματα,
3656 1463 3751 1515 καὶ

2156 1553 2515 1616 ,κατεσθίουσι
2537 1555 2635 1625 τὴν
2659 1553 2924 1607 τεκοῦσαν
2974 1553 3221 1624 καρδίαν.
3255 1552 3544 1622 Θυμὼδους
3578 1570 3751 1624 προσ-

2169 1647 2306 1716 ευχὴ
2335 1626 2721 1715 ἐϐδελυίμένον
2761 1645 3046 1716 θυμίαμα·
3085 1647 3181 1698 καὶ
3211 1645 3502 1715 ψαλμῳδία
3527 1645 3751 1712 ὀργίλου

2170 1731 2303 1808 ἦχος
2331 1737 2527 1808 ἀηδής.
2576 1739 2759 1808 Δῶρον
2800 1739 3141 1808 μνησικάκου
3175 1739 3548 1807 μυρμηκιῶσα
3569 1739 3751 1800 θυσία,

490 1822 768 1884 memoris,
793 1823 970 1876 hostia
990 1831 1072 1875 est
1103 1822 1344 1875 verrucis
1364 1819 1643 1876 infestata.
1661 1829 1715 1872 et
1738 1833 1846 1872 non
1871 1833 2069 1886 appro-

2175 1830 2268 1882 καὶ
2287 1829 2346 1882 οὐ
2371 1829 2447 1898 μὴ
2469 1829 2807 1901 προσεγγίσῃ
2838 1828 3334 1900 περιῤῥαντηρίους
3363 1827 3599 1898 βωμούς.
3640 1829 3756 1882 Ἐν-

491 1911 772 1981 pinquabit
824 1911 1127 1974 altaribus,
1186 1910 1279 1965 ubi
1326 1909 1571 1964 lustralis
1638 1923 1779 1977 aqua
1837 1908 2076 1962 circum-

487 2003 815 2071 aspergitur,
837 2001 1002 2074 4%
1034 2002 1332 2056 iracundus
1349 2001 1560 2056 somnia
1579 2001 1724 2054 videt
1744 2001 2076 2070 perturbata,

488 2101 546 2147 et
593 2093 849 2148 incursus
889 2093 1219 2164 imaginatur
1267 2093 1599 2146 bestiarum.
1631 2091 2078 2162 Virlonganimis

491 2198 826 2254 congressus
849 2194 1168 2240 sanctorum
1189 2184 1508 2255 angelorum
1526 2182 1724 2251 aspicit
1743 2183 1796 2236 in
1824 2183 2034 2236 visione
2059 2201 2072 2237 :

488 2281 545 2328 et
606 2273 689 2326 vir
774 2273 1100 2344 iniuriarum
1165 2275 1452 2329 immemor
1513 2274 1820 2342 spirituales
1863 2280 2079 2327 exercet

489 2381 808 2433 sermones,
883 2375 940 2422 et
1015 2375 1180 2422 noctu
1255 2365 1643 2437 mysteriorum
1713 2363 1858 2430 capit
1924 2363 2076 2417 solu-

490 2457 692 2512 tiones.

1098 2635 1322 2691 CAI’UT
1387 2635 1476 2688 XI.

1100 2789 1175 2843 De
1211 2790 1458 2844 tristitia.

565 2949 866 3005 Monachus
916 2947 1154 3002 tristitiae
1210 2944 1427 2998 deditus
1461 2957 1566 2998 non
1625 2944 1778 2997 novit
1811 2943 2070 3012 spiritua~

493 3046 598 3099 lem
632 3043 985 3112 voluptatem.
1021 3038 1270 3093 Tristitia
1303 3051 1432 3090 vero
1463 3045 1548 3091 est
1571 3037 1768 3092 animae
1797 3037 2068 3101 remissio,

488 3146 548 3190 et
600 3143 816 3189 constat
843 3148 874 3187 e
917 3130 1341 3202 cogitationibus
1386 3129 1705 3184 iracundiae.
1756 3128 2072 3199 Estqnippc

493 3229 594 3287 ira.
651 3226 905 3280 vindictae
955 3223 1248 3292 cupiditas,
1298 3219 1586 3275 frustratio
1640 3235 1772 3274 vero
1822 3220 2074 3274 vindictae

487 3319 793 3382 sumendae,
825 3315 1102 3370 tristitiam
1139 3319 1398 3381 generat;
1437 3324 1600 3380 porro
1645 3310 1865 3364 tristitia
1899 3319 1982 3364 est
2011 3325 2073 3364 os

496 3411 689 3474 leonis,
723 3409 993 3476 facileque
1022 3407 1253 3461 devorat
1297 3405 1716 3469 contristatum;
1751 3403 1967 3460 tristitia
1991 3413 2076 3458 est

487 3503 695 3555 vermis
722 3499 926 3558 cordis.
968 3507 1022 3552 et
1049 3498 1351 3566 parientem
1397 3505 1626 3550 matrem
1647 3496 1850 3550 exedit.
1883 3494 2071 3557 Mater,

491 3608 617 3661 qua:
647 3591 788 3660 parit
825 3589 1018 3652 lilium,
1052 3589 1294 3643 dolorem
1333 3587 1534 3650 habet;
1566 3587 1611 3643 si
1637 3588 1871 3657 peperit,
1905 3603 1937 3640 a
1975 3587 2074 3642 do-

495 3681 611 3734 lore
641 3680 922 3733 liberatur.
948 3677 1194 3732 Tristitia
1216 3690 1364 3739 vero,
1407 3675 1538 3730 dum
1581 3685 1893 3745 generatur,
1931 3677 2074 3729 mul-

495 3781 610 3826 tum
643 3771 842 3825 excitat
864 3769 1132 3834 dolorem,
1173 3775 1404 3837 postque
1439 3767 1716 3823 cruciatus
1746 3782 2074 3836 permanens

496 3877 605 3917 non
661 3875 829 3930 parvo
859 3869 1078 3930 torquet
1121 3859 1330 3914 dolore.
1390 3859 1690 3914 Monachus
1719 3859 1950 3914 tristitia:
1974 3859 2072 3912 ad-

495 3953 677 4006 dictus
718 3951 958 4005 latitiam
1013 3965 1120 4004 non
1156 3950 1308 4004 novit
1355 3949 1715 4018 spiritualem,
1752 3963 1815 4002 et.
1848 3963 2072 4017 prorsus

495 4044 679 4107 modo,
703 4058 813 4112 quo
845 4057 943 4097 nec
978 4042 1155 4096 mellis
1185 4050 1431 4110 gustum,
1469 4040 1564 4110 qui
1592 4039 1899 4094 vehementi
1919 4038 2072 4092 labo—

493 4144 582 4188 rat
627 4133 786 4200 febri,
809 4133 1090 4204 persentit.
1128 4130 1429 4186 Monachus
1467 4131 1716 4185 tristutus
1750 4143 1860 4182 non
1892 4143 2073 4182 move-

493 4224 576 4278 bit
637 4233 870 4280 mentem
913 4225 981 4278 ad
1032 4221 1568 4291 contemplationem,
1623 4235 1724 4276 nec
1763 4219 2069 4274 orationem

497 4317 727 4372 eﬂundit
779 4332 996 4387 puram.
1055 4313 1304 4369 Tristitia
1362 4314 1566 4383 quippe
1615 4311 1959 4366 obstaculum
1990 4318 2074 4366 est

491 4407 679 4461 omnis
709 4407 859 4461 boni.
912 4405 1206 4461 Vinculum
1252 4405 1471 4475 pedum,
1502 4419 1700 4458 cursus
1731 4411 1816 4458 est
1842 4401 2070 4471 impedi-

493 4510 762 4565 mentum,
794 4509 848 4553 et
875 4499 1117 4562 tristitia,
1156 4495 1524 4552 meditationis
1569 4493 1933 4548 obstaculum.
1963 4492 2071 4546 Ca-

486 4594 696 4662 ptivus,
721 4607 750 4646 a
782 4591 1028 4645 barbaris
1059 4590 1256 4659 ligatur
1285 4586 1480 4642 ferreis
1527 4585 1756 4650 catenis,
1779 4593 1834 4639 et
1859 4585 2072 4639 tristitia

385 4729 387 4732 ι
491 4671 706 4751 captiva
734 4696 762 4732 a
790 4678 1134 4749 passionibus
1160 4678 1392 4731 abducta
1425 4675 1678 4728 vincitur.
1698 4674 1937 4730 Tristitia
1956 4675 2075 4728 nul-

486 4773 604 4825 -lam
633 4771 744 4824 .vim
775 4769 956 4832 habet,
976 4783 1100 4822 cum
1118 4768 1238 4823 alite
1259 4782 1364 4822 non
1389 4763 1550 4838 467
1578 4765 2070 4836 adsintpassiones,

486 4863 639 4917 sicut
665 4877 840 4931 neque
871 4860 1172 4923 vinculum,
1197 4874 1324 4914 cum
1363 4857 1654 4927 absintqui
1676 4857 1937 4911 vinciant.
1966 4855 2070 4921 Qui

489 4955 701 5024 aligatus
727 4964 812 5009 est
843 4968 873 5007 a
909 4951 1152 5018 tristitia,
1188 4960 1479 5020 superatus
1512 4958 1596 5004 est
1627 4964 1656 5003 a
1693 4948 2067 5018 passionibus.

493 5046 712 5114 taleque
738 5043 1055 5098 circumfert
1101 5043 1398 5106 vinculum,
1443 5056 1556 5096 suae
1582 5041 1752 5094 cladis
1779 5053 2070 5108 argumen—

497 5145 635 5189 tum.
686 5135 929 5189 Tristitia
986 5147 1222 5204 namque
1282 5133 1656 5193 constituitur,
1707 5146 1773 5183 εκ
1812 5143 1878 5184 eo
1924 5129 2067 5197 quod

497 5226 701 5279 carnali
737 5227 859 5294 quis
901 5225 1199 5279 frustratus
1259 5223 1422 5277 fuerit
1458 5221 1775 5290 cupiditate,
1800 5219 2070 5288 cupiditas

496 5326 674 5372 autem
727 5319 876 5370 omni
924 5318 1212 5387 conjuncta
1252 5324 1336 5370 est
1381 5312 1646 5382 passioni.
1679 5311 1781 5377 Qui
1817 5311 1942 5364 \‘it'il
1972 5327 2068 5365 cu-

496 5409 796 5478 piditatem,
849 5409 1130 5477 passiones
1172 5407 1388 5470 devicit,
1435 5404 1530 5473 qui
1579 5414 1758 5459 autem
1787 5403 2064 5472 passiones

496 5499 679 5560 evicit,
725 5513 828 5550 non
879 5499 1224 5565 superabitur
1253 5513 1280 5549 a
1313 5495 1552 5550 tristitia.
1586 5493 1919 5562 Temperans
1954 5511 2057 5547 non

493 5581 908 5641 Contristabitur
957 5603 1118 5656 super
1171 5586 1383 5642 defectu
1419 5601 1693 5652 escarum,
1722 5600 1894 5655 neque
1923 5600 2055 5640 con-

2179 1917 2344 1972 ύπνια
2379 1919 2764 1988 τεταραγμένα
2813 1919 2917 1990 ὁρᾷ
2959 1917 3234 1987 θυμώδης,
3273 1917 3368 1972 καὶ
3399 1917 3602 1988 θηρίων
3633 1920 3755 1971 ἑπι-

2176 2008 2383 2078 δρομὰς
2405 2009 2737 2077 φαντάζεται
2755 2009 2992 2079 ὀργίλος.
3017 2008 3389 2079 Μακρὸθυμος
3419 2006 3558 2077 ἀνὴρ
3579 2008 3754 2059 ὀπτα-

2179 2100 2301 2163 σίας
2328 2101 2452 2171 ὁρᾷ,
2494 2100 2788 2170 συντυχίας
2835 2099 3002 2168 ἁγίων
3040 2099 3313 2168 ἀγγέλων,
3358 2101 3454 2153 καὶ
3509 2100 3751 2170 ἀμνησί-

2177 2208 2348 2254 κακος
2403 2193 2673 2261 γυμνάζει
2705 2192 2898 2259 λόγους
2932 2191 3359 2262 πνευματικοὺς,
3396 2191 3490 2245 καὶ
3511 2193 3568 2244 ὲν
3594 2190 3755 2244 νυκτὶ

2177 2280 2395 2351 δέχεται
2436 2282 2759 2354 μυστηρίων
2790 2281 2993 2345 λύσεις.

2778 2640 3029 2693 ΚΙΞΦΛΛ.
3077 2642 3178 2696 lA'.

2767 2798 2906 2866 Περὶ
2934 2801 3155 2866 λύπης.

2248 2957 2362 3009 Ούκ
2411 2952 2519 3010 οἶδε
2564 2958 2943 3029 πνευματικὴν
2971 2959 3160 3030 ἡδονὴν
3196 2960 3536 3032 λυπούμενος
3588 2981 3747 3033 μονα·

2176 3039 2268 3110 χός
2292 3059 2305 3072 ·
2331 3040 2476 3111 λύπη
2507 3043 2565 3096 δέ
2595 3045 2712 3096 ἐστι
2759 3047 3032 3116 κατήφεια
3067 3048 3264 3119 ψυχῆς,
3306 3051 3399 3104 καὶ
3433 3052 3748 3106 συνίσταται

2178 3130 2287 3184 ἀπὸ
2321 3131 2596 3202 λογισμῶν
2649 3134 2838 3206 ὀργῆς.
2887 3138 3124 3209 Ἀμύνης
3171 3141 3281 3212 γὰρ
3326 3139 3506 3213 ὄρεξίς
3550 3145 3694 3196 ἔστιν
3722 3147 3750 3197 ὁ

2178 3220 2369 3290 θυμὸς,
2424 3224 2700 3295 ἀποτυχία
2729 3227 2787 3280 δὲ
2833 3228 3050 3299 ἀμύνης
3083 3231 3340 3300 ἐγέννησε
3365 3232 3541 3303 λύπην
3562 3250 3574 3262 ·
3607 3235 3749 3304 λύπη

2179 3312 2358 3383 στόμα
2392 3315 2511 3367 ἐστὶ
2557 3316 2790 3382 λέοντος,
2834 3321 2928 3373 καὶ
2969 3321 3060 3375 τὸν
3088 3322 3426 3394 λυπούμενον
3459 3328 3750 3381 καταπίνει
3793 3371 3796 3373 .

2176 3403 2438 3475 εὐχερῶς.
2472 3405 2696 3476 Σκώληξ
2735 3409 2853 3462 ἐστὶ
2885 3411 3113 3481 καρδίας
3147 3412 3314 3484 λύπη,
3346 3416 3448 3469 καὶ
3473 3417 3749 3471 κατεσθίει

2176 3492 2274 3560 τὴν
2327 3494 2596 3549 τεκοῦσαν
2655 3500 2891 3569 μητέρα.
2937 3501 3217 3556 Ὀδυνᾶται
3277 3505 3461 3577 μήτηρ
3491 3506 3748 3561 τίκτουσα

2176 3585 2409 3650 παιδίον,
2447 3587 2542 3641 ἐὰν
2564 3587 2717 3662 τέκῃ,
2745 3589 2844 3660 τῆς
2889 3591 3083 3663 ὀδύνης
3118 3594 3485 3665 ἀπήλλακται,
3514 3596 3659 3668 λύπη
3691 3599 3744 3652 δὲ

2173 3678 2512 3749 γεννωμένη,
2537 3681 2703 3734 πολὺν
2726 3685 2867 3735 κινεῖ
2885 3683 2974 3737 τὸν
3001 3685 3180 3751 πόνον,
3211 3687 3305 3740 καὶ
3331 3687 3472 3757 μετὰ
3503 3688 3601 3752 τὰς
3625 3690 3745 3743 ὠδί-

2173 3784 2271 3831 νας
2333 3772 2747 3841 παραμένουσα,
2797 3775 2857 3826 οὺ
2916 3777 3131 3847 μικρῶς
3179 3779 3454 3833 όδυνᾶται.
3500 3781 3616 3834 Ούκ
3637 3777 3740 3834 οἶδε

2161 3860 2350 3930 Δχαρὰν
2394 3866 2773 3934 πνευματικὴν
2824 3865 3167 3936 λυπούμενος
3197 3870 3456 3939 μοναχδς,
3506 3873 3585 3934 ὡς
3625 3873 3740 3925 οὐδὲ

2176 3951 2392 4021 μέλιτος
2430 3952 2621 4020 γεῦσιν
2669 3955 2698 4007 6
2736 3957 3026 4026 πυρέσσων
3075 3959 3340 4031 σφοδρῶς.
3391 3963 3741 4034 Λυπούμενος

2176 4041 2408 4112 μοναχδς
2465 4045 2526 4096 οὐ
2558 4045 2770 4116 κινήσει
2797 4047 2886 4100 τὸν
2909 4047 3034 4102 νοῦν
3053 4049 3135 4112 είς
3155 4049 3410 4121 θεωρίαν,
3431 4054 3553 4106 οὐδὲ
3581 4071 3740 4125 προσ-

2171 4133 2340 4203 ευχὴν
2376 4134 2626 4204 καθαρὰν
2662 4137 3014 4208 ἀναπέμπειο
3060 4141 3263 4206 παντὸς
3307 4142 3416 4212 γὰρ
3448 4145 3615 4198 καλοῦ
3658 4147 3742 4213 ἐμ.

2176 4224 2359 4276 πόδιόν
2388 4225 2504 4278 ἐστι
2533 4226 2700 4296 λύπη.
2732 4231 2940 4300 Δεσμὸς
2965 4231 3142 4285 ποδῶν
3184 4233 3443 4304 ἐμπόδιόν
3479 4237 3598 4289 ἔστι
3624 4237 3739 4307 δρό-

2176 4329 2302 4383 μου,
2333 4313 2428 4366 καὶ
2458 4313 2603 4385 λύπη
2665 4317 2923 4387 ἐμπόδιον
2958 4319 3209 4390 θεωρίας.
3261 4317 3618 4392 Αίχμάλωτος
3640 4324 3741 4378 ἀπὸ

2175 4405 2466 4477 βαρϐάρων
2496 4405 2707 4461 δέδεται
2743 4409 2860 4479 σιδή
2869 4427 2999 4480 ρων,
3031 4411 3127 4464 καὶ
3146 4413 3494 4482 αἰχμάλωτος
3511 4416 3620 4468 ἀπὸ
3644 4431 3742 4467 πα-

2106 4533 2148 4586 D
2175 4497 2282 4549 θῶν
2319 4497 2526 4550 δέδεται
2554 4497 2718 4568 λύπη.
2741 4501 2855 4554 Οὐκ
2881 4501 3054 4570 ίσχύει
3079 4501 3222 4574 λύπη
3243 4503 3318 4574 μὴ
3340 4506 3625 4574 παρόντων
3641 4506 3742 4559 τῶν

2175 4588 2351 4642 ἄλλων
2384 4588 2594 4650 παθῶν,
2613 4590 2686 4653 ὡς
2714 4591 2840 4644 οὔτε
2862 4592 3078 4661 δεσμὸς,
3113 4594 3188 4664 μὴ
3220 4594 3506 4665 παρόντων
3529 4597 3637 4650 τῶν
3662 4599 3743 4652 6s-

2174 4677 2474 4745 σμούντων.
2518 4679 2575 4732 '0
2606 4679 2887 4750 δεδεμένος
2917 4683 3064 4754 λύπῃ
3092 4683 3368 4754 νενίκηται
3395 4686 3502 4739 ὑπὸ
3534 4685 3738 4749 παθῶν,

2172 4769 2266 4822 καὶ
2307 4769 2398 4821 τὸν
2431 4769 2630 4839 δεσμὸν
2682 4772 3002 4842 ἐπιφέρεται
3043 4774 3145 4844 τῆς
3175 4775 3344 4846 ἥττης
3379 4775 3471 4829 τὸν
3503 4776 3739 4847 ἔλεγχον.

2171 4858 2330 4928 Λύπη
2376 4858 2485 4928 γὰρ
2526 4861 2842 4916 συνίσταται
2875 4865 2968 4916 ἐπὶ
2990 4865 3264 4937 ἁποτυχίᾳ
3290 4867 3527 4938 ὀρέξεως
3560 4885 3742 4938 σαρκιο

2171 4951 2274 5020 κῆς
2297 4968 2311 4980 ·
2343 4951 2522 5022 ὄρεξις
2543 4951 2599 5004 δὲ
2624 4954 2786 5007 παντὶ
2803 4955 2964 5010 πάθει
2994 4957 3368 5020 συνέζευκται.
3430 4959 3488 5011 ὐ
3519 4963 3743 5030 νικήσας

2175 5042 2375 5111 ὄρεξιν,
2433 5043 2655 5113 ἐνίκησε
2691 5045 2860 5116 πάθη,
2905 5049 2933 5099 6
2971 5047 3026 5100 δὲ
3057 5049 3289 5120 νικήσας
3330 5048 3503 5120 πάθη,
3527 5051 3591 5103 οὐ
3614 5067 3745 5120 κρα-

2170 5131 2469 5203 τηοήσεται
2524 5133 2630 5187 ὑπὸ
2684 5134 2880 5206 λύπης.
2927 5139 3231 5211 Ἐγκρατὴς
3264 5141 3326 5194 ού
3374 5141 3626 5195 λυπεῖται
3655 5142 3744 5194 ἐπὶ

2170 5221 2440 5293 ἁποτυχίᾳ
2475 5222 2803 5294 βρωμάτων,
2831 5225 2952 5281 οὔτε
2976 5229 3208 5301 σώφρων
3231 5230 3551 5302 διαμαρτὼν
3577 5232 3743 5301 ἀφρο-

2174 5312 2340 5382 σύνης
2373 5313 2700 5380 ἀκολάστου,
2730 5317 2852 5382 οὐδὲ
2877 5317 3165 5390 ἁόργητος,
3193 5321 3485 5374 ἀποπεσὼν
3509 5321 3742 5392 ἀμύνης,

2171 5403 2294 5455 οὐδὲ
2357 5404 2759 5476 ταπεινόφρων,
2830 5412 3114 5481 στερηθεὶς
3160 5414 3510 5487 ἀνθρωπίνης
3556 5415 3741 5486 τιμῆς.

2168 5495 2292 5548 οὐδὲ
2317 5495 2713 5569 ἀφιλάργυρος,
2741 5500 2914 5573 ζημίᾳ
2942 5507 3275 5576 περιπεσὼν,
3321 5509 3607 5576 ἐξέκλιναν
3635 5507 3742 5575 γὰρ

2164 5585 2265 5657 τήν
2293 5586 2500 5640 τούτων
2540 5587 2717 5660 ὄρεξιν
2760 5591 3021 5659 δυνατῶς
3058 5598 3247 5670 ὥσπερ
3281 5601 3389 5671 γὰρ
3437 5603 3466 5654 ό
3503 5599 3738 5668 τεθωρα-
