4046 6152
360 347 490 413 1ίῖ»7
1382 356 1480 413 DE
1521 355 1709 416 OCTO
1742 345 2177 418 SPIRITIBUS
2212 346 2569 420 MALITL‘E.
3459 362 3593 431 1:73

336 469 592 536 κιςμένος
618 467 676 519 ού
706 465 921 535 δέχεται
948 465 1310 536 βέλος,οῦτως
1351 468 1378 519 6
1401 468 1611 538 ἀπαθὴς
1638 471 1697 521 οὐ
1730 469 1913 540 τιτρώ-

2026 472 2226 534 tinens,
2275 465 2418 542 quod
2474 475 2802 546 impudicam
2847 484 3078 546 ne-';ueat
3115 485 3326 550 assequi
3364 475 3596 540 tlelertzv

336 574 525 610 σκεται
556 557 664 609 ἀπὸ
695 557 895 626 λύπης.

2027 563 2252 626 tioncm,
2302 580 2478 634 neque
2528 578 2866 635 mansuetus,
2917 570 3061 638 quod
3105 573 3172 624 ab
3219 574 3423 629 t-|tiouc
3445 577 3595 633 exci-

332 651 491 712 dtrrit,
520 665 700 718 neque
744 648 990 710 humilis,
1027 646 1169 714 quod
1214 647 1455 701 humano
1504 647 1668 703 fuerit
1728 650 1954 705 orbatus
1993 652 2223 716 honore,
2268 669 2443 723 neque
2507 657 2600 725 qui
2632 657 2790 727 longe
2817 659 2885 712 ab
2919 660 3176 714 aviditate
3203 673 3287 717 est
3325 668 3592 733 pecuniae.

331 743 375 794 si
407 744 458 794 in
488 740 876 793 detrimentum
910 737 1130 804 aliquod
1188 737 1464 798 inciderit,
1521 738 1752 791 multum
1828 740 1974 792 enim
2027 741 2300 796 evitarunt
2349 745 2540 796 harum
2585 761 2765 799 rerum
2833 751 3208 816 cupiditatem,
3265 758 3392 823 quia
3452 762 3595 818 sicut

333 835 558 886 thorace
615 831 840 884 indutus
889 829 1503 898 nequaquamjaculum
1540 829 1799 895 admittit,
1841 832 1922 886 sic
1959 832 2052 902 qui
2089 836 2405 902 passionum
2455 847 2539 892 est
2589 853 2819 908 expers,
2872 857 2980 896 non
3041 845 3356 902 vulneratur
3405 866 3434 905 a
3503 856 3597 908 tri.

329 927 500 980 Stitia.

927 1087 1180 1142 ΚΕΦΑΛ.
1231 1088 1332 1142 ιΒο.

397 1196 602 1266 Θυρεὺς
647 1195 978 1268 στρατιώτῃ,
1022 1199 1117 1250 καὶ
1165 1199 1317 1250 πόλει
1351 1201 1531 1270 τεῖχός
1560 1201 1706 1253 ἐστιν
1738 1201 1914 1271 ἀσφά-

325 1288 446 1339 λεια
469 1303 482 1318 ·
521 1285 762 1339 ἀπάθεια
790 1286 847 1339 δὲ
883 1286 1102 1355 μοναχῷ
1132 1289 1519 1358 ἀσφαλεστέρα
1540 1291 1868 1361 ἀμφοτέρων
1891 1308 1906 1320 ·

327 1379 522 1445 θυρεὸν
553 1378 650 1446 μὲν
683 1377 791 1447 γὰρ
820 1376 964 1428 διέδυ
995 1374 1148 1446 βέλος
1189 1379 1354 1448 ῥοίζῳ
1379 1365 1680 1450 φερόμενον
1714 1381 1909 1435 πολλά-

325 1489 438 1532 κις,
475 1471 565 1522 καὶ
591 1471 766 1537 τεῖχος
802 1469 1111 1539 κατέσκαψε
1146 1472 1351 1541 πλῆθος
1372 1473 1736 1542 πολεμιστῶν,
1765 1476 1910 1528 ἀπα-

2613 1092 2840 1149 CAPUT
2879 1093 2994 1150 Xll.

2089 1201 2244 1257 Militi
2276 1205 2543 1261 securitas
2577 1215 2662 1262 est
2685 1209 2926 1278 clypeus,
2952 1219 3006 1264 et
3042 1210 3162 1265 urbi
3195 1227 3385 1269 murus
3427 1234 3440 1271 :
3477 1215 3592 1274 mo-

2014 1295 2195 1348 nacho
2249 1310 2379 1349 vero
2439 1299 2754 1366 passionum
2808 1301 3074 1363 vacuitas,
3109 1303 3376 1358 ambobus
3402 1317 3481 1360 est
3509 1323 3595 1362 sc-

2016 1387 2236 1446 curior;
2267 1399 2318 1440 et
2353 1390 2497 1441 enim
2532 1405 2672 1458 sa‘pe
2699 1391 2916 1461 quidem
2956 1393 3148 1462 sagitta
3181 1396 3358 1450 valido
3380 1398 3588 1452 vibrata

2018 1478 2244 1531 brachio
2276 1488 2517 1547 pctmrat
2546 1481 2817 1551 clypeum,
2847 1491 2901 1537 et
2950 1483 3271 1540 bellatorum
3305 1489 3593 1544 multitudo

325 1560 480 1622 θείας
531 1559 586 1612 δὲ
638 1559 698 1610 ού
752 1559 1072 1629 κατισχύσει
1121 1561 1286 1632 λύπη.
1330 1564 1388 1616 Ὁ
1433 1564 1652 1633 κρατῶν
1697 1565 1908 1630 παθῶν,

2020 1586 2236 1623 murum
2273 1570 2480 1633 ell'odit,
2521 1573 2737 1625 tristitia
2763 1588 2889 1627 vero
2916 1589 3022 1628 non
3063 1577 3373 1645 praevalebit
3405 1582 3590 1634 vacui-

323 1654 603 1722 ἐκράτησε
653 1651 852 1721 λύπης,
907 1653 1220 1723 ἡττώμενος
1265 1656 1320 1708 δὲ
1352 1656 1565 1727 ἡδονῆς,
1591 1657 1689 1710 οὐκ
1714 1658 1913 1726 ἐκφεύ-

322 1741 477 1807 ξεται
505 1741 630 1802 τοὺς
658 1739 864 1811 ταύτης
891 1741 1144 1811 δεσμούς.
1193 1744 1253 1796 ’0
1278 1743 1618 1814 λυπούμενος
1651 1747 1910 1816 συνεχῶς,

323 1834 418 1886 καὶ
455 1831 924 1903 προσποιούμενος
953 1833 1245 1898 ἀπάθειαν,
1280 1837 1466 1905 ὅμοιός
1494 1838 1610 1889 ἐστι
1643 1837 1906 1903 νοσοῦντι,

322 1925 424 1978 καὶ
449 1923 640 1993 ὑγείαν
672 1925 1109 1997 ὑποκρινομένῳ·
1134 1925 1208 1990 ὡς
1239 1928 1348 1998 γὰρ
1375 1930 1402 1981 ὁ
1453 1929 1625 1983 νοσῶν
1654 1930 1911 2001 δηλοῦται

319 2017 434 2071 ἀπὸ
467 2016 563 2070 τοῦ
594 2017 905 2088 χρώματος,
937 2017 1110 2082 οὕτως
1138 2021 1167 2072 6
1203 2019 1458 2091 ἐμπαθὴς
1488 2023 1769 2093 ἐλέγχεται
1803 2024 1911 2077 ἀπὸ

318 2109 527 2181 λύπης.
571 2111 629 2164 'U
668 2111 901 2180 ἀγαπῶν
922 2112 1012 2165 τὸν
1038 2115 1264 2181 κόσμον,
1306 2112 1677 2186 λυπηθήσεται
1713 2116 1906 2182 πολλὰ,

319 2204 688 2274 καταφρονῶν
731 2203 786 2257 δὲ
825 2203 934 2257 τῶν
995 2205 1052 2256 ἐν
1105 2203 1274 2274 αύτῷ,
1335 2205 1771 2276 εὐφρανθήσεται
1820 2207 1910 2262 διὰ

320 2296 556 2359 παντός.
575 2295 915 2366 Φιλάργυρος
950 2295 1250 2364 ζημιωθεὶς
1277 2295 1650 2367 λυπηθήσεται
1675 2299 1903 2369 πικρῶς,

319 2388 349 2438 6
381 2384 444 2437 δὲ
483 2385 837 2453 καταφρονῶν
877 2388 1199 2455 χρημάτων,
1237 2384 1444 2448 ἄλυπος
1483 2384 1655 2438 ἔσται.
1690 2387 1904 2440 Φιλόδο-

322 2475 410 2540 ξος
441 2474 836 2546 λυπηθήσεται,
865 2474 1202 2544 ἐπελθούσης
1233 2475 1479 2545 ἀτιμίας,
1511 2478 1538 2528 6
1562 2477 1616 2529 δὲ
1655 2480 1904 2532 ταπεινό-

322 2583 484 2636 ιρρων
521 2565 726 2636 ταύτην
783 2567 870 2629 ὡς’
898 2566 1194 2638 σύντροφον
1246 2567 1476 2634 δέξεται.
1526 2570 1904 2642 Χωνευτὴριον

322 2661 602 2730 ἐκάθηρεν
637 2660 897 2730 ἀργύριον
935 2660 1213 2729 ἀδόκιμον,
1255 2661 1346 2713 καὶ
1383 2660 1528 2732 λύπη
1571 2663 1714 2716 κατὰ
1773 2663 1904 2717 Θεὸν

321 2754 560 2823 καρδίαν
581 2756 638 2806 ἐν
664 2754 964 2825 ἁμαρτίαις
993 2769 1006 2782 ⁶
1048 2753 1313 2823 χώνευσις
1353 2755 1586 2825 συνεχὴς
1629 2759 1773 2824 μειοῖ
1810 2759 1905 2826 μόι

321 2845 528 2908 λιϐδον,
566 2847 658 2899 καὶ
687 2846 830 2912 λύπη
864 2847 1105 2916 κοσμικὴ
1139 2846 1352 2899 ἐλαττοῖ
1373 2847 1631 2900 διάνοιαν.
1679 2848 1904 2917 ὐφθαλ-

2022 1663 2114 1716 tati
2139 1662 2478 1731 passionum.
2522 1662 2622 1728 Qui
2656 1663 2967 1718 dominatur
3005 1668 3373 1735 passionibus,
3413 1669 3592 1725 domi-

2020 1764 2179 1806 natus
2221 1759 2306 1805 est
2340 1751 2593 1814 tristitiaa,
2630 1753 2876 1806 devictus
2926 1762 3105 1807 autem
3139 1769 3168 1807 a
3210 1757 3503 1825 voluptate,
3537 1759 3594 1812 il-

2018 1840 2125 1896 lius
2149 1855 2256 1894 non
2292 1839 2511 1911 effugiet
2550 1843 2765 1896 vincula
2792 1861 2805 1897 :
2828 1844 2922 1911 qui
2958 1843 3201 1898 tristatur
3226 1846 3463 1909 assidue,
3500 1864 3583 1900 se-

2017 1947 2124 2000 que
2153 1931 2384 1986 liberum
2413 1947 2444 1986 a
2477 1934 2824 2002 passionibus
2850 1933 3068 1988 fictione
3107 1937 3410 2002 profitetur,
3440 1939 3593 1992 simi-

2016 2023 2084 2078 lis
2123 2031 2208 2079 est
2235 2026 2539 2094 aegrotanti,
2561 2024 2654 2094 qui
2692 2023 2912 2079 simulat
2933 2027 3218 2080 sanitatem
3243 2045 3258 2092 ;
3283 2028 3589 2083 sicutenim

2015 2119 2107 2186 qui
2137 2119 2329 2171 morbo
2381 2119 2611 2182 laborat,
2662 2133 2690 2171 a
2730 2119 2912 2172 colore
2959 2118 3356 2185 manifestatur,
3395 2120 3466 2175 ita
3497 2123 3589 2190 qni

2016 2209 2364 2278 passionibus
2431 2209 2637 2271 subest,
2701 2209 2948 2278 arguitur
2976 2223 3007 2262 e
3059 2210 3298 2264 tristitia.
3334 2211 3436 2274 Qui
3466 2211 3591 2264 dili-

2014 2301 2090 2371 git
2133 2300 2394 2354 mundum
2429 2300 2582 2355 valde
2634 2301 2806 2354 tristis
2847 2300 3115 2364 mmrebit,
3161 2302 3254 2355 sed
3287 2303 3377 2371 qui
3409 2303 3591 2372 despi-

2013 2391 2088 2445 cit
2113 2404 2198 2455 ea,
2225 2405 2348 2460 quae
2377 2389 2428 2442 in
2468 2388 2585 2458 ipso
2625 2399 2772 2451 sunt,
2806 2403 3024 2457 semper
3049 2390 3320 2457 gaudebit.
3354 2392 3587 2446 Avarus.

2013 2485 2059 2539 si
2101 2485 2308 2538 damno
2339 2479 2505 2533 fuerit
2548 2479 2796 2540 atl'cctus,
2837 2493 3021 2532 amare
3062 2479 3504 2542 contristabitur,
3535 2491 3592 2533 at

2011 2570 2102 2640 qtti
2142 2572 2440 2626 contemnit
2487 2569 2770 2638 pecunias,
2827 2569 3035 2636 absque
3059 2567 3278 2622 tristitia
3308 2568 3474 2639 468
3507 2571 3588 2622 vi-

2013 2674 2118 2718 vet.
2162 2663 2262 2728 Qui
2289 2663 2482 2716 avidus
2513 2669 2594 2714 est
2644 2659 2849 2728 glorias,
2897 2657 3309 2726 superveniente
3341 2660 3588 2721 infamia,

2012 2754 2212 2810 incidet
2235 2755 2287 2806 in
2313 2753 2626 2816 tristitiam;
2655 2765 2840 2804 verum
2856 2750 2946 2817 qui
2969 2749 3243 2802 humiliter
3265 2750 3423 2818 sapit,
3444 2765 3585 2814 eam,

2010 2845 2176 2900 veluti
2232 2845 2473 2898 sodalem
2533 2841 2785 2911 excipiet.
2837 2837 3054 2893 Fornax
3108 2838 3424 2893 conﬂatoria
3479 2855 3585 2894 non

325 2935 448 3005 μῶν
479 2935 770 3005 ἐνέργειαν
828 2938 1069 3006 ἀμαυροί
1104 2937 1326 3004 γνόφος,
1356 2937 1449 2989 καὶ
1486 2936 1611 2989 νοῦν
1637 2937 1906 3010 θεωρητι-

2015 2937 2300 3008 probatqu
2362 2943 2629 3004 expurgat
2693 2941 2999 2998 argentum,
3053 2937 3108 2984 et
3141 2927 3359 2982 tristitia
3388 2943 3584 2982 secun-

282 3040 286 3041 '
319 3026 420 3078 κὺν
441 3023 711 3095 ἀμϐλύνει
747 3024 892 3096 λύπη
919 3042 931 3056 ·
959 3025 1119 3094 βυθὸν
1144 3025 1336 3088 ὓδατος
1389 3025 1447 3078 οὐ
1469 3026 1737 3080 διαϐαίνει
1759 3028 1914 3098 ἡλια-

317 3115 417 3168 κὸν
454 3116 680 3184 φέγγος,
719 3115 813 3168 καὶ
845 3115 1073 3186 καρδίαν
1120 3116 1431 3169 κατάλυπον
1470 3117 1528 3168 ού
1576 3117 1914 3185 καταυγάζει

317 3208 534 3278 θεωρία
559 3202 736 3276 φωτός
763 3223 777 3238 ο
815 3207 914 3278 ἡδὺ
955 3210 1122 3261 πᾶσιν
1148 3209 1460 3280 ἀνθρώποις
1482 3209 1719 3280 ἀνατολὴ
1739 3209 1910 3279 ἡλίου,

314 3301 737 3372 δυσαρεστεῖται
768 3301 826 3353 δὲ
859 3301 953 3355 καὶ
1005 3301 1181 3371 τούτῳ
1255 3303 1572 3372 λυπουμένη
1618 3303 1788 3373 ψυχή.
1813 3305 1909 3356 Αί-

320 3394 524 3464 σθησιν
577 3392 820 3460 γεύσεως
861 3393 1179 3464 ἀφαιρεῖται
1221 3392 1457 3464 ίκτερος,
1491 3395 1586 3446 καὶ
1617 3393 1796 3464 ψυχῆς
1823 3396 1910 3448 αἵ-

318 3485 523 3556 σοησιν
557 3484 874 3554 ἀφαιρεῖται
904 3484 1072 3554 λύπη.
1107 3485 1167 3538 '0
1195 3485 1251 3538 δὲ
1274 3486 1633 3558 καταφρονῶν
1662 3487 1768 3539 τῶν
1791 3487 1913 3557 ἡδο-

317 3575 431 3627 νῶν
483 3573 584 3627 τοῦ
653 3573 859 3646 κόσμου
939 3577 1038 3630 οὐκ
1075 3576 1442 3648 ὀχληθήσεται
1501 3576 1606 3631 ὑπὸ
1638 3579 1912 3649 λογισμῶν

317 3668 527 3738 λύπης.

2011 3029 2140 3082 dum
2193 3025 2386 3089 Deum,
2437 3024 2561 3088 'cor,
2598 3021 2742 3092 quod
2774 3030 2854 3074 est
2907 3021 2958 3071 in
3004 3018 3244 3088 peccatis
3280 3035 3292 3070 :
3325 3018 3586 3072 continua

2010 3120 2308 3174 conflatura
2370 3117 2651 3186 plumbum
2703 3112 2998 3175 imminuit,
3043 3121 3097 3164 et
3128 3109 3314 3162 mundl
3365 3109 3585 3162 tristitia

2011 3210 2263 3265 diminuit
2292 3208 2646 3262 intellectum.
2684 3206 2864 3256 Aciem
2890 3200 3174 3254 oculorum
3213 3199 3584 3267 perspicacem

2009 3301 2182 3372 caligo
2216 3299 2485 3373 ohl‘uscat,
2527 3307 2579 3351 et
2635 3302 2870 3349 mentem
2925 3282 3194 3346 addictam
3247 3288 3585 3357 contempla-

2014 3394 2146 3449 tioni
2167 3393 2380 3448 hebetat
2417 3389 2657 3447 tristitia.
2689 3388 2855 3456 Aqua:
2880 3383 3301 3455 profunditatem
3331 3395 3436 3434 non
3466 3396 3588 3449 per-

2015 3487 2164 3542 vadit
2195 3485 2325 3540 solis
2356 3481 2553 3550 fulgor,
2591 3486 2642 3532 ct
2679 3493 2772 3530 cor
2796 3474 3048 3529 allectum
3081 3469 3301 3526 tristitia
3338 3479 3587 3524 contem-

2009 3567 2184 3650 platio
2205 3575 2427 3631 luminis
2449 3588 2554 3627 non
2594 3571 2866 3624 illustrat:
2899 3566 3031 3620 solis
3061 3572 3237 3625 ortus,
3269 3563 3426 3617 dulce
3457 3560 3586 3631 quid

2020 3670 2337 3725 hominibus
2364 3674 2479 3731 est;
2505 3673 2554 3717 at
2590 3664 2794 3726 anima,
2827 3675 2948 3727 quae
2974 3658 3194 3711 tristitia
3224 3653 3499 3726 afﬂigitur,
3533 3655 3586 3706 in

314 3781 385 3815 eo
418 3779 648 3833 quoque
684 3762 786 3816 sibi
854 3763 1126 3831 displicet.
1193 3761 1420 3816 Morbus
1459 3770 1721 3830 arqualus
1763 3778 1984 3818 sensum
2025 3762 2201 3819 aufert
2235 3771 2446 3831 gustus,
2483 3767 2534 3812 ct
2557 3758 2776 3810 tristitia
2822 3755 2955 3808 tollit
2996 3754 3192 3806 anima:
3248 3747 3591 3806 sensutn.'At

312 3861 408 3926 qui
471 3856 663 3909 mundi
721 3856 1028 3924 Voluptates
1069 3856 1390 3914 contemnit,
1423 3869 1452 3907 a
1485 3853 1904 3923 cogitationibus
1946 3856 2174 3911 tristitia:
2205 3870 2312 3908 non
2337 3849 2664 3906 turbabilur.

918 4008 1165 4062 ΚΕΦΑΛ.
1217 4007 1316 4059 ll".

893 4144 1032 4210 Περὶ
1059 4142 1334 4211 ἀκηδιίις.

399 4263 636 4335 ’Λκηδία
665 4262 812 4314 ἐστὶν
838 4260 1026 4313 ἀτονία
1055 4259 1256 4329 ψυχῆς,
1289 4259 1477 4311 ἀτονία
1503 4258 1558 4311 δὲ
1592 4258 1771 4328 ψυχῆς
1807 4257 1910 4310 οὐκ

307 4357 520 4426 ἔχουσα
559 4354 621 4406 τὸ
652 4351 795 4405 κατά
848 4350 1030 4419 φύσιν,
1066 4350 1186 4402 οὐδὲ
1217 4349 1355 4419 πρὸς
1390 4349 1729 4420 πειρασμοῦς
1761 4349 1918 4401 ἵστα-

303 4465 402 4500 ται
435 4444 732 4515 γενναίως.
768 4443 950 4511 Ὅπερ
980 4442 1089 4511 γάρ
1125 4443 1241 4493 ἐστι
1267 4443 1442 4512 τροφὴ
1471 4440 1780 4493 εύεκτοῦντι
1806 4439 1912 4492 σώ-

312 4556 476 4609 ματι,
504 4535 673 4589 τοῦτὸ
706 4535 823 4586 ἐστι
868 4533 1175 4604 πειρασμὸς
1216 4534 1443 4603 γενναία
1504 4533 1671 4602 ψυχῇ.
1715 4531 1915 4601 Βορέας

307 4631 525 4698 ἄνεμος
573 4627 765 4697 τρέφει
797 4625 1146 4694 γεννήματα,
1182 4625 1277 4675 καὶ
1305 4624 1602 4692 πειρασμοὶ
1638 4620 1916 4692 βεϐαιοῦσι

308 4718 631 4791 καρτερίαν
661 4716 861 4786 ψυχῆς.
896 4716 1114 4787 Νεφέλη
1139 4714 1363 4783 ἄνυδρος
1385 4712 1641 4764 διώκεται
1663 4711 1768 4764 ὑπὸ
1791 4709 1918 4763 ἀνέ-

312 4824 448 4880 μου,
503 4806 608 4860 καὶ
663 4806 790 4869 νοῦς
845 4806 1128 4875 ὑπομονὴν
1165 4805 1239 4874 μὴ
1268 4804 1430 4873 ἔχων,
1469 4802 1575 4856 ὑπὸ
1609 4800 1918 4871 πνεύματος

308 4899 586 4969 ἀκηδίας.
645 4897 846 4968 Δρόσος
913 4895 1103 4966 ἐαρινὴ
1155 4895 1308 4958 αὒξει
1357 4894 1570 4964 καρπὸν
1598 4893 1792 4962 ἀγροῦ,
1825 4891 1919 4945 καὶ

308 4990 480 5057 λόγος
514 4985 896 5054 πνευματικὸς
928 4985 1054 5054 ύψοῖ
1097 4983 1437 5036 κατάστασιν
1464 4981 1665 5050 ψυχῆς.
1709 4978 1921 5049 Ῥεῦμα

305 5081 566 5151 ὀκηδίας
606 5078 888 5142 ἐξελαύνει
939 5077 1182 5170 μοναχδν
1235 5076 1298 5128 ἐκ
1344 5074 1442 5143 τῆς
1486 5073 1665 5134 οἰκίας
1685 5072 1922 5134 αὐτοῦ,ὁ

306 5176 369 5228 δὲ
409 5175 562 5245 ἔχων
588 5171 872 5242 ὑπομονὴν
903 5160 1170 5239 ἡσυχάζει
1195 5165 1508 5226 διαπαντός.
1527 5160 1922 5214 Ἀσθενούντων

310 5264 657 5333 ἐπισκέψεις
697 5263 1061 5332 προϐάλλεται
1109 5264 1136 5313 6
1173 5255 1529 5328 ἀκηδιαστὴς,
1589 5254 1926 5324 πληροφορεί

305 5360 367 5412 δὲ
402 5357 503 5409 τὶν
539 5355 679 5406 ἴδιον
715 5355 938 5407 σκοπόν.
983 5351 1342 5422 Ἀκηδιαστὴς
1368 5347 1623 5418 μοναχὺς,
1658 5345 1791 5414 πρὸς
1814 5344 1928 5396 διας-

306 5451 517 5505 κονίαν
559 5443 716 5509 ὀξὺς,
747 5447 844 5498 καὶ
869 5446 1089 5516 ἐντολὴν
1121 5443 1398 5510 λογίζεται
1429 5439 1527 5508 τὴν
1561 5435 1756 5490 ἑαυτοῦ
1787 5435 1925 5503 πλη-

303 5539 594 5616 ροφορίαν
630 5551 645 5564 ⁸
698 5536 864 5605 ῳυτδν
903 5537 1130 5607 ἀδρανὲς
1171 5534 1380 5588 ἔκλινεν
1419 5525 1560 5597 αὖρα
1602 5525 1793 5595 λεπτὴ,
1833 5525 1929 5577 καὶ¹

303 5629 612 5708 φαντασία
679 5629 991 5699 ἀποδημίας
1023 5629 1276 5682 εἵλκυσεν
1308 5621 1662 5693 ἀκηδιαστήν.
1706 5617 1930 5685 Δένδρον

312 5725 514 5786 καλῶς
544 5719 805 5788 πεπηγὸς
833 5722 930 5774 οὐκ
976 5721 1152 5774 ἔσεισε
1183 5718 1270 5787 βία
1295 5713 1639 5782 πνευμάτων,
1673 5710 1769 5760 ’καὶ
1789 5709 1926 5777 ἀκη-

2607 4001 2838 4058 CAPUT
2872 3999 3007 4053 XIII.

2445 4117 2515 4170 De
2558 4117 2765 4176 acedia,
2803 4129 2891 4166 seu
2939 4110 3166 4163 desidia.

2087 4238 2284 4295 Acedia
2335 4243 2420 4289 est
2466 4233 2662 4286 anima:
2705 4230 2972 4298 languor,
3029 4225 3226 4278 animas
3259 4236 3386 4276 vero
3438 4220 3590 4275 infir-

1950 4340 1992 4397 D
2023 4337 2202 4397 mitas,
2236 4345 2358 4385 cum
2395 4342 2501 4381 non
2544 4325 2757 4385 haheat,
2793 4319 2939 4390 quod
2976 4327 3060 4373 est
3101 4316 3400 4372 secundum
3432 4321 3592 4368 natu-

2016 4445 2156 4490 ram,
2206 4439 2305 4478 nec
2359 4422 2622 4474 adversus
2659 4413 2986 4469 tentationes
3033 4422 3293 4479 generose
3326 4403 3590 4474 persistit.

2016 4520 2170 4586 Quod
2225 4517 2368 4571 enim
2425 4512 2478 4565 in
2508 4521 2737 4578 corpore
2801 4506 2941 4559 bene
2973 4500 3171 4555 valenti
3201 4505 3460 4568 Operatur
3495 4494 3595 4548 ali-

2017 4617 2282 4665 mentum,
2328 4605 2431 4656 hoc
2465 4601 2606 4653 idem
2663 4595 2891 4650 tentatio
2925 4593 2979 4647 in
3021 4590 3201 4646 anima
3235 4586 3394 4641 cﬂicit
3434 4599 3598 4653 gene-

2017 4716 2164 4754 rosa.
2203 4696 2402 4750 Boreas
2429 4700 2620 4745 ventus
2650 4687 2821 4742 nutrit
2855 4684 3123 4754 germina,
3162 4688 3217 4735 et
3249 4675 3594 4734 tentationes,

2018 4794 2217 4848 animae
2271 4783 2636 4842 constantiam
2707 4779 2945 4831 ﬁrmant.
2993 4772 3177 4827 Nubes
3217 4783 3358 4838 aqua
3403 4780 3599 4820 cari-ns

2013 4900 2049 4936 a
2074 4891 2230 4935 vento
2253 4875 2583 4946 dispellitur,
2605 4880 2660 4924 et
2687 4883 2865 4931 mens,
2895 4863 3210 4934 patientiam
3235 4874 3340 4914 non
3369 4857 3594 4915 habens,

2020 4990 2051 5027 a
2083 4971 2280 5041 Spiritu
2310 4945 2553 5022 desidias.
2594 4961 2704 5015 llos
2748 4971 2948 5012 vernus
2991 4960 3155 5022 auget
3187 4950 3424 5041 fructum
3456 4945 3595 5041 agri,

2020 5073 2070 5119 et
2094 5035 2278 5117 sermo
2309 5055 2611 5129 spiritualis
2637 5059 2840 5106 statum
2860 5046 3058 5100 anima:
3080 5043 3132 5096 in
3168 5039 3400 5096 sublime
3426 5035 3602 5091 extol-

2025 5158 2102 5212 lit.
2139 5155 2361 5208 Fluctus
2380 5148 2602 5204 desidia:
2628 5140 2956 5198 monachum
2988 5133 3208 5204 expellit
3236 5146 3266 5185 e
3291 5131 3455 5183 domo
3479 5140 3599 5190 sua,

2025 5248 2116 5318 qui
2145 5259 2272 5299 vero
2309 5243 2502 5298 tolerat
2544 5235 2814 5302 habetque
2837 5228 3178 5318 patientiam,
3197 5221 3601 5318 quietantsem-

2029 5310 2122 5406 per
2180 5330 2432 5399 transigit
2486 5327 2672 5380 vitam.
2711 5319 3051 5374 Infirmorum
3085 5310 3418 5366 visitationes
3463 5320 3608 5376 prato

2029 5403 2161 5481 texit
2187 5421 2352 5494 (‘69
2382 5418 2682 5487 tugligens,
2711 5409 2934 5481 preprio
2970 5419 3098 5460 vero
3141 5403 3319 5473 genio,
3351 5407 3404 5454 et
3439 5412 3604 5466 scopo

2032 5515 2320 5573 satisfacit.
2358 5508 2660 5563 Monachus
2713 5505 2864 5572 piger
2905 5499 2968 5553 ad
3005 5494 3367 5551 ministerium
3404 5504 3490 5545 εει
3513 5505 3606 5542 ve-

2033 5611 2143 5669 lox,
2209 5613 2472 5674 putatque
2519 5602 2843 5667 praeceptum
2873 5603 2997 5644 esse
3040 5587 3124 5642 sui
3183 5584 3355 5654 ipsius
3386 5577 3608 5637 satisfa-

2035 5673 2286 5756 ctionem.
2317 5695 2461 5747 Aura
2490 5689 2670 5744 tenuis
2693 5686 2962 5740 inlirmam
2992 5687 3242 5749 quassat,
3277 5673 3606 5742 innectitque
