4046 6152
476 319 614 386 1159

473 436 738 507 plantam,
779 441 833 486 et
865 429 1318 500 peregrinationis
1346 429 1661 500 imaginatio
1717 421 1882 484 trahit
1902 430 2045 485 desi-

473 528 620 581 dem.
660 522 802 576 Bene
839 520 1053 589 alteque
1095 519 1326 573 deﬁxam
1356 521 1602 575 arborem
1623 528 1904 574 ventorum
1937 535 2045 574 nou

473 613 716 669 concutit
747 611 1027 676 violentia,
1055 618 1108 663 et
1129 610 1335 664 desidia
1357 611 1582 664 lirmiter
1611 610 1904 664 [umentem
1930 609 2049 663 aui-

471 720 618 759 mam
640 719 744 757 non
776 701 1021 756 inﬂectit.
1047 701 1319 756 Circuitor
1343 702 1644 755 monachus
1678 701 1891 754 aridum
1939 699 2039 754 vir-

471 797 682 867 gultum
710 803 793 848 est
822 794 1171 860 solitudinis;
1208 795 1488 865 paululum
1534 793 1900 864 conquiescit,
1925 809 2049 848 rur-

472 903 680 957 susque
743 886 916 940 fertur
963 887 1187 941 invitus.
1235 886 1422 940 Planta
1481 887 1741 941 translata
1813 885 2050 940 fructum

475 993 582 1032 non
617 978 793 1041 affert,
849 987 904 1032 et
955 979 1258 1032 monachus
1299 976 1769 1032 circumforaneus
1815 974 2052 1030 fructum

476 1084 584 1124 non
615 1070 765 1124 dabit
797 1070 1033 1124 virtutis.
1074 1069 1292 1124 lufirmo
1337 1083 1401 1123 ac
1433 1068 1596 1122 debili
1631 1084 1736 1121 uon
1763 1083 1927 1121 unum
1967 1084 2055 1123 sa-

1960 318 2020 380 S.
2077 319 2243 382 NIIJ

2148 436 2238 490 δία
2266 436 2367 490 ούκ
2418 435 2668 504 ἔκαμψεν
2711 429 3110 505 ἐρηρεισμένην
3147 424 3347 496 ψυχήν.
3405 417 3723 484 Κυκλευτὴς

3589 301 3726 366 tum

2154 530 2411 601 μοναχδς,
2467 525 2744 596 φρύγανον
2801 519 3061 593 ἐρημίας,
3111 517 3290 584 ὀλίγον
3321 510 3589 584 ἡσύχασε,
3631 509 3728 601 καὶ

2151 597 2331 673 πάλιν-
2373 618 2597 687 φέρεται
2651 614 2726 686 μὴ
2778 611 3122 682 βουλόμενος.
3189 602 3361 657 Φυτὸν
3417 597 3726 669 μεταφερό-

2157 728 2317 782 μενον
2359 710 2418 761 ob
2470 705 2836 777 καρποφορεῖ,
2876 703 2970 755 καὶ
3028 695 3264 766 μοναχὺς
3304 690 3614 759 κυκλευτὴς
3663 691 3727 740 οὺ

2157 780 2374 867 ποιήσει
2437 793 2648 864 καρπὸν
2710 790 2934 860 ἀρετῆς.
2983 789 3042 841 '0
3074 783 3317 840 ἀσθενῶν
3351 783 3454 834 οὐκ
3477 780 3730 849 ἀρκεῖται

2156 865 2332 959 τροφῇ
2359 886 2476 955 μιᾷ,
2499 883 2594 936 καὶ
2620 879 2950 952 ἀκηδιαστὴς
2980 871 3208 946 μοναχδς
3240 875 3296 926 ἐν
3317 871 3465 941 ἔργῳ
3496 867 3595 920 ἑνί.
3614 865 3734 918 tit-.1-

2158 979 2330 1050 ηδόνῳ
2376 979 2477 1030 οὐκ
2507 975 2730 1046 ἀρκέσει
2767 973 2866 1042 μία
2905 968 3064 1039 γυνὴ,
3106 966 3200 1019 καὶ
3232 963 3532 1034 ἁκηδιαστῇ
3569 973 3736 1028 μονα-

2163 1070 2243 1141 χῷ
2275 1069 2375 1122 οὐκ
2405 1067 2630 1138 ἀρκέσει
2664 1063 2760 1134 μία
2785 1061 2974 1114 uilla.

478 1161 680 1215 tisfacit
743 1162 1085 1223 alimentum,
1118 1169 1171 1212 et
1241 1174 1339 1229 pro
1389 1159 1666 1213 desidiOso
1707 1162 1976 1216 monacho
2016 1179 2122 1218 non
2164 1138 2356 1216 est
2395 1175 2561 1214 unum
2582 1171 2740 1226 Opus.
2774 1151 3076 1221 Voluptatis
3103 1147 3301 1220 cupido
3334 1161 3442 1200 una
3478 1158 3587 1198 non
3615 1138 3736 1197 suf-

485 1253 600 1306 ficit
635 1251 854 1316 femina,
888 1261 942 1305 et
973 1251 1239 1305 monacho
1287 1251 1458 1305 desidi
1496 1267 1601 1305 non
1645 1252 1779 1308 satis
1805 1255 1908 1308 erit
1948 1271 2054 1311 una
2092 1256 2246 1312 cella.

1068 1406 1296 1461 CAPUT
1325 1406 1463 1461 XIV.

553 1517 758 1573 Oculus
804 1517 988 1588 segnis
1027 1518 1248 1572 assidue
1288 1518 1544 1573 fenestris
1585 1519 1791 1576 intente
1843 1521 2056 1592 aspicit,

481 1611 836 1680 ejusdemque
891 1609 1200 1665 intellectus
1237 1611 1520 1664 visitantcs
1572 1611 1937 1682 imaginatur:
1976 1614 2062 1683 ja-

2755 1412 3007 1467 ΚΕΦΔᾹ.
3055 1412 3154 1466 IA'.

2233 1528 2538 1600 Ὀφθαλμδς
2561 1526 2891 1599 ἀκηδιαστοῦ
2912 1528 3032 1587 ταῖς
3049 1523 3263 1595 θυρίσιν
3283 1519 3581 1584 ὲνατενίξει
3640 1533 3738 1570 συ-

2150 1621 2311 1695 χνῶς,
2365 1624 2456 1676 καὶ
2499 1625 2532 1693 ἠ
2566 1621 2775 1674 διάνοια
2830 1617 2996 1671 αὐτοῦ
3050 1619 3177 1678 τοὺς
3231 1611 3736 1680 ἑπισκεπτομένους

483 1717 591 1754 nua
643 1699 932 1754 stridorem
982 1700 1171 1764 edidit,
1223 1702 1427 1756 exsiliit
1462 1703 1574 1768 ille,
1608 1719 1795 1759 vocem
1857 1707 2051 1774 audiit,

2162 1712 2534 1783 φαντάζεται·
2590 1712 2804 1781 ἔτρισεν
2851 1711 2884 1778 ὴ
2928 1707 3090 1778 θύρα,
3141 1705 3396 1764 κάκεῖνος
3449 1700 3736 1770 egenam,

479 1789 699 1860 jamque
721 1803 816 1857 per
851 1787 1141 1842 fenestram
1192 1789 1484 1846 inclinatus
1519 1794 1776 1864 respexit,
1808 1809 1908 1848 nec
1933 1796 2057 1852 inde

483 1879 732 1941 discedit,
759 1892 1044 1946 usquequo
1086 1878 1302 1944 sedens,
1344 1881 1712 1949 Obstupescat.
1754 1882 1943 1950 Deses,
1978 1884 2056 1940 le-

483 1970 659 2040 gerulo
683 1983 824 2036 saape
845 1969 1067 2029 oscitat,
1097 1979 1149 2020 et
1167 1968 1233 2022 ad
1255 1984 1507 2023 somnum
1543 1971 1698 2026 facile
1720 1974 2053 2042 devolvitur,

483 2059 752 2116 confricet
784 2059 1011 2121 vultum,
1059 2059 1428 2129 distenditque
1463 2078 1684 2130 manus,
1715 2073 1770 2119 et
1803 2075 2056 2122 avertens

483 2150 672 2206 oculos
704 2166 735 2204 a
767 2151 926 2216 libro,
959 2153 1010 2205 in
1058 2153 1272 2221 pariete
1303 2154 1450 2222 ipsos
1479 2154 1699 2224 deligit:
1738 2157 1938 2214 iterum
1971 2174 2058 2216 re-

446 2276 449 2277 ν
486 2256 676 2295 versus
706 2257 996 2310 parumper
1021 2242 1168 2311 legit,
1191 2243 1567 2314 replicausque
1585 2246 1872 2302 verborum
1899 2249 2054 2316 fines,

482 2330 697 2386 laborat
747 2332 1001 2394 inaniter,
1057 2330 1186 2386 folia
1215 2317 1519 2402 enumerat,
1570 2345 1625 2390 et
1669 2338 2058 2407 quaterniones

483 2423 804 2485 calculatur,
865 2422 1194 2490 scripturam
1257 2431 1310 2478 et
1351 2435 1602 2480 ornatum
1653 2429 1949 2498 vituperat,
1993 2445 2058 2484 ac

482 2513 701 2569 demum
757 2513 1096 2582 complicans
1141 2514 1400 2583 supponit
1446 2517 1611 2586 capiti
1642 2517 1864 2585 librum,
1899 2520 2058 2576 edor-

485 2607 691 2674 mitque
725 2619 979 2658 somnum
1003 2620 1108 2657 non
1136 2604 1291 2660 valde
1320 2606 1674 2674 profundum,
1707 2609 1877 2667 fames
1910 2613 2056 2668 euim

484 2695 742 2764 deinceps
766 2695 939 2763 ipsius
971 2695 1175 2749 excitat
1217 2696 1478 2764 animam,
1506 2713 1571 2752 ac
1599 2698 1764 2772 470
1807 2704 2057 2772 proprias

483 2789 626 2855 gerit
680 2800 865 2840 curas.
923 2784 1118 2854 Segnis
1165 2787 1492 2852 monachus,
1541 2788 1692 2858 piger
1722 2798 1806 2844 est
1843 2790 1911 2844 ad
1934 2807 2057 2847 ora-

485 2876 710 2939 tionem,
738 2885 792 2929 et
827 2875 987 2929 verba
1021 2875 1285 2929 orationis
1309 2891 1416 2930 non
1447 2876 1733 2947 eloquetur
1777 2894 2052 2950 unquam:

483 2965 941 3037 quemadmodum
973 2964 1141 3030 enim,
1177 2965 1272 3035 qui
1321 2976 1564 3038 aegrotat,
1599 2983 1763 3038 grave
1797 2985 1905 3024 non
1931 2985 2058 3042 por-

485 3064 765 3156 tat-onus,
807 3056 879 3110 ita
918 3063 974 3110 et
1028 3054 1362 3156 desidiosus,
1417 3071 1558 3156 opus
1584 3059 2062 3156 Dei-nequaquam
2091 3063 2134 3122 ο
2165 3054 2332 3156 ειςχῆς

484 3147 650 3204 faciet
689 3157 983 3203 accurate:
1018 3163 1166 3213 nam,
1213 3147 1526 3203 destituitur
1573 3149 1794 3219 quidem
1821 3151 1912 3206 ille
1934 3151 2063 3205 viri-

482 3241 588 3296 bus
610 3241 879 3310 corporis,
911 3239 1014 3295 iste
1067 3254 1194 3294 vero
1225 3241 1424 3294 anima:
1469 3241 1650 3295 nervis
1683 3256 1747 3295 ac
1785 3241 2063 3298 laboribus

484 3341 570 3385 est
601 3331 926 3387 dissolutus.
958 3329 1232 3383 Desidiam
1253 3341 1411 3384 sanat
1443 3331 1701 3400 patientia
1729 3332 2062 3402 ;omuiaque

490 3437 614 3475 cum
646 3423 817 3475 multa
852 3429 906 3473 et
946 3419 1169 3474 assidua
1195 3417 1380 3473 facere
1427 3421 1744 3487 attentione,
1779 3433 1837 3478 et
1866 3421 1960 3479 Dei
1993 3423 2063 3479 ti-

485 3525 659 3565 more.
691 3509 750 3562 ιιι
791 3510 939 3564 omni
974 3524 1140 3578 opere
1169 3509 1388 3563 modum
1416 3511 1610 3565 ordina
1639 3512 1735 3568 tibi
1769 3513 1893 3584 ipsi,
1927 3530 2063 3572 neve

487 3601 640 3672 prius
679 3600 930 3662 desistas,
963 3615 1130 3669 quam
1186 3600 1317 3655 illud
1346 3601 1661 3670 perfeceris.
1692 3620 1756 3660 ac
1783 3606 1946 3660 simul
1979 3606 2062 3662 in-

487 3689 812 3759 telligenter,
860 3689 1229 3760 omnibusque
1281 3690 1485 3746 viribus
1518 3708 1636 3759 ora,
1675 3704 1915 3766 tuncque
1945 3711 1977 3752 a
2009 3705 2062 3754 te

392 3779 394 3782 ’
486 3781 716 3851 Spiritus
741 3781 991 3851 aufugiet
1023 3783 1273 3852 pigritiae.

1071 4071 1302 4128 CAPUT
1337 4072 1450 4128 XV.

1037 4184 1106 4237 De
1140 4201 1272 4238 vana
1299 4187 1492 4256 gloria.

554 4317 706 4374 Vana
764 4317 936 4388 gloria
985 4325 1067 4371 est
1123 4319 1307 4386 passio
1367 4319 1728 4388 irrationalis,
1789 4321 2057 4395 facileque

2165 1805 2348 1876 φωνῆς
2407 1805 2627 1874 ἢκουσε,
2665 1803 2758 1855 καὶ
2808 1800 2900 1854 διὰ
2943 1801 3040 1869 τῆς
3071 1797 3286 1868 θυρίδος
3306 1793 3622 1865 παρέκυψε,
3647 1792 3741 1844 καὶ

2164 1897 2264 1950 οὐκ
2292 1897 2590 1965 ἀφίσταται
2631 1893 2858 1956 ἐκεῖθεν,
2888 1891 2992 1954 ἓως
3015 1884 3075 1944 οὗ
3109 1889 3376 1961 ναρκήσει
3403 1885 3738 1954 καθήμενος.

2177 1986 2596 2056 Ἀναγινὼσκων
2619 1985 2953 2057 άκηδιαστὴς
2972 1983 3250 2055 χασμᾶται
3267 1979 3460 2042 πολλὰ,
3489 1977 3584 2030 καὶ
3603 1977 3739 2047 πρὸς

2165 2080 2332 2134 ὕπνον
2363 2081 2729 2151 καταφέρεται
2775 2079 3037 2150 εὐχερῶς,
3067 2075 3244 2147 τρίϐει
3294 2075 3393 2139 τάς
3437 2073 3613 2141 ὄψεις,
3644 2069 3743 2122 καὶ

2163 2175 2418 2229 διατείνει
2448 2174 2546 2237 τὰς
2566 2175 2774 2243 χεῖρας,
2797 2172 2891 2224 καὶ
2915 2171 3008 2224 τοῦ
3042 2170 3249 2240 βιϐλίου
3276 2168 3404 2231 τοὺς
3423 2166 3740 2236 ὀφθαλμοὺς

2164 2267 2499 2337 ἀποστήσας,
2534 2263 2831 2328 ὲνατενίζει
2874 2262 2954 2334 τῷ
2995 2261 3179 2332 τοίχῳ,
3212 2259 3374 2315 πάλιν
3404 2256 3741 2327 ἐπιστρέψας

2164 2355 2377 2422 ἀνέγνω
2409 2354 2624 2424 μικρὸν,
2662 2353 2755 2407 καὶ
2774 2351 3140 2420 ἀναπτύσσων
3168 2343 3240 2403 τὰ
3263 2349 3392 2418 τέλη
3426 2348 3535 2402 τῶν
3565 2347 3741 2411 λόγων

2165 2443 2614 2516 περιεργάςεται,
2651 2443 2875 2514 ἀριθμεῖ
2901 2441 2970 2495 τὰ
2993 2441 3189 2511 φύλλα,
3225 2442 3321 2494 κα)⁸
3349 2440 3446 2503 τὰς
3473 2438 3739 2509 τετράδας

2165 2536 2505 2608 ἐπιψηφίζει,
2560 2536 2718 2605 ψέγει
2763 2535 2824 2590 τὸ
2869 2535 3105 2606 γράμμα
3179 2533 3277 2586 καί⁸
3306 2533 3405 2604 τὴν
3443 2530 3736 2601 κόσμησιν,

2165 2628 2393 2698 ὕστερον
2439 2628 2495 2682 δὲ
2550 2627 2756 2692 πτύξας
2793 2627 3036 2697 ὑπέθηκε
3071 2629 3136 2697 τῇ
3175 2625 3386 2695 κεφαλῇ
3414 2624 3474 2676 τὸ
3508 2623 3735 2693 βιϐλίον,

2165 2718 2258 2771 καὶ
2290 2718 2544 2772 καθεύδει
2579 2717 2744 2771 ὕπνον
2775 2719 2834 2770 οὐ
2862 2718 3004 2771 πάνυ
3037 2716 3226 2784 βαθὺν,
3253 2718 3287 2787 ἡ
3311 2717 3420 2786 γὰρ
3448 2718 3608 2768 πεῖνα
3633 2714 3748 2766 λοι-

2165 2807 2265 2860 πὸν
2285 2806 2544 2878 διεγείρει
2575 2806 2741 2860 αὐτοῦ
2766 2807 2864 2878 τὴν
2890 2808 3088 2878 ψυχὴν,
3119 2806 3325 2870 καὶτὰς
3353 2807 3553 2874 ἑαυτῆς
3573 2820 3737 2874 φρον-

2164 2900 2335 2963 τίσεις
2388 2902 2552 2953 ποιεῖ.
2612 2900 2975 2970 Ἀκηδιαστὴς
3044 2899 3297 2971 μοναχὸς,
3355 2897 3590 2968 ὀκνηρὸς
3659 2898 3738 2955 εἰς

2166 2993 2496 3064 προσευχὴν,
2523 2993 2615 3046 καὶ
2661 2994 2723 3045 ού
2768 2994 2843 3064 μὴ
2872 2993 3097 3062 λαλήσει
3129 2993 3261 3046 ποτὲ
3303 2992 3529 3062 ῥήματα
3565 3005 3736 3061 προσ-

2356 3100 2369 3114 ·
2389 3084 2538 3138 ὥσπε
2545 3103 2578 3155 ρ
2613 3085 2758 3156 γὰρὸ
2779 3084 2952 3138 νοσῶν
2976 3085 3037 3136 οὐ
3058 3083 3315 3154 βαστάζει
3335 3082 3556 3153 φορτίον
3573 3081 3735 3152 βαρὺ,

2162 3175 2305 3230 οὕτω
2338 3178 2433 3231 καὶ
2455 3175 2790 3246 άκηδιαστὴς
2813 3177 2876 3230 ού
2914 3176 2990 3246 μὴ
3021 3175 3240 3244 ποιήσει
3273 3175 3430 3245 ἔργον
3462 3172 3597 3226 Θεοῦ
3622 3174 3741 3224 ἑπι-

2167 3266 2376 3336 μελῶς·
2410 3265 2717 3337 καθῄρηται
2759 3267 2858 3335 μὲν
2891 3267 2998 3335 γὰρ
3042 3267 3071 3318 ὁ
3112 3265 3212 3335 μὲν
3252 3265 3351 3333 τὴν
3378 3264 3611 3332 δύναμιν
3643 3262 3738 3316 τοῦ

2164 3357 2440 3428 σώματος,
2480 3358 2509 3409 ό
2543 3356 2601 3409 δὲ
2663 3357 2792 3421 τοὺς
2829 3359 3016 3419 τόνους
3059 3356 3338 3410 έκλέλυται
3388 3356 3488 3425 τῆς
3535 3356 3734 3425 ψυχῆς.

2175 3449 2428 3520 Ἀκηδίαν
2455 3447 2746 3520 θεραπεύει
2776 3449 3064 3520 καρτερία,
3096 3449 3194 3502 καὶ
3237 3449 3299 3502 τὸ
3340 3451 3518 3502 πάντα
3563 3451 3739 3502 ποιεῖν

2165 3542 2305 3612 μετὰ
2340 3541 2540 3613 πολλῆς
2589 3541 2945 3614 προσεδρείας
3013 3542 3109 3596 καὶ
3155 3542 3322 3611 φόϐου
3366 3541 3540 3596 Θεοῦ.Δ
3565 3541 3741 3606 Τάξον

2166 3630 2365 3702 μέτρον
2394 3631 2604 3702 σεαυτῷ
2624 3633 2684 3686 ὲν
2710 3632 2874 3685 παντὶ
2897 3633 3068 3703 ἔργῳ,
3093 3633 3188 3685 καὶ
3216 3633 3292 3703 μὴ
3315 3633 3584 3703 πρότερον
3605 3632 3739 3685 ἀπο-

2165 3724 2318 3791 στῆς.
2378 3724 2508 3793 πρὶν
2555 3723 2782 3796 τελέσῃς
2827 3723 2981 3791 αὐτὸ,
3021 3725 3118 3778 καὶ
3149 3724 3454 3795 προσεύχου
3503 3724 3737 3787 συνετῶς

2162 3813 2260 3865 καὶ
2312 3813 2570 3878 εὐτόνως,
2617 3814 2714 3867 καὶ
2773 3813 2996 3884 πνεῦμα
3043 3815 3270 3884 ἁκηδίας
3326 3813 3586 3882 φεύξεται
3631 3813 3739 3868 ἀπὸ

2162 3920 2277 3957 σου.

2747 4067 2996 4119 ΚΕΦΔΛ.
3045 4066 3144 4118 ιε’.

2687 4179 2823 4246 Περὶ
2872 4177 3242 4243 κενοδοξίας.

2230 4314 2521 4381 Κενοδοξία
2571 4314 2742 4378 πάθος
2797 4315 2944 4368 ἐστὶν
2989 4314 3205 4380 ἄλογον,
3239 4315 3336 4365 καὶ
3374 4311 3539 4364 παντὶ
3585 4312 3729 4382 ἔργῳ

484 4411 635 4465 omni
665 4411 881 4464 virtutis
910 4410 1059 4478 Operi
1105 4410 1438 4478 implicatur.
1484 4410 1648 4466 Linea
1697 4414 1750 4467 in
1783 4430 1926 4484 aqua
1977 4417 2056 4472 ef-

2162 4405 2363 4475 ἀρετῆς
2397 4404 2639 4466 εὐκόλως
2671 4403 3067 4475 συμπλέκεται.
3115 4403 3456 4472 Συγκέχυται
3503 4400 3735 4471 γραμμὴ

434 4559 441 4565 _
485 4503 717 4556 formata
769 4500 1148 4564 confunditur,
1177 4509 1231 4554 et
1257 4500 1310 4552 iu
1337 4500 1518 4554 anima
1563 4517 1714 4557 vana:
1737 4504 1920 4575 gloria:
1957 4522 2056 4562 cu-

2163 4497 2499 4566 χαραχθεῖσα
2536 4495 2660 4549 καθ’
2694 4494 2907 4560 ὓδατος,
2936 4494 3035 4550 καὶ
3068 4495 3269 4565 ἀρετῆς
3302 4495 3463 4556 πόνος
3489 4494 3546 4544 ἐν
3588 4509 3731 4545 κενο-

482 4592 608 4662 pida
643 4590 798 4643 labor
829 4589 1066 4643 virtutis.
1102 4587 1296 4643 Manus
1325 4589 1382 4644 fit
1421 4593 1650 4649 candida
1683 4595 1737 4649 iu
1767 4598 1891 4651 siuu
1929 4599 2056 4655 abs-

482 4681 728 4743 condita,
761 4691 814 4733 et
843 4683 987 4734 actio
1011 4681 1282 4734 occultata
1305 4682 1424 4736 luce
1447 4683 1652 4740 clarius
1689 4687 1930 4758 effulget.
1963 4692 2060 4746 Ar-

481 4771 669 4825 borem
697 4770 892 4824 hedera
935 4769 1424 4838 circumplectitur,
1472 4775 1527 4826 et
1573 4775 1796 4844 quando
1835 4793 2055 4834 sursum

481 4862 792 4931 pervenerit
825 4859 1066 4914 radicem
1119 4864 1384 4928 exsiccat,
1418 4871 1472 4916 et
1517 4879 1656 4920 vana
1685 4867 1853 4937 gloria
1884 4870 2057 4924 virtu-

485 4953 632 5006 tibus
680 4951 1018 5017 aduascitur,
1053 4967 1258 5022 easque
1311 4968 1420 5009 uon
1459 4955 1680 5022 deserit,
1709 4959 1883 5014 donec
1917 4961 2058 5016 vires

481 5041 762 5095 exciderit.
807 5039 1002 5096 Botrus
1065 5042 1118 5096 iu
1177 5043 1406 5096 hutuum
1454 5053 1720 5102 attractus
1761 5047 1922 5103 facile
1953 5064 2058 5118 pu-

485 5135 646 5199 trelit,
679 5142 732 5186 et
764 5134 938 5188 virtus
965 5134 1176 5203 deperit
1216 5149 1368 5188 vanae
1407 5135 1592 5205 gloria:
1623 5138 1912 5192 inhaerens.
1945 5137 2059 5192 Mo-

468 5225 717 5288 nachus,
753 5226 846 5294 qui
881 5240 1019 5279 vana
1074 5225 1244 5295 gloria
1295 5229 1628 5295 percellitur,
1659 5229 1946 5298 operarius
1975 5239 2062 5284 est

487 5317 695 5385 absque
749 5317 1018 5382 mercede,
1078 5317 1318 5371 laborem
1376 5320 1562 5383 subiit,
1602 5328 1656 5373 ct
1699 5320 1901 5372 nullam
1969 5336 2060 5376 ac-

483 5411 630 5478 cepit
675 5410 1003 5464 mercedem.
1043 5409 1315 5463 Crumeua
1373 5410 1644 5480 perforata
1695 5427 1801 5466 uou
1836 5427 2061 5467 conser-

485 5510 597 5563 vat,
627 5502 770 5570 quod
814 5493 1156 5565 iuunittitur,’
1182 5510 1236 5554 et
1275 5517 1410 5555 vana
1435 5501 1606 5571 gloria
1627 5503 1886 5558 virtutum
1912 5520 2057 5558 mer-

485 5593 648 5645 cedes
672 5593 830 5664 471
873 5593 1153 5659 disperdit.
1190 5591 1537 5648 Coutiuentia
1566 5611 1716 5649 vana:
1739 5595 1923 5664 gloria:
1959 5613 2057 5652 cu-

490 5683 626 5753 pidi,
661 5682 842 5736 furnus
872 5693 954 5736 est
987 5682 1208 5746 camini,
1242 5683 1406 5751 inque
1453 5699 1631 5738 aerem
1693 5697 1920 5756 utraque
1945 5688 2056 5745 dis.

2160 4587 2296 4657 δόξῳ
2324 4587 2492 4658 ψυχῇ.
2534 4587 2718 4656 Λευκὴ
2744 4586 2936 4655 γέγονε
2964 4588 3084 4657 χεὶρ
3111 4585 3499 4654 καλυπτομένη
3530 4583 3729 4651 κόλπῳ,

2161 4679 2256 4732 καὶ
2278 4678 2629 4749 κρυπτομένη
2649 4677 2847 4749 πρᾶξις
2880 4678 3058 4748 φωτὸς
3073 4677 3346 4746 ἐκλάμπει
3363 4675 3729 4746 φαιδρότερον.

2161 4769 2371 4841 Σμίλαξ
2429 4769 2817 4841 περιπλέκεται
2859 4769 3084 4841 δένδρῳ,
3130 4770 3222 4822 καὶ
3247 4769 3375 4821 ὅταν
3415 4768 3600 4840 φθάσῃ
3627 4767 3734 4820 ἄνω

2162 4860 2409 4933 ξηραίνει
2433 4863 2530 4933 τὴν
2556 4861 2736 4933 ῥίζαν,
2767 4859 3044 4926 κενοδοξία
3067 4860 3126 4914 δὲ
3151 4863 3272 4924 ταῖς
3295 4861 3521 4928 ἀρεταῖς
3559 4873 3734 4928 παρα-

2162 4954 2378 5020 φύεται,
2420 4955 2513 5009 καὶ
2553 4955 2653 5006 οὐκ
2699 4955 3017 5022 ἀφίσταται,
3068 4953 3172 5016 ἕως
3197 4951 3264 5006 ἂν
3288 4951 3498 5023 ἐκκόψῃ
3517 4950 3615 5021 τὴν
3645 4947 3734 5001 δύ-

2160 5063 2346 5118 ναμιν.
2371 5047 2575 5117 Βότρυς
2596 5045 2991 5116 ἐπισυρόμενος
3021 5047 3088 5115 τῇ
3117 5047 3186 5115 γῇ
3211 5045 3446 5114 σήπεται
3471 5041 3730 5114 εὐχερῶς,

2164 5138 2256 5191 καὶ
2278 5138 2450 5210 ἁρετὴ
2478 5137 2774 5190 ἀπόλλυται
2803 5135 3080 5206 κενοδοξία
3101 5131 3526 5206 ⁴ἐπερειδομένη.
3556 5133 3734 5186 Μονα-

2163 5230 2253 5300 χὸς
2287 5229 2583 5296 κενόδοξος,
2608 5229 2847 5298 ἐργάτης
2875 5226 3110 5297 ἄμισθος
3142 5243 3156 5256 ⁸
3184 5225 3275 5278 τὸν
3306 5226 3466 5278 πόνον
3502 5223 3731 5290 ὑπέστη,

2162 5318 2372 5373 καὶτὸν
2407 5317 2601 5391 μισθὸν
2635 5319 2734 5370 οὐκ
2767 5317 2946 5371 ἔλαϐε.
2980 5317 3272 5370 Βαλᾶντιον
3311 5315 3645 5387 τετρημένον
3674 5315 3733 5366 ού

2161 5410 2417 5478 φυλάττει
2442 5408 2504 5462 τὸ
2535 5408 2754 5479 βληθὲν,
2800 5406 2892 5460 καὶ
2919 5404 3195 5470 κενοδοξία
3218 5404 3482 5458 ἀπόλλυσι
3510 5404 3736 5472 μισθοὺς

2160 5503 2394 5572 ἀρετῶν.
2431 5501 2724 5566 Κενοδόξου
2749 5499 3067 5572 ἐγκράτεια,
3108 5497 3315 5560 καπνὸς
3358 5496 3613 5566 καμίνου,
3645 5493 3737 5545 καὶ

2161 5595 2242 5657 εἰς
2263 5593 2398 5662 ἀέρα
2437 5592 2824 5664 διαλυθήσεται
2866 5592 3176 5662 ἀμφότερα.
3208 5591 3444 5657 Ἄνεμος
3479 5585 3734 5657 ἀφανίζει

2162 5688 2309 5756 [χνος
2332 5686 2543 5756 ἀνδρὸς,
2569 5685 2663 5740 καὶ
2686 5684 3058 5756 ἐλεημοσύνην
3094 5681 3392 5748 κενόδοξος.
3418 5679 3585 5737 Δίθου
3607 5675 3738 5751 βολὴ
