4046 6152
392 274 522 342 1161

1419 257 1516 319 DE
1555 254 1741 318 OCTO
1780 248 2216 317 SPIRITIBUS
2254 246 2611 314 MALITl/E.

3501 246 3635 314 1162

387 392 450 445 οὐ
482 385 673 457 φθάνει
711 383 786 444 εἰς
808 378 1057 447 οὐρανὸν,
1086 376 1177 425 καὶ
1203 370 1481 442 προσευχὴ
1500 362 1964 439 άνθρωπαρέσκου
1996 420 1997 423 η

2101 366 2367 429 olventur.
2435 364 2642 418 Ventus
2710 361 2852 415 delet
2907 358 3192 429 vestigium
3229 358 3351 423 \iri,
3401 370 3453 414 et
3500 378 3637 419 vana

388 481 488 535 οὑκ
527 474 859 544 ἀναϐήσεται
895 467 1030 539 πρὸς
1070 462 1223 515 Θεόν.

980 757 1230 812 ama.
1282 753 1398 821 ις’.

467 883 757 948 Κενοδοξία
773 879 947 948 πέτρα
965 868 1324 940 ἐστὶνίδφαλος
1346 884 1357 895 ·
1389 865 1483 918 ἐὰν
1512 860 1845 932 προσρήξῃς,
1877 858 1970 910 τὸν

399 982 600 1053 φόρτον
621 973 931 1031 ἀπώλεσας.
951 963 1201 1036 Κρύπτει
1218 958 1493 1053 θησαυρδν
1530 956 1670 1053 di;ij
1685 956 1970 1053 φρόνιμος,

400 1044 494 1127 καί
527 1067 732 1140 ἀρετῆς
781 1064 979 1123 πόνους
1012 1053 1243 1129 μοναχδς
1276 1049 1516 1112 συνετός.
1564 1048 1654 1140 Ἐν
1687 1044 1973 1140 πλατείαις

401 1134 804 1236 προσεύχεσθαι
836 1147 1196 1223 συμϐουλεύει
1243 1142 1541 1208 κενοδοξία,
1578 1141 1606 1191 ὁ
1634 1139 1691 1192 δὲ
1719 1134 1975 1205 πολεμῶν

403 1224 577 1325 ταύτῃ
625 1245 986 1319 προσεύχεται
1014 1243 1095 1304 εἰς
1135 1237 1363 1308 ταμεῖον
1407 1229 1595 1286 αὑτοῦ.
1646 1224 1975 1299 Δημοσιεύει

408 1320 635 1404 πλοῦτον
664 1339 831 1395 αὑτοῦ
857 1337 992 1407 ἀνὴρ
1010 1334 1222 1403 ἄφρων,
1255 1329 1397 1382 κινεῖ
1415 1326 1471 1377 δὲ
1501 1322 1728 1383 πολλοὺς
1753 1321 1833 1382 εἰς
1856 1320 1978 1371 ὲπι-

408 1438 601 1509 ϐουλὴν
658 1434 781 1489 καθ’
811 1427 1029 1485 ἑαυτοῦ.
1078 1426 1150 1477 Σὺ
1191 1422 1248 1476 δὲ
1297 1419 1509 1491 κρύπτε
1554 1416 1629 1509 τά
1657 1414 1726 1467 σὰ
1749 1453 1771 1509 ,Δ
1795 1414 1852 1509 ὲν
1875 1409 1979 1480 ὁδῷ

409 1532 518 1603 γὰρ
546 1505 836 1598 τυγχάνεις
861 1519 1100 1595 λῃστῶν,
1131 1515 1236 1578 ἕως
1264 1512 1416 1583 ἥξεις
1550 1508 1703 1603 πόλιν
1726 1505 1975 1603 εἰρηνης,

570 1593 827 1690 ἀσφαλῶς
877 1593 1059 1684 χρήσῃ
1099 1609 1214 1670 τοῖς
1274 1606 1405 1667 σοῖς.
1448 1599 1643 1670 Ἀρετὴ
1679 1593 1978 1690 ’κενοδόξου

2073 452 2244 521 gloria
2293 452 2552 519 percitus,
2585 452 3009 520 elecmosynam.
3046 446 3230 503 Jactus
3278 449 3472 517 lapidis
3521 468 3635 505 nun

2069 548 2329 617 pertingit
2392 547 2613 613 cmlum,
2666 554 2718 599 et
2771 545 2945 599 oratio
2995 545 3134 613 ejus,
3172 545 3264 614 qui
3325 546 3642 601 hominibus

2070 639 2282 706 placere
2312 639 2511 703 studet,
2540 654 2647 691 non
2689 636 2942 690 ascendet
2969 637 3034 689 ad
3068 634 3259 690 Deum.

2649 747 2875 804 CAPUT
2919 747 3056 802 XVI.

2151 864 2296 920 Vana
2329 864 2502 934 gloria
2531 862 2792 931 scopulus
2829 868 2913 916 est
2941 861 3044 915 sub
3091 877 3231 930 aqua
3263 863 3465 928 latens;
3496 863 3540 918 si
3574 862 3647 917 al-

2079 955 2286 1020 liseris,
2313 971 2454 1009 onus
2480 953 2787 1023 perdidisti.
2822 950 2921 1005 Vir
2945 955 3186 1021 prudens
3217 953 3502 1008 abscondit
3528 953 3648 1007 the-

2076 1060 2323 1109 saurum,
2354 1053 2408 1100 et
2445 1043 2749 1100 monachus
2782 1042 3020 1111 sapiens.
3059 1042 3274 1097 labores
3315 1043 3554 1097 virtutis.
3587 1044 3647 1096 ιιι

2074 1135 2266 1206 plateis
2300 1149 2458 1190 orare
2484 1148 2620 1189 vana
2649 1132 2818 1203 gloria
2866 1132 3141 1199 consulit;
3177 1142 3231 1187 at
3273 1132 3369 1202 qui
3395 1138 3513 1188 eam
3547 1148 3649 1203 op-'

2075 1235 2300 1299 pugnat,
2350 1233 2471 1279 orat
2520 1224 2575 1278 in
2611 1237 2712 1278 suo
2742 1222 3028 1292 penetrali.
3061 1220 3157 1276 Vir
3201 1222 3468 1292 insipiens
3518 1240 3651 1282 suas

2076 1318 2320 1389 publicat
2348 1315 2582 1376 divitias.
2613 1315 2924 1385 multosque
2994 1324 3275 1384 provocat,
3307 1325 3367 1370 ut
3389 1317 3654 1374 adversus

2080 1424 2139 1465 se
2167 1408 2345 1478 ipsum
2373 1415 2568 1476 parent
2605 1405 2856 1461 insidias.
2891 1403 2973 1460 Tu
3007 1420 3137 1460 vero
3172 1417 3263 1461 tua
3298 1408 3553 1476 occulta;
3593 1410 3651 1465 in

2081 1499 2279 1555 itinere
2311 1513 2551 1568 namque
2586 1498 2863 1552 latronum
2911 1513 2991 1565 es,
3020 1494 3194 1555 donec
3242 1500 3297 1554 in
3332 1501 3521 1557 urbem
3556 1518 3655 1572 pa-

2082 1591 2163 1646 cis
2196 1591 2531 1659 perveneris,
2576 1597 2819 1659 tuncque
2865 1589 2974 1645 tuis
3022 1591 3188 1644 rebus
3227 1604 3421 1647 secure
3456 1593 3650 1648 uteris.

414 1681 1126 1782 cuvcacpt'ppévov—lepeiov,
1155 1697 1251 1751 καὶ
1271 1695 1332 1747 οὑ
1365 1692 1441 1764 μὴ
1476 1688 1738 1782 ἀνενειχθῇ
1768 1689 1848 1782 εἰς
1884 1684 1980 1737 θυ-

2100 1681 2274 1738 Virtus
2317 1682 2458 1751 ejus,
2486 1681 2577 1751 qui
2614 1696 2754 1735 vana
2793 1681 3005 1735 laborat
3040 1681 3228 1751 gloria,
3264 1684 3525 1738 obtritum
3574 1693 3659 1740 est

415 1769 731 1874 σιαστήριδν
776 1794 932 1851 Θεοῦ.
966 1769 1202 1860 ’Ἀκηδία
1247 1783 1430 1839 ἐκλύει
1468 1780 1848 1874 τόνονῌψυχῆς,
1884 1792 1982 1874 ,ξε-

2100 1771 2436 1836 iacriticium,
2471 1784 2648 1840 neque
2682 1770 2749 1824 ad
2776 1769 2873 1825 Dei
2902 1770 3160 1825 offeretur
3189 1773 3379 1827 altare.
3412 1773 3655 1841 Desidia,

413 1869 698 1959 voboéiataé
722 1889 907 1958 νευροῖ
926 1884 1049 1939 νοῦν
1073 1874 1513 1935 ἀποπεπτωκότα
1527 1871 1684 1935 Θεοῦ,
1702 1871 1794 1924 τὸν
1819 1869 1981 1923 ἀσθε-

415 1987 611 2042 νοῦντα
668 1980 923 2048 εποίησεν
970 1972 1304 2047 ἐρρώμενον,
1373 1967 1467 2020 καὶ
1512 1967 1604 2018 τὸν
1630 1965 1864 2034 γέροντα
1888 1960 1984 2015 τοῦ

416 2078 538 2134 νέου
564 2070 953 2139 δυνατώτερον,
1005 2064 1165 2135 μόνον
1192 2059 1288 2114 ἐὰν
1316 2057 1534 2127 παρῶσι
1572 2054 1853 2125 μάρτυρες
1875 2051 1985 2105 τῶν

418 2168 718 2241 γινομένων
757 2161 984 2217 πολλοί·
1018 2156 1192 2226 κούφη
1239 2151 1462 2222 νηστεία
1523 2150 1666 2213 τότε,
1703 2147 1797 2241 καλ.
1815 2146 1989 2241 άγρυ-

420 2236 572 2321 πνία,
603 2258 699 2312 καὶ
744 2251 1041 2326 προσευχὴ,
1079 2250 1108 2301 ὁ
1148 2247 1255 2317 γὰρ
1286 2244 1504 2306 ἔπαινος
1530 2241 1640 2295 τῶν
1670 2237 1880 2293 πολλῶν
1906 2236 1987 2290 δι-

425 2352 633 2421 εγείρει
676 2348 775 2416 τὴν
824 2339 1153 2414 προθυμίαν.
1205 2334 1298 2403 Μὴ
1334 2332 1589 2403 πωλήσῃς
1629 2330 1755 2392 τοὺς
1794 2327 1990 2421 πύνους

422 2417 598 2506 δέξαις
664 2433 1064 2505 ἀνθρωπίναις,
1126 2426 1262 2496 μηδὲ
1308 2424 1408 2494 τὴν
1480 2422 1782 2492 μέλλουσαν
1832 2417 1990 2485 δόξαν

425 2532 642 2605 προδῷς
669 2530 733 2582 δι’
761 2524 1057 2594 εὐφημίαν.
1084 2518 1221 2582 Δόξα
1267 2515 1376 2585 γὰρ
1407 2512 1723 2583 ἀνθρωπίνη
1758 2511 1841 2605 εἰς
1862 2509 1993 2581 χοῦν

425 2602 785 2691 κατασκηνοῖ,
849 2619 938 2671 καὶ
988 2613 1144 2675 κλέος
1197 2609 1369 2677 αὐτῆς
1420 2606 1705 2659 σϐέννυται
1746 2602 1841 2657 ἐπὶ
1864 2604 1990 2674 γῆς,

423 2715 627 2789 ἀρετῆς
655 2712 712 2765 δὲ
738 2707 864 2774 δόξα
894 2705 1043 2776 μένει
1073 2704 1153 2765 εἰς
1191 2699 1279 2753 τὸν
1307 2697 1479 2751 αἰῶνα

1018 2923 1273 2979 ΚΕΦΑΛ.
1313 2920 1411 2974 ΙΖ’.

909 3037 1048 3107 Περὶ
1096 3031 1529 3104 ὑπερηφανίας.

2088 1863 2258 1929 vires,
2283 1876 2347 1915 ac
2376 1861 2545 1915 robur
2574 1862 2771 1915 anima:
2796 1863 3048 1927 exsolvit,
3068 1872 3123 1917 et
3148 1878 3288 1918 vana
3314 1865 3482 1933 gloria
3503 1882 3659 1921 men-

2086 1965 2217 2017 tem,
2275 1969 2399 2024 quae
2445 1967 2474 2007 a
2526 1952 2637 2008 Deo
2674 1953 2900 2019 excidit,
2953 1955 3252 2023 eademque
3307 1941 3655 2026 aegrotantem

2088 2045 2266 2102 reddit
2290 2059 2508 2111 sanum,
2537 2055 2593 2099 et
2625 2059 2813 2100 senem
2842 2045 3045 2115 juvene
3070 2046 3461 2113 robustiorem,
3495 2049 3660 2103 modo

2088 2139 2273 2193 adsint
2299 2137 2453 2191 multi
2487 2145 2652 2192 testes
2681 2152 2893 2203 earum,
2925 2152 3046 2207 quae
3081 2138 3238 2204 ﬁunt,
3267 2154 3483 2205 rerum;
3532 2150 3663 2194 tunc

2089 2238 2271 2285 autem
2305 2244 2504 2284 vanum
2538 2229 2646 2283 erit
2690 2228 2987 2298 jejunium,
3023 2238 3077 2284 et
3112 2229 3315 2298 vigilia,
3349 2240 3403 2284 et
3441 2232 3659 2298 oratio;

2089 2322 2210 2377 laus
2230 2320 2429 2390 quippe
2458 2321 2757 2375 multorum
2784 2329 3091 2392 promptam
3117 2322 3285 2378 animi
3317 2323 3519 2378 excitat
3545 2323 3665 2378 ala-

2091 2413 2362 2467 critatem.
2408 2410 2487 2466 Ne
2526 2412 2784 2467 humanis
2833 2413 3244 2469 celebritatibus
3270 2414 3535 2469 divendas
3581 2414 3666 2469 la-

2092 2504 2275 2571 bores,
2311 2519 2488 2574 neque
2520 2503 2763 2559 futuram
2815 2505 3016 2575 prodas
3051 2505 3301 2575 gloriam,
3333 2516 3556 2577 propter
3588 2508 3693 2561 via‘

2094 2596 2201 2651 lem
2233 2596 2409 2651 laudis
2433 2597 2927 2652 acclamationem:
2963 2598 3167 2653 etenim
3214 2599 3453 2653 humana
3497 2599 3667 2669 gloria

2096 2688 2249 2743 humi
2275 2688 2530 2756 quiescit,
2564 2689 2849 2759 ipsiusque
2878 2689 3000 2744 laus
3024 2688 3077 2743 in
3113 2698 3259 2744 terra
3280 2691 3669 2763 exstinguitur,

2098 2779 2315 2835 virtutis
2344 2787 2527 2835 autem
2559 2781 2732 2851 gloria
2774 2789 2959 2836 manet
2988 2781 3044 2836 in
3077 2782 3358 2837 saeculum.

2572 2914 2736 2986 472
2774 2912 3001 2969 CAPUT
3047 2913 3210 2970 xvu.

2696 3028 2770 3082 De
2799 3028 3063 3097 superbia.

511 3153 897 3229 Ὑπερηφανία
919 3151 1065 3205 ἐστὶν
1090 3150 1286 3220 οἴδημα
1304 3147 1481 3217 ψυχῆς
1503 3144 1696 3215 ἰχῶρος
1718 3139 1997 3211 πεπληρω

2187 3140 2451 3212 Superbia
2506 3151 2684 3197 tumor
2707 3152 2788 3198 est
2824 3143 3020 3197 annuae
3050 3143 3201 3199 sanie
3235 3144 3457 3212 plenus;
3491 3144 3534 3198 si
3567 3159 3673 3196 ma-

438 3253 618 3324 μένον·
659 3249 753 3302 ἐὰν
784 3243 1058 3314 πεπανθῇ,
1091 3242 1413 3312 ῥαγήσεται,
1446 3239 1540 3293 καὶ
1571 3232 1998 3307 ποιήσειάηδίαν

436 3339 1011 3415 πολλήνηἊστραπῆς
1038 3334 1330 3404 ἔκλαμψις,
1352 3328 1484 3402 ἦχον
1513 3326 1815 3401 προμηνύει
1849 3326 2000 3395 βρον-

437 3439 561 3505 τῆς,
587 3439 682 3489 καὶ
711 3429 1088 3502 ὑπερηφανίαν
1117 3424 1526 3493 εὐαγγελίζεται
1551 3420 1822 3489 παρουσία
1842 3434 2002 3471 κενο-

439 3525 640 3587 δοξίας.
671 3523 761 3584 Εἰς
792 3520 923 3588 ὕψος
956 3516 1099 3587 μέγα
1137 3512 1416 3567 ἀναϐαίνει
1454 3508 1802 3579 ὑπερηφάνου
1831 3504 1998 3575 ψυχὴ,

441 3614 697 3665 κακεῖοεν
752 3609 911 3663 αὑτὸν
958 3610 1036 3669 εἰς
1086 3603 1246 3674 βυθὸν
1290 3600 1640 3655 καταϐάλλει.
1686 3599 2000 3667 ’Υπερηφα-

441 3702 561 3756 νίαν
593 3704 740 3753 νοσεῖ
770 3702 797 3752 ὁ
833 3699 1145 3767 ἀποστήσας
1176 3695 1366 3747 ἑαυτὸν
1389 3692 1547 3758 Θεοῦ,
1585 3692 1680 3743 καὶ
1708 3689 1812 3759 ἰδίᾳ
1843 3687 2002 3740 δυνά-

445 3809 534 3863 μει
560 3791 879 3860 ἐπιγράφων
925 3788 995 3838 τὰ
1039 3784 1461 3855 κατορθώματα.
1499 3783 1709 3851 Ὥσπερ
1735 3780 1789 3830 δὲ
1820 3779 1848 3830 ὁ
1882 3779 2004 3830 ὲπι-

442 3878 541 3942 ϐὰς
570 3880 781 3949 ἀράχνῃ
824 3874 1095 3930 διαπεσὼν
1147 3872 1462 3942 κατηνέχθη
1509 3871 1680 3932 κάτω,
1730 3866 1871 3920 οὕτω
1917 3865 2006 3917 πί-

442 3989 566 4024 πτει
588 3973 615 4022 ὁ
640 3970 859 4040 θαρρῶν
887 3971 953 4038 τῇ
988 3967 1091 4037 ἰδία
1117 3967 1365 4034 δυνάμει.
1388 3962 1613 4032 Καρπὸς
1640 3960 1806 4022 πολὺς
1832 3972 2005 4011 κατα-

442 4062 686 4130 κάμπτει
719 4059 931 4121 κλῶνας
961 4057 1200 4127 δένδρου,
1238 4056 1332 4106 καὶ
1363 4053 1561 4123 ἀρετῆς
1588 4050 1791 4119 πλῆθος
1817 4063 2007 4103 ταπει-

443 4152 526 4203 νοῖ
579 4151 835 4218 φρόνημα
886 4147 1097 4217 ἀνδρὸς.
1164 4144 1389 4213 Καρπὸς
1441 4138 1693 4210 σεσηπὼς
1735 4137 2009 4208 ἄχρηστος

445 4238 694 4308 γεωργῷ,
724 4239 818 4290 καὶ
840 4236 1010 4306 ἁρετὴ
1053 4235 1402 4304 ὑπερηφάνου
1429 4233 1489 4284 ού
1524 4228 1845 4301 χρησιμεύει
1866 4225 2006 4296 Θεῷ.

444 4331 634 4399 Χάραξ
670 4327 927 4398 βαστάζει
962 4327 1143 4378 κλῶνα
1162 4325 1535 4393 κατάκαρπον,
1562 4322 1654 4373 καὶ
1690 4319 1850 4388 φὸὄος
1872 4317 2007 4370 Θεοῦ

446 4421 694 4490 ἐνάρετον
728 4419 930 4487 ψυχήν.
957 4418 1169 4485 Ὥσπερ
1217 4415 1379 4484 βάρος
1426 4412 1640 4482 καρποῦ
1677 4410 2009 4479 καταράσσει

449 4508 647 4571 κλῶνα,
678 4507 819 4560 οὕτω
866 4506 1215 4574 ὑπερηφανία
1261 4505 1513 4574 ἐνάρετον
1564 4500 2010 4569 καταϐάλλειψυ-

447 4598 570 4668 χήν.
610 4598 701 4667 Μὴ
722 4597 825 4666 δῷς
855 4596 1199 4665 ὑπερηφανίᾳ
1223 4595 1319 4665 σὴν
1349 4593 1544 4662 ψυχὴν,
1577 4593 1670 4644 καὶ
1694 4592 1755 4643 ού
1789 4591 1863 4661 μὴ
1896 4592 2011 4662 ἴδῃς

449 4690 745 4756 φαντασίας
773 4689 1025 4756 φρικτάς.
1057 4687 1218 4754 Ψυχὴ
1250 4687 1357 4754 γὰρ
1398 4686 1746 4755 ὑπερηφάνου
1777 4686 2010 4750 ἐγκατα-

448 4779 772 4846 λιμπάνεται
830 4778 933 4830 ὑπὸ
987 4776 1145 4839 Θεοῦ,
1209 4777 1304 4828 καὶ
1353 4778 1563 4842 γίνεται
1596 4779 1864 4847 δαιμόνων
1891 4777 2011 4829 ἐπί-

449 4884 654 4937 χαρμα.
705 4867 936 4935 Νύκτωρ
993 4866 1323 4934 φαντάζεται
1377 4867 1580 4936 θηρίων
1630 4869 2012 4937 ἐπερχομένων

451 4958 671 5025 πλῆθος,
705 4958 797 5009 καὶ
833 4957 951 5025 μεθ’
984 4956 1196 5027 ἡμέρας
1228 4958 1561 5024 ταράσσεται
1599 4956 1702 5008 ὑπὸ
1735 4957 2012 5027 λογισμῶν

448 5046 681 5109 δειλίας·
715 5046 992 5099 καθεύδων
1036 5046 1311 5112 ἐξάλλεται
1372 5048 1624 5116 συνεχῶς,
1649 5050 1741 5099 καὶ
1779 5049 2013 5118 ἐγρηγό-

453 5155 559 5206 ρως
591 5138 966 5206 καταπτήσσει
1016 5139 1178 5190 σκίαν
1207 5138 1416 5207 ὀρνέου.
1436 5139 1591 5208 Φωνὴ
1618 5138 1838 5206 φύλλου,
1862 5139 2017 5192 ἐπτύ-

445 5245 579 5298 ησεν
622 5230 993 5299 ὑπερήφανον,
1035 5229 1130 5281 καὶ
1178 5229 1370 5292 ὓδατος
1400 5225 1533 5299 ἦχος
1558 5231 1891 5284 κατέκλασεν
1917 5231 2016 5286 αύ-

444 5320 538 5372 τοῦ
570 5320 667 5389 τὴν
691 5320 892 5388 ψυχήν.
935 5318 993 5371 '0
1022 5320 1127 5390 γὰρ
1171 5320 1278 5390 πρὸ
1316 5321 1510 5389 μικροῦ
1536 5321 1726 5373 ἑαυτὸν
1762 5321 2014 5374 ἀντιτάσ-

447 5427 555 5463 σων
598 5408 736 5477 Θεῷ,
780 5409 872 5461 καὶ
930 5408 1027 5477 τὴν
1088 5411 1298 5463 ἐκείνου
1355 5410 1605 5479 βοήθειαν
1657 5410 2009 5480 ἀρνούμενος,

448 5498 674 5567 ὕστερος
735 5499 1168 5565 ἐκδειματοῦται,
1248 5501 1354 5551 ὑπὸ
1414 5500 1814 5566 φαντασμάτων
1869 5500 2020 5553 εύτε-

450 5605 575 5642 λων.

769 5720 1035 5779 ΡΑι-ιιοῐ..
1067 5725 1179 5783 Gn.
1210 5724 1467 5784 LXXIX.

2103 3235 2350 3300 turuerit,
2381 3244 2650 3304 erumpet,
2700 3236 3042 3304 multumque
3112 3235 3375 3289 redolebit
3421 3237 3672 3290 ictorem.

2101 3326 2356 3398 Fulguris
2407 3327 2665 3396 splendor
2705 3341 2901 3379 sonum
2954 3327 3286 3397 praenuntiat
3337 3328 3590 3390 tonitrus.
3622 3336 3676 3383 et

2102 3401 2388 3487 prmsentia
2419 3433 2572 3473 vanae
2625 3418 2815 3487 glerize
2865 3418 3159 3472 annuntiat
3189 3418 3526 3486 superbiam.
3567 3417 3676 3472 Su-

2103 3510 2255 3578 perbi
2287 3510 2466 3563 anima
2497 3509 2565 3563 ad
2597 3524 2852 3578 magnam
2898 3509 3146 3564 ascendit
3186 3509 3557 3574 altitudinem,
3595 3509 3678 3563 in-

2104 3600 2279 3669 deque
2307 3601 2486 3670 ipsum
2513 3600 2703 3670 dejicit
2735 3601 2787 3654 in
2821 3600 3175 3669 profundum.
3224 3601 3488 3671 Superbia
3527 3602 3679 3656 labo-

2105 3698 2210 3757 rat,
2243 3691 2336 3760 qui
2366 3691 2606 3760 seipsum
2640 3706 2669 3744 a
2705 3690 2817 3745 Deo
2848 3692 3128 3757 dissociat,
3166 3693 3511 3762 propriisque
3545 3693 3678 3746 viri-

2108 3781 2210 3834 bus
2238 3779 2479 3835 facinora
2511 3792 2655 3836 recte
2678 3790 2888 3850 patrata
2924 3782 3168 3835 ascribit.
3207 3781 3679 3859 Quemadmodum

2108 3879 2312 3936 autem,
2358 3872 2449 3939 qui
2502 3886 2667 3941 super
2715 3885 2973 3924 araneam
3010 3871 3321 3936 inscendit,
3375 3871 3676 3933 decidens,

2108 3960 2284 4017 fertur
2315 3961 2597 4028 deorsum,
2644 3963 2716 4015 ita
2765 3961 3026 4025 concidit,
3059 3962 3152 4031 qui
3185 3963 3417 4031 proprie
3456 3963 3680 4017 conlidit

2108 4056 2318 4110 virtuti.
2348 4054 2616 4125 Cupiosus
2641 4052 2850 4107 fructus
2882 4053 3095 4107 arboris
3123 4052 3349 4109 inﬂectit
3377 4060 3586 4119 ramos,
3626 4060 3680 4107 et

2109 4146 2372 4200 virtutum
2412 4144 2568 4213 copia
2603 4158 2823 4197 sensum
2860 4142 3114 4196 bumiliat
3139 4143 3263 4196 viri.
3314 4142 3549 4198 Fructus
3576 4160 3680 4212 pu-

2112 4237 2286 4292 tridus
2333 4235 2547 4291 inutilis
2579 4245 2663 4289 est
2710 4234 2983 4303 agricolae,
3015 4241 3071 4289 et
3104 4233 3276 4289 virtus
3320 4235 3542 4304 superbi
3571 4233 3682 4289 Deo

2112 4345 2222 4383 non
2251 4336 2336 4383 est
2381 4337 2621 4396 accepta.
2672 4324 2857 4388 Palus,
2892 4342 2990 4381 seu
3039 4326 3443 4395 pedamentum,
3466 4336 3683 4380 ramum

2117 4426 2389 4474 sustentat
2414 4428 2673 4471 onustum
2721 4415 3014 4484 fructibus,
3042 4428 3095 4472 et
3128 4418 3293 4471 timor
3318 4418 3413 4474 Dei
3441 4416 3681 4473 animam

2116 4512 2317 4565 virtute
2377 4509 2611 4578 praediti.
2677 4507 2853 4563 Sicuti
2914 4508 3127 4565 tructus
3189 4510 3403 4578 pondus
3470 4524 3682 4563 ramum

2119 4599 2434 4667 disrumpit,
2471 4598 2543 4652 ita
2577 4599 2831 4668 superbia
2856 4600 3055 4655 virtute
3091 4601 3445 4669 conspicuam
3485 4600 3682 4654 demit-

2120 4689 2186 4741 tit
2242 4689 2500 4741 animam.
2555 4686 2633 4742 Ne
2688 4689 2958 4757 superbire
3006 4697 3157 4743 tumn
3197 4690 3362 4744 dedas
3418 4689 3682 4752 animum,

2120 4778 2246 4847 quia
2303 4779 2384 4833 sic
2426 4780 2633 4833 tetricis
2662 4781 2871 4835 carebis
2897 4780 3422 4849 imaginationibus:
3464 4782 3684 4850 superbi

2121 4864 2321 4918 etenim
2354 4867 2535 4919 anima
2562 4867 2958 4936 derelinquitur
2992 4883 3023 4921 a
3058 4869 3189 4933 Deo,
3234 4868 3400 4939 ﬁtque
3425 4870 3688 4924 daemoni-
3786 4877 3793 4903 ί

2122 4954 2227 5007 bus
2260 4957 2490 5011 materia
2517 4958 2720 5025 gaudii.
2750 4957 2946 5026 Nocte,
2986 4958 3283 5013 bestiarum
3315 4961 3686 5016 invadentiqu

2121 5046 2457 5116 imaginatur
2496 5049 2924 5113 multitudinem,
2954 5049 3152 5118 dieque
3192 5067 3223 5105 a
3269 5053 3691 5122 cogitationibus

2120 5137 2336 5193 timoris
2366 5139 2634 5194 turbatur.
2665 5138 2722 5194 Si
2744 5141 2961 5205 dormit,
2982 5143 3166 5195 exsilit
3188 5143 3425 5209 assidue,
3452 5152 3507 5200 et
3533 5144 3580 5200 si
3609 5146 3693 5198 vi-

2123 5229 2273 5298 gilet,
2306 5231 2371 5285 ad
2398 5233 2647 5285 umbram
2682 5233 2798 5285 avis
2838 5231 3164 5300 perterreﬁt.
3202 5233 3340 5289 Folii
3379 5251 3568 5290 rumor
3596 5251 3692 5290 su-

2122 5319 2351 5384 perbum
2380 5322 2668 5384 exterruit,
2703 5329 2756 5375 et
2787 5336 2940 5391 aquae
2969 5337 3136 5377 sonus
3167 5324 3287 5393 ejus
3309 5324 3540 5395 diﬂ‘regit
3570 5327 3692 5379 ani-

2126 5423 2292 5463 mam.
2330 5411 2541 5465 Etenim
2574 5414 2665 5481 qui
2706 5414 2867 5482 paulo
2902 5420 3027 5466 ante
3070 5427 3130 5467 se
3181 5415 3356 5484 ipsum
3389 5416 3500 5470 Deo
3523 5432 3713 5485 oppo-

2132 5501 2232 5564 nit,
2296 5503 2552 5572 illiusque
2599 5506 2827 5573 denegat
2863 5504 3148 5570 auxilium,
3185 5518 3460 5576 postremo
3500 5525 3530 5562 a
3572 5508 3696 5563 vili-

2138 5590 2239 5646 bus
2277 5595 2504 5663 spectris
2553 5604 2905 5663 perterretur.

3308 5732 3383 5794 3‘1
