4066 6146
461 226 591 292 1163
1984 223 2042 281 S.

2110 224 2231 285 CILI
3253 191 3256 194 ’
3583 224 3716 289 ttat

930 334 1091 406 473
1118 333 1345 389 CAPUT
1375 333 1559 388 XVIII.
1730 401 1738 406 ς
2071 353 2114 406 Α

1518 334 1559 388 ῐ.
1730 401 1738 406 ν
2071 353 2114 406 Α
2734 339 2982 391 ΚΕΦΛΛ.
3015 336 3118 391 lll'.

528 450 791 521 Superbia
833 463 862 502 e
892 450 1045 501 cmlis
1077 447 1299 516 proiecit
1337 446 1746 517 archangelum,
1785 446 2036 516 fecitque,

2221 446 2598 520 ’Υπερηφανία
2634 446 2728 500 ἀπ’
2756 445 2985 517 οὐρανοῦ
3025 446 3318 499 κατέϐαλεν
3344 448 3681 517 ἁρχάγγελον
3701 489 3716 510 ,

458 557 517 599 ut
548 546 636 600 ille
665 543 819 614 quasi
868 542 1046 612 fulgur
1091 542 1156 595 ad
1200 556 1398 596 terram
1442 542 1719 597 decideret
1738 543 1804 596 ⁸⁷.
1837 543 1905 596 At
1937 543 2038 595 hn-

2140 539 2232 591 καὶ
2254 539 2328 601 ὡς
2353 539 2638 609 ἀστραπὴν
2680 539 2901 609 ἐποίησε
2939 540 3120 590 πεσεῖν
3164 538 3254 590 ἐπὶ
3294 540 3415 608 γῆς.
3457 539 3722 593 Ταπεινο-

459 634 658 686 milites
698 631 973 684 hominem
1026 630 1234 684 extollit
1288 632 1352 684 ad
1395 631 1619 696 cmlum,
1659 630 1934 701 efﬁcitque
1981 641 2040 684 ut

2139 628 2379 701 φροσύνη
2398 629 2477 696 δὲ,
2507 628 2791 699 ἄνθρωπον
2815 627 3007 695 ἀνάγει
3038 629 3117 690 εἰς
3151 628 3384 697 οὐρανὸν
3404 669 3419 693 ,
3452 630 3549 682 καὶ
3583 631 3722 699 μετά

461 738 584 774 eum
636 720 843 791 angelis
891 720 1180 790 tripudiet!
1214 721 1259 774 0
1296 722 1490 786 homo,
1541 723 1668 792 quid
1706 723 1757 776 in
1808 724 2040 778 sublime

2137 719 2384 788 ἀγγέλων
2420 718 2671 789 χορεύειν
2710 718 3138 786 παρασκευάζει.
3169 719 3234 770 Τί
3271 719 3597 790 μετεωρίζῃ,
3628 721 3722 773 ἀν-

464 813 695 875 tolleris,
729 827 853 866 cum
893 822 1090 866 natura
1120 812 1196 866 sis
1224 813 1396 866 lutum
1428 823 1478 867 et
1508 814 1774 883 putredo?
1830 814 2035 884 Ecquid

2138 811 2321 882 θρωπε
2349 855 2366 876 ,
2399 812 2568 882 πηλὸς
2608 812 2704 878 ὣν,
2741 814 2833 866 καὶ
2865 812 3071 883 σαπρία
3114 815 3179 881 τῇ
3216 812 3398 879 φύσει,
3442 813 3536 864 καὶ
3583 814 3724 881 ὑπὲρ

458 911 509 954 et
553 916 716 970 supra
766 901 942 955 nubes
987 901 1285 955 attolleris?
1314 913 1464 955 tuam
1511 903 1719 972 inspice
1761 913 2033 966 naturam,

2135 905 2233 965 τὰς
2273 905 2503 972 νεφέλας
2548 905 2788 975 ἐπαίρῃ;
2842 904 3138 973 ἐπισκέψαι
3170 921 3264 956 σου
3294 904 3394 974 τὴν
3433 903 3595 973 φύσιν
3639 905 3724 957 ὃτι

457 995 599 1063 quod
644 994 720 1049 sis
756 994 955 1063 pulvis,
997 1001 1051 1047 et
1079 993 1239 1056 cinis,
1283 1002 1516 1063 postque
1544 1010 1734 1063 parum
1773 996 2035 1065 temporis

2137 993 2205 1063 γῆ
2230 989 2300 1056 εἴ,
2338 996 2431 1046 καὶ
2463 995 2678 1057 σποδὸς,
2713 995 2808 1047 καὶ
2828 995 2946 1064 μετ’
2972 995 3150 1061 ὀλίγον
3174 995 3255 1056 εἰς
3296 995 3443 1047 κόνιν
3476 994 3686 1067 ἀναλύῃ
3707 1034 3722 1060 ,

459 1090 511 1140 in
554 1085 829 1151 pulverem
895 1085 1203 1139 resolveris.
1252 1084 1409 1138 Modo
1460 1083 1762 1157 fastuosus,
1810 1094 1865 1139 et
1916 1096 2036 1155 post

2136 1085 2260 1154 ἀρτι
2291 1085 2536 1154 σοϐαρὸς,
2572 1087 2663 1138 καὶ
2688 1085 2806 1155 μετ’
2830 1085 3011 1152 ὀλίγον
3035 1084 3268 1156 σκώληξ.
3306 1086 3349 1136 T
3356 1084 3372 1137 ί
3405 1084 3496 1138 τὸν
3518 1086 3722 1156 αὐχένα

459 1191 648 1246 parum
680 1177 936 1245 temporis
964 1176 1189 1241 vermis;
1220 1176 1348 1244 quid
1370 1176 1635 1230 cervicem
1658 1177 1881 1243 attollis,
1915 1194 2036 1247 qua:

2136 1173 2384 1243 ἐπαίρεις
2410 1176 2500 1229 τὸν
2532 1179 2653 1244 μετ’
2673 1176 2854 1243 ὀλίγον
2886 1177 3221 1246 σηπόμενον;
3250 1176 3410 1244 Μέγα
3438 1177 3720 1249 ἄνθρωπος

461 1271 622 1337 paulo
655 1278 779 1337 post
801 1269 1168 1324 emareescet?
1196 1268 1388 1333 Homo,
1430 1270 1523 1340 qui
1565 1285 1593 1324 a
1626 1269 1735 1325 Deo
1768 1272 2031 1326 auxilium

2136 1264 2328 1334 βοηθού
2338 1283 2497 1334 μενος
2526 1267 2678 1337 παρὰ
2705 1267 2863 1321 Θεοῦ·
2894 1267 3312 1337 ἐγκατελείφθη,
3343 1268 3439 1322 καὶ
3477 1268 3538 1322 τὸ
3561 1269 3721 1322 ἀσθε-

458 1361 786 1429 assequitur,
837 1369 919 1414 est
962 1376 1217 1430 magnum
1254 1362 1420 1431 quid;
1468 1362 1764 1417 derelictus
1792 1372 1893 1430 est,
1933 1365 2034 1417 im-

2134 1355 2221 1418 νὲς
2259 1348 2470 1424 ἐπέγνω
2524 1357 2626 1426 τῆς
2678 1357 2911 1427 φύσεως.
2966 1358 3132 1412 Οὐδὲν
3161 1358 3337 1428 ἔχεις,
3382 1359 3411 1411 ὃ
3453 1359 3526 1430 μὴ
3572 1361 3720 1430 παρά

460 1451 911 1520 hecillitatemque
948 1452 1168 1520 agnovit
1206 1462 1448 1517 natura;
1482 1452 1616 1506 nihil
1665 1454 1851 1518 habes,
1886 1455 2031 1523 quod

2132 1446 2267 1499 Θεοῦ
2300 1447 2510 1511 ἔλαϐες
2542 1449 2595 1501 τί
2623 1446 2714 1502 οῦν
2750 1449 2826 1519 τῷ
2871 1449 3136 1521 ἀλλοτρίῳ
3162 1450 3473 1521 ἐναμϐλύνῃ
3504 1450 3580 1513 ὡς
3604 1451 3714 1521 σῷς

461 1558 488 1593 a
521 1541 628 1593 Deo
663 1557 768 1595 non
800 1543 1083 1611 accepisti,
1109 1544 1240 1612 quid
1271 1542 1436 1614 igitur
1458 1545 1511 1598 in
1549 1545 1748 1611 alieno,
1776 1555 2030 1616 tanquam

2131 1539 2183 1590 τί
2210 1542 2274 1608 τῇ
2299 1540 2485 1610 χάριτι
2503 1538 2598 1591 τοῦ
2629 1539 2765 1592 Θεοῦ
2788 1542 2861 1603 ὡς
2883 1540 2998 1611 ίδίῳ
3028 1542 3268 1611 κτήματι
3298 1541 3716 1613 ἐγκαλλωπίζῃς

462 1634 513 1686 in
553 1643 645 1686 tuo
677 1634 982 1687 hebetaris?
1016 1635 1146 1703 quid
1178 1635 1349 1703 gratia
1383 1634 1496 1700 Dei,
1524 1635 1686 1689 veluti
1719 1637 1933 1704 propria
1974 1652 2031 1690 re

2112 1698 2113 1703 η
2152 1630 2444 1698 Ἐπίγνωοι
2472 1632 2564 1684 τὸν
2592 1632 2880 1696 δεδωκότα,
2915 1633 3008 1685 καὶ
3039 1633 3113 1704 μὴ
3146 1633 3377 1703 ἐπαίρου
3404 1632 3562 1685 πολύ·
3602 1634 3718 1686 κτί-

461 1724 740 1791 gloriaris?
780 1725 1025 1794 Agnosce
1062 1725 1394 1795 largitorem,
1448 1741 1581 1778 neve
1625 1727 1855 1779 multum
1906 1725 2037 1781 cﬂ‘e-

2145 1736 2258 1788 σμα
2289 1718 2424 1772 Θεοῦ
2463 1718 2514 1772 εἴ
2536 1760 2560 1794 ,υ
2600 1720 2675 1790 μὴ
2700 1721 2882 1773 ἁθέτει
2912 1722 3003 1774 τὸν
3035 1721 3334 1774 κτίσαντα·
3367 1722 3537 1795 βοηθῇ
3570 1724 3722 1793 παρὰ

463 1816 634 1881 raris;
670 1824 919 1868 creatura
958 1830 1016 1870 es
1051 1814 1167 1879 Dei,
1219 1832 1287 1870 ne
1323 1816 1636 1871 Creatorem
1689 1818 2030 1886 asperneris;

2141 1811 2295 1873 Θεοῦ,
2333 1810 2406 1882 μὴ
2435 1812 2601 1881 ἀρνοῦ
2628 1812 2718 1865 τὸν
2755 1814 3070 1884 εὐεργέτην.
3112 1816 3208 1879 Εἰς
3236 1815 3365 1884 bal/0;
3400 1814 3604 1885 ἀνέϐῃς
3633 1832 3722 1866 πο-

460 1923 489 1959 a
523 1908 630 1961 Deo
664 1907 957 1973 adjuvaris,
998 1922 1065 1959 ne
1093 1922 1289 1961 renuas
1322 1907 1757 1974 benefactorem;
1789 1909 1853 1961 ad
1903 1909 2034 1963 sub-

2140 1902 2365 1966 λιτείας,
2385 1904 2500 1956 ἀλλ’
2533 1906 2738 1968 ἐκεῖνος
2762 1906 3010 1976 ὡδήγησε
3038 1923 3052 1938 θ
3100 1907 3473 1979 κατώρθωσας
3497 1909 3720 1978 ἀρετὴν,

352 2066 368 2081 ⁸
462 2001 740 2053 limitatom
797 1999 1027 2052 instituti
1085 1999 1399 2065 ascendisti,
1444 2000 1536 2053 sed
1578 1999 1666 2054 ille
1693 2010 1744 2054 te
1773 2000 1949 2054 dedux

2141 1996 2256 2048 ἀλλ’
2296 1997 2503 2059 ἐκεῖνος
2565 1998 2891 2067 ἐνήργησεν.
2941 1998 3223 2067 Ὀμολόγει
3260 1997 3353 2051 τὸν
3391 1997 3719 2068 ὐψώσαντα,

464 2100 607 2144 recta
652 2089 868 2142 virtutis
916 2103 1077 2157 opera
1122 2090 1371 2158 patrasti,
1420 2104 1609 2144 verum
1660 2090 1747 2144 ille
1779 2098 2034 2159 operatus

2142 2088 2228 2141 ἵνα
2270 2089 2459 2160 μείνῃς
2489 2090 2547 2142 ἐν
2572 2089 2650 2159 τῷ
2677 2089 2802 2159 ῦψει
2834 2090 3072 2159 βέϐαιος·
3105 2090 3370 2159 ἐπίγνωθι
3393 2091 3484 2143 τὸν
3512 2091 3717 2161 ὁμόφυο

461 2190 575 2243 cst;
615 2180 788 2248 ipsum
820 2178 1098 2242 conﬁtere,
1138 2178 1231 2247 qui
1264 2186 1315 2233 te
1347 2179 1621 2246 exaltavit,
1649 2189 1708 2232 ut
1746 2180 1935 2235 ﬁrmus
1978 2180 2033 2234 in

2140 2180 2252 2243 λον,
2282 2182 2365 2234 ὅτι
2396 2181 2496 2250 τῆς
2524 2180 2715 2250 αὐτῆς.
2738 2183 2885 2233 ἐστιν
2932 2181 3142 2245 οὐσίας.
3186 2182 3280 2253 Μὴ
3306 2181 3373 2235 δι’
3403 2181 3721 2247 ἀλαζονείας

462 2270 742 2324 altitudine
791 2284 1144 2339 permaneas;
1196 2284 1431 2339 agnosce
1477 2271 1860 2336 contribulem,
1905 2272 2033 2340 quia

1200 2284 1431 2339 agnosce
1477 2271 1860 2336 contribulem,
1905 2272 2033 2340 quia
2140 2272 2308 2341 ἀρνοῦ
2343 2271 2441 2342 τὴν
2463 2273 2806 2341 συγγένειαν.

463 2361 704 2429 ejusdem
738 2369 819 2415 est
849 2369 1077 2428 naturae,
1111 2375 1179 2416 ne
1207 2375 1303 2431 per
1329 2361 1649 2431 iactantiam
1689 2377 1909 2417 recuses
1935 2378 2032 2416 co-

465 2452 792 2520 gnationem.

1039 2565 1264 2622 CAPUT
1307 2567 1448 2623 XIX.

2737 2558 2989 2615 ΚΕΦΑΛ.
3019 2557 3118 2615 ΙΘ’.

533 2674 766 2731 llumilis
811 2687 894 2732 est
942 2678 1053 2743 ille,
1100 2688 1263 2749 atque
1307 2681 1521 2735 modice
1574 2690 1936 2751 temperatus;
1977 2691 2033 2735 at

2208 2671 2474 2734 Ταπεινὸς
2519 2673 2747 2735 ἐκεῖνος,
2798 2671 2893 2725 καὶ
2935 2672 3288 2743 σύμμετρος·
3331 2672 3446 2725 ἀλλ’
3484 2674 3513 2726 ό
3558 2671 3720 2738 αὐτὸς

464 2767 603 2821 idem
640 2767 885 2821 conditor
914 2776 1211 2839 utrumque
1237 2770 1464 2824 creavit.
1494 2768 1572 2825 Ne
1597 2771 1859 2825 humilem
1898 2787 2031 2826 con-

2134 2762 2462 2834 δημιουργὸς
2484 2760 2684 2813 ἔπλασε
2715 2760 2840 2822 τοὺς
2869 2761 3229 2832 ἀμφοτέρους.
3257 2761 3348 2832 Μή
3374 2766 3716 2835 καταφρονή-

465 2867 696 2922 temnas,
728 2866 779 2911 te
806 2872 1041 2927 namque
1075 2860 1318 2913 securior
1350 2868 1434 2913 est
1462 2876 1476 2912 :
1509 2858 1711 2913 incedit
1742 2860 1832 2914 ille
1865 2875 2032 2929 super

2137 2868 2234 2923 σῃς
2248 2848 2530 2904 ταπεινοῦ’
2556 2848 2757 2918 ἕστηκε
2788 2849 2898 2917 γάρ
2927 2864 3021 2901 σου
3043 2848 3469 2920 ἀσφαλέστερος·
3500 2850 3594 2902 ἐπὶ
3617 2850 3719 2919 γῆς

466 2947 714 3010 humum,
744 2954 797 3001 et
835 2962 940 3002 non
965 2949 1109 3003 cadit
1134 2948 1406 3015 celeriter;
1448 2948 1539 3017 qui
1572 2958 1753 3004 autem
1779 2950 2029 3005 excelsus

2139 2938 2363 3009 βαδίζει,
2419 2937 2514 2990 καὶ
2546 2937 2607 2989 οὐ
2658 2936 2842 2989 πίπτει
2899 2936 3111 3004 ταχέως
3137 2952 3151 2967 ⁸
3190 2938 3219 2989 ὀ
3272 2936 3330 2988 δὲ
3362 2936 3584 3006 ὑψηλὸς,
3623 2938 3718 2989 ἐὰν

462 3049 563 3101 est,
606 3041 652 3093 si
697 3039 974 3103 ceciderit,
1027 3048 1360 3095 conteretur.
1416 3034 1693 3109 Superbus
1733 3032 2068 3097 monachus‘

2137 3029 2298 3101 πέσῃ,
2333 3027 2769 3099 συντριϐήσεται.
2798 3025 3182 3096 ’Υπερήφανος
3214 3029 3448 3098 μοναχδς
3499 3028 3715 3099 δένδρον

460 3126 625 3199 474
649 3129 812 3182 arbor
856 3138 939 3182 est
978 3131 1183 3198 absque
1218 3129 1419 3195 radice,
1474 3144 1576 3184 nec
1614 3131 1759 3184 venti
1794 3130 2034 3200 perferet

2133 3121 2379 3193 ἄρριζον,
2408 3120 2502 3172 καὶ
2524 3120 2584 3171 οὐ
2619 3119 2694 3188 μὴ
2724 3118 2926 3189 ἐνέγκῃ
2961 3118 3268 3189 προσϐολὴν
3295 3120 3521 3189 ἀνέμου.
3555 3119 3714 3184 Πόλις

362 3218 383 3225 ’“
464 3218 746 3287 impetum.
783 3218 930 3274 Mens
963 3219 1170 3289 absque
1216 3228 1447 3287 tumore,
1492 3221 1685 3277 civitas
1717 3232 1800 3277 est
1839 3236 1968 3276 mmr

2131 3210 2534 3279 τετειχισμένη,
2569 3207 2772 3276 ἄτυφον
2802 3208 3095 3279 φρόνημα,
3130 3209 3226 3261 καὶ
3251 3209 3279 3261 ὀ
3318 3208 3545 3262 ἐνοικῶν
3574 3211 3713 3280 αὐτῇ

462 3309 564 3361 bus
615 3307 813 3375 cincta,
862 3316 916 3362 et
962 3308 1058 3377 qui
1113 3324 1231 3362 eam
1286 3309 1495 3375 incolit,
1537 3310 1865 3364 inviolabilis
1904 3310 2031 3364 erit.

2133 3299 2330 3362 ἄσυλος
2354 3300 2528 3352 ἐσται.
2561 3297 2892 3369 Μετεωρίζει
2936 3299 3147 3368 κάρφος
3181 3292 3327 3368 αὖρα
3354 3300 3586 3368 ἀνέμου,
3622 3303 3717 3353 καὶ

460 3399 604 3451 Aura
642 3400 788 3453 venti
829 3399 1029 3453 siccam
1073 3400 1284 3454 extollit
1330 3400 1618 3461 festucam,
1648 3409 1701 3454 et
1737 3401 2032 3469 superbum

2134 3390 2482 3460 ὑπερήφανον
2521 3389 2735 3460 ἐπαίρει
2787 3388 3045 3451 ἀπονοίας
3086 3388 3404 3459 προσϐολή·
3434 3388 3716 3459 πομφόλυξ

462 3486 701 3540 insultus
727 3485 881 3540 ctl‘ert
910 3487 1213 3542 dementiae.
1253 3487 1406 3543 Bulla
1449 3488 1618 3543 fracta
1645 3498 1951 3552 evanescet,
1981 3500 2036 3544 et

2136 3482 2366 3550 ῥαγεῖσα
2420 3479 2893 3550 ἀφανισθήσεται,
2941 3478 3037 3532 καὶ
3094 3480 3283 3548 μνήμη
3362 3479 3715 3549 ὑπερηφάνου

463 3577 726 3629 memoria
757 3577 978 3645 superbi
1022 3579 1236 3648 peribit.
1275 3578 1509 3636 Humilis
1540 3596 1721 3637 sermo
1767 3581 1834 3636 ad
1864 3583 2033 3637 emol-

2133 3570 2373 3624 ὄλλυται.
2409 3571 2583 3639 Λόγος
2620 3569 2878 3624 ταπεινοῦ
2933 3570 3196 3639 μάλαγμα
3243 3569 3423 3639 ψυχῆς
3449 3612 3462 3635 ,
3491 3570 3593 3622 ὀδέ
3622 3569 3716 3624 τοῦ

464 3664 695 3718 liendam
722 3675 806 3720 est
830 3666 1090 3734 animam,
1132 3677 1190 3723 at
1233 3671 1452 3740 superbi
1508 3671 1733 3726 verbum
1771 3681 1855 3728 est
1879 3686 2034 3728 arru-

2135 3666 2484 3736 ὐπερηφάνου
2547 3661 2862 3726 ἀλαζονείας
2888 3660 3262 3732 πεπλήρωται,
3295 3662 3584 3733 Προσευχὴ
3622 3679 3716 3715 τα-

463 3756 642 3825 gantia
685 3755 964 3812 refertum.
1023 3753 1211 3815 Oratio
1280 3761 1381 3815 viri
1434 3761 1655 3816 humilis
1722 3760 1892 3817 Deum
1949 3763 2035 3816 in-

2135 3754 2320 3809 πεινοῦ
2385 3751 2727 3821 ἐπικάμπτει
2782 3751 2933 3811 Θεὸν,
2992 3750 3287 3821 παροξύνει
3326 3750 3384 3802 δὲ
3432 3750 3524 3803 τὸν
3583 3750 3714 3803 Θεὸν

462 3848 644 3908 ﬂectit.
699 3849 868 3903 Deum
898 3865 1048 3906 «vero
1088 3863 1375 3923 exasperat
1424 3853 1644 3923 superbi
1688 3852 2033 3924 suppliCatio.

2133 3851 2315 3922 δέησις
2336 3847 2707 3918 ὑπερηφάνου.
2735 3846 3004 3914 Στέφανος
3026 3843 3272 3914 δώματός
3294 3845 3443 3898 ἐστιν
3468 3845 3502 3912 ἡ
3528 3859 3716 3896 ταπει-

461 3939 675 3994 Corona
712 3940 909 3997 domus
941 3950 1025 3997 est
1073 3944 1374 4011 humilitas,
1424 3952 1644 4015 tuteque
1675 3945 1913 4001 custodit
1953 3946 2035 3999 in-

2135 3939 2438 4012 νοφροσύνη
2467 3939 2561 3992 καὶ¹
2601 3937 2690 3991 τὸν
2719 3936 3014 3989 ἀνελθόντα
3042 3938 3199 4006 τηρεῖ
3228 3932 3511 4003 ἀσφαλῶς.
3547 3933 3714 3986 Ὅταν

463 4043 788 4087 troeuntem.
833 4031 968 4088 Cum
1019 4033 1085 4088 ad
1136 4035 1344 4104 apicem
1387 4036 1650 4091 virtutum
1699 4036 2032 4101 ascenderis,

2135 4031 2365 4104 ἀνέλθῃς
2398 4032 2480 4093 εἰς
2516 4029 2577 4082 τὸ
2614 4029 2725 4082 τῶν
2769 4026 2979 4098 ἀρετῶν
3032 4026 3185 4096 ὕψος,
3242 4025 3366 4078 τότε
3414 4025 3584 4093 πολλή
3633 4039 3713 4076 σοι

466 4131 596 4176 tunc
634 4126 804 4177 multa
842 4139 979 4194 opus
1020 4134 1105 4181 est
1136 4126 1233 4181 tibi
1265 4127 1461 4193 tutela;
1509 4143 1659 4193 nam,
1698 4126 1793 4198 qui
1831 4127 1976 4181 cadit
2005 4141 2036 4180 e

2135 4122 2295 4193 χρεία
2339 4120 2441 4189 τῆς
2484 4119 2805 4187 ἀσφαλείας.
2851 4118 2909 4171 '0
2956 4117 3065 4186 γὰρ
3102 4114 3287 4170 πεσὼν
3331 4114 3427 4168 ἀπ’
3459 4113 3711 4182 ἐδάφους,

466 4213 777 4280 pavimento
811 4216 966 4271 ocius
998 4217 1192 4287 surgit,
1224 4218 1317 4288 qui
1359 4226 1541 4273 autem
1592 4220 1659 4273 ab
1697 4219 1807 4274 alto
1845 4219 2033 4274 conci-

2133 4213 2342 4284 ταχέως
2370 4211 2663 4281 ἐγείρεται,
2684 4204 2718 4263 ’ὀ
2744 4209 2801 4263 δέ
2834 4206 3015 4262 πεσὼν
3045 4209 3137 4277 ἀφ’
3170 4204 3402 4276 ὑψηλοῦ,
3435 4208 3515 4269 είς
3544 4204 3708 4258 θάνα-

466 4305 564 4365 dit,
605 4304 684 4396 ad
736 4315 967 4360 mortem
1018 4308 1371 4377 periclitatur.
1429 4308 1684 4378 Lapidem
1735 4311 2072 4396 pretiosum]

2106 4321 2225 4381 ⁵τον
2271 4301 2588 4357 κινδυνεύει.
2635 4302 2798 4363 Λίθος
2847 4300 3028 4369 τίμιος
3074 4298 3351 4369 ἐμπρέπει
3413 4293 3712 4364 σιαλὼματι

467 4394 666 4448 muniri
699 4410 833 4451 auro
858 4397 1030 4464 decet,
1064 4407 1118 4454 et
1142 4400 1244 4453 viri
1269 4400 1551 4455 humilitas
1581 4400 1768 4454 multis
1789 4400 2031 4469 resplen-
2068 4386 2073 4396 ’

2138 4395 2385 4470 χρυσίου,
2415 4395 2508 4449 καὶ
2529 4393 2749 4458 πολλαῖς
2768 4393 2989 4466 ἀρεταῖς
3009 4389 3361 4462 φαιδρύνεται
3388 4386 3711 4448 ταπείνωσις

466 4484 554 4538 det
578 4485 891 4542 virtutibus.

749 4486 891 4542 ibus.
2140 4484 2352 4556 ἀνδρός.

537 4660 581 4693 ⁸⁷
622 4658 724 4716 lsa.
764 4677 875 4727 xw,
908 4661 995 4717 l2.
