4066 6146
313 4369 323 4376 ’
415 4372 634 4442 ποιότης
663 4387 676 4400 ’

407 268 548 333 1165

1769 255 1866 314 DE
1899 247 2300 314 ORATIONE.

3520 239 3656 304 1168

898 555 1197 682 ΤΟΥ
1232 559 1728 678 ΑΥΤΟΥ
1821 557 2181 674 ΠΕΡΙ
2239 553 3159 670 ΠΡΟΣΕΥΧΗΣ

1862 776 2228 864 ΛΟΓΟΣ

1291 908 1298 922 ’
1394 960 1504 1014 E12:
1532 955 1676 1010 PNr'
1706 953 2061 1010 ΚΕΦΑΛΑΙΑ
2115 923 2668 1006 ΔΙΕῙΛΗΜΜΕΝΟΣΞ.

1152 1199 1793 1327 EJUSDEM
1874 1203 2058 1321 DE
2163 1192 2886 1321 OBATIONE

1706 1448 2388 1540 TRACTATUS

1184 1635 1257 1704 In
1297 1647 1550 1704 centum
1589 1647 2042 1728 quinquaginta
2076 1644 2190 1706 tria
2247 1643 2517 1723 capitula
2555 1641 2904 1706 distinctus.

1003 1811 1407 1868 ΠΡΟΟΙΜΙυΝ.

475 1926 819 1999 Πυρέττοντά
847 1940 914 1994 με
933 1924 1012 1994 τῷ
1037 1923 1262 1995 φλογμῷ
1285 1923 1396 1976 τῶν
1417 1917 1742 1994 ἀκαθάρτων
1771 1911 1981 1981 παθῶν,

409 2021 654 2090 συνήθως
679 2017 980 2086 άνεκτήσω,
1005 2017 1070 2086 τῇ
1092 2015 1200 2068 τῶν
1223 2014 1486 2084 θεοφιλῶν
1521 2031 1614 2066 σου
1640 2011 1984 2084 γραμμάτων

407 2114 610 2182 ἐπαφῇ,
632 2110 724 2164 τὸν
755 2107 1034 2178 κάμνοντά
1069 2123 1169 2178 μου
1207 2105 1335 2159 νοῦν
1365 2107 1424 2158 ὲν
1452 2107 1564 2168 τοῖς
1597 2103 1846 2172 ἐσχάτοις
1880 2117 1984 2154 πα·

410 2201 886 2275 ραμυθησάμενος,
941 2198 1036 2252 καὶ
1073 2197 1165 2250 τὸν
1209 2197 1385 2268 μέγαν
1427 2194 1810 2266 μιμησάμενος
1847 2191 1982 2245 καθ-

407 2293 638 2363 ηγητὴν,
659 2291 755 2344 καὶ
784 2289 1102 2344 διδάσκαλον
1124 2287 1407 2359 μακαρίως
1426 2303 1438 2316 ·
1463 2287 1556 2339 καὶ
1571 2287 1631 2338 o6
1647 2282 1978 2354 θαυμαστόνο

410 2385 477 2452 σὴ
520 2383 628 2454 γὰρ
669 2383 755 2436 ἀεὶ
797 2381 954 2452 μερὶς
1001 2380 1192 2448 γέγονε
1231 2379 1301 2432 τὰ
1334 2378 1600 2448 ἐπίσημα,
1641 2376 1718 2439 ὡς
1759 2370 1979 2428 καὶτοῦ

408 2473 773 2543 εὐλογημένου
813 2471 1025 2526 Ἰακώϐ·
1052 2471 1234 2534 καλῶς
1253 2469 1362 2540 γὰρ
1393 2466 1688 2530 δουλεύσας
1717 2466 1816 2536 τῆς
1855 2465 1980 2518 Ῥα-

409 2564 510 2634 χὴλ
539 2563 717 2634 χάριν,
743 2559 838 2616 καὶ
866 2561 1043 2616 λαϐὼν
1068 2561 1166 2632 τὴν
1207 2561 1392 2624 Λείαν,
1421 2558 1604 2628 ζητεῖς
1631 2557 1726 2610 καὶ⁵
1754 2556 1852 2625 τὴν
1885 2571 1982 2608 πο-

409 2654 502 2706 θου
511 2654 697 2724 μένην,
723 2655 796 2718 ὡς
823 2653 914 2706 καὶ
933 2651 1134 2722 ταύτης
1155 2651 1327 2720 δήπου
1355 2647 1649 2719 πληρώσας
1671 2647 1738 2700 τὰ
1753 2646 1976 2716 ἓϐδομα.

419 2727 560 2815 Ἐγὼ
581 2745 638 2798 δὲ
665 2745 764 2798 οὐκ
780 2743 1096 2816 ἀρνηθείην,
1126 2743 1202 2806 ὡς
1223 2743 1352 2819 ὃλην
1374 2741 1470 2812 τὴν
1491 2740 1661 2794 νύκτα
1689 2741 1976 2801 κοπιάσας,

410 2838 658 2891 πεπίακα
689 2837 863 2900 οὐδὲν,
905 2835 1044 2905 πλὴν
1072 2835 1187 2887 ἀλλ’
1231 2835 1324 2887 ἐπὶ
1349 2833 1426 2901 τῷ
1463 2831 1540 2901 σῷ
1568 2831 1711 2901 λόγῳ
1739 2829 1980 2901 χαλάσας

405 2925 471 2980 τὸ
497 2925 735 2991 δίκτυον,
769 2925 1013 2994 ἧγρευσα
1055 2922 1252 2993 ἰχθύων
1291 2921 1520 2991 πληθὺν,
1551 2921 1650 2974 οὐκ
1695 2915 1846 2990 οἶμαι
1880 2917 1978 2988 μὲν

412 3019 686 3087 μεγάλων,
736 3017 932 3070 έκατδν
970 3015 1028 3068 δὲ
1069 3015 1218 3083 ὅμως
1260 3012 1352 3066 καὶ
1399 3014 1738 3083 πεντήκοντα
1785 3010 1975 3088 τριῶν,

407 3110 504 3162 καὶ
533 3098 755 3171 τούτους
777 3106 1072 3161 ἀπέστειλα
1107 3107 1165 3157 ἐιν
1195 3106 1258 3174 τῇ
1285 3103 1501 3174 σπυρίδι
1525 3105 1622 3170 τῆς
1647 3103 1866 3173 ἀγάπης
1889 3101 1978 3153 διά
2011 3143 2054 3198 Β

405 3199 513 3253 τῶν
539 3199 836 3268 ἰσαρίθμων
861 3195 1186 3265 κεφαλαίων,
1210 3193 1307 3265 τὴν
1335 3193 1627 3262 πρόσταξίν
1650 3211 1742 3246 σου
1775 3192 1983 3264 πεπλη-

411 3287 633 3360 ρωκὼς·
659 3285 924 3358 θαυμάζω
959 3286 1014 3338 δέ
1045 3301 1104 3338 σε
1125 3325 1139 3350 ,
1177 3286 1271 3337 καὶ
1315 3284 1434 3338 λίαν
1461 3281 1604 3355 ζηλῶ
1625 3283 1724 3352 τῆς
1757 3281 1985 3352 ἀρίστης

408 3380 718 3450 προθέσεως
755 3379 864 3431 τῶν
897 3378 1028 3448 περὶ
1064 3375 1374 3446 προσευχῆς
1403 3374 1614 3446 ἐρῶντα
1649 3373 1980 3447 κεφαλαίων.

411 3471 488 3524 06
513 3471 622 3541 γὰρ
657 3470 841 3534 ἁπλῶς
872 3469 1076 3523 τούτων
1111 3469 1243 3539 ἐρᾷς
1279 3467 1388 3519 τῶν
1413 3465 1521 3519 ὑπὸ
1549 3466 1766 3537 χειρῶν,
1799 3465 1892 3520 καὶ
1926 3466 1985 3519 ὲν

413 3563 590 3634 χάρτῃ
610 3561 699 3614 διὰ
730 3561 956 3632 μέλανος
977 3559 1040 3613 τὸ
1077 3556 1214 3612 εἶναι
1243 3558 1494 3629 ἑχόντων,
1531 3557 1667 3611 ἀλλὰ
1692 3559 1797 3610 τῶν
1825 3557 1883 3609 ὲν
1909 3555 1986 3626 νῷ

416 3655 715 3725 ἱδρυμένων
771 3653 836 3704 δι’
907 3651 1162 3719 ἀγάπης,
1209 3650 1308 3702 καί
1353 3647 1780 3718 ἀμνησικακίας.
1843 3646 1984 3700 Ἀλλ’

413 3744 536 3797 ἐπεὶ
565 3743 739 3795 πάντα
784 3741 962 3804 δισσὰ,
995 3739 1054 3793 ἓν
1079 3739 1198 3792 κατ’
1231 3738 1412 3792 ἔναντι
1433 3737 1528 3790 τοῦ
1556 3737 1696 3800 ἑνὸς,
1732 3735 1876 3790 κατὰ
1894 3737 1986 3790 τὸν

415 3835 578 3904 σοφὸν
629 3831 837 3904 Ἰησοῦν
865 3871 882 3894 ,
927 3831 1082 3900 δέχου
1133 3831 1270 3901 πρὸς
1312 3829 1390 3900 τῷ
1435 3829 1726 3900 γράμματι
1777 3829 1873 3882 καὶ
1909 3828 1986 3898 τῷ

413 3925 702 3998 πνεύματι·
731 3924 824 3978 καὶ
849 3923 1027 3986 σύνες,
1048 3921 1122 3986 ὼς
1143 3922 1361 3984 πάντως
1389 3919 1482 3974 τοῦ
1512 3921 1839 3990 γράμματος
1855 3919 1986 3986 ,νοῦς

414 4003 777 4084 προηγεῖταιέ
816 4009 917 4066 οὐκ
956 4012 1106 4074 ὄντος
1155 4003 1265 4079 γὰρ
1308 4009 1536 4074 τούτου,
1578 4009 1698 4062 οὐδὲ
1751 4009 1986 4080 γράμμα

413 4083 586 4155 ἔσται.
619 4083 829 4154 Ούκοῦν
857 4101 951 4154 καὶ
979 4093 1291 4170 προσευχῆς
1313 4089 1490 4159 διττὸς
1515 4097 1542 4148 6
1575 4087 1796 4168 τρόπος,
1830 4085 1859 4149 6
1883 4083 1986 4165 μέν

412 4185 496 4255 τις
531 4191 859 4261 πρακτικὸς,
889 4191 916 4243 ὁ
937 4189 994 4242 δὲ
1025 4188 1382 4260 θεωρητικὸς,
1426 4187 1570 4240 οὕτω
1601 4187 1696 4240 καὶ
1725 4185 1984 4258 ἀριθμοῦ,

419 4285 478 4338 τδ
506 4283 603 4352 μὲν
638 4281 924 4352 πρόχειρος
955 4283 1071 4334 ἐστι
1111 4281 1346 4344 ποσότης
1366 4321 1382 4344 ,
1415 4279 1478 4332 τδ
1507 4279 1563 4332 δὲ
1590 4281 1988 4349 σημαινόμενον

721 4373 799 4434 εἰς
833 4369 1025 4424 ἑκατὸν
1053 4365 1147 4423 οὖν
1183 4371 1518 4440 πεντήκοντα
1537 4369 1706 4440 τριῶν
1729 4368 1820 4422 τὸν
1857 4368 1988 4437 περὶ

415 4463 724 4532 προσευχῆς
761 4461 918 4530 λόγον
967 4461 1324 4531 διειληφότες,
1371 4460 1726 4529 εὐαγγελικὸν
1759 4459 1987 4528 ὀψώνιον

416 4569 499 4604 σοι
525 4553 918 4622 πεπόμφαμεν,
948 4553 1034 4604 ἵνα
1064 4551 1228 4622 εὕρῃς
1255 4543 1581 4621 συμϐολικοῦ
1602 4549 1838 4620 ἀριθμοῦ
1865 4567 1988 4621 τερα

413 4641 653 4710 πνότητα
686 4643 779 4694 καὶ
821 4641 1005 4711 σχῆμα
1043 4643 1306 4711 τρίγωνον
1331 4681 1345 4704 ,
1384 4642 1478 4695 καὶ⁸
1515 4642 1804 4710 ἑξάγωνον,
1851 4638 1986 4710 ὁμοῦ

418 4731 514 4800 μὲν
539 4731 738 4800 εὐσεϐῆ
772 4731 972 4798 γνῶσιν
1004 4732 1254 4802 Τριάδος,
1297 4734 1430 4802 ὁμοῦ
1467 4733 1522 4784 δὲ
1554 4734 1648 4785 καὶ
1686 4733 1846 4803 τῆσδε
1886 4733 1988 4800 τῆς

413 4823 822 4892 διακοσμήσεως
876 4825 1364 4893 τήνπεριγραφὴν
1407 4826 1722 4891 ύποφαῐνον.
1781 4823 1918 4875 Ἀλλ’
1960 4822 1988 4872 6

417 4915 608 4966 ἑκατὸν
635 4914 868 4985 ἀριθμὸς
899 4916 1022 4968 καθ’
1055 4916 1246 4968 ἑαυτὸν
1280 4917 1618 4986 τετράγωνός
1651 4917 1828 4979 ἐστιν,
1867 4918 1895 4968 6
1931 4915 1988 4966 δὲ

416 5008 752 5074 πεντήκοντα
780 5005 924 5074 τρὶς,
951 5005 1237 5076 τρίγωνος.
1271 5007 1365 5058 καὶ
1389 5007 1695 5074 σφαιρικὸς’
1727 5009 1755 5058 6
1779 5008 1887 5076 γὰρ
1910 5008 1989 5058 εί-

412 5097 602 5160 κοστὸς
631 5096 814 5164 ὄγδοος
851 5099 950 5166 μὲν
977 5097 1257 5166 τρίγωνος.
1291 5096 1586 5167 Σφαιρικδς
1613 5098 1670 5150 δὲ
1691 5099 1717 5149 ὁ
1748 5100 1990 5162 εἰκοστὸς

413 5187 687 5256 ςτέμπτοςο
751 5190 1013 5252 πεντάκις
1069 5191 1178 5260 γὰρ
1227 5189 1387 5241 πέντε
1443 5189 1730 5258 κεφάλαια.
1783 5192 1991 5244 Οὐκοῦν

412 5267 558 5348 ἔχεις
593 5277 652 5330 τὸ
681 5280 1018 5347 τετράγωνον
1050 5281 1254 5348 σχῆμα,
1286 5280 1348 5331 ού
1377 5279 1536 5348 μόνον
1559 5278 1646 5330 διὰ
1669 5279 1770 5348 τῆς
1797 5297 1988 5351 τετρα-

411 5369 575 5432 κτύος
599 5369 708 5422 τῶν
737 5371 946 5436 ἀρετῶν
971 5413 984 5431 ,
1018 5371 1154 5423 ἀλλὰ
1193 5372 1288 5424 καὶ
1332 5371 1484 5422 τοῦδε
1531 5370 1624 5421 τοῦ
1661 5370 1856 5434 αἰῶνος
1888 5373 1985 5442 τὴν

411 5457 636 5527 ινσοφον
665 5459 864 5525 γνῶσιν
897 5461 972 5532 τῷ
995 5461 1224 5532 εἰκοστῷ
1258 5463 1493 5530 πέμπτῳ
1522 5461 1783 5526 ἐοικυῖαν,
1816 5464 1903 5518 διὰ
1926 5466 1986 5522 τὸ

484 5613 530 5647 ⁸⁸
561 5613 700 5668 Gen.
735 5628 880 5680 nix,
909 5615 999 5673 27.
1077 5619 1120 5651 ⁶⁹
1155 5616 1324 5672 Eccli.
1361 5631 1488 5682 χιιι,
1517 5615 1606 5668 25.

2571 1803 2734 1878 475
2757 1801 3146 1858 PREFATIO.

2155 1911 2574 1968 Febricitantem
2606 1928 2692 1966 me
2713 1911 3030 1982 passionum
3053 1912 3388 1980 impurarum
3410 1917 3545 1965 testu
3567 1911 3654 1964 re;

2085 2001 2341 2059 focillasti
2381 2019 2479 2074 pro
2509 2018 2680 2069 more,
2709 2013 2926 2056 tuarum
2961 2004 3072 2056 Deo
3101 2001 3416 2056 amabilium
3445 2001 3652 2056 littera-

2084 2105 2205 2148 rum
2253 2092 2630 2150 a'ttrectatione
2673 2109 2850 2148 meam
2907 2092 3246 2150 consolando
3299 2099 3536 2146 mentem
3584 2092 3651 2145 ad

2085 2196 2385 2242 extremum
2427 2186 2724 2256 fatigatam,
2757 2197 3123 2256 magnumque
3160 2181 3425 2236 imitando
3453 2195 3654 2249 praece-

2083 2289 2312 2349 ptorem,
2358 2294 2423 2334 ac
2465 2279 2781 2349 magistron:
2830 2279 3020 2344 beate;
3061 2291 3239 2345 neque
3279 2274 3501 2338 mirum,
3550 2282 3654 2334 tua:

2083 2379 2278 2434 nempe
2305 2375 2486 2434 partes
2521 2363 2670 2419 fuere
2701 2379 2915 2432 semper
2950 2364 3188 2433 insignia
3227 2368 3478 2432 quaeque,
3510 2363 3652 2416 sicut

2081 2469 2136 2512 et
2176 2457 2441 2512 benedicti
2483 2455 2651 2512 Jacoh
2667 2456 2712 2488 “
2746 2475 2759 2510 :
2786 2470 2912 2510 cum
2941 2453 3084 2510 enim
3117 2453 3374 2524 praeclare
3399 2453 3652 2508 servieris

2081 2557 2304 2619 propter
2349 2547 2572 2614 Rachel,
2623 2557 2676 2601 et
2723 2548 2873 2602 Liam
2922 2548 3218 2616 acceperis,
3253 2547 3454 2616 quaeris
3484 2548 3648 2601 etiam

2081 2639 2466 2702 desideratam,
2503 2649 2690 2709 utpote
2732 2640 2823 2709 qui
2872 2649 2926 2694 et
2972 2640 3201 2708 hujusce
3245 2647 3447 2708 septem
3477 2653 3654 2692 annos

2081 2731 2411 2800 adimplesti.
2458 2730 2570 2800 Ego
2598 2745 2726 2786 vero
2773 2745 2880 2786 non
2921 2731 3266 2802 denegarem,
3303 2731 3476 2800 quod,
3528 2747 3652 2786 cum

2081 2837 2178 2892 per
2203 2829 2372 2877 totam
2416 2833 2630 2882 noctem
2677 2822 3033 2886 laborassem,
3067 2821 3202 2876 nihil
3231 2809 3656 2890 comprehendi,

2080 2923 2474 2974 verumtamen,
2527 2928 2652 2966 cum
2717 2913 2770 2964 in
2833 2921 2926 2966 tuo
2977 2913 3142 2966 verbo
3187 2921 3298 2966 rete
3355 2913 3654 2977 laxassem,

2079 3005 2420 3072 exspiscaths
2453 3018 2574 3058 sum
2619 3003 2850 3072 piscium
2892 3002 3318 3067 multitudinem,
3360 3019 3466 3056 non
3502 3005 3656 3075 equi-

2079 3095 2202 3150 dem
2243 3095 2326 3165 (ut
2353 3096 2626 3162 existimo)
2667 3111 3009 3164 magnorum,
3048 3105 3268 3150 centum
3327 3113 3455 3151 vero
3487 3079 3657 3152 simul

2084 3197 2136 3242 ct
2161 3187 2552 3258 quinquaginta
2578 3187 2764 3250 trium,
2789 3187 3015 3256 illosque
3041 3203 3136 3256 per
3157 3189 3388 3257 capitula
3421 3205 3652 3244 numero

2083 3280 2310 3348 aequalia
2346 3279 2401 3332 in
2443 3279 2606 3334 corbe
2647 3278 2742 3332 tibi
2787 3279 2907 3333 misi
2936 3278 3238 3342 charitatis,
3281 3288 3433 3334 tuum
3476 3277 3654 3334 adiuti»

2085 3369 2280 3439 piendo
2333 3369 2685 3433 mandatum;
2749 3379 2799 3423 te
2850 3384 2977 3424 vero
3029 3369 3289 3432 admiror,
3341 3371 3656 3441 felicemque

2084 3462 2289 3531 optimo
2319 3461 2594 3531 proposito
2617 3461 2872 3524 arbitror,
2903 3462 3048 3530 quod
3080 3461 3315 3530 capitula
3343 3462 3410 3516 de
3442 3463 3652 3517 oratio-

2085 3567 2154 3608 ne
2181 3555 2498 3623 percupias;
2533 3567 2632 3628 nec
2654 3553 2799 3608 enim
2829 3552 3145 3622 simpliciter
3169 3567 3356 3607 eorum
3385 3555 3647 3608 detineris

2085 3659 2291 3710 amore,
2326 3659 2448 3714 quae
2487 3645 2737 3701 manibus
2776 3645 3226 3710 conscribtnitur;
3270 3646 3434 3715 inque
3467 3645 3655 3701 charta

2085 3749 2180 3804 per
2219 3745 2582 3790 atramentum
2615 3736 2957 3802 subsistunt;
3001 3750 3213 3800 verum,
3236 3750 3426 3790 eorum
3455 3751 3574 3804 qua:
3602 3737 3659 3788 in‘

2085 3837 2268 3883 mente
2299 3843 2395 3898 per
2427 3828 2770 3894 charitatem,
2820 3828 3256 3897 iniuriarumque
3304 3828 3655 3890 oblivionem,

2087 3919 2451 3974 stabiliuntur.
2487 3918 2592 3972 Sed
2626 3918 2886 3997 quoniam
2926 3917 3158 3985 duplicia
3191 3925 3320 3995 sunt
3359 3917 3563 3982 omnia,
3605 3926 3659 3971 et

2088 4020 2254 4059 unum
2283 4019 2314 4058 ε
2341 4005 2560 4075 regione
2599 4006 2826 4060 alterius
2851 4004 3018 4076 476
3053 4004 3310 4073 positum,
3357 4005 3654 4058 secundum

2087 4093 2384 4165 sapientem
2415 4095 2600 4154 Jesum
2625 4083 2694 4161 ⁸⁵,
2734 4097 2923 4165 accipe
2966 4097 3116 4164 iuxta
3168 4095 3420 4158 litteram,
3455 4104 3510 4150 et
3546 4097 3658 4164 Spi—

2085 4187 2274 4253 ritum,
2301 4177 2356 4242 et
2389 4170 2647 4256 intellige,
2685 4185 2830 4256 quod
2861 4200 3016 4240 mens
3047 4185 3270 4239 omnino
3298 4177 3497 4240 litteras
3522 4185 3659 4254 prai-

2087 4268 2248 4342 ceilit,
2275 4293 2401 4350 nam
2429 4277 2476 4332 si
2505 4277 2610 4332 ista
2640 4291 2748 4332 non
2785 4276 2948 4341 adsit,
2981 4291 3081 4330 nec
3110 4276 3214 4330 erit
3239 4275 3415 4332 littera
3454 4295 3468 4329 :
3498 4275 3659 4346 igitur

2086 4371 2350 4426 orationis
2386 4383 2602 4440 quoque
2639 4367 2841 4438 duplex
2887 4375 2974 4422 est
3005 4367 3222 4432 modus,
3269 4365 3414 4423 unus
3454 4359 3655 4435 practi-

2013 4479 2060 4540 (ς
2089 4477 2209 4526 cus,
2242 4477 2338 4516 seu
2372 4461 2424 4514 in
2457 4459 2666 4528 agendo
2690 4459 2936 4530 positus;
2969 4458 3106 4513 alter
3137 4457 3538 4528 speculativus,
3575 4464 3657 4510 ta-

2089 4555 2274 4622 lesque
2303 4553 2502 4622 pariter
2540 4551 2753 4605 numeri
2782 4545 2910 4606 sunt
2941 4559 3144 4620 partes,
3181 4548 3288 4604 una
3331 4549 3547 4618 quidem
3577 4557 3661 4603 cst

2087 4645 2365 4715 quantitas
2407 4652 2680 4713 prompta,
2727 4645 2894 4696 altera
2933 4656 3087 4707 vero,
3129 4657 3250 4711 (pia:
3299 4639 3656 4708 signiﬁcatur,

2087 4747 2171 4792 est
2197 4737 2452 4806 qualitas.
2485 4735 2540 4788 In
2578 4743 2796 4788 centum
2826 4734 2990 4802 igitur
3009 4732 3402 4806 quinquaginta
3438 4729 3542 4782 tria
3567 4745 3661 4782 ca-

2089 4829 2257 4899 pitula
2291 4835 2577 4882 tractatum
2611 4829 2676 4879 de
2701 4825 2948 4879 oratione
2987 4822 3402 4892 distinguentés,
3431 4822 3662 4889 e'vange-
3742 4876 3753 4892 ,ι

2090 4921 2252 4974 licnm
2289 4919 2382 4972 tibi
2405 4917 2692 4972 obsonium
2718 4915 2990 4978 misimus,
3031 4923 3091 4968 ut
3115 4909 3662 4982 allegu'ri‘ci-invenias
3747 4901 3754 4909 ⁸

2090 5011 2301 5063 numeri
2339 5007 2758 5077 jucunditatem,
2795 5005 3131 5074 ﬁguramque
3172 5003 3582 5070 tria‘ngnlarem,
3611 5013 3664 5052 et

2092 5105 2528 5170 sexangu’larem,
2577 5099 3105 5158 snhmOnstra'ntem,
3141 5104 3254 5149 tum
3300 5094 3442 5163 piam
3483 5091 3662 5146 Trini-

2094 5195 2219 5247 tatis
2247 5193 2631 5261 cognitionem,
2667 5199 2779 5244 tnm
2821 5189 2982 5242 etiam
3012 5187 3240 5256 hujusce
3277 5185 3660 5245 ordinationis,

2093 5298 2157 5337 ac
2207 5282 2604 5338 distributionis
2655 5279 3095 5348 descriptionem.
3144 5275 3210 5330 Et
3247 5292 3506 5332 numerus
3537 5276 3682 5344 quiv'

2091 5374 2211 5428 dem
2243 5373 2588 5429 centenarias
2614 5372 2912 5426 secundum
2946 5371 3184 5436 scipsum
3214 5367 3666 5438 quadrangularis

2093 5475 2199 5531 est,
2227 5465 2320 5520 sed
2382 5462 2884 5533 quinquagenarius
2925 5462 3139 5524 tertius,
3183 5459 3532 5528 triangularis
3556 5469 3664 5524 est,
