4066 6146
401 232 583 300 1167.

1891 221 1947 277 S.
1997 217 2160 278 NlLI

3509 227 3647 293 1108

398 362 452 407 et
484 346 779 410 rotundus;
819 358 941 396 nam
994 338 1280 393 vicesimus
1322 344 1569 395 octavus.
1617 330 1964 402 triangularis

2082 333 2354 402 ςφαιρικὸν
2387 334 2493 386 τῶν
2525 337 2749 405 χρόνων.
2796 338 3062 407 Ἐϐδομάς
3095 339 3203 409 γὰρ
3228 341 3319 392 ἐπὶ
3351 340 3643 411 ἑϐδομάδα,

328 456 333 463 ·
400 442 619 513 quidem
673 445 787 500 est,
843 432 1105 488 rotundus
1166 444 1290 481 vero
1357 426 1651 480 vicesimus
1716 425 1962 493 quintus,

2069 424 2163 476 καὶ⁵
2187 424 2293 493 μὴν
2324 426 2415 477 ἐπὶ
2450 427 2595 496 μῆνα
2616 431 2863 491 κινεῖται,
2886 430 2977 482 καὶ
2999 430 3057 493 ἐξ
3086 431 3330 483 ἐνιαυτοῦ
3355 433 3433 493 είς
3464 435 3643 486 ἐνιαυ-

402 532 694 603 quinquies
727 539 917 593 nempe
956 523 1200 592 quinque
1229 519 1471 573 continet
1498 515 1756 585 capitula,
1799 514 1966 566 habes

2082 516 2158 568 τὸν
2186 518 2215 568 ὁ
2249 518 2440 586 χρόνος
2479 518 2802 573 κυλινδεῖται
2836 522 2929 572 καὶ
2968 519 3159 591 καιρὸς
3198 522 3293 574 ἐπὶ
3315 522 3541 590 καιρὸν,
3571 524 3646 585 ὡς

365 676 372 690 ,
406 626 569 696 igitur
597 622 818 688 ﬁguram
846 611 1353 684 quadrangularem,
1384 624 1489 662 non
1522 607 1696 662 solum
1733 619 1828 674 per
1857 605 1966 657 vir-

408 694 580 768 tutum
609 706 1045 778 quaternionem,
1079 703 1171 756 sed
1205 708 1259 754 et
1282 699 1444 768 hujus
1476 697 1659 752 saeculi
1687 694 1968 751 scientiam

408 802 729 872 sapientem,
784 795 1040 850 vicesimo
1080 791 1269 861 quinto
1319 789 1672 844 assimilatam
1723 798 1968 846 numero,

406 902 624 965 propter
658 902 925 943 annorum
958 883 1371 945 revolutionem,
1413 877 1743 933 hebdomada
1774 877 1972 944 quippe

407 998 568 1053 super
598 977 1013 1042 hebdomadam,
1057 986 1110 1028 et
1151 973 1351 1026 mensis
1384 984 1547 1038 super
1578 981 1820 1021 mensem
1859 978 1972 1016 mo-

412 1086 589 1139 vetur,
631 1082 686 1127 et
724 1088 786 1126 es
850 1082 994 1123 anno
1044 1066 1097 1120 in
1143 1078 1346 1118 annum
1391 1061 1625 1115 volvitur
1664 1068 1875 1126 tempus
1920 1064 1973 1109 et

408 1173 743 1221 mon‘tentum
794 1175 956 1229 super
994 1165 1353 1218 momentum,
1381 1162 1441 1206 ut
1484 1152 1539 1204 in
1578 1149 1710 1204 solis
1740 1157 1795 1203 et
1832 1148 1973 1201 lunae

410 1263 582 1319 motu,
616 1252 778 1316 veris,
819 1262 882 1303 ac
927 1246 1151 1307 aestatis,
1183 1244 1448 1297 videmus.
1482 1239 1834 1309 Triangulum
1875 1250 1973 1290 au-

410 1358 513 1400 tem
529 1345 641 1398 'tibi
677 1342 812 1395 forte
846 1337 1171 1404 signiﬁcabit
1192 1333 1473 1389 scientiam
1500 1340 1699 1386 sancta:
1731 1328 1971 1382 Trinita-

410 1438 521 1491 tis:
555 1436 688 1488 alias
720 1447 848 1486 vero
893 1431 939 1485 si
989 1443 1085 1498 per
1120 1438 1472 1481 numerorum
1520 1420 1970 1490 multiplicitatem

408 1527 761 1581 centesimum
812 1522 952 1576 feras
1003 1517 1507 1590 quinquagesimum
1568 1514 1815 1578 tertium,
1879 1511 1971 1580 qui

409 1615 761 1685 triangularis
805 1609 1258 1679 est,,intelligere
1282 1605 1444 1678 477
1471 1604 1724 1659 convenit
1766 1601 1971 1672 practi-

412 1722 532 1761 cam
563 1704 794 1773 (scilicet
841 1696 1149 1765 scientiam)
1179 1694 1480 1749 naturalem
1514 1702 1565 1746 et
1597 1690 1971 1760 theologicam,

407 1806 501 1850 aut
536 1795 697 1848 etiam
733 1792 880 1856 ﬁdei,
928 1789 1042 1858 Spei
1077 1795 1131 1841 ct
1172 1785 1491 1851 charitatis;
1522 1797 1739 1846 aurum,
1784 1795 1976 1855 argen-

409 1898 545 1953 tum,
589 1885 794 1955 lapides
843 1881 1131 1951 pretiosos.
1179 1875 1379 1932 Verum
1425 1876 1541 1929 haec
1596 1880 1662 1928 de
1705 1887 1973 1931 numero:

410 1978 773 2047 capitulorum
841 1981 1020 2026 autem
1088 1970 1400 2024 tenuitatem
1458 1980 1566 2020 non
1624 1972 1973 2029 contemnes,

410 2072 556 2123 velut
590 2069 697 2133 ille,
729 2066 823 2135 qui
873 2063 982 2119 scis
1021 2069 1073 2116 et
1118 2058 1375 2121 saturari,
1421 2065 1474 2111 et
1503 2056 1743 2126 indigere
1763 2056 1829 2122 ⁷ο,
1868 2054 1979 2109 imo

2071 606 2162 658 ἐπὶ
2187 609 2450 677 κινήσεως
2472 609 2645 678 ἡλίου,
2670 613 2765 663 καὶ
2788 612 3036 680 σελήνης,
3062 611 3241 678 ἔαρος,
3272 614 3368 665 καὶ
3390 613 3499 665 τῶν
3518 615 3647 682 ἑξῆς

2071 696 2304 767 ὁρῶμεν.
2354 699 2427 751 Τὸ
2452 699 2510 752 δὲ
2546 699 2834 769 τρίγωνον,
2882 701 3135 771 σημαίνει
3182 703 3246 756 ἄν
3291 719 3372 754 σοι
3417 702 3516 770 τὴν
3549 703 3649 771 τῆς

2073 788 2232 855 ἁγίας
2260 789 2487 859 Τριάδος
2519 790 2960 858 γνῶσιν.”Αλλως
2980 808 2993 821 ·
3023 795 3072 845 εί
3094 793 3148 846 δὲ
3173 794 3261 847 διὰ
3281 795 3382 864 τῆς
3412 796 3650 866 πληθύος

2072 876 2181 929 τῶν
2209 877 2460 947 ἀριθμῶν
2488 879 2692 951 κομίζῃ
2718 881 2810 934 τὸν
2840 882 3134 936 ἑκατοστὸν
3172 886 3358 954 τρίτον
3385 886 3652 956 τρίγωνον

2072 966 2220 1029 ὄντα,
2236 970 2375 1020 νοεῖν
2395 970 2658 1040 προσήκει
2678 972 3003 1041 πρακτικὴν,
3027 974 3289 1043 φυσικὴν,
3311 974 3650 1045 θεολογικὴν,

2072 1058 2106 1127 ἦ
2139 1058 2233 1110 καὶ
2260 1058 2514 1125 πίστεως,
2538 1059 2770 1123 ἐλπίδος,
2807 1062 2902 1114 καὶ
2941 1062 3182 1130 ἀγάπης,
3218 1064 3443 1132 χρυσὸν,
3476 1066 3651 1135 ἀργυ-

2074 1163 2201 1216 ρου,
2227 1146 2408 1210 λίθους
2445 1149 2677 1217 τιμίους.
2725 1150 2865 1203 Ἀλλ’
2895 1153 2923 1204 ὁ
2969 1152 3066 1219 μὲν
3114 1153 3344 1223 ἀριθμὸς
3386 1156 3647 1221 τοιοῦτος,

2071 1234 2182 1287 τῶν
2208 1235 2264 1288 δὲ
2294 1236 2606 1305 κεφαλαίων
2640 1238 2701 1292 τὸ
2726 1240 2980 1294 ταπεινὸν
3001 1243 3062 1294 οὐ
3097 1243 3542 1314 περιυϐρίσειας,
3575 1246 3654 1309 ὡς

2074 1325 2232 1389 εἰδὼς
2267 1329 2357 1380 καὶ
2389 1329 2772 1398 χορτάζεσθαι,
2800 1333 2893 1385 καὶ
2914 1333 3279 1402 ὑστερεῖσθαι,
3304 1335 3394 1387 ναὶ
3419 1337 3525 1407 μὴν
3559 1338 3655 1391 καὶ

2072 1418 2149 1480 ὡς
2205 1421 2548 1490 μεμνημένος
2600 1421 2691 1474 τοῦ
2741 1424 2810 1475 τά
2852 1424 2947 1476 δύο
3002 1424 3103 1494 τῆς
3142 1427 3318 1497 χήρας
3363 1426 3538 1479 λεπτὰ
3578 1429 3653 1498 μὴ

2074 1510 2528 1582 ἀποϐεϐληκότος,
2557 1512 2691 1567 ἀλλὰ
2721 1517 2815 1568 καὶ
2855 1516 2996 1587 ὑπὲρ
3029 1518 3261 1571 πλοῦτον
3299 1519 3510 1571 πολλῶν
3538 1521 3655 1572 ἑτέ-

2075 1620 2186 1673 ρων
2244 1603 2645 1675 ἀποδεξαμένου
2678 1621 2693 1635 ο
2738 1606 2932 1660 οὐκοῦν
2988 1609 3230 1674 εὐνοίας,
3273 1612 3366 1663 καὶ
3434 1611 3656 1680 ἀγάπης

2082 1695 2295 1765 καρπὸν
2344 1695 2499 1758 εἰδὼς
2533 1736 2546 1761 ,
2609 1696 2864 1764 φυλάξεις
2927 1702 3038 1762 σοῖς
3105 1700 3348 1770 γνησίοις
3408 1702 3657 1770 ἀδελφοῖς

2084 1787 2396 1856 ἐπιτρέπων
2449 1787 2844 1857 προσεύχεσθαι
2890 1790 3032 1861 ὑπὲρ
3081 1792 3174 1844 τοῦ
3225 1792 3655 1862 ἀρρωστοῦντος,

2082 1879 2228 1942 ὅπως
2252 1881 2490 1951 ὑγιαίνῃ,
2510 1880 2605 1933 καὶ
2625 1881 2818 1934 ἑαυτοῦ
2842 1882 2936 1936 τὸν
2962 1883 3269 1953 κράσϐατον
3289 1884 3450 1955 ἄρας,
3470 1885 3658 1938 λοιπὸν

2086 1969 2324 2038 πατήσῃ,
2356 1969 2541 2040 χάριτι
2573 1968 2809 2037 Χριστοῦ
2838 1970 2934 2023 τοῦ
2969 1971 3225 2042 ἀληθινοῦ
3251 1973 3387 2026 Θεοῦ
3422 1967 3664 2043 ἡμῶν,ᾧ

2085 2062 2117 2127 ἡ
2153 2057 2279 2123 δόξα
2309 2059 2387 2122 εἰς
2419 2062 2544 2122 τοὺς
2576 2061 2776 2124 αἰῶνας
2806 2063 2916 2116 τῶν
2931 2063 3162 2119 αἰώνων.
3202 2066 3398 2137 Ἀμήν.

415 2160 506 2227 qui
536 2158 656 2227 ejus
696 2170 907 2210 tnenzor
932 2168 1009 2217 es,
1042 2151 1136 2220 qui
1200 2149 1375 2202 viduae
1440 2150 1546 2202 duo
1588 2147 1796 2202 minuta
1863 2166 1972 2205 non
2039 2152 2262 2221 reSpuit,
2301 2152 2394 2207 sed
2433 2167 2496 2206 ea
2526 2168 2636 2222 pra:
2665 2154 2957 2209 multorum
3001 2156 3229 2211 aliorum
3272 2158 3475 2213 divitiis
3507 2172 3664 2215 recc-

416 2252 533 2323 pit;
566 2247 880 2319 cumigitur
908 2243 1290 2300 benevolentia:
1314 2249 1462 2296 recte
1519 2240 1738 2296 noveris
1801 2242 2064 2310 fructum,
2101 2243 2374 2299 custodies
2418 2243 2526 2298 tuis
2575 2244 2846 2314 germanis
2889 2243 3149 2302 fratribus
3192 2248 3541 2318 imponendo,
3596 2254 3657 2304 ut

410 2354 567 2401 orent
595 2357 693 2414 pro
726 2341 964 2402 inﬁrmo,
993 2346 1047 2390 et
1073 2341 1395 2403 aegrotante,
1426 2332 1493 2386 ad
1526 2332 1630 2387 hoc
1660 2343 1719 2387 ut
1745 2341 1987 2395 sanetur,
2026 2348 2296 2403 suumque
2362 2333 2647 2402 grabatum
2715 2334 2931 2400 tollens,
2980 2344 3033 2391 et
3066 2336 3324 2406 deinceps
3347 2338 3662 2396 obambulet

411 2434 583 2504 gratia
622 2428 823 2486 Christi
860 2426 971 2481 veri
1023 2423 1117 2478 Dei
1159 2422 1351 2486 nostri,
1377 2423 1464 2477 cui
1490 2422 1659 2492 gloria
1690 2422 1744 2476 in
1788 2423 1986 2478 smeula
2025 2424 2372 2479 szeculorum.
2404 2424 2597 2478 Amen.

937 2537 1104 2610 473
1143 2533 1371 2590 CAPUT
1411 2535 1455 2588 ι.

485 2656 542 2709 Si
577 2654 699 2723 quis
759 2649 1081 2706 suaveolcns
1138 2647 1354 2702 eﬁicere
1411 2646 1778 2701 suﬁimentum
1816 2647 1982 2710 velit,

413 2750 542 2804 thus
570 2745 921 2817 pellucidum,
951 2751 1005 2796 et
1034 2741 1289 2802 cassiam,
1328 2748 1382 2793 et
1414 2739 1693 2809 ungulam,
1738 2754 1833 2793 seu
1872 2738 1984 2791 l‘ru-

2693 2537 2943 2590 ΚΕΦΑΛ.
2983 2538 3060 2591 A'.

2159 2646 2227 2699 Εῑ
2251 2664 2334 2709 τις
2361 2646 2603 2716 βούλοιτο
2624 2646 2823 2711 εὑῶδες
2846 2649 3097 2720 θυμίαμα
3115 2626 3405 2716 σκευάσαί,
3430 2653 3523 2707 τὸν
3544 2653 3659 2709 δια-

2090 2738 2231 2808 φανῆ
2261 2737 2479 2792 λίϐανον
2499 2777 2514 2802 ,
2553 2738 2652 2792 καὶ
2690 2740 2789 2810 τὴν
2823 2741 3056 2795 κασσίαν
3085 2743 3179 2795 καὶ
3213 2743 3306 2797 τδν
3330 2745 3531 2815 ὄνυχα,
3566 2747 3664 2799 καὶ

416 2842 574 2895 licem
619 2838 699 2893 sic
746 2837 973 2900 dictum,
1013 2836 1388 2903 liquoremque
1428 2830 1600 2897 illum,
1629 2830 1722 2900 qui
1768 2844 1799 2884 e
1838 2844 1980 2898 myr-

2086 2829 2184 2899 τὴν
2206 2829 2442 2898 στάκτην
2472 2830 2651 2895 ἐξίσου
2685 2831 2941 2902 συνθήσει
2967 2831 3107 2886 κατά
3141 2834 3233 2888 τὸν
3259 2836 3443 2905 νόμον.
3474 2836 3661 2893 Ταῦτα

415 2931 535 2994 rha,
587 2937 641 2982 et
681 2928 1026 2982 cinnamomo
1074 2923 1246 2978 inciso
1304 2921 1528 2975 distillat
1546 2920 1614 2984 '“,
1641 2934 1797 2989 aequo
1825 2933 1984 2974 com-

415 3024 642 3077 misceat
672 3020 910 3091 pondere
940 3017 1238 3074 secundum
1272 3017 1464 3084 legem.
1498 3013 1620 3068 llaec
1650 3022 1829 3067 autem
1860 3020 1987 3067 sunt

414 3113 676 3169 virtutum
707 3112 1031 3182 quaternio;
1069 3124 1194 3165 nam
1241 3110 1285 3163 si
1317 3124 1392 3163 ea:
1420 3108 1749 3178 plenissimae
1778 3107 1905 3173 sint,
1934 3114 1986 3158 ct

417 3209 675 3278 :equales,
707 3221 812 3259 non
848 3204 1107 3274 prodetur
1133 3202 1459 3256 intellectus.

1034 3313 1261 3370 CAPUT
1300 3312 1365 3367 ll.

488 3433 684 3487 Anima
712 3437 1007 3500 expurgata
1033 3442 1126 3497 per
1161 3428 1422 3480 virtutum
1460 3424 1869 3493 plenitudinem,
1903 3423 1987 3476 in-

419 3526 664 3580 tellectus
695 3523 876 3576 sedem
915 3519 1080 3575 efﬁcit
1105 3518 1510 3581 inconcussam,
1543 3516 1834 3584 ipsumque
1861 3517 1985 3570 red-

419 3614 498 3667 dit
540 3612 773 3666 habilem
826 3611 892 3665 ad
960 3607 1370 3677 suscipiendum
1440 3613 1640 3662 statum
1706 3606 1796 3675 qui
1846 3621 1988 3675 quae-

419 3705 574 3760 ritur.

1032 3812 1259 3869 CAPUT
1296 3812 1377 3868 ΙΙΙ.

492 3929 676 3984 Oratio
738 3937 823 3983 est
897 3927 1227 3997 colloquium
1283 3927 1590 3981 intellectus
1653 3941 1778 3980 eum
1833 3927 1983 3992 Deo;

422 4018 565 4088 quali
621 4017 787 4088 igitur
847 4027 991 4072 statu
1054 4016 1259 4087 indiget
1311 4017 1634 4083 intellectus,
1692 4027 1752 4071 ut
1809 4018 1988 4087 quiete

423 4109 652 4180 agendo,
694 4123 813 4163 sese
848 4107 1259 4162 innnutabiliter
1299 4117 1485 4173 mutet,
1532 4122 1598 4162 ac
1636 4117 1876 4162 transeat
1919 4108 1983 4162 ad

424 4200 698 4268 proprium
730 4197 1038 4262 Dominum,
1075 4198 1335 4267 nulloque
1366 4199 1690 4253 intermedio
1723 4213 1845 4253 cum
1868 4200 1986 4269 ipso

423 4283 801 4353 colloquatur?
834 4281 1207 4352 (subintellige)
1239 4284 1398 4337 talem
1441 4293 1649 4353 quaerat
1690 4294 1913 4341 statum.

926 4392 1091 4464 479
1121 4392 1348 4448 CAPUT
1389 4392 1475 4449 IV.

490 4510 550 4565 Si
581 4509 811 4579 Moyses,
854 4522 978 4562 cum
1011 4507 1076 4561 ad
1115 4506 1310 4561 rubum
1348 4506 1626 4560 ardentem
1668 4524 1831 4578 super
1884 4518 1991 4564 ter-

421 4613 539 4653 ram
595 4596 1034 4667 appropinquare
1089 4594 1353 4657 tentavit,
1411 4596 1764 4663 prohibetur,
1816 4601 1991 4654 donec

421 4688 746 4761 exsolvisset
796 4686 993 4756 pedum
1040 4684 1554 4750 calceamentum“,
1612 4691 1888 4758 quomodo
1934 4700 1988 4745 tu

427 4785 562 4853 ipse,
600 4781 785 4835 volens
832 4793 955 4833 eum
1007 4777 1212 4843 videre,
1263 4780 1356 4847 qui
1399 4794 1616 4834 omnem
1666 4782 1992 4839 intellectio-

426 4888 548 4928 nem
581 4880 636 4927 et
663 4884 883 4926 sensum
910 4875 1151 4937 superat,
1199 4869 1360 4938 eique
1387 4869 1501 4925 ﬁeri
1533 4871 1847 4937 collocutor,
1881 4890 1988 4929 non

425 4958 594 5019 solv’is
622 4976 651 5013 a
675 4970 726 5016 te
749 4968 965 5015 omnem
990 4958 1372 5027 cegitationem
1404 4960 1642 5028 passioni
1663 4961 1990 5017 obnoxiam?

1038 5068 1264 5126 CAPUT
1305 5070 1366 5126 V.

493 5187 599 5241 Ora
637 5187 691 5239 in
722 5187 931 5254 primis,
963 5200 1072 5255 quo
1102 5186 1338 5254 accipias
1360 5186 1562 5240 donum
1607 5188 1989 5258 lacrymarum,

427 5288 486 5331 ut
517 5291 613 5346 per
653 5277 855 5330 luctum
888 5277 1135 5331 emollias
1172 5283 1439 5345 agrestem
1471 5276 1747 5340 duritiem,
1781 5293 1903 5347 qua:
1934 5280 1986 5332 in

425 5368 606 5423 anima
650 5378 739 5421 tua
777 5377 881 5429 est,
927 5377 980 5421 et
1026 5365 1308 5421 confessus
1349 5367 1636 5421 adversum
1686 5377 1739 5421 te
1777 5368 1993 5437 injusti-
2032 5364 2041 5369 ’

426 5457 559 5512 tiam
588 5466 732 5512 tuam
760 5456 1073 5521 Domino",
1110 5458 1318 5509 veniam
1359 5456 1427 5509 ab
1462 5457 1580 5524 ipso
1613 5460 1990 5528 Consequaris.

503 5595 546 5625 ⁷⁸
576 5595 803 5662 Philipp.
827 5610 898 5660 tv,
930 5593 1015 5646 12.
1091 5595 1134 5624 ⁷⁸
1175 5593 1339 5647 Eccli.
1372 5610 1524 5661 sxw,
1556 5596 1644 5652 9.0.
1722 5600 1764 5630 ⁷²
1800 5600 1967 5657 Exod.
2003 5616 2088 5667 ltt,
2120 5601 2237 5655 2-5.

2017 4158 2065 4218 D

2085 2922 2139 2974 δέ
2164 2923 2309 2976 ὲστιν
2333 2924 2366 2993 ἡ
2394 2923 2592 2992 τετρὰς
2618 2924 2727 2977 τῶν
2747 2924 2979 2994 ἀρετῶν·
3011 2926 3105 2979 ἐὰν
3129 2926 3239 2999 γὰρ
3261 2928 3366 2999 πλη
3375 2931 3658 2999 ρέσταται,

2086 3016 2181 3069 καὶ
2216 3016 2328 3070 ἶσαι
2363 3018 2728 3086 τυγχάνωσιν,
2760 3019 2821 3070 οὑ
2857 3019 3249 3091 προδοθήσεται
3281 3024 3310 3075 ὁ
3331 3023 3479 3087 νοῦς.

2688 3306 2940 3362 ΚΕΦΛΛ.
2967 3308 3043 3362 B'.
3120 3276 3127 3285 ”

2158 3413 2508 3486 Καθαρθείσα
2538 3416 2686 3488 ψυχὴ
2714 3418 2801 3473 διά
2829 3421 2926 3489 τῆς
2954 3420 3063 3473 τῶν
3090 3422 3303 3493 ἀρετῶν
3326 3424 3663 3497 πληρότητος

2085 3504 2379 3576 ἀκλόνητον
2406 3506 2505 3578 τὴν
2529 3508 2684 3575 τάξιν
2718 3508 2814 3562 τοῦ
2845 3511 2936 3564 νοῦ
2958 3515 3382 3581 κατασκευάζει,
3415 3515 3664 3572 δεκτικὸν

2086 3597 2247 3651 αὑτὸν
2278 3597 2506 3652 ποιοῦσα
2528 3601 2628 3670 τῆς
2654 3602 2993 3672 ζητουμένης
3032 3606 3439 3671 καταστάσεως.

2683 3819 2935 3874 ΚΕΦΑΛ.
2983 3821 3057 3874 Γ’.

2169 3924 2233 3977 Ἠ
2286 3927 2585 3996 προσευχὴ,
2620 3927 2807 3996 ὁμιλία
2850 3931 2966 3982 ἐστὶ
3000 3931 3091 3984 νοῦ
3126 3932 3264 4004 πρὸς
3302 3933 3435 3988 Θεόν
3459 3953 3474 3966 ·
3503 3938 3665 4001 Διιιοίας

2088 4011 2180 4070 οὖν
2215 4016 2384 4069 δεῖται
2417 4019 2799 4083 καταστάσεως
2827 4024 2855 4074 ὁ
2879 4020 3022 4087 νοῦς,
3058 4023 3147 4077 ἴνα
3177 4026 3430 4097 ἡσυχάσῃ
3456 4030 3664 4098 ἀμετα-

2090 4109 2334 4178 στρόφως
2370 4108 2699 4180 ὲκσταθῆναι
2737 4113 2874 4182 πρὸς
2898 4112 2990 4167 τὸν
3019 4117 3213 4168 οἰκεῖον
3242 4119 3541 4188 Δεσπότην,
3572 4120 3664 4173 καὶ

2098 4197 2401 4266 συνομιλεῖν
2426 4198 2576 4268 αὑτῷ
2609 4199 2839 4269 μηδενὸς
2876 4204 3260 4270 μεσιτεύοντος
3288 4225 3302 4273 ;

2708 4372 2957 4451 ΚἘιιγΑΛ.
2989 4400 3059 4453 A'.

2168 4510 2231 4562 Et
2259 4513 2322 4580 τῇ
2372 4511 2464 4565 ἐπὶ
2492 4514 2595 4581 γῆς
2625 4511 2771 4582 βάτῳ
2803 4514 3116 4587 φλεγομένῃ
3155 4519 3516 4587 προσεγγίσαι
3546 4538 3667 4576 πει-

2099 4602 2269 4671 ράσας
2297 4602 2537 4671 Μωῦσῆς
2562 4601 2853 4669 κωλύεται,
2884 4605 3041 4676 ἄχρις
3069 4600 3130 4660 οὑ
3151 4606 3301 4662 λύσει
3324 4610 3388 4663 τὸ
3414 4612 3667 4684 ὑπόδημα

2097 4692 2204 4745 τῶν
2242 4691 2437 4757 ποδῶν,
2474 4693 2590 4756 πῶς
2610 4694 2776 4757 αὑτὸς
2799 4695 2889 4748 τὸν
2918 4696 3057 4768 ὑπὲρ
3079 4692 3273 4753 πᾶσαν
3317 4700 3527 4756 ἔννοιαν
3576 4706 3668 4759 καὶ

2098 4782 2347 4852 αἴσθησιν
2410 4782 2534 4836 ίδεῖν
2596 4784 2938 4855 βουλόμενος,
3009 4789 3103 4842 καὶ
3170 4791 3457 4861 συνόμιλος
3522 4793 3669 4865 αὑτῷ

2097 4874 2368 4942 γενέσθαι,
2396 4875 2457 4928 ού
2483 4876 2631 4939 λύεις
2668 4878 2733 4930 ἐκ
2759 4878 2854 4930 σοῦ
2886 4881 2994 4933 πᾶν
3021 4884 3199 4953 νόημα
3231 4885 3507 4953 ἐμπαθέςς

2712 5049 2958 5135 ΚΕΦΑᾹ.
3005 5078 3078 5133 Εο.

2169 5185 2440 5257 Πρότερον
2481 5185 2605 5254 περὶ
2645 5185 2859 5255 λήψεως
2905 5188 3157 5260 δακρύων
3196 5193 3498 5263 προσεύχου
3524 5235 3538 5258 ,
3587 5196 3673 5248 ἵνα

2099 5278 2187 5332 διὰ
2237 5277 2331 5331 τοῦ
2380 5278 2605 5341 πένθους
2660 5278 2905 5351 μαλάξῃς
2954 5281 3052 5352 τὴν
3099 5283 3447 5354 ὑπάρχουσαν
3500 5288 3561 5339 ὲν
3604 5292 3670 5359 τῇ

2100 5367 2247 5437 ψυχῇ
2281 5383 2376 5419 σου
2415 5368 2739 5436 ἀγριότητα,
2769 5370 2862 5421 καὶ
2896 5369 3261 5438 ἐξαγορεύσας
3286 5373 3429 5427 κατὰ
3455 5374 3549 5427 σοῦ
3576 5375 3673 5445 τὴν

2100 5459 2332 5528 ἀνομίαν
2362 5475 2456 5511 σου
2493 5458 2571 5528 τῷ
2599 5459 2811 5529 Κυρίῳ,
2846 5461 2976 5531 παρ’
3009 5460 3173 5515 αὑτοῦ
3216 5464 3463 5532 ἀφέσεως
3485 5464 3667 5536 τεύξῃ.

2316 5601 2361 5632 ⁷³
2388 5599 2528 5653 Psal.
2562 5616 2708 5665 xxxi,
2751 5601 2803 5654 5.
