4066 6146
373 409 507 475 1169

961 517 1211 572 ΚΕΦΑΛ.
1253 518 1342 582 εῖν.

439 633 699 704 Κέχρησο
771 631 884 692 τοῖς
951 628 1181 696 δάκρυσι
1227 627 1362 697 πρὸς
1407 625 1606 688 παντὸς
1652 627 1947 696 αἱτήματος

371 723 723 792 κατόρθωσιν*
740 719 858 772 λίαν
876 717 983 787 γὰρ
1002 716 1180 786 χαίρει
1201 732 1292 768 σου
1311 717 1338 768 ὁ
1351 715 1626 784 Δεσπότης
1646 717 1703 768 ἐν
1718 715 1946 786 δάκρυσι

371 811 675 884 προσευχὴν
707 807 1013 878 δεχόμενος.

973 1007 1224 1061 ΚΕΦΑΛ.
1261 1009 1336 1060 Z'.

450 1123 576 1177 Ἐὰν
611 1122 794 1192 πηγὰς
829 1119 1082 1190 δακρύων
1113 1119 1307 1192 ὲκχέῃς
1330 1122 1388 1173 ἐν
1424 1121 1492 1190 τῇ
1524 1121 1803 1190 προσευχῇ
1829 1135 1944 1182 σου,

373 1213 636 1284 μηδαμῶς
672 1213 900 1282 ὲπαίρου
943 1215 1000 1266 ὲν
1025 1214 1262 1282 σεαυτῷ,
1299 1211 1374 1274 ὡς
1411 1211 1548 1282 ὑπὲρ
1575 1211 1700 1274 τοὺς
1722 1211 1948 1274 πολλοὺς

369 1304 468 1358 ὧν·
494 1303 744 1376 βοήθειαν
779 1303 888 1376 γὰρ
919 1303 1284 1374 προσείληφεν
1313 1305 1345 1374 ή
1381 1304 1654 1372 προσευχὴ
1701 1319 1797 1356 σου
1818 1345 1832 1371 ,
1861 1303 1948 1356 ἵνα

372 1396 604 1468 δυνηθῇς
643 1395 940 1467 προθύμως
984 1394 1331 1465 ἐξαγορεύειν
1366 1413 1458 1449 σου
1494 1396 1590 1460 τὰς
1627 1396 1904 1467 ἁμαρτίας
1929 1437 1944 1460 ,

375 1489 470 1541 καὶ
513 1485 961 1557 ὲξευμενίσασθαι
991 1487 1082 1540 τὸν
1112 1486 1386 1558 Δεσπότην
1431 1485 1520 1540 διὰ
1539 1487 1647 1540 τῶν
1671 1485 1943 1556 δακρύων.

979 1621 1228 1677 ΚΕΦΑΛ.
1259 1620 1341 1676 Il'.

447 1735 538 1805 Μὴ
573 1734 666 1788 οὖν
697 1737 776 1799 εἰς
810 1735 981 1799 πάθος
1019 1735 1192 1806 τρέψῃ
1227 1736 1288 1788 τὸ
1320 1735 1428 1788 τῶν
1466 1734 1650 1789 παθῶν
1680 1733 1948 1805 ἀλέξημα,

1728 408 1825 468 DE
1855 407 2258 465 ORATIONE.

3481 401 3615 467 1170

2655 515 2882 572 CAPUT
2921 515 3006 572 Vl.

2118 619 2283 676 Utere
2327 623 2583 693 lacrymis
2629 625 2696 678 ad
2741 639 2958 679 onmem
3015 625 3328 693 petitionem
3386 628 3616 683 feliciter

2049 712 2448 782 suscipiendam
2479 729 2542 768 ac
2562 713 2938 782 perliciendum
2965 715 3292 784 :plurimum
3319 719 3460 774 enim
3485 736 3586 790 gau
3604 749 3619 757 -

2046 803 2138 857 tlet
2181 800 2446 858 Dominus
2496 812 2655 870 tuus,
2702 805 2756 859 in
2811 806 3064 877 Iacrymis
3109 809 3415 864 orationem
3465 813 3618 866 exci—

2047 908 2222 970 piens.

2637 1007 2866 1066 CAPUT
2908 1009 3018 1070 VII.

2121 1115 2379 1181 Quanms
2408 1119 2462 1172 in
2501 1129 2592 1172 tua
2633 1119 2880 1175 oratione
2913 1118 3092 1175 fontes
3131 1121 3496 1193 lacrymarum
3535 1121 3617 1176 ef-

2051 1207 2285 1272 fundas,
2336 1225 2680 1281 nequaquam
2747 1220 2924 1270 tamen
2967 1211 3248 1268 extollaris
3307 1213 3363 1267 in
3411 1213 3615 1282 teipse,
3659 1255 3673 1263 .

2049 1299 2204 1369 quasi
2246 1301 2431 1354 multis
2463 1301 2770 1370 praecellas;
2811 1304 3076 1358 auxilium
3106 1305 3250 1361 enim
3285 1313 3376 1358 tua
3417 1303 3622 1372 recepit

2050 1391 2244 1457 oratio,
2279 1402 2338 1446 ut
2378 1391 2558 1460 possis
2591 1393 2774 1446 animo
2812 1405 3060 1465 prompto
3103 1395 3348 1452 conﬁteri
3395 1403 3618 1464 peccata

2051 1489 2165 1550 tua,
2198 1481 2598 1552 Dominumque
2629 1483 2884 1555 lacrymis
2923 1486 3158 1555 placare.

2541 1615 2707 1690 nso
2727 1615 2952 1674 CAPUT
2992 1615 3123 1672 vm.

2047 1773 2054 1784 .
2123 1726 2200 1782 Ne
2229 1727 2393 1798 igitur
2423 1729 2474 1782 in
2503 1729 2810 1797 passionem
2834 1741 3143 1796 convertas,
3171 1729 3314 1800 quod
3346 1727 3412 1784 ad
3435 1724 3621 1786 delen-

378 1825 464 1878 ἵνα
504 1827 579 1896 μὴ
624 1825 786 1879 πλέον
827 1827 1166 1899 παροργίσῃς
1197 1827 1287 1880 τὸν
1315 1827 1582 1880 δεδωκότα
1614 1827 1712 1898 τὴν
1745 1828 1902 1896 χάριν
1930 1844 1944 1860 ·

2056 1817 2147 1871 das
2191 1817 2564 1887 arcendasque
2623 1820 2908 1888 passiones
2953 1819 3055 1876 fuit
3095 1819 3304 1883 datum,
3345 1833 3412 1872 ne
3447 1818 3620 1888 magis

378 1917 564 1969 πολλοὶ
621 1916 949 1986 δακρύοντες
995 1919 1136 1988 ὑπὲρ
1190 1919 1512 1988 ἁμαρτιῶν,
1563 1917 1946 1988 ἐπιλαθόμενοι

375 2026 405 2060 τ
426 2007 472 2064 οῦ
499 2008 610 2064 τῶν
639 2009 888 2080 δακρύων
915 2009 1140 2075 σκοποῦ,
1187 2009 1446 2080 μανέντες
1475 2009 1872 2080 ἐξεπλάγησαν.

975 2228 1224 2282 ΚΕΦΔΛ.
1275 2229 1353 2286 Θ⁹ο

453 2342 617 2412 Στῆθι
647 2341 919 2412 ὲμπόνως,
948 2342 1040 2393 καὶ
1065 2341 1371 2412 προσεύχου
1403 2341 1662 2407 εὐτόνως,
1691 2345 1786 2396 καὶ
1817 2344 1954 2396 ἀπο-

387 2435 618 2506 στρέφου
651 2434 747 2496 τὰς
768 2433 871 2486 τῶν
898 2434 1188 2504 φροντίδων
1213 2435 1306 2488 καὶ
1342 2433 1708 2504 διαλογισμῶν
1738 2433 1954 2488 ἐπιτεύ-

386 2525 516 2588 ξεις⁸
536 2524 858 2594 ταράττουσι
884 2523 990 2594 γὰρ
1013 2523 1102 2576 καῖ
1135 2524 1421 2595 θορυῧοῦσί
1455 2541 1534 2590 σε,
1569 2523 1654 2576 ἵνα
1684 2523 1932 2577 ἐκλύσωσ

383 2614 476 2668 τοῦ
506 2615 682 2668 τόνου.

981 2749 1230 2804 ΚΕΦΑΔ.
1275 2750 1334 2804 1'.

454 2865 628 2920 Ὅταν
667 2863 848 2916 ἴδωσιν
876 2862 927 2915 οἱ
957 2861 1210 2932 δαίμονες
1243 2860 1691 2930 προθυμούμενόν
1733 2879 1790 2916 σε
1826 2861 1954 2932 ἀλη-

386 2956 491 3018 θῶς
523 2954 942 3025 προσεύξασθαι,
977 2954 1096 3007 τότε
1128 2955 1467 3007 ὑποτίθενται
1505 2955 1750 3024 νοήματά
1794 2971 1956 3008 τινων

387 3050 728 3119 πραγμάτων
771 3047 932 3118 δῆθεν
998 3046 1353 3116 ἀναγκαίων,
1423 3046 1517 3099 καὶ
1582 3047 1724 3116 μετὰ
1779 3046 1954 3118 βραχὺ

383 3143 670 3213 ἐπαίρουσι
703 3141 802 3214 τὴν
849 3141 977 3209 περὶ
1027 3139 1204 3193 αὐτῶν
1256 3141 1494 3212 μνήμην,
1554 3139 1828 3204 κινοῦντες
1865 3139 1956 3194 τὸν

381 3236 504 3288 νοῦν
531 3235 667 3306 πρὸς
689 3235 918 3304 ζήτησιν
948 3232 1127 3286 αὐτῶν
1153 3273 1167 3296 ,
1199 3234 1292 3286 καὶ
1324 3233 1400 3297 ὡς
1429 3231 1506 3303 μὴ
1535 3233 1804 3302 εὑρίσκων
1832 3231 1960 3300 6‘96.-

384 3327 486 3396 δρα
524 3325 792 3391 λυπεῖται,
841 3328 936 3378 καὶ
959 3323 1174 3394 ἀθυμεῖ·
1211 3324 1372 3393 ἡνίκα
1397 3323 1450 3376 δὲ
1484 3326 1582 3394 στῇ
1613 3327 1692 3386 είς
1729 3339 1960 3394 προσευ-

385 3418 508 3486 χὴν,
559 3417 1068 3488 ὑπομιμνήσκουσαν
1093 3413 1254 3468 αὐτὸν
1290 3415 1397 3467 τῶν
1439 3413 1813 3485 ζητηθέντων,
1866 3413 1960 3466 καὶ

393 3507 888 3577 μνημονευθέντων,
940 3507 1024 3559 ἵνα
1065 3505 1364 3576 χαυνωθεὶς
1406 3506 1434 3557 ὁ
1475 3505 1598 3567 νοῦς
1636 3505 1772 3572 πρὸς
1807 3503 1961 3572 γνῶ-

393 3615 476 3652 σιν
508 3597 690 3654 αὐτῶν
713 3597 954 3668 ἀπολέσῃ
974 3597 1074 3668 τὴν
1107 3595 1381 3666 εὔκαρπον
1415 3597 1747 3666 προσευχήν.

990 3725 1240 3780 ΚΕΦΑΛ.
1273 3725 1375 3779 lA'.

476 3835 762 3902 Ἀγωνίζου
798 3834 995 3904 στῆσαι
1032 3835 1123 3886 τὸν
1157 3834 1281 3888 νοῦν
1320 3853 1434 3897 σου,
1478 3835 1620 3888 κατὰ
1645 3836 1736 3888 τὸν
1770 3837 1958 3906 καιρὸν

389 3929 486 3996 τῆς
513 3928 818 4000 προσευχῆς
837 3928 1039 3996 κωφὸν,
1065 3929 1158 3980 καὶ
1189 3927 1402 3990 ἄλαλον,
1429 3927 1523 3980 καὶ
1557 3927 1762 3998 δυνήσῃ
1793 3944 1959 3998 προσ-

391 4042 410 4072 ξ
425 4029 448 4077 ’Β
460 4018 669 4086 ξασθαι.

974 4127 1223 4182 ΚΕΦΑΛ.
1266 4128 1365 4180 lB'.

474 4239 664 4296 Ἥνίκα
693 4242 998 4312 ἀπαντήσει
1041 4258 1123 4294 σοι
1159 4241 1484 4312 πειρασμὸς,
1525 4243 1556 4312 ἢ
1590 4243 1888 4311 ἀντιλογία,
1923 4247 1956 4314 ἦ

394 4330 635 4402 ἑρεθίσῃ,
679 4332 712 4400 ἢ
760 4333 897 4402 πρὸς
941 4332 1038 4400 τὴν
1089 4332 1156 4384 δι’
1191 4333 1439 4396 ἐναντίας
1485 4335 1700 4404 ἄμυναν
1745 4337 1961 4406 κινῆσαι

395 4421 582 4490 θυμὸν,
611 4422 644 4490 ἢ
679 4421 837 4492 ῥῆξαι
859 4425 1042 4491 φωνήν
1065 4439 1204 4486 τινα,
1239 4425 1508 4494 μνήσθητι
1537 4427 1632 4496 τῆς
1656 4430 1961 4500 προσευχῆς

2049 1910 2116 1962 ad
2169 1908 2305 1962 iram
2360 1910 2599 1963 concites
2643 1925 2790 1977 eum,
2839 1911 2933 1980 qui
2998 1911 3092 1964 tibi
3146 1911 3374 1980 gratiam
3427 1908 3617 1963 dedit:

2050 1999 2207 2053 multi
2238 1998 2430 2055 ﬂentes
2459 2015 2558 2070 pro
2587 2002 2844 2069 peccatis,
2878 2001 3027 2055 obliti
3061 2002 3418 2070 lacrytnarntn
3446 1999 3618 2068 scopi,

2051 2090 2404 2158 insanientes,
2434 2089 2778 2146 aberrarunt.

2667 2229 2886 2286 CAPUT
2925 2229 3013 2282 IX.

2123 2340 2216 2395 Sta
2252 2357 2450 2414 magno
2483 2359 2606 2398 cum
2648 2344 2848 2409 studio,
2889 2345 3200 2414 intentoque
3236 2358 3351 2410 ora,
3381 2351 3434 2398 et
3463 2357 3620 2398 aver-

2054 2445 2176 2486 sare
2235 2447 2512 2498 curarum,
2575 2434 3077 2503 cogitationumque
3134 2433 3526 2499 obventiones;
3570 2443 3624 2488 te

2055 2537 2290 2592 namque
2317 2525 2535 2578 turbant
2565 2525 2678 2588 illa,
2706 2539 2770 2580 ac
2801 2525 3220 2589 tumultuantur,
3249 2533 3309 2578 ut
3345 2524 3512 2578 animi
3543 2523 3624 2578 tui

2057 2611 2404 2668 inﬂexibilem
2435 2614 2738 2670 dissolvant
2759 2616 3149 2670 constantiam.

2669 2727 2897 2804 CAPUT
2935 2749 3002 2802 Χ.

2127 2863 2262 2916 Cum
2295 2870 2348 2916 te
2375 2862 2649 2916 dannones
2679 2861 2915 2916 viderint
2942 2876 3068 2916 vere
3102 2869 3412 2930 promptum
3443 2875 3626 2926 orare,

2060 2966 2209 3010 tunc-
2251 2964 2546 3024 suggerunt
2593 2954 2952 3023 cogitationes
3007 2955 3370 3024 quarumdam
3420 2969 3603 3009 rerum

2057 3045 2224 3101 veluti
2251 3045 2704 3112 necessariarum,
2735 3053 2789 3099 et
2823 3044 2985 3113 paulo
3011 3053 3134 3114 post
3160 3044 3386 3100 incitant
3419 3060 3627 3100 memo-

2060 3141 2219 3206 riam,
2245 3139 2311 3195 de
2347 3140 2478 3210 ipsis
2513 3148 2795 3196 moventes
2842 3139 3194 3204 intellectum,
3237 3146 3294 3193 ut
3323 3152 3418 3192 eas
3451 3137 3630 3206 inqui-

2060 3237 2164 3297 t‘at,
2200 3230 2436 3300 dumque
2467 3231 2692 3286 minime
2731 3230 2986 3300 reperiat,
3026 3229 3113 3284 ille
3141 3229 3306 3295 dolet,
3335 3227 3629 3300 animoque

2059 3323 2391 3392 despondet;
2444 3323 2663 3393 quando
2709 3337 2838 3378 vero
2892 3329 3000 3377 Sfat
3052 3321 3120 3376 ad
3172 3321 3509 3388 orationem,
3572 3320 3630 3376 in

2061 3412 2231 3481 ipsius
2269 3421 2528 3467 revocant
2566 3413 2882 3468 memoriam
2913 3411 3159 3481 qumsita,
3206 3423 3260 3466 et
3305 3420 3628 3480 memorata,

2061 3513 2117 3558 ut
2162 3505 2464 3569 intellectus
2497 3505 2564 3558 ad
2594 3504 2960 3576 cognitionem
2995 3517 3184 3558 earum
3235 3517 3418 3558 rerum
3459 3505 3630 3561 lassa-

2061 3599 2170 3654 tus,
2203 3605 2266 3645 ac
2288 3591 2522 3656 laxatus,
2561 3591 2893 3646 fructuosam
2925 3591 3115 3660 perdat
3139 3591 3466 3659 orationem.

2665 3721 2894 3777 CAPUT
2931 3721 3024 3775 ΧΙ.

2129 3829 2340 3884 Conare
2389 3840 2448 3884 ut
2478 3873 2492 3896 ,
2545 3833 2599 3886 in
2649 3841 2890 3902 tempore
2931 3837 3212 3902 orationis,
3271 3837 3495 3892 surdum
3567 3854 3632 3892 ac

2063 3931 2272 3976 mutum
2325 3932 2475 3976 tuum
2539 3925 2702 3978 sistas
2761 3925 3126 3991 intellectum,
3182 3930 3370 3998 sicque
3426 3931 3632 3998 poteris

2061 4029 2235 4069 orare.

2553 4124 2714 4197 ἀει
2752 4125 2980 4181 CAPUT
3013 4127 3122 4184 xu.

2133 4238 2364 4304 Quando
2395 4238 2490 4293 tibi
2517 4239 2820 4294 occurrerit
2845 4243 3094 4305 tentalio,
3128 4251 3221 4296 aut
3251 4245 3630 4313 contradictio,

2063 4339 2158 4384 aut
2198 4330 2364 4386 fueris
2387 4331 2646 4394 irritatus.
2680 4341 2792 4400 aut,
2825 4333 2896 4387 ob
2925 4335 3250 4389 contrariam
3283 4351 3527 4408 causam,
3565 4341 3633 4394 ad

2066 4427 2326 4483 ultionem
2353 4442 2694 4482 commovere
2719 4427 2961 4483 animum
2991 4429 3296 4500 contigerit,
3329 4441 3422 4486 aut
3446 4433 3510 4485 ad
3534 4433 3634 4486 ali-

394 4513 488 4564 καὶ
520 4512 612 4564 τοῦ
652 4513 770 4566 κατ’
799 4513 969 4580 αὐτὴν
999 4513 1260 4582 κρίματος
1289 4531 1300 4543 ·
1337 4517 1428 4568 καὶ
1473 4517 1672 4581 εὐθέως
1713 4522 1744 4590 ἡ
1787 4521 1843 4572 ἕν
1878 4539 1953 4575 σοι

2066 4535 2229 4588 quam
2257 4533 2543 4588 erumpere
2564 4533 2774 4586 vocem,
2797 4530 3070 4576 memento
3112 4521 3375 4578 orationis
3403 4531 3454 4576 et
3489 4523 3632 4591 judi-

395 4606 621 4666 ἄτακτος
650 4603 858 4674 κίνησις
884 4605 1170 4674 ἠρεμήσει.

989 4827 1240 4880 ΚΕΦΛΛ.
1284 4828 1379 4882 Il".

466 4939 606 4994 Ὅσα
632 4940 699 4994 ἃν
728 4941 960 5012 ποιήσῃς
988 4941 1122 5010 πρὸς
1153 4940 1366 5012 ἄμυναν
1395 4942 1626 5010 ἀδελψοῦ
1651 4946 1966 5015 ἠδικηκότος

394 5047 477 5093 σε,
515 5030 730 5084 ἅπαντα
781 5035 860 5094 εἰς
897 5033 1191 5086 σκάνδαλόν
1241 5051 1320 5086 σοι
1355 5035 1643 5103 γενήσεται
1689 5037 1746 5087 ἐν
1792 5038 1966 5107 καιρῷ

395 5121 724 5192 προσευχῆς.

983 5236 1026 5286 Κ
1037 5236 1208 5287 ίέψΑᾹ
1219 5279 1232 5290 .
1277 5237 1368 5289 Li'.

469 5346 748 5415 ΙΙροσευχή
799 5347 913 5397 ἐστι
965 5349 1264 5416 πραότητος
1339 5350 1430 5400 καὶ
1492 5348 1785 5418 ἀοργησίας
1839 5353 1966 5418 βλά-

365 5495 370 5498 _
396 5452 600 5506 στημα.

979 5551 1022 5602 K
1033 5554 1200 5604 Ii‘l’.\.\
1215 5593 1225 5604 .
1273 5552 1367 5604 il-L'.

480 5660 764 5728 Ιῐροσευχή
831 5662 942 5711 ἐστι
1005 5668 1175 5731 χαραῖς
1253 5665 1341 5715 καὶ
1431 5664 1774 5732 ενῗιλοιριπῑῖας
1837 5666 1965 5731 73w?-

393 5749 598 5818 ελτιια.
1575 5773 1586 5782 -

2070 4612 2162 4675 cii,
2186 4611 2337 4682 quod
2369 4611 2436 4666 de
2463 4612 2580 4682 ipsa
2605 4611 2686 4676 ﬁt,
2717 4623 2771 4668 et
2798 4613 3000 4678 statim,
3033 4629 3154 4684 quae
3180 4615 3302 4670 inte
3347 4613 3510 4670 fuerit
3547 4615 3634 4668 in-

2071 4703 2368 4772 composita
2403 4704 2722 4772 commotio,
2751 4705 3047 4760 sedabitur.

2618 4805 2628 4817 ’
2662 4837 2890 4906 CAPUT
2919 4837 3056 4892 xm.

2139 4949 2415 5018 Quotquot
2441 4950 2636 5006 feceris
2672 4953 2739 5006 ad
2765 4952 3061 5006 vindictam
3098 4949 3301 5012 fratris,
3341 4951 3432 5018 qui
3465 4958 3516 5004 te
3547 4950 3635 5005 of-

2069 5041 2318 5104 fenderit,
2349 5043 2400 5095 in
2437 5051 2676 5111 tempore
2713 5042 3011 5105 orationis,
3052 5044 3365 5098 scandalum
3408 5045 3500 5098 tibi
3547 5046 3628 5114 gi-

2069 5139 2252 5200 gnent,
2287 5139 2340 5185 et
2369 5131 2774 5186 oll'endiculum.

2671 5239 2899 5296 CAPUT
2922 5240 3059 5294 XIV.

2139 5353 2322 5408 Oratio
2349 5373 2565 5424 germen
2593 5367 2674 5410 cst
2703 5355 3130 5410 mansuetudinis
3159 5365 3214 5408 et
3245 5355 3579 5410 lenitudinis.

2635 5553 2859 5609 CAPUT
2893 5553 3005 5606 XV.

2139 5666 2320 5718 Oratio
2367 5676 2450 5718 est
2491 5669 2668 5736 gaudii
2724 5671 3124 5738 grutiarumqnc
3157 5667 3384 5720 actionis
3443 5666 3638 5734 produ-

2073 5771 2196 5809 Cll".
