4066 6146
471 360 602 439 1111

1047 478 1275 534 CAPUT
1307 477 1447 533 XVI.

538 593 723 648 Oratio
769 599 852 649 est
911 589 1172 645 adversus
1233 589 1507 647 tristitiam
1562 587 1840 657 animique
1888 586 2038 655 deje-

466 688 700 755 (tionem
735 681 1050 741 amuletum.

1046 792 1271 851 CAPUT
1304 792 1465 849 XVII.

538 909 738 964 Abiens
772 910 946 963 vende
971 907 1332 963 substantiam
1370 914 1541 970 tuam,
1576 913 1629 959 et
1670 905 1739 959 da
1789 902 2041 972 pauperi-

470 1002 573 1056 hus
600 1001 666 1066 ",
695 1000 1077 1070 accipiensque
1105 1015 1343 1061 crucem,
1373 998 1579 1067 abnega
1611 995 2036 1066 temetipsum",

472 1100 531 1150 ιιι
556 1090 735 1161 possis
764 1090 972 1159 absque
1005 1088 1111 1143 ulla
1143 1087 1495 1143 distractione
1521 1100 1703 1140 orare.
1818 1102 1824 1108 '

925 1198 1089 1272 532
1132 1197 1360 1254 CAPUT
1398 1197 1581 1253 XVIII.

544 1312 604 1368 Si
637 1312 771 1368 velis
801 1312 1145 1389 laudabiliter
1178 1325 1357 1392 orare,
1409 1327 1625 1380 quaque
1656 1312 1790 1366 hora
1836 1310 2041 1381 abnega

470 1404 835 1474 temetipsum,
864 1418 928 1458 ac
956 1403 1401 1490 philosophorum
1437 1418 1606 1482 more,
1639 1400 1814 1475 stude,
1858 1402 2044 1475 sisque

471 1508 768 1566 occupatus
798 1498 852 1550 in
884 1495 1169 1566 permultis
1189 1511 1288 1565 pro
1313 1496 1558 1551 oratione
1585 1494 1969 1565 perpetiendis.

1060 1608 1282 1664 CAPUT
1310 1608 1455 1663 XIX.

547 1725 604 1779 Si
636 1725 1018 1794 philophorum
1046 1739 1197 1778 more
1224 1724 1379 1777 dabis
1413 1738 1633 1791 operam
1674 1722 1915 1791 cuipiam
1962 1721 2040 1776 rei

1958 322 2021 426 s‘.
2058 364 2221 429 NILI

2066 485 2115 539 Α

3113 453 3121 462 ι
3576 366 3715 433 1172

2717 480 2967 534 ΚΕΦΑΛ.
3008 482 3130 548 Iq'.

2211 590 2494 662 Προσευχή
2523 592 2640 644 ἐστι
2671 592 2849 663 λύπης
2910 594 3004 647 καὶ
3038 593 3278 666 ἀθυμίας
3305 596 3573 668 ἀλέξημα.

2730 795 2983 849 ΚΕΦΑΛ.
3020 797 3117 850 ΙΖ’.

2222 904 2497 958 Ἀπελθὼν
2541 905 2790 977 πώλησόν
2839 925 2930 961 σου
2983 910 3051 963 τὰ
3090 910 3437 982 ὑπάρχοντα,
3486 917 3582 969 καὶ
3625 917 3715 982 δὸς

2141 999 2396 1066 πτωχοῖς,
2433 999 2526 1050 καὶ
2551 998 2728 1052 λαϐὼν
2756 1000 2846 1053 τὸν
2872 1001 3122 1071 σταυρὸν,
3156 1004 3470 1074 ἀπάρνησαι
3500 1008 3710 1075 ἑαυτὸν,

2142 1089 2228 1141 ἵνα
2260 1089 2494 1160 δυνηθῇς
2525 1091 2951 1161 ἀπερισπάστως
2982 1092 3399 1164 προσεύχεσθαι.

2737 1203 2987 1257 ΚΕΦΑΛ.
3027 1204 3131 1256 IH'.

2211 1309 2275 1362 EI
2302 1308 2479 1378 βούλει
2501 1310 2800 1387 ὲπαινετῶς
2826 1311 3242 1384 προσεύχεσθαι,
3266 1314 3498 1387 ἄρνησαι
3524 1318 3714 1374 ἑαυτὸν

2142 1395 2267 1449 καθ’
2286 1396 2456 1466 ὥραν,
2491 1399 2585 1450 καὶ
2615 1399 2877 1475 πάμπολα
2905 1400 3052 1479 δεινὰ
3080 1402 3342 1472 πάμπολα
3375 1404 3515 1477 ὑπὲρ
3542 1423 3712 1478 προσ-

2142 1488 2308 1560 ευχῆς
2337 1489 2635 1558 φιλοσόφει.

2729 1600 2982 1662 ΚΕΦΑΛ.
3019 1602 3119 1663 ΙΘ’.

2216 1715 2395 1781 Ὅπερ
2440 1715 2506 1769 ἂν
2550 1717 2784 1785 χαλεπὸν
2831 1719 3122 1789 ὑπομένων
3166 1721 3556 1794 φιλοσοφήσῃς,
3590 1723 3717 1776 τούς

473 1818 625 1871 dum
651 1817 961 1881 tolerandae,
991 1816 1110 1885 ejus
1140 1816 1375 1870 fructum
1408 1826 1647 1885 tempore
1672 1815 1936 1894 orationis
1960 1816 2043 1869 in-

2142 1822 2237 1858 του
2265 1805 2357 1858 τὸν
2384 1806 2598 1876 καρπὸν
2625 1806 2767 1860 κατὰ
2794 1808 2886 1861 τὸν
2916 1810 3105 1880 καιρὸν
3133 1811 3233 1880 τῆς
3277 1812 3585 1887 προσευχῆς
3619 1813 3716 1867 εὑ-

474 1905 680 1960 venies.

494 1984 497 1985 ί
1073 2014 1302 2069 CAPUT
1330 2012 1451 2067 XX.

546 2129 601 2183 Si
627 2143 783 2183 orare
812 2128 998 2198 cupias
1028 2138 1086 2182 ut
1108 2128 1280 2192 decet,
1312 2144 1379 2181 ne
1423 2127 1642 2182 tristitia
1686 2128 1923 2183 animam
1957 2126 2040 2183 af-

475 2222 649 2293 ﬂigas,
685 2224 926 2293 alioquin
953 2223 1006 2276 in
1040 2238 1234 2276 vanum
1270 2222 1468 2277 curris.

1048 2334 1279 2390 CAPUT
1328 2334 1465 2389 XXI.

546 2449 768 2526 Dimitte
828 2448 1049 2524 (inquit)
1106 2464 1309 2503 munus
1364 2461 1512 2502 tuum
1567 2457 1693 2525 ante
1753 2450 1938 2514 altare,
1991 2456 2044 2503 et

475 2544 689 2606 abiens,
710 2543 864 2610 prius
890 2541 1248 2596 reconciliare
1272 2539 1420 2593 fratri
1441 2551 1555 2606 tuo,
1572 2550 1625 2593 et
1651 2549 1777 2595 tunc
1794 2540 2038 2603 veniens,

479 2618 691 2702 absque
735 2633 1147 2701 perturbatione
1184 2633 1367 2687 orabis
1397 2634 1482 2697 7‘;
1541 2648 1664 2686 nam
1720 2632 2041 2699 injuriarutn

476 2724 743 2779 memoria
777 2723 1009 2779 oﬂ‘uscat
1034 2723 1241 2776 orantis
1261 2724 1558 2777 ductricem
1588 2722 1876 2786 rationem,
1904 2721 2045 2790 ejus-

476 2832 584 2889 que
614 2815 954 2871 orationibus
994 2814 1244 2869 tenebras
1268 2812 1519 2869 offundit.

1033 2923 1262 2983 CAPUT
1311 2924 1476 2985 XXII.

545 3037 647 3105 Qui
705 3038 954 3094 tristitias
984 3054 1047 3110 ac
1080 3040 1340 3095 vindictas
1379 3054 1447 3093 ex
1495 3038 1815 3108 injuriarum
1861 3051 2042 3093 recor-

477 3131 700 3183 datione
739 3131 839 3183 sibi
871 3130 1004 3201 ipsis
1031 3140 1377 3197 coacervant,
1397 3137 1451 3185 et
1475 3131 1727 3184 videntur
1752 3145 1931 3193 orare,
1967 3114 2041 3184 si-
2067 3148 2115 3212 ο

477 3219 633 3280 miles
663 3229 795 3272 sunt
827 3221 933 3285 lus,
965 3221 1057 3288 qui
1089 3221 1346 3275 hauriunt
1390 3233 1579 3289 aquas,
1633 3219 1797 3288 inque
1837 3219 2043 3275 dolium
2077 3217 2086 3227 '

480 3316 761 3377 pertusum
792 3302 1112 3379 'projiciunt.

1009 3425 1234 3483 CAPUT
1273 3429 1512 3507 XXXIII.

549 3511 605 3567 Si
636 3513 850 3581 patiens
882 3516 1229 3599 fueris,.cum
1254 3522 1454 3592 gaudio
1484 3539 1700 3594 semper
1727 3525 1929 3601 orabis.

907 3708 1069 3784 533
1117 3710 1344 3769 CAPUT
1370 3712 1558 3769 XXIV.

539 3825 728 3881 Oranti
755 3826 870 3889 tibi,
901 3836 961 3882 ut
987 3829 1159 3893 decet,
1201 3828 1578 3898 hujuscemodi
1604 3846 1691 3886 res
1717 3843 2036 3901 occurrent;

468 3918 610 3986 quod
644 3916 899 3975 nimirum
935 3918 1182 3972 videatur
1222 3919 1336 3985 tibi,
1393 3920 1605 3989 justum
1646 3938 1766 3979 esse
1817 3911 2039 3980 omnino

468 4012 747 4086 iracundia
779 4012 879 4077 uti,
910 4022 1280 4068 verumtamen
1303 4014 1560 4070 adversus
1591 4017 1899 4084 proximum
1927 4032 2035 4073 non

467 4102 613 4171 iusta
651 4110 733 4158 est
757 4103 972 4171 penitus
995 4104 1295 4168 iracundia,
1332 4120 1492 4171 nam,
1519 4105 1564 4159 si
1593 4107 1878 4175 perquiras
1916 4108 2039 4162 dili-

470 4202 676 4263 genter,
710 4193 955 4265 invenies
984 4195 1126 4263 quod
1158 4195 1415 4263 possibile
1443 4205 1527 4250 est
1550 4207 1603 4249 et
1623 4198 1739 4251 sine
1768 4199 1845 4251 ira
1882 4213 2040 4266 nego-

470 4285 603 4338 tium
651 4284 789 4340 bene
838 4286 1092 4355 componi
1125 4303 1139 4339 :
1172 4295 1330 4341 utere
1377 4287 1561 4356 itaque
1607 4288 1758 4341 omni
1796 4288 2037 4345 adhibito

467 4375 670 4447 studio,
709 4393 777 4455 ne
808 4392 1131 4447 prorumpas
1154 4377 1208 4431 in
1242 4378 1405 4432 iram.

1041 4489 1268 4546 CAPUT
1329 4490 1491 4545 XXV.

538 4605 681 4660 Cave
731 4619 819 4669 ne,
848 4603 976 4657 dum
1017 4611 1176 4672 putas
1216 4601 1442 4656 alterum
1482 4617 1694 4668 curare,
1739 4604 1853 4674 ipse
1888 4603 2040 4659 insa-

465 4697 664 4751 nabilis
707 4711 948 4761 maneas,
1005 4703 1219 4765 tuaeque
1269 4696 1500 4761 orationi
1540 4697 1780 4766 praebeas
1814 4696 2039 4766 impedi-

468 4798 731 4844 mentum.

1063 4904 1289 4974 CAPUT
1321 4904 1510 4959 XXVI.

538 5019 594 5074 Si
639 5021 913 5075 abstineas
955 5020 1024 5075 ab
1064 5021 1167 5083 ira,
1224 5021 1442 5074 modum
1471 5020 1729 5089 parcendi
1769 5020 2032 5079 invenies.

466 5118 626 5180 teque
659 5114 833 5181 ipsum
867 5114 1185 5182 prudentem
1236 5113 1636 5167 demonstrabis
1665 5114 1732 5167 ad
1767 5114 1851 5178 id,
1893 5113 2036 5183 quod

465 5214 674 5274 Spectat
707 5208 771 5261 ad
827 5210 903 5261 tui
957 5208 1438 5271 existimationem,
1488 5206 1697 5275 riteque
1741 5208 1849 5261 eris
1896 5207 2037 5260 inter

466 5307 707 5353 οτεειεεε.

1014 5407 1240 5469 CAPUT
1257 5454 1263 5465 ι
1278 5407 1488 5462 XXVII.

530 5521 583 5570 Si
618 5519 879 5573 adversus
910 5522 1043 5573 iram
1068 5522 1145 5577 sis
1166 5530 1436 5585 armatus,
1473 5536 1753 5590 nunquam
1794 5521 2033 5577 sustine-

463 5603 545 5656 bis
584 5607 1110 5676 concupiscentiam;
1136 5612 1249 5681 ipsa
1282 5613 1425 5667 enim
1453 5621 1555 5679 est,
1590 5628 1714 5682 qua:
1751 5614 2028 5668 materiam

2145 1896 2355 1966 ρήσιις.

2731 2012 2982 2064 ΚΕΦΑΛ.
3020 2013 3104 2065 K'.

2224 2122 2537 2193 Ἐπιθυμῶν
2568 2123 2967 2193 προσεύξασθαι
2996 2124 3071 2189 ὡς
3098 2126 3196 2191 δεῖ,
3230 2126 3306 2198 μὴ
3335 2126 3581 2203 λυπήσῃς
3607 2129 3713 2200 ψυ-

2138 2215 2263 2287 χὴν,
2285 2217 2332 2269 εἰ
2355 2216 2410 2269 δὲ
2439 2216 2604 2287 μήγε,
2639 2217 2716 2279 εἰς
2749 2217 2926 2286 μάτην
2948 2217 3181 2287 τρέχεις.

2722 2327 2973 2381 ΚΕΦΑΛ.
3020 2329 3149 2383 KA'.

2213 2441 2384 2509 ’Λφες
2419 2457 2511 2493 σου
2539 2439 2598 2493 τὸ
2627 2440 2820 2510 δῶρον,
2852 2442 3037 2510 φησὶν.
3067 2442 3375 2512 ἔμπροσθεν
3407 2440 3500 2496 τοῦ
3529 2444 3714 2498 θυσια-

2142 2533 2388 2603 στηρίου,
2417 2534 2509 2585 καὶ
2536 2532 2787 2585 ἀπελθὼν
2823 2533 3085 2604 πρότερον
3113 2535 3430 2605 διαλλάγηθι
3456 2536 3532 2606 τῷ
3560 2537 3714 2590 ἀδελ-

2141 2623 2225 2693 φῷ
2258 2640 2373 2688 σου,
2401 2624 2495 2676 καὶ
2514 2624 2635 2675 τότε
2667 2622 2938 2696 προσεύξῃ
2971 2625 3281 2694 ἀταράχως·
3316 2628 3347 2695 ἡ
3376 2627 3484 2697 γὰρ
3519 2647 3712 2698 μνησι-

2141 2716 2308 2768 κακία
2349 2716 2595 2784 ἀμαυροῖ
2623 2715 2686 2767 τὸ
2729 2715 3057 2784 ἡγεμονικὸν
3103 2716 3198 2767 τοῦ
3251 2719 3713 2788 προσευχομένου,

2143 2806 2235 2863 καὶ
2266 2804 2506 2870 σκοτίζει
2531 2805 2720 2857 τούτου
2746 2803 2844 2867 τὰς
2873 2805 3204 2875 προσευχάς.

2723 2923 2970 2976 ΚΕΦΑΛ.
3014 2923 3143 2976 ΚΒ¹.

2212 3035 2274 3086 Οἱ
2315 3031 2490 3096 λύπας
2545 3031 2639 3086 καὶ
2685 3032 3049 3102 μνησικακίας
3098 3034 3311 3096 ἑαυτοῖς
3358 3032 3709 3103 σωρεύοντες,

2143 3123 2237 3175 καὶ
2262 3121 2661 3194 προσεύχεσθαι
2698 3121 3002 3186 δοκοῦντες,
3047 3123 3222 3192 ὅμοιοί
3256 3125 3364 3176 εἰσι
3405 3125 3516 3186 τοῖς
3567 3121 3712 3190 ὕδωρ

2147 3213 2420 3278 ἀντλοῦσι,
2450 3213 2545 3267 καὶ
2576 3215 2656 3277 εἰς
2682 3213 3016 3285 τετρημένον
3045 3213 3199 3267 πίθον
3235 3212 3540 3284 βάλλουσιν.

2718 3414 2969 3470 ΚΕΦΑΛ.
2990 3416 3138 3470 -Kl"'.

2226 3524 2350 3579 Ἐὰν
2393 3527 2790 3605 ὑπομονηεικδς
2834 3526 2931 3604 ᾗς,
2975 3530 3063 3582 ἀεὶ
3113 3527 3251 3600 μετὰ
3309 3529 3486 3599 χαρᾶς
3540 3543 3710 3597 προσ-

2143 3615 2295 3687 εύξῃ.

2706 3722 2956 3775 ΚΕΦΑΛ.
2999 3721 3124 3776 ΚΔ’.

2205 3834 2648 3908 Προσευχομένου
2685 3853 2777 3889 σου
2805 3836 3055 3899 δεόντως,
3086 3834 3316 3889 τοιαῦτά
3355 3851 3437 3887 σοι
3468 3836 3707 3906 ἀπαντή-

2137 3945 2218 3982 σει
2265 3928 2587 3999 πράγματα,
2622 3927 2708 3979 ἵνα
2746 3926 2905 4000 δόξῃς
2948 3927 3157 3980 δίκαιον
3199 3922 3341 3979 εἶναι
3373 3926 3588 3989 πάντως
3629 3926 3706 3997 τῷ

2136 4019 2291 4090 θυμῷ
2319 4019 2625 4090 χρήσασθαι
2653 4036 2665 4049 ⁸
2717 4020 2816 4071 οὐκ
2857 4019 2971 4071 ἐστι
3013 4019 3069 4070 δὲ
3116 4018 3322 4081 δίκαιος
3363 4019 3533 4088 θυμὸς
3570 4020 3707 4070 κατὰ

2134 4111 2228 4165 τοῦ
2259 4112 2428 4172 πέλας
2471 4112 2530 4164 τὸ
2564 4110 2803 4164 σύνολονο
2840 4111 2935 4163 ἐὰν
2982 4111 3089 4181 γὰρ
3135 4110 3399 4182 ζητήσῃς,
3437 4112 3705 4180 εὑρήσεις.

2135 4205 2218 4256 ὅτι
2261 4205 2505 4268 δυνατὸν,
2555 4206 2649 4256 καὶ
2693 4205 2815 4273 δίχα
2861 4202 3033 4272 θυμοῦ
3069 4201 3249 4264 καλῶς
3288 4202 3600 4270 διατεθῆναι
3646 4200 3708 4253 τὸ

2135 4293 2397 4362 πρᾶγμαο
2431 4291 2582 4363 πάσῃ
2606 4291 2697 4344 οὖν
2730 4294 2942 4362 μηχανῇ
2975 4291 3175 4360 χρῆσαι
3205 4290 3341 4360 πρὸς
3365 4291 3424 4343 τὸ
3453 4290 3527 4360 μὴ
3551 4291 3706 4360 ῥῆξαι

2136 4382 2326 4451 θυμόν.

2722 4506 2975 4561 ΚΕΦΑΛ.
3015 4506 3145 4560 KE'.

2214 4626 2356 4695 Ὅρα
2385 4624 2460 4694 μὴ
2495 4622 2664 4676 δοκῶν
2698 4620 2883 4692 ἓτερον
2921 4619 3122 4679 ἰᾶσθαι,
3150 4616 3309 4680 αὐτὸς
3337 4617 3553 4677 ἀνίατος
3590 4614 3707 4684 ἔσῃ,

2142 4718 2237 4770 καὶ
2272 4715 2377 4787 δῷς
2409 4713 2649 4785 ἐκκοπὴν
2681 4714 2749 4783 τῇ
2783 4713 3058 4782 προσευχῇ
3103 4726 3219 4763 σου.

2701 4911 2952 4965 ΚΕΦΔΛ.
2993 4908 3138 4975 KC’.

2210 5027 2530 5096 Φειδόμενος
2564 5022 2759 5091 θυμοῦ,
2806 5020 2972 5091 φειδὼ
3004 5022 3275 5090 εὑρήσεις,
3309 5017 3406 5071 καὶ
3448 5017 3711 5086 φρόνιμον

2139 5121 2331 5174 ἑαυτὸν
2364 5117 2659 5182 ἀναδείξεις
2708 5115 2843 5185 πρὸς
2875 5113 2938 5166 τὸ
2970 5114 3049 5175 εἰς
3093 5112 3284 5180 οἴησιν,
3342 5109 3436 5161 καὶ
3479 5109 3538 5160 ὲν
3596 5107 3711 5168 τοῖς

2142 5212 2597 5283 προσευχομένοις
2639 5209 2759 5281 ἔσῃ.

2718 5408 2966 5459 ΚΕΦΛΑ.
3008 5406 3133 5459 KZ'.

2211 5520 2367 5574 Κατὰ
2411 5520 2584 5592 θυμοῦ
2628 5519 3016 5589 ὁπλιζὸμενος,
3063 5517 3356 5587 ἐπιθυμίας
3402 5515 3503 5568 οὐκ
3545 5511 3709 5583 ἀνέξῃ

2140 5612 2272 5670 ποτέ
2306 5629 2318 5642 ·
2348 5612 2488 5682 αὕτη
2529 5611 2639 5682 γὰρ
2693 5611 2823 5676 ὕλας
2866 5611 3050 5664 δίδωσι
3091 5610 3169 5679 τῷ
3218 5607 3397 5678 θυμῷ,
3438 5608 3531 5660 καὶ
3555 5599 3710 5667 οὗτος

532 5772 580 5803 τι
613 5772 803 5826 Matth.
835 5792 943 5840 XIX,
984 5780 1047 5833 9i
1080 5799 1093 5844 ;
1135 5783 1300 5839 Marc.
1334 5802 1387 5850 Χ,
1414 5785 1506 5843 2L
1582 5788 1627 5823 "
1652 5787 1841 5845 Matth.
1874 5804 1984 5857 XVI,
2029 5788 2045 5843 ε

2164 5788 2296 5845 Luc.
2350 5804 2427 5856 Ix,
2631 5787 2676 5819 ⁷⁸
2706 5787 2895 5843 Matth.
2932 5804 2986 5850 ν,
3013 5787 3103 5840 25.
