4066 6146
409 373 544 440 12⁷73

1770 375 1868 436 DE
1890 367 2299 433 ORATIONE.

3524 357 3654 414 1176

407 493 660 562 ταράττει
719 493 808 547 τὸν
856 495 1038 565 νοερὸν
1085 494 1399 566 ὀφθαλμὸν,
1445 496 1842 567 λυμαινόμενος
1891 492 2020 562 τὴνη

2127 484 2474 542 ubministrat
2519 483 2631 545 iraa,
2660 490 2712 537 et
2737 480 2827 534 illa
2883 477 3101 534 oculum
3130 475 3404 546 perturbat
3447 472 3662 527 intelle—

407 583 740 636 κατάστασιν
773 585 870 652 τῆς
902 588 1228 657 προσευχῆς.

986 719 1236 772 ΚΕΦΑΛ.
1276 719 1412 772 κη’.
1448 745 1464 760 -

481 833 573 902 Μὴ
599 832 657 883 ἐν
690 831 870 899 μόνοις
895 832 1006 892 τοῖς
1034 831 1190 893 ἐκτὸς
1226 831 1466 900 σχήμασι
1499 827 1990 900 προσεύχουνάλλά

2084 577 2318 634 ctualem
2346 573 2746 644 corrumpendo
2785 581 2986 626 statum
3041 567 3321 622 orationis.

2615 702 2845 760 CAPUT
2894 699 3130 756 XXVIII.

2160 821 2237 876 Ne
2265 821 2396 876 solis
2421 819 2661 874 externis
2687 816 2927 887 gestibus
2947 829 3092 877 ores,
3125 811 3219 867 sed
3248 799 3482 864 mentem
3518 817 3662 862 tuam

410 922 578 992 τρέπε
627 921 720 972 τὸν
767 918 891 972 νοῦν
934 936 1029 973 σου
1075 922 1158 984 εἰς
1205 920 1556 992 συναίσθησιν
1609 919 1991 988 πνευματικῆς

2127 922 2240 968 erte
2266 922 2324 968 ut
2353 913 2426 967 sit
2449 909 2671 967 conscia
2702 907 3002 978 Spiritualis
3045 901 3308 960 orationis
3339 914 3461 956 cum
3495 897 3667 954 multo

413 1010 722 1082 προσευχῆς
756 1011 892 1081 μετὰ
922 1011 1119 1065 πολλοῦ
1161 1011 1351 1080 φόϐου.

1003 1144 1256 1201 ΚΕΦΑΛ.
1300 1144 1432 1200 ΚΘ’.

487 1259 625 1312 Ποτὲ
651 1259 748 1328 μὲν
771 1257 983 1328 ἁθρόως
1011 1231 1142 1320 στάς
1165 1259 1245 1320 εἰς
1271 1255 1580 1325 προσευχὴν
1606 1256 1667 1308 οὐ
1695 1252 1993 1324 προσεύξῃ,

2095 1007 2312 1060 timore.

2529 1131 2695 1204 484
2729 1127 2959 1184 CAPUT
3000 1124 3190 1180 XXIX.

2169 1250 2438 1304 Interdum
2503 1245 2721 1314 quidem
2766 1239 3051 1296 confestim
3100 1235 3336 1292 orationi
3390 1233 3667 1294 insistens,

423 1350 552 1404 ποτὲ
582 1349 638 1402 δὲ
670 1349 791 1402 λίαν
821 1350 1080 1419 πονήσας,
1109 1347 1208 1400 οὐκ
1238 1345 1497 1416 ἐπιτεύξῃ
1530 1344 1623 1397 τοῦ
1655 1342 1884 1406 σκοποῦ,
1910 1343 1998 1396 ἵνα

2127 1356 2234 1396 lene
2268 1339 2608 1410 precaberis;
2653 1333 2980 1414 quandoque
3039 1343 3194 1392 vero,
3229 1341 3353 1382 cum
3391 1324 3482 1379 diu
3528 1321 3672 1376 mul-

425 1439 504 1492 ἔτι
552 1437 752 1505 μᾶλλον
796 1412 1056 1508 ζητήσας,
1098 1436 1192 1490 καὶ
1243 1434 1442 1499 λαϐὼν,
1472 1412 1637 1499 Πέξεις
1685 1433 1884 1488 ἄσυλον
1937 1433 1998 1486 τὸ

2127 1446 2327 1502 umque
2354 1427 2709 1490 laboraret-is,
2733 1412 2956 1495 scopum
2988 1437 3095 1476 non
3119 1417 3450 1488 assequeris,
3485 1423 3544 1468 ut
3573 1412 3672 1468 ad-

426 1529 782 1600 κατόρθωμα.

1025 1830 1274 1884 ΚΕΦᾹΛ.
1316 1830 1393 1883 Λ’.

514 1943 863 2008 Ἑπιστάντος
904 1943 1137 2013 ἀγγέλου
1181 1940 1377 2012 ἁθρόον
1405 1941 1641 2000 ἅπαντες
1682 1936 2005 2004 ἀφίστανται

433 2034 480 2087 οἱ
511 2034 852 2104 ἐνοχλοῦντες
883 2036 1035 2104 ἡμῖν,
1073 2035 1167 2087 καὶ
1195 2032 1507 2105 εὑρίσκεται
1535 2032 1563 2084 ὁ
1595 2027 1719 2091 νοῦς
1749 2029 1806 2079 ἐν
1837 2025 2006 2096 πολλῇ

432 2123 638 2188 ἀνέσει,
673 2123 843 2192 ὑγιῶς
878 2123 1343 2195 προσευχόμενος·
1385 2121 1514 2174 ποτὲ
1540 2119 1597 2172 δὲ
1619 2115 1717 2170 τοῦ
1745 2115 2010 2185 συνήθους

435 2215 669 2286 πολέμου
696 2218 827 2286 ἡμῖν
857 2217 1232 2286 ἐπικειμένου,
1279 2212 1542 2267 πυκτεύει
1582 2213 1610 2264 ὁ
1641 2209 1784 2272 νοῦς,
1825 2208 1918 2261 καὶ
1945 2207 2008 2260 οὐ

435 2311 794 2378 συγχωρεῖται
823 2307 1137 2374 ἀνανεῦσαι,
1172 2306 1584 2378 προπεποίωται
1613 2302 1722 2372 γὰρ
1751 2302 1864 2362 τοῖς
1892 2315 2011 2352 ποι·

439 2396 604 2461 κιλοις
635 2397 883 2464 πάθεσιν,
914 2400 1062 2470 ὅμως
1091 2399 1183 2452 ἐπὶ
1216 2397 1376 2451 πλέον
1422 2393 1601 2466 ζητῶν
1632 2393 1876 2463 εὑρήσει,
1917 2393 2010 2443 καὶ

443 2488 689 2558 κρούοντι
721 2488 870 2560 αὐτῷ
899 2490 1152 2556 εὐτόνως,
1186 2489 1560 2560 ἀνοιγήσεται.

1013 2709 1266 2762 ΚΕΦΛΛ.
1305 2703 1430 2760 AA'.

511 2818 601 2889 Μὴ
625 2818 927 2892 προσεύχου
956 2819 1024 2873 τὰ
1053 2819 1121 2872 σά
1145 2819 1424 2888 θελήματα
1451 2815 1722 2885 γενέσθαυ
1755 2813 1877 2868 οὐδὲ
1909 2812 2015 2883 γὰρ

444 2909 660 2971 πάντως
695 2907 1050 2979 συμφωνοῦσι
1101 2907 1180 2978 τῷ
1231 2908 1496 2976 θελήματι
1547 2904 1640 2958 τοῦ
1682 2902 1838 2968 Θεοῦ,
1883 2902 2017 2956 ἀλλὰ

448 2999 649 3066 μᾶλλον
691 2999 872 3062 καθὼς
912 2999 1214 3068 ἐδιδάχθης,
1259 2997 1555 3068 προσεύχου
1601 2995 1804 3061 λέγων·
1855 2993 2018 3062 Γενη-

446 3087 593 3158 θήτω
624 3087 686 3140 τὸ
719 3087 932 3158 θέλημά
979 3104 1074 3140 σου
1128 3089 1187 3140 ὲν
1238 3087 1359 3157 ἐμοί
1387 3103 1400 3116 ·
1453 3087 1546 3138 καὶ
1601 3086 1691 3137 ἐπὶ
1749 3081 1910 3136 παντῆ¹
1960 3082 2017 3134 δὲ

2102 1524 2209 1575 ltuc
2243 1534 2366 1573 eum
2401 1517 2574 1586 magis
2620 1514 2888 1583 requiras,
2933 1525 3166 1577 cumque
3209 1507 3378 1562 fueris
3425 1504 3672 1572 adeptus,

2105 1609 2306 1663 habeas
2333 1617 2540 1663 rectum
2569 1619 2706 1676 Opus
2737 1620 2766 1658 a
2804 1603 2996 1673 przedae
3041 1598 3283 1670 periculo
3321 1599 3562 1652 immune
3612 1605 3678 1666 ac

2107 1711 2310 1755 tutum.

2693 1828 2918 1888 CAPUT
2963 1825 3132 1882 XXX.

2179 1946 2443 2002 Adetante
2490 1944 2682 2014 angelo
2711 1940 2998 1996 discedunt
3036 1937 3325 1992 confestim
3350 1947 3559 1998 omnes,
3586 1931 3682 2000 qui

2111 2039 2269 2093 nobis
2305 2037 2536 2092 aﬁ‘erunt
2587 2033 3056 2104 impedimentum,
3112 2042 3374 2095 mensque
3418 2023 3684 2092 reperitur

2111 2129 2164 2182 in
2195 2128 2364 2182 multa
2401 2126 2590 2196 requie
2619 2139 2750 2179 sane
2789 2136 2981 2186 orans;
3009 2120 3276 2174 interdum
3312 2131 3461 2180 vero,
3493 2130 3684 2184 super-

2113 2219 2360 2274 veniente
2383 2217 2538 2271 nobis
2564 2223 2824 2271 consueto
2867 2213 3032 2276 bello,
3069 2225 3225 2264 mens
3282 2207 3479 2278 pugilis
3511 2205 3686 2260 instar

2113 2315 2338 2378 pugnat,
2386 2321 2486 2360 nec
2536 2303 2864 2375 permittitur
2899 2315 3117 2357 sursum
3171 2305 3333 2367 caput
3379 2293 3681 2361 reﬂectere,

2114 2399 2267 2452 vanis
2317 2396 2517 2466 quippe
2568 2395 2798 2450 amcitur
2855 2391 3248 2464 passionibus;
3301 2397 3576 2453 attamen,
3637 2385 3686 2441 si

2113 2489 2273 2542 etiam
2307 2497 2470 2558 atque
2489 2487 2652 2541 etiant
2681 2495 2906 2556 quaerat,
2935 2482 3193 2547 inveniet,
3227 2481 3538 2548 intenteque
3583 2475 3688 2546 ipsi

2115 2579 2354 2650 pulsanti
2378 2579 2651 2650 aperietur
2682 2578 2750 2630 ".

2584 2706 2588 2714 ’
2658 2707 2888 2765 CAPUT
2922 2706 3118 2762 XXXI.

2186 2823 2266 2882 Ne
2321 2840 2468 2890 ores,
2515 2831 2638 2878 tuas
2681 2821 2865 2892 perfici
2905 2821 3230 2883 voluntates,
3269 2833 3370 2872 nec
3407 2817 3550 2872 enim
3597 2814 3692 2870 Dei
3737 2845 3742 2851 -

2117 2915 2380 2970 voluntati
2408 2921 2534 2969 sunt
2554 2914 2776 2968 omnino
2802 2927 3076 2976 consona,
3119 2911 3212 2966 sed
3247 2910 3425 2978 potius
3469 2923 3586 2972 ora,
3633 2915 3696 2963 ut

2119 3005 2377 3067 didicisti,
2402 3005 2588 3059 dicens
2619 3022 2633 3056 :
2659 3001 2778 3057 Fiat
2807 3002 3056 3057 voluntas
3085 3011 3174 3054 tua
3204 3000 3255 3054 in
3280 3015 3366 3054 me
3389 2999 3434 3030 ⁷⁸
3459 3016 3472 3063 ;
3499 2999 3690 3068 sicque

2124 3093 2178 3146 in
2211 3093 2359 3147 omni
2394 3107 2454 3146 re
2499 3093 2569 3147 ab
2611 3092 2729 3161 ipso
2779 3098 2921 3160 pete,
2957 3097 3018 3142 ut
3046 3087 3140 3142 ﬁat
3188 3087 3360 3156 ipsius
3406 3086 3690 3154 voluntas;

446 3179 734 3249 πράγματι
767 3177 940 3244 οὕτως
981 3181 1145 3233 αὑτὸν
1195 3180 1334 3232 αἴτει
1371 3178 1432 3231 τὸ
1477 3175 1704 3243 ἀγαθὸν,
1752 3174 1846 3226 καὶ
1879 3189 2018 3244 συμ-

2127 3183 2240 3236 vult
2265 3182 2407 3236 enim
2425 3181 2567 3252 quod
2589 3158 2800 3250 bonum
2833 3187 2936 3244 est,
2967 3179 3222 3248 quodque
3252 3177 3446 3231 animae
3463 3175 3692 3231 confert.

450 3269 618 3340 φέρον
648 3273 713 3340 τῇ
749 3269 916 3340 ψυχῇ,
953 3271 1018 3324 σὺ
1055 3269 1110 3323 δὲ
1141 3271 1202 3323 οὐ
1237 3270 1451 3331 πάντως
1475 3266 1634 3320 τοῦτο
1665 3266 1870 3334 ζητεῖς.

1029 3405 1072 3456 Κ
1085 3404 1276 3456 ΕΦΑΛ.
1316 3401 1437 3456 AB’.

525 3515 786 3579 Πολλάκις
813 3515 1240 3588 προσευχόμενος
1271 3515 1557 3588 ᾐτησάμην
1591 3513 1848 3583 γενέσθαι
1877 3529 1968 3583 μοι
1996 3511 2024 3565 ὃ

457 3603 611 3671 ἔδοξα
641 3605 801 3658 καλὸν
847 3600 984 3659 εἶναί
1031 3625 1140 3678 μοι,
1188 3607 1280 3660 καὶ
1325 3604 1588 3676 ἐπέμενον
1619 3603 1696 3674 τῷ
1739 3603 2020 3672 αἰτήματι,

459 3695 669 3762 ἀλόγως
725 3697 1042 3768 βιαζόμενος
1089 3697 1148 3751 τὸ
1201 3697 1412 3767 θέλημα
1461 3695 1554 3750 τοῦ
1599 3694 1757 3758 Θεοῦ,
1811 3695 1904 3748 καὶ
1951 3694 2024 3763 μὴ

457 3787 738 3850 ἀποδιδοὺς
769 3789 936 3856 αὐτῷ.
981 3789 1068 3842 ἵνα
1107 3788 1136 3841 ὃ
1177 3785 1286 3841 οἶδε
1320 3788 1598 3858 συμφέρον
1631 3785 1791 3848 αὐτὸς
1828 3783 2026 3852 μᾶλλον

456 3879 805 3950 οἰκονομήσῃ,
861 3879 956 3931 καὶ
1008 3879 1188 3948 μέντοι
1237 3877 1437 3942 λαϐὼν,
1487 3875 1712 3944 ὕστερον
1757 3871 2028 3942 ἠχθέσθην

457 3963 598 4032 λίαν,
648 3967 781 4020 διότι
835 3967 1032 4037 μᾶλλον
1085 3969 1146 4020 τὸ
1197 3967 1440 4037 βούλημα
1487 3963 1682 4018 ἑαυτοῦ
1737 3961 2028 4034 ᾐτησάμην

458 4057 732 4126 γενέσθαι·
761 4059 820 4110 οῦ
853 4057 962 4130 γὰρ
991 4057 1230 4110 τοιοῦτον
1259 4074 1348 4128 μοι
1374 4057 1651 4126 ἀπήντησε
1678 4053 1736 4108 τὸ
1773 4053 2026 4122 πρᾶγμα,

459 4145 571 4204 οἷον
596 4149 862 4221 ἐνόμιζον.

1042 4290 1290 4342 ΚΕΦΑΛ.
1333 4287 1450 4341 AI".

532 4395 598 4450 Τί
625 4395 750 4452 ἄλλο
791 4399 1014 4466 ἀγαθὸν,
1059 4399 1236 4475 ἀλλ’
1276 4399 1445 4466 Θεός;
1485 4399 1693 4452 Οὐκοῦν
1725 4395 1870 4466 αὐτῷ
1900 4397 2036 4448 ἀπο-

2127 3272 2208 3328 Tu
2236 3288 2364 3328 vero
2395 3288 2500 3328 non
2535 3273 2640 3326 hoc
2667 3271 2890 3326 omnino
2917 3270 3180 3340 exquiris.

2683 3403 2910 3462 CAPUT
2943 3403 3164 3459 XXXII.

2199 3518 2367 3588 Saepe,
2399 3519 2526 3574 dum
2563 3533 2800 3584 orarem,
2837 3517 2991 3588 petii,
3026 3515 3158 3570 mihi
3189 3513 3330 3576 Iieri,
3381 3513 3522 3582 quod
3559 3511 3702 3566 arbi-

2133 3619 2308 3664 tratus
2339 3624 2458 3664 sum
2487 3609 2691 3664 bonum
2723 3609 2856 3663 mihi
2902 3610 3039 3672 fore,
3079 3609 3244 3678 inque
3275 3607 3534 3677 petitione
3567 3604 3704 3659 irra-

2135 3701 2463 3755 tionabiliter
2501 3701 2913 3770 perseverabam
2946 3699 3131 3770 485,
3167 3699 3258 3752 Dei
3289 3714 3488 3770 cogens
3516 3699 3705 3752 volun-

2135 3801 2318 3854 tatem,
2353 3807 2452 3847 nec
2478 3793 2581 3862 ipsi
2607 3795 2926 3857 concedens,
2949 3803 3008 3844 ut
3029 3791 3172 3858 quod
3198 3791 3284 3844 ille
3307 3791 3544 3844 futurum
3577 3792 3706 3844 utile

2135 3882 2368 3948 noverit,
2397 3882 2771 3952 dispensaret;
2813 3894 2868 3938 et
2914 3882 3306 3951 qttidem.cunt
3359 3881 3703 3948 recepissem,

2138 3983 2412 4044 postremo
2434 3975 2596 4029 nimis
2633 3975 2870 4045 graviter
2899 3975 3019 4038 tuli,
3049 3989 3116 4030 eo
3143 3975 3286 4042 quod
3315 3987 3488 4028 meam
3526 3972 3706 4040 potius

2138 4065 2471 4120 voluntatem
2510 4066 2626 4120 ﬁeri
2659 4067 2968 4136 petiissem;
2994 4081 3093 4121 nec
3123 4065 3268 4120 enim
3296 4079 3382 4118 res
3421 4064 3552 4117 mihi
3584 4064 3706 4118 talis

2052 4223 2055 4226 η
2138 4157 2337 4226 evenit,
2377 4158 2592 4229 qualem
2627 4158 3026 4214 existimabam.

2667 4289 2896 4347 CAPUT
2932 4289 3170 4347 XXXIII.

2217 4403 2354 4470 Quid
2382 4403 2528 4459 aliud
2557 4403 2791 4467 bonum,
2837 4404 2940 4458 nisi
2973 4403 3155 4459 Deus?
3184 4403 3345 4474 igitur
3367 4401 3414 4456 ei
3464 4399 3710 4455 remitta-

464 4485 644 4558 δῶμεν
675 4491 851 4544 πάντα
883 4492 950 4544 τὰ
995 4491 1116 4544 καθ’
1165 4493 1332 4561 ἡμᾶς,
1381 4493 1475 4544 καὶ
1524 4490 1582 4544 εὖ
1627 4493 1758 4562 ἡμῖν
1802 4489 2020 4542 ἔσταιοὲ

2145 4510 2284 4560 mus,
2318 4510 2438 4566 qua:
2453 4494 2517 4548 ad
2543 4508 2640 4548 nos
2661 4495 2933 4564 pertinent
2950 4495 3153 4560 omnia,
3172 4504 3226 4550 et
3249 4493 3384 4548 bene
3407 4491 3560 4547 nobis
3578 4492 3709 4556 erit;

467 4581 575 4651 γὰρ
623 4581 828 4650 ἀγαθὸς
873 4583 1118 4647 πάντως,
1177 4583 1274 4641 καὶ
1326 4583 1548 4652 ἀγαθῶν
1599 4585 1715 4636 ἐστι
1768 4579 2041 4651 παροχεῦς

467 4671 707 4745 δωρεῶν.

1053 4811 1298 4866 ΚΕΦΑᾹ.
1341 4812 1458 4865 AA'.

539 4941 632 5014 Μὴ
663 4943 738 5006 ὡς
764 4947 821 4996 ὲν
845 4945 1070 5016 δυνάμει
1099 4945 1480 5016 κομιζόμενος,
1511 4944 1712 5007 εὐθέως
1742 4944 1804 4996 τὸ
1833 4943 2042 5010 αἴτημα

474 5029 670 5100 ζήτει·
735 5035 985 5105 βούλεται
1053 5039 1160 5108 γάρ
1215 5054 1274 5089 σε
1331 5035 1424 5089 ἐπὶ
1476 5035 1637 5087 πλέον
1687 5032 2044 5106 εὐεργετῆσαι

2143 4587 2258 4655 ipse
2285 4587 2428 4639 enim
2476 4585 2701 4640 omnino
2727 4587 2903 4642 bonus
2933 4595 3036 4650 est,
3075 4586 3452 4655 bonorumque
3491 4582 3714 4651 largitor

2145 4679 2440 4732 donorum.
3589 4673 3595 4680 ’

2669 4809 2896 4864 CAPUT
2947 4807 3188 4862 XXXIV.

2219 4942 2296 4997 Ne
2316 4952 2571 5013 tanquam
2591 4945 2643 4998 in
2668 4954 2932 5012 potestate
2953 4943 3248 5012 procedens
3263 4941 3570 5011 petitionem
3588 4932 3719 4992 con-

2157 5033 2335 5088 testim
2367 5035 2656 5104 exquiras;
2697 5036 2812 5089 vult
2837 5035 2980 5089 enim
3024 5035 3118 5089 tibi
3153 5035 3442 5104 plurimum
3475 5032 3720 5085 conferre

476 5124 991 5196 προσκαρτεροῦντα
1047 5127 1196 5195 αὐτῷ
1246 5129 1305 5178 ἐν
1355 5129 1420 5198 τῇ
1470 5129 1788 5200 προσευχῇ*
1836 5125 1890 5176 τί
1937 5124 2020 5194 γὰι

2147 5124 2463 5179 beneficium
2487 5125 2850 5195 perseveranti
2873 5126 2925 5179 in
2947 5127 3227 5190 oratione;
3255 5123 3384 5194 quid
3423 5121 3564 5176 enim
3592 5124 3722 5175 sub-

475 5214 744 5288 ἀνώτερον
773 5219 866 5270 τοῦ
896 5217 971 5288 τῷ
1001 5218 1120 5288 Θεῷ
1147 5219 1513 5288 προσομιλεῖν,
1545 5218 1634 5270 καὶ
1661 5219 1726 5286 τῇ
1759 5215 1866 5284 πρὸ
1888 5215 2015 5268 αὐτὸ

2147 5215 2350 5282 limius,
2403 5233 2566 5286 quam
2599 5216 2764 5272 Deum
2797 5217 3020 5287 alloqui,
3081 5225 3134 5271 et
3161 5215 3330 5286 ipsius
3361 5214 3714 5269 circumtralti

477 5310 734 5380 συν)υσίᾳ
755 5311 1157 5379 περισπᾶσθαις

1059 5447 1308 5499 ΚΕΦΑᾹ.
1351 5447 1470 5498 AI'I'.

551 5577 832 5644 Προσευχὴ
867 5579 1012 5629 ἐστιν
1039 5579 1303 5639 ἀνάϐασις
1333 5577 1425 5628 νοῦ
1460 5577 1594 5645 πρὸς
1628 5576 1778 5628 θεόν.

564 5750 608 5780 ⁷⁷
641 5754 945 5818 Ilattlmtt,
976 5755 1048 5818 7;
1085 5756 1210 5811 Luc.
1247 5771 1321 5818 ιι,
1353 5752 1409 5807 ΩΙ
1480 5755 1524 5784 ⁷⁸
1553 5755 1739 5810 Matth.
1781 5770 1852 5818 vt,
1893 5753 1972 5805 I0.

2150 5309 2584 5364 consuetudine?

2679 5437 2908 5492 CAPUT
2947 5434 3158 5490 XXXV.

2228 5571 2412 5624 Oratio
2447 5583 2526 5624 cst
2581 5587 2840 5627 ascensus
2869 5573 3063 5626 mentis
3094 5573 3156 5625 ad
3185 5571 3370 5625 Deum.
