  <div class='ocr_page' id='page_1' title='image "/cluster/home/n/w/nwhite01/storage/ocr_20150623/79/mdp.39015051890492/615.png"; bbox 0 0 4066 6146; ppageno 0'>
   <div class='ocr_carea' id='block_1_1' title="bbox 464 342 599 409">
    <p class='ocr_par' dir='ltr' id='par_1_1' title="bbox 464 342 599 409">
     <span class='ocr_line' id='line_1_1' title="bbox 464 342 599 409; baseline 0.022 -3"><span class='ocrx_word' id='word_1_1' title='bbox 464 342 599 409; x_wconf 80' lang='grc'><strong>1175</strong></span> 
     </span>
    </p>
   </div>
   <div class='ocr_carea' id='block_1_2' title="bbox 1001 454 1504 512">
    <p class='ocr_par' dir='ltr' id='par_1_2' title="bbox 1001 454 1504 512">
     <span class='ocr_line' id='line_1_2' title="bbox 1001 454 1504 512; baseline -0.006 0"><span class='ocrx_word' id='word_1_2' title='bbox 1001 455 1228 512; x_wconf 83' lang='lat' dir='ltr'><strong>CAPUT</strong></span> <span class='ocrx_word' id='word_1_3' title='bbox 1269 454 1504 511; x_wconf 78' lang='lat' dir='ltr'><strong>XXXVI.</strong></span> 
     </span>
    </p>
   </div>
   <div class='ocr_carea' id='block_1_3' title="bbox 530 564 2048 645">
    <p class='ocr_par' dir='ltr' id='par_1_3' title="bbox 530 564 2048 645">
     <span class='ocr_line' id='line_1_3' title="bbox 530 564 2048 645; baseline -0.001 -18"><span class='ocrx_word' id='word_1_4' title='bbox 530 572 586 627; x_wconf 85' lang='lat' dir='ltr'><strong>Si</strong></span> <span class='ocrx_word' id='word_1_5' title='bbox 619 585 776 627; x_wconf 85' lang='lat' dir='ltr'><strong>orare</strong></span> <span class='ocrx_word' id='word_1_6' title='bbox 807 571 1014 640; x_wconf 88' lang='lat' dir='ltr'><strong>cupias,</strong></span> <span class='ocrx_word' id='word_1_7' title='bbox 1045 569 1299 626; x_wconf 86' lang='lat' dir='ltr'><strong>omnibus</strong></span> <span class='ocrx_word' id='word_1_8' title='bbox 1337 578 1613 636; x_wconf 74' lang='lat' dir='ltr'><strong>renuntia,</strong></span> <span class='ocrx_word' id='word_1_9' title='bbox 1650 564 1915 645; x_wconf 40' lang='lat' dir='ltr'><strong>ut&#39;omnia</strong></span> <span class='ocrx_word' id='word_1_10' title='bbox 1956 578 2048 631; x_wconf 81' lang='lat' dir='ltr'><strong>tibi</strong></span> 
     </span>
    </p>
   </div>
   <div class='ocr_carea' id='block_1_4' title="bbox 457 661 1166 729">
    <p class='ocr_par' dir='ltr' id='par_1_4' title="bbox 457 661 1166 729">
     <span class='ocr_line' id='line_1_4' title="bbox 457 661 1166 729; baseline -0.007 -9"><span class='ocrx_word' id='word_1_11' title='bbox 457 666 650 720; x_wconf 72' lang='lat' dir='ltr'><strong>cedant</strong></span> <span class='ocrx_word' id='word_1_12' title='bbox 684 663 737 729; x_wconf 85' lang='lat' dir='ltr'><strong>in</strong></span> <span class='ocrx_word' id='word_1_13' title='bbox 773 661 1166 715; x_wconf 73' lang='lat' dir='ltr'><strong>hau-editatem.</strong></span> 
     </span>
    </p>
   </div>
   <div class='ocr_carea' id='block_1_5' title="bbox 961 772 1493 829">
    <p class='ocr_par' dir='ltr' id='par_1_5' title="bbox 961 772 1493 829">
     <span class='ocr_line' id='line_1_5' title="bbox 961 772 1493 829; baseline 0.002 -1"><span class='ocrx_word' id='word_1_14' title='bbox 961 772 1190 828; x_wconf 80' lang='lat' dir='ltr'><strong>CAPUT</strong></span> <span class='ocrx_word' id='word_1_15' title='bbox 1226 772 1493 829; x_wconf 81' lang='lat' dir='ltr'><strong>XXXVII.</strong></span> 
     </span>
    </p>
   </div>
   <div class='ocr_carea' id='block_1_6' title="bbox 524 888 2042 961">
    <p class='ocr_par' dir='ltr' id='par_1_6' title="bbox 524 888 2042 961">
     <span class='ocr_line' id='line_1_6' title="bbox 524 888 2042 961; baseline -0.004 -14"><span class='ocrx_word' id='word_1_16' title='bbox 524 891 631 947; x_wconf 84' lang='lat' dir='ltr'><strong>Ora</strong></span> <span class='ocrx_word' id='word_1_17' title='bbox 660 890 838 961; x_wconf 83' lang='lat' dir='ltr'><strong>primo</strong></span> <span class='ocrx_word' id='word_1_18' title='bbox 876 897 933 944; x_wconf 90' lang='lat' dir='ltr'><strong>ut</strong></span> <span class='ocrx_word' id='word_1_19' title='bbox 969 890 1215 959; x_wconf 82' lang='lat' dir='ltr'><strong>purgeris</strong></span> <span class='ocrx_word' id='word_1_20' title='bbox 1235 905 1265 944; x_wconf 88' lang='lat' dir='ltr'><strong>a</strong></span> <span class='ocrx_word' id='word_1_21' title='bbox 1294 890 1665 960; x_wconf 88' lang='lat' dir='ltr'><strong>passionibus,</strong></span> <span class='ocrx_word' id='word_1_22' title='bbox 1698 897 1753 943; x_wconf 90' lang='lat' dir='ltr'><strong>et</strong></span> <span class='ocrx_word' id='word_1_23' title='bbox 1778 888 2042 944; x_wconf 81' lang='lat' dir='ltr'><strong>secundo.</strong></span> 
     </span>
    </p>
   </div>
   <div class='ocr_carea' id='block_1_7' title="bbox 1956 346 2223 425">
    <p class='ocr_par' dir='ltr' id='par_1_7' title="bbox 1956 346 2223 425">
     <span class='ocr_line' id='line_1_7' title="bbox 1956 346 2223 425; baseline -0.03 -11"><span class='ocrx_word' id='word_1_24' title='bbox 1956 347 2021 425; x_wconf 0' lang='lat' dir='ltr'><strong>sp.</strong></span> <span class='ocrx_word' id='word_1_25' title='bbox 2059 346 2223 408; x_wconf 90' lang='lat' dir='ltr'><strong>NILI</strong></span> 
     </span>
    </p>
   </div>
   <div class='ocr_carea' id='block_1_8' title="bbox 2075 467 2125 529">
    <p class='ocr_par' dir='ltr' id='par_1_8' title="bbox 2075 467 2125 529">
     <span class='ocr_line' id='line_1_8' title="bbox 2075 467 2125 529; baseline 0 -8"><span class='ocrx_word' id='word_1_26' title='bbox 2075 467 2125 529; x_wconf 76' lang='grc' dir='ltr'><strong>ᾼ</strong></span> 
     </span>
    </p>
   </div>
   <div class='ocr_carea' id='block_1_9' title="bbox 3591 339 3729 401">
    <p class='ocr_par' dir='ltr' id='par_1_9' title="bbox 3591 339 3729 401">
     <span class='ocr_line' id='line_1_9' title="bbox 3591 339 3729 401; baseline 0.007 -1"><span class='ocrx_word' id='word_1_27' title='bbox 3591 339 3729 401; x_wconf 75' lang='grc' dir='ltr'><strong>ῙΙἸθ</strong></span> 
     </span>
    </p>
   </div>
   <div class='ocr_carea' id='block_1_10' title="bbox 2731 466 3157 534">
    <p class='ocr_par' dir='ltr' id='par_1_10' title="bbox 2731 466 3157 534">
     <span class='ocr_line' id='line_1_10' title="bbox 2731 466 3157 534; baseline 0.007 -16"><span class='ocrx_word' id='word_1_28' title='bbox 2731 466 2981 533; x_wconf 66' lang='grc' dir='ltr'><strong>ΚΞΦΑΑ.</strong></span> <span class='ocrx_word' id='word_1_29' title='bbox 3020 469 3157 534; x_wconf 70' lang='lat' dir='ltr'><strong>AC7.</strong></span> 
     </span>
    </p>
   </div>
   <div class='ocr_carea' id='block_1_11' title="bbox 2223 574 3735 655">
    <p class='ocr_par' dir='ltr' id='par_1_11' title="bbox 2223 574 3735 655">
     <span class='ocr_line' id='line_1_11' title="bbox 2223 574 3735 655; baseline 0.008 -28"><span class='ocrx_word' id='word_1_30' title='bbox 2223 576 2284 627; x_wconf 80' lang='lat' dir='ltr'><strong>El</strong></span> <span class='ocrx_word' id='word_1_31' title='bbox 2315 577 2711 647; x_wconf 75' lang='grc' dir='ltr'><strong>προσεύξασθαι</strong></span> <span class='ocrx_word' id='word_1_32' title='bbox 2740 579 2944 645; x_wconf 82' lang='grc' dir='ltr'>ποθεῖς,</span> <span class='ocrx_word' id='word_1_33' title='bbox 2976 581 3242 655; x_wconf 74' lang='grc' dir='ltr'>ἀποταξαι</span> <span class='ocrx_word' id='word_1_34' title='bbox 3274 580 3387 644; x_wconf 76' lang='grc' dir='ltr'>τοῖς</span> <span class='ocrx_word' id='word_1_35' title='bbox 3428 574 3735 642; x_wconf 72' lang='grc' dir='ltr'>σύμπασιι.</span> 
     </span>
    </p>
   </div>
   <div class='ocr_carea' id='block_1_12' title="bbox 2154 667 2946 751">
    <p class='ocr_par' dir='ltr' id='par_1_12' title="bbox 2154 667 2946 751">
     <span class='ocr_line' id='line_1_12' title="bbox 2154 667 2946 751; baseline 0.009 -32"><span class='ocrx_word' id='word_1_36' title='bbox 2154 667 2240 743; x_wconf 63' lang='grc' dir='ltr'><strong>ἵνα</strong></span> <span class='ocrx_word' id='word_1_37' title='bbox 2271 668 2332 720; x_wconf 86' lang='grc' dir='ltr'><strong>τὸ</strong></span> <span class='ocrx_word' id='word_1_38' title='bbox 2365 672 2495 732; x_wconf 62' lang='grc' dir='ltr'>πᾶν.</span> <span class='ocrx_word' id='word_1_39' title='bbox 2508 671 2946 751; x_wconf 75' lang='grc' dir='ltr'>κληρονομήσῃς.</span> 
     </span>
    </p>
   </div>
   <div class='ocr_carea' id='block_1_13' title="bbox 2722 784 3131 842">
    <p class='ocr_par' dir='ltr' id='par_1_13' title="bbox 2722 784 3131 842">
     <span class='ocr_line' id='line_1_13' title="bbox 2722 784 3131 842; baseline 0.015 -6"><span class='ocrx_word' id='word_1_40' title='bbox 2722 786 2973 839; x_wconf 82' lang='grc' dir='ltr'><strong>ΚΕΦΑΛ.</strong></span> <span class='ocrx_word' id='word_1_41' title='bbox 3013 784 3131 842; x_wconf 81' lang='grc' dir='ltr'><strong>ΛΖ’.</strong></span> 
     </span>
    </p>
   </div>
   <div class='ocr_carea' id='block_1_14' title="bbox 2219 894 3727 968">
    <p class='ocr_par' dir='ltr' id='par_1_14' title="bbox 2219 894 3727 968">
     <span class='ocr_line' id='line_1_14' title="bbox 2219 894 3727 968; baseline 0.002 -22"><span class='ocrx_word' id='word_1_42' title='bbox 2219 894 2529 964; x_wconf 88' lang='grc' dir='ltr'>Προσεύχου</span> <span class='ocrx_word' id='word_1_43' title='bbox 2579 895 2846 965; x_wconf 88' lang='grc' dir='ltr'>πρότερον</span> <span class='ocrx_word' id='word_1_44' title='bbox 2898 896 3027 967; x_wconf 77' lang='grc' dir='ltr'>περὶ</span> <span class='ocrx_word' id='word_1_45' title='bbox 3071 896 3163 950; x_wconf 83' lang='grc' dir='ltr'>τοῦ</span> <span class='ocrx_word' id='word_1_46' title='bbox 3217 897 3557 968; x_wconf 80' lang='grc' dir='ltr'>καθαρθῆναι</span> <span class='ocrx_word' id='word_1_47' title='bbox 3611 899 3727 953; x_wconf 81' lang='grc' dir='ltr'>τῶν</span> 
     </span>
    </p>
   </div>
   <div class='ocr_carea' id='block_1_15' title="bbox 458 982 2025 1058">
    <p class='ocr_par' dir='ltr' id='par_1_15' title="bbox 458 982 2025 1051">
     <span class='ocr_line' id='line_1_15' title="bbox 458 982 2025 1051; baseline -0.003 -12"><span class='ocrx_word' id='word_1_48' title='bbox 458 994 518 1040; x_wconf 91' lang='lat' dir='ltr'><strong>ut</strong></span> <span class='ocrx_word' id='word_1_49' title='bbox 541 984 754 1040; x_wconf 84' lang='lat' dir='ltr'><strong>cruaris</strong></span> <span class='ocrx_word' id='word_1_50' title='bbox 778 983 846 1037; x_wconf 90' lang='lat' dir='ltr'><strong>ab</strong></span> <span class='ocrx_word' id='word_1_51' title='bbox 875 984 1203 1051; x_wconf 75' lang='lat' dir='ltr'><strong>ignorantia.</strong></span> <span class='ocrx_word' id='word_1_52' title='bbox 1231 991 1286 1037; x_wconf 86' lang='lat' dir='ltr'><strong>et</strong></span> <span class='ocrx_word' id='word_1_53' title='bbox 1316 982 1497 1048; x_wconf 85' lang='lat' dir='ltr'><strong>tertio,</strong></span> <span class='ocrx_word' id='word_1_54' title='bbox 1545 992 1603 1036; x_wconf 92' lang='lat' dir='ltr'><strong>ut</strong></span> <span class='ocrx_word' id='word_1_55' title='bbox 1643 983 1712 1037; x_wconf 91' lang='lat' dir='ltr'><strong>ab</strong></span> <span class='ocrx_word' id='word_1_56' title='bbox 1745 982 1894 1037; x_wconf 91' lang='lat' dir='ltr'><strong>omni</strong></span> <span class='ocrx_word' id='word_1_57' title='bbox 1922 988 2025 1035; x_wconf 83' lang='lat' dir='ltr'><strong>ten-</strong></span> 
     </span>
    </p>
   </div>
   <div class='ocr_carea' id='block_1_16' title="bbox 2136 982 3725 1058">
    <p class='ocr_par' dir='ltr' id='par_1_16' title="bbox 2147 985 3725 1058">
     <span class='ocr_line' id='line_1_16' title="bbox 2147 985 3725 1058; baseline 0.002 -20"><span class='ocrx_word' id='word_1_58' title='bbox 2147 985 2357 1048; x_wconf 86' lang='grc' dir='ltr'>παθῶν,</span> <span class='ocrx_word' id='word_1_59' title='bbox 2408 987 2502 1038; x_wconf 79' lang='grc' dir='ltr'>καὶ</span> <span class='ocrx_word' id='word_1_60' title='bbox 2546 985 2798 1056; x_wconf 86' lang='grc' dir='ltr'>δεύτερον</span> <span class='ocrx_word' id='word_1_61' title='bbox 2843 988 2971 1057; x_wconf 74' lang='grc' dir='ltr'>περὶ</span> <span class='ocrx_word' id='word_1_62' title='bbox 3017 986 3109 1039; x_wconf 82' lang='grc' dir='ltr'>τοῦ</span> <span class='ocrx_word' id='word_1_63' title='bbox 3163 987 3424 1058; x_wconf 74' lang='grc' dir='ltr'><strong>ῥωσθῆναι</strong></span> <span class='ocrx_word' id='word_1_64' title='bbox 3468 988 3576 1040; x_wconf 80' lang='grc' dir='ltr'>ἀπὸ</span> <span class='ocrx_word' id='word_1_65' title='bbox 3623 989 3725 1058; x_wconf 72' lang='grc' dir='ltr'>τῆς</span> 
     </span>
    </p>
   </div>
   <div class='ocr_carea' id='block_1_17' title="bbox 454 1074 1534 1146">
    <p class='ocr_par' dir='ltr' id='par_1_17' title="bbox 454 1074 1534 1146">
     <span class='ocr_line' id='line_1_17' title="bbox 454 1074 1534 1146; baseline -0.005 -14"><span class='ocrx_word' id='word_1_66' title='bbox 454 1077 660 1132; x_wconf 86' lang='lat' dir='ltr'><strong>tatione</strong></span> <span class='ocrx_word' id='word_1_67' title='bbox 686 1084 850 1146; x_wconf 85' lang='lat' dir='ltr'><strong>atque</strong></span> <span class='ocrx_word' id='word_1_68' title='bbox 874 1074 1223 1130; x_wconf 86' lang='lat' dir='ltr'><strong>derelictione</strong></span> <span class='ocrx_word' id='word_1_69' title='bbox 1247 1074 1534 1142; x_wconf 81' lang='lat' dir='ltr'><strong>libcreris.‘_</strong></span> 
     </span>
    </p>
   </div>
   <div class='ocr_carea' id='block_1_18' title="bbox 854 1274 1607 1348">
    <p class='ocr_par' dir='ltr' id='par_1_18' title="bbox 854 1274 1607 1348">
     <span class='ocr_line' id='line_1_18' title="bbox 854 1274 1607 1348; baseline 0 -19"><span class='ocrx_word' id='word_1_70' title='bbox 854 1275 1021 1348; x_wconf 61' lang='lat'><strong>433</strong></span> <span class='ocrx_word' id='word_1_71' title='bbox 1047 1274 1275 1331; x_wconf 78' lang='lat' dir='ltr'><strong>CAPUT</strong></span> <span class='ocrx_word' id='word_1_72' title='bbox 1313 1274 1607 1329; x_wconf 81' lang='lat' dir='ltr'><strong>xxxvm.</strong></span> 
     </span>
    </p>
   </div>
   <div class='ocr_carea' id='block_1_19' title="bbox 529 1388 2036 1465">
    <p class='ocr_par' dir='ltr' id='par_1_19' title="bbox 529 1388 2036 1465">
     <span class='ocr_line' id='line_1_19' title="bbox 529 1388 2036 1465; baseline -0.001 -20"><span class='ocrx_word' id='word_1_73' title='bbox 529 1393 585 1446; x_wconf 90' lang='lat' dir='ltr'><strong>In</strong></span> <span class='ocrx_word' id='word_1_74' title='bbox 622 1391 870 1447; x_wconf 83' lang='lat' dir='ltr'><strong>oratione</strong></span> <span class='ocrx_word' id='word_1_75' title='bbox 919 1398 1011 1443; x_wconf 92' lang='lat' dir='ltr'><strong>tua</strong></span> <span class='ocrx_word' id='word_1_76' title='bbox 1050 1390 1226 1465; x_wconf 74' lang='lat' dir='ltr'><strong>solam</strong></span> <span class='ocrx_word' id='word_1_77' title='bbox 1280 1391 1498 1459; x_wconf 86' lang='lat' dir='ltr'><strong>require</strong></span> <span class='ocrx_word' id='word_1_78' title='bbox 1524 1388 1791 1457; x_wconf 75' lang='lat' dir='ltr'><strong>justitiam</strong></span> <span class='ocrx_word' id='word_1_79' title='bbox 1816 1431 1831 1455; x_wconf 92' lang='lat'><strong>,</strong></span> <span class='ocrx_word' id='word_1_80' title='bbox 1865 1397 1919 1444; x_wconf 85' lang='lat' dir='ltr'><strong>et</strong></span> <span class='ocrx_word' id='word_1_81' title='bbox 1948 1405 2036 1444; x_wconf 89' lang='lat' dir='ltr'><strong>re-</strong></span> 
     </span>
    </p>
   </div>
   <div class='ocr_carea' id='block_1_20' title="bbox 461 1479 2036 1559">
    <p class='ocr_par' dir='ltr' id='par_1_20' title="bbox 461 1479 2036 1559">
     <span class='ocr_line' id='line_1_20' title="bbox 461 1479 2036 1559; baseline -0.002 -22"><span class='ocrx_word' id='word_1_82' title='bbox 461 1499 655 1559; x_wconf 74' lang='lat' dir='ltr'><strong>gnum,</strong></span> <span class='ocrx_word' id='word_1_83' title='bbox 692 1482 743 1535; x_wconf 87' lang='lat' dir='ltr'><strong>id</strong></span> <span class='ocrx_word' id='word_1_84' title='bbox 776 1492 860 1536; x_wconf 89' lang='lat' dir='ltr'><strong>est</strong></span> <span class='ocrx_word' id='word_1_85' title='bbox 897 1479 1149 1533; x_wconf 77' lang='lat' dir='ltr'><strong>virtutem</strong></span> <span class='ocrx_word' id='word_1_86' title='bbox 1173 1519 1187 1540; x_wconf 96' lang='lat'><strong>,</strong></span> <span class='ocrx_word' id='word_1_87' title='bbox 1228 1491 1280 1534; x_wconf 91' lang='lat' dir='ltr'><strong>et</strong></span> <span class='ocrx_word' id='word_1_88' title='bbox 1318 1479 1705 1551; x_wconf 80' lang='lat' dir='ltr'><strong>cognitionem,</strong></span> <span class='ocrx_word' id='word_1_89' title='bbox 1749 1487 1803 1533; x_wconf 88' lang='lat' dir='ltr'><strong>et</strong></span> <span class='ocrx_word' id='word_1_90' title='bbox 1839 1488 2036 1536; x_wconf 66' lang='lat' dir='ltr'><strong>caetera</strong></span> 
     </span>
    </p>
   </div>
   <div class='ocr_carea' id='block_1_21' title="bbox 457 1571 1148 1639">
    <p class='ocr_par' dir='ltr' id='par_1_21' title="bbox 457 1571 1148 1639">
     <span class='ocr_line' id='line_1_21' title="bbox 457 1571 1148 1639; baseline -0.007 -9"><span class='ocrx_word' id='word_1_91' title='bbox 457 1574 640 1631; x_wconf 87' lang='lat' dir='ltr'><strong>omnia</strong></span> <span class='ocrx_word' id='word_1_92' title='bbox 675 1572 769 1626; x_wconf 88' lang='lat' dir='ltr'><strong>tibi</strong></span> <span class='ocrx_word' id='word_1_93' title='bbox 800 1571 1148 1639; x_wconf 84' lang='lat' dir='ltr'><strong>adjicieutur.</strong></span> 
     </span>
    </p>
   </div>
   <div class='ocr_carea' id='block_1_22' title="bbox 995 1687 1496 1744">
    <p class='ocr_par' dir='ltr' id='par_1_22' title="bbox 995 1687 1496 1744">
     <span class='ocr_line' id='line_1_22' title="bbox 995 1687 1496 1744; baseline 0.002 -1"><span class='ocrx_word' id='word_1_94' title='bbox 995 1687 1225 1744; x_wconf 81' lang='lat' dir='ltr'><strong>CAPUT</strong></span> <span class='ocrx_word' id='word_1_95' title='bbox 1258 1687 1496 1744; x_wconf 71' lang='lat' dir='ltr'><strong>XXXIX.</strong></span> 
     </span>
    </p>
   </div>
   <div class='ocr_carea' id='block_1_23' title="bbox 2145 1077 3724 1149">
    <p class='ocr_par' dir='ltr' id='par_1_23' title="bbox 2145 1077 3724 1149">
     <span class='ocr_line' id='line_1_23' title="bbox 2145 1077 3724 1149; baseline 0 -19"><span class='ocrx_word' id='word_1_96' title='bbox 2145 1078 2450 1145; x_wconf 87' lang='grc' dir='ltr'>ἀγνωσίας,</span> <span class='ocrx_word' id='word_1_97' title='bbox 2498 1078 2592 1130; x_wconf 73' lang='grc' dir='ltr'>καὶ</span> <span class='ocrx_word' id='word_1_98' title='bbox 2633 1077 2817 1148; x_wconf 85' lang='grc' dir='ltr'>τρίτον</span> <span class='ocrx_word' id='word_1_99' title='bbox 2864 1077 2973 1131; x_wconf 84' lang='grc' dir='ltr'>ἀπὸ</span> <span class='ocrx_word' id='word_1_100' title='bbox 3017 1077 3217 1140; x_wconf 84' lang='grc' dir='ltr'>παντὸς</span> <span class='ocrx_word' id='word_1_101' title='bbox 3269 1077 3576 1149; x_wconf 74' lang='grc' dir='ltr'>πειρασμοῦ</span> <span class='ocrx_word' id='word_1_102' title='bbox 3626 1078 3724 1130; x_wconf 76' lang='grc' dir='ltr'>καὶ</span> 
     </span>
    </p>
   </div>
   <div class='ocr_carea' id='block_1_24' title="bbox 2142 1169 2602 1240">
    <p class='ocr_par' dir='ltr' id='par_1_24' title="bbox 2142 1169 2602 1240">
     <span class='ocr_line' id='line_1_24' title="bbox 2142 1169 2602 1240; baseline 0.002 -18"><span class='ocrx_word' id='word_1_103' title='bbox 2142 1169 2410 1237; x_wconf 80' lang='grc' dir='ltr'>ὲγκαταλε</span> <span class='ocrx_word' id='word_1_104' title='bbox 2421 1169 2602 1240; x_wconf 73' lang='grc' dir='ltr'>ίψεως.</span> 
     </span>
    </p>
   </div>
   <div class='ocr_carea' id='block_1_25' title="bbox 2721 1283 3145 1339">
    <p class='ocr_par' dir='ltr' id='par_1_25' title="bbox 2721 1283 3145 1339">
     <span class='ocr_line' id='line_1_25' title="bbox 2721 1283 3145 1339; baseline 0.009 -4"><span class='ocrx_word' id='word_1_105' title='bbox 2721 1283 2974 1337; x_wconf 82' lang='grc' dir='ltr'><strong>ΚΕΦΑΛ.</strong></span> <span class='ocrx_word' id='word_1_106' title='bbox 3018 1283 3145 1339; x_wconf 83' lang='grc' dir='ltr'><strong>ΛΗ’.</strong></span> 
     </span>
    </p>
   </div>
   <div class='ocr_carea' id='block_1_26' title="bbox 2208 1393 3712 1468">
    <p class='ocr_par' dir='ltr' id='par_1_26' title="bbox 2208 1393 3712 1468">
     <span class='ocr_line' id='line_1_26' title="bbox 2208 1393 3712 1468; baseline -0.003 -18"><span class='ocrx_word' id='word_1_107' title='bbox 2208 1397 2392 1468; x_wconf 86' lang='grc' dir='ltr'>Μὸνην</span> <span class='ocrx_word' id='word_1_108' title='bbox 2425 1396 2576 1468; x_wconf 78' lang='grc' dir='ltr'>ζήτει</span> <span class='ocrx_word' id='word_1_109' title='bbox 2610 1397 2667 1450; x_wconf 79' lang='grc' dir='ltr'>ὲν</span> <span class='ocrx_word' id='word_1_110' title='bbox 2691 1400 2757 1467; x_wconf 81' lang='grc' dir='ltr'>τῇ</span> <span class='ocrx_word' id='word_1_111' title='bbox 2783 1399 3058 1468; x_wconf 85' lang='grc' dir='ltr'>προσευχῇ</span> <span class='ocrx_word' id='word_1_112' title='bbox 3093 1413 3187 1449; x_wconf 88' lang='grc' dir='ltr'><strong>σου</strong></span> <span class='ocrx_word' id='word_1_113' title='bbox 3216 1396 3317 1466; x_wconf 84' lang='grc' dir='ltr'><strong>τὴν</strong></span> <span class='ocrx_word' id='word_1_114' title='bbox 3340 1393 3712 1463; x_wconf 80' lang='grc' dir='ltr'>δικαιοσύνην,</span> 
     </span>
    </p>
   </div>
   <div class='ocr_carea' id='block_1_27' title="bbox 2136 1490 3716 1564">
    <p class='ocr_par' dir='ltr' id='par_1_27' title="bbox 2136 1490 3716 1564">
     <span class='ocr_line' id='line_1_27' title="bbox 2136 1490 3716 1564; baseline -0.003 -18"><span class='ocrx_word' id='word_1_115' title='bbox 2136 1493 2233 1546; x_wconf 69' lang='grc' dir='ltr'>καὶ</span> <span class='ocrx_word' id='word_1_116' title='bbox 2264 1493 2362 1564; x_wconf 77' lang='grc' dir='ltr'>τὴν</span> <span class='ocrx_word' id='word_1_117' title='bbox 2416 1492 2714 1563; x_wconf 83' lang='grc' dir='ltr'>βασιλείαν,</span> <span class='ocrx_word' id='word_1_118' title='bbox 2764 1492 3009 1545; x_wconf 83' lang='grc' dir='ltr'><strong>τουτέστι</strong></span> <span class='ocrx_word' id='word_1_119' title='bbox 3045 1493 3146 1561; x_wconf 86' lang='grc' dir='ltr'><strong>τὴν</strong></span> <span class='ocrx_word' id='word_1_120' title='bbox 3193 1491 3417 1561; x_wconf 75' lang='grc' dir='ltr'>ἀρετὴν,</span> <span class='ocrx_word' id='word_1_121' title='bbox 3473 1490 3570 1544; x_wconf 76' lang='grc' dir='ltr'><strong>καὶ</strong></span> <span class='ocrx_word' id='word_1_122' title='bbox 3616 1490 3716 1559; x_wconf 77' lang='grc' dir='ltr'>τὴν</span> 
     </span>
    </p>
   </div>
   <div class='ocr_carea' id='block_1_28' title="bbox 2134 1580 3585 1650">
    <p class='ocr_par' dir='ltr' id='par_1_28' title="bbox 2134 1580 3585 1650">
     <span class='ocr_line' id='line_1_28' title="bbox 2134 1580 3585 1650; baseline -0.005 -13"><span class='ocrx_word' id='word_1_123' title='bbox 2134 1584 2355 1649; x_wconf 70' lang='grc' dir='ltr'>γνῶσιν,</span> <span class='ocrx_word' id='word_1_124' title='bbox 2383 1584 2479 1637; x_wconf 75' lang='grc' dir='ltr'>καὶ</span> <span class='ocrx_word' id='word_1_125' title='bbox 2507 1583 2576 1636; x_wconf 80' lang='grc' dir='ltr'>τὰ</span> <span class='ocrx_word' id='word_1_126' title='bbox 2607 1582 2771 1636; x_wconf 77' lang='grc' dir='ltr'>λοιπὰ</span> <span class='ocrx_word' id='word_1_127' title='bbox 2799 1581 2976 1635; x_wconf 83' lang='grc' dir='ltr'>πάντα</span> <span class='ocrx_word' id='word_1_128' title='bbox 3010 1580 3444 1650; x_wconf 80' lang='grc' dir='ltr'>προστεθήσεταί</span> <span class='ocrx_word' id='word_1_129' title='bbox 3480 1595 3585 1630; x_wconf 89' lang='grc' dir='ltr'>σοι.</span> 
     </span>
    </p>
   </div>
   <div class='ocr_carea' id='block_1_29' title="bbox 2723 1694 3142 1749">
    <p class='ocr_par' dir='ltr' id='par_1_29' title="bbox 2723 1694 3142 1749">
     <span class='ocr_line' id='line_1_29' title="bbox 2723 1694 3142 1749; baseline -0.002 0"><span class='ocrx_word' id='word_1_130' title='bbox 2723 1695 2977 1749; x_wconf 82' lang='grc' dir='ltr'><strong>ΚΕΦΑΛ.</strong></span> <span class='ocrx_word' id='word_1_131' title='bbox 3018 1694 3142 1748; x_wconf 86' lang='grc' dir='ltr'><strong>ΛΘ’.</strong></span> 
     </span>
    </p>
   </div>
   <div class='ocr_carea' id='block_1_30' title="bbox 527 1802 2025 1884">
    <p class='ocr_par' dir='ltr' id='par_1_30' title="bbox 527 1802 2025 1872">
     <span class='ocr_line' id='line_1_30' title="bbox 527 1802 2025 1872; baseline -0.002 -12"><span class='ocrx_word' id='word_1_132' title='bbox 527 1806 739 1860; x_wconf 85' lang='lat' dir='ltr'><strong>Justum</strong></span> <span class='ocrx_word' id='word_1_133' title='bbox 780 1813 863 1860; x_wconf 88' lang='lat' dir='ltr'><strong>est</strong></span> <span class='ocrx_word' id='word_1_134' title='bbox 896 1819 1007 1858; x_wconf 90' lang='lat' dir='ltr'><strong>non</strong></span> <span class='ocrx_word' id='word_1_135' title='bbox 1048 1804 1223 1859; x_wconf 89' lang='lat' dir='ltr'><strong>solum</strong></span> <span class='ocrx_word' id='word_1_136' title='bbox 1257 1817 1351 1870; x_wconf 90' lang='lat' dir='ltr'><strong>pro</strong></span> <span class='ocrx_word' id='word_1_137' title='bbox 1382 1803 1599 1872; x_wconf 82' lang='lat' dir='ltr'><strong>propria</strong></span> <span class='ocrx_word' id='word_1_138' title='bbox 1650 1802 2025 1857; x_wconf 80' lang='lat' dir='ltr'><strong>emundatione</strong></span> 
     </span>
    </p>
   </div>
   <div class='ocr_carea' id='block_1_31' title="bbox 2136 1802 3714 1884">
    <p class='ocr_par' dir='ltr' id='par_1_31' title="bbox 2206 1806 3714 1884">
     <span class='ocr_line' id='line_1_31' title="bbox 2206 1806 3714 1884; baseline -0.007 -16"><span class='ocrx_word' id='word_1_139' title='bbox 2206 1815 2442 1879; x_wconf 78' lang='grc' dir='ltr'><strong>Δίκαιον,</strong></span> <span class='ocrx_word' id='word_1_140' title='bbox 2475 1814 2551 1884; x_wconf 84' lang='grc' dir='ltr'><strong>μὴ</strong></span> <span class='ocrx_word' id='word_1_141' title='bbox 2584 1813 2743 1884; x_wconf 84' lang='grc' dir='ltr'>μόνον</span> <span class='ocrx_word' id='word_1_142' title='bbox 2772 1812 2902 1882; x_wconf 76' lang='grc' dir='ltr'>περὶ</span> <span class='ocrx_word' id='word_1_143' title='bbox 2942 1811 3151 1873; x_wconf 77' lang='grc' dir='ltr'>οἰκείας</span> <span class='ocrx_word' id='word_1_144' title='bbox 3190 1806 3507 1879; x_wconf 76' lang='grc' dir='ltr'>καθάρσεως</span> <span class='ocrx_word' id='word_1_145' title='bbox 3542 1822 3714 1877; x_wconf 85' lang='grc' dir='ltr'>προσ-</span> 
     </span>
    </p>
   </div>
   <div class='ocr_carea' id='block_1_32' title="bbox 458 1894 2033 1964">
    <p class='ocr_par' dir='ltr' id='par_1_32' title="bbox 458 1894 2033 1964">
     <span class='ocr_line' id='line_1_32' title="bbox 458 1894 2033 1964; baseline -0.001 -14"><span class='ocrx_word' id='word_1_146' title='bbox 458 1912 638 1962; x_wconf 89' lang='lat' dir='ltr'><strong>orare,</strong></span> <span class='ocrx_word' id='word_1_147' title='bbox 671 1897 763 1951; x_wconf 89' lang='lat' dir='ltr'><strong>sed</strong></span> <span class='ocrx_word' id='word_1_148' title='bbox 806 1905 858 1950; x_wconf 83' lang='lat' dir='ltr'><strong>et</strong></span> <span class='ocrx_word' id='word_1_149' title='bbox 889 1911 987 1964; x_wconf 90' lang='lat' dir='ltr'><strong>pro</strong></span> <span class='ocrx_word' id='word_1_150' title='bbox 1016 1896 1163 1949; x_wconf 86' lang='lat' dir='ltr'><strong>omni</strong></span> <span class='ocrx_word' id='word_1_151' title='bbox 1192 1895 1516 1958; x_wconf 89' lang='lat' dir='ltr'><strong>contribule,</strong></span> <span class='ocrx_word' id='word_1_152' title='bbox 1552 1904 1612 1949; x_wconf 83' lang='lat' dir='ltr'><strong>ut</strong></span> <span class='ocrx_word' id='word_1_153' title='bbox 1658 1894 1879 1949; x_wconf 91' lang='lat' dir='ltr'><strong>modum</strong></span> <span class='ocrx_word' id='word_1_154' title='bbox 1912 1894 2033 1948; x_wconf 90' lang='lat' dir='ltr'><strong>imi-</strong></span> 
     </span>
    </p>
   </div>
   <div class='ocr_carea' id='block_1_33' title="bbox 457 1990 939 2061">
    <p class='ocr_par' dir='ltr' id='par_1_33' title="bbox 457 1990 939 2061">
     <span class='ocr_line' id='line_1_33' title="bbox 457 1990 939 2061; baseline -0.004 -16"><span class='ocrx_word' id='word_1_155' title='bbox 457 1991 590 2046; x_wconf 88' lang='lat' dir='ltr'><strong>teris</strong></span> <span class='ocrx_word' id='word_1_156' title='bbox 610 1990 939 2061; x_wconf 80' lang='lat' dir='ltr'><strong>angelicum.</strong></span> 
     </span>
    </p>
   </div>
   <div class='ocr_carea' id='block_1_34' title="bbox 1068 2092 1447 2155">
    <p class='ocr_par' dir='ltr' id='par_1_34' title="bbox 1068 2092 1447 2155">
     <span class='ocr_line' id='line_1_34' title="bbox 1068 2092 1447 2155; baseline -0.003 0"><span class='ocrx_word' id='word_1_157' title='bbox 1068 2097 1297 2155; x_wconf 82' lang='lat' dir='ltr'><strong>CAPUT</strong></span> <span class='ocrx_word' id='word_1_158' title='bbox 1330 2092 1447 2154; x_wconf 75' lang='lat' dir='ltr'><strong>XL.</strong></span> 
     </span>
    </p>
   </div>
   <div class='ocr_carea' id='block_1_35' title="bbox 523 2213 2032 2287">
    <p class='ocr_par' dir='ltr' id='par_1_35' title="bbox 523 2213 2032 2287">
     <span class='ocr_line' id='line_1_35' title="bbox 523 2213 2032 2287; baseline -0.004 -16"><span class='ocrx_word' id='word_1_159' title='bbox 523 2217 681 2287; x_wconf 78' lang='lat' dir='ltr'><strong>Vide,</strong></span> <span class='ocrx_word' id='word_1_160' title='bbox 718 2231 787 2273; x_wconf 88' lang='lat' dir='ltr'><strong>an</strong></span> <span class='ocrx_word' id='word_1_161' title='bbox 821 2230 945 2270; x_wconf 86' lang='lat' dir='ltr'><strong>vere</strong></span> <span class='ocrx_word' id='word_1_162' title='bbox 976 2213 1085 2268; x_wconf 88' lang='lat' dir='ltr'><strong>Deo</strong></span> <span class='ocrx_word' id='word_1_163' title='bbox 1116 2222 1205 2268; x_wconf 87' lang='lat' dir='ltr'><strong>tua</strong></span> <span class='ocrx_word' id='word_1_164' title='bbox 1247 2214 1300 2266; x_wconf 90' lang='lat' dir='ltr'><strong>in</strong></span> <span class='ocrx_word' id='word_1_165' title='bbox 1334 2214 1578 2269; x_wconf 83' lang='lat' dir='ltr'><strong>oratione</strong></span> <span class='ocrx_word' id='word_1_166' title='bbox 1597 2213 1912 2279; x_wconf 68' lang='lat' dir='ltr'><strong>adhmscris,</strong></span> <span class='ocrx_word' id='word_1_167' title='bbox 1950 2214 2032 2266; x_wconf 79' lang='lat' dir='ltr'><strong>vel</strong></span> 
     </span>
    </p>
   </div>
   <div class='ocr_carea' id='block_1_36' title="bbox 456 2304 2034 2373">
    <p class='ocr_par' dir='ltr' id='par_1_36' title="bbox 456 2304 2034 2373">
     <span class='ocr_line' id='line_1_36' title="bbox 456 2304 2034 2373; baseline -0.003 -9"><span class='ocrx_word' id='word_1_168' title='bbox 456 2325 524 2364; x_wconf 87' lang='lat' dir='ltr'><strong>an</strong></span> <span class='ocrx_word' id='word_1_169' title='bbox 579 2308 863 2368; x_wconf 87' lang='lat' dir='ltr'><strong>hominum</strong></span> <span class='ocrx_word' id='word_1_170' title='bbox 898 2305 1135 2361; x_wconf 87' lang='lat' dir='ltr'><strong>vincaris</strong></span> <span class='ocrx_word' id='word_1_171' title='bbox 1189 2304 1383 2365; x_wconf 79' lang='lat' dir='ltr'><strong>laude,</strong></span> <span class='ocrx_word' id='word_1_172' title='bbox 1438 2305 2034 2373; x_wconf 79' lang='lat' dir='ltr'><strong>illamque_contendas</strong></span> 
     </span>
    </p>
   </div>
   <div class='ocr_carea' id='block_1_37' title="bbox 454 2395 2033 2471">
    <p class='ocr_par' dir='ltr' id='par_1_37' title="bbox 454 2395 2033 2471">
     <span class='ocr_line' id='line_1_37' title="bbox 454 2395 2033 2471; baseline -0.004 -16"><span class='ocrx_word' id='word_1_173' title='bbox 454 2399 754 2471; x_wconf 85' lang='lat' dir='ltr'><strong>aucupari,</strong></span> <span class='ocrx_word' id='word_1_174' title='bbox 803 2398 1065 2455; x_wconf 85' lang='lat' dir='ltr'><strong>orationis</strong></span> <span class='ocrx_word' id='word_1_175' title='bbox 1114 2406 1270 2453; x_wconf 90' lang='lat' dir='ltr'><strong>utens</strong></span> <span class='ocrx_word' id='word_1_176' title='bbox 1326 2398 1819 2466; x_wconf 80' lang='lat' dir='ltr'><strong>repraesentatione,</strong></span> <span class='ocrx_word' id='word_1_177' title='bbox 1869 2395 2033 2455; x_wconf 79' lang='lat' dir='ltr'><strong>veluti</strong></span> 
     </span>
    </p>
   </div>
   <div class='ocr_carea' id='block_1_38' title="bbox 455 2491 713 2562">
    <p class='ocr_par' dir='ltr' id='par_1_38' title="bbox 455 2491 713 2562">
     <span class='ocr_line' id='line_1_38' title="bbox 455 2491 713 2562; baseline 0.004 -17"><span class='ocrx_word' id='word_1_178' title='bbox 455 2491 713 2562; x_wconf 77' lang='lat' dir='ltr'><strong>tegmine,</strong></span> 
     </span>
    </p>
   </div>
   <div class='ocr_carea' id='block_1_39' title="bbox 1047 2596 1460 2654">
    <p class='ocr_par' dir='ltr' id='par_1_39' title="bbox 1047 2596 1460 2654">
     <span class='ocr_line' id='line_1_39' title="bbox 1047 2596 1460 2654; baseline -0.007 -1"><span class='ocrx_word' id='word_1_179' title='bbox 1047 2596 1273 2654; x_wconf 82' lang='lat' dir='ltr'><strong>CAPUT</strong></span> <span class='ocrx_word' id='word_1_180' title='bbox 1322 2597 1460 2651; x_wconf 80' lang='lat' dir='ltr'><strong>XLI.</strong></span> 
     </span>
    </p>
   </div>
   <div class='ocr_carea' id='block_1_40' title="bbox 526 2711 2031 2778">
    <p class='ocr_par' dir='ltr' id='par_1_40' title="bbox 526 2711 2031 2778">
     <span class='ocr_line' id='line_1_40' title="bbox 526 2711 2031 2778; baseline -0.003 -9"><span class='ocrx_word' id='word_1_181' title='bbox 526 2714 651 2769; x_wconf 84' lang='lat' dir='ltr'><strong>Sive</strong></span> <span class='ocrx_word' id='word_1_182' title='bbox 676 2730 799 2770; x_wconf 91' lang='lat' dir='ltr'><strong>cum</strong></span> <span class='ocrx_word' id='word_1_183' title='bbox 828 2713 1090 2769; x_wconf 89' lang='lat' dir='ltr'><strong>fratribus</strong></span> <span class='ocrx_word' id='word_1_184' title='bbox 1126 2730 1271 2774; x_wconf 88' lang='lat' dir='ltr'><strong>ores,</strong></span> <span class='ocrx_word' id='word_1_185' title='bbox 1314 2713 1428 2767; x_wconf 79' lang='lat' dir='ltr'><strong>sive</strong></span> <span class='ocrx_word' id='word_1_186' title='bbox 1470 2711 1643 2778; x_wconf 89' lang='lat' dir='ltr'><strong>solus,</strong></span> <span class='ocrx_word' id='word_1_187' title='bbox 1675 2725 1895 2774; x_wconf 86' lang='lat' dir='ltr'><strong>conare,</strong></span> <span class='ocrx_word' id='word_1_188' title='bbox 1922 2724 2031 2765; x_wconf 85' lang='lat' dir='ltr'><strong>non</strong></span> 
     </span>
    </p>
   </div>
   <div class='ocr_carea' id='block_1_41' title="bbox 456 2808 1411 2876">
    <p class='ocr_par' dir='ltr' id='par_1_41' title="bbox 456 2808 1411 2876">
     <span class='ocr_line' id='line_1_41' title="bbox 456 2808 1411 2876; baseline -0.006 -12"><span class='ocrx_word' id='word_1_189' title='bbox 456 2808 872 2876; x_wconf 64' lang='lat' dir='ltr'><strong>consuetudine,</strong></span> <span class='ocrx_word' id='word_1_190' title='bbox 900 2808 995 2863; x_wconf 85' lang='lat' dir='ltr'><strong>sed</strong></span> <span class='ocrx_word' id='word_1_191' title='bbox 1035 2822 1200 2862; x_wconf 89' lang='lat' dir='ltr'><strong>sensu</strong></span> <span class='ocrx_word' id='word_1_192' title='bbox 1232 2822 1411 2861; x_wconf 89' lang='lat' dir='ltr'><strong>orare.</strong></span> 
     </span>
    </p>
   </div>
   <div class='ocr_carea' id='block_1_42' title="bbox 1022 2919 1449 2976">
    <p class='ocr_par' dir='ltr' id='par_1_42' title="bbox 1022 2919 1449 2976">
     <span class='ocr_line' id='line_1_42' title="bbox 1022 2919 1449 2976; baseline -0.002 0"><span class='ocrx_word' id='word_1_193' title='bbox 1022 2919 1249 2976; x_wconf 90' lang='lat' dir='ltr'><strong>CAPUT</strong></span> <span class='ocrx_word' id='word_1_194' title='bbox 1289 2919 1449 2975; x_wconf 76' lang='lat' dir='ltr'><strong>XLII.</strong></span> 
     </span>
    </p>
   </div>
   <div class='ocr_carea' id='block_1_43' title="bbox 529 3031 2032 3105">
    <p class='ocr_par' dir='ltr' id='par_1_43' title="bbox 529 3031 2032 3105">
     <span class='ocr_line' id='line_1_43' title="bbox 529 3031 2032 3105; baseline -0.004 -15"><span class='ocrx_word' id='word_1_195' title='bbox 529 3035 815 3105; x_wconf 80' lang='lat' dir='ltr'><strong>Proprium</strong></span> <span class='ocrx_word' id='word_1_196' title='bbox 843 3033 1109 3090; x_wconf 87' lang='lat' dir='ltr'><strong>orationis</strong></span> <span class='ocrx_word' id='word_1_197' title='bbox 1140 3042 1224 3089; x_wconf 85' lang='lat' dir='ltr'><strong>est</strong></span> <span class='ocrx_word' id='word_1_198' title='bbox 1254 3035 1467 3087; x_wconf 86' lang='lat' dir='ltr'><strong>interna</strong></span> <span class='ocrx_word' id='word_1_199' title='bbox 1500 3032 1757 3102; x_wconf 82' lang='lat' dir='ltr'><strong>cogitatio</strong></span> <span class='ocrx_word' id='word_1_200' title='bbox 1789 3047 1910 3087; x_wconf 89' lang='lat' dir='ltr'><strong>cum</strong></span> <span class='ocrx_word' id='word_1_201' title='bbox 1939 3031 2032 3085; x_wconf 81' lang='lat' dir='ltr'><strong>de-</strong></span> 
     </span>
    </p>
   </div>
   <div class='ocr_carea' id='block_1_44' title="bbox 453 3123 2026 3197">
    <p class='ocr_par' dir='ltr' id='par_1_44' title="bbox 453 3123 2026 3197">
     <span class='ocr_line' id='line_1_44' title="bbox 453 3123 2026 3197; baseline -0.003 -15"><span class='ocrx_word' id='word_1_202' title='bbox 453 3138 580 3187; x_wconf 65' lang='lat' dir='ltr'><strong>vota</strong></span> <span class='ocrx_word' id='word_1_203' title='bbox 638 3129 836 3197; x_wconf 84' lang='lat' dir='ltr'><strong>pietate</strong></span> <span class='ocrx_word' id='word_1_204' title='bbox 890 3136 944 3181; x_wconf 88' lang='lat' dir='ltr'><strong>et</strong></span> <span class='ocrx_word' id='word_1_205' title='bbox 989 3126 1428 3196; x_wconf 83' lang='lat' dir='ltr'><strong>compunctione,</strong></span> <span class='ocrx_word' id='word_1_206' title='bbox 1476 3125 1777 3193; x_wconf 62' lang='lat' dir='ltr'><strong>animmque</strong></span> <span class='ocrx_word' id='word_1_207' title='bbox 1822 3123 2026 3187; x_wconf 87' lang='lat' dir='ltr'><strong>dolore,</strong></span> 
     </span>
    </p>
   </div>
   <div class='ocr_carea' id='block_1_45' title="bbox 456 3217 1673 3291">
    <p class='ocr_par' dir='ltr' id='par_1_45' title="bbox 456 3217 1673 3291">
     <span class='ocr_line' id='line_1_45' title="bbox 456 3217 1673 3291; baseline -0.003 -16"><span class='ocrx_word' id='word_1_208' title='bbox 456 3230 677 3291; x_wconf 81' lang='lat' dir='ltr'><strong>peccata</strong></span> <span class='ocrx_word' id='word_1_209' title='bbox 707 3233 829 3273; x_wconf 90' lang='lat' dir='ltr'><strong>cum</strong></span> <span class='ocrx_word' id='word_1_210' title='bbox 862 3220 1031 3272; x_wconf 88' lang='lat' dir='ltr'><strong>mutis</strong></span> <span class='ocrx_word' id='word_1_211' title='bbox 1062 3217 1314 3286; x_wconf 90' lang='lat' dir='ltr'><strong>suspiriis</strong></span> <span class='ocrx_word' id='word_1_212' title='bbox 1346 3217 1673 3271; x_wconf 82' lang='lat' dir='ltr'><strong>conﬁtendo.</strong></span> 
     </span>
    </p>
   </div>
   <div class='ocr_carea' id='block_1_46' title="bbox 1025 3328 1466 3385">
    <p class='ocr_par' dir='ltr' id='par_1_46' title="bbox 1025 3328 1466 3385">
     <span class='ocr_line' id='line_1_46' title="bbox 1025 3328 1466 3385; baseline -0.011 -1"><span class='ocrx_word' id='word_1_213' title='bbox 1025 3328 1254 3385; x_wconf 87' lang='lat' dir='ltr'><strong>CAPUT</strong></span> <span class='ocrx_word' id='word_1_214' title='bbox 1286 3328 1466 3382; x_wconf 75' lang='lat' dir='ltr'><strong>XLIII.</strong></span> 
     </span>
    </p>
   </div>
   <div class='ocr_carea' id='block_1_47' title="bbox 528 3439 2033 3508">
    <p class='ocr_par' dir='ltr' id='par_1_47' title="bbox 528 3439 2033 3508">
     <span class='ocr_line' id='line_1_47' title="bbox 528 3439 2033 3508; baseline -0.005 -8"><span class='ocrx_word' id='word_1_215' title='bbox 528 3445 584 3500; x_wconf 92' lang='lat' dir='ltr'><strong>Si</strong></span> <span class='ocrx_word' id='word_1_216' title='bbox 621 3455 713 3499; x_wconf 91' lang='lat' dir='ltr'><strong>tua</strong></span> <span class='ocrx_word' id='word_1_217' title='bbox 744 3460 900 3500; x_wconf 90' lang='lat' dir='ltr'><strong>mens</strong></span> <span class='ocrx_word' id='word_1_218' title='bbox 931 3444 1104 3499; x_wconf 59' lang='lat' dir='ltr'><strong>aetatis</strong></span> <span class='ocrx_word' id='word_1_219' title='bbox 1156 3441 1341 3495; x_wconf 83' lang='lat' dir='ltr'><strong>ﬂorem</strong></span> <span class='ocrx_word' id='word_1_220' title='bbox 1386 3441 1439 3494; x_wconf 93' lang='lat' dir='ltr'><strong>in</strong></span> <span class='ocrx_word' id='word_1_221' title='bbox 1488 3448 1729 3508; x_wconf 88' lang='lat' dir='ltr'><strong>tempore</strong></span> <span class='ocrx_word' id='word_1_222' title='bbox 1769 3439 2033 3493; x_wconf 88' lang='lat' dir='ltr'><strong>orationis</strong></span> 
     </span>
    </p>
   </div>
   <div class='ocr_carea' id='block_1_48' title="bbox 455 3530 2030 3602">
    <p class='ocr_par' dir='ltr' id='par_1_48' title="bbox 455 3530 2030 3602">
     <span class='ocr_line' id='line_1_48' title="bbox 455 3530 2030 3602; baseline -0.004 -11"><span class='ocrx_word' id='word_1_223' title='bbox 455 3538 689 3602; x_wconf 81' lang='lat' dir='ltr'><strong>aﬂ‘ectet,</strong></span> <span class='ocrx_word' id='word_1_224' title='bbox 717 3536 958 3590; x_wconf 89' lang='lat' dir='ltr'><strong>nondum</strong></span> <span class='ocrx_word' id='word_1_225' title='bbox 991 3541 1050 3588; x_wconf 89' lang='lat' dir='ltr'><strong>ut</strong></span> <span class='ocrx_word' id='word_1_226' title='bbox 1080 3533 1384 3589; x_wconf 83' lang='lat' dir='ltr'><strong>monachus</strong></span> <span class='ocrx_word' id='word_1_227' title='bbox 1414 3541 1558 3595; x_wconf 78' lang='lat' dir='ltr'><strong>orat,</strong></span> <span class='ocrx_word' id='word_1_228' title='bbox 1593 3531 1684 3587; x_wconf 89' lang='lat' dir='ltr'><strong>sed</strong></span> <span class='ocrx_word' id='word_1_229' title='bbox 1732 3530 2030 3586; x_wconf 89' lang='lat' dir='ltr'><strong>etiamnum</strong></span> 
     </span>
    </p>
   </div>
   <div class='ocr_carea' id='block_1_49' title="bbox 457 3626 1918 3694">
    <p class='ocr_par' dir='ltr' id='par_1_49' title="bbox 457 3626 1918 3694">
     <span class='ocr_line' id='line_1_49' title="bbox 457 3626 1918 3694; baseline -0.005 -10"><span class='ocrx_word' id='word_1_230' title='bbox 457 3629 735 3690; x_wconf 88' lang='lat' dir='ltr'><strong>mundana</strong></span> <span class='ocrx_word' id='word_1_231' title='bbox 765 3636 867 3694; x_wconf 90' lang='lat' dir='ltr'><strong>est,</strong></span> <span class='ocrx_word' id='word_1_232' title='bbox 907 3627 1148 3683; x_wconf 83' lang='lat' dir='ltr'><strong>exterius</strong></span> <span class='ocrx_word' id='word_1_233' title='bbox 1182 3626 1591 3680; x_wconf 84' lang='lat' dir='ltr'><strong>tabernaculum</strong></span> <span class='ocrx_word' id='word_1_234' title='bbox 1625 3638 1918 3679; x_wconf 86' lang='lat' dir='ltr'><strong>exornans.</strong></span> 
     </span>
    </p>
   </div>
   <div class='ocr_carea' id='block_1_50' title="bbox 923 3824 1569 3904">
    <p class='ocr_par' dir='ltr' id='par_1_50' title="bbox 923 3824 1569 3904">
     <span class='ocr_line' id='line_1_50' title="bbox 923 3824 1569 3904; baseline -0.006 -19"><span class='ocrx_word' id='word_1_235' title='bbox 923 3831 1086 3904; x_wconf 62' lang='lat'><strong>437</strong></span> <span class='ocrx_word' id='word_1_236' title='bbox 1124 3827 1353 3884; x_wconf 85' lang='lat' dir='ltr'><strong>CAPUT</strong></span> <span class='ocrx_word' id='word_1_237' title='bbox 1384 3824 1569 3882; x_wconf 78' lang='lat' dir='ltr'><strong>XLIV.</strong></span> 
     </span>
    </p>
   </div>
   <div class='ocr_carea' id='block_1_51' title="bbox 526 3940 2030 4013">
    <p class='ocr_par' dir='ltr' id='par_1_51' title="bbox 526 3940 2030 4013">
     <span class='ocr_line' id='line_1_51' title="bbox 526 3940 2030 4013; baseline -0.006 -12"><span class='ocrx_word' id='word_1_238' title='bbox 526 3947 663 4001; x_wconf 89' lang='lat' dir='ltr'><strong>Dum</strong></span> <span class='ocrx_word' id='word_1_239' title='bbox 696 3961 840 4013; x_wconf 86' lang='lat' dir='ltr'><strong>oras,</strong></span> <span class='ocrx_word' id='word_1_240' title='bbox 874 3954 1043 4010; x_wconf 88' lang='lat' dir='ltr'><strong>tuam,</strong></span> <span class='ocrx_word' id='word_1_241' title='bbox 1065 3960 1161 4013; x_wconf 91' lang='lat' dir='ltr'><strong>pro</strong></span> <span class='ocrx_word' id='word_1_242' title='bbox 1188 3943 1416 4009; x_wconf 86' lang='lat' dir='ltr'><strong>viribus,</strong></span> <span class='ocrx_word' id='word_1_243' title='bbox 1442 3941 1650 3997; x_wconf 86' lang='lat' dir='ltr'><strong>custodi</strong></span> <span class='ocrx_word' id='word_1_244' title='bbox 1688 3940 2030 4004; x_wconf 80' lang='lat' dir='ltr'><strong>memoriam,</strong></span> 
     </span>
    </p>
   </div>
   <div class='ocr_carea' id='block_1_52' title="bbox 455 4029 2032 4110">
    <p class='ocr_par' dir='ltr' id='par_1_52' title="bbox 455 4029 2032 4110">
     <span class='ocr_line' id='line_1_52' title="bbox 455 4029 2032 4110; baseline -0.008 -12"><span class='ocrx_word' id='word_1_245' title='bbox 455 4053 515 4098; x_wconf 84' lang='lat' dir='ltr'><strong>ut</strong></span> <span class='ocrx_word' id='word_1_246' title='bbox 549 4056 648 4096; x_wconf 91' lang='lat' dir='ltr'><strong>sua</strong></span> <span class='ocrx_word' id='word_1_247' title='bbox 678 4041 895 4110; x_wconf 90' lang='lat' dir='ltr'><strong>propria</strong></span> <span class='ocrx_word' id='word_1_248' title='bbox 927 4054 1033 4093; x_wconf 88' lang='lat' dir='ltr'><strong>non</strong></span> <span class='ocrx_word' id='word_1_249' title='bbox 1067 4037 1164 4091; x_wconf 89' lang='lat' dir='ltr'><strong>tibi</strong></span> <span class='ocrx_word' id='word_1_250' title='bbox 1203 4044 1492 4107; x_wconf 83' lang='lat' dir='ltr'><strong>proponat,</strong></span> <span class='ocrx_word' id='word_1_251' title='bbox 1518 4034 1612 4088; x_wconf 88' lang='lat' dir='ltr'><strong>sed</strong></span> <span class='ocrx_word' id='word_1_252' title='bbox 1658 4042 1707 4087; x_wconf 85' lang='lat' dir='ltr'><strong>te</strong></span> <span class='ocrx_word' id='word_1_253' title='bbox 1733 4029 2032 4087; x_wconf 87' lang='lat' dir='ltr'><strong>moveatad</strong></span> 
     </span>
    </p>
   </div>
   <div class='ocr_carea' id='block_1_53' title="bbox 455 4127 2033 4204">
    <p class='ocr_par' dir='ltr' id='par_1_53' title="bbox 455 4127 2033 4204">
     <span class='ocr_line' id='line_1_53' title="bbox 455 4127 2033 4204; baseline -0.007 -14"><span class='ocrx_word' id='word_1_254' title='bbox 455 4135 816 4204; x_wconf 79' lang='lat' dir='ltr'><strong>cognitionem</strong></span> <span class='ocrx_word' id='word_1_255' title='bbox 864 4132 1204 4188; x_wconf 79' lang='lat' dir='ltr'><strong>extensionis</strong></span> <span class='ocrx_word' id='word_1_256' title='bbox 1247 4130 1310 4184; x_wconf 91' lang='lat' dir='ltr'><strong>ad</strong></span> <span class='ocrx_word' id='word_1_257' title='bbox 1345 4129 1548 4193; x_wconf 88' lang='lat' dir='ltr'><strong>Deum;</strong></span> <span class='ocrx_word' id='word_1_258' title='bbox 1581 4127 1842 4181; x_wconf 86' lang='lat' dir='ltr'><strong>memoria</strong></span> <span class='ocrx_word' id='word_1_259' title='bbox 1877 4141 2033 4180; x_wconf 87' lang='lat' dir='ltr'><strong>nam-</strong></span> 
     </span>
    </p>
   </div>
   <div class='ocr_carea' id='block_1_54' title="bbox 456 4219 2033 4294">
    <p class='ocr_par' dir='ltr' id='par_1_54' title="bbox 456 4219 2033 4294">
     <span class='ocr_line' id='line_1_54' title="bbox 456 4219 2033 4294; baseline -0.007 -13"><span class='ocrx_word' id='word_1_260' title='bbox 456 4244 562 4294; x_wconf 82' lang='lat' dir='ltr'><strong>que</strong></span> <span class='ocrx_word' id='word_1_261' title='bbox 602 4227 804 4293; x_wconf 76' lang='lat' dir='ltr'><strong>assolet</strong></span> <span class='ocrx_word' id='word_1_262' title='bbox 838 4226 1067 4280; x_wconf 90' lang='lat' dir='ltr'><strong>multum</strong></span> <span class='ocrx_word' id='word_1_263' title='bbox 1105 4221 1402 4293; x_wconf 72' lang='lat' dir='ltr'><strong>deprmdari</strong></span> <span class='ocrx_word' id='word_1_264' title='bbox 1439 4230 1673 4275; x_wconf 73' lang='lat' dir='ltr'><strong>mentem</strong></span> <span class='ocrx_word' id='word_1_265' title='bbox 1718 4219 1861 4273; x_wconf 86' lang='lat' dir='ltr'><strong>circa</strong></span> <span class='ocrx_word' id='word_1_266' title='bbox 1895 4228 2033 4272; x_wconf 90' lang='lat' dir='ltr'><strong>tem-</strong></span> 
     </span>
    </p>
   </div>
   <div class='ocr_carea' id='block_1_55' title="bbox 455 4319 869 4390">
    <p class='ocr_par' dir='ltr' id='par_1_55' title="bbox 455 4319 869 4390">
     <span class='ocr_line' id='line_1_55' title="bbox 455 4319 869 4390; baseline 0.007 -21"><span class='ocrx_word' id='word_1_267' title='bbox 455 4336 557 4390; x_wconf 77' lang='lat' dir='ltr'><strong>pus</strong></span> <span class='ocrx_word' id='word_1_268' title='bbox 589 4319 869 4375; x_wconf 89' lang='lat' dir='ltr'><strong>orationis.</strong></span> 
     </span>
    </p>
   </div>
   <div class='ocr_carea' id='block_1_56' title="bbox 1028 4425 1454 4482">
    <p class='ocr_par' dir='ltr' id='par_1_56' title="bbox 1028 4425 1454 4482">
     <span class='ocr_line' id='line_1_56' title="bbox 1028 4425 1454 4482; baseline -0.012 0"><span class='ocrx_word' id='word_1_269' title='bbox 1028 4426 1253 4482; x_wconf 81' lang='lat' dir='ltr'><strong>CAPUT</strong></span> <span class='ocrx_word' id='word_1_270' title='bbox 1299 4425 1454 4478; x_wconf 79' lang='lat' dir='ltr'><strong>XLV.</strong></span> 
     </span>
    </p>
   </div>
   <div class='ocr_carea' id='block_1_57' title="bbox 524 4540 2027 4611">
    <p class='ocr_par' dir='ltr' id='par_1_57' title="bbox 524 4540 2027 4611">
     <span class='ocr_line' id='line_1_57' title="bbox 524 4540 2027 4611; baseline -0.004 -11"><span class='ocrx_word' id='word_1_271' title='bbox 524 4548 631 4601; x_wconf 87' lang='lat' dir='ltr'><strong>Aut</strong></span> <span class='ocrx_word' id='word_1_272' title='bbox 656 4557 864 4601; x_wconf 80' lang='lat' dir='ltr'><strong>veteres</strong></span> <span class='ocrx_word' id='word_1_273' title='bbox 894 4558 1074 4597; x_wconf 85' lang='lat' dir='ltr'><strong>rerum</strong></span> <span class='ocrx_word' id='word_1_274' title='bbox 1096 4541 1515 4611; x_wconf 81' lang='lat' dir='ltr'><strong>imaginationes</strong></span> <span class='ocrx_word' id='word_1_275' title='bbox 1566 4541 1660 4593; x_wconf 90' lang='lat' dir='ltr'><strong>tibi</strong></span> <span class='ocrx_word' id='word_1_276' title='bbox 1693 4540 1868 4594; x_wconf 89' lang='lat' dir='ltr'><strong>oranti</strong></span> <span class='ocrx_word' id='word_1_277' title='bbox 1902 4556 2027 4611; x_wconf 86' lang='lat' dir='ltr'><strong>pro-</strong></span> 
     </span>
    </p>
   </div>
   <div class='ocr_carea' id='block_1_58' title="bbox 454 4633 2029 4702">
    <p class='ocr_par' dir='ltr' id='par_1_58' title="bbox 454 4633 2029 4702">
     <span class='ocr_line' id='line_1_58' title="bbox 454 4633 2029 4702; baseline -0.003 -9"><span class='ocrx_word' id='word_1_278' title='bbox 454 4639 604 4693; x_wconf 82' lang='lat' dir='ltr'><strong>ducit</strong></span> <span class='ocrx_word' id='word_1_279' title='bbox 632 4636 915 4700; x_wconf 80' lang='lat' dir='ltr'><strong>memoria,</strong></span> <span class='ocrx_word' id='word_1_280' title='bbox 948 4644 1041 4688; x_wconf 92' lang='lat' dir='ltr'><strong>aut</strong></span> <span class='ocrx_word' id='word_1_281' title='bbox 1065 4648 1233 4688; x_wconf 79' lang='lat' dir='ltr'><strong>n0vas</strong></span> <span class='ocrx_word' id='word_1_282' title='bbox 1260 4642 1554 4697; x_wconf 85' lang='lat' dir='ltr'><strong>curas,aut</strong></span> <span class='ocrx_word' id='word_1_283' title='bbox 1581 4648 1867 4702; x_wconf 88' lang='lat' dir='ltr'><strong>personam</strong></span> <span class='ocrx_word' id='word_1_284' title='bbox 1912 4633 2029 4702; x_wconf 78' lang='lat' dir='ltr'><strong>ejus</strong></span> 
     </span>
    </p>
   </div>
   <div class='ocr_carea' id='block_1_59' title="bbox 455 4727 1071 4801">
    <p class='ocr_par' dir='ltr' id='par_1_59' title="bbox 455 4727 1071 4801">
     <span class='ocr_line' id='line_1_59' title="bbox 455 4727 1071 4801; baseline -0.003 -17"><span class='ocrx_word' id='word_1_285' title='bbox 455 4733 547 4801; x_wconf 74' lang='lat' dir='ltr'><strong>qui</strong></span> <span class='ocrx_word' id='word_1_286' title='bbox 579 4741 629 4801; x_wconf 84' lang='lat' dir='ltr'><strong>te</strong></span> <span class='ocrx_word' id='word_1_287' title='bbox 656 4731 845 4799; x_wconf 87' lang='lat' dir='ltr'><strong>dolore</strong></span> <span class='ocrx_word' id='word_1_288' title='bbox 874 4727 1071 4783; x_wconf 66' lang='lat' dir='ltr'><strong>aﬂ‘ecit.</strong></span> 
     </span>
    </p>
   </div>
   <div class='ocr_carea' id='block_1_60' title="bbox 1037 4837 1478 4894">
    <p class='ocr_par' dir='ltr' id='par_1_60' title="bbox 1037 4837 1478 4894">
     <span class='ocr_line' id='line_1_60' title="bbox 1037 4837 1478 4894; baseline -0.005 -1"><span class='ocrx_word' id='word_1_289' title='bbox 1037 4838 1262 4894; x_wconf 83' lang='lat' dir='ltr'><strong>CAPUT</strong></span> <span class='ocrx_word' id='word_1_290' title='bbox 1292 4837 1478 4893; x_wconf 75' lang='lat' dir='ltr'><strong>XLVI.</strong></span> 
     </span>
    </p>
   </div>
   <div class='ocr_carea' id='block_1_61' title="bbox 526 4955 2035 5023">
    <p class='ocr_par' dir='ltr' id='par_1_61' title="bbox 526 4955 2035 5023">
     <span class='ocr_line' id='line_1_61' title="bbox 526 4955 2035 5023; baseline -0.003 -10"><span class='ocrx_word' id='word_1_291' title='bbox 526 4958 693 5014; x_wconf 79' lang='lat' dir='ltr'><strong>Valde</strong></span> <span class='ocrx_word' id='word_1_292' title='bbox 730 4956 932 5012; x_wconf 82' lang='lat' dir='ltr'><strong>invidet</strong></span> <span class='ocrx_word' id='word_1_293' title='bbox 962 4956 1176 5011; x_wconf 68' lang='lat' dir='ltr'><strong>daemon</strong></span> <span class='ocrx_word' id='word_1_294' title='bbox 1217 4955 1427 5010; x_wconf 88' lang='lat' dir='ltr'><strong>homini</strong></span> <span class='ocrx_word' id='word_1_295' title='bbox 1460 4956 1660 5020; x_wconf 85' lang='lat' dir='ltr'><strong>oranti,</strong></span> <span class='ocrx_word' id='word_1_296' title='bbox 1711 4970 2035 5023; x_wconf 84' lang='lat' dir='ltr'><strong>omnemque</strong></span> 
     </span>
    </p>
   </div>
   <div class='ocr_carea' id='block_1_62' title="bbox 455 5048 2030 5118">
    <p class='ocr_par' dir='ltr' id='par_1_62' title="bbox 455 5048 2030 5118">
     <span class='ocr_line' id='line_1_62' title="bbox 455 5048 2030 5118; baseline -0.005 -10"><span class='ocrx_word' id='word_1_297' title='bbox 455 5052 764 5112; x_wconf 83' lang='lat' dir='ltr'><strong>machinam</strong></span> <span class='ocrx_word' id='word_1_298' title='bbox 808 5050 1045 5114; x_wconf 78' lang='lat' dir='ltr'><strong>adhibet,</strong></span> <span class='ocrx_word' id='word_1_299' title='bbox 1095 5058 1154 5105; x_wconf 90' lang='lat' dir='ltr'><strong>ut</strong></span> <span class='ocrx_word' id='word_1_300' title='bbox 1192 5048 1310 5118; x_wconf 83' lang='lat' dir='ltr'><strong>ejus</strong></span> <span class='ocrx_word' id='word_1_301' title='bbox 1350 5049 1705 5104; x_wconf 85' lang='lat' dir='ltr'><strong>intentionem</strong></span> <span class='ocrx_word' id='word_1_302' title='bbox 1748 5048 2030 5117; x_wconf 89' lang='lat' dir='ltr'><strong>inquinet;</strong></span> 
     </span>
    </p>
   </div>
   <div class='ocr_carea' id='block_1_63' title="bbox 460 5142 2030 5213">
    <p class='ocr_par' dir='ltr' id='par_1_63' title="bbox 460 5142 2030 5213">
     <span class='ocr_line' id='line_1_63' title="bbox 460 5142 2030 5213; baseline -0.003 -16"><span class='ocrx_word' id='word_1_303' title='bbox 460 5162 569 5198; x_wconf 80' lang='lat' dir='ltr'><strong>non</strong></span> <span class='ocrx_word' id='word_1_304' title='bbox 587 5153 761 5199; x_wconf 84' lang='lat' dir='ltr'><strong>cessat</strong></span> <span class='ocrx_word' id='word_1_305' title='bbox 787 5144 951 5213; x_wconf 81' lang='lat' dir='ltr'><strong>igitur</strong></span> <span class='ocrx_word' id='word_1_306' title='bbox 984 5158 1076 5211; x_wconf 87' lang='lat' dir='ltr'><strong>per</strong></span> <span class='ocrx_word' id='word_1_307' title='bbox 1107 5143 1426 5205; x_wconf 82' lang='lat' dir='ltr'><strong>memoriam</strong></span> <span class='ocrx_word' id='word_1_308' title='bbox 1450 5142 1806 5211; x_wconf 81' lang='lat' dir='ltr'><strong>cogitationes</strong></span> <span class='ocrx_word' id='word_1_309' title='bbox 1839 5142 2030 5194; x_wconf 87' lang='lat' dir='ltr'><strong>harum</strong></span> 
     </span>
    </p>
   </div>
   <div class='ocr_carea' id='block_1_64' title="bbox 460 5234 2031 5303">
    <p class='ocr_par' dir='ltr' id='par_1_64' title="bbox 460 5234 2031 5303">
     <span class='ocr_line' id='line_1_64' title="bbox 460 5234 2031 5303; baseline -0.003 -14"><span class='ocrx_word' id='word_1_310' title='bbox 460 5252 640 5289; x_wconf 78' lang='lat' dir='ltr'><strong>rerum</strong></span> <span class='ocrx_word' id='word_1_311' title='bbox 670 5250 1036 5297; x_wconf 86' lang='lat' dir='ltr'><strong>commovere.</strong></span> <span class='ocrx_word' id='word_1_312' title='bbox 1061 5250 1362 5303; x_wconf 87' lang='lat' dir='ltr'><strong>omnesque</strong></span> <span class='ocrx_word' id='word_1_313' title='bbox 1387 5234 1673 5303; x_wconf 85' lang='lat' dir='ltr'><strong>passiones</strong></span> <span class='ocrx_word' id='word_1_314' title='bbox 1692 5249 1785 5301; x_wconf 79' lang='lat' dir='ltr'><strong>per</strong></span> <span class='ocrx_word' id='word_1_315' title='bbox 1812 5249 2031 5288; x_wconf 82' lang='lat' dir='ltr'><strong>carnem</strong></span> 
     </span>
    </p>
   </div>
   <div class='ocr_carea' id='block_1_65' title="bbox 461 5326 2034 5396">
    <p class='ocr_par' dir='ltr' id='par_1_65' title="bbox 461 5326 2034 5396">
     <span class='ocr_line' id='line_1_65' title="bbox 461 5326 2034 5396; baseline -0.001 -17"><span class='ocrx_word' id='word_1_316' title='bbox 461 5337 721 5396; x_wconf 81' lang='lat' dir='ltr'><strong>tanquam</strong></span> <span class='ocrx_word' id='word_1_317' title='bbox 769 5327 1011 5381; x_wconf 88' lang='lat' dir='ltr'><strong>vectibus</strong></span> <span class='ocrx_word' id='word_1_318' title='bbox 1061 5328 1420 5392; x_wconf 82' lang='lat' dir='ltr'><strong>subexcitarc,</strong></span> <span class='ocrx_word' id='word_1_319' title='bbox 1467 5334 1525 5379; x_wconf 84' lang='lat' dir='ltr'><strong>ut</strong></span> <span class='ocrx_word' id='word_1_320' title='bbox 1561 5326 1821 5393; x_wconf 79' lang='lat' dir='ltr'><strong>impedire</strong></span> <span class='ocrx_word' id='word_1_321' title='bbox 1862 5328 2034 5395; x_wconf 82' lang='lat' dir='ltr'><strong>possit</strong></span> 
     </span>
    </p>
   </div>
   <div class='ocr_carea' id='block_1_66' title="bbox 394 5417 1927 5491">
    <p class='ocr_par' dir='ltr' id='par_1_66' title="bbox 394 5417 1927 5491">
     <span class='ocr_line' id='line_1_66' title="bbox 394 5417 1927 5491; baseline 0.001 -22"><span class='ocrx_word' id='word_1_322' title='bbox 394 5476 407 5491; x_wconf 50' lang='lat'><em>.</em></span> <span class='ocrx_word' id='word_1_323' title='bbox 458 5421 723 5487; x_wconf 76' lang='lat' dir='ltr'><strong>optimum</strong></span> <span class='ocrx_word' id='word_1_324' title='bbox 746 5418 925 5487; x_wconf 76' lang='lat' dir='ltr'><strong>ipsius</strong></span> <span class='ocrx_word' id='word_1_325' title='bbox 960 5434 1202 5483; x_wconf 81' lang='lat' dir='ltr'><strong>cursum,</strong></span> <span class='ocrx_word' id='word_1_326' title='bbox 1235 5430 1287 5473; x_wconf 91' lang='lat' dir='ltr'><strong>et</strong></span> <span class='ocrx_word' id='word_1_327' title='bbox 1316 5434 1595 5474; x_wconf 84' lang='lat' dir='ltr'><strong>accessum</strong></span> <span class='ocrx_word' id='word_1_328' title='bbox 1630 5418 1692 5470; x_wconf 79' lang='lat' dir='ltr'><strong>ad</strong></span> <span class='ocrx_word' id='word_1_329' title='bbox 1738 5417 1927 5470; x_wconf 84' lang='lat' dir='ltr'><strong>Deum.</strong></span> 
     </span>
    </p>
   </div>
   <div class='ocr_carea' id='block_1_67' title="bbox 1023 5554 1487 5611">
    <p class='ocr_par' dir='ltr' id='par_1_67' title="bbox 1023 5554 1487 5611">
     <span class='ocr_line' id='line_1_67' title="bbox 1023 5554 1487 5611; baseline -0.002 -1"><span class='ocrx_word' id='word_1_330' title='bbox 1023 5556 1250 5611; x_wconf 80' lang='lat' dir='ltr'><strong>CAPUT</strong></span> <span class='ocrx_word' id='word_1_331' title='bbox 1278 5554 1487 5609; x_wconf 72' lang='lat' dir='ltr'><strong>XLVII.</strong></span> 
     </span>
    </p>
   </div>
   <div class='ocr_carea' id='block_1_68' title="bbox 535 5668 2031 5737">
    <p class='ocr_par' dir='ltr' id='par_1_68' title="bbox 535 5668 2031 5737">
     <span class='ocr_line' id='line_1_68' title="bbox 535 5668 2031 5737; baseline 0.003 -20"><span class='ocrx_word' id='word_1_332' title='bbox 535 5668 765 5730; x_wconf 78' lang='lat' dir='ltr'><strong>Quando</strong></span> <span class='ocrx_word' id='word_1_333' title='bbox 798 5670 1236 5736; x_wconf 78' lang='lat' dir='ltr'><strong>improbissimus</strong></span> <span class='ocrx_word' id='word_1_334' title='bbox 1269 5673 1477 5723; x_wconf 68' lang='lat' dir='ltr'><strong>dmmon</strong></span> <span class='ocrx_word' id='word_1_335' title='bbox 1528 5669 1753 5737; x_wconf 82' lang='lat' dir='ltr'><strong>plurima</strong></span> <span class='ocrx_word' id='word_1_336' title='bbox 1792 5671 2031 5729; x_wconf 83' lang='lat' dir='ltr'><strong>molitus,</strong></span> 
     </span>
    </p>
   </div>
   <div class='ocr_carea' id='block_1_69' title="bbox 468 5756 2035 5833">
    <p class='ocr_par' dir='ltr' id='par_1_69' title="bbox 468 5756 2035 5833">
     <span class='ocr_line' id='line_1_69' title="bbox 468 5756 2035 5833; baseline 0.005 -24"><span class='ocrx_word' id='word_1_337' title='bbox 468 5756 697 5810; x_wconf 76' lang='lat' dir='ltr'><strong>studiosi</strong></span> <span class='ocrx_word' id='word_1_338' title='bbox 729 5761 1026 5814; x_wconf 76' lang='lat' dir='ltr'><strong>oralionem</strong></span> <span class='ocrx_word' id='word_1_339' title='bbox 1061 5762 1321 5830; x_wconf 74' lang='lat' dir='ltr'><strong>impedire</strong></span> <span class='ocrx_word' id='word_1_340' title='bbox 1370 5780 1473 5816; x_wconf 84' lang='lat' dir='ltr'><strong>non</strong></span> <span class='ocrx_word' id='word_1_341' title='bbox 1516 5763 1767 5830; x_wconf 78' lang='lat' dir='ltr'><strong>poluerit,</strong></span> <span class='ocrx_word' id='word_1_342' title='bbox 1825 5780 2035 5833; x_wconf 77' lang='lat' dir='ltr'><strong>parum-</strong></span> 
     </span>
    </p>
   </div>
   <div class='ocr_carea' id='block_1_70' title="bbox 2138 1899 3714 1976">
    <p class='ocr_par' dir='ltr' id='par_1_70' title="bbox 2138 1899 3714 1976">
     <span class='ocr_line' id='line_1_70' title="bbox 2138 1899 3714 1976; baseline -0.004 -18"><span class='ocrx_word' id='word_1_343' title='bbox 2138 1906 2408 1976; x_wconf 87' lang='grc' dir='ltr'>εύχεσθαι,</span> <span class='ocrx_word' id='word_1_344' title='bbox 2451 1905 2586 1959; x_wconf 84' lang='grc' dir='ltr'><strong>ἀλλά</strong></span> <span class='ocrx_word' id='word_1_345' title='bbox 2632 1906 2724 1958; x_wconf 73' lang='grc' dir='ltr'>καὶ</span> <span class='ocrx_word' id='word_1_346' title='bbox 2757 1905 2889 1975; x_wconf 75' lang='grc' dir='ltr'>περὶ</span> <span class='ocrx_word' id='word_1_347' title='bbox 2928 1904 3127 1965; x_wconf 84' lang='grc' dir='ltr'>παντὸς</span> <span class='ocrx_word' id='word_1_348' title='bbox 3155 1901 3456 1973; x_wconf 81' lang='grc' dir='ltr'>ὁμοφύλου,</span> <span class='ocrx_word' id='word_1_349' title='bbox 3494 1900 3585 1953; x_wconf 87' lang='grc' dir='ltr'><strong>ἴνα</strong></span> <span class='ocrx_word' id='word_1_350' title='bbox 3610 1899 3714 1967; x_wconf 76' lang='grc' dir='ltr'><strong>ἀγ-</strong></span> 
     </span>
    </p>
   </div>
   <div class='ocr_carea' id='block_1_71' title="bbox 2136 1996 2851 2067">
    <p class='ocr_par' dir='ltr' id='par_1_71' title="bbox 2136 1996 2851 2067">
     <span class='ocr_line' id='line_1_71' title="bbox 2136 1996 2851 2067; baseline -0.001 -18"><span class='ocrx_word' id='word_1_351' title='bbox 2136 1996 2351 2066; x_wconf 70' lang='grc' dir='ltr'>γελικὸν</span> <span class='ocrx_word' id='word_1_352' title='bbox 2385 1997 2524 2066; x_wconf 83' lang='grc' dir='ltr'>μιμή</span> <span class='ocrx_word' id='word_1_353' title='bbox 2534 2013 2599 2067; x_wconf 85' lang='grc' dir='ltr'>σῃ</span> <span class='ocrx_word' id='word_1_354' title='bbox 2631 1996 2727 2067; x_wconf 85' lang='grc' dir='ltr'>τρό</span> <span class='ocrx_word' id='word_1_355' title='bbox 2736 2013 2851 2049; x_wconf 84' lang='grc' dir='ltr'>πον.</span> 
     </span>
    </p>
   </div>
   <div class='ocr_carea' id='block_1_72' title="bbox 2728 2106 3107 2160">
    <p class='ocr_par' dir='ltr' id='par_1_72' title="bbox 2728 2106 3107 2160">
     <span class='ocr_line' id='line_1_72' title="bbox 2728 2106 3107 2160; baseline -0.005 0"><span class='ocrx_word' id='word_1_356' title='bbox 2728 2107 2980 2160; x_wconf 81' lang='grc' dir='ltr'><strong>ΚΕΦΑΔ.</strong></span> <span class='ocrx_word' id='word_1_357' title='bbox 3019 2106 3107 2159; x_wconf 82' lang='grc' dir='ltr'><strong>Μ’.</strong></span> 
     </span>
    </p>
   </div>
   <div class='ocr_carea' id='block_1_73' title="bbox 2209 2216 3711 2291">
    <p class='ocr_par' dir='ltr' id='par_1_73' title="bbox 2209 2216 3711 2291">
     <span class='ocr_line' id='line_1_73' title="bbox 2209 2216 3711 2291; baseline -0.006 -16"><span class='ocrx_word' id='word_1_358' title='bbox 2209 2222 2368 2291; x_wconf 82' lang='grc' dir='ltr'>Ὅρα,</span> <span class='ocrx_word' id='word_1_359' title='bbox 2409 2220 2502 2273; x_wconf 80' lang='grc' dir='ltr'>ἐὰν</span> <span class='ocrx_word' id='word_1_360' title='bbox 2531 2219 2748 2289; x_wconf 84' lang='grc' dir='ltr'>ἀληθῶς</span> <span class='ocrx_word' id='word_1_361' title='bbox 2788 2218 2906 2288; x_wconf 84' lang='grc' dir='ltr'><strong>Θεῷ</strong></span> <span class='ocrx_word' id='word_1_362' title='bbox 2949 2217 3305 2288; x_wconf 80' lang='grc' dir='ltr'>παρέστηκας</span> <span class='ocrx_word' id='word_1_363' title='bbox 3335 2216 3393 2267; x_wconf 85' lang='grc' dir='ltr'><strong>ὲν</strong></span> <span class='ocrx_word' id='word_1_364' title='bbox 3433 2216 3496 2283; x_wconf 85' lang='grc' dir='ltr'><strong>τῇ</strong></span> <span class='ocrx_word' id='word_1_365' title='bbox 3536 2227 3711 2282; x_wconf 84' lang='grc' dir='ltr'>προσ-</span> 
     </span>
    </p>
   </div>
   <div class='ocr_carea' id='block_1_74' title="bbox 2136 2304 3707 2381">
    <p class='ocr_par' dir='ltr' id='par_1_74' title="bbox 2136 2304 3707 2381">
     <span class='ocr_line' id='line_1_74' title="bbox 2136 2304 3707 2381; baseline -0.006 -17"><span class='ocrx_word' id='word_1_366' title='bbox 2136 2314 2266 2381; x_wconf 81' lang='grc' dir='ltr'>ευχῇ</span> <span class='ocrx_word' id='word_1_367' title='bbox 2301 2328 2416 2371; x_wconf 89' lang='grc' dir='ltr'>σου,</span> <span class='ocrx_word' id='word_1_368' title='bbox 2447 2310 2480 2380; x_wconf 76' lang='grc' dir='ltr'><strong>ἢ</strong></span> <span class='ocrx_word' id='word_1_369' title='bbox 2516 2311 2720 2378; x_wconf 80' lang='grc' dir='ltr'>ἐπαίνῳ</span> <span class='ocrx_word' id='word_1_370' title='bbox 2752 2307 3052 2377; x_wconf 79' lang='grc' dir='ltr'>ἀνθρώπων</span> <span class='ocrx_word' id='word_1_371' title='bbox 3084 2307 3335 2376; x_wconf 82' lang='grc' dir='ltr'>ἠττᾶσαι,</span> <span class='ocrx_word' id='word_1_372' title='bbox 3382 2304 3707 2356; x_wconf 69' lang='grc' dir='ltr'>καὶτούτων</span> 
     </span>
    </p>
   </div>
   <div class='ocr_carea' id='block_1_75' title="bbox 2135 2392 3704 2471">
    <p class='ocr_par' dir='ltr' id='par_1_75' title="bbox 2135 2392 3704 2471">
     <span class='ocr_line' id='line_1_75' title="bbox 2135 2392 3704 2471; baseline -0.009 -15"><span class='ocrx_word' id='word_1_373' title='bbox 2135 2404 2308 2471; x_wconf 77' lang='grc' dir='ltr'>θηρᾷν</span> <span class='ocrx_word' id='word_1_374' title='bbox 2339 2401 2557 2471; x_wconf 78' lang='grc' dir='ltr'>ἐπείγῃ,</span> <span class='ocrx_word' id='word_1_375' title='bbox 2600 2398 2787 2467; x_wconf 81' lang='grc' dir='ltr'>ὥσπερ</span> <span class='ocrx_word' id='word_1_376' title='bbox 2822 2396 3240 2466; x_wconf 79' lang='grc' dir='ltr'>ἐπικαλύμματι</span> <span class='ocrx_word' id='word_1_377' title='bbox 3268 2392 3608 2464; x_wconf 81' lang='grc' dir='ltr'><strong>κεχρημένος</strong></span> <span class='ocrx_word' id='word_1_378' title='bbox 3639 2394 3704 2461; x_wconf 79' lang='grc' dir='ltr'>τῇ</span> 
     </span>
    </p>
   </div>
   <div class='ocr_carea' id='block_1_76' title="bbox 2136 2489 2973 2564">
    <p class='ocr_par' dir='ltr' id='par_1_76' title="bbox 2136 2489 2973 2564">
     <span class='ocr_line' id='line_1_76' title="bbox 2136 2489 2973 2564; baseline -0.007 -19"><span class='ocrx_word' id='word_1_379' title='bbox 2136 2493 2476 2564; x_wconf 76' lang='grc' dir='ltr'>παραστάσει</span> <span class='ocrx_word' id='word_1_380' title='bbox 2508 2491 2607 2560; x_wconf 82' lang='grc' dir='ltr'>τῆς</span> <span class='ocrx_word' id='word_1_381' title='bbox 2642 2489 2973 2559; x_wconf 78' lang='grc' dir='ltr'>προσευχῆς.</span> 
     </span>
    </p>
   </div>
   <div class='ocr_carea' id='block_1_77' title="bbox 2709 2600 3137 2654">
    <p class='ocr_par' dir='ltr' id='par_1_77' title="bbox 2709 2600 3137 2654">
     <span class='ocr_line' id='line_1_77' title="bbox 2709 2600 3137 2654; baseline -0.009 0"><span class='ocrx_word' id='word_1_382' title='bbox 2709 2601 2961 2654; x_wconf 79' lang='grc' dir='ltr'><strong>ΚΕΦΔΛ.</strong></span> <span class='ocrx_word' id='word_1_383' title='bbox 3001 2600 3137 2653; x_wconf 79' lang='lat' dir='ltr'><strong>MA’.</strong></span> 
     </span>
    </p>
   </div>
   <div class='ocr_carea' id='block_1_78' title="bbox 2204 2708 3705 2787">
    <p class='ocr_par' dir='ltr' id='par_1_78' title="bbox 2204 2708 3705 2787">
     <span class='ocr_line' id='line_1_78' title="bbox 2204 2708 3705 2787; baseline -0.006 -17"><span class='ocrx_word' id='word_1_384' title='bbox 2204 2717 2329 2770; x_wconf 82' lang='grc' dir='ltr'>Εἴτε</span> <span class='ocrx_word' id='word_1_385' title='bbox 2360 2716 2499 2787; x_wconf 78' lang='grc' dir='ltr'>μετὰ</span> <span class='ocrx_word' id='word_1_386' title='bbox 2532 2716 2775 2784; x_wconf 81' lang='grc' dir='ltr'>ἀδελφῶν</span> <span class='ocrx_word' id='word_1_387' title='bbox 2822 2714 3121 2785; x_wconf 82' lang='grc' dir='ltr'>προσεύχῃ,</span> <span class='ocrx_word' id='word_1_388' title='bbox 3166 2713 3276 2765; x_wconf 76' lang='grc' dir='ltr'>εἴτε</span> <span class='ocrx_word' id='word_1_389' title='bbox 3323 2710 3467 2764; x_wconf 78' lang='grc' dir='ltr'>κατὰ</span> <span class='ocrx_word' id='word_1_390' title='bbox 3511 2708 3705 2779; x_wconf 83' lang='grc' dir='ltr'>μόνας,</span> 
     </span>
    </p>
   </div>
   <div class='ocr_carea' id='block_1_79' title="bbox 2132 2801 3607 2879">
    <p class='ocr_par' dir='ltr' id='par_1_79' title="bbox 2132 2801 3607 2879">
     <span class='ocr_line' id='line_1_79' title="bbox 2132 2801 3607 2879; baseline -0.007 -16"><span class='ocrx_word' id='word_1_391' title='bbox 2132 2808 2420 2877; x_wconf 79' lang='grc' dir='ltr'>ἀγώνισαι,</span> <span class='ocrx_word' id='word_1_392' title='bbox 2457 2808 2531 2879; x_wconf 83' lang='grc' dir='ltr'>μὴ</span> <span class='ocrx_word' id='word_1_393' title='bbox 2561 2807 2694 2873; x_wconf 72' lang='grc' dir='ltr'>ἔθει,</span> <span class='ocrx_word' id='word_1_394' title='bbox 2735 2806 2873 2860; x_wconf 84' lang='grc' dir='ltr'>ἀλλὰ</span> <span class='ocrx_word' id='word_1_395' title='bbox 2905 2806 3153 2875; x_wconf 81' lang='grc' dir='ltr'>αἰσθήσει</span> <span class='ocrx_word' id='word_1_396' title='bbox 3186 2801 3607 2874; x_wconf 77' lang='grc' dir='ltr'>προσεύχεσθαι.</span> 
     </span>
    </p>
   </div>
   <div class='ocr_carea' id='block_1_80' title="bbox 2709 2917 3134 2976">
    <p class='ocr_par' dir='ltr' id='par_1_80' title="bbox 2709 2917 3134 2976">
     <span class='ocr_line' id='line_1_80' title="bbox 2709 2917 3134 2976; baseline -0.007 0"><span class='ocrx_word' id='word_1_397' title='bbox 2709 2922 2962 2976; x_wconf 79' lang='grc' dir='ltr'><strong>ΚΕΦΑΛ.</strong></span> <span class='ocrx_word' id='word_1_398' title='bbox 3002 2921 3057 2973; x_wconf 89' lang='grc' dir='ltr'><strong>Μ</strong></span> <span class='ocrx_word' id='word_1_399' title='bbox 3066 2917 3134 2973; x_wconf 84' lang='lat' dir='ltr'><strong>B’.</strong></span> 
     </span>
    </p>
   </div>
   <div class='ocr_carea' id='block_1_81' title="bbox 2201 3027 3703 3109">
    <p class='ocr_par' dir='ltr' id='par_1_81' title="bbox 2201 3027 3703 3109">
     <span class='ocr_line' id='line_1_81' title="bbox 2201 3027 3703 3109; baseline -0.008 -18"><span class='ocrx_word' id='word_1_400' title='bbox 2201 3034 2372 3100; x_wconf 84' lang='grc' dir='ltr'>Ἦθος</span> <span class='ocrx_word' id='word_1_401' title='bbox 2405 3037 2523 3091; x_wconf 74' lang='grc' dir='ltr'>ἐστὶ</span> <span class='ocrx_word' id='word_1_402' title='bbox 2553 3036 2864 3109; x_wconf 80' lang='grc' dir='ltr'>προσευχῆς</span> <span class='ocrx_word' id='word_1_403' title='bbox 2894 3034 3111 3087; x_wconf 86' lang='grc' dir='ltr'>σύννοια</span> <span class='ocrx_word' id='word_1_404' title='bbox 3140 3032 3257 3103; x_wconf 85' lang='grc' dir='ltr'>μετ’</span> <span class='ocrx_word' id='word_1_405' title='bbox 3283 3028 3587 3093; x_wconf 75' lang='grc' dir='ltr'>εὐλαϐείας,</span> <span class='ocrx_word' id='word_1_406' title='bbox 3611 3027 3703 3081; x_wconf 80' lang='grc' dir='ltr'><strong>καὶ</strong></span> 
     </span>
    </p>
   </div>
   <div class='ocr_carea' id='block_1_82' title="bbox 2133 3121 3705 3196">
    <p class='ocr_par' dir='ltr' id='par_1_82' title="bbox 2133 3121 3705 3196">
     <span class='ocr_line' id='line_1_82' title="bbox 2133 3121 3705 3196; baseline -0.008 -12"><span class='ocrx_word' id='word_1_407' title='bbox 2133 3128 2501 3195; x_wconf 81' lang='grc' dir='ltr'>κατανύξεως,</span> <span class='ocrx_word' id='word_1_408' title='bbox 2536 3129 2630 3182; x_wconf 73' lang='grc' dir='ltr'>καὶ</span> <span class='ocrx_word' id='word_1_409' title='bbox 2658 3122 2849 3196; x_wconf 75' lang='grc' dir='ltr'>ὀδύνης</span> <span class='ocrx_word' id='word_1_410' title='bbox 2878 3126 3055 3196; x_wconf 76' lang='grc' dir='ltr'>ψυχῆς</span> <span class='ocrx_word' id='word_1_411' title='bbox 3080 3125 3139 3178; x_wconf 83' lang='grc' dir='ltr'>ὲν</span> <span class='ocrx_word' id='word_1_412' title='bbox 3168 3121 3517 3193; x_wconf 78' lang='grc' dir='ltr'>ἐξαγορεύσει</span> <span class='ocrx_word' id='word_1_413' title='bbox 3549 3136 3705 3174; x_wconf 74' lang='grc' dir='ltr'>πται-</span> 
     </span>
    </p>
   </div>
   <div class='ocr_carea' id='block_1_83' title="bbox 2134 3218 3177 3297">
    <p class='ocr_par' dir='ltr' id='par_1_83' title="bbox 2134 3218 3177 3297">
     <span class='ocr_line' id='line_1_83' title="bbox 2134 3218 3177 3297; baseline -0.007 -18"><span class='ocrx_word' id='word_1_414' title='bbox 2134 3227 2357 3297; x_wconf 88' lang='grc' dir='ltr'>σμάτων</span> <span class='ocrx_word' id='word_1_415' title='bbox 2397 3225 2536 3297; x_wconf 81' lang='grc' dir='ltr'>μετὰ</span> <span class='ocrx_word' id='word_1_416' title='bbox 2567 3221 2890 3293; x_wconf 78' lang='grc' dir='ltr'>στεναγμῶν</span> <span class='ocrx_word' id='word_1_417' title='bbox 2921 3218 3177 3290; x_wconf 75' lang='grc' dir='ltr'>ἀφώνων.</span> 
     </span>
    </p>
   </div>
   <div class='ocr_carea' id='block_1_84' title="bbox 2714 3336 3139 3391">
    <p class='ocr_par' dir='ltr' id='par_1_84' title="bbox 2714 3336 3139 3391">
     <span class='ocr_line' id='line_1_84' title="bbox 2714 3336 3139 3391; baseline -0.002 -2"><span class='ocrx_word' id='word_1_418' title='bbox 2714 3336 2967 3391; x_wconf 79' lang='grc' dir='ltr'><strong>ΚΕΦΑΛ.</strong></span> <span class='ocrx_word' id='word_1_419' title='bbox 3007 3336 3139 3389; x_wconf 76' lang='lat' dir='ltr'><strong>MI&quot;.</strong></span> 
     </span>
    </p>
   </div>
   <div class='ocr_carea' id='block_1_85' title="bbox 2215 3441 3705 3524">
    <p class='ocr_par' dir='ltr' id='par_1_85' title="bbox 2215 3441 3705 3524">
     <span class='ocr_line' id='line_1_85' title="bbox 2215 3441 3705 3524; baseline -0.009 -17"><span class='ocrx_word' id='word_1_420' title='bbox 2215 3454 2339 3507; x_wconf 77' lang='grc' dir='ltr'><strong>Ἐὰν</strong></span> <span class='ocrx_word' id='word_1_421' title='bbox 2365 3452 2763 3524; x_wconf 73' lang='grc' dir='ltr'>περιῆλέπηται</span> <span class='ocrx_word' id='word_1_422' title='bbox 2791 3451 2818 3502; x_wconf 98' lang='lat'><strong>6</strong></span> <span class='ocrx_word' id='word_1_423' title='bbox 2849 3449 2973 3512; x_wconf 80' lang='grc' dir='ltr'>νοῦς</span> <span class='ocrx_word' id='word_1_424' title='bbox 3003 3465 3093 3501; x_wconf 89' lang='grc' dir='ltr'><strong>σου</strong></span> <span class='ocrx_word' id='word_1_425' title='bbox 3121 3445 3307 3515; x_wconf 82' lang='grc' dir='ltr'>ἀκμὴν</span> <span class='ocrx_word' id='word_1_426' title='bbox 3334 3444 3392 3497; x_wconf 86' lang='grc' dir='ltr'><strong>ὲν</strong></span> <span class='ocrx_word' id='word_1_427' title='bbox 3422 3441 3501 3512; x_wconf 84' lang='grc' dir='ltr'>τῷ</span> <span class='ocrx_word' id='word_1_428' title='bbox 3528 3442 3705 3514; x_wconf 81' lang='grc' dir='ltr'>καιρῷ</span> 
     </span>
    </p>
   </div>
   <div class='ocr_carea' id='block_1_86' title="bbox 2131 3534 3703 3617">
    <p class='ocr_par' dir='ltr' id='par_1_86' title="bbox 2131 3534 3703 3617">
     <span class='ocr_line' id='line_1_86' title="bbox 2131 3534 3703 3617; baseline -0.01 -17"><span class='ocrx_word' id='word_1_429' title='bbox 2131 3548 2229 3616; x_wconf 78' lang='grc' dir='ltr'><strong>τῆς</strong></span> <span class='ocrx_word' id='word_1_430' title='bbox 2278 3545 2612 3617; x_wconf 80' lang='grc' dir='ltr'>προσευχῆς,</span> <span class='ocrx_word' id='word_1_431' title='bbox 2669 3543 2880 3597; x_wconf 78' lang='grc' dir='ltr'>οὐδέπω</span> <span class='ocrx_word' id='word_1_432' title='bbox 2909 3540 2984 3604; x_wconf 84' lang='grc' dir='ltr'>ὡς</span> <span class='ocrx_word' id='word_1_433' title='bbox 3041 3537 3275 3610; x_wconf 82' lang='grc' dir='ltr'>μοναχὸς</span> <span class='ocrx_word' id='word_1_434' title='bbox 3321 3534 3703 3608; x_wconf 83' lang='grc' dir='ltr'>προσεύχεται,</span> 
     </span>
    </p>
   </div>
   <div class='ocr_carea' id='block_1_87' title="bbox 2131 3626 3706 3709">
    <p class='ocr_par' dir='ltr' id='par_1_87' title="bbox 2131 3626 3706 3709">
     <span class='ocr_line' id='line_1_87' title="bbox 2131 3626 3706 3709; baseline -0.01 -17"><span class='ocrx_word' id='word_1_435' title='bbox 2131 3638 2246 3693; x_wconf 82' lang='grc' dir='ltr'>ἀλλ’</span> <span class='ocrx_word' id='word_1_436' title='bbox 2282 3639 2363 3693; x_wconf 79' lang='grc' dir='ltr'>ἔτι</span> <span class='ocrx_word' id='word_1_437' title='bbox 2410 3637 2672 3709; x_wconf 82' lang='grc' dir='ltr'>κοσμικὸς</span> <span class='ocrx_word' id='word_1_438' title='bbox 2719 3639 2853 3699; x_wconf 78' lang='grc' dir='ltr'>ἐστι,</span> <span class='ocrx_word' id='word_1_439' title='bbox 2890 3635 2988 3706; x_wconf 83' lang='grc' dir='ltr'>τὴν</span> <span class='ocrx_word' id='word_1_440' title='bbox 3030 3630 3228 3700; x_wconf 76' lang='grc' dir='ltr'>ἔξωθεν</span> <span class='ocrx_word' id='word_1_441' title='bbox 3261 3627 3468 3698; x_wconf 84' lang='grc' dir='ltr'>σκηνὴν</span> <span class='ocrx_word' id='word_1_442' title='bbox 3501 3626 3706 3680; x_wconf 82' lang='grc' dir='ltr'>καλλω-</span> 
     </span>
    </p>
   </div>
   <div class='ocr_carea' id='block_1_88' title="bbox 2133 3731 2327 3794">
    <p class='ocr_par' dir='ltr' id='par_1_88' title="bbox 2133 3731 2327 3794">
     <span class='ocr_line' id='line_1_88' title="bbox 2133 3731 2327 3794; baseline 0.01 -12"><span class='ocrx_word' id='word_1_443' title='bbox 2133 3731 2327 3794; x_wconf 79' lang='grc' dir='ltr'>πίζων.</span> 
     </span>
    </p>
   </div>
   <div class='ocr_carea' id='block_1_89' title="bbox 2718 3838 3142 3893">
    <p class='ocr_par' dir='ltr' id='par_1_89' title="bbox 2718 3838 3142 3893">
     <span class='ocr_line' id='line_1_89' title="bbox 2718 3838 3142 3893; baseline -0.012 0"><span class='ocrx_word' id='word_1_444' title='bbox 2718 3840 2973 3893; x_wconf 77' lang='grc' dir='ltr'><strong>ΚΕΦΛΛ.</strong></span> <span class='ocrx_word' id='word_1_445' title='bbox 3011 3838 3142 3890; x_wconf 78' lang='lat' dir='ltr'><strong>MA&#39;.</strong></span> 
     </span>
    </p>
   </div>
   <div class='ocr_carea' id='block_1_90' title="bbox 2203 3937 3699 4025">
    <p class='ocr_par' dir='ltr' id='par_1_90' title="bbox 2203 3937 3699 4025">
     <span class='ocr_line' id='line_1_90' title="bbox 2203 3937 3699 4025; baseline -0.017 -16"><span class='ocrx_word' id='word_1_446' title='bbox 2203 3952 2663 4025; x_wconf 86' lang='grc' dir='ltr'>Προσευχόμενος,</span> <span class='ocrx_word' id='word_1_447' title='bbox 2695 3948 2794 4016; x_wconf 84' lang='grc' dir='ltr'>τὴν</span> <span class='ocrx_word' id='word_1_448' title='bbox 2819 3948 3040 4017; x_wconf 84' lang='grc' dir='ltr'>μνήμην</span> <span class='ocrx_word' id='word_1_449' title='bbox 3074 3960 3168 3996; x_wconf 91' lang='grc' dir='ltr'><strong>σου</strong></span> <span class='ocrx_word' id='word_1_450' title='bbox 3196 3942 3423 4010; x_wconf 83' lang='grc' dir='ltr'>δυνάμει</span> <span class='ocrx_word' id='word_1_451' title='bbox 3448 3937 3699 4006; x_wconf 77' lang='grc' dir='ltr'>φύλαττε,</span> 
     </span>
    </p>
   </div>
   <div class='ocr_carea' id='block_1_91' title="bbox 2134 4030 3702 4120">
    <p class='ocr_par' dir='ltr' id='par_1_91' title="bbox 2134 4030 3702 4120">
     <span class='ocr_line' id='line_1_91' title="bbox 2134 4030 3702 4120; baseline -0.013 -17"><span class='ocrx_word' id='word_1_452' title='bbox 2134 4051 2219 4104; x_wconf 83' lang='grc' dir='ltr'><strong>ἵνα</strong></span> <span class='ocrx_word' id='word_1_453' title='bbox 2259 4049 2334 4120; x_wconf 80' lang='grc' dir='ltr'>μὴ</span> <span class='ocrx_word' id='word_1_454' title='bbox 2376 4048 2445 4101; x_wconf 74' lang='grc' dir='ltr'>τὰ</span> <span class='ocrx_word' id='word_1_455' title='bbox 2491 4047 2669 4099; x_wconf 86' lang='grc' dir='ltr'>οίκεῖα</span> <span class='ocrx_word' id='word_1_456' title='bbox 2720 4040 3035 4112; x_wconf 77' lang='grc' dir='ltr'>παραθηταί</span> <span class='ocrx_word' id='word_1_457' title='bbox 3084 4056 3189 4103; x_wconf 87' lang='grc' dir='ltr'>σοι,</span> <span class='ocrx_word' id='word_1_458' title='bbox 3238 4036 3377 4091; x_wconf 75' lang='grc' dir='ltr'>ἀλλὰ</span> <span class='ocrx_word' id='word_1_459' title='bbox 3426 4033 3563 4104; x_wconf 72' lang='grc' dir='ltr'>πρὸς</span> <span class='ocrx_word' id='word_1_460' title='bbox 3605 4030 3702 4099; x_wconf 82' lang='grc' dir='ltr'><strong>τὴν</strong></span> 
     </span>
    </p>
   </div>
   <div class='ocr_carea' id='block_1_92' title="bbox 2132 4125 3702 4213">
    <p class='ocr_par' dir='ltr' id='par_1_92' title="bbox 2132 4125 3702 4213">
     <span class='ocr_line' id='line_1_92' title="bbox 2132 4125 3702 4213; baseline -0.015 -16"><span class='ocrx_word' id='word_1_461' title='bbox 2132 4142 2333 4213; x_wconf 86' lang='grc' dir='ltr'>γνῶσιν</span> <span class='ocrx_word' id='word_1_462' title='bbox 2361 4141 2463 4208; x_wconf 81' lang='grc' dir='ltr'>τῆς</span> <span class='ocrx_word' id='word_1_463' title='bbox 2508 4135 2869 4207; x_wconf 73' lang='grc' dir='ltr'>παρατάσεως</span> <span class='ocrx_word' id='word_1_464' title='bbox 2919 4150 2978 4184; x_wconf 86' lang='grc' dir='ltr'><strong>σε</strong></span> <span class='ocrx_word' id='word_1_465' title='bbox 3008 4134 3155 4202; x_wconf 81' lang='grc' dir='ltr'>κινῇ·</span> <span class='ocrx_word' id='word_1_466' title='bbox 3199 4128 3325 4180; x_wconf 83' lang='grc' dir='ltr'>λίαν</span> <span class='ocrx_word' id='word_1_467' title='bbox 3352 4126 3462 4196; x_wconf 84' lang='grc' dir='ltr'><strong>γὰρ</strong></span> <span class='ocrx_word' id='word_1_468' title='bbox 3494 4125 3702 4193; x_wconf 77' lang='grc' dir='ltr'>πέφυκε</span> 
     </span>
    </p>
   </div>
   <div class='ocr_carea' id='block_1_93' title="bbox 2135 4216 3701 4294">
    <p class='ocr_par' dir='ltr' id='par_1_93' title="bbox 2135 4216 3701 4294">
     <span class='ocr_line' id='line_1_93' title="bbox 2135 4216 3701 4294; baseline -0.013 -7"><span class='ocrx_word' id='word_1_469' title='bbox 2135 4233 2397 4287; x_wconf 84' lang='grc' dir='ltr'>συλᾶσθαι</span> <span class='ocrx_word' id='word_1_470' title='bbox 2428 4231 2456 4282; x_wconf 90' lang='lat'><strong>6</strong></span> <span class='ocrx_word' id='word_1_471' title='bbox 2504 4227 2624 4292; x_wconf 81' lang='grc' dir='ltr'>νοῦς</span> <span class='ocrx_word' id='word_1_472' title='bbox 2679 4227 2783 4281; x_wconf 76' lang='grc' dir='ltr'><strong>ὑπὸ</strong></span> <span class='ocrx_word' id='word_1_473' title='bbox 2814 4226 2913 4294; x_wconf 82' lang='grc' dir='ltr'>τῆς</span> <span class='ocrx_word' id='word_1_474' title='bbox 2971 4225 3191 4294; x_wconf 84' lang='grc' dir='ltr'>μνήμης</span> <span class='ocrx_word' id='word_1_475' title='bbox 3232 4220 3373 4275; x_wconf 82' lang='grc' dir='ltr'>κατὰ</span> <span class='ocrx_word' id='word_1_476' title='bbox 3396 4218 3488 4272; x_wconf 77' lang='grc' dir='ltr'><strong>τὸν</strong></span> <span class='ocrx_word' id='word_1_477' title='bbox 3516 4216 3701 4288; x_wconf 79' lang='grc' dir='ltr'>καιρὸν</span> 
     </span>
    </p>
   </div>
   <div class='ocr_carea' id='block_1_94' title="bbox 2132 4320 2590 4394">
    <p class='ocr_par' dir='ltr' id='par_1_94' title="bbox 2132 4320 2590 4394">
     <span class='ocr_line' id='line_1_94' title="bbox 2132 4320 2590 4394; baseline -0.013 -17"><span class='ocrx_word' id='word_1_478' title='bbox 2132 4326 2228 4394; x_wconf 79' lang='grc' dir='ltr'>τῆς</span> <span class='ocrx_word' id='word_1_479' title='bbox 2262 4320 2590 4394; x_wconf 81' lang='grc' dir='ltr'>προσευχῆς.</span> 
     </span>
    </p>
   </div>
   <div class='ocr_carea' id='block_1_95' title="bbox 2719 4425 3465 4511">
    <p class='ocr_par' dir='ltr' id='par_1_95' title="bbox 2719 4425 3465 4511">
     <span class='ocr_line' id='line_1_95' title="bbox 2719 4425 3465 4511; baseline -0.007 -29"><span class='ocrx_word' id='word_1_480' title='bbox 2719 4428 2967 4483; x_wconf 67' lang='grc' dir='ltr'><strong>ΚΕΦΑΔ.</strong></span> <span class='ocrx_word' id='word_1_481' title='bbox 3006 4425 3142 4481; x_wconf 86' lang='grc' dir='ltr'><strong>ΜΕ’.</strong></span> <span class='ocrx_word' id='word_1_482' title='bbox 3448 4498 3465 4511; x_wconf 39' lang='grc' dir='ltr'><strong>ν</strong></span> 
     </span>
    </p>
   </div>
   <div class='ocr_carea' id='block_1_96' title="bbox 2204 4535 3705 4618">
    <p class='ocr_par' dir='ltr' id='par_1_96' title="bbox 2204 4535 3705 4618">
     <span class='ocr_line' id='line_1_96' title="bbox 2204 4535 3705 4618; baseline 0.018 -18"><span class='ocrx_word' id='word_1_483' title='bbox 2204 4554 2275 4605; x_wconf 87' lang='grc' dir='ltr'><em>Ἢ</em></span> <span class='ocrx_word' id='word_1_484' title='bbox 2326 4548 2570 4603; x_wconf 82' lang='grc' dir='ltr'>παλαιῶν</span> <span class='ocrx_word' id='word_1_485' title='bbox 2618 4546 2959 4618; x_wconf 76' lang='grc' dir='ltr'>πραγμάτων</span> <span class='ocrx_word' id='word_1_486' title='bbox 3014 4543 3136 4612; x_wconf 78' lang='grc' dir='ltr'>ἄγει</span> <span class='ocrx_word' id='word_1_487' title='bbox 3186 4558 3267 4593; x_wconf 61' lang='grc' dir='ltr'><strong>σοι</strong></span> <span class='ocrx_word' id='word_1_488' title='bbox 3322 4536 3630 4608; x_wconf 62' lang='grc' dir='ltr'>φαντασίας</span> <span class='ocrx_word' id='word_1_489' title='bbox 3675 4535 3705 4603; x_wconf 65' lang='grc' dir='ltr'>ἡ</span> 
     </span>
    </p>
   </div>
   <div class='ocr_carea' id='block_1_97' title="bbox 2134 4627 3707 4717">
    <p class='ocr_par' dir='ltr' id='par_1_97' title="bbox 2134 4627 3707 4717">
     <span class='ocr_line' id='line_1_97' title="bbox 2134 4627 3707 4717; baseline -0.011 -20"><span class='ocrx_word' id='word_1_490' title='bbox 2134 4647 2320 4717; x_wconf 86' lang='grc' dir='ltr'>μνήμη</span> <span class='ocrx_word' id='word_1_491' title='bbox 2367 4640 2806 4713; x_wconf 80' lang='grc' dir='ltr'>προσευχομὲνῳ,</span> <span class='ocrx_word' id='word_1_492' title='bbox 2856 4638 2888 4707; x_wconf 84' lang='grc' dir='ltr'>ἢ</span> <span class='ocrx_word' id='word_1_493' title='bbox 2932 4637 3061 4700; x_wconf 80' lang='grc' dir='ltr'>νέας</span> <span class='ocrx_word' id='word_1_494' title='bbox 3097 4634 3406 4706; x_wconf 81' lang='grc' dir='ltr'>φροντίδας,</span> <span class='ocrx_word' id='word_1_495' title='bbox 3459 4631 3494 4701; x_wconf 80' lang='grc' dir='ltr'><strong>ἢ</strong></span> <span class='ocrx_word' id='word_1_496' title='bbox 3545 4627 3707 4700; x_wconf 79' lang='grc' dir='ltr'>πρόσ-</span> 
     </span>
    </p>
   </div>
   <div class='ocr_carea' id='block_1_98' title="bbox 2132 4733 2699 4803">
    <p class='ocr_par' dir='ltr' id='par_1_98' title="bbox 2132 4733 2699 4803">
     <span class='ocr_line' id='line_1_98' title="bbox 2132 4733 2699 4803; baseline -0.012 -13"><span class='ocrx_word' id='word_1_497' title='bbox 2132 4754 2278 4791; x_wconf 85' lang='grc' dir='ltr'>ωπον</span> <span class='ocrx_word' id='word_1_498' title='bbox 2307 4733 2699 4803; x_wconf 85' lang='grc' dir='ltr'>λελυπηκότος.</span> 
     </span>
    </p>
   </div>
   <div class='ocr_carea' id='block_1_99' title="bbox 2701 4840 3144 4906">
    <p class='ocr_par' dir='ltr' id='par_1_99' title="bbox 2701 4840 3144 4906">
     <span class='ocr_line' id='line_1_99' title="bbox 2701 4840 3144 4906; baseline -0.014 -9"><span class='ocrx_word' id='word_1_499' title='bbox 2701 4843 2951 4897; x_wconf 81' lang='grc' dir='ltr'><strong>ΚΕΦΔΛ.</strong></span> <span class='ocrx_word' id='word_1_500' title='bbox 2992 4840 3144 4906; x_wconf 64' lang='grc' dir='ltr'><strong>Μετ’.</strong></span> 
     </span>
    </p>
   </div>
   <div class='ocr_carea' id='block_1_100' title="bbox 2204 4939 3703 5028">
    <p class='ocr_par' dir='ltr' id='par_1_100' title="bbox 2204 4939 3703 5028">
     <span class='ocr_line' id='line_1_100' title="bbox 2204 4939 3703 5028; baseline -0.008 -15"><span class='ocrx_word' id='word_1_501' title='bbox 2204 4960 2337 5013; x_wconf 79' lang='grc' dir='ltr'>Δίαν</span> <span class='ocrx_word' id='word_1_502' title='bbox 2365 4956 2645 5028; x_wconf 81' lang='grc' dir='ltr'>βασκαίνει</span> <span class='ocrx_word' id='word_1_503' title='bbox 2673 4957 2702 5007; x_wconf 89' lang='lat'><strong>6</strong></span> <span class='ocrx_word' id='word_1_504' title='bbox 2729 4954 2937 5023; x_wconf 83' lang='grc' dir='ltr'>δαίμων</span> <span class='ocrx_word' id='word_1_505' title='bbox 2959 4948 3235 5021; x_wconf 80' lang='grc' dir='ltr'>ἀνθρώπῳ</span> <span class='ocrx_word' id='word_1_506' title='bbox 3258 4939 3703 5016; x_wconf 73' lang='grc' dir='ltr'>προσευχομένῳν</span> 
     </span>
    </p>
   </div>
   <div class='ocr_carea' id='block_1_101' title="bbox 2135 5033 3703 5122">
    <p class='ocr_par' dir='ltr' id='par_1_101' title="bbox 2135 5033 3703 5122">
     <span class='ocr_line' id='line_1_101' title="bbox 2135 5033 3703 5122; baseline -0.017 -14"><span class='ocrx_word' id='word_1_507' title='bbox 2135 5054 2230 5108; x_wconf 65' lang='grc' dir='ltr'>καὶ</span> <span class='ocrx_word' id='word_1_508' title='bbox 2271 5053 2416 5122; x_wconf 79' lang='grc' dir='ltr'>πάσῃ</span> <span class='ocrx_word' id='word_1_509' title='bbox 2452 5051 2648 5119; x_wconf 80' lang='grc' dir='ltr'>χρᾶται</span> <span class='ocrx_word' id='word_1_510' title='bbox 2690 5047 2930 5117; x_wconf 80' lang='grc' dir='ltr'>μηχανῇ,</span> <span class='ocrx_word' id='word_1_511' title='bbox 2976 5038 3319 5111; x_wconf 84' lang='grc' dir='ltr'>λυμήνασθαι</span> <span class='ocrx_word' id='word_1_512' title='bbox 3365 5035 3461 5088; x_wconf 80' lang='grc' dir='ltr'><strong>τὸν</strong></span> <span class='ocrx_word' id='word_1_513' title='bbox 3516 5033 3703 5086; x_wconf 77' lang='grc' dir='ltr'>τούτου</span> 
     </span>
    </p>
   </div>
   <div class='ocr_carea' id='block_1_102' title="bbox 2137 5124 3705 5203">
    <p class='ocr_par' dir='ltr' id='par_1_102' title="bbox 2137 5124 3705 5203">
     <span class='ocr_line' id='line_1_102' title="bbox 2137 5124 3705 5203; baseline -0.016 -5"><span class='ocrx_word' id='word_1_514' title='bbox 2137 5143 2356 5198; x_wconf 78' lang='grc' dir='ltr'>σκοπόν·</span> <span class='ocrx_word' id='word_1_515' title='bbox 2398 5142 2459 5193; x_wconf 83' lang='grc' dir='ltr'>οὺ</span> <span class='ocrx_word' id='word_1_516' title='bbox 2495 5140 2732 5193; x_wconf 77' lang='grc' dir='ltr'>παύεται</span> <span class='ocrx_word' id='word_1_517' title='bbox 2753 5132 2846 5189; x_wconf 79' lang='grc' dir='ltr'><strong>οὖν</strong></span> <span class='ocrx_word' id='word_1_518' title='bbox 2875 5134 2944 5187; x_wconf 77' lang='grc' dir='ltr'>τὰ</span> <span class='ocrx_word' id='word_1_519' title='bbox 2968 5132 3218 5203; x_wconf 77' lang='grc' dir='ltr'>νοήματα</span> <span class='ocrx_word' id='word_1_520' title='bbox 3245 5127 3410 5181; x_wconf 81' lang='grc' dir='ltr'>κινῶν</span> <span class='ocrx_word' id='word_1_521' title='bbox 3439 5124 3545 5177; x_wconf 78' lang='grc' dir='ltr'>τῶν</span> <span class='ocrx_word' id='word_1_522' title='bbox 3576 5138 3705 5190; x_wconf 66' lang='grc' dir='ltr'>πρατ</span> 
     </span>
    </p>
   </div>
   <div class='ocr_carea' id='block_1_103' title="bbox 2142 5217 3706 5306">
    <p class='ocr_par' dir='ltr' id='par_1_103' title="bbox 2142 5217 3706 5306">
     <span class='ocr_line' id='line_1_103' title="bbox 2142 5217 3706 5306; baseline -0.017 -15"><span class='ocrx_word' id='word_1_523' title='bbox 2142 5237 2358 5306; x_wconf 69' lang='grc' dir='ltr'>γμάτων</span> <span class='ocrx_word' id='word_1_524' title='bbox 2399 5232 2488 5286; x_wconf 82' lang='grc' dir='ltr'>διὰ</span> <span class='ocrx_word' id='word_1_525' title='bbox 2533 5232 2630 5301; x_wconf 80' lang='grc' dir='ltr'>τῆς</span> <span class='ocrx_word' id='word_1_526' title='bbox 2681 5231 2920 5299; x_wconf 81' lang='grc' dir='ltr'>μνήμης,</span> <span class='ocrx_word' id='word_1_527' title='bbox 2968 5226 3062 5277; x_wconf 70' lang='grc' dir='ltr'>καὶ</span> <span class='ocrx_word' id='word_1_528' title='bbox 3094 5223 3191 5275; x_wconf 84' lang='grc' dir='ltr'>ὅλα</span> <span class='ocrx_word' id='word_1_529' title='bbox 3220 5220 3289 5274; x_wconf 77' lang='grc' dir='ltr'><strong>τὰ</strong></span> <span class='ocrx_word' id='word_1_530' title='bbox 3323 5218 3472 5287; x_wconf 69' lang='grc' dir='ltr'>παθη</span> <span class='ocrx_word' id='word_1_531' title='bbox 3507 5217 3706 5306; x_wconf 42' lang='grc' dir='ltr'>ἀναμοῖ</span> 
     </span>
    </p>
   </div>
   <div class='ocr_carea' id='block_1_104' title="bbox 2136 5304 3707 5401">
    <p class='ocr_par' dir='ltr' id='par_1_104' title="bbox 2136 5304 3707 5401">
     <span class='ocr_line' id='line_1_104' title="bbox 2136 5304 3707 5401; baseline -0.017 -20"><span class='ocrx_word' id='word_1_532' title='bbox 2136 5329 2339 5401; x_wconf 83' lang='grc' dir='ltr'>χλεύων</span> <span class='ocrx_word' id='word_1_533' title='bbox 2369 5325 2455 5379; x_wconf 70' lang='grc' dir='ltr'><strong>διὰ</strong></span> <span class='ocrx_word' id='word_1_534' title='bbox 2502 5324 2599 5395; x_wconf 83' lang='grc' dir='ltr'>τῆς</span> <span class='ocrx_word' id='word_1_535' title='bbox 2636 5322 2858 5394; x_wconf 70' lang='grc' dir='ltr'>σαρκὸς,</span> <span class='ocrx_word' id='word_1_536' title='bbox 2908 5320 2993 5371; x_wconf 83' lang='grc' dir='ltr'><strong>ἵνα</strong></span> <span class='ocrx_word' id='word_1_537' title='bbox 3045 5314 3333 5386; x_wconf 80' lang='grc' dir='ltr'>ἐμποδίσαι</span> <span class='ocrx_word' id='word_1_538' title='bbox 3379 5307 3581 5379; x_wconf 78' lang='grc' dir='ltr'>δυνηθῇ</span> <span class='ocrx_word' id='word_1_539' title='bbox 3635 5304 3707 5372; x_wconf 81' lang='grc' dir='ltr'><strong>τῷ</strong></span> 
     </span>
    </p>
   </div>
   <div class='ocr_carea' id='block_1_105' title="bbox 2136 5399 3602 5492">
    <p class='ocr_par' dir='ltr' id='par_1_105' title="bbox 2136 5399 3602 5492">
     <span class='ocr_line' id='line_1_105' title="bbox 2136 5399 3602 5492; baseline -0.016 -19"><span class='ocrx_word' id='word_1_540' title='bbox 2136 5399 2341 5492; x_wconf 63' lang='grc' dir='ltr'>αρίστῳ</span> <span class='ocrx_word' id='word_1_541' title='bbox 2368 5413 2535 5469; x_wconf 82' lang='grc' dir='ltr'>αὑτοῦ</span> <span class='ocrx_word' id='word_1_542' title='bbox 2568 5414 2775 5484; x_wconf 76' lang='grc' dir='ltr'>δρόμῳ,</span> <span class='ocrx_word' id='word_1_543' title='bbox 2806 5411 2899 5465; x_wconf 72' lang='grc' dir='ltr'><strong>καὶ</strong></span> <span class='ocrx_word' id='word_1_544' title='bbox 2925 5411 2991 5479; x_wconf 80' lang='grc' dir='ltr'>τῇ</span> <span class='ocrx_word' id='word_1_545' title='bbox 3020 5405 3156 5478; x_wconf 80' lang='grc' dir='ltr'>πρὸς</span> <span class='ocrx_word' id='word_1_546' title='bbox 3188 5403 3319 5456; x_wconf 83' lang='grc' dir='ltr'>Θεὸν</span> <span class='ocrx_word' id='word_1_547' title='bbox 3348 5399 3602 5470; x_wconf 75' lang='grc' dir='ltr'>ὲκόημίᾳ.</span> 
     </span>
    </p>
   </div>
   <div class='ocr_carea' id='block_1_106' title="bbox 2716 5544 3133 5603">
    <p class='ocr_par' dir='ltr' id='par_1_106' title="bbox 2716 5544 3133 5603">
     <span class='ocr_line' id='line_1_106' title="bbox 2716 5544 3133 5603; baseline -0.014 0"><span class='ocrx_word' id='word_1_548' title='bbox 2716 5549 2963 5603; x_wconf 75' lang='grc' dir='ltr'><strong>ΚΕΦΑΛ.</strong></span> <span class='ocrx_word' id='word_1_549' title='bbox 3005 5544 3133 5599; x_wconf 83' lang='grc' dir='ltr'><strong>ΜΖ’.</strong></span> 
     </span>
    </p>
   </div>
   <div class='ocr_carea' id='block_1_107' title="bbox 2212 5651 3711 5736">
    <p class='ocr_par' dir='ltr' id='par_1_107' title="bbox 2212 5651 3711 5736">
     <span class='ocr_line' id='line_1_107' title="bbox 2212 5651 3711 5736; baseline -0.014 -14"><span class='ocrx_word' id='word_1_550' title='bbox 2212 5670 2376 5721; x_wconf 81' lang='grc' dir='ltr'>Ὅταν</span> <span class='ocrx_word' id='word_1_551' title='bbox 2409 5668 2576 5720; x_wconf 77' lang='grc' dir='ltr'>πολλὰ</span> <span class='ocrx_word' id='word_1_552' title='bbox 2620 5667 2853 5736; x_wconf 82' lang='grc' dir='ltr'>ποιήσας</span> <span class='ocrx_word' id='word_1_553' title='bbox 2881 5665 2908 5715; x_wconf 87' lang='lat'><strong>6</strong></span> <span class='ocrx_word' id='word_1_554' title='bbox 2950 5658 3315 5729; x_wconf 69' lang='grc' dir='ltr'>πονηρότατος</span> <span class='ocrx_word' id='word_1_555' title='bbox 3358 5652 3584 5723; x_wconf 82' lang='grc' dir='ltr'>δαίμων,</span> <span class='ocrx_word' id='word_1_556' title='bbox 3636 5651 3711 5719; x_wconf 66' lang='grc' dir='ltr'>μὴ</span> 
     </span>
    </p>
   </div>
   <div class='ocr_carea' id='block_1_108' title="bbox 2142 5746 3715 5831">
    <p class='ocr_par' dir='ltr' id='par_1_108' title="bbox 2142 5746 3715 5831">
     <span class='ocr_line' id='line_1_108' title="bbox 2142 5746 3715 5831; baseline -0.012 -13"><span class='ocrx_word' id='word_1_557' title='bbox 2142 5764 2340 5830; x_wconf 58' lang='lat' dir='ltr'><strong>Eur/nni}</strong></span> <span class='ocrx_word' id='word_1_558' title='bbox 2373 5764 2659 5830; x_wconf 71' lang='grc' dir='ltr'>ἐμποδίσαι</span> <span class='ocrx_word' id='word_1_559' title='bbox 2690 5762 2789 5831; x_wconf 74' lang='grc' dir='ltr'><strong>τὴν</strong></span> <span class='ocrx_word' id='word_1_560' title='bbox 2817 5759 2909 5811; x_wconf 69' lang='grc' dir='ltr'>τοῦ</span> <span class='ocrx_word' id='word_1_561' title='bbox 2947 5754 3231 5807; x_wconf 69' lang='grc' dir='ltr'>σπουδαίου</span> <span class='ocrx_word' id='word_1_562' title='bbox 3265 5746 3592 5821; x_wconf 74' lang='grc' dir='ltr'>προσευχὴν,</span> <span class='ocrx_word' id='word_1_563' title='bbox 3630 5766 3715 5817; x_wconf 81' lang='grc' dir='ltr'>μι-</span> 
     </span>
    </p>
   </div>
  </div>
