4066 6146
1962 232 1995 240 ..υ

441 337 573 401 1177

1789 345 1886 403 DE
1913 345 2244 409 ΟΒΑΤΙΟΝ
2248 351 2316 409 Ε.

3534 360 3667 428 1178

440 452 568 523 κρδν
590 450 869 520 ὑποχαλᾷ,
901 452 994 503 καὶ
1033 451 1328 521 μετέπειτα
1353 450 1617 519 ἀμύνεται
1657 453 1818 507 αὑτὸν
1837 472 1988 526 προσ-

2104 474 2202 528 per
2225 462 2470 528 remittit,
2501 471 2556 519 et
2581 465 2924 534 postmodum
2955 465 3123 536 ipsius
3152 471 3245 537 qui
3287 471 3544 539 oraverit,
3575 488 3666 529 su-

438 540 752 610 ευξὰμενον·
789 541 821 609 ἢ
857 540 963 607 γὰρ
994 540 1072 607 είς
1101 539 1270 609 ὀργὴν
1299 539 1503 608 ἐξάψας
1528 542 1779 608 ἀφανίζει
1810 545 1909 615 τὴν
1937 547 2000 597 ἐκ

437 633 535 702 τῆς
583 632 749 701 εὺχῆς
798 629 1268 701 συγκροτουμένην
1309 624 1540 702 ἀρίστην
1579 634 1911 691 κατάστασιν
1942 638 2000 689 ὲν

436 723 634 793 ἐαυτῷ,
666 723 699 792 ἢ
732 722 866 793 πρὸς
900 723 1092 792 ἡδονήν
1120 739 1240 775 τινα
1270 722 1460 791 ἄλογον
1486 724 1757 795 ἐρεθίσας
1791 726 1998 795 ὑϐρίζει

434 816 525 869 τὸν
555 814 698 868 νοῦν.

1008 925 1257 979 ΚΕΦΑΛ.
1298 927 1438 982 MH'.

499 1039 945 1111 Προσευξάμενος
984 1039 1060 1101 ὼς
1107 1040 1205 1103 δεῖ,
1256 1040 1533 1109 προσδόκα
1576 1038 1613 1092 ἃ
1641 1038 1721 1110 μὴ
1760 1039 1860 1104 δεῖ,
1904 1040 1997 1095 καὶ

430 1129 586 1199 στῆθι
614 1128 875 1200 ἀνδρείως
899 1129 1180 1197 φυλάττων
1208 1128 1297 1180 τὸν
1328 1128 1540 1199 καρπόν
1568 1146 1660 1182 σου
1686 1145 1701 1160 ο
1735 1131 1817 1192 είς
1840 1130 1997 1185 τοῦτο

427 1220 534 1287 γὰρ
563 1219 621 1283 ἐξ
650 1217 825 1287 ἀρχῆς
850 1217 1105 1287 ἐτάχθης,
1138 1216 1488 1289 ἐργάζεσθαι,
1534 1220 1628 1270 καὶ
1663 1217 1953 1287 φυλάττειν
1977 1232 1991 1247 ·

432 1310 505 1377 μὴ
535 1303 626 1360 οὖν
653 1308 1030 1376 ἐργασάμενος
1077 1309 1245 1379 ἐάσῃς
1287 1308 1596 1375 ἀφύλακτον
1629 1308 1687 1360 τὺ
1717 1307 1947 1377 πονηθέν
1973 1323 1990 1341 ο

427 1400 473 1452 εἰ
503 1397 557 1451 δὲ
590 1399 749 1467 μήγε,
768 1398 915 1449 οὐδὲν
945 1398 1230 1467 ὠφέλησας
1258 1397 1712 1468 προσευχόμενος.

1001 1612 1252 1665 ΚΕΦᾹΛ.
1291 1612 1428 1666 ΜΘ’.

497 1724 610 1786 Πᾶς
641 1724 668 1776 ὁ
700 1722 1171 1795 ωγκροτοὺμενος
1200 1723 1433 1791 πόλεμος
1480 1723 1682 1793 μεταξὺ
1713 1724 1873 1794 ἡμῶν
1902 1741 1985 1791 τε,

425 1818 517 1870 καὶ
561 1816 668 1868 τῶν
720 1813 1046 1883 ἀκαθάρτων
1102 1816 1463 1883 πνευμάτων,
1511 1814 1570 1866 οὐ
1623 1815 1749 1883 περὶ
1792 1814 1978 1885 ἑτέρου
2018 1803 2061 1858 Β

423 1906 651 1973 γίνεται,
682 1902 714 1974 ἢ
748 1904 876 1973 περὶ
923 1906 1296 1973 πνευματικῆς
1331 1902 1642 1974 προσευχῆς
1668 1919 1681 1932 ·
1732 1903 1851 1957 λίαν
1879 1904 1989 1975 γάρ

421 1994 678 2066 πολέμιος
728 1995 911 2057 αὐτοῖς
954 1995 1090 2058 ἐστι,
1150 1994 1245 2046 καὶ
1291 1993 1703 2064 ὲπαχθεστάτη,
1758 1996 1890 2065 ἡμῖν
1934 1993 1989 2046 δὲ

328 2070 335 2079 ’
421 2088 703 2157 σωτήριος,
737 2085 829 2139 καὶ
860 2083 1290 2155 προσηνεστάτη.

1011 2304 1266 2359 ΚΕΦΑΛ.
1308 2302 1388 2356 N'.
1482 2312 1493 2316 “

489 2425 556 2477 Τί
589 2423 836 2494 βούλεται
868 2422 980 2482 τοῖς
1008 2418 1225 2487 δαίμοσι
1254 2416 1495 2485 ἐνεργεῖν
1521 2416 1578 2467 ὲν
1606 2414 1737 2484 ἡμῖν
1763 2429 1987 2483 γαστρι-

423 2516 679 2586 μαργίαν,
714 2512 989 2583 πορνείαν,
1024 2508 1406 2579 φιλαργυρίαν,
1456 2507 1624 2575 ὀργήν
1643 2522 1702 2557 τε
1731 2504 1826 2557 καὶ
1856 2521 1988 2574 μνη-

422 2607 700 2673 σικακίαν,
728 2606 822 2658 καὶ
847 2604 914 2657 τὰ
937 2602 1100 2654 λοιπὰ
1126 2600 1272 2669 πάθη
1296 2615 1310 2664 ;
1355 2599 1442 2650 ἵνα
1476 2596 1769 2666 παχυνθεὶς
1801 2598 1829 2648 ὁ
1860 2595 1983 2659 νοῦς

418 2700 478 2765 ἐξ
504 2699 703 2765 αὐτῶν,
739 2698 812 2767 μὴ
859 2694 1056 2765 δυνηθῇ
1092 2695 1167 2754 ὡς
1206 2693 1286 2744 δεῖ
1315 2688 1738 2761 προσεύξασθαι’
1774 2688 1842 2741 τὰ
1874 2686 1980 2756 γάρ

416 2793 507 2846 τοῦ
535 2793 731 2859 ἀλόγου
769 2791 968 2861 μέρους
1013 2786 1159 2857 πάθη
1189 2785 1428 2856 ἄρξαντα
1459 2783 1558 2835 οὐκ
1597 2784 1661 2851 ἐᾷ
1689 2781 1849 2833 αὑτὸν
1891 2780 1981 2833 λο-

417 2883 587 2952 γικῶς
617 2881 885 2936 κινεῖσθαι
912 2878 1007 2932 ⁴καὶ
1036 2879 1127 2930 τὸν
1156 2876 1289 2929 Θεοῦ
1321 2874 1490 2942 Λόγον
1521 2871 1821 2941 ἐπιζητεῖν.

1003 3075 1223 3127 ΚΕΦΛΛ
1235 3113 1249 3127 .
1289 3074 1417 3128 NA'.

482 3194 592 3257 Τάς
624 3190 827 3263 ἀρετὰς
863 3185 1237 3259 μετερχόμεθα

411 3286 662 3355 γονότων,
713 3281 805 3333 καὶ
854 3278 1076 3340 τούτους
1117 3276 1204 3330 διὰ
1242 3276 1331 3329 τὸν
1368 3273 1707 3328 οὑσιώσαντα
1751 3271 1973 3339 Κύριον,

412 3371 563 3438 οὗτος
595 3374 651 3426 δὲ
681 3374 737 3423 ὲν
762 3374 829 3440 τῇ
859 3369 1186 3423 καταστάσει
1220 3368 1317 3437 τῆς
1345 3364 1653 3437 προσευχῆς
1682 3361 1977 3431 ἀναφαίνε-

416 3464 537 3517 σθαι
569 3460 744 3514 εἴωθε.

995 3566 1243 3624 ΚΕΦᾹΛ.
1274 3567 1400 3620 NB’.

481 3680 825 3743 Κατάστασίς
866 3680 978 3732 ἐστι
1030 3679 1335 3748 προσευχῆς
1380 3678 1493 3742 ’ἐξις
1536 3677 1771 3744 ἀπαθὴς,
1816 3675 1977 3744 ἔρωτι

411 3773 693 3845 ἀκροτάτῳ
721 3773 798 3834 εἰς
828 3771 956 3839 ὕψος
988 3771 1173 3841 νοητὸν
1196 3769 1517 3839 ἁρπάζουσα
1543 3769 1634 3821 τὸν
1665 3767 1975 3835 φιλόσοφον,

411 3866 502 3918 καὶ
536 3862 901 3933 πνευματικὴν
934 3861 1076 3915 νοῦν.

990 3974 1239 4026 ΚΕΦΑΛ.
1271 3973 1396 4029 NF’.

478 4091 549 4143 υῦ
599 4089 756 4159 μόνον
804 4087 1009 4157 θυμοῦ,
1062 4087 1155 4138 καὶ
1210 4085 1501 4154 ἐπιθυμίας
1544 4084 1626 4137 δεῖ
1652 4083 1978 4154 ἄρχεινντὸν

408 4182 618 4250 ἀληθῶς
657 4179 1056 4251 προσεύξασθαι
1086 4178 1475 4247 ἐπειγόμενον,
1524 4176 1657 4231 ἄλλα
1690 4176 1785 4229 καὶ
1824 4175 1979 4237 ἐκτὸς

408 4271 683 4341 ὲμτταθοῦς
714 4273 980 4340 νοήματος
1019 4268 1287 4339 γενέσθαι.

983 4464 1233 4518 ΚΕΦΛΛ.
1277 4464 1401 4519 ΝΔ’.

490 4576 545 4630 Ὀ
575 4577 801 4644 ἀγαπῶν
828 4577 916 4628 τὸν
952 4576 1105 4639 Θεὸν,
1138 4575 1307 4643 τούτῳ
1333 4575 1404 4637 ὡς
1440 4575 1611 4644 Πατρὶ
1645 4577 1731 4628 ἀεὶ
1760 4591 1979 4643 συνομι-

410 4667 506 4731 λεῖ,
536 4666 1011 4736 ἀποστρεφόμενος
1044 4667 1150 4718 πᾶν
1181 4664 1356 4733 νόημα
1385 4664 1648 4733 ἐμπαθές.

992 4868 1239 4921 ΚΕΦΑΛ.
1281 4865 1384 4920 NE'

477 4981 588 5049 Οὐχ
627 4983 655 5033 ὁ
692 4980 960 5043 ἀπαθείας
991 4980 1326 5050 τετυχηκὼς,
1364 4981 1463 5051 ἤδη
1495 4982 1590 5034 καὶ⁹
1621 4980 1977 5051 προσεύχεται

2103 555 2201 606 mit
2229 553 2556 621 vindictam;
2591 565 2685 610 aut
2715 557 2858 611 enim
2895 557 2962 611 ad
2993 558 3325 624 iracundiam
3349 561 3664 632 incendens.

2101 644 2366 713 optimum
2412 647 2737 701 exterminat
2786 656 3009 712 statum,
3052 648 3108 701 in
3154 649 3273 719 ipso
3302 666 3368 705 ex
3418 654 3668 711 oratione

2100 736 2425 790 instructum
2455 754 2469 803 ;
2509 746 2602 791 aut
2626 738 2694 791 ad
2731 738 2967 807 aliquam
2998 744 3271 809 proritans
3297 742 3664 800 irrationalem

2098 826 2453 896 voluptatem,
2485 829 2654 882 menti
2690 830 2995 898 petulanter
3019 831 3180 885 infert
3207 832 3483 903 injuriam.

2541 941 2708 1012 433
2732 940 2961 996 CAPUT
2992 942 3223 998 xmnu.

2172 1053 2227 1108 Si
2260 1053 2501 1109 oraveris
2527 1054 2604 1108 uti
2632 1055 2805 1119 decet,
2837 1063 3092 1126 exspecta
3128 1074 3248 1127 quae
3295 1074 3401 1113 non
3448 1062 3657 1127 decent,

2095 1153 2149 1200 et
2175 1154 2257 1200 sta
2288 1145 2551 1210 viriliter,
2591 1145 2827 1200 fructum
2868 1156 3021 1207 tuum
3070 1150 3407 1216 custodiens;
3442 1151 3510 1205 ad
3537 1139 3660 1206 'hoc

2095 1236 2238 1290 enim
2274 1252 2303 1290 a
2337 1236 2608 1306 principio
2643 1236 2796 1291 fuisti
2830 1240 3184 1304 constitutus,
3218 1249 3278 1294 ut
3306 1241 3573 1309 opereris,
3605 1249 3660 1295 et

2094 1328 2400 1382 custodires
2441 1343 2555 1381 :ue
2602 1328 2785 1396 itaque
2828 1344 3099 1397 operans,
3145 1330 3290 1400 quod
3323 1331 3656 1385 elaboratum

2093 1426 2176 1470 est
2208 1417 2359 1471 sinas
2408 1417 2836 1485 incustoditum;
2870 1418 2922 1472 id
2952 1430 3132 1474 autem
3174 1420 3277 1475 nisi
3312 1420 3471 1486 faxis,
3523 1420 3658 1475 nihil

2092 1506 2298 1560 orando
2333 1507 2600 1603 proﬁcies.

2638 1617 2865 1685 CAPUT
2914 1619 3101 1677 XLIX.

2163 1751 2335 1807 Omne
2390 1753 2868 1823 quodlinstruitur
2900 1753 3099 1808 bellum
3129 1753 3271 1808 inter
3326 1770 3427 1810 nos
3475 1757 3652 1825 impu-

2095 1855 2292 1909 rosque
2331 1839 2587 1909 spiritus;
2610 1856 2722 1894 non
2751 1840 2820 1895 ob
2840 1841 2983 1894 aliud
3012 1842 3089 1906 tit,
3114 1856 3276 1910 quam
3306 1844 3376 1897 ob
3397 1845 3653 1913 spiritua-

2090 1932 2194 1986 lem
2223 1931 2561 1994 orationem;
2589 1931 2743 1985 valde
2769 1946 3002 2000 namque
3034 1932 3164 2000 ipsis
3199 1932 3408 1987 hostilis
3442 1943 3541 1997 est,
3588 1947 3650 1988 ac

2089 2021 2320 2076 maxime
2358 2019 2601 2095 inimica,
2636 2020 2793 2075 nobis
2820 2029 3001 2075 autem
3049 2021 3321 2087 salutaris,
3357 2036 3419 2075 ac
3451 2022 3652 2091 jucuno

2087 2112 2328 2167 dissima.

2707 2276 2932 2339 CAPUT
2968 2281 3031 2335 L.

2154 2396 2263 2451 Cur
2294 2395 2483 2450 volunt
2504 2394 2772 2449 daemones
2803 2394 2854 2448 in
2884 2394 3041 2448 nobis
3066 2394 3286 2463 operari
3316 2395 3514 2464 gulam,
3539 2394 3651 2450 for-

2084 2486 2429 2552 nicationem,
2472 2485 2777 2548 avaritiam,
2829 2485 3188 2551 iracundiam,
3234 2495 3287 2539 ct
3326 2485 3642 2555 injuriarmn

2084 2577 2539 2641 recordationem,
2577 2593 2641 2631 ac
2694 2578 2929 2645 reliquas
2971 2575 3288 2646 passiones?
3316 2586 3376 2630 ut
3422 2593 3484 2630 ex
3520 2578 3651 2646 ipsis

2082 2687 2236 2727 mens
2261 2671 2557 2726 incraseata
2594 2686 2703 2725 non
2733 2670 2926 2739 possit,
2958 2669 3100 2723 sicut
3132 2670 3284 2724 decet
3306 2684 3463 2723 orare
3488 2688 3503 2736 ;
3528 2682 3649 2722 mm

2082 2763 2391 2833 passiones,
2421 2778 2542 2831 quae
2563 2761 2631 2815 ab
2658 2760 2963 2814 irrationali
2991 2768 3145 2829 parte
3172 2768 3393 2814 sumunt
3414 2758 3652 2825 initium,

2086 2869 2193 2909 non
2224 2855 2409 2908 sinunt
2452 2867 2572 2906 eam
2618 2850 2956 2905 rationaliter
3002 2851 3243 2915 moveri,
3287 2849 3487 2919 Deique
3506 2849 3650 2905 .Ver-

2081 2946 2209 3001 bum
2247 2944 2541 3015 inquirere.

2671 3050 2896 3108 CAPUT
2926 3050 3012 3103 ιι.

1259 3184 1346 3238 διὰ
1381 3184 1506 3247 τοὺς
1531 3184 1721 3249 λόγους
1748 3180 1856 3232 τῶν
1881 3195 1974 3247 γε-

2154 3165 2394 3221 Virtutes
2423 3172 2800 3219 consectamur
2820 3161 2890 3215 ob
2920 3162 3179 3223 rationes,
3208 3173 3302 3213 seu
3333 3172 3528 3212 causas
3558 3173 3643 3212 re-

2078 3275 2197 3314 rum
2256 3265 2563 3313 creatarum
2591 3294 2606 3320 ,
2643 3263 2697 3310 et
2740 3255 2875 3309 istas
2924 3260 3141 3322 prepter
3188 3250 3499 3309 Dominum,
3526 3252 3639 3317 ,ιιιιί

2077 3365 2263 3405 earum
2290 3348 2559 3404 essentias
2592 3345 2833 3400 condidit
2861 3361 2874 3398 :
2899 3345 3014 3413 ipse
3038 3351 3216 3398 autem
3254 3342 3307 3394 in
3339 3348 3483 3394 statu
3519 3351 3646 3393 ora-

2078 3440 2243 3496 tionis
2275 3437 2611 3494 manifestari
2635 3436 2940 3491 consuevit.
3012 3470 3021 3479 κ

2566 3548 2731 3620 489
2775 3543 3003 3601 CAPUT
3044 3543 3153 3599 ιιι.

2151 3657 2335 3712 Status
2372 3655 2635 3710 orationis
2699 3661 2782 3708 est
2837 3653 3054 3706 habitus
3092 3651 3298 3716 absque
3354 3648 3642 3716 passione,

2080 3766 2264 3805 amore
2295 3762 2507 3804 summo
2528 3747 2596 3800 ad
2619 3746 2996 3799 celsitudinem
3020 3742 3405 3811 intelligibilcm
3433 3739 3645 3807 rapiens

2080 3853 2314 3897 mentem
2345 3839 2643 3909 sapientem
2670 3876 2684 3901 ,
2712 3847 2769 3890 et
2797 3835 3156 3904 spiritualem.

2661 3944 2891 4001 CAPUT
2927 3944 3059 3999 un.
3360 4012 3367 4018 η

2149 4067 2197 4120 ls
2228 4064 2320 4134 qui
2356 4062 2553 4117 festino
2583 4059 2752 4129 gradu
2785 4056 3062 4112 contendit
3089 4068 3212 4109 vere
3252 4064 3444 4117 orare,
3488 4063 3650 4119 opor-

2081 4167 2154 4211 tet
2185 4166 2243 4210 ut
2271 4171 2375 4210 non
2412 4153 2587 4208 solum
2621 4149 2943 4211 iracundiae,
2974 4155 3134 4215 atque
3164 4141 3444 4211 cupiditati
3471 4140 3645 4194 domi-

2079 4259 2266 4314 netur,
2300 4260 2484 4301 verum
2518 4244 2685 4298 etiam
2726 4241 2936 4294 alienus
2966 4239 3037 4293 sit
3072 4252 3101 4291 ιι
3133 4233 3455 4305 cogitatione
3479 4272 3493 4296 ,
3525 4246 3646 4300 quae

2081 4343 2280 4421 imbuta
2311 4339 2379 4395 sit
2405 4336 2675 4409 passione.

2659 4444 2891 4503 CAPUT
2932 4442 3062 4497 LlV.

2156 4568 2260 4633 Qui
2293 4576 2438 4620 amat
2467 4565 2634 4619 Deum
2656 4604 2671 4630 ,
2703 4577 2826 4617 cum
2856 4561 2991 4630 ipso,
3038 4567 3292 4625 tanquam
3323 4552 3480 4605 Patre
3506 4562 3639 4603 sem-

2086 4676 2181 4729 per
2218 4658 2544 4724 colloquitur
2569 4697 2583 4722 ,
2615 4665 2669 4709 et
2706 4660 3093 4715 conversatur,
3129 4660 3340 4702 omnem
3370 4654 3654 4698 aversatus

2087 4750 2467 4821 cogitationem
2493 4746 2746 4817 passione
2770 4745 3124 4814 inquinatam.

2685 4855 2911 4912 CAPUT
2949 4852 3057 4908 LV.

2147 4976 2262 5030 Non
2294 4975 2387 5045 qui
2420 4974 2747 5028 vacuitatem
2779 4967 3089 5038 passionum
3123 4968 3204 5016 cst
3236 4959 3492 5027 adeptus,
3533 4956 3645 5026 jam

407 5070 639 5138 ἀληθῶς·
666 5072 886 5125 δύναται
912 5073 1018 5142 γὰρ
1045 5074 1101 5125 ἐν
1130 5074 1240 5133 τοῖς
1263 5073 1436 5141 ψιλοῖς
1463 5074 1694 5142 νοήμασι
1730 5067 1981 5124 εἶναικαὶ

2088 5084 2203 5122 vere
2246 5083 2464 5137 quoque
2493 5072 2611 5119 orat
2637 5102 2652 5128 ,
2687 5068 2860 5130 potcst
2898 5058 3091 5126 quippe
3138 5055 3190 5107 in
3242 5052 3399 5105 nudis
3442 5047 3644 5103 versari

408 5164 461 5212 ἐν
490 5166 607 5226 ταῖς
654 5164 919 5232 ἱστορίαις
954 5164 1133 5216 αὐτῶν
1187 5165 1578 5234 περισπᾶσθαι,
1632 5165 1725 5217 καὶ
1761 5163 1979 5233 μακρὰν

2088 5158 2532 5229 cogitationibus,
2582 5156 2741 5221 inque
2797 5149 3035 5203 studium
3083 5146 3224 5214 ipsas
3255 5139 3644 5210 cognoscendi,

407 5250 631 5322 ἀπέχειν
660 5253 769 5305 ἀπὸ
799 5252 955 5304 Θεοῦ.

985 5364 1231 5416 ΚΕΦΛΛ.
1266 5364 1407 5429 μετ’.

477 5472 593 5523 Οὔκ
639 5470 705 5523 ἂν
752 5471 840 5524 ὅτε
892 5473 965 5543 μὴ
1003 5475 1294 5545 ἐγχρονίζῃ
1340 5478 1367 5527 ὁ
1402 5476 1523 5536 νοῦς
1565 5476 1620 5525 ἐν
1665 5478 1775 5537 τοῖς
1803 5475 1979 5543 ψιλοῖς

408 5565 640 5630 νοήμασι
664 5562 771 5613 τῶν
799 5566 1156 5632 πραγμάτων,
1192 5566 1290 5635 ἤδη
1324 5568 1414 5617 καὶ
1465 5567 1771 5635 προσευχῆς
1797 5566 1978 5619 κατεί-

407 5654 541 5722 ληφε
594 5653 787 5704 τόπον·
816 5653 1033 5710 δύναται
1081 5657 1186 5728 γάρ
1235 5659 1290 5707 ἐν
1335 5660 1394 5724 τῇ
1447 5657 1650 5724 θεωρία
1699 5652 1976 5707 εἶναιτῶν

406 5742 774 5811 πραγμάτων,
832 5743 921 5791 καὶ
959 5745 1011 5796 ἐν
1052 5750 1159 5806 τοῖς
1207 5746 1380 5810 λόγοις
1428 5746 1602 5796 αὐτῶν
1647 5744 1969 5813 ἀδολεσχεῖν,

450 5784 461 5811 l

2079 5266 2171 5305 seu
2198 5247 2458 5304 lustrandi
2483 5243 2740 5305 distrahi,
2772 5250 2822 5294 et
2854 5241 3006 5307 longe
3031 5237 3219 5290 abesse
3243 5249 3270 5286 a
3296 5232 3427 5286 Deo.

2664 5350 2889 5407 CAPUT
2930 5348 3060 5403 LVI.

2158 5471 2265 5525 Nec
2300 5486 2447 5535 vero,
2471 5470 2687 5537 quando
2712 5481 2862 5518 meus
2886 5464 2937 5515 in
2965 5460 3119 5514 nudis
3147 5473 3322 5511 rerum
3360 5456 3642 5523 cogitatio-

2088 5566 2246 5619 nibus
2272 5580 2377 5616 nou
2407 5560 2498 5615 diu
2533 5563 2849 5613 itnmoretur
2869 5596 2882 5617 ,
2922 5555 3031 5621 jam
3061 5552 3221 5605 simul
3270 5548 3534 5601 orationis
3564 5548 3643 5600 lu-

2088 5672 2208 5707 (‘lllli
2245 5664 2325 5708 CSl
2356 5662 2637 5715 assecuta;
2676 5657 2847 5718 ροιρει
2876 5646 3015 5698 ριιίιιι
3073 5644 3123 5694 ill
3178 5656 3353 5694 I'L'I'lllll
3401 5651 3639 5692 COlilClll-

2084 5746 2315 5813 platinnc
2347 5743 2571 5807 versari,
2606 5744 2765 5808 inquo
2798 5740 3032 5806 ipsarum
3059 5732 3390 5787 discursibus
3420 5729 3639 5783 assidue
