4066 6146
412 310 550 378 1179
1869 325 1977 384 S.l

2080 326 2121 384 .I
3507 318 3646 384 1180

405 428 677 495 meditari,
733 445 873 500 qum,
926 432 1046 487 licet
1099 433 1241 487 nuda
1294 432 1403 487 sint
1438 435 1639 502 verba;
1682 443 1956 500 attamen,

2080 434 2228 506 ῑιπερ.
2253 439 2347 489 καὶ
2375 439 2422 490 εἰ
2449 437 2577 506 ψιλά
2606 437 2828 508 ῥήματά
2860 439 3019 503 εἰσιν,
3052 435 3167 489 ἀλλ’
3193 435 3267 497 ὡς
3300 432 3644 504 πραγμάτων

402 514 568 586 490
600 529 782 588 utpote
805 536 925 589 quae
957 537 1136 577 rerum
1168 524 1655 594 contemplationes
1673 525 1965 591 exsistunt,

2080 524 2199 577 ὄντα
2228 525 2577 595 θεωρήματα,
2602 526 2828 580 τυποῦσι
2853 526 2941 578 τὸν
2970 527 3113 591 νοῦν,
3149 525 3243 579 καὶ
3281 523 3498 593 μακρὰν
3541 523 3647 575 ἀπ-

404 610 558 674 quasi
585 611 795 679 signum
822 613 1091 680 quoddam
1125 615 1436 686 insculpunt
1465 617 1524 672 in
1565 627 1765 684 mente,
1793 617 1967 672 abdu-

2080 614 2295 680 ἀγουσιν
2320 614 2424 667 ἀπὸ
2453 614 2610 668 Θεοῦ.

399 708 642 766 euntque
671 702 861 770 procul
894 718 925 756 a
958 702 1089 759 Deo.

970 815 1201 873 CAPUT
1238 818 1397 874 LVII.

474 919 736 988 Quamvis
784 944 941 985 mens
981 932 1115 987 citra
1148 937 1656 1006 contemplationem
1700 953 1974 1008 corporete

404 1019 613 1068 natura:
677 1027 964 1088 versetur,
1018 1025 1261 1080 nondum
1309 1036 1488 1082 tamen
1534 1028 1832 1098 perfectum
1877 1027 1971 1082 Dei

2080 1012 2643 1089 voﬁgjévqtatﬁobnw
2669 1018 2849 1072 τέλεον
2888 1018 2978 1070 τὸν
3016 1016 3109 1069 τοῦ
3135 1014 3271 1068 Θεοῦ
3296 1014 3458 1067 τόπον
3492 1013 3648 1075 ἐθεά-

404 1099 582 1157 locum
615 1115 699 1161 est
731 1112 1094 1182 contemplata
1123 1132 1138 1167 :
1171 1126 1350 1185 potest
1381 1119 1579 1188 quippe
1614 1118 1669 1172 in
1702 1120 1971 1189 cognitio-

2081 1122 2210 1159 σατο
2233 1123 2246 1136 θ
2284 1106 2503 1161 δύναται
2546 1109 2651 1179 γὰρ
2679 1112 2736 1162 ἐν
2764 1113 2829 1181 τῇ
2860 1109 2968 1162 τῶν
2999 1107 3206 1178 νοητῶν
3244 1102 3382 1159 εἶναι
3413 1104 3610 1173 γνώσει
3631 1146 3645 1169 ,

405 1205 475 1244 ne
517 1207 696 1251 rerum
726 1192 1168 1259 intellectualium
1206 1208 1439 1271 versari,
1482 1216 1536 1262 et
1569 1209 1634 1262 ad
1682 1224 1799 1262 eam
1826 1209 1976 1263 varie

2080 1198 2174 1251 καὶ
2203 1198 2571 1254 ποικίλλεσθαι
2600 1201 2737 1272 πρὸς
2771 1202 2963 1271 αὐτήν.

406 1280 691 1355 distingui.

2659 815 2904 867 ΚΕΦΛΛ.
2937 815 3058 867 NZ'.

2148 923 2263 977 Κᾶν
2289 925 2431 995 ὑπὲρ
2472 927 2569 997 τὴν
2608 926 2841 997 Θεωρίαν
2868 928 2969 996 τῆς
3009 923 3330 994 σωματικῆς
3360 922 3574 991 φύσεως
3619 923 3648 975 δ

967 1402 1195 1460 CAPUT
1232 1404 1411 1462 LVIII.

2656 1399 2905 1453 ΚΕΦΔΛ.
2936 1399 3073 1456 NH’.

487 1511 541 1564 Si
575 1526 733 1567 orare
757 1513 892 1569 velis
912 1557 928 1581 ,
954 1514 1066 1573 Deo
1102 1526 1189 1572 est
1217 1535 1382 1589 opus,
1407 1520 1501 1590 qui
1529 1520 1621 1575 dat
1644 1521 1821 1576 oranti
1849 1536 1976 1576 ora—

2150 1508 2215 1562 Et
2256 1509 2657 1578 προσεύξασθαι
2693 1511 2903 1582 βούλει,
2948 1510 3082 1564 Θεοῦ
3112 1508 3270 1580 χρεία
3295 1506 3389 1561 τοῦ
3420 1505 3653 1567 διδόντος

410 1601 646 1668 tionem;
676 1601 835 1671 igitur
859 1604 1039 1675 ipsum
1068 1607 1283 1672 invoca,
1322 1609 1508 1665 dicens
1540 1627 1554 1663 :
1600 1629 1619 1665 ι
1658 1610 1974 1666 Sanctiﬁce-

2081 1600 2245 1670 εὐχὴν
2276 1600 2354 1671 τῷ
2392 1602 2687 1674 εὐχομένην
2730 1602 2925 1657 οὐκοῦν
2965 1600 3227 1655 ἐπικαλοῦ
3258 1600 3418 1653 αὑτὸν
3442 1598 3616 1665 λέγων
3635 1636 3650 1661 ,

410 1699 499 1744 tur
534 1704 731 1745 nomen
770 1701 944 1759 tuum,
976 1695 1226 1751 adveniat
1259 1713 1484 1767 regnum
1518 1708 1668 1754 tuum
1690 1701 1736 1733 τ’
1761 1741 1776 1765 ,
1813 1719 1832 1752 ι
1870 1703 1974 1756 hoc

2088 1710 2106 1741 ι
2128 1690 2473 1762 Ἀγιασθήτω
2493 1692 2554 1745 τὸ
2579 1693 2750 1764 ὄνομά
2780 1711 2898 1760 σου,
2928 1692 3127 1773 ἐλθέτω
3148 1694 3181 1762 ἡ
3218 1689 3463 1761 βασιλεία
3489 1706 3600 1745 σου,
3629 1706 3647 1738 ι

408 1791 493 1835 est
532 1779 767 1850 Spiritus
812 1792 1069 1852 sanctus,
1133 1796 1186 1841 et
1236 1784 1556 1858 Unigenitus
1594 1789 1763 1846 Filius
1808 1799 1966 1856 tuus;

2080 1784 2315 1836 τουτέστι
2367 1784 2429 1837 τδ
2488 1783 2643 1851 ᾶγιον
2700 1783 2944 1855 Πνεῦμα,
2992 1785 3085 1838 καὶ
3131 1785 3160 1837 ό
3216 1783 3508 1852 μονογενής
3556 1797 3653 1831 σου

410 1871 494 1926 sic
521 1872 666 1926 enim
709 1873 932 1941 docuit,
974 1874 1203 1931 dicendo
1229 1916 1243 1941 ,
1284 1877 1338 1931 in
1381 1878 1583 1947 Spiritu
1606 1920 1621 1946 ,
1654 1889 1708 1934 et
1747 1880 1974 1934 veritate

2080 1874 2204 1938 Υίός
2228 1892 2240 1905 ’
2269 1873 2414 1928 οὕτω
2441 1876 2548 1946 γὰρ
2570 1876 2795 1941 ἐδίδαξε,
2837 1876 3041 1945 λέγων,
3098 1877 3155 1928 ἐν
3217 1874 3495 1943 Πνεύματι
3556 1871 3655 1923 καὶ

410 1962 627 2016 adorari
663 1962 709 1996 ⁸⁸
752 1962 947 2034 Deum,
997 1966 1204 2022 scilicet
1235 1965 1448 2025 Patrem
1473 2008 1491 2037 ,
1537 1970 1974 2041 quandoquidem

2080 1965 2308 2037 ἀληθείᾳ
2327 1965 2745 2035 προσκυνεῖσθαι
2774 1966 2865 2021 τὸν
2894 1967 3048 2033 Θεδν,
3113 1965 3362 2018 τουτέστι
3401 1963 3493 2016 τὸν
3541 1963 3655 2015 Πα-

410 2049 526 2109 haec
552 2054 655 2110 tria
685 2053 852 2111 Deus.

564 2156 573 2161 I
980 2170 1209 2228 CAPUT
1243 2170 1379 2229 LIX.

476 2277 581 2348 Qui
621 2291 740 2338 orat
789 2283 844 2339 in
895 2282 1098 2355 Spiritu
1124 2326 1140 2352 ,
1189 2294 1245 2342 et
1292 2286 1562 2350 veritate,
1604 2301 1714 2342 non
1756 2297 1979 2358 propter

406 2378 681 2428 creaturas
701 2372 1045 2431 Conditorem
1074 2376 1371 2433 honorifice
1394 2377 1599 2444 laudat,
1630 2377 1722 2433 sed
1754 2388 1971 2448 propter

406 2460 621 2529 ipsum,
672 2464 931 2522 nimirum
972 2467 1093 2538 ejus
1141 2482 1422 2533 amorem,
1462 2467 1712 2526 eumdem
1762 2469 1978 2543 hymnis

407 2553 633 2608 exaltat.

998 2665 1225 2722 CAPUT
1262 2667 1375 2722 LX.

479 2774 538 2830 Si
565 2777 844 2849 theologus
871 2794 952 2847 es,
978 2795 1102 2835 vere
1130 2782 1334 2847 orabis,
1370 2782 1522 2853 sique
1554 2799 1682 2841 vere
1705 2787 1973 2854 oraveris,

407 2884 469 2927 es
500 2871 806 2941 theologus.

895 2985 1055 3057 ἀει
1100 2987 1328 3044 CAPUT
1361 2987 1498 3044 LXI.

479 3093 712 3161 Quando
734 3111 890 3150 mens
913 3109 1001 3151 tua
1026 3137 1042 3164 ,
1069 3101 1239 3155 multo
1267 3117 1495 3159 accensa
1524 3120 1651 3177 erga
1682 3107 1848 3162 Deum
1880 3107 1973 3161 dc-
1998 3098 2048 3164 ο

409 3185 631 3249 siderio,
662 3185 931 3240 tantillum
959 3189 1112 3256 quasi
1160 3193 1371 3247 recedet
1397 3210 1428 3247 a
1461 3209 1646 3262 carne,
1679 3211 1974 3264 omnesque

408 3276 760 3346 cogitationes
793 3293 822 3330 a
853 3279 1147 3348 cupidiat‘e,
1180 3291 1272 3335 aut
1302 3297 1333 3337 a
1362 3287 1644 3351 memoria,
1675 3295 1769 3341 aut
1804 3302 1833 3339 a
1861 3301 1974 3339 cor-

408 3368 558 3437 poris
590 3377 1012 3436 temperamento
1048 3374 1434 3441 procedentes,
1469 3375 1776 3442 aversatur,
1814 3380 1975 3431 devo-

409 3459 556 3513 tione
599 3459 851 3513 simulet
892 3461 1090 3528 gaudio
1125 3464 1357 3532 repleta,
1401 3476 1529 3521 tunc
1589 3467 1857 3522 arbitrare
1924 3477 1974 3523 te

408 3549 744 3618 operationis
765 3552 1010 3606 terminis
1036 3558 1517 3626 appropinquasse.

983 3665 1208 3722 CAPUT
1242 3669 1401 3724 LXII.

481 3775 717 3844 Spiritus
759 3789 976 3837 sanctus
1010 3781 1312 3838 inﬁrmitati
1354 3792 1552 3839 nostrte
1601 3788 1974 3855 compatiens,

413 3866 589 3933 nobis,
630 3870 878 3937 quamvis
910 3872 1108 3943 impuri
1145 3875 1616 3941 simuspadvenit;
1648 3876 1801 3946 sique
1830 3894 1979 3933 men-

413 3968 518 4012 tem
551 3968 787 4014 nostram
817 3963 1084 4017 invenerit
1110 3979 1232 4018 cmn
1265 3980 1450 4020 amore
1477 3967 1716 4024 veritatis
1753 3971 1815 4022 ad
1850 3986 1973 4025 cum

409 4057 676 4113 orantem,
707 4067 867 4123 super
892 4055 1063 4124 ipsam
1094 4057 1355 4123 ascendit,
1384 4066 1725 4129 turmamque
1754 4078 1971 4115 onmem

410 4141 833 4209 cogitationum,
875 4158 965 4200 aut
1002 4146 1284 4202 notionum
1311 4192 1325 4214 ,
1375 4166 1494 4217 qua:
1544 4152 1715 4220 ipsam
1765 4154 1971 4215 amhit,

413 4231 593 4297 delet,
639 4244 960 4292 convertens
999 4253 1118 4293 eam
1166 4241 1233 4295 ad
1277 4256 1439 4311 opera
1498 4244 1797 4312 spiritualis
1851 4260 1977 4299 ora~

413 4321 601 4377 tionis.

965 4438 1140 4496 CAPU
1157 4439 1199 4494 T
1242 4439 1420 4494 LXIII.

481 4544 672 4615 Castori
703 4548 918 4617 quidem
945 4566 1038 4620 per
1064 4555 1309 4623 corporis
1339 4555 1769 4615 immutationem
1804 4564 1970 4617 menti

412 4634 710 4691 immittunt
745 4638 1126 4707 cogitationes,
1178 4659 1272 4698 seu
1307 4645 1555 4701 notiones
1579 4689 1594 4713 ,
1644 4660 1698 4703 et
1727 4655 1971 4720 specula-

413 4726 638 4781 tiones:
691 4727 834 4783 Deus
885 4739 1061 4784 autem
1112 4736 1442 4791 contrarium
1486 4739 1686 4803 etlicit,
1738 4753 1969 4796 mentem

413 4817 684 4872 inscendit
722 4819 921 4887 ipsam;
956 4821 1245 4879 immittens
1280 4829 1327 4881 ei
1371 4831 1782 4899 Cogitationem,
1815 4846 1973 4902 prout

408 4909 560 4972 vult,
592 4909 860 4978 simulque
897 4928 990 4981 per
1016 4927 1244 4971 mentem
1271 4959 1285 4984 ,
1324 4922 1575 4989 corporis
1610 4923 1973 4992 intemperan-

413 4998 544 5052 tiam
576 5000 915 5069 consopiens.

969 5114 1193 5170 CAPUT
1227 5117 1411 5173 LXIV.

484 5222 657 5275 Nemo
678 5264 692 5286 ,
727 5241 865 5281 vera:
898 5228 1161 5285 orationis
1184 5246 1372 5287 amans
1397 5275 1410 5299 ,
1468 5234 1508 5286 si
1544 5234 1795 5287 irascitur
1824 5276 1837 5299 ,
1883 5246 1975 5291 aut

416 5313 738 5383 iniuriarum
770 5318 841 5371 sit
876 5335 1099 5385 memor,
1141 5339 1331 5393 expers
1365 5326 1468 5378 crit
1504 5326 1757 5392 insaniat;
1801 5332 1974 5397 persi-

415 5406 564 5461 milis
589 5421 824 5477 namque
850 5419 932 5463 est
966 5413 1158 5467 volenti
1198 5427 1355 5469 acute
1386 5432 1606 5471 cernere
1627 5460 1640 5482 ,
1682 5421 1975 5490 oculosque

419 5496 666 5564 proprios
691 5498 1027 5555 obturbanti.

491 5641 538 5673 "
575 5644 761 5698 Matth.
798 5665 868 5709 Vl,
896 5652 948 5714 9;
978 5650 1103 5706 Luc.
1133 5672 1203 5721 st,
1235 5658 1286 5710 2.
1364 5661 1407 5692 ⁸⁸
1436 5660 1590 5715 Joan.
1616 5678 1687 5730 tv,
1712 5664 1798 5718 25.

2076 2056 2232 2127 τέρα,
2253 2057 2375 2110 ἐπεὶ
2405 2057 2501 2113 καὶ
2528 2058 2595 2112 τά
2621 2059 2748 2129 τρία
2782 2057 2930 2122 Θεός.

2658 2171 2907 2227 ΚΕΦᾹΛ.
2936 2171 3065 2225 ΝΘ’.

2173 2280 2216 2334 0
2242 2279 2301 2334 ἐν
2318 2281 2595 2352 Πνεύματι
2644 2282 2739 2336 καὶ
2763 2283 2990 2355 ἀληθείᾳ
3015 2283 3449 2355 προσευχόμενος
3468 2279 3655 2334 οὐκέτι

2077 2371 2141 2425 ἐκ
2164 2370 2273 2423 τῶν
2306 2373 2624 2442 κτισμάτων
2649 2375 2739 2426 τὸν
2761 2374 3104 2446 Δημιουργδν
3139 2373 3413 2445 γεραίρει,
3445 2371 3563 2425 ἀλλ’
3595 2370 3655 2435 ἐξ

2076 2461 2238 2514 αὐτοῦ
2263 2462 2421 2516 αὐτὸν
2459 2465 2706 2534 ἀνυμνεῖ.

2672 2665 2922 2719 ΚΕΦΑΔ.
2948 2664 3024 2718 Ξ’.

2148 2777 2208 2832 Εἰ
2233 2776 2481 2845 θεολόγος
2511 2773 2594 2843 εἷ’,
2638 2778 2913 2852 προσεύξῃ
2958 2778 3172 2848 ἀληθῶς
3195 2819 3209 2844 ,
3242 2779 3336 2832 καὶ
3363 2778 3410 2830 εί
3440 2776 3653 2848 ἀληθῶς
3716 2754 3721 2761 ’

2076 2870 2373 2942 προσεύξῃ,
2410 2870 2661 2939 θεολόγος
2684 2865 2757 2926 εἴ.

2664 2984 2916 3037 ΚΕΦΑΛ.
2949 2982 3068 3037 EA’.

2147 3092 2317 3145 Ὅταν
2347 3096 2375 3145 ὁ
2404 3092 2527 3156 νοῦς
2557 3110 2650 3145 σου
2695 3092 2775 3162 τῷ
2805 3092 2980 3163 πολλῷ
3014 3094 3150 3165 πρὸς
3194 3094 3283 3146 τὸν
3334 3093 3465 3147 Θεὸν
3506 3093 3654 3156 πόθῳ

2075 3183 2216 3236 κατὰ
2278 3184 2474 3253 μικρὸν
2531 3177 2643 3236 οἷον
2702 3184 3053 3254 ὑπαναχωρεί
3111 3184 3212 3254 τῆς
3281 3185 3499 3255 σαρκὸς,
3558 3187 3654 3237 καὶ

2075 3274 2251 3327 πάντα
2280 3273 2349 3326 τὰ
2383 3273 2443 3338 ἐξ
2487 3273 2854 3344 ἐνθυμήσεως,
2888 3274 2921 3345 ἢ
2951 3276 3203 3346 κράσεως
3229 3279 3472 3345 νοήματα
3513 3277 3650 3328 ἀπο-

2075 3364 2397 3434 στρέφηται,
2463 3364 2749 3429 εὐλαϐείας
2795 3365 2956 3436 ὁμοῦ,
3020 3366 3114 3419 καὶ
3168 3368 3345 3437 χαρᾶς
3402 3366 3652 3437 ἔμπλεως

2075 3458 2411 3526 γενόμενος,
2481 3458 2604 3511 τότε
2677 3458 2864 3528 νόμιζε
2906 3460 3198 3528 ὴγγικέναι
3265 3461 3413 3530 ὅροις
3481 3477 3653 3532 προσ-

2073 3564 2234 3616 ευκηῖ
2247 3603 2262 3618 .

2670 3663 2921 3717 ΚΕΦΔΛ.
2947 3663 3065 3717 EB’.

2147 3775 2219 3827 Τὸ
2250 3776 2403 3843 ἅγιον
2421 3767 2642 3845 Πνεῦμα
2666 3777 2988 3847 συμπάσχον
3007 3780 3075 3848 τῇ
3104 3777 3349 3848 ἡμετέρᾳ
3382 3770 3649 3850 ἀσύενείᾳ,

2077 3866 2169 3917 καὶ¹
2216 3865 2548 3936 ἀκαθάρτοις
2596 3863 2746 3920 οὖσιν
2793 3869 3051 3939 ἐπιφοιτᾷ
3083 3871 3236 3939 ἡμῖν,
3278 3873 3371 3922 καὶ
3413 3872 3461 3922 εἰ
3504 3869 3653 3939 εὖροι

2075 3950 2164 4001 τὸν
2195 3950 2318 4003 νοῦν
2353 3952 2509 4021 ήμῶν
2537 3953 2846 4024 φιλαλήθως
2870 3956 3019 4026 αύτῷ
3045 3960 3505 4028 προσευχόμενον,
3530 3961 3651 4011 ἐπι-

2077 4039 2251 4094 ϐαίνει
2297 4042 2467 4112 αὐτῷ,
2512 4044 2606 4096 καὶ
2635 4043 2851 4097 ἃπασαν
2892 4047 2991 4115 τὴν
3025 4046 3329 4100 κυκλοῦσαν
3358 4048 3521 4101 αὐτὸν
3544 4050 3652 4101 τῶν

2075 4130 2373 4201 λογισμῶν,
2417 4132 2450 4204 ἢ
2492 4134 2598 4186 τῶν
2636 4135 2925 4204 νοημάτων
2973 4137 3262 4204 φάλαγγα,
3311 4137 3649 4205 ἐξαφανίξει,
3744 4212 3751 4217 ν
3860 4168 3875 4173 ~

2077 4224 2517 4293 προτρεπόμενον
2549 4224 2710 4277 αὐτὸν
2740 4226 2819 4287 εἰς
2840 4224 2976 4295 ἔργα
3003 4228 3379 4297 πνευματικῆς
3416 4245 3651 4298 προσευ-

2077 4329 2197 4382 χηςο

2658 4431 2905 4489 ΚΕΦΑΛ.
2941 4434 3056 4488 ΞΓ’.

2144 4543 2207 4594 Οἱ
2247 4541 2345 4617 μέν
2391 4542 2567 4596 λοιποὶ
2608 4543 2696 4598 διὰ
2732 4547 2830 4616 τῆς
2868 4547 3204 4611 ἀλλοιώσεως
3248 4547 3353 4618 ξτοῦ
3399 4546 3648 4615 σώματος

2073 4634 2360 4702 ἐμποιοῦσι
2380 4636 2458 4704 τῷ
2487 4637 2563 4706 νῷ
2597 4637 2911 4708 λογισμοὺς,
2944 4639 2975 4709 ἢ
3009 4641 3280 4709 νοήματα,
3318 4642 3412 4692 καὶ
3441 4640 3649 4711 θεωρή-

2077 4744 2240 4796 ματα.
2282 4726 2341 4777 '0
2376 4726 2432 4780 δέ
2474 4743 2536 4794 γε
2581 4728 2714 4792 Θεὸς
2757 4731 3064 4783 τούναντίον
3106 4731 3228 4801 δρᾷ,
3270 4730 3419 4800 αὐτῷ
3457 4731 3533 4800 τῷ
3574 4729 3649 4798 νῷ

2072 4816 2363 4880 ἐπιϐαίνει,
2404 4819 2496 4869 καὶ
2535 4819 2761 4883 ἐντιθεὶς
2794 4821 2941 4891 αὐτῷ
2979 4821 3180 4889 γνῶσιν
3204 4862 3217 4885 ,
3250 4822 3326 4883 ὼς
3364 4821 3646 4889 βούλεται,

2075 4908 2169 4960 καὶ
2197 4908 2282 4961 διὰ
2309 4908 2404 4960 τοῦ
2428 4909 2521 4962 νοῦ
2548 4910 2646 4982 τὴν
2680 4912 2770 4964 τοῦ
2802 4913 3051 4981 σώματος
3086 4913 3355 4982 ἀκρασίαν
3380 4911 3647 4964 κατευνά-

2076 4999 2204 5062 ζων.

2661 5115 2909 5168 ΚΕΦΑΛ.
2939 5112 3051 5168 ΞΔ’.

2146 5225 2331 5287 Οὐδεὶς
2366 5224 2503 5295 ἐρῶν
2533 5226 2764 5297 ἀληθοῦς
2786 5228 3091 5299 προσευχῆς
3113 5269 3127 5293 ,
3154 5229 3248 5280 καὶ
3268 5226 3644 5298 ὀργιζόμενος,

2076 5316 2108 5385 ἦ
2146 5316 2502 5385 μνησικακῶν
2533 5319 2687 5381 ἐκτός
2721 5321 2836 5371 ἐστι
2868 5319 3248 5389 παραπληξίας
3275 5335 3288 5348 '
3321 5321 3507 5388 ὅμοιος
3539 5318 3648 5389 γάρ

2076 5407 2194 5458 ἐστι
2214 5406 2521 5476 τῷὀξυπεῖν
2544 5407 2770 5476 θέλοντι,
2805 5411 2900 5465 καὶ
2928 5412 3052 5473 τοὺς
3072 5410 3304 5472 οἰκείους
3332 5408 3649 5477 ὀφθαλμοὺς

2078 5498 2489 5567 ἐκταράσσοντι.
