4066 6146
443 294 575 361 iis!

1030 418 1280 475 ΚΕΦΑΛ.
1308 418 1429 479 EE’.

510 527 572 582 Εἰ
610 522 1011 598 προσεύξασθαι
1037 531 1241 597 ποθεῖς,
1275 534 1440 605 μηδὲν
1462 535 1570 588 τῶν
1589 537 2018 611 ἐναντιουμένων

439 620 501 690 τῇ
545 623 819 692 προσευχῇ
847 623 1076 691 πρᾶττε,
1109 624 1196 677 ἵνα
1220 628 1248 679 6
1275 626 1406 697 Θεὸς
1447 628 1673 698 ἐγγίσας
1705 635 2017 705 συμπορεύ-

440 711 599 762 σηταί
627 727 732 762 σοι.

440 726 599 778 σηται
627 727 732 767 σοι.

1008 826 1259 879 ΚΕΦΑΛ.
1288 824 1421 894 sq'.

501 933 593 1002 Μὴ
623 935 966 1007 σχηματιξῃς
995 936 1056 989 τὸ
1081 937 1235 990 Θεῖον
1262 941 1320 992 ὲν
1352 939 1529 1011 ἐαυτῷ
1555 943 2012 1014 προσευχόμενος,

435 1023 569 1093 μηδὲ
597 1024 737 1093 1πρὸς
775 1027 989 1096 μορφήν
1022 1044 1144 1081 τινα
1171 1031 1535 1102 συγχωρήσῃς
1570 1032 1883 1099 τυπωθῆναι
1918 1049 2012 1086 σου

431 1113 525 1257 ’ἱὸν
565 1114 691 1168 νοῦν
734 1127 750 1144 ·
789 1114 908 1171 ἀλλ’
944 1116 1106 1182 ἀῦλος
1142 1117 1219 1189 τῷ
1261 1117 1409 1190 eam
1462 1120 1707 1192 πρόσιθι,
1734 1112 1842 1175 ’καὶ
1887 1137 2015 1175 συν-

457 1220 595 1257 asta.

457 1220 595 1269 σεις.

1030 1431 1281 1486 ΚΕΦΑΛ.
1297 1427 1411 1491 ΞΖν.

504 1541 781 1598 Φυλάττου
812 1544 912 1606 τάς
949 1544 1180 1614 παγίδας
1217 1546 1325 1600 τῶν
1351 1547 1626 1605 ἐναντίων.
1655 1550 1876 1623 Γίνεται¹
1897 1553 2010 1628 γὰρ

432 1637 492 1691 ἐν
544 1636 622 1706 τῷ
673 1636 1070 1708 προσεύχεσθαι
1118 1656 1178 1693 σε
1228 1640 1505 1709 καθαρῶς,
1556 1644 1652 1697 καὶ
1696 1646 2004 1716 ἀταράχως,

1809 311 1907 371 DE
1927 308 2330 373 ΟΒΑΤΙΟΝΕ.

2046 428 2097 485 Α
2589 432 2752 511 492
2798 432 3026 489 CAPUT
3063 433 3223 491 va.

3550 325 3688 392 1182

2191 540 2249 596 Si
2280 557 2436 599 orare
2465 543 2774 613 desideras,
2805 549 2939 602 nihil
2972 562 3160 606 eorum
3184 522 3534 623 iacias‘fquae
3559 568 3686 611 ora-

2119 635 2250 690 tioni
2280 638 2552 693 contraria
2579 641 2739 712 sunt],
2785 650 2845 696 ut
2880 643 3024 700 Deus
3064 646 3507 716 appropinquans
3544 650 3683 717 tibi,

2115 734 2291 782 tecum
2321 728 2652 787 obambulet.

2675 842 2903 901 CAPUT
2935 846 3117 903 LXVI.

2183 949 2293 1016 Ne,
2318 953 2463 1021 quod
2512 953 2753 1010 divinum
2784 967 2869 1011 est
2893 996 2910 1022 ,
2951 958 3045 1012 tibi
3095 959 3197 1029 ipsi
3232 960 3520 1031 assimiles,
3555 980 3680 1023 cum

2113 1058 2269 1112 oras,
2328 1061 2426 1102 nec
2464 1047 2621 1117 juxta
2669 1050 2907 1119 aliquam
2950 1051 3181 1108 formam
3215 1058 3497 1123 permittas
3527 1068 3680 1118 tuam

2111 1133 2381 1190 eﬁ‘nrmari
2426 1146 2685 1204 mentem,
2744 1140 2837 1195 sed
2871 1143 3214 1199 immateriali
3238 1184 3255 1213 ,
3298 1154 3354 1201 tu
3390 1149 3538 1205 velut
3575 1152 3682 1207 im-

2044 1258 2051 1261 -
2110 1228 2406 1285 materialis
2442 1230 2670 1300 accede,
2723 1247 2954 1305 cumque
3000 1236 3119 1306 ipso
3160 1238 3214 1292 in
3265 1254 3433 1296 unum
3475 1257 3679 1302 conve-

2109 1318 2249 1375 nies.

2655 1432 2886 1492 CAPUT
2915 1435 3122 1494 LXVII.

2180 1539 2438 1611 Laqueos
2484 1541 2923 1601 adversariorum
2949 1547 3121 1614 evita;
3160 1549 3277 1605 ﬁeri
3315 1565 3551 1621 namque
3581 1566 3676 1610 so-

2108 1628 2181 1685 let
2201 1640 2261 1686 ut
2301 1634 2479 1687 oranti
2520 1634 2615 1690 tibi
2640 1651 2776 1706 pure
2831 1653 2895 1694 ac
2949 1640 3069 1694 sine
3108 1626 3511 1708 perturbatione
3534 1657 3672 1699 con-

431 1728 643 1799 ἀθρὸως
681 1727 966 1798 ὲπιστῆναί
990 1745 1072 1781 σοι
1108 1729 1321 1801 μορφὴν
1352 1730 1527 1802 ξένην,
1560 1734 1655 1786 καὶ
1684 1735 1998 1805 ἀλλόφυλον.

2108 1720 2288 1777 festim
2314 1732 2458 1779 astet
2501 1723 2675 1780 forma
2713 1729 2997 1797 peregrina
3045 1737 3103 1784 et
3140 1730 3473 1800 alienigena,
3513 1741 3574 1789 ut
3614 1742 3673 1791 to

430 1820 566 1891 πρὸς
601 1820 663 1873 τδ
688 1821 768 1883 εἰς
794 1818 972 1889 οἴησιν
1002 1820 1310 1889 ἀπαγαγεῖν
1339 1840 1398 1876 σε
1425 1824 1730 1887 τοπάζοντα
1754 1826 1817 1878 τὸ
1844 1827 1999 1881 Θεῖον

429 1911 565 1974 ἐκεῖ,
619 1910 707 1963 ἵνα
762 1909 824 1963 τὸ
887 1909 1100 1982 ἀθρόως
1163 1911 1504 1981 ἐκκαλυφθὲν
1552 1930 1654 1976 σοι,
1724 1916 1888 1971 ποσὸν
1940 1917 2000 1971 τὸ

426 2000 580 2054 Θεῖον
608 1997 749 2056 εἶναι
766 1999 951 2073 πείσῃο
977 2001 1179 2057 ἀποσον
1205 2001 1262 2054 δὲ
1283 2002 1344 2055 τὺ
1358 2003 1532 2068 Θετον,
1568 2005 1665 2059 καὶ
1695 2006 1834 2077 ἀσχη
1844 2008 2002 2078 μάτι-

427 2104 573 2146 στον.
1366 2096 1373 2099 ⁷

1003 2306 1254 2359 ΚΕΦΑΛ.
1289 2304 1418 2359 EH'.

498 2414 667 2467 Ὅταν
705 2414 778 2483 μὴ
811 2414 1012 2484 δυνηθῇ
1043 2415 1140 2484 τὴν
1169 2415 1389 2485 μνήμην
1413 2416 1631 2484 κινῆσαι
1654 2417 1713 2469 ὲν
1733 2419 1799 2487 τῇ
1831 2435 2000 2488 προσ-

426 2506 556 2574 ευχῇ
585 2506 612 2556 6
637 2503 892 2572 φθονερὸς
921 2504 1146 2572 δαίμων,
1177 2505 1298 2556 τότε
1337 2504 1435 2575 τὴν
1476 2506 1672 2575 κρᾶσιν
1693 2504 1785 2559 τοῦ
1808 2506 1997 2577 σώμα-

424 2609 515 2657 τος
542 2592 854 2657 ἐκϐιάζεται
882 2594 961 2655 εἰς
992 2592 1051 2645 τὸ
1084 2586 1306 2664 ποιῆσαι
1337 2592 1496 2662 ξένην
1525 2594 1649 2648 τινὰ
1699 2596 1997 2662 φαντασίαν

419 2683 498 2754 τῷ
526 2682 624 2754 νῷ,
645 2685 738 2737 καὶ
764 2682 1052 2754 μορφῶσαι
1074 2684 1254 2738 αὐτόν’
1274 2687 1301 2738 6
1320 2684 1377 2737 δὲ
1400 2684 1539 2754 ἔχων
1562 2685 1683 2750 ἔθος
1710 2689 1768 2739 ἐν
1790 2688 1996 2756 νοήμασ-

424 2792 530 2838 σιν,
568 2775 808 2844 εὐχερῶς
842 2775 1179 2844 κάμπτεται,
1206 2776 1301 2829 καὶ
1342 2776 1476 2846 πρὸς
1509 2777 1690 2844 ἀῦλον,
1721 2778 1814 2832 καὶ
1851 2780 1997 2832 ἀνεί-

421 2865 541 2920 δεον
553 2866 757 2933 γνῶσιν
775 2866 1125 2936 ἐπειγόμενος
1143 2868 1441 2933 ἀπατᾶται,
1454 2868 1659 2923 καπνὸν
1683 2870 1801 2922 ἀντὶ
1822 2869 1998 2938 φωτὸς

420 2957 687 3027 κατέχων.

1007 3156 1253 3211 ΚΕΦΑΛ.
1289 3154 1405 3213 ΞΘ’.

490 3268 653 3345 Στῆθι
692 3271 785 3324 ἰπὶ
823 3269 925 3340 τῆς
972 3268 1217 3339 φυλακῆς
1266 3287 1362 3322 σου
1406 3274 1688 3337 φυλαττων
1737 3269 1828 3322 τὸν
1867 3270 1993 3322 νοῦν

422 3381 519 3417 σου
553 3365 660 3417 ἀπὸ
683 3362 970 3434 νοημάτων
1025 3362 1168 3414 κατά
1197 3362 1291 3414 τὸν
1317 3361 1509 3429 καιρὸν
1535 3362 1634 3428 τῆς
1661 3361 1988 3431 προσευχῆς,

423 3453 613 3523 στῆναι
648 3454 739 3506 ἐπὶ
766 3456 829 3524 τῇ
861 3452 1033 3527 οἰκείᾳ
1064 3451 1288 3521 ἠρεμίᾳ,
1330 3453 1416 3504 ἵνα
1445 3455 1473 3505 6
1503 3451 1837 3521 συμπάσχων
1878 3454 1991 3515 τοῖς

423 3544 697 3613 ἀγνοοῦσι,
738 3545 831 3599 καὶ
868 3546 949 3597 col.
980 3545 1326 3613 ἐπιφοιτήσῃ,
1361 3544 1452 3596 καὶ
1494 3545 1611 3596 τότε
1641 3542 1785 3616 λήψῃ
1823 3542 1992 3613 δῶρον

423 3640 726 3708 προσευχῆς
749 3636 1134 3690 εὐκλεέστατον

1008 3745 1260 3798 ΚΕΦΑΛ.
1308 3746 1384 3796 0'.

487 3856 564 3913 Οὐ
613 3857 815 3929 δυνήσῃ
889 3854 1295 3927 προσεύξασθαι
1371 3853 1650 3924 καθαρῶς,
1705 3853 1990 3924 πράγμασι

418 3947 867 4020 συμπλεκόμενος
890 3951 1118 4011 ὑλικοῖς,
1142 3950 1235 4000 καὶ
1261 3946 1504 4016 φροντίσι
1537 3946 1785 4015 συνεχέσι
1808 3944 1990 3999 δονού-

421 4057 599 4112 μενος·
641 4042 917 4113 προσευχὴ
947 4042 1055 4111 γάρ
1085 4043 1234 4099 ἐστιν
1258 4039 1517 4102 ἀπόθεσις
1541 4040 1849 4110 νοημάτων.

1004 4237 1251 4291 ΚΕΦΑΔ.
1282 4234 1404 4289 011'.

492 4326 567 4381 υύ
599 4327 821 4381 δύναται
861 4327 1140 4394 δεδεμένος
1183 4329 1431 4398 δραμεῖν,
1466 4326 1585 4379 οὐδὲ
1629 4324 1753 4386 νοῦς
1795 4320 1992 4377 πάθεσι

416 4416 681 4470 δουλεύων
708 4417 1012 4486 προσευχῆς
1051 4418 1424 4486 πνευματικῆς
1456 4418 1619 4468 τόπον
1653 4416 1798 4467 ἰδεῖν·
1827 4413 1982 4466 ἕλκεο
2017 4401 2061 4454 D

416 4524 506 4560 ται
531 4508 660 4578 γὰρ,
691 4508 784 4559 καὶ
804 4508 1162 4577 περιφέρεται
1191 4509 1254 4558 ὲκ
1275 4508 1369 4560 τοῦ
1392 4507 1671 4576 ὲμπαθοῦς
1697 4508 1984 4575 νοήματος,

418 4598 510 4650 καὶ
536 4598 634 4667 οὐχ
660 4597 875 4650 ἵσταται
908 4596 1220 4666 ἁκλόνητος.

1001 4797 1223 4849 ΚΕΦΑΛ
1235 4836 1247 4849 .
1280 4797 1397 4850 OB'.

496 4890 666 4942 Ἐπάν
683 4888 940 4958 καθαρῶς
968 4888 1173 4951 λοιπὸν,
1205 4889 1458 4951 ἀπλανῶς
1487 4891 1579 4942 καὶ
1593 4890 1803 4957 ἀληθῶς
1833 4909 1991 4961 προσο

418 4977 637 5050 εὔχηται
669 4983 696 5033 ὁ
720 4980 843 5042 νοῦς
873 4979 934 5032 τὸ
971 4980 1291 5051 τηνικαῦτα.
1325 4982 1422 5033 οὐκ
1446 4981 1527 5033 ἔτι
1552 4984 1615 5035 ἐκ
1638 4982 1747 5034 τῶν
1773 4985 1989 5052 ἀριστε-

420 5071 525 5138 ρῶν
575 5072 904 5142 ὕπὲρχονται
951 5074 999 5124 οἱ
1038 5073 1313 5140 δαίμονες,
1355 5073 1472 5127 ἀλλ’
1530 5075 1592 5126 ὲκ
1636 5074 1744 5126 τῶν
1778 5074 1986 5138 δεξιῶν·

417 5162 895 5239 ὑποτίθενταιγάρ
921 5164 1069 5233 αὐτῷ
1105 5164 1259 5229 δόξαν
1291 5164 1444 5225 Θεοῦ,
1488 5164 1582 5217 καὶ
1613 5167 1990 5234 σχηματισμόν

417 5271 537 5306 τινα
564 5253 673 5307 τῶν
706 5257 772 5324 τῇ
806 5256 1056 5325 αἰσθήσει
1106 5255 1296 5323 φίλων,
1332 5257 1406 5314 ὡς
1439 5256 1614 5309 δοκεῖν
1645 5256 1863 5319 τελείως
1902 5274 1989 5309 τε-

416 5345 637 5414 τεῦχθαι
661 5347 825 5400 αὐτὸν
850 5348 942 5399 τοῦ
969 5348 1100 5416 περὶ
1123 5348 1428 5416 προσευχῆς
1458 5347 1683 5400 σκοποῦ.
1714 5348 1882 5399 Τοῦτο
1910 5350 1987 5413 δὲ,

417 5432 618 5504 ἔφρασε
651 5436 962 5504 θαυμαστὸς
996 5439 1087 5489 καὶ
1126 5435 1426 5503 γνωστικὸς
1460 5436 1616 5505 ἀνὴρ,
1651 5420 1754 5488 ὑπὸ
1776 5435 1864 5488 τοῦ
1895 5438 1990 5507 τῆς

418 5523 719 5587 κενοδοξίας
773 5525 972 5589 πάθους
1013 5525 1283 5595 γίνεσθαι,
1329 5525 1420 5577 καὶ
1464 5525 1566 5577 ὑπὸ
1613 5525 1706 5577 τοῦ
1741 5525 1991 5595 δαίμονος

416 5612 509 5666 τοῦ
543 5615 873 5682 ἁπτομένου,
919 5616 1009 5670 τοῦ
1049 5614 1190 5670 κατὰ
1221 5613 1312 5665 τὸν
1347 5614 1644 5684 ἐγκέφαλον
1686 5616 1868 5682 τόπου,
1900 5620 1989 5669 καὶ

419 5704 581 5774 φλεψὶ
614 5704 920 5769 πάλλοντος.

2101 1812 2157 1867 in
2188 1813 2264 1869 tui
2314 1824 2655 1885 arrogantem
2708 1816 3162 1876 existimationem
3213 1820 3481 1887 inducat,
3538 1822 3665 1878 dum

2101 1903 2385 1974 conjicias,
2429 1905 2538 1972 ibi,
2591 1906 2817 1977 reperiri
2871 1905 3309 1978 quod'divinum
3351 1919 3478 1975 est,
3518 1918 3580 1966 ut
3602 1926 3673 1966 ex

2101 1996 2395 2064 improviso
2443 1996 2736 2052 revelatum
2771 1997 2869 2053 tibi
2895 1998 3246 2067 persuadeat,
3277 1998 3518 2056 divinum
3548 2014 3672 2069 esse

2100 2094 2360 2155 quantum
2396 2105 2411 2141 :
2451 2101 2640 2143 verum
2680 2088 2922 2143 divinum
2962 2102 3167 2145 numen
3213 2089 3332 2146 sine
3369 2090 3673 2162 quantitate

2099 2184 2206 2243 est,
2235 2184 2490 2248 caretque
2520 2177 2715 2249 ﬁgura.

2628 2285 2857 2344 CAPUT
2906 2284 3135 2343 LXVIII.

2168 2397 2396 2465 Quando
2441 2397 2658 2453 invidus
2712 2398 2923 2453 daemon
2974 2415 3081 2454 non
3119 2408 3296 2470 potest
3323 2399 3379 2454 in
3419 2401 3672 2468 oratione

2099 2490 2414 2556 memoriam
2443 2502 2804 2553 commovere,
2827 2496 2955 2543 tunc
2974 2490 3217 2559 corporis
3240 2497 3666 2563 temperamento

2097 2579 2205 2633 vim
2244 2577 2411 2632 infert
2442 2578 2508 2633 ad
2538 2577 2871 2633 causandam
2898 2578 2951 2631 in
2986 2577 3258 2632 intellectu
3290 2577 3527 2647 aliquam
3567 2593 3664 2647 pe-

2097 2669 2370 2739 regrinam
2410 2652 2888 2738 imaginationem,
2930 2667 3214 2737 ipsumque
3259 2668 3440 2743 aliqua
3486 2666 3667 2724 forma

2096 2759 2564 2829 componendum;
2599 2759 2702 2813 iste
2742 2772 2870 2813 vero
2899 2758 2985 2811 cui
3021 2772 3142 2811 mos
3172 2767 3256 2812 est
3290 2757 3345 2811 in
3381 2757 3667 2827 cogitatio-

2096 2853 2258 2907 nibus
2281 2851 2487 2906 versari
2537 2859 2592 2905 et
2618 2851 2842 2916 liaarere,
2887 2849 3043 2903 facile
3071 2848 3303 2905 ﬂectitur
3324 2892 3340 2917 ,
3374 2860 3427 2903 et
3462 2851 3529 2904 ad
3565 2850 3666 2903 im-

2095 2943 2430 2997 materialem
2482 2948 2755 3010 expertem
2780 2939 2968 3009 ﬁgurae
2987 2940 3349 3009 cognitionem
3375 2939 3663 3010 impulsus,

2016 3058 2060 3120 c
2094 3033 2384 3103 decipitur,
2415 3031 2625 3086 fumum
2658 3046 2756 3100 pro
2785 3031 2986 3084 lumine
3015 3030 3344 3099 suscipiens.

2545 3142 2708 3215 493
2757 3139 2986 3198 CAPUT
3024 3140 3210 3200 mx.

2163 3260 2259 3316 Sta
2284 3260 2336 3339 in
2363 3260 2442 3313 tui
2473 3259 2724 3313 cuswdia
2752 3268 2987 3314 mentem
3022 3267 3170 3314 tuam
3200 3275 3423 3315 servans
3451 3263 3502 3314 in
3530 3271 3662 3316 tem-

2092 3370 2224 3426 pore
2246 3352 2508 3408 orationis
2538 3368 2567 3406 a
2597 3350 3042 3422 COgitationibus,
3069 3365 3165 3404 seu
3194 3351 3526 3417 notionibus,
3549 3364 3660 3418 quo

2095 3448 2147 3502 in
2194 3444 2409 3516 propria
2454 3444 3040 3514 quieterpermaneas,
3077 3453 3167 3506 ut,
3209 3442 3301 3510 qui
3335 3442 3660 3510 compatitur

2093 3537 2492 3606 ignorantibus,
2522 3536 2745 3590 ventitet
2772 3534 2933 3588 etiam
2962 3532 3028 3587 ad
3057 3541 3126 3596 te,
3158 3540 3396 3603 tuncque
3425 3533 3662 3588 celeber-

2094 3633 2294 3685 rimum
2323 3629 2592 3684 orationis
2619 3627 2902 3697 praemium
2941 3626 3274 3695 assequeris.

2652 3736 2879 3792 CAPUT
2934 3736 3096 3791 LXX.

2164 3853 2304 3906 Pure
2330 3866 2489 3905 orare
2520 3865 2629 3905 non
2664 3848 2868 3918 poteris
2891 3887 2906 3912 ,
2947 3847 2993 3901 si
3026 3845 3396 3901 materialibus
3428 3847 3660 3915 negotiis

2093 3948 2262 4003 fueris
2299 3947 2595 4015 implicitus
2619 3988 2633 4011 ,
2671 3944 3010 4012 assiduisque
3040 3943 3188 3996 curis
3223 3941 3499 4009 agitatus;
3533 3956 3658 3994 ora-

2094 4042 2171 4096 tio
2226 4038 2424 4110 quippe
2495 4044 2578 4092 est
2633 4035 2904 4104 depositio
2963 4049 3057 4088 seu
3108 4033 3335 4102 abjectio
3372 4031 3659 4100 cogitatio-

2094 4147 2250 4187 num.

2177 4299 2193 4310 ,
2651 4235 2879 4293 CAPUT
2917 4234 3100 4289 LXXI.

2168 4337 2457 4392 Devinctus
2490 4345 2831 4401 nequaquam
2867 4342 3086 4383 currere
3114 4332 3328 4395 potest,
3373 4337 3471 4377 nec
3505 4335 3659 4375 mens

2092 4427 2438 4501 passionibus
2475 4421 2780 4477 inserviens
2814 4418 3012 4473 valebit
3060 4413 3356 4485 spiritualis
3396 4411 3659 4501 orationis

2093 4500 2269 4576 locum
2304 4516 2481 4570 videre
2506 4532 2519 4580 ;
2548 4511 2839 4566 attrahitur
2882 4508 3075 4578 quippe
3095 4546 3109 4572 ,
3150 4514 3201 4560 et
3230 4500 3605 4559 circumfertur
3630 4514 3657 4552 a

2091 4611 2419 4680 cogitatione
2460 4605 2662 4676 percita
2693 4602 3035 4671 passionibus
3062 4641 3077 4660 .
3125 4612 3300 4666 neque
3335 4600 3440 4648 stat
3480 4592 3661 4645 incon-

2092 4715 2274 4757 C0888.

2635 4799 2864 4856 CAPUT
2902 4796 3111 4852 LXXII.

2162 4895 2330 4969 Igitur
2356 4896 2576 4966 quamlo
2603 4907 2757 4963 pure,
2793 4891 3078 4955 stabiliter,
3115 4903 3209 4942 seu
3249 4901 3353 4939 non
3387 4885 3659 4954 vagabum

2091 4994 2177 5057 de,
2203 5005 2432 5057 vereque
2460 5003 2613 5042 mens
2643 4995 2798 5049 oret,
2827 4998 2934 5038 non
2961 4982 3198 5050 amplius
3228 4994 3258 5033 e
3288 4978 3527 5033 sinistris
3561 4973 3659 5027 atl-

2091 5092 2315 5138 vcntant
2343 5083 2634 5142 (la-.nmnes,
2666 5077 2757 5131 sed
2787 5090 2817 5130 a
2848 5073 3051 5128 dextris
3079 5091 3092 5125 :
3120 5078 3659 5140 suggeruntnamque

2093 5175 2191 5246 ipsi
2234 5174 2325 5228 Dei
2366 5174 2625 5243 gloriam,
2656 5179 2710 5224 et
2733 5167 3024 5238 quamdam
3063 5164 3436 5234 ﬁgurationem
3471 5156 3656 5213 sensui

2092 5267 2404 5337 amabilium
2429 5304 2442 5326 ,
2488 5265 2560 5316 ita
2594 5272 2652 5315 ut
2684 5261 2927 5313 videatur
2967 5257 3083 5325 ipse
3126 5254 3362 5323 perfecte.
3388 5253 3498 5321 jam
3533 5266 3659 5302 ora-

2092 5356 2257 5409 tionis
2290 5368 2513 5420 scopum
2555 5350 2828 5418 attigisse;
2887 5347 2989 5399 hoc
3036 5354 3215 5398 autem
3262 5342 3401 5395 dixit
3439 5339 3657 5410 quidam

2092 5445 2355 5500 mirabilis
2383 5451 2435 5496 et
2465 5443 2656 5495 doctus
2684 5440 2764 5493 vir
2797 5455 2825 5492 a
2857 5438 3105 5505 passione
3140 5450 3291 5488 vana:
3328 5432 3509 5500 gloriae
3538 5443 3662 5499 pro-

2093 5543 2278 5593 cedere
2305 5579 2318 5601 ,
2353 5544 2406 5587 et
2449 5549 2477 5586 a
2525 5533 2769 5585 (la-mone
2816 5540 3063 5596 tangente
3105 5525 3313 5581 cerebri
3347 5524 3521 5578 locum
3549 5559 3563 5586 ,
3605 5527 3660 5573 et

2091 5644 2256 5689 \‘t‘llle
2296 5633 2686 5680 COIIIIIIOVCIIIC.
