4066 6146
488 286 623 355 ii83

919 404 1107 477 ωε,
1131 405 1357 463 CAPUT
1395 404 1625 469 Lxxut.

557 510 675 565 Exi:
708 510 728 521 ’”
786 527 823 567 o
864 514 1012 582 quod
1049 515 1258 571 daemon
1283 557 1298 583 ,
1332 519 1424 573 ubi
1462 519 1675 588 locum,
1711 540 1871 594 quem
1915 529 2060 597 dixi,

482 594 743 667 tetigeri.,
767 599 974 656 ‘(nentls
1013 601 1189 657 lucem
1235 606 1513 675 obvertat,
1554 612 1775 678 perinde
1815 630 1878 671 ac
1910 594 2060 685 vult,

482 689 666 757 sicque
704 691 907 749 moveri
954 694 1263 760 passionem
1310 711 1464 752 vanae
1500 699 1720 769 gloriae,
1756 704 1883 759 dum
1921 707 2060 765 idem

479 777 678 832 format
711 789 943 834 mentem
971 782 1030 835 in
1059 785 1438 853 cogitationem
1471 788 1663 846 leviter
1693 795 2017 851 sentientem
2039 842 2055 866 ,

478 864 552 920 ita
582 876 640 921 ut
674 867 905 925 formam
953 872 1152 930 habeat
1194 876 1392 933 divinae
1446 895 1511 935 ac
1556 883 1931 942 substantialis
1966 864 2061 943 co-

482 958 765 1026 gnitionis.
799 960 901 1016 Hic
934 962 1060 1020 talis
1086 980 1215 1021 vero
1248 969 1473 1027 minime
1508 979 2059 1033 vexatusazoarnali-

476 1044 578 1100 bus
619 1044 782 1116 atque
820 1051 1050 1119 impuris
1096 1057 1471 1126 passionibus,
1527 1063 2055 1134 sed'puremastans,

476 1135 721 1203 videtur,
770 1139 874 1195 sibi
920 1157 1029 1197 non
1075 1148 1311 1216 amplius
1343 1152 1687 1210 contrariam:
1716 1155 1958 1223 aliquam
2001 1158 2057 1213 in

478 1228 660 1296 seipse
704 1230 819 1285 ﬁeri
849 1236 1258 1307 operationem;
1301 1244 1442 1298 unde
1476 1246 2054 1315 spatientur-diuinam

477 1332 597 1372 esse
633 1322 1025 1388 apparitionem
1053 1369 1067 1392 ,
1116 1343 1237 1397 quae
1274 1330 1416 1388 facta
1457 1344 1543 1389 est
1583 1335 1689 1404 ipsi
1743 1352 1774 1390 a
1808 1336 2056 1397 daemone

479 1409 782 1467 vehementi
812 1430 910 1471 uso
939 1417 1172 1487 vafritie,
1199 1430 1254 1477 et
1283 1438 1380 1493 per
1406 1428 1692 1503 qerpbrum
1727 1429 1901 1482 lucem
1926 1444 2057 1483 con-

475 1499 722 1568 junctam
759 1506 1057 1578 alterante,
1098 1526 1163 1568 ae
1203 1513 1379 1584 ipsum
1403 1499 1610 1609 ,prout
1637 1519 1903 1609 diximus,
1945 1519 2058 1609 [ρι’-

478 1596 677 1643 mante.
1238 1679 1244 1684 _
1406 1598 1411 1609 ’
1528 1596 1531 1603 1
1970 1596 1998 1709 ἶ,
2042 1664 2047 1707 ί

999 1729 1227 1787 CAPUT
1278 1696 1515 1794 Lxxw;
1715 1698 1828 1795 ιζςίς

544 1839 635 1895 Dei
690 1849 916 1916 angelus
961 1861 1145 1909 astans
1205 1859 1323 1912 solo
1387 1863 1551 1916 verbo
1601 1878 1852 1920 cunctam
1918 1885 2050 1939 ope-

474 1932 739 1986 rationem
786 1942 1084 2006 oppositam
1132 1961 1158 1996 a
1231 1950 1392 2004 nobis
1445 1968 1659 2009 cessare
1716 1957 1882 2024 facit,
1934 1978 2050 2016 tuo-

473 2030 665 2092 vetque
701 2026 880 2083 lumen
924 2036 1122 2091 mentis
1153 2039 1218 2093 ad
1261 2045 1594 2111 operandum
1646 2049 1765 2105 sine
1805 2052 1915 2108 ullo
1957 2070 2047 2108 er-

474 2126 614 2167 rore.

1015 2259 1246 2316 CAPUT
1286 2264 1495 2323 LXXV.

538 2359 691 2426 Quod
750 2364 967 2424 dicatur
1016 2371 1075 2425 in
1129 2373 1454 2450 Apocalypsi
1498 2381 1545 2415 ⁸²
1592 2389 1839 2457 angelum
1898 2391 2041 2449 ferre

468 2452 799 2512 tliuribulum
825 2463 1155 2533 suiﬁmenti,
1196 2477 1256 2523 ut
1300 2470 1453 2526 daret
1492 2478 1556 2529 ad
1600 2452 1878 2536 orationes
1909 2498 2037 2538 san-

464 2550 705 2612 ctorum,
763 2551 997 2607 arbitror
1038 2559 1182 2625 quod
1249 2562 1320 2615 sit
1358 2563 1470 2618 haec
1503 2568 1674 2633 gratia
1701 2610 1715 2632 ,
1764 2586 1886 2638 quae
1942 2588 2036 2642 per

462 2635 711 2701 angelum
734 2638 961 2695 eﬂicitur
984 2662 997 2695 :
1025 2645 1161 2700 indit
1188 2649 1330 2702 enim
1363 2654 1726 2720 cognitionem
1752 2674 1891 2714 verm
1908 2676 2032 2716 ora-

460 2724 663 2789 tionis,
722 2727 793 2780 ita
845 2738 906 2783 ut
954 2747 1107 2787 mens
1158 2736 1414 2808 deinceps
1474 2751 1577 2795 stet
1619 2754 1770 2802 extra
1813 2765 2028 2809 omnem

459 2812 824 2884 agitationem,
853 2819 1124 2889 pigritiam
1165 2840 1229 2879 ac
1256 2829 1660 2899 negligentiam.

879 2931 1043 3003 495
1099 2934 1329 2993 CAPUT
1379 2942 1610 3000 LXXVI.

526 3035 743 3093 Phiala»
788 3043 1267 3106 odoranientorum
1318 3055 1363 3086 ⁸¹
1437 3055 1694 3114 dicuntur
1752 3064 2023 3121 orationes

2195 3093 2260 3144 Αί
2289 3095 2476 3161 φιάλαι

455 3142 575 3183 esse
611 3143 924 3191 sanctorum
957 3178 972 3204 ,
1025 3156 1161 3211 quas
1190 3145 1433 3203 seniores
1466 3149 1654 3220 viginti
1685 3164 1919 3223 quatuor
1945 3158 2029 3215 fe-

455 3227 602 3273 runt.

978 3364 1209 3421 CAPUT
1249 3367 1503 3426 LXXVII.

519 3463 950 3526 Existimandnm
982 3482 1161 3529 autem
1192 3486 1295 3543 est,
1326 3481 1557 3549 phialam
1613 3499 1849 3543 amorem
1903 3506 2025 3548 esse

448 3570 575 3625 erga
622 3556 788 3615 Deum
818 3602 833 3629 ,
901 3563 1014 3617 sive
1061 3567 1350 3634 perfectam
1385 3583 1438 3626 et
1480 3574 1809 3643 spiritualem
1843 3581 2020 3635 chari-

446 3654 644 3712 tatem,
693 3650 746 3702 in
787 3666 892 3723 qua
944 3654 1220 3723 perficitur
1261 3660 1436 3715 oratio
1467 3662 1519 3716 in
1557 3663 1759 3732 Spiritu
1803 3677 1858 3723 et
1882 3670 2021 3724 veri-

346 3734 347 3737 ’
448 3746 573 3792 tate.

953 3880 1180 3939 CAPUT
1216 3883 1497 3940 LXXVIII.

511 3975 647 4032 Cum
691 3981 940 4050 Opinatus
965 3986 1134 4046 fueris
1183 4005 1233 4048 te
1284 4010 1391 4050 non
1441 4014 1601 4069 egere
1657 4002 1909 4076 lacrymis
1960 4008 2014 4061 in

437 4066 684 4123 oratione
715 4080 803 4129 tua
828 4085 1048 4144 propter
1079 4092 1296 4149 peccata
1318 4125 1330 4147 ,
1376 4066 1582 4155 dispice
1613 4066 1874 4159 qttanfunt
1915 4096 2013 4149 ab-
2116 4119 2209 4156 σου
2255 4106 2324 4158 δι’

436 4153 607 4213 fueris
626 4176 655 4214 a
680 4161 806 4229 Deo,
833 4182 957 4222 cum
975 4171 1199 4232 deberes
1223 4179 1371 4231 omni
1398 4188 1640 4250 tempore
1678 4184 1731 4238 in
1775 4201 1842 4241 eo
1867 4204 2009 4256 esse,

434 4256 487 4300 et
520 4250 746 4309 calidius
781 4256 1188 4328 lacrymaberis.

959 4395 1186 4451 CAPUT
1235 4398 1467 4456 LXXIX.
2033 4412 2075 4465 D

502 4495 750 4555 Profecto
781 4520 1062 4562 mensuras
1099 4518 1218 4566 tuas
1250 4528 1583 4581 agnoscens,
1626 4522 1864 4575 suaviter
1911 4524 1993 4579 lu-

428 4587 613 4653 gebis,
671 4592 926 4648 miserum
966 4612 1444 4671 aerumnosumquc
1487 4607 1716 4679 leipsutn
1757 4616 1999 4672 vocitans
2098 4639 2232 4686 σεις.

428 4677 725 4733 secundum
766 4679 953 4735 Isaiam
983 4685 1062 4750 ⁸³,
1094 4688 1375 4755 quodcum
1406 4677 1642 4760 pollutus
1666 4700 1742 4754 sis
1762 4744 1775 4767 ,
1808 4711 1913 4773 etp

425 4764 537 4819 luta
566 4769 713 4824 labia
757 4772 992 4843 habeas,
1048 4785 1104 4832 et
1162 4780 1215 4832 in
1261 4783 1439 4838 medio
1479 4790 1660 4858 populi
1705 4795 1827 4848 talis
1857 4798 1998 4851 exsi-

424 4868 575 4927 stas,
638 4872 693 4917 tu
749 4879 779 4919 e
830 4869 1104 4925 contrario
1144 4875 1310 4930 audes
1370 4876 1597 4935 Domino
1657 4888 1989 4943 exercituum

423 4956 620 5002 astare.

968 5091 1198 5147 CAPUT
1239 5096 1449 5152 LXXX.

492 5195 549 5249 Si
579 5213 704 5251 vere
737 5206 980 5260 oraveris
1004 5250 1019 5273 ,
1054 5209 1426 5275 plenissimam
1460 5219 1760 5285 comperies
1793 5222 1948 5276 fidem
1975 5265 1988 5288 ,

420 5298 514 5339 seu
560 5288 1042 5360 certilicationetn,
1089 5309 1141 5351 et
1196 5302 1262 5353 ad
1315 5310 1364 5354 te
1407 5308 1577 5372 angeli
1625 5314 1980 5380 convenietu,

419 5384 472 5427 et
528 5376 764 5433 rationes
816 5399 1000 5435 eorum
1030 5427 1043 5448 ,
1089 5405 1208 5455 quae
1265 5391 1425 5455 fiunt,
1472 5394 1524 5447 in
1574 5398 1746 5452 lucent
1805 5404 1983 5469 profc-

420 5475 553 5519 rent.

487 5638 529 5669 ⁸¹
570 5639 736 5704 Apoc.
777 5660 890 5707 νιιι,
922 5649 972 5698 5.
1054 5654 1094 5679 ⁸³
1134 5654 1296 5721 Apoc.
1343 5676 1388 5721 γ,
1421 5663 1471 5713 8.
1552 5665 1594 5693 εδ
1630 5665 1729 5719 lszt.
1757 5684 1827 5736 Vl,
1858 5670 1908 5721 5.

1987 312 2047 373 S.
2076 313 2240 376 NILI

2087 429 2134 487 Δ

3593 329 3728 394 1184

2751 431 3003 487 ΚΕΦΔΛ.
3034 434 3154 488 οΓ¹.

2235 533 2405 608 Οῐμαι
2458 540 2548 593 τὸν
2596 540 2823 612 δαίμονα
2881 546 3259 616 ἐφαπτόμενον
3307 549 3399 604 τοῦ
3447 556 3727 627 εἰρημένου

2162 625 2330 680 τόπου
2356 626 2417 681 τὸ
2441 627 2568 700 περὶ
2592 630 2684 684 τὸν
2709 632 2832 686 νοῦν
2864 634 2978 701 φῶς
3005 635 3229 704 τρέπειν
3253 638 3439 704 καθὼς
3464 625 3726 719 βούλεται,

2162 717 2256 771 καὶ
2279 717 2421 772 οὕτω
2444 721 2710 775 κινεῖσθαι
2739 722 2800 776 τὸ
2821 723 2922 793 τῆς
2946 725 3249 792 κενεδοξὶας
3272 730 3462 800 πάθος,
3493 739 3572 800 εἰς
3600 739 3711 809 λογι

2163 807 2299 877 σμὸν
2344 808 2654 879 μορφοῦντα
2704 812 2797 866 τὸν
2850 812 2973 866 νοῦν
3018 815 3219 885 κοῦφον
3259 823 3552 891 γνωμόνως
3601 833 3726 901 πρὸς

2159 898 2249 951 τὸν
2297 899 2647 971 ἁναπλασμδν
2676 901 2776 973 τῆς
2819 902 2966 966 θείας
3001 906 3095 957 καὶ
3123 908 3415 975 οὑσιὼδους
3458 898 3723 987 γνώσεως,

2161 985 2236 1055 μὴ
2283 988 2607 1059 ὀχλούμενος
2662 990 2719 1043 δὲ
2763 993 2791 1043 ὁ
2839 992 3078 1057 τοιοῦτος
3131 996 3237 1050 ὑπὸ
3290 1004 3588 1071 σαρκικῶν,
3638 985 3724 1064 καί

2156 1075 2479 1147 ἀκαθάρτων
2510 1080 2717 1147 παθῶν,
2733 1080 2870 1135 ἀλλὰ
2894 1080 3324 1159 καθαρῶςδῆθεν
3351 1098 3719 1167 παρεστηκὼς,

2155 1165 2304 1219 δοκεί
2346 1170 2547 1240 μηκέτι
2596 1171 2879 1241 ἐνέργειάν
2929 1191 3049 1231 τινα
3097 1178 3346 1234 ἐναντίαν
3387 1165 3627 1251 γίνεσθαι
3669 1192 3721 1243 ἐν

2156 1257 2350 1328 ἐαυτῷ,
2399 1261 2521 1315 ὅθεν
2564 1263 2860 1318 ὑποπτεύει
2907 1265 3056 1320 θείαν
3093 1264 3233 1324 εἶναι
3272 1274 3597 1344 ἐπιφάνειαν
3629 1282 3722 1347 τὴν

2154 1351 2453 1420 γενομένην
2494 1352 2642 1423 αὐτῷ
2670 1353 2774 1406 ὑπὸ
2817 1355 2911 1408 τοῦ
2950 1357 3224 1428 δαίμονος,
3264 1363 3360 1416 καὶ
3393 1368 3720 1437 μορφοῦντος

2154 1437 2333 1505 αὐτὸν,
2377 1440 2558 1505 καθῶς
2586 1443 2926 1515 προέφαμεν.

2725 1771 2973 1827 ΚΕΦΑΛ.
3020 1775 3135 1829 ΟΔ¹.

2233 1870 2291 1922 '0
2322 1871 2416 1924 τοῦ
2448 1874 2581 1927 Θεοῦ
2614 1878 2843 1945 ἄγγελος
2890 1882 3117 1947 ἐπιστὰς
3156 1885 3299 1957 λόγῳ
3329 1892 3474 1959 μόνῳ
3510 1891 3719 1948 ἃπασαν

2147 1957 2245 2028 τὴν
2271 1961 2652 2033 ἀντικειμένην
2692 1967 2974 2036 ἐνέργειαν
3012 1971 3174 2024 παύει
3205 1974 3263 2037 ἐξ
3304 1957 3485 2046 ημῶν,
3518 1981 3611 2031 καὶ
3637 1996 3717 2032 κι-

2145 2049 2228 2101 νεῖ
2248 2049 2309 2101 τὸ
2336 2052 2449 2118 φῶς
2477 2053 2571 2106 τοῦ
2594 2054 2684 2109 νοῦ
2710 2057 2965 2123 ἀπλανῶς
2997 2062 3258 2133 ἐνεργεῖν.

2714 2275 2963 2331 ΚΕΦΑΛ.
3003 2278 3127 2333 ΟΕ’.

2210 2381 2283 2433 Τὸ
2323 2381 2501 2450 λέγειν
2548 2385 2606 2438 ὲν
2638 2389 2704 2457 τῇ
2750 2388 3110 2460 Ἀποκαλύψει
3140 2393 3467 2463 κομίζεσθαι
3497 2400 3596 2453 τὸν
3622 2403 3714 2470 ἆγ-

2136 2472 2291 2541 γελον
2323 2474 2571 2545 θυμίαμα
2600 2477 2687 2532 ἵνα
2711 2478 2786 2549 δῷ
2817 2483 2894 2543 είς
2921 2485 3023 2547 τὰς
3055 2490 3362 2557 προσευχάς
3381 2491 3493 2543 τῶν
3529 2496 3709 2561 ἁγίων,

2135 2559 2289 2633 οἶμαι
2319 2566 2418 2634 τὴν
2447 2568 2607 2637 χάριν
2646 2566 2784 2625 εἶναι
2815 2576 3021 2646 ταύτην
3060 2578 3146 2630 διὰ
3177 2579 3271 2631 τοῦ
3300 2582 3540 2649 ἀγγέλου
3567 2559 3709 2656 ἔνερ-

2133 2656 2404 2726 γουμένην
2434 2674 2447 2688 ο
2476 2659 2673 2728 γνῶσιν
2703 2665 2810 2734 γὰρ
2850 2667 3070 2736 ἐμποιεί
3096 2671 3194 2741 τῆς
3226 2673 3461 2745 ἀληθοῦς
3488 2695 3708 2748 προσευ-

2132 2746 2254 2813 χῆς,
2287 2745 2427 2800 ὥστε
2448 2751 2669 2805 ἑστάναι
2697 2753 2882 2809 λοιπὸν
2916 2760 3071 2823 ἐκτὸς
3102 2764 3302 2827 παντὸς
3331 2745 3549 2832 κλόνουζ
3577 2772 3705 2841 ἀκη-

2128 2835 2246 2901 δίας
2269 2855 2348 2903 τε,
2377 2841 2472 2893 καὶ
2505 2843 2798 2915 ὀλιγωρίας
2816 2849 2908 2902 τὸν
2942 2851 3087 2905 νοῦν.

2701 2989 2952 3047 ΚΕΦΑΛ.
2984 2996 3118 3061 οςι.

2508 3098 2617 3151 τῶν
2647 3100 3009 3173 θυμιαμάτων
3038 3110 3092 3160 αἱ
3117 3116 3417 3185 προσευχαὶ
3451 3114 3592 3171 εἷναι
3619 3121 3701 3174 λέ-

2128 3199 2312 3250 γονται
2333 3189 2438 3241 τῶν
2452 3191 2639 3257 ἁγίων,
2661 3192 2727 3254 ἃς
2741 3197 3177 3270 εἰκοσιτέσσαρες
3199 3207 3565 3279 πρεσϐύτεροι
3590 3213 3701 3264 ἐπι-

2129 3275 2404 3345 φέρονται.

2706 3420 2957 3474 ΚΕΦΑΛ.
2991 3427 3105 3478 ΟΖ’.

2192 3519 2392 3590 Φιάλην
2420 3523 2474 3577 δὲ
2505 3525 2846 3598 ὑποληπτέον
2884 3533 2984 3604 τὴν
3013 3540 3146 3608 πρὸς
3181 3541 3312 3596 Θεὸν
3353 3547 3558 3613 φιλίαν,
3586 3551 3698 3618 ἦτοι

2121 3609 2220 3679 τὴν
2265 3612 2474 3667 τελείαν
2501 3618 2595 3670 καὶ
2625 3625 2999 3695 πνευματικὴν
3027 3631 3268 3702 ἀγάπην,
3300 3638 3356 3688 ἐν
3463 3641 3497 3708 ἡ
3535 3657 3697 3710 προσ·

2121 3703 2252 3771 ευχὴ
2279 3704 2578 3775 ἐνεργεῖται
2610 3712 2666 3762 ἐν
2695 3713 2972 3771 Πνεύυιατι
3010 3721 3103 3773 καὶ
3136 3724 3382 3797 ἀληθείᾳ.

2695 3914 2942 3971 ΚΕΦΑΛ.
2979 3925 3083 3974 OH'

2190 4013 2355 4067 Ὅταν
2382 4016 2540 4088 δόξῃς
2572 4022 2646 4092 μὴ
2695 4024 2903 4081 δεῖσθαι
2936 4031 3187 4099 δακρύων
3214 4039 3269 4089 ἐν
3298 4042 3362 4108 τῇ
3408 4048 3689 4115 προσευχῇ

2381 4110 2674 4180 ἁμαρτίας,
2706 4118 2898 4172 σκόπει
2963 4125 3127 4177 πόσον
3173 4130 3491 4200 ἀφέστηκας
3534 4135 3690 4197 Θεοῦ,

2112 4195 2342 4263 ὀφείλων
2390 4198 2526 4256 εἶναι
2569 4206 2624 4258 ἐν
2658 4209 2806 4297 αὐτῷ
2849 4211 2936 4266 διὰ
2964 4218 3160 4280 παντὸς
3180 4259 3193 4279 ,
3223 4195 3329 4275 imi.
3361 4195 3692 4298 θερμότερον

2110 4287 2421 4358 δακρύσεις.

2692 4432 2737 4481 Κ
2747 4431 2939 4486 ΕΦΑΛ.
2976 4437 3094 4494 ΟΘ’.

2169 4531 2276 4584 Ναὶ
2308 4536 2414 4602 μὴν
2442 4537 2819 4604 ἐπιγινώσκων
2848 4546 2915 4600 τὰ
2941 4548 3115 4619 μέτρα
3142 4569 3255 4616 σου,
3282 4555 3451 4624 ἡδέως
3479 4561 3683 4631 πενθή-

2237 4625 2534 4691 ταλανίζων
2554 4631 2745 4684 ἑαυτὸν
2762 4637 2900 4689 κατὰ
2915 4639 3348 4710 τὺν⁴Ησαῖαν,ὼς
3376 4650 3685 4720 ἀκάθαρτος

1916 4706 1997 4759 Ol-
2096 4712 2290 4779 ὢν,καὶ
2311 4718 2595 4790 ἀκάθαρτα
2616 4724 2765 4794 χείλη
2794 4725 2951 4795 ἔχων,
2977 4731 3069 4783 καὶ
3094 4733 3152 4786 ἐν
3175 4736 3326 4807 μέσῳ
3344 4739 3471 4792 λαοῦ
3502 4741 3679 4793 τοιού-

2091 4822 2184 4857 του
2249 4810 2523 4878 ὑπάρχων,
2581 4816 2891 4871 τούναντίον
2950 4822 3151 4895 τολμᾷς
3193 4828 3381 4898 Κυρίῳ
3447 4832 3677 4885 Σαϐαὼθ

2096 4902 2447 4967 παρεστάναι.

2695 5131 2738 5180 Κ
2748 5131 2919 5184 ΕΦΑΛ
2932 5174 2944 5185 .
2986 5136 3062 5188 Π’.

2174 5231 2298 5284 Ἐὰν
2324 5236 2534 5304 ἀληθῶς
2566 5242 2857 5313 προσεύχῃ,
2886 5246 3083 5314 πολλὴν
3108 5248 3477 5322 πληροφορίαν
3496 5257 3663 5325 εὑρή-

2096 5340 2226 5388 σεις,
2256 5327 2350 5377 καὶ
2371 5329 2589 5396 ἄγγελοι
2640 5335 3048 5390 συνελεύσονταὶ
3086 5357 3162 5391 σοι
3193 5343 3284 5394 καὶ
3316 5346 3436 5407 τοὺς
3465 5345 3665 5412 λόγους

2091 5413 2196 5466 τῶν
2227 5419 2523 5488 γινομένων
2555 5424 2832 5490 get-nmio;
