4066 6146
367 234 512 297 “1.85

948 349 1200 403 ΚΕΦΑΛ.
1237 350 1363 401 DA’.

440 460 702 526 Γίνωσκε,
754 462 946 529 ὅτιπερ
987 461 1036 512 οί
1079 459 1223 526 ἀγιοι
1273 459 1494 527 ἄγγελοι
1550 462 1946 531 προτρέπονται

368 554 512 622 ἡμᾶς
551 552 632 614 εἰς
669 540 1002 623 προσευχήν,
1038 552 1131 603 καὶ
1160 550 1639 620 συμπαρίστανται
1665 553 1796 622 ἡμῖν
1824 553 1946 621 χαί-

369 660 556 712 ροντες
591 645 730 713 ἅμα,
764 644 860 695 καὶ
886 642 1314 713 προσευχόμενοι
1355 642 1498 712 ὑπὶρ
1525 641 1701 712 ήμῶψ
1730 643 1826 696 ἐὰν
1853 640 1946 696 οὖν

367 734 754 803 ἀμελήσωμεν,
778 734 870 786 καὶ
889 731 1171 801 δεξώμεθα
1193 732 1488 801 λογισμοὺς
1527 733 1804 796 ἐναντίους
1824 733 1946 788 λίαν

365 829 742 899 παροξύνομεν
776 828 993 891 αὐτοὺς,
1012 828 1197 899 ὅτιπερ
1223 828 1365 898 ὑπὲρ
1392 827 1548 898 ἡμῶν
1587 826 1944 895 ἀγωνίζονται

366 918 637 981 τοσοῦτον,
670 920 831 987 ἡμεῖς
868 918 925 971 δὲ
957 919 1075 971 οὐδὲ
1110 918 1251 988 ὑπὲρ
1276 917 1484 971 ἑαυτῶν
1508 917 1807 988 βουλόμεθα
1831 920 1945 974 ἱκε-

364 1009 556 1062 τεῦσαι
599 1010 690 1060 τὸν
726 1008 858 1061 Θεόν
886 1024 898 1037 ⁸
951 1008 1086 1062 ἀλλά
1129 1009 1597 1077 καταφρονοῦντες
1630 1008 1727 1078 τῆς
1764 1008 1945 1063 αὐτῶν

364 1097 726 1169 λειτουργίας,
765 1101 858 1155 καὶ
886 1100 977 1154 τὸν
1012 1100 1216 1155 τούτων
1251 1101 1405 1162 Θεὸν.
1434 1101 1530 1154 καὶ
1551 1099 1825 1169 Δεσπότην
1848 1116 1945 1153 κα-

362 1187 799 1256 ταλιμπάνοντες
882 1189 1133 1258 δαίμοσιν
1205 1187 1541 1260 ἀκαθάρτοις
1612 1188 1942 1256 ἐντιγχάνο-

366 1287 486 1340 μεν.

318 1378 337 1395 ⁸
944 1385 1194 1438 ΚΕΦΑΛ.
1226 1385 1350 1440 IIB'.

431 1491 738 1562 Προσεύχου
766 1493 1044 1557 επιεικῶς,
1075 1495 1168 1547 καὶ
1194 1495 1501 1565 ἀταράχως,
1520 1494 1614 1548 καὶ
1634 1494 1802 1564 ψάλλε
1820 1513 1944 1549 συν-

363 1583 498 1646 ετῶς
530 1584 624 1636 καὶ
667 1583 974 1654 εὐρύθμως,
1008 1586 1104 1638 καὶ
1157 1585 1256 1656 ἔσῃ
1296 1587 1372 1649 ὠς
1418 1586 1635 1650 νεοσσὸς
1666 1586 1827 1640 ἀετοῦ
1882 1589 1941 1640 ὲν

364 1674 485 1742 ῦνζνει
513 1674 816 1745 αἰρόμενος.

935 1792 1185 1844 ΚΕΦΑΛ.
1218 1792 1341 1846 HF’.

439 1895 501 1951 ’II
548 1900 647 1967 μὲν
687 1898 972 1971 ψαλμῳδία
1008 1902 1077 1954 τά
1128 1902 1277 1973 πάθη
1324 1904 1662 1970 κατευνάζει,
1696 1905 1792 1959 καὶ
1831 1903 1928 1975 τὴν

357 1989 624 2056 ἀκρασίαν
657 1990 750 2043 τοῦ
782 1991 1033 2061 σώματος
1076 1995 1304 2064 ἠρεμεῖν
1342 1996 1734 2066 ἀπεργάζεται.
1781 1996 1844 2049 'Il
1872 1998 1929 2050 δὲ

358 2084 633 2152 προσευχὴ
661 2085 903 2154 ἐνεργεῖν
944 2086 1355 2156 παρασκευάζει
1383 2087 1475 2141 τὸν
1504 2088 1627 2142 νοῦν
1657 2088 1757 2159 τὴν
1794 2088 1928 2142 ἰδίαν

352 2171 663 2239 ἐνέργειαν.

909 2287 1183 2358 meum
1232 2291 1354 2344 IIA'.

428 2397 709 2469 Προσευχὴ
774 2400 889 2452 ἐστὶ
962 2401 1244 2472 πρέπουσα
1308 2405 1558 2476 ἐνέργεια
1592 2448 1607 2473 ,
1670 2413 1734 2480 τῇ
1803 2410 1929 2483 ἀξίᾳ

356 2487 448 2541 τοῦ
486 2488 579 2543 νοῦ
603 2491 720 2560 ἢτοι
747 2493 1027 2564 κρείττων,
1063 2498 1155 2550 καὶ
1181 2497 1479 2569 εἰλικρινὴς
1500 2502 1679 2571 κρίσις
1705 2504 1888 2557 αὑτοῦ.

929 2696 1181 2751 ΚΕΦΑΛ.
1225 2698 1349 2752 ΠΕ’.

438 2807 499 2859 Ἦ
525 2806 623 2875 μὲν
643 2806 929 2879 ψαλμῳδία
950 2807 1116 2873 τύπος
1136 2811 1233 2880 τῆς
1263 2813 1509 2882 ποικίλης
1540 2815 1732 2885 σοφίας
1754 2819 1921 2886 ἐστὶν,

354 2896 388 2965 ἡ
429 2894 484 2947 δὲ
525 2897 824 2966 προσευχὴ,
864 2898 1148 2969 προοίμιόν
1177 2901 1292 2953 ἐστι
1333 2903 1433 2972 τῆς
1464 2904 1650 2972 ἀΰλου,
1688 2908 1783 2961 καὶ
1813 2925 1925 2961 ποι-

354 2983 510 3054 κίλης
538 2984 807 3053 γνώσεως.

910 3099 1159 3154 nam.
1215 3103 1353 3171 nq'.

430 3208 495 3261 'H
525 3209 745 3277 γνῶσις,
780 3211 1039 3284 καλλίστη
1072 3215 1325 3287 ὑπάρχει,
1357 3221 1618 3290 συνεργὸς
1660 3223 1768 3294 γάρ
1802 3218 1918 3277 ἐστὶ

351 3300 448 3368 τῆς
478 3301 807 3371 προσευχῆς,
840 3304 941 3372 τὴν
974 3305 1167 3376 νοεράν
1201 3306 1431 3379 δύναμιν
1454 3310 1550 3365 τοῦ
1587 3313 1680 3367 νοῦ
1708 3314 1917 3369 διυπνί-

354 3392 519 3454 ζουσα
546 3392 683 3463 πρὸς
718 3394 949 3467 θεωρίαν
970 3397 1068 3468 τῆς
1091 3398 1240 3462 θείας
1271 3400 1545 3467 γνώσεως.

938 3598 1341 3653 ΚΕΦΑΛ.ΠΖἏ

424 3700 485 3754 Et
517 3700 728 3757 οὐδέπω
770 3704 956 3769 ἔλαϐες
1000 3708 1246 3779 χάρισμα
1289 3711 1618 3782 προσευχῆς,
1663 3712 1696 3783 ἢ
1739 3713 1917 3785 ψαλμ-

350 3791 532 3861 ῳδίας,
569 3794 908 3868 ὲφέδρενσον,
945 3798 1039 3850 καὶ
1066 3797 1234 3868 λήψῃ.

919 3930 1172 3983 ΚΕΦΑΛ.
1204 3930 1338 3983 ΠΗ¹.

419 4042 612 4109 Ἔλεγε
644 4040 701 4093 δὲ
732 4041 921 4105 αὐτοῖς
949 4042 1044 4096 καὶ
1075 4042 1390 4113 παραϐολὴν
1417 4043 1552 4113 πρὸς
1574 4043 1635 4095 τὸ
1657 4044 1767 4096 δεῖν
1814 4045 1912 4097 αύ-

345 4131 469 4194 τοὺς
494 4132 726 4185 πάντοτε
764 4131 1179 4203 προσεύχεσθαι,
1218 4134 1313 4185 καὶ
1344 4132 1417 4201 μὴ
1463 4134 1717 4187 ὲκκακεῖν
1740 4150 1755 4165 ο
1786 4136 1914 4188 οὑκ-

344 4222 437 4275 οῦν
496 4224 570 4294 μὴ
628 4223 851 4277 ὲκκάκει
892 4223 1048 4286 τέως,
1094 4223 1226 4292 μηδὲ
1259 4221 1457 4291 ἀθύμει
1491 4222 1566 4285 ὡς
1599 4223 1672 4292 μὴ
1710 4224 1908 4278 λαϐώνο

344 4313 484 4384 λήψῃ
525 4315 634 4385 γὰρ
667 4315 893 4385 ὕστερον
921 4331 934 4344 ⁸
989 4315 1080 4367 καὶ
1113 4316 1356 4384 ἐπήγαγε
1385 4316 1451 4381 τῇ
1483 4316 1785 4386 παραϐολῇ,
1822 4317 1909 4369 τό·

349 4421 364 4451 ι
400 4404 459 4454 El
490 4403 597 4472 γὰρ
641 4405 734 4455 καὶ
764 4403 896 4455 Θεὸν
930 4404 994 4455 οὐ
1028 4403 1320 4473 φοϐοῦμαι,
1355 4405 1447 4456 καὶ
1493 4403 1779 4475 ἄνθρωπον
1812 4408 1913 4461 οὐκ

342 4494 693 4563 ἐντρέπομαι,
717 4480 853 4549 ἀλλά
880 4512 944 4562 γε
976 4496 1063 4548 διὰ
1090 4494 1149 4546 τὸ
1178 4496 1378 4557 κόπους
1413 4498 1672 4566 παρέχειν
1708 4515 1796 4567 μοι
1818 4499 1914 4567 τὴν

344 4585 593 4649 γυναῖκα,
636 4586 851 4653 ποιήσω
883 4585 980 4655 τὴν
1011 4585 1289 4655 ἐκδίκησιν
1314 4587 1515 4657 αὐτῆςο
1550 4606 1569 4638 ι
1620 4587 1792 4651 οὕτως
1822 4586 1913 4642 οὖν

339 4673 431 4724 καὶ
467 4673 495 4724 ὸ
526 4674 657 4738 Θεὸς
696 4676 912 4746 ποιήσει
945 4676 1042 4747 τὴν
1067 4677 1343 4746 ἐκδίκησιν
1359 4677 1466 4730 τῶν
1502 4677 1746 4747 βοώντων
1779 4680 1914 4749 πρὸς

340 4764 501 4816 αὑτὸν
551 4767 746 4830 νυκτὸς
790 4768 884 4820 καὶ
935 4769 1144 4838 ἡμέρας
1199 4771 1256 4820 ὲν
1300 4770 1475 4839 τάχει.
1503 4770 1743 4839 Εὐθύμει
1801 4788 1913 4823 τοι·

340 4854 543 4923 γαροῦν
605 4859 1032 4929 προσκαρτερῶν
1090 4858 1342 4927 ὲμπόνως
1404 4860 1469 4928 τῇ
1544 4858 1675 4930 ἀγίᾳ
1741 4875 1910 4928 προσ-

340 4947 495 5015 ευχῇ.

914 5079 1165 5133 ΚΕΦΑΛ.
1190 5075 1317 5131 ΠΘ’.

405 5188 494 5257 Μὴ
531 5188 763 5260 θελήσῃς
789 5192 864 5254 ὥς
894 5210 975 5245 σοι
1004 5193 1170 5253 δοκεῖ,
1209 5191 1323 5245 ἀλλ’
1359 5193 1433 5255 ὡς
1459 5191 1576 5261 Θεῷ
1597 5189 1819 5260 ἀρέσκει
1842 5191 1908 5244 τὰ

336 5278 472 5333 κατὰ
501 5282 560 5333 σὲ
592 5283 867 5349 γενέσθαι,
904 5286 999 5337 καὶ
1028 5286 1129 5357 ἔσῃ
1154 5284 1450 5353 ἀτάραχος,
1474 5285 1567 5338 καὶ
1592 5282 1911 5351 εὐχάριστος

336 5369 393 5421 ὲν
420 5376 692 5442 προσευχῇ
724 5391 841 5429 σου.

409 5590 452 5621 ⁸⁵
489 5591 621 5645 Luc.
656 5608 811 5657 xvm,
834 5594 950 5648 2-6.

1714 240 1810 297 DE
1847 238 2249 298 ORATIUNE.

2477 353 2651 425 ’496
2687 354 2913 410 asper
2946 353 3182 409 LXXXI.
3481 246 3614 315 “80

2117 461 2309 523 Nosce,
2341 463 2485 532 quod
2509 467 2682 519 sancti
2708 467 2884 536 angeli
2920 482 3018 522 nos
3050 468 3288 523 excitant
3318 470 3382 523 ad
3412 472 3618 525 oratio-

2045 564 2201 616 nem,
2237 562 2292 604 et
2335 567 2440 606 una
2472 555 2752 609 nobiscum
2792 565 3010 621 astant,
3048 559 3344 627 gaudentes
3377 561 3621 616 simulet

2044 653 2264 702 orantes
2304 656 2403 713 pro
2441 645 2636 711 nobis;
2675 648 2721 700 si
2752 649 2917 717 igitur
2946 648 3370 716 neglexerimus,
3396 659 3451 703 et
3490 665 3618 704 con-

2044 734 2240 789 trarias
2264 736 2664 805 susceperimus
2691 740 3077 808 cogitationes,
3102 740 3257 793 valde
3283 739 3618 795 irritabimns

2044 823 2228 892 ipsos,
2263 826 2406 894 quod
2448 826 2487 880 ii
2527 841 2627 896 pro
2658 828 2817 882 nobis
2856 837 3135 899 tantopere
3166 831 3474 894 decertent,
3521 845 3621 885 nos

2045 929 2173 969 vero
2206 931 2305 970 nec
2334 931 2431 986 pro
2470 918 2627 972 nobis
2668 919 2804 988 ipsis
2848 920 3097 975 volumus
3126 922 3434 991 supplicare
3474 921 3614 986 Deo,

2046 1004 2140 1057 sed
2180 1019 2369 1058 eorum
2396 1015 2807 1063 contemnentes
2834 1008 3198 1063 ministerium
3220 1053 3234 1076 ,
3263 1011 3616 1079 ipsorumque

2042 1090 2210 1145 Deum
2252 1108 2315 1147 ac
2373 1093 2662 1148 Dominum
2702 1096 3180 1168 derelinquentes,
3224 1097 3452 1166 impuris
3490 1112 3613 1151 cum

2040 1184 2380 1240 daamonibus
2408 1199 2822 1244 conversamur.

2559 1381 2788 1438 CAPUT
2826 1382 3087 1438 LXXXII.

2108 1489 2289 1560 Equo
2330 1492 2584 1563 bonoque
2639 1496 2850 1563 animo,
2882 1473 2936 1552 et
2967 1498 3173 1567 absque
3204 1496 3610 1566 perturbatione

2039 1596 2156 1649 ora,
2187 1591 2241 1635 et
2274 1585 2567 1651 prudenter
2589 1596 2751 1656 atque
2782 1588 3048 1643 concinne
3080 1589 3265 1658 psalle,
3293 1590 3508 1659 erisque
3532 1589 3609 1643 uti

1963 1676 2012 1738 Β
2037 1671 2217 1740 pullus
2260 1672 2455 1740 aquilae
2488 1673 2544 1726 in
2577 1674 2745 1727 altum
2782 1676 3044 1730 elevatus.

2552 1783 2778 1841 CAPUT
2813 1786 3096 1843 LXXXIII.

2104 1891 2444 1947 Psalmorum
2476 1905 2669 1949 cantus
2709 1895 2992 1963 passiones
3026 1896 3211 1963 sedat,
3238 1905 3291 1951 et
3322 1901 3605 1969 consopit,

2034 1986 2387 2055 corporisque
2411 1986 2884 2055 intemperantiam
2921 1989 3204 2057 quiescere
3230 1988 3377 2045 facit.
3421 1989 3609 2046 Oratio

3646 1300 3657 1371 ἱ

2035 2086 2212 2129 autem
2252 2069 2485 2131 mentem
2518 2087 2805 2147 praeparat,
2838 2089 2898 2132 ut
2934 2080 3309 2148 operationem
3333 2082 3605 2151 propriam
3706 2080 3725 2092 ’

2035 2177 2300 2222 CXCI't'L‘iIL

2540 2282 2768 2337 CAPUT
2808 2283 3093 2339 LXXXIV.

2105 2395 2290 2449 Oratio
2332 2406 2414 2451 est
2474 2399 2717 2466 operatio
2744 2442 2757 2464 ,
2785 2414 2906 2468 qua:
2930 2400 3088 2454 decet
3113 2399 3426 2470 dignitatem
3456 2416 3605 2456 men-

2046 2489 2157 2553 tis,
2212 2504 2304 2542 scu
2358 2497 2443 2542 est
2485 2489 2748 2557 judicium
2808 2490 2978 2558 ipsius
3032 2491 3269 2556 melius,
3322 2502 3376 2546 et
3427 2494 3601 2547 since-

2032 2596 2175 2634 l'lIlII.

2547 2682 2791 2751 CAPUT
2818 2695 3075 2749 LXXXV.

2100 2804 2440 2860 Psalmorum
2480 2815 2673 2862 cantus
2710 2816 2795 2862 est
2848 2808 3025 2877 imago
3055 2807 3342 2878 variegatze
3382 2810 3596 2879 sapien-

2029 2900 2150 2966 tiae;
2186 2901 2363 2954 oratio
2404 2899 2565 2971 497
2617 2916 2783 2967 vero,
2844 2901 3169 2971 prommium
3232 2912 3316 2956 est
3350 2903 3598 2959 immatc~

1949 3021 1993 3079 α
2028 2984 2180 3039 rialis
2219 2993 2270 3039 et
2299 2985 2457 3037 varia:
2482 2985 2826 3053 cognitionis.

2539 3097 2763 3152 CAPUT
2795 3095 3077 3151 LXXXVI.

2093 3210 2342 3281 Cognitio
2398 3211 2763 3280 pulcherrima
2799 3216 2903 3271 est,
2940 3208 3137 3277 quippe
3164 3223 3288 3276 qua:
3328 3207 3596 3262 orationis

2023 3312 2106 3358 est
2154 3303 2515 3373 cooperatrix,
2554 3302 2661 3355 vim
2724 3301 2919 3355 mentis
2972 3299 3366 3371 intelligibilem
3398 3315 3591 3367 exper-

2025 3392 2158 3462 gisci
2222 3392 2427 3446 faciens
2496 3391 2562 3444 ad
2640 3390 2842 3444 notitia:
2915 3389 3109 3443 divina:
3183 3390 3641 3457 contemplatio.~

2024 3498 2171 3537 nem.

2522 3591 2749 3647 CAPUT
2778 3591 3086 3647 LXXXVII.

2094 3705 2151 3760 Si
2180 3707 2408 3761 necdum
2436 3707 2690 3774 accepisti
2720 3708 2951 3776 gratiam
2991 3708 3279 3773 orationis,
3309 3717 3402 3761 aut
3449 3710 3592 3777 psal-

2023 3797 2235 3863 modiae,
2270 3798 2460 3852 insiste
2496 3798 2742 3862 sedulus,
2780 3806 2834 3851 et
2874 3798 3131 3864 accipies.

2503 3927 2731 3983 CAPUT
2769 3925 3101 3979 LXXXVIII.

2092 4039 2316 4094 Dicebat
2347 4051 2525 4093 autem
2555 4041 2688 4107 ipsis
2716 4048 2769 4093 et
2809 4040 3144 4108 parabolam,
3173 4039 3317 4107 quod
3344 4047 3593 4107 oporteat

2021 4131 2168 4200 ipsos
2197 4145 2410 4199 semper
2432 4146 2611 4197 orare,
2638 4146 2811 4199 neque
2841 4131 3071 4185 deiicere
3107 4151 3118 4184 :
3152 4149 3260 4187 non
3294 4135 3457 4204 igitur
3491 4137 3589 4191 de-

2020 4223 2170 4277 licias
2192 4222 2473 4286 hactenus,
2507 4237 2679 4290 neque
2711 4222 3049 4289 despondeas
3078 4224 3283 4286 animo,
3316 4226 3443 4293 quia
3478 4242 3585 4280 non

2020 4314 2330 4383 acceperis;
2389 4314 2621 4380 accipies
2688 4313 2884 4367 etenim
2950 4322 3133 4381 postea
3192 4335 3203 4368 :
3256 4323 3311 4367 et
3362 4315 3592 4383 subjecit

2020 4407 2217 4460 deinde
2245 4406 2516 4475 parabolae
2543 4406 2670 4459 illud
2710 4406 2914 4458 dictum
2944 4423 2957 4458 :
2994 4424 3014 4457 ι
3055 4405 3111 4458 Si
3146 4421 3381 4474 namque
3416 4403 3586 4459 Deum

2020 4497 2243 4551 minime
2275 4499 2461 4559 timeo,
2490 4505 2544 4551 et
2585 4497 2859 4551 hominem
2902 4512 3009 4551 non
3052 4512 3337 4562 revereor;
3408 4508 3586 4550 tamen

2018 4600 2299 4660 propterea
2329 4589 2473 4658 quod
2516 4589 2709 4642 mulier
2740 4588 2872 4642 mihi
2919 4590 3118 4658 praebet
3151 4590 3448 4654 molestias,
3503 4590 3588 4656 ip-

2018 4684 2132 4737 sius
2170 4682 2426 4735 ultionem
2452 4679 2645 4734 faciam
2674 4681 2752 4745 ";
2799 4699 2817 4732 ι
2853 4680 2932 4733 sic
2959 4695 3086 4749 ergo
3115 4691 3167 4733 ct
3224 4681 3367 4733 Deus
3425 4678 3591 4732 faciet

2017 4772 2307 4825 vindictam
2358 4770 2709 4824 clamantium
2763 4769 2829 4822 ad
2895 4770 3070 4837 ipsum
3140 4778 3300 4821 noctu
3364 4768 3582 4833 diuque.

2016 4859 2146 4915 Esto
2175 4860 2355 4929 itaque
2389 4860 2532 4914 bono
2564 4861 2746 4913 animo
2799 4873 3151 4927 perseverans
3208 4857 3473 4913 laboriose
3530 4858 3585 4911 in

2016 4960 2201 5006 sancta
2241 4951 2503 5005 oratione.

2519 5083 2746 5140 CAPUT
2776 5080 3073 5136 LXXXIX.

2083 5198 2180 5261 Ne,
2205 5208 2262 5253 ut
2292 5199 2384 5253 tibi
2417 5198 2648 5259 videtur,
2682 5196 2814 5249 velis
2833 5194 2970 5257 ﬁeri,
2993 5208 3112 5262 qua:
3140 5192 3205 5245 ad
3237 5202 3286 5246 te
3315 5201 3585 5260 spectant,

2013 5292 2106 5343 sed
2147 5302 2204 5344 ut
2241 5290 2351 5344 Deo
2381 5289 2575 5358 placet,
2607 5289 2823 5351 erisque
2858 5283 3301 5353 imperturbatus,
3354 5291 3410 5337 et
3459 5298 3581 5351 ενοι

2016 5378 2117 5431 tias
2139 5392 2303 5446 agens
2334 5378 2386 5431 in
2421 5387 2510 5431 tua
2537 5376 2798 5431 oratione.
