  <div class='ocr_page' id='page_1' title='image "/cluster/home/n/w/nwhite01/storage/ocr_20150623/79/mdp.39015051890492/621.png"; bbox 0 0 4066 6146; ppageno 0'>
   <div class='ocr_carea' id='block_1_1' title="bbox 978 321 1575 398">
    <p class='ocr_par' dir='ltr' id='par_1_1' title="bbox 978 321 1575 398">
     <span class='ocr_line' id='line_1_1' title="bbox 978 321 1575 398; baseline -0.008 -17"><span class='ocrx_word' id='word_1_1' title='bbox 978 326 1144 398; x_wconf 64' lang='grc' dir='ltr'><strong>ωε</strong></span> <span class='ocrx_word' id='word_1_2' title='bbox 1173 322 1399 379; x_wconf 82' lang='lat' dir='ltr'><strong>CAPUT</strong></span> <span class='ocrx_word' id='word_1_3' title='bbox 1460 321 1575 376; x_wconf 81' lang='lat' dir='ltr'><strong>xc.</strong></span> 
     </span>
    </p>
   </div>
   <div class='ocr_carea' id='block_1_2' title="bbox 559 431 2067 498">
    <p class='ocr_par' dir='ltr' id='par_1_2' title="bbox 559 431 2067 498">
     <span class='ocr_line' id='line_1_2' title="bbox 559 431 2067 498; baseline -0.009 0"><span class='ocrx_word' id='word_1_4' title='bbox 559 443 707 498; x_wconf 79' lang='lat' dir='ltr'><strong>Licet</strong></span> <span class='ocrx_word' id='word_1_5' title='bbox 740 454 864 494; x_wconf 89' lang='lat' dir='ltr'><strong>cum</strong></span> <span class='ocrx_word' id='word_1_6' title='bbox 908 437 1017 492; x_wconf 86' lang='lat' dir='ltr'><strong>Deo</strong></span> <span class='ocrx_word' id='word_1_7' title='bbox 1044 435 1278 489; x_wconf 89' lang='lat' dir='ltr'><strong>videaris</strong></span> <span class='ocrx_word' id='word_1_8' title='bbox 1308 450 1447 498; x_wconf 85' lang='lat' dir='ltr'><strong>esse,</strong></span> <span class='ocrx_word' id='word_1_9' title='bbox 1489 447 1619 488; x_wconf 90' lang='lat' dir='ltr'><strong>cave</strong></span> <span class='ocrx_word' id='word_1_10' title='bbox 1651 447 1681 486; x_wconf 88' lang='lat' dir='ltr'><strong>a</strong></span> <span class='ocrx_word' id='word_1_11' title='bbox 1714 432 1938 486; x_wconf 79' lang='lat' dir='ltr'><strong>luxuriae</strong></span> <span class='ocrx_word' id='word_1_12' title='bbox 1960 431 2067 484; x_wconf 72' lang='lat' dir='ltr'><strong>da:-</strong></span> 
     </span>
    </p>
   </div>
   <div class='ocr_carea' id='block_1_3' title="bbox 489 522 2062 598">
    <p class='ocr_par' dir='ltr' id='par_1_3' title="bbox 489 522 2062 598">
     <span class='ocr_line' id='line_1_3' title="bbox 489 522 2062 598; baseline -0.011 -7"><span class='ocrx_word' id='word_1_13' title='bbox 489 549 651 591; x_wconf 87' lang='lat' dir='ltr'><strong>mone</strong></span> <span class='ocrx_word' id='word_1_14' title='bbox 672 572 689 598; x_wconf 86' lang='lat'><strong>,</strong></span> <span class='ocrx_word' id='word_1_15' title='bbox 726 530 878 584; x_wconf 83' lang='lat' dir='ltr'><strong>valde</strong></span> <span class='ocrx_word' id='word_1_16' title='bbox 906 541 1144 597; x_wconf 84' lang='lat' dir='ltr'><strong>namque</strong></span> <span class='ocrx_word' id='word_1_17' title='bbox 1166 524 1326 581; x_wconf 76' lang='lat' dir='ltr'><strong>fallax</strong></span> <span class='ocrx_word' id='word_1_18' title='bbox 1351 536 1456 586; x_wconf 89' lang='lat' dir='ltr'><strong>est,</strong></span> <span class='ocrx_word' id='word_1_19' title='bbox 1479 533 1533 577; x_wconf 88' lang='lat' dir='ltr'><strong>et</strong></span> <span class='ocrx_word' id='word_1_20' title='bbox 1561 523 1796 577; x_wconf 79' lang='lat' dir='ltr'><strong>maxime</strong></span> <span class='ocrx_word' id='word_1_21' title='bbox 1827 522 2062 584; x_wconf 88' lang='lat' dir='ltr'><strong>invidus,</strong></span> 
     </span>
    </p>
   </div>
   <div class='ocr_carea' id='block_1_4' title="bbox 488 612 2065 683">
    <p class='ocr_par' dir='ltr' id='par_1_4' title="bbox 488 612 2065 683">
     <span class='ocr_line' id='line_1_4' title="bbox 488 612 2065 683; baseline -0.01 -4"><span class='ocrx_word' id='word_1_22' title='bbox 488 638 542 680; x_wconf 91' lang='lat' dir='ltr'><strong>et</strong></span> <span class='ocrx_word' id='word_1_23' title='bbox 572 623 721 677; x_wconf 86' lang='lat' dir='ltr'><strong>ocior</strong></span> <span class='ocrx_word' id='word_1_24' title='bbox 746 634 866 674; x_wconf 86' lang='lat' dir='ltr'><strong>esse</strong></span> <span class='ocrx_word' id='word_1_25' title='bbox 907 616 1022 671; x_wconf 92' lang='lat' dir='ltr'><strong>vult</strong></span> <span class='ocrx_word' id='word_1_26' title='bbox 1056 616 1292 670; x_wconf 87' lang='lat' dir='ltr'><strong>motione</strong></span> <span class='ocrx_word' id='word_1_27' title='bbox 1319 630 1384 668; x_wconf 86' lang='lat' dir='ltr'><strong>ac</strong></span> <span class='ocrx_word' id='word_1_28' title='bbox 1414 614 1689 683; x_wconf 76' lang='lat' dir='ltr'><strong>vigilantia</strong></span> <span class='ocrx_word' id='word_1_29' title='bbox 1717 612 1913 666; x_wconf 90' lang='lat' dir='ltr'><strong>mentis</strong></span> <span class='ocrx_word' id='word_1_30' title='bbox 1940 619 2065 674; x_wconf 79' lang='lat' dir='ltr'><strong>tuae,</strong></span> 
     </span>
    </p>
   </div>
   <div class='ocr_carea' id='block_1_5' title="bbox 490 702 2066 772">
    <p class='ocr_par' dir='ltr' id='par_1_5' title="bbox 490 702 2066 772">
     <span class='ocr_line' id='line_1_5' title="bbox 490 702 2066 772; baseline -0.007 -6"><span class='ocrx_word' id='word_1_31' title='bbox 490 716 562 766; x_wconf 84' lang='lat' dir='ltr'><strong>ita</strong></span> <span class='ocrx_word' id='word_1_32' title='bbox 595 720 655 766; x_wconf 95' lang='lat' dir='ltr'><strong>ut</strong></span> <span class='ocrx_word' id='word_1_33' title='bbox 705 724 824 764; x_wconf 87' lang='lat' dir='ltr'><strong>eam</strong></span> <span class='ocrx_word' id='word_1_34' title='bbox 856 708 1055 762; x_wconf 89' lang='lat' dir='ltr'><strong>avellat</strong></span> <span class='ocrx_word' id='word_1_35' title='bbox 1081 722 1111 761; x_wconf 92' lang='lat' dir='ltr'><strong>a</strong></span> <span class='ocrx_word' id='word_1_36' title='bbox 1138 705 1269 772; x_wconf 87' lang='lat' dir='ltr'><strong>Deo,</strong></span> <span class='ocrx_word' id='word_1_37' title='bbox 1305 705 1393 760; x_wconf 90' lang='lat' dir='ltr'><strong>cui</strong></span> <span class='ocrx_word' id='word_1_38' title='bbox 1417 704 1708 761; x_wconf 91' lang='lat' dir='ltr'><strong>assistebat</strong></span> <span class='ocrx_word' id='word_1_39' title='bbox 1747 719 1871 758; x_wconf 89' lang='lat' dir='ltr'><strong>cum</strong></span> <span class='ocrx_word' id='word_1_40' title='bbox 1906 702 2066 756; x_wconf 84' lang='lat' dir='ltr'><strong>devo-</strong></span> 
     </span>
    </p>
   </div>
   <div class='ocr_carea' id='block_1_6' title="bbox 490 801 970 857">
    <p class='ocr_par' dir='ltr' id='par_1_6' title="bbox 490 801 970 857">
     <span class='ocr_line' id='line_1_6' title="bbox 490 801 970 857; baseline -0.01 0"><span class='ocrx_word' id='word_1_41' title='bbox 490 804 636 857; x_wconf 87' lang='lat' dir='ltr'><strong>tione</strong></span> <span class='ocrx_word' id='word_1_42' title='bbox 664 817 728 857; x_wconf 89' lang='lat' dir='ltr'><strong>ac</strong></span> <span class='ocrx_word' id='word_1_43' title='bbox 757 801 970 854; x_wconf 85' lang='lat' dir='ltr'><strong>timore.</strong></span> 
     </span>
    </p>
   </div>
   <div class='ocr_carea' id='block_1_7' title="bbox 1072 1013 1470 1071">
    <p class='ocr_par' dir='ltr' id='par_1_7' title="bbox 1072 1013 1470 1071">
     <span class='ocr_line' id='line_1_7' title="bbox 1072 1013 1470 1071; baseline -0.008 0"><span class='ocrx_word' id='word_1_44' title='bbox 1072 1013 1301 1071; x_wconf 81' lang='lat' dir='ltr'><strong>CAPUT</strong></span> <span class='ocrx_word' id='word_1_45' title='bbox 1332 1015 1470 1069; x_wconf 78' lang='lat' dir='ltr'><strong>XCI.</strong></span> 
     </span>
    </p>
   </div>
   <div class='ocr_carea' id='block_1_8' title="bbox 559 1125 2067 1197">
    <p class='ocr_par' dir='ltr' id='par_1_8' title="bbox 559 1125 2067 1197">
     <span class='ocr_line' id='line_1_8' title="bbox 559 1125 2067 1197; baseline -0.006 -10"><span class='ocrx_word' id='word_1_46' title='bbox 559 1132 617 1187; x_wconf 89' lang='lat' dir='ltr'><strong>Si</strong></span> <span class='ocrx_word' id='word_1_47' title='bbox 646 1131 740 1186; x_wconf 84' lang='lat' dir='ltr'><strong>tibi</strong></span> <span class='ocrx_word' id='word_1_48' title='bbox 768 1145 897 1186; x_wconf 86' lang='lat' dir='ltr'><strong>cura</strong></span> <span class='ocrx_word' id='word_1_49' title='bbox 920 1140 1002 1185; x_wconf 89' lang='lat' dir='ltr'><strong>est</strong></span> <span class='ocrx_word' id='word_1_50' title='bbox 1017 1130 1296 1191; x_wconf 92' lang='lat' dir='ltr'><strong>orationis,</strong></span> <span class='ocrx_word' id='word_1_51' title='bbox 1318 1143 1557 1197; x_wconf 63' lang='lat' dir='ltr'><strong>prmpara</strong></span> <span class='ocrx_word' id='word_1_52' title='bbox 1580 1127 1707 1182; x_wconf 88' lang='lat' dir='ltr'><strong>tead</strong></span> <span class='ocrx_word' id='word_1_53' title='bbox 1727 1126 1949 1181; x_wconf 78' lang='lat' dir='ltr'><strong>hostiles</strong></span> <span class='ocrx_word' id='word_1_54' title='bbox 1965 1125 2067 1179; x_wconf 69' lang='lat' dir='ltr'><strong>dre-</strong></span> 
     </span>
    </p>
   </div>
   <div class='ocr_carea' id='block_1_9' title="bbox 487 1213 2069 1284">
    <p class='ocr_par' dir='ltr' id='par_1_9' title="bbox 487 1213 2069 1284">
     <span class='ocr_line' id='line_1_9' title="bbox 487 1213 2069 1284; baseline -0.006 -8"><span class='ocrx_word' id='word_1_55' title='bbox 487 1235 711 1276; x_wconf 84' lang='lat' dir='ltr'><strong>monum</strong></span> <span class='ocrx_word' id='word_1_56' title='bbox 742 1219 1073 1281; x_wconf 85' lang='lat' dir='ltr'><strong>invasiones,</strong></span> <span class='ocrx_word' id='word_1_57' title='bbox 1108 1227 1160 1272; x_wconf 90' lang='lat' dir='ltr'><strong>et</strong></span> <span class='ocrx_word' id='word_1_58' title='bbox 1181 1226 1495 1271; x_wconf 81' lang='lat' dir='ltr'><strong>constanter</strong></span> <span class='ocrx_word' id='word_1_59' title='bbox 1518 1216 1738 1270; x_wconf 85' lang='lat' dir='ltr'><strong>verbera</strong></span> <span class='ocrx_word' id='word_1_60' title='bbox 1773 1230 1893 1284; x_wconf 64' lang='lat' dir='ltr'><strong>qua:</strong></span> <span class='ocrx_word' id='word_1_61' title='bbox 1926 1213 2069 1268; x_wconf 85' lang='lat' dir='ltr'><strong>inﬂi-</strong></span> 
     </span>
    </p>
   </div>
   <div class='ocr_carea' id='block_1_10' title="bbox 490 1305 2069 1381">
    <p class='ocr_par' dir='ltr' id='par_1_10' title="bbox 490 1305 2069 1381">
     <span class='ocr_line' id='line_1_10' title="bbox 490 1305 2069 1381; baseline -0.004 -16"><span class='ocrx_word' id='word_1_62' title='bbox 490 1320 643 1381; x_wconf 87' lang='lat' dir='ltr'><strong>gunt,</strong></span> <span class='ocrx_word' id='word_1_63' title='bbox 664 1311 872 1367; x_wconf 88' lang='lat' dir='ltr'><strong>sustine</strong></span> <span class='ocrx_word' id='word_1_64' title='bbox 895 1327 910 1375; x_wconf 91' lang='lat'><strong>;</strong></span> <span class='ocrx_word' id='word_1_65' title='bbox 931 1324 1050 1363; x_wconf 92' lang='lat' dir='ltr'><strong>nam</strong></span> <span class='ocrx_word' id='word_1_66' title='bbox 1087 1318 1340 1376; x_wconf 84' lang='lat' dir='ltr'><strong>tanquam</strong></span> <span class='ocrx_word' id='word_1_67' title='bbox 1371 1306 1576 1361; x_wconf 83' lang='lat' dir='ltr'><strong>feroces</strong></span> <span class='ocrx_word' id='word_1_68' title='bbox 1614 1306 1796 1360; x_wconf 81' lang='lat' dir='ltr'><strong>bestiae</strong></span> <span class='ocrx_word' id='word_1_69' title='bbox 1830 1305 2069 1359; x_wconf 92' lang='lat' dir='ltr'><strong>insilient</strong></span> 
     </span>
    </p>
   </div>
   <div class='ocr_carea' id='block_1_11' title="bbox 491 1394 2041 1468">
    <p class='ocr_par' dir='ltr' id='par_1_11' title="bbox 491 1394 2041 1468">
     <span class='ocr_line' id='line_1_11' title="bbox 491 1394 2041 1468; baseline -0.005 -13"><span class='ocrx_word' id='word_1_70' title='bbox 491 1400 548 1455; x_wconf 88' lang='lat' dir='ltr'><strong>in</strong></span> <span class='ocrx_word' id='word_1_71' title='bbox 582 1408 654 1465; x_wconf 89' lang='lat' dir='ltr'><strong>te,</strong></span> <span class='ocrx_word' id='word_1_72' title='bbox 688 1409 948 1468; x_wconf 90' lang='lat' dir='ltr'><strong>tuumque</strong></span> <span class='ocrx_word' id='word_1_73' title='bbox 982 1412 1179 1467; x_wconf 86' lang='lat' dir='ltr'><strong>corpus</strong></span> <span class='ocrx_word' id='word_1_74' title='bbox 1207 1405 1376 1451; x_wconf 82' lang='lat' dir='ltr'><strong>tntum</strong></span> <span class='ocrx_word' id='word_1_75' title='bbox 1410 1397 1681 1451; x_wconf 71' lang='lat' dir='ltr'><strong>vetabunt</strong></span> <span class='ocrx_word' id='word_1_76' title='bbox 1706 1405 1759 1451; x_wconf 89' lang='lat' dir='ltr'><strong>et</strong></span> <span class='ocrx_word' id='word_1_77' title='bbox 1789 1394 2041 1465; x_wconf 81' lang='lat' dir='ltr'><strong>aIIIigent.</strong></span> 
     </span>
    </p>
   </div>
   <div class='ocr_carea' id='block_1_12' title="bbox 1063 1507 1475 1564">
    <p class='ocr_par' dir='ltr' id='par_1_12' title="bbox 1063 1507 1475 1564">
     <span class='ocr_line' id='line_1_12' title="bbox 1063 1507 1475 1564; baseline -0.002 -1"><span class='ocrx_word' id='word_1_78' title='bbox 1063 1507 1287 1564; x_wconf 77' lang='lat' dir='ltr'><strong>CAPUT</strong></span> <span class='ocrx_word' id='word_1_79' title='bbox 1318 1507 1475 1563; x_wconf 79' lang='lat' dir='ltr'><strong><em>XCII.</em></strong></span> 
     </span>
    </p>
   </div>
   <div class='ocr_carea' id='block_1_13' title="bbox 569 1620 2180 1713">
    <p class='ocr_par' dir='ltr' id='par_1_13' title="bbox 569 1620 2180 1713">
     <span class='ocr_line' id='line_1_13' title="bbox 569 1620 2180 1713; baseline -0.003 -36"><span class='ocrx_word' id='word_1_80' title='bbox 569 1622 801 1678; x_wconf 83' lang='lat' dir='ltr'><strong>Paratus</strong></span> <span class='ocrx_word' id='word_1_81' title='bbox 840 1624 939 1688; x_wconf 88' lang='lat' dir='ltr'><strong>sis,</strong></span> <span class='ocrx_word' id='word_1_82' title='bbox 979 1623 1056 1677; x_wconf 90' lang='lat' dir='ltr'><strong>uti</strong></span> <span class='ocrx_word' id='word_1_83' title='bbox 1083 1624 1289 1693; x_wconf 89' lang='lat' dir='ltr'><strong>peritus</strong></span> <span class='ocrx_word' id='word_1_84' title='bbox 1313 1631 1573 1684; x_wconf 89' lang='lat' dir='ltr'><strong>certator,</strong></span> <span class='ocrx_word' id='word_1_85' title='bbox 1616 1629 1694 1681; x_wconf 89' lang='lat' dir='ltr'><strong>ut.</strong></span> <span class='ocrx_word' id='word_1_86' title='bbox 1723 1620 1975 1689; x_wconf 80' lang='lat' dir='ltr'><strong>quamvis</strong></span> <span class='ocrx_word' id='word_1_87' title='bbox 2000 1633 2065 1673; x_wconf 80' lang='lat' dir='ltr'><strong>ex</strong></span> <span class='ocrx_word' id='word_1_88' title='bbox 2097 1658 2139 1713; x_wconf 74' lang='grc' dir='ltr'><strong>Β</strong></span> 
     </span>
    </p>
   </div>
   <div class='ocr_carea' id='block_1_14' title="bbox 493 1708 2068 1785">
    <p class='ocr_par' dir='ltr' id='par_1_14' title="bbox 493 1708 2068 1785">
     <span class='ocr_line' id='line_1_14' title="bbox 493 1708 2068 1785; baseline -0.006 -14"><span class='ocrx_word' id='word_1_89' title='bbox 493 1716 779 1785; x_wconf 79' lang='lat' dir='ltr'><strong>inopinato</strong></span> <span class='ocrx_word' id='word_1_90' title='bbox 809 1714 1009 1768; x_wconf 88' lang='lat' dir='ltr'><strong>videris</strong></span> <span class='ocrx_word' id='word_1_91' title='bbox 1045 1723 1343 1783; x_wconf 86' lang='lat' dir='ltr'><strong>spectrum,</strong></span> <span class='ocrx_word' id='word_1_92' title='bbox 1396 1728 1505 1766; x_wconf 89' lang='lat' dir='ltr'><strong>non</strong></span> <span class='ocrx_word' id='word_1_93' title='bbox 1542 1710 1893 1774; x_wconf 85' lang='lat' dir='ltr'><strong>concutiaris,</strong></span> <span class='ocrx_word' id='word_1_94' title='bbox 1921 1717 1974 1763; x_wconf 91' lang='lat' dir='ltr'><strong>et</strong></span> <span class='ocrx_word' id='word_1_95' title='bbox 1999 1708 2068 1761; x_wconf 80' lang='lat' dir='ltr'><strong>Ii—</strong></span> 
     </span>
    </p>
   </div>
   <div class='ocr_carea' id='block_1_15' title="bbox 494 1802 2071 1873">
    <p class='ocr_par' dir='ltr' id='par_1_15' title="bbox 494 1802 2071 1873">
     <span class='ocr_line' id='line_1_15' title="bbox 494 1802 2071 1873; baseline -0.004 -14"><span class='ocrx_word' id='word_1_96' title='bbox 494 1815 579 1859; x_wconf 90' lang='lat' dir='ltr'><strong>cet</strong></span> <span class='ocrx_word' id='word_1_97' title='bbox 613 1804 915 1873; x_wconf 77' lang='lat' dir='ltr'><strong>dispexeris</strong></span> <span class='ocrx_word' id='word_1_98' title='bbox 947 1804 1183 1873; x_wconf 80' lang='lat' dir='ltr'><strong>gladium</strong></span> <span class='ocrx_word' id='word_1_99' title='bbox 1217 1803 1517 1857; x_wconf 86' lang='lat' dir='ltr'><strong>districtum</strong></span> <span class='ocrx_word' id='word_1_100' title='bbox 1558 1802 1844 1855; x_wconf 85' lang='lat' dir='ltr'><strong>adversum</strong></span> <span class='ocrx_word' id='word_1_101' title='bbox 1882 1810 1952 1865; x_wconf 87' lang='lat' dir='ltr'><strong>te,</strong></span> <span class='ocrx_word' id='word_1_102' title='bbox 1977 1807 2071 1853; x_wconf 90' lang='lat' dir='ltr'><strong>aut</strong></span> 
     </span>
    </p>
   </div>
   <div class='ocr_carea' id='block_1_16' title="bbox 491 1892 2067 1964">
    <p class='ocr_par' dir='ltr' id='par_1_16' title="bbox 491 1892 2067 1964">
     <span class='ocr_line' id='line_1_16' title="bbox 491 1892 2067 1964; baseline -0.004 -15"><span class='ocrx_word' id='word_1_103' title='bbox 491 1896 820 1964; x_wconf 84' lang='lat' dir='ltr'><strong>lampadem,</strong></span> <span class='ocrx_word' id='word_1_104' title='bbox 855 1910 976 1964; x_wconf 70' lang='lat' dir='ltr'><strong>qure</strong></span> <span class='ocrx_word' id='word_1_105' title='bbox 1008 1904 1159 1948; x_wconf 92' lang='lat' dir='ltr'><strong>tuum</strong></span> <span class='ocrx_word' id='word_1_106' title='bbox 1220 1893 1644 1963; x_wconf 84' lang='lat' dir='ltr'><strong>comprehendat</strong></span> <span class='ocrx_word' id='word_1_107' title='bbox 1698 1892 1898 1957; x_wconf 83' lang='lat' dir='ltr'><strong>visum,</strong></span> <span class='ocrx_word' id='word_1_108' title='bbox 1958 1906 2067 1944; x_wconf 92' lang='lat' dir='ltr'><strong>non</strong></span> 
     </span>
    </p>
   </div>
   <div class='ocr_carea' id='block_1_17' title="bbox 493 1982 2064 2055">
    <p class='ocr_par' dir='ltr' id='par_1_17' title="bbox 493 1982 2064 2055">
     <span class='ocr_line' id='line_1_17' title="bbox 493 1982 2064 2055; baseline -0.003 -16"><span class='ocrx_word' id='word_1_109' title='bbox 493 1987 751 2051; x_wconf 82' lang='lat' dir='ltr'><strong>turberis,</strong></span> <span class='ocrx_word' id='word_1_110' title='bbox 780 1995 835 2039; x_wconf 91' lang='lat' dir='ltr'><strong>et</strong></span> <span class='ocrx_word' id='word_1_111' title='bbox 864 1989 1112 2055; x_wconf 82' lang='lat' dir='ltr'><strong>quamvis</strong></span> <span class='ocrx_word' id='word_1_112' title='bbox 1170 1986 1404 2054; x_wconf 85' lang='lat' dir='ltr'><strong>speciem</strong></span> <span class='ocrx_word' id='word_1_113' title='bbox 1460 1985 1698 2054; x_wconf 88' lang='lat' dir='ltr'><strong>aliquam</strong></span> <span class='ocrx_word' id='word_1_114' title='bbox 1748 1982 2064 2048; x_wconf 80' lang='lat' dir='ltr'><strong>deformem,</strong></span> 
     </span>
    </p>
   </div>
   <div class='ocr_carea' id='block_1_18' title="bbox 493 2075 2069 2151">
    <p class='ocr_par' dir='ltr' id='par_1_18' title="bbox 493 2075 2069 2151">
     <span class='ocr_line' id='line_1_18' title="bbox 493 2075 2069 2151; baseline -0.003 -18"><span class='ocrx_word' id='word_1_115' title='bbox 493 2087 548 2133; x_wconf 84' lang='lat' dir='ltr'><strong>et</strong></span> <span class='ocrx_word' id='word_1_116' title='bbox 619 2086 901 2151; x_wconf 83' lang='lat' dir='ltr'><strong>cruentam</strong></span> <span class='ocrx_word' id='word_1_117' title='bbox 968 2076 1314 2146; x_wconf 81' lang='lat' dir='ltr'><strong>spectaveris,</strong></span> <span class='ocrx_word' id='word_1_118' title='bbox 1374 2076 1525 2130; x_wconf 91' lang='lat' dir='ltr'><strong>nullo</strong></span> <span class='ocrx_word' id='word_1_119' title='bbox 1590 2075 1753 2130; x_wconf 90' lang='lat' dir='ltr'><strong>modo</strong></span> <span class='ocrx_word' id='word_1_120' title='bbox 1816 2075 2069 2129; x_wconf 85' lang='lat' dir='ltr'><strong>concidas</strong></span> 
     </span>
    </p>
   </div>
   <div class='ocr_carea' id='block_1_19' title="bbox 494 2167 2068 2236">
    <p class='ocr_par' dir='ltr' id='par_1_19' title="bbox 494 2167 2068 2236">
     <span class='ocr_line' id='line_1_19' title="bbox 494 2167 2068 2236; baseline -0.003 -13"><span class='ocrx_word' id='word_1_121' title='bbox 494 2173 698 2235; x_wconf 86' lang='lat' dir='ltr'><strong>anima,</strong></span> <span class='ocrx_word' id='word_1_122' title='bbox 739 2184 925 2223; x_wconf 88' lang='lat' dir='ltr'><strong>verum</strong></span> <span class='ocrx_word' id='word_1_123' title='bbox 959 2179 1038 2223; x_wconf 90' lang='lat' dir='ltr'><strong>sta</strong></span> <span class='ocrx_word' id='word_1_124' title='bbox 1068 2177 1215 2222; x_wconf 87' lang='lat' dir='ltr'><strong>tuam</strong></span> <span class='ocrx_word' id='word_1_125' title='bbox 1249 2168 1556 2222; x_wconf 77' lang='lat' dir='ltr'><strong>conﬁtendo</strong></span> <span class='ocrx_word' id='word_1_126' title='bbox 1593 2167 1906 2236; x_wconf 65' lang='lat' dir='ltr'><strong>pratclaram</strong></span> <span class='ocrx_word' id='word_1_127' title='bbox 1936 2181 2068 2220; x_wconf 72' lang='lat' dir='ltr'><strong>cont-</strong></span> 
     </span>
    </p>
   </div>
   <div class='ocr_carea' id='block_1_20' title="bbox 493 2258 1911 2329">
    <p class='ocr_par' dir='ltr' id='par_1_20' title="bbox 493 2258 1911 2329">
     <span class='ocr_line' id='line_1_20' title="bbox 493 2258 1911 2329; baseline -0.003 -15"><span class='ocrx_word' id='word_1_128' title='bbox 493 2259 807 2321; x_wconf 83' lang='lat' dir='ltr'><strong>fessionem.</strong></span> <span class='ocrx_word' id='word_1_129' title='bbox 838 2270 892 2314; x_wconf 90' lang='lat' dir='ltr'><strong>et</strong></span> <span class='ocrx_word' id='word_1_130' title='bbox 921 2259 1132 2315; x_wconf 81' lang='lat' dir='ltr'><strong>facilius</strong></span> <span class='ocrx_word' id='word_1_131' title='bbox 1160 2271 1280 2314; x_wconf 86' lang='lat' dir='ltr'><strong>tuos</strong></span> <span class='ocrx_word' id='word_1_132' title='bbox 1309 2258 1849 2329; x_wconf 86' lang='lat' dir='ltr'><strong>inspiciesinimicos.</strong></span> <span class='ocrx_word' id='word_1_133' title='bbox 1902 2279 1911 2289; x_wconf 88' lang='lat'><strong><em>-</em></strong></span> 
     </span>
    </p>
   </div>
   <div class='ocr_carea' id='block_1_21' title="bbox 1045 2371 1509 2427">
    <p class='ocr_par' dir='ltr' id='par_1_21' title="bbox 1045 2371 1509 2427">
     <span class='ocr_line' id='line_1_21' title="bbox 1045 2371 1509 2427; baseline -0.002 0"><span class='ocrx_word' id='word_1_134' title='bbox 1045 2371 1274 2427; x_wconf 82' lang='lat' dir='ltr'><strong>CAPUT</strong></span> <span class='ocrx_word' id='word_1_135' title='bbox 1329 2371 1509 2427; x_wconf 81' lang='lat' dir='ltr'><strong>XCIII.</strong></span> 
     </span>
    </p>
   </div>
   <div class='ocr_carea' id='block_1_22' title="bbox 565 2486 2065 2557">
    <p class='ocr_par' dir='ltr' id='par_1_22' title="bbox 565 2486 2065 2557">
     <span class='ocr_line' id='line_1_22' title="bbox 565 2486 2065 2557; baseline -0.002 -15"><span class='ocrx_word' id='word_1_136' title='bbox 565 2486 670 2553; x_wconf 83' lang='lat' dir='ltr'><strong>Qui</strong></span> <span class='ocrx_word' id='word_1_137' title='bbox 704 2488 929 2542; x_wconf 89' lang='lat' dir='ltr'><strong>molesta</strong></span> <span class='ocrx_word' id='word_1_138' title='bbox 962 2486 1173 2551; x_wconf 83' lang='lat' dir='ltr'><strong>suﬂ‘ert,</strong></span> <span class='ocrx_word' id='word_1_139' title='bbox 1230 2495 1553 2557; x_wconf 88' lang='lat' dir='ltr'><strong>assequetur</strong></span> <span class='ocrx_word' id='word_1_140' title='bbox 1581 2488 1742 2541; x_wconf 85' lang='lat' dir='ltr'><strong>etiam</strong></span> <span class='ocrx_word' id='word_1_141' title='bbox 1777 2501 1897 2556; x_wconf 64' lang='lat' dir='ltr'><strong>qua:</strong></span> <span class='ocrx_word' id='word_1_142' title='bbox 1924 2501 2065 2556; x_wconf 88' lang='lat' dir='ltr'><strong>gau-</strong></span> 
     </span>
    </p>
   </div>
   <div class='ocr_carea' id='block_1_23' title="bbox 495 2578 2068 2648">
    <p class='ocr_par' dir='ltr' id='par_1_23' title="bbox 495 2578 2068 2648">
     <span class='ocr_line' id='line_1_23' title="bbox 495 2578 2068 2648; baseline -0.002 -16"><span class='ocrx_word' id='word_1_143' title='bbox 495 2579 644 2632; x_wconf 90' lang='lat' dir='ltr'><strong>dium</strong></span> <span class='ocrx_word' id='word_1_144' title='bbox 673 2578 913 2647; x_wconf 80' lang='lat' dir='ltr'><strong>pariunl,</strong></span> <span class='ocrx_word' id='word_1_145' title='bbox 952 2586 1007 2632; x_wconf 92' lang='lat' dir='ltr'><strong>et</strong></span> <span class='ocrx_word' id='word_1_146' title='bbox 1037 2579 1130 2648; x_wconf 91' lang='lat' dir='ltr'><strong>qui</strong></span> <span class='ocrx_word' id='word_1_147' title='bbox 1159 2587 1416 2633; x_wconf 88' lang='lat' dir='ltr'><strong>constans</strong></span> <span class='ocrx_word' id='word_1_148' title='bbox 1444 2578 1639 2632; x_wconf 86' lang='lat' dir='ltr'><strong>tolerat</strong></span> <span class='ocrx_word' id='word_1_149' title='bbox 1669 2578 1935 2642; x_wconf 87' lang='lat' dir='ltr'><strong>insuavia,</strong></span> <span class='ocrx_word' id='word_1_150' title='bbox 1959 2591 2068 2631; x_wconf 86' lang='lat' dir='ltr'><strong>non</strong></span> 
     </span>
    </p>
   </div>
   <div class='ocr_carea' id='block_1_24' title="bbox 497 2671 1013 2725">
    <p class='ocr_par' dir='ltr' id='par_1_24' title="bbox 497 2671 1013 2725">
     <span class='ocr_line' id='line_1_24' title="bbox 497 2671 1013 2725; baseline 0 -2"><span class='ocrx_word' id='word_1_151' title='bbox 497 2672 704 2725; x_wconf 85' lang='lat' dir='ltr'><strong>carebit</strong></span> <span class='ocrx_word' id='word_1_152' title='bbox 731 2671 1013 2724; x_wconf 85' lang='lat' dir='ltr'><strong>suavibus.</strong></span> 
     </span>
    </p>
   </div>
   <div class='ocr_carea' id='block_1_25' title="bbox 958 2778 1603 2854">
    <p class='ocr_par' dir='ltr' id='par_1_25' title="bbox 958 2778 1603 2854">
     <span class='ocr_line' id='line_1_25' title="bbox 958 2778 1603 2854; baseline -0.006 -18"><span class='ocrx_word' id='word_1_153' title='bbox 958 2781 1126 2854; x_wconf 61' lang='lat'><strong>599</strong></span> <span class='ocrx_word' id='word_1_154' title='bbox 1153 2778 1385 2835; x_wconf 81' lang='lat' dir='ltr'><strong>CAPUT</strong></span> <span class='ocrx_word' id='word_1_155' title='bbox 1422 2778 1603 2833; x_wconf 70' lang='grc' dir='ltr'>χειν.</span> 
     </span>
    </p>
   </div>
   <div class='ocr_carea' id='block_1_26' title="bbox 483 2870 2069 2962">
    <p class='ocr_par' dir='ltr' id='par_1_26' title="bbox 483 2870 2069 2962">
     <span class='ocr_line' id='line_1_26' title="bbox 483 2870 2069 2962; baseline -0.002 -13"><span class='ocrx_word' id='word_1_156' title='bbox 483 2870 499 2884; x_wconf 51' lang='grc'><em>’</em></span> <span class='ocrx_word' id='word_1_157' title='bbox 567 2894 711 2949; x_wconf 90' lang='lat' dir='ltr'><strong>Cave</strong></span> <span class='ocrx_word' id='word_1_158' title='bbox 742 2908 809 2946; x_wconf 90' lang='lat' dir='ltr'><strong>ne</strong></span> <span class='ocrx_word' id='word_1_159' title='bbox 840 2900 894 2947; x_wconf 90' lang='lat' dir='ltr'><strong>te</strong></span> <span class='ocrx_word' id='word_1_160' title='bbox 920 2892 1195 2961; x_wconf 86' lang='lat' dir='ltr'><strong>decipiant</strong></span> <span class='ocrx_word' id='word_1_161' title='bbox 1225 2907 1319 2962; x_wconf 86' lang='lat' dir='ltr'><strong>per</strong></span> <span class='ocrx_word' id='word_1_162' title='bbox 1362 2891 1602 2961; x_wconf 86' lang='lat' dir='ltr'><strong>aliquam</strong></span> <span class='ocrx_word' id='word_1_163' title='bbox 1633 2891 1896 2946; x_wconf 84' lang='lat' dir='ltr'><strong>visionem</strong></span> <span class='ocrx_word' id='word_1_164' title='bbox 1952 2900 2069 2946; x_wconf 74' lang='lat' dir='ltr'><strong>ma-</strong></span> 
     </span>
    </p>
   </div>
   <div class='ocr_carea' id='block_1_27' title="bbox 412 2970 2139 3055">
    <p class='ocr_par' dir='ltr' id='par_1_27' title="bbox 412 2970 2139 3055">
     <span class='ocr_line' id='line_1_27' title="bbox 412 2970 2139 3055; baseline -0.001 -16"><span class='ocrx_word' id='word_1_165' title='bbox 412 2993 428 3001; x_wconf 87' lang='lat'><em>‘</em></span> <span class='ocrx_word' id='word_1_166' title='bbox 499 2970 631 3055; x_wconf 86' lang='lat' dir='ltr'><strong>ligni</strong></span> <span class='ocrx_word' id='word_1_167' title='bbox 662 2986 966 3049; x_wconf 81' lang='lat' dir='ltr'><strong>daemones;</strong></span> <span class='ocrx_word' id='word_1_168' title='bbox 1020 2998 1203 3036; x_wconf 84' lang='lat' dir='ltr'><strong>verum</strong></span> <span class='ocrx_word' id='word_1_169' title='bbox 1237 2994 1355 3038; x_wconf 88' lang='lat' dir='ltr'><strong>esto</strong></span> <span class='ocrx_word' id='word_1_170' title='bbox 1383 2984 1641 3053; x_wconf 87' lang='lat' dir='ltr'><strong>prudens,</strong></span> <span class='ocrx_word' id='word_1_171' title='bbox 1670 2991 1721 3038; x_wconf 87' lang='lat' dir='ltr'><strong>te</strong></span> <span class='ocrx_word' id='word_1_172' title='bbox 1750 2992 2068 3039; x_wconf 88' lang='lat' dir='ltr'><strong>convertens</strong></span> <span class='ocrx_word' id='word_1_173' title='bbox 2096 2989 2139 3051; x_wconf 85' lang='lat' dir='ltr'><strong><em>C</em></strong></span> 
     </span>
    </p>
   </div>
   <div class='ocr_carea' id='block_1_28' title="bbox 499 3071 2071 3145">
    <p class='ocr_par' dir='ltr' id='par_1_28' title="bbox 499 3071 2071 3145">
     <span class='ocr_line' id='line_1_28' title="bbox 499 3071 2071 3145; baseline 0.001 -16"><span class='ocrx_word' id='word_1_174' title='bbox 499 3077 566 3129; x_wconf 87' lang='lat' dir='ltr'><strong>ad</strong></span> <span class='ocrx_word' id='word_1_175' title='bbox 597 3076 919 3137; x_wconf 88' lang='lat' dir='ltr'><strong>orationem,</strong></span> <span class='ocrx_word' id='word_1_176' title='bbox 1001 3071 1287 3143; x_wconf 84' lang='lat' dir='ltr'><strong>Deumque</strong></span> <span class='ocrx_word' id='word_1_177' title='bbox 1329 3089 1570 3143; x_wconf 85' lang='lat' dir='ltr'><strong>precare,</strong></span> <span class='ocrx_word' id='word_1_178' title='bbox 1632 3084 1690 3129; x_wconf 91' lang='lat' dir='ltr'><strong>ut</strong></span> <span class='ocrx_word' id='word_1_179' title='bbox 1734 3074 1781 3129; x_wconf 90' lang='lat' dir='ltr'><strong>si</strong></span> <span class='ocrx_word' id='word_1_180' title='bbox 1821 3090 1886 3129; x_wconf 79' lang='lat' dir='ltr'><strong>ex</strong></span> <span class='ocrx_word' id='word_1_181' title='bbox 1952 3076 2071 3145; x_wconf 92' lang='lat' dir='ltr'><strong>ipso</strong></span> 
     </span>
    </p>
   </div>
   <div class='ocr_carea' id='block_1_29' title="bbox 499 3163 2069 3235">
    <p class='ocr_par' dir='ltr' id='par_1_29' title="bbox 499 3163 2069 3235">
     <span class='ocr_line' id='line_1_29' title="bbox 499 3163 2069 3235; baseline 0 -16"><span class='ocrx_word' id='word_1_182' title='bbox 499 3166 718 3235; x_wconf 87' lang='lat' dir='ltr'><strong>quidem</strong></span> <span class='ocrx_word' id='word_1_183' title='bbox 750 3173 834 3218; x_wconf 90' lang='lat' dir='ltr'><strong>est</strong></span> <span class='ocrx_word' id='word_1_184' title='bbox 862 3163 1179 3235; x_wconf 88' lang='lat' dir='ltr'><strong>cogitatum,</strong></span> <span class='ocrx_word' id='word_1_185' title='bbox 1231 3163 1346 3233; x_wconf 91' lang='lat' dir='ltr'><strong>ipse</strong></span> <span class='ocrx_word' id='word_1_186' title='bbox 1379 3172 1429 3217; x_wconf 86' lang='lat' dir='ltr'><strong>te</strong></span> <span class='ocrx_word' id='word_1_187' title='bbox 1480 3164 1769 3231; x_wconf 90' lang='lat' dir='ltr'><strong>illuminet,</strong></span> <span class='ocrx_word' id='word_1_188' title='bbox 1797 3172 1855 3217; x_wconf 85' lang='lat' dir='ltr'><strong>at</strong></span> <span class='ocrx_word' id='word_1_189' title='bbox 1885 3165 1928 3219; x_wconf 88' lang='lat' dir='ltr'><strong>si</strong></span> <span class='ocrx_word' id='word_1_190' title='bbox 1963 3180 2069 3219; x_wconf 91' lang='lat' dir='ltr'><strong>non</strong></span> 
     </span>
    </p>
   </div>
   <div class='ocr_carea' id='block_1_30' title="bbox 498 3253 2068 3323">
    <p class='ocr_par' dir='ltr' id='par_1_30' title="bbox 498 3253 2068 3323">
     <span class='ocr_line' id='line_1_30' title="bbox 498 3253 2068 3323; baseline 0.001 -14"><span class='ocrx_word' id='word_1_191' title='bbox 498 3263 584 3309; x_wconf 78' lang='lat' dir='ltr'><strong>&quot;est</strong></span> <span class='ocrx_word' id='word_1_192' title='bbox 648 3253 893 3307; x_wconf 76' lang='lat' dir='ltr'><strong>celeriter</strong></span> <span class='ocrx_word' id='word_1_193' title='bbox 923 3267 953 3305; x_wconf 89' lang='lat' dir='ltr'><strong>a</strong></span> <span class='ocrx_word' id='word_1_194' title='bbox 987 3262 1040 3307; x_wconf 91' lang='lat' dir='ltr'><strong>te</strong></span> <span class='ocrx_word' id='word_1_195' title='bbox 1102 3253 1442 3322; x_wconf 89' lang='lat' dir='ltr'><strong>deceptorem</strong></span> <span class='ocrx_word' id='word_1_196' title='bbox 1471 3255 1721 3323; x_wconf 83' lang='lat' dir='ltr'><strong>depellat,</strong></span> <span class='ocrx_word' id='word_1_197' title='bbox 1756 3264 1809 3308; x_wconf 89' lang='lat' dir='ltr'><strong>et</strong></span> <span class='ocrx_word' id='word_1_198' title='bbox 1837 3256 2068 3319; x_wconf 84' lang='lat' dir='ltr'><strong>confide,</strong></span> 
     </span>
    </p>
   </div>
   <div class='ocr_carea' id='block_1_31' title="bbox 500 3340 2071 3425">
    <p class='ocr_par' dir='ltr' id='par_1_31' title="bbox 500 3340 2071 3425">
     <span class='ocr_line' id='line_1_31' title="bbox 500 3340 2071 3425; baseline 0.001 -28"><span class='ocrx_word' id='word_1_199' title='bbox 500 3344 650 3425; x_wconf 74' lang='lat' dir='ltr'><strong>quod</strong></span> <span class='ocrx_word' id='word_1_200' title='bbox 686 3358 794 3397; x_wconf 92' lang='lat' dir='ltr'><strong>non</strong></span> <span class='ocrx_word' id='word_1_201' title='bbox 845 3340 1071 3399; x_wconf 76' lang='lat' dir='ltr'><strong>stabunt</strong></span> <span class='ocrx_word' id='word_1_202' title='bbox 1095 3357 1278 3408; x_wconf 87' lang='lat' dir='ltr'><strong>canes,</strong></span> <span class='ocrx_word' id='word_1_203' title='bbox 1328 3354 1379 3398; x_wconf 84' lang='lat' dir='ltr'><strong>te</strong></span> <span class='ocrx_word' id='word_1_204' title='bbox 1427 3345 1646 3401; x_wconf 87' lang='lat' dir='ltr'><strong>ardente</strong></span> <span class='ocrx_word' id='word_1_205' title='bbox 1702 3361 1826 3401; x_wconf 88' lang='lat' dir='ltr'><strong>cum</strong></span> <span class='ocrx_word' id='word_1_206' title='bbox 1887 3347 2071 3400; x_wconf 86' lang='lat' dir='ltr'><strong>animo</strong></span> 
     </span>
    </p>
   </div>
   <div class='ocr_carea' id='block_1_32' title="bbox 502 3432 2071 3503">
    <p class='ocr_par' dir='ltr' id='par_1_32' title="bbox 502 3432 2071 3503">
     <span class='ocr_line' id='line_1_32' title="bbox 502 3432 2071 3503; baseline 0.002 -17"><span class='ocrx_word' id='word_1_207' title='bbox 502 3433 614 3487; x_wconf 85' lang='lat' dir='ltr'><strong>Deo</strong></span> <span class='ocrx_word' id='word_1_208' title='bbox 639 3433 980 3501; x_wconf 91' lang='lat' dir='ltr'><strong>colloquente</strong></span> <span class='ocrx_word' id='word_1_209' title='bbox 1010 3450 1024 3486; x_wconf 91' lang='lat'>:</span> <span class='ocrx_word' id='word_1_210' title='bbox 1066 3432 1349 3486; x_wconf 82' lang='lat' dir='ltr'><strong>confestim</strong></span> <span class='ocrx_word' id='word_1_211' title='bbox 1380 3448 1572 3503; x_wconf 84' lang='lat' dir='ltr'><strong>nempe</strong></span> <span class='ocrx_word' id='word_1_212' title='bbox 1600 3433 1961 3501; x_wconf 83' lang='lat' dir='ltr'><strong>invisibiliter,</strong></span> <span class='ocrx_word' id='word_1_213' title='bbox 1985 3444 2071 3489; x_wconf 88' lang='lat' dir='ltr'><strong>at-</strong></span> 
     </span>
    </p>
   </div>
   <div class='ocr_carea' id='block_1_33' title="bbox 503 3508 2059 3595">
    <p class='ocr_par' dir='ltr' id='par_1_33' title="bbox 503 3508 2059 3595">
     <span class='ocr_line' id='line_1_33' title="bbox 503 3508 2059 3595; baseline 0.003 -20"><span class='ocrx_word' id='word_1_214' title='bbox 503 3527 610 3591; x_wconf 81' lang='lat' dir='ltr'><strong>que</strong></span> <span class='ocrx_word' id='word_1_215' title='bbox 644 3521 853 3575; x_wconf 90' lang='lat' dir='ltr'><strong>occulte</strong></span> <span class='ocrx_word' id='word_1_216' title='bbox 877 3518 973 3575; x_wconf 87' lang='lat' dir='ltr'><strong>Dei</strong></span> <span class='ocrx_word' id='word_1_217' title='bbox 1022 3520 1262 3589; x_wconf 90' lang='lat' dir='ltr'><strong>potentia</strong></span> <span class='ocrx_word' id='word_1_218' title='bbox 1292 3520 1562 3593; x_wconf 83' lang='lat' dir='ltr'><strong>flagellati,</strong></span> <span class='ocrx_word' id='word_1_219' title='bbox 1630 3523 1821 3595; x_wconf 86' lang='lat' dir='ltr'><strong>procul</strong></span> <span class='ocrx_word' id='word_1_220' title='bbox 1884 3508 2059 3595; x_wconf 58' lang='lat' dir='ltr'><strong>erpel-</strong></span> 
     </span>
    </p>
   </div>
   <div class='ocr_carea' id='block_1_34' title="bbox 505 3609 706 3663">
    <p class='ocr_par' dir='ltr' id='par_1_34' title="bbox 505 3609 706 3663">
     <span class='ocr_line' id='line_1_34' title="bbox 505 3609 706 3663; baseline -0.005 0"><span class='ocrx_word' id='word_1_221' title='bbox 505 3609 706 3663; x_wconf 69' lang='lat' dir='ltr'><strong>lentur;</strong></span> 
     </span>
    </p>
   </div>
   <div class='ocr_carea' id='block_1_35' title="bbox 1071 3702 1496 3781">
    <p class='ocr_par' dir='ltr' id='par_1_35' title="bbox 1071 3702 1496 3781">
     <span class='ocr_line' id='line_1_35' title="bbox 1071 3702 1496 3781; baseline 0.014 -6"><span class='ocrx_word' id='word_1_222' title='bbox 1071 3702 1300 3775; x_wconf 81' lang='lat' dir='ltr'><strong>CAPUT</strong></span> <span class='ocrx_word' id='word_1_223' title='bbox 1334 3718 1496 3781; x_wconf 83' lang='lat' dir='ltr'><strong>xcv.</strong></span> 
     </span>
    </p>
   </div>
   <div class='ocr_carea' id='block_1_36' title="bbox 572 3822 2072 3906">
    <p class='ocr_par' dir='ltr' id='par_1_36' title="bbox 572 3822 2072 3906">
     <span class='ocr_line' id='line_1_36' title="bbox 572 3822 2072 3906; baseline 0.006 -25"><span class='ocrx_word' id='word_1_224' title='bbox 572 3826 789 3882; x_wconf 86' lang='lat' dir='ltr'><strong>Justum</strong></span> <span class='ocrx_word' id='word_1_225' title='bbox 840 3822 1103 3900; x_wconf 77' lang='lat' dir='ltr'><strong>estquod</strong></span> <span class='ocrx_word' id='word_1_226' title='bbox 1150 3846 1325 3902; x_wconf 89' lang='lat' dir='ltr'><strong>neque</strong></span> <span class='ocrx_word' id='word_1_227' title='bbox 1379 3833 1646 3889; x_wconf 79' lang='lat' dir='ltr'><strong>fallaciam</strong></span> <span class='ocrx_word' id='word_1_228' title='bbox 1707 3834 1865 3891; x_wconf 87' lang='lat' dir='ltr'><strong>istam</strong></span> <span class='ocrx_word' id='word_1_229' title='bbox 1916 3836 2072 3906; x_wconf 81' lang='lat' dir='ltr'><strong>igno-</strong></span> 
     </span>
    </p>
   </div>
   <div class='ocr_carea' id='block_1_37' title="bbox 504 3919 2073 3994">
    <p class='ocr_par' dir='ltr' id='par_1_37' title="bbox 504 3919 2073 3994">
     <span class='ocr_line' id='line_1_37' title="bbox 504 3919 2073 3994; baseline 0.007 -23"><span class='ocrx_word' id='word_1_230' title='bbox 504 3932 632 3985; x_wconf 86' lang='lat' dir='ltr'><strong>res;</strong></span> <span class='ocrx_word' id='word_1_231' title='bbox 662 3919 917 3973; x_wconf 83' lang='lat' dir='ltr'><strong>nimirum</strong></span> <span class='ocrx_word' id='word_1_232' title='bbox 970 3921 1114 3991; x_wconf 80' lang='lat' dir='ltr'><strong>quod</strong></span> <span class='ocrx_word' id='word_1_233' title='bbox 1165 3923 1232 3977; x_wconf 88' lang='lat' dir='ltr'><strong>ad</strong></span> <span class='ocrx_word' id='word_1_234' title='bbox 1269 3934 1480 3994; x_wconf 80' lang='lat' dir='ltr'><strong>tempus</strong></span> <span class='ocrx_word' id='word_1_235' title='bbox 1526 3940 1651 3981; x_wconf 79' lang='lat' dir='ltr'><strong>sese</strong></span> <span class='ocrx_word' id='word_1_236' title='bbox 1683 3926 1932 3982; x_wconf 91' lang='lat' dir='ltr'><strong>dividunt</strong></span> <span class='ocrx_word' id='word_1_237' title='bbox 1963 3928 2073 3982; x_wconf 69' lang='grc' dir='ltr'>άξε-</span> 
     </span>
    </p>
   </div>
   <div class='ocr_carea' id='block_1_38' title="bbox 504 4010 2070 4083">
    <p class='ocr_par' dir='ltr' id='par_1_38' title="bbox 504 4010 2070 4083">
     <span class='ocr_line' id='line_1_38' title="bbox 504 4010 2070 4083; baseline 0.004 -20"><span class='ocrx_word' id='word_1_238' title='bbox 504 4024 715 4071; x_wconf 79' lang='lat' dir='ltr'><strong>tnones,</strong></span> <span class='ocrx_word' id='word_1_239' title='bbox 751 4010 905 4079; x_wconf 91' lang='lat' dir='ltr'><strong>sique</strong></span> <span class='ocrx_word' id='word_1_240' title='bbox 957 4013 1218 4066; x_wconf 84' lang='lat' dir='ltr'><strong>auxilium</strong></span> <span class='ocrx_word' id='word_1_241' title='bbox 1264 4015 1613 4083; x_wconf 67' lang='lat' dir='ltr'><strong>quaerendum</strong></span> <span class='ocrx_word' id='word_1_242' title='bbox 1647 4018 1948 4081; x_wconf 76' lang='lat' dir='ltr'><strong>censueris,</strong></span> <span class='ocrx_word' id='word_1_243' title='bbox 1982 4017 2070 4070; x_wconf 87' lang='lat' dir='ltr'><strong>in&#39;-</strong></span> 
     </span>
    </p>
   </div>
   <div class='ocr_carea' id='block_1_39' title="bbox 509 4099 2069 4175">
    <p class='ocr_par' dir='ltr' id='par_1_39' title="bbox 509 4099 2069 4175">
     <span class='ocr_line' id='line_1_39' title="bbox 509 4099 2069 4175; baseline 0.004 -24"><span class='ocrx_word' id='word_1_244' title='bbox 509 4108 654 4153; x_wconf 87' lang='lat' dir='ltr'><strong>trant</strong></span> <span class='ocrx_word' id='word_1_245' title='bbox 680 4099 872 4169; x_wconf 88' lang='lat' dir='ltr'><strong>reliqui</strong></span> <span class='ocrx_word' id='word_1_246' title='bbox 906 4102 1163 4169; x_wconf 81' lang='lat' dir='ltr'><strong>angelicis</strong></span> <span class='ocrx_word' id='word_1_247' title='bbox 1217 4104 1271 4157; x_wconf 93' lang='lat' dir='ltr'><strong>in</strong></span> <span class='ocrx_word' id='word_1_248' title='bbox 1318 4102 1527 4170; x_wconf 82' lang='lat' dir='ltr'><strong>formis,</strong></span> <span class='ocrx_word' id='word_1_249' title='bbox 1588 4106 1903 4175; x_wconf 85' lang='lat' dir='ltr'><strong>expellendo</strong></span> <span class='ocrx_word' id='word_1_250' title='bbox 1958 4107 2069 4175; x_wconf 88' lang='lat' dir='ltr'><strong>pri-</strong></span> 
     </span>
    </p>
   </div>
   <div class='ocr_carea' id='block_1_40' title="bbox 512 4194 2071 4266">
    <p class='ocr_par' dir='ltr' id='par_1_40' title="bbox 512 4194 2071 4266">
     <span class='ocr_line' id='line_1_40' title="bbox 512 4194 2071 4266; baseline 0.005 -24"><span class='ocrx_word' id='word_1_251' title='bbox 512 4205 654 4252; x_wconf 85' lang='lat' dir='ltr'><strong>mos,</strong></span> <span class='ocrx_word' id='word_1_252' title='bbox 695 4204 805 4259; x_wconf 92' lang='lat' dir='ltr'><strong>quo</strong></span> <span class='ocrx_word' id='word_1_253' title='bbox 858 4200 913 4245; x_wconf 91' lang='lat' dir='ltr'><strong>tu</strong></span> <span class='ocrx_word' id='word_1_254' title='bbox 970 4194 1256 4261; x_wconf 88' lang='lat' dir='ltr'><strong>decipiaris</strong></span> <span class='ocrx_word' id='word_1_255' title='bbox 1298 4195 1367 4248; x_wconf 91' lang='lat' dir='ltr'><strong>ab</strong></span> <span class='ocrx_word' id='word_1_256' title='bbox 1419 4196 1570 4263; x_wconf 86' lang='lat' dir='ltr'><strong>ipsis,</strong></span> <span class='ocrx_word' id='word_1_257' title='bbox 1597 4196 1889 4265; x_wconf 84' lang='lat' dir='ltr'><strong>judicando</strong></span> <span class='ocrx_word' id='word_1_258' title='bbox 1928 4197 2071 4266; x_wconf 89' lang='lat' dir='ltr'><strong>quod</strong></span> 
     </span>
    </p>
   </div>
   <div class='ocr_carea' id='block_1_41' title="bbox 506 4280 1392 4353">
    <p class='ocr_par' dir='ltr' id='par_1_41' title="bbox 506 4280 1392 4353">
     <span class='ocr_line' id='line_1_41' title="bbox 506 4280 1392 4353; baseline 0.008 -21"><span class='ocrx_word' id='word_1_259' title='bbox 506 4280 758 4336; x_wconf 78' lang='lat' dir='ltr'><strong>videlicet</strong></span> <span class='ocrx_word' id='word_1_260' title='bbox 781 4280 958 4336; x_wconf 86' lang='lat' dir='ltr'><strong>forent</strong></span> <span class='ocrx_word' id='word_1_261' title='bbox 997 4285 1171 4353; x_wconf 83' lang='lat' dir='ltr'><strong>angeli</strong></span> <span class='ocrx_word' id='word_1_262' title='bbox 1201 4286 1392 4339; x_wconf 87' lang='lat' dir='ltr'><strong>sancti.</strong></span> 
     </span>
    </p>
   </div>
   <div class='ocr_carea' id='block_1_42' title="bbox 1051 4393 1510 4450">
    <p class='ocr_par' dir='ltr' id='par_1_42' title="bbox 1051 4393 1510 4450">
     <span class='ocr_line' id='line_1_42' title="bbox 1051 4393 1510 4450; baseline 0.002 -2"><span class='ocrx_word' id='word_1_263' title='bbox 1051 4393 1280 4448; x_wconf 79' lang='lat' dir='ltr'><strong>CAPUT</strong></span> <span class='ocrx_word' id='word_1_264' title='bbox 1329 4394 1510 4450; x_wconf 80' lang='lat' dir='ltr'><strong>XCVI.-</strong></span> 
     </span>
    </p>
   </div>
   <div class='ocr_carea' id='block_1_43' title="bbox 573 4500 2070 4575">
    <p class='ocr_par' dir='ltr' id='par_1_43' title="bbox 573 4500 2070 4575">
     <span class='ocr_line' id='line_1_43' title="bbox 573 4500 2070 4575; baseline 0.005 -19"><span class='ocrx_word' id='word_1_265' title='bbox 573 4500 756 4557; x_wconf 72' lang='lat' dir='ltr'><strong>Multat</strong></span> <span class='ocrx_word' id='word_1_266' title='bbox 803 4503 1089 4557; x_wconf 86' lang='lat' dir='ltr'><strong>liumilitati</strong></span> <span class='ocrx_word' id='word_1_267' title='bbox 1144 4519 1207 4558; x_wconf 89' lang='lat' dir='ltr'><strong>ac</strong></span> <span class='ocrx_word' id='word_1_268' title='bbox 1252 4506 1597 4575; x_wconf 83' lang='lat' dir='ltr'><strong>generositati</strong></span> <span class='ocrx_word' id='word_1_269' title='bbox 1652 4504 1826 4571; x_wconf 77' lang='lat' dir='ltr'><strong>Stude,</strong></span> <span class='ocrx_word' id='word_1_270' title='bbox 1881 4515 1936 4563; x_wconf 77' lang='lat' dir='ltr'><strong>et</strong></span> <span class='ocrx_word' id='word_1_271' title='bbox 1985 4509 2070 4563; x_wconf 87' lang='lat' dir='ltr'><strong>in-</strong></span> 
     </span>
    </p>
   </div>
   <div class='ocr_carea' id='block_1_44' title="bbox 507 4594 2074 4668">
    <p class='ocr_par' dir='ltr' id='par_1_44' title="bbox 507 4594 2074 4668">
     <span class='ocr_line' id='line_1_44' title="bbox 507 4594 2074 4668; baseline 0.003 -20"><span class='ocrx_word' id='word_1_272' title='bbox 507 4596 683 4649; x_wconf 71' lang='lat' dir='ltr'><strong>sultas</strong></span> <span class='ocrx_word' id='word_1_273' title='bbox 714 4594 1022 4648; x_wconf 60' lang='lat' dir='ltr'><strong>diemonum</strong></span> <span class='ocrx_word' id='word_1_274' title='bbox 1057 4595 1294 4648; x_wconf 90' lang='lat' dir='ltr'><strong>animam</strong></span> <span class='ocrx_word' id='word_1_275' title='bbox 1327 4606 1472 4650; x_wconf 88' lang='lat' dir='ltr'><strong>tuam</strong></span> <span class='ocrx_word' id='word_1_276' title='bbox 1510 4614 1613 4652; x_wconf 92' lang='lat' dir='ltr'><strong>non</strong></span> <span class='ocrx_word' id='word_1_277' title='bbox 1638 4599 1936 4668; x_wconf 83' lang='lat' dir='ltr'><strong>continget,</strong></span> <span class='ocrx_word' id='word_1_278' title='bbox 1981 4616 2074 4653; x_wconf 90' lang='lat' dir='ltr'><strong>ne-</strong></span> 
     </span>
    </p>
   </div>
   <div class='ocr_carea' id='block_1_45' title="bbox 508 4684 2075 4756">
    <p class='ocr_par' dir='ltr' id='par_1_45' title="bbox 508 4684 2075 4756">
     <span class='ocr_line' id='line_1_45' title="bbox 508 4684 2075 4756; baseline 0.004 -21"><span class='ocrx_word' id='word_1_279' title='bbox 508 4698 618 4755; x_wconf 80' lang='lat' dir='ltr'><strong>que</strong></span> <span class='ocrx_word' id='word_1_280' title='bbox 679 4684 944 4753; x_wconf 81' lang='lat' dir='ltr'><strong>ﬂagellum</strong></span> <span class='ocrx_word' id='word_1_281' title='bbox 1025 4687 1474 4756; x_wconf 81' lang='lat' dir='ltr'><strong>apprOpinquabit</strong></span> <span class='ocrx_word' id='word_1_282' title='bbox 1551 4690 1896 4745; x_wconf 84' lang='lat' dir='ltr'><strong>tabernacqu</strong></span> <span class='ocrx_word' id='word_1_283' title='bbox 1964 4701 2075 4750; x_wconf 83' lang='lat' dir='ltr'><strong>tuo,</strong></span> 
     </span>
    </p>
   </div>
   <div class='ocr_carea' id='block_1_46' title="bbox 507 4773 2066 4846">
    <p class='ocr_par' dir='ltr' id='par_1_46' title="bbox 507 4773 2066 4846">
     <span class='ocr_line' id='line_1_46' title="bbox 507 4773 2066 4846; baseline 0.004 -19"><span class='ocrx_word' id='word_1_284' title='bbox 507 4775 632 4845; x_wconf 88' lang='lat' dir='ltr'><strong>quia</strong></span> <span class='ocrx_word' id='word_1_285' title='bbox 663 4773 869 4843; x_wconf 88' lang='lat' dir='ltr'><strong>angelis</strong></span> <span class='ocrx_word' id='word_1_286' title='bbox 895 4775 1013 4829; x_wconf 83' lang='lat' dir='ltr'><strong>suis</strong></span> <span class='ocrx_word' id='word_1_287' title='bbox 1046 4778 1404 4832; x_wconf 88' lang='lat' dir='ltr'><strong>mandavitde</strong></span> <span class='ocrx_word' id='word_1_288' title='bbox 1423 4787 1495 4846; x_wconf 89' lang='lat' dir='ltr'><strong>te,</strong></span> <span class='ocrx_word' id='word_1_289' title='bbox 1518 4789 1574 4833; x_wconf 93' lang='lat' dir='ltr'><strong>ut</strong></span> <span class='ocrx_word' id='word_1_290' title='bbox 1596 4781 1905 4834; x_wconf 83' lang='lat' dir='ltr'><strong>custodiant</strong></span> <span class='ocrx_word' id='word_1_291' title='bbox 1931 4790 1980 4834; x_wconf 91' lang='lat' dir='ltr'><strong>te</strong></span> <span class='ocrx_word' id='word_1_292' title='bbox 2000 4781 2066 4843; x_wconf 75' lang='grc'><strong>⁸⁸,</strong></span> 
     </span>
    </p>
   </div>
   <div class='ocr_carea' id='block_1_47' title="bbox 506 4864 2071 4943">
    <p class='ocr_par' dir='ltr' id='par_1_47' title="bbox 506 4864 2071 4943">
     <span class='ocr_line' id='line_1_47' title="bbox 506 4864 2071 4943; baseline 0.003 -22"><span class='ocrx_word' id='word_1_293' title='bbox 506 4875 561 4921; x_wconf 89' lang='lat' dir='ltr'><strong>et</strong></span> <span class='ocrx_word' id='word_1_294' title='bbox 608 4864 949 4919; x_wconf 88' lang='lat' dir='ltr'><strong>invisibiliter</strong></span> <span class='ocrx_word' id='word_1_295' title='bbox 973 4868 1194 4938; x_wconf 79' lang='lat' dir='ltr'><strong>abigant</strong></span> <span class='ocrx_word' id='word_1_296' title='bbox 1223 4884 1253 4922; x_wconf 87' lang='lat' dir='ltr'><strong>a</strong></span> <span class='ocrx_word' id='word_1_297' title='bbox 1292 4878 1344 4924; x_wconf 89' lang='lat' dir='ltr'><strong>te</strong></span> <span class='ocrx_word' id='word_1_298' title='bbox 1372 4886 1586 4926; x_wconf 85' lang='lat' dir='ltr'><strong>onmem</strong></span> <span class='ocrx_word' id='word_1_299' title='bbox 1614 4872 1915 4943; x_wconf 84' lang='lat' dir='ltr'><strong>oppositam</strong></span> <span class='ocrx_word' id='word_1_300' title='bbox 1938 4888 2071 4941; x_wconf 84' lang='lat' dir='ltr'><strong>ope-</strong></span> 
     </span>
    </p>
   </div>
   <div class='ocr_carea' id='block_1_48' title="bbox 507 4956 796 5010">
    <p class='ocr_par' dir='ltr' id='par_1_48' title="bbox 507 4956 796 5010">
     <span class='ocr_line' id='line_1_48' title="bbox 507 4956 796 5010; baseline -0.003 0"><span class='ocrx_word' id='word_1_301' title='bbox 507 4956 796 5010; x_wconf 85' lang='lat' dir='ltr'><strong>rationem.</strong></span> 
     </span>
    </p>
   </div>
   <div class='ocr_carea' id='block_1_49' title="bbox 1035 5069 1531 5145">
    <p class='ocr_par' dir='ltr' id='par_1_49' title="bbox 1035 5069 1531 5145">
     <span class='ocr_line' id='line_1_49' title="bbox 1035 5069 1531 5145; baseline 0.006 -19"><span class='ocrx_word' id='word_1_302' title='bbox 1035 5069 1264 5128; x_wconf 80' lang='lat' dir='ltr'><strong>CAPUT</strong></span> <span class='ocrx_word' id='word_1_303' title='bbox 1325 5070 1531 5145; x_wconf 79' lang='lat' dir='ltr'><strong>xcvu.</strong></span> 
     </span>
    </p>
   </div>
   <div class='ocr_carea' id='block_1_50' title="bbox 576 5185 2075 5261">
    <p class='ocr_par' dir='ltr' id='par_1_50' title="bbox 576 5185 2075 5261">
     <span class='ocr_line' id='line_1_50' title="bbox 576 5185 2075 5261; baseline 0.007 -23"><span class='ocrx_word' id='word_1_304' title='bbox 576 5185 680 5251; x_wconf 80' lang='lat' dir='ltr'><strong>Qui</strong></span> <span class='ocrx_word' id='word_1_305' title='bbox 708 5187 943 5241; x_wconf 84' lang='lat' dir='ltr'><strong>orationi</strong></span> <span class='ocrx_word' id='word_1_306' title='bbox 969 5188 1062 5243; x_wconf 89' lang='lat' dir='ltr'><strong>dat</strong></span> <span class='ocrx_word' id='word_1_307' title='bbox 1089 5204 1313 5258; x_wconf 91' lang='lat' dir='ltr'><strong>operam</strong></span> <span class='ocrx_word' id='word_1_308' title='bbox 1350 5191 1535 5244; x_wconf 87' lang='lat' dir='ltr'><strong>audiet</strong></span> <span class='ocrx_word' id='word_1_309' title='bbox 1565 5192 1782 5259; x_wconf 80' lang='lat' dir='ltr'><strong>quidem</strong></span> <span class='ocrx_word' id='word_1_310' title='bbox 1812 5193 2075 5261; x_wconf 86' lang='lat' dir='ltr'><strong>strepitus</strong></span> 
     </span>
    </p>
   </div>
   <div class='ocr_carea' id='block_1_51' title="bbox 509 5275 2075 5352">
    <p class='ocr_par' dir='ltr' id='par_1_51' title="bbox 509 5275 2075 5352">
     <span class='ocr_line' id='line_1_51' title="bbox 509 5275 2075 5352; baseline 0.006 -23"><span class='ocrx_word' id='word_1_311' title='bbox 509 5284 564 5330; x_wconf 83' lang='lat' dir='ltr'><strong>et</strong></span> <span class='ocrx_word' id='word_1_312' title='bbox 599 5275 861 5347; x_wconf 78' lang='lat' dir='ltr'><strong>fragores,</strong></span> <span class='ocrx_word' id='word_1_313' title='bbox 895 5289 949 5332; x_wconf 91' lang='lat' dir='ltr'><strong>et</strong></span> <span class='ocrx_word' id='word_1_314' title='bbox 976 5295 1160 5347; x_wconf 91' lang='lat' dir='ltr'><strong>voces,</strong></span> <span class='ocrx_word' id='word_1_315' title='bbox 1190 5291 1352 5350; x_wconf 87' lang='lat' dir='ltr'><strong>atque</strong></span> <span class='ocrx_word' id='word_1_316' title='bbox 1386 5281 1547 5352; x_wconf 84' lang='lat'><strong>500</strong></span> <span class='ocrx_word' id='word_1_317' title='bbox 1576 5283 1859 5338; x_wconf 87' lang='lat' dir='ltr'><strong>verberum</strong></span> <span class='ocrx_word' id='word_1_318' title='bbox 1893 5284 2075 5352; x_wconf 78' lang='lat' dir='ltr'><strong>pulsa-</strong></span> 
     </span>
    </p>
   </div>
   <div class='ocr_carea' id='block_1_52' title="bbox 510 5368 2072 5444">
    <p class='ocr_par' dir='ltr' id='par_1_52' title="bbox 510 5368 2072 5444">
     <span class='ocr_line' id='line_1_52' title="bbox 510 5368 2072 5444; baseline 0.006 -23"><span class='ocrx_word' id='word_1_319' title='bbox 510 5368 704 5431; x_wconf 88' lang='lat' dir='ltr'><strong>tiones,</strong></span> <span class='ocrx_word' id='word_1_320' title='bbox 736 5369 830 5421; x_wconf 84' lang='lat' dir='ltr'><strong>sed</strong></span> <span class='ocrx_word' id='word_1_321' title='bbox 885 5385 989 5423; x_wconf 89' lang='lat' dir='ltr'><strong>non</strong></span> <span class='ocrx_word' id='word_1_322' title='bbox 1034 5373 1302 5437; x_wconf 86' lang='lat' dir='ltr'><strong>concidet,</strong></span> <span class='ocrx_word' id='word_1_323' title='bbox 1338 5388 1509 5444; x_wconf 86' lang='lat' dir='ltr'><strong>neque</strong></span> <span class='ocrx_word' id='word_1_324' title='bbox 1555 5375 1747 5444; x_wconf 84' lang='lat' dir='ltr'><strong>prodet</strong></span> <span class='ocrx_word' id='word_1_325' title='bbox 1780 5375 2072 5431; x_wconf 78' lang='lat' dir='ltr'><strong>ratiocina-</strong></span> 
     </span>
    </p>
   </div>
   <div class='ocr_carea' id='block_1_53' title="bbox 580 5545 1171 5612">
    <p class='ocr_par' dir='ltr' id='par_1_53' title="bbox 580 5545 1171 5612">
     <span class='ocr_line' id='line_1_53' title="bbox 580 5545 1171 5612; baseline 0 -12"><span class='ocrx_word' id='word_1_326' title='bbox 580 5546 628 5578; x_wconf 83' lang='grc'><strong>⁸⁸</strong></span> <span class='ocrx_word' id='word_1_327' title='bbox 660 5545 807 5601; x_wconf 83' lang='lat' dir='ltr'><strong>Psal.</strong></span> <span class='ocrx_word' id='word_1_328' title='bbox 841 5562 927 5610; x_wconf 69' lang='lat' dir='ltr'><strong>xc,</strong></span> <span class='ocrx_word' id='word_1_329' title='bbox 963 5546 1050 5612; x_wconf 79' lang='grc'><strong>10,</strong></span> <span class='ocrx_word' id='word_1_330' title='bbox 1085 5547 1171 5600; x_wconf 80' lang='grc' dir='ltr'><strong>Η.</strong></span> 
     </span>
    </p>
   </div>
   <div class='ocr_carea' id='block_1_54' title="bbox 1981 214 2252 274">
    <p class='ocr_par' dir='ltr' id='par_1_54' title="bbox 1981 214 2252 274">
     <span class='ocr_line' id='line_1_54' title="bbox 1981 214 2252 274; baseline 0.007 -2"><span class='ocrx_word' id='word_1_331' title='bbox 1981 215 2042 273; x_wconf 91' lang='lat' dir='ltr'><strong>S.</strong></span> <span class='ocrx_word' id='word_1_332' title='bbox 2087 214 2252 274; x_wconf 92' lang='lat' dir='ltr'><strong><em>NILI</em></strong></span> 
     </span>
    </p>
   </div>
   <div class='ocr_carea' id='block_1_55' title="bbox 2093 328 2142 381">
    <p class='ocr_par' dir='ltr' id='par_1_55' title="bbox 2093 328 2142 381">
     <span class='ocr_line' id='line_1_55' title="bbox 2093 328 2142 381; baseline 0 0"><span class='ocrx_word' id='word_1_333' title='bbox 2093 328 2142 381; x_wconf 78' lang='grc' dir='ltr'><strong>Α</strong></span> 
     </span>
    </p>
   </div>
   <div class='ocr_carea' id='block_1_56' title="bbox 2776 317 3129 383">
    <p class='ocr_par' dir='ltr' id='par_1_56' title="bbox 2776 317 3129 383">
     <span class='ocr_line' id='line_1_56' title="bbox 2776 317 3129 383; baseline -0.006 -11"><span class='ocrx_word' id='word_1_334' title='bbox 2776 317 3025 372; x_wconf 77' lang='grc' dir='ltr'><strong>ΚΕΦΑΔ.</strong></span> <span class='ocrx_word' id='word_1_335' title='bbox 3057 322 3129 383; x_wconf 64' lang='grc' dir='ltr'><strong>ῳ.</strong></span> 
     </span>
    </p>
   </div>
   <div class='ocr_carea' id='block_1_57' title="bbox 2238 425 3740 500">
    <p class='ocr_par' dir='ltr' id='par_1_57' title="bbox 2238 425 3740 500">
     <span class='ocr_line' id='line_1_57' title="bbox 2238 425 3740 500; baseline 0.002 -17"><span class='ocrx_word' id='word_1_336' title='bbox 2238 430 2358 483; x_wconf 77' lang='grc' dir='ltr'>Κᾶν</span> <span class='ocrx_word' id='word_1_337' title='bbox 2384 431 2519 500; x_wconf 80' lang='grc' dir='ltr'><strong>μετά</strong></span> <span class='ocrx_word' id='word_1_338' title='bbox 2545 429 2680 482; x_wconf 82' lang='grc' dir='ltr'>Θεοῦ</span> <span class='ocrx_word' id='word_1_339' title='bbox 2701 429 2861 499; x_wconf 80' lang='grc' dir='ltr'>δοκῇς</span> <span class='ocrx_word' id='word_1_340' title='bbox 2895 425 3053 492; x_wconf 81' lang='grc' dir='ltr'>εἶναι,</span> <span class='ocrx_word' id='word_1_341' title='bbox 3074 426 3341 496; x_wconf 75' lang='grc' dir='ltr'><strong>φυλάττου</strong></span> <span class='ocrx_word' id='word_1_342' title='bbox 3362 428 3462 498; x_wconf 83' lang='grc' dir='ltr'>τῆς</span> <span class='ocrx_word' id='word_1_343' title='bbox 3483 431 3740 500; x_wconf 81' lang='grc' dir='ltr'>πορνείας</span> 
     </span>
    </p>
   </div>
   <div class='ocr_carea' id='block_1_58' title="bbox 2166 517 3740 591">
    <p class='ocr_par' dir='ltr' id='par_1_58' title="bbox 2166 517 3740 591">
     <span class='ocr_line' id='line_1_58' title="bbox 2166 517 3740 591; baseline 0.001 -18"><span class='ocrx_word' id='word_1_344' title='bbox 2166 520 2415 591; x_wconf 81' lang='grc' dir='ltr'>δαίμονα.</span> <span class='ocrx_word' id='word_1_345' title='bbox 2447 521 2583 575; x_wconf 82' lang='grc' dir='ltr'>Δίαν</span> <span class='ocrx_word' id='word_1_346' title='bbox 2623 521 2733 587; x_wconf 85' lang='grc' dir='ltr'><strong>γάρ</strong></span> <span class='ocrx_word' id='word_1_347' title='bbox 2787 520 2934 572; x_wconf 85' lang='grc' dir='ltr'>ἐστιν</span> <span class='ocrx_word' id='word_1_348' title='bbox 2976 517 3253 583; x_wconf 82' lang='grc' dir='ltr'>ἀπατεὼν,</span> <span class='ocrx_word' id='word_1_349' title='bbox 3279 520 3369 572; x_wconf 76' lang='grc' dir='ltr'><strong>καὶ</strong></span> <span class='ocrx_word' id='word_1_350' title='bbox 3397 519 3740 591; x_wconf 83' lang='grc' dir='ltr'>φθονερώτα-</span> 
     </span>
    </p>
   </div>
   <div class='ocr_carea' id='block_1_59' title="bbox 2166 608 3739 683">
    <p class='ocr_par' dir='ltr' id='par_1_59' title="bbox 2166 608 3739 683">
     <span class='ocr_line' id='line_1_59' title="bbox 2166 608 3739 683; baseline 0.001 -18"><span class='ocrx_word' id='word_1_351' title='bbox 2166 630 2257 676; x_wconf 87' lang='grc' dir='ltr'><strong>τος</strong></span> <span class='ocrx_word' id='word_1_352' title='bbox 2287 654 2301 677; x_wconf 96' lang='grc'><strong>,</strong></span> <span class='ocrx_word' id='word_1_353' title='bbox 2361 614 2455 666; x_wconf 78' lang='grc' dir='ltr'><strong>καὶ</strong></span> <span class='ocrx_word' id='word_1_354' title='bbox 2511 612 2760 683; x_wconf 84' lang='grc' dir='ltr'>βούλεται</span> <span class='ocrx_word' id='word_1_355' title='bbox 2824 611 3077 683; x_wconf 80' lang='grc' dir='ltr'>ὀξύτερος</span> <span class='ocrx_word' id='word_1_356' title='bbox 3122 608 3264 666; x_wconf 84' lang='grc' dir='ltr'>εἶναι</span> <span class='ocrx_word' id='word_1_357' title='bbox 3323 614 3421 682; x_wconf 82' lang='grc' dir='ltr'>τῆς</span> <span class='ocrx_word' id='word_1_358' title='bbox 3472 614 3739 683; x_wconf 81' lang='grc' dir='ltr'>κινήσεως</span> 
     </span>
    </p>
   </div>
   <div class='ocr_carea' id='block_1_60' title="bbox 2168 700 3739 771">
    <p class='ocr_par' dir='ltr' id='par_1_60' title="bbox 2168 700 3739 771">
     <span class='ocr_line' id='line_1_60' title="bbox 2168 700 3739 771; baseline -0.001 -15"><span class='ocrx_word' id='word_1_359' title='bbox 2168 703 2262 756; x_wconf 74' lang='grc' dir='ltr'><strong>καὶ</strong></span> <span class='ocrx_word' id='word_1_360' title='bbox 2317 702 2530 771; x_wconf 75' lang='grc' dir='ltr'>νήψεως</span> <span class='ocrx_word' id='word_1_361' title='bbox 2575 701 2668 755; x_wconf 84' lang='grc' dir='ltr'>τοῦ</span> <span class='ocrx_word' id='word_1_362' title='bbox 2730 700 2849 764; x_wconf 84' lang='grc' dir='ltr'>νοός</span> <span class='ocrx_word' id='word_1_363' title='bbox 2913 717 3026 762; x_wconf 88' lang='grc' dir='ltr'>σου,</span> <span class='ocrx_word' id='word_1_364' title='bbox 3088 701 3183 754; x_wconf 79' lang='grc' dir='ltr'><strong>καὶ</strong></span> <span class='ocrx_word' id='word_1_365' title='bbox 3241 701 3349 754; x_wconf 76' lang='grc' dir='ltr'><strong>ἀπὸ</strong></span> <span class='ocrx_word' id='word_1_366' title='bbox 3409 701 3542 754; x_wconf 78' lang='grc' dir='ltr'>Θεοῦ</span> <span class='ocrx_word' id='word_1_367' title='bbox 3608 704 3739 755; x_wconf 81' lang='grc' dir='ltr'>ἀπο-</span> 
     </span>
    </p>
   </div>
   <div class='ocr_carea' id='block_1_61' title="bbox 2169 788 3738 872">
    <p class='ocr_par' dir='ltr' id='par_1_61' title="bbox 2169 788 3738 872">
     <span class='ocr_line' id='line_1_61' title="bbox 2169 788 3738 872; baseline -0.002 -28"><span class='ocrx_word' id='word_1_368' title='bbox 2169 793 2310 862; x_wconf 81' lang='grc' dir='ltr'>σπᾷν</span> <span class='ocrx_word' id='word_1_369' title='bbox 2344 790 2505 844; x_wconf 78' lang='grc' dir='ltr'>αὑτὸν</span> <span class='ocrx_word' id='word_1_370' title='bbox 2539 791 2869 861; x_wconf 77' lang='grc' dir='ltr'><strong>παρεστῶτα</strong></span> <span class='ocrx_word' id='word_1_371' title='bbox 2923 788 3074 858; x_wconf 87' lang='grc' dir='ltr'>αὑτῷ</span> <span class='ocrx_word' id='word_1_372' title='bbox 3128 788 3247 859; x_wconf 86' lang='grc' dir='ltr'>μετ’</span> <span class='ocrx_word' id='word_1_373' title='bbox 3288 789 3595 872; x_wconf 70' lang='grc' dir='ltr'>εὐλαϐείας,</span> <span class='ocrx_word' id='word_1_374' title='bbox 3643 791 3738 842; x_wconf 81' lang='grc' dir='ltr'><strong>καὶ</strong></span> 
     </span>
    </p>
   </div>
   <div class='ocr_carea' id='block_1_62' title="bbox 2170 884 2358 954">
    <p class='ocr_par' dir='ltr' id='par_1_62' title="bbox 2170 884 2358 954">
     <span class='ocr_line' id='line_1_62' title="bbox 2170 884 2358 954; baseline -0.005 -18"><span class='ocrx_word' id='word_1_375' title='bbox 2170 884 2358 954; x_wconf 82' lang='grc' dir='ltr'>φόϐου.</span> 
     </span>
    </p>
   </div>
   <div class='ocr_carea' id='block_1_63' title="bbox 2757 995 3157 1060">
    <p class='ocr_par' dir='ltr' id='par_1_63' title="bbox 2757 995 3157 1060">
     <span class='ocr_line' id='line_1_63' title="bbox 2757 995 3157 1060; baseline 0 -13"><span class='ocrx_word' id='word_1_376' title='bbox 2757 995 3005 1049; x_wconf 58' lang='lat' dir='ltr'><strong>regem.</strong></span> <span class='ocrx_word' id='word_1_377' title='bbox 3038 995 3157 1060; x_wconf 65' lang='lat' dir='ltr'><strong>ur.</strong></span> 
     </span>
    </p>
   </div>
   <div class='ocr_carea' id='block_1_64' title="bbox 2249 1102 3741 1181">
    <p class='ocr_par' dir='ltr' id='par_1_64' title="bbox 2249 1102 3741 1181">
     <span class='ocr_line' id='line_1_64' title="bbox 2249 1102 3741 1181; baseline -0.007 -16"><span class='ocrx_word' id='word_1_378' title='bbox 2249 1108 2378 1165; x_wconf 81' lang='grc' dir='ltr'><strong>Ἐὰν</strong></span> <span class='ocrx_word' id='word_1_379' title='bbox 2408 1114 2716 1181; x_wconf 73' lang='grc' dir='ltr'>προσευχῆς</span> <span class='ocrx_word' id='word_1_380' title='bbox 2741 1109 2994 1179; x_wconf 74' lang='grc' dir='ltr'>ἐπιμελῇ,</span> <span class='ocrx_word' id='word_1_381' title='bbox 3021 1105 3311 1176; x_wconf 69' lang='grc' dir='ltr'>ἑτοιμάζοι)</span> <span class='ocrx_word' id='word_1_382' title='bbox 3354 1104 3491 1175; x_wconf 77' lang='grc' dir='ltr'>πρὸς</span> <span class='ocrx_word' id='word_1_383' title='bbox 3521 1102 3741 1171; x_wconf 75' lang='grc' dir='ltr'>ἐπαγώ-</span> 
     </span>
    </p>
   </div>
   <div class='ocr_carea' id='block_1_65' title="bbox 2167 1196 3742 1273">
    <p class='ocr_par' dir='ltr' id='par_1_65' title="bbox 2167 1196 3742 1273">
     <span class='ocr_line' id='line_1_65' title="bbox 2167 1196 3742 1273; baseline -0.005 -17"><span class='ocrx_word' id='word_1_384' title='bbox 2167 1204 2271 1271; x_wconf 86' lang='grc' dir='ltr'>γὰς</span> <span class='ocrx_word' id='word_1_385' title='bbox 2302 1202 2592 1273; x_wconf 83' lang='grc' dir='ltr'><strong>δαιμόνων,</strong></span> <span class='ocrx_word' id='word_1_386' title='bbox 2627 1204 2719 1256; x_wconf 77' lang='grc' dir='ltr'><strong>καὶ</strong></span> <span class='ocrx_word' id='word_1_387' title='bbox 2744 1200 3025 1272; x_wconf 79' lang='grc' dir='ltr'><strong>καρτερῶς</strong></span> <span class='ocrx_word' id='word_1_388' title='bbox 3056 1199 3156 1260; x_wconf 84' lang='grc' dir='ltr'>τὰς</span> <span class='ocrx_word' id='word_1_389' title='bbox 3186 1199 3315 1266; x_wconf 80' lang='grc' dir='ltr'>παρ’</span> <span class='ocrx_word' id='word_1_390' title='bbox 3340 1196 3517 1250; x_wconf 80' lang='grc' dir='ltr'>αὐτῶν</span> <span class='ocrx_word' id='word_1_391' title='bbox 3550 1198 3742 1265; x_wconf 77' lang='grc' dir='ltr'>μάστι-</span> 
     </span>
    </p>
   </div>
   <div class='ocr_carea' id='block_1_66' title="bbox 2166 1286 3737 1363">
    <p class='ocr_par' dir='ltr' id='par_1_66' title="bbox 2166 1286 3737 1363">
     <span class='ocr_line' id='line_1_66' title="bbox 2166 1286 3737 1363; baseline -0.006 -16"><span class='ocrx_word' id='word_1_392' title='bbox 2166 1310 2269 1362; x_wconf 90' lang='grc' dir='ltr'><strong>γας</strong></span> <span class='ocrx_word' id='word_1_393' title='bbox 2309 1293 2567 1362; x_wconf 83' lang='grc' dir='ltr'><strong>ὑπόμενε·</strong></span> <span class='ocrx_word' id='word_1_394' title='bbox 2588 1293 2663 1357; x_wconf 87' lang='grc' dir='ltr'><strong>ώς</strong></span> <span class='ocrx_word' id='word_1_395' title='bbox 2689 1294 2798 1363; x_wconf 86' lang='grc' dir='ltr'>γὰρ</span> <span class='ocrx_word' id='word_1_396' title='bbox 2821 1292 2985 1361; x_wconf 83' lang='grc' dir='ltr'>θῆρες</span> <span class='ocrx_word' id='word_1_397' title='bbox 3015 1289 3196 1358; x_wconf 76' lang='grc' dir='ltr'>ἄγριοι</span> <span class='ocrx_word' id='word_1_398' title='bbox 3225 1286 3605 1340; x_wconf 85' lang='grc' dir='ltr'>ἐπελεύσονταί</span> <span class='ocrx_word' id='word_1_399' title='bbox 3631 1303 3737 1352; x_wconf 90' lang='grc' dir='ltr'>σοι,</span> 
     </span>
    </p>
   </div>
   <div class='ocr_carea' id='block_1_67' title="bbox 2167 1380 3153 1449">
    <p class='ocr_par' dir='ltr' id='par_1_67' title="bbox 2167 1380 3153 1449">
     <span class='ocr_line' id='line_1_67' title="bbox 2167 1380 3153 1449; baseline -0.005 -11"><span class='ocrx_word' id='word_1_400' title='bbox 2167 1386 2261 1440; x_wconf 69' lang='grc' dir='ltr'>καὶ</span> <span class='ocrx_word' id='word_1_401' title='bbox 2290 1386 2397 1439; x_wconf 76' lang='grc' dir='ltr'>πᾶν</span> <span class='ocrx_word' id='word_1_402' title='bbox 2422 1402 2516 1438; x_wconf 90' lang='grc' dir='ltr'><strong>σου</strong></span> <span class='ocrx_word' id='word_1_403' title='bbox 2549 1382 2861 1438; x_wconf 83' lang='grc' dir='ltr'>κακώσουσι</span> <span class='ocrx_word' id='word_1_404' title='bbox 2883 1381 2945 1434; x_wconf 86' lang='grc' dir='ltr'>τὸ</span> <span class='ocrx_word' id='word_1_405' title='bbox 2975 1380 3153 1449; x_wconf 88' lang='grc' dir='ltr'>σῶμα.</span> 
     </span>
    </p>
   </div>
   <div class='ocr_carea' id='block_1_68' title="bbox 2762 1476 3134 1560">
    <p class='ocr_par' dir='ltr' id='par_1_68' title="bbox 2762 1476 3134 1560">
     <span class='ocr_line' id='line_1_68' title="bbox 2762 1476 3134 1560; baseline -0.008 -12"><span class='ocrx_word' id='word_1_406' title='bbox 2762 1493 3012 1548; x_wconf 76' lang='grc' dir='ltr'><strong>ΚΕΦΑΛ.</strong></span> <span class='ocrx_word' id='word_1_407' title='bbox 3041 1476 3134 1560; x_wconf 55' lang='lat' dir='ltr'><strong>air</strong></span> 
     </span>
    </p>
   </div>
   <div class='ocr_carea' id='block_1_69' title="bbox 2236 1601 3739 1681">
    <p class='ocr_par' dir='ltr' id='par_1_69' title="bbox 2236 1601 3739 1681">
     <span class='ocr_line' id='line_1_69' title="bbox 2236 1601 3739 1681; baseline -0.008 -16"><span class='ocrx_word' id='word_1_408' title='bbox 2236 1608 2662 1681; x_wconf 79' lang='grc' dir='ltr'>Παρασκευάζου</span> <span class='ocrx_word' id='word_1_409' title='bbox 2683 1609 2756 1671; x_wconf 86' lang='grc' dir='ltr'>ὼς</span> <span class='ocrx_word' id='word_1_410' title='bbox 2778 1606 3036 1677; x_wconf 74' lang='grc' dir='ltr'>ἔμπειρος</span> <span class='ocrx_word' id='word_1_411' title='bbox 3058 1602 3382 1673; x_wconf 78' lang='grc' dir='ltr'>ἀγωνιστὴς,</span> <span class='ocrx_word' id='word_1_412' title='bbox 3403 1602 3506 1655; x_wconf 78' lang='grc' dir='ltr'><strong>κᾶν</strong></span> <span class='ocrx_word' id='word_1_413' title='bbox 3529 1601 3739 1671; x_wconf 51' lang='lat' dir='ltr'><strong>eam</strong></span> 
     </span>
    </p>
   </div>
   <div class='ocr_carea' id='block_1_70' title="bbox 2171 1693 3742 1771">
    <p class='ocr_par' dir='ltr' id='par_1_70' title="bbox 2171 1693 3742 1771">
     <span class='ocr_line' id='line_1_70' title="bbox 2171 1693 3742 1771; baseline -0.006 -17"><span class='ocrx_word' id='word_1_414' title='bbox 2171 1700 2285 1771; x_wconf 77' lang='grc' dir='ltr'>ἴδῃς</span> <span class='ocrx_word' id='word_1_415' title='bbox 2318 1701 2641 1769; x_wconf 82' lang='grc' dir='ltr'>φαντασίαν,</span> <span class='ocrx_word' id='word_1_416' title='bbox 2679 1698 2755 1769; x_wconf 76' lang='grc' dir='ltr'>μὴ</span> <span class='ocrx_word' id='word_1_417' title='bbox 2795 1695 3120 1762; x_wconf 72' lang='grc' dir='ltr'>κλονεῖσθαι,</span> <span class='ocrx_word' id='word_1_418' title='bbox 3156 1694 3258 1747; x_wconf 81' lang='grc' dir='ltr'>κᾶν</span> <span class='ocrx_word' id='word_1_419' title='bbox 3285 1693 3561 1764; x_wconf 75' lang='grc' dir='ltr'>ῥομφαίαν</span> <span class='ocrx_word' id='word_1_420' title='bbox 3595 1694 3742 1745; x_wconf 78' lang='grc' dir='ltr'>κατὰ</span> 
     </span>
    </p>
   </div>
   <div class='ocr_carea' id='block_1_71' title="bbox 2171 1781 3742 1859">
    <p class='ocr_par' dir='ltr' id='par_1_71' title="bbox 2171 1781 3742 1859">
     <span class='ocr_line' id='line_1_71' title="bbox 2171 1781 3742 1859; baseline -0.007 -15"><span class='ocrx_word' id='word_1_421' title='bbox 2171 1789 2264 1844; x_wconf 81' lang='grc' dir='ltr'>σοῦ</span> <span class='ocrx_word' id='word_1_422' title='bbox 2303 1790 2678 1859; x_wconf 82' lang='grc' dir='ltr'>ἐσπασμένην,</span> <span class='ocrx_word' id='word_1_423' title='bbox 2722 1787 2756 1857; x_wconf 78' lang='grc' dir='ltr'>ἢ</span> <span class='ocrx_word' id='word_1_424' title='bbox 2806 1786 3065 1858; x_wconf 83' lang='grc' dir='ltr'><strong>λαμπάδα</strong></span> <span class='ocrx_word' id='word_1_425' title='bbox 3113 1784 3448 1853; x_wconf 79' lang='grc' dir='ltr'>κατέχουσάν</span> <span class='ocrx_word' id='word_1_426' title='bbox 3502 1798 3598 1834; x_wconf 89' lang='grc' dir='ltr'><strong>σου</strong></span> <span class='ocrx_word' id='word_1_427' title='bbox 3641 1781 3742 1851; x_wconf 72' lang='grc' dir='ltr'><strong>τὴν</strong></span> 
     </span>
    </p>
   </div>
   <div class='ocr_carea' id='block_1_72' title="bbox 2167 1870 3743 1951">
    <p class='ocr_par' dir='ltr' id='par_1_72' title="bbox 2167 1870 3743 1951">
     <span class='ocr_line' id='line_1_72' title="bbox 2167 1870 3743 1951; baseline -0.006 -18"><span class='ocrx_word' id='word_1_428' title='bbox 2167 1882 2289 1950; x_wconf 75' lang='grc' dir='ltr'>ὄψιν</span> <span class='ocrx_word' id='word_1_429' title='bbox 2319 1880 2394 1950; x_wconf 81' lang='grc' dir='ltr'>μὴ</span> <span class='ocrx_word' id='word_1_430' title='bbox 2427 1878 2806 1951; x_wconf 78' lang='grc' dir='ltr'>ταράττεσθαι,</span> <span class='ocrx_word' id='word_1_431' title='bbox 2864 1877 2969 1930; x_wconf 74' lang='grc' dir='ltr'>κᾶν</span> <span class='ocrx_word' id='word_1_432' title='bbox 3028 1876 3242 1946; x_wconf 86' lang='grc' dir='ltr'>μορφήν</span> <span class='ocrx_word' id='word_1_433' title='bbox 3277 1890 3398 1926; x_wconf 90' lang='grc' dir='ltr'>τινα</span> <span class='ocrx_word' id='word_1_434' title='bbox 3434 1872 3600 1941; x_wconf 84' lang='grc' dir='ltr'>άηδῆ,</span> <span class='ocrx_word' id='word_1_435' title='bbox 3643 1870 3743 1924; x_wconf 82' lang='grc' dir='ltr'>καὶ</span> 
     </span>
    </p>
   </div>
   <div class='ocr_carea' id='block_1_73' title="bbox 2168 1961 3739 2038">
    <p class='ocr_par' dir='ltr' id='par_1_73' title="bbox 2168 1961 3739 2038">
     <span class='ocr_line' id='line_1_73' title="bbox 2168 1961 3739 2038; baseline -0.006 -16"><span class='ocrx_word' id='word_1_436' title='bbox 2168 1968 2470 2038; x_wconf 81' lang='grc' dir='ltr'>αἱματώδη,</span> <span class='ocrx_word' id='word_1_437' title='bbox 2532 1968 2775 2038; x_wconf 77' lang='grc' dir='ltr'>μηδόλως</span> <span class='ocrx_word' id='word_1_438' title='bbox 2829 1965 3194 2019; x_wconf 73' lang='grc' dir='ltr'>καταπίπτειν</span> <span class='ocrx_word' id='word_1_439' title='bbox 3258 1979 3352 2016; x_wconf 89' lang='grc' dir='ltr'><strong>σου</strong></span> <span class='ocrx_word' id='word_1_440' title='bbox 3400 1961 3499 2033; x_wconf 79' lang='grc' dir='ltr'>τὴν</span> <span class='ocrx_word' id='word_1_441' title='bbox 3536 1961 3739 2030; x_wconf 80' lang='grc' dir='ltr'>ψυχὴν,</span> 
     </span>
    </p>
   </div>
   <div class='ocr_carea' id='block_1_74' title="bbox 2167 2053 3743 2130">
    <p class='ocr_par' dir='ltr' id='par_1_74' title="bbox 2167 2053 3743 2130">
     <span class='ocr_line' id='line_1_74' title="bbox 2167 2053 3743 2130; baseline -0.003 -16"><span class='ocrx_word' id='word_1_442' title='bbox 2167 2061 2305 2114; x_wconf 83' lang='grc' dir='ltr'>ἀλλὰ</span> <span class='ocrx_word' id='word_1_443' title='bbox 2344 2059 2501 2129; x_wconf 81' lang='grc' dir='ltr'>στῆθι</span> <span class='ocrx_word' id='word_1_444' title='bbox 2541 2058 2816 2130; x_wconf 75' lang='grc' dir='ltr'>ὁμολογῶν</span> <span class='ocrx_word' id='word_1_445' title='bbox 2844 2059 2941 2127; x_wconf 87' lang='grc' dir='ltr'>τὴν</span> <span class='ocrx_word' id='word_1_446' title='bbox 2966 2056 3139 2126; x_wconf 84' lang='grc' dir='ltr'>καλήν</span> <span class='ocrx_word' id='word_1_447' title='bbox 3175 2071 3268 2110; x_wconf 89' lang='grc' dir='ltr'><strong>σου</strong></span> <span class='ocrx_word' id='word_1_448' title='bbox 3299 2053 3613 2124; x_wconf 82' lang='grc' dir='ltr'>ὁμολογίαν,</span> <span class='ocrx_word' id='word_1_449' title='bbox 3647 2053 3743 2109; x_wconf 75' lang='grc' dir='ltr'>καὶ</span> 
     </span>
    </p>
   </div>
   <div class='ocr_carea' id='block_1_75' title="bbox 2171 2148 3171 2224">
    <p class='ocr_par' dir='ltr' id='par_1_75' title="bbox 2171 2148 3171 2224">
     <span class='ocr_line' id='line_1_75' title="bbox 2171 2148 3171 2224; baseline -0.003 -19"><span class='ocrx_word' id='word_1_450' title='bbox 2171 2154 2299 2224; x_wconf 76' lang='grc' dir='ltr'>ῥᾷον</span> <span class='ocrx_word' id='word_1_451' title='bbox 2327 2152 2500 2222; x_wconf 71' lang='grc' dir='ltr'>ὲπόψῃ</span> <span class='ocrx_word' id='word_1_452' title='bbox 2532 2152 2626 2204; x_wconf 68' lang='grc' dir='ltr'>ἐπὶ</span> <span class='ocrx_word' id='word_1_453' title='bbox 2656 2152 2781 2213; x_wconf 77' lang='grc' dir='ltr'>τοὺς</span> <span class='ocrx_word' id='word_1_454' title='bbox 2807 2148 3031 2220; x_wconf 84' lang='grc' dir='ltr'>ἐχθρούς</span> <span class='ocrx_word' id='word_1_455' title='bbox 3058 2165 3171 2202; x_wconf 86' lang='grc' dir='ltr'>σου.</span> 
     </span>
    </p>
   </div>
   <div class='ocr_carea' id='block_1_76' title="bbox 2773 2347 3167 2415">
    <p class='ocr_par' dir='ltr' id='par_1_76' title="bbox 2773 2347 3167 2415">
     <span class='ocr_line' id='line_1_76' title="bbox 2773 2347 3167 2415; baseline -0.005 -13"><span class='ocrx_word' id='word_1_456' title='bbox 2773 2349 3022 2407; x_wconf 77' lang='grc' dir='ltr'><strong>ΚΕΦΑΛ.</strong></span> <span class='ocrx_word' id='word_1_457' title='bbox 3053 2347 3167 2415; x_wconf 64' lang='lat' dir='ltr'><strong>td&quot;.</strong></span> 
     </span>
    </p>
   </div>
   <div class='ocr_carea' id='block_1_77' title="bbox 2252 2458 3741 2532">
    <p class='ocr_par' dir='ltr' id='par_1_77' title="bbox 2252 2458 3741 2532">
     <span class='ocr_line' id='line_1_77' title="bbox 2252 2458 3741 2532; baseline -0.002 -18"><span class='ocrx_word' id='word_1_458' title='bbox 2252 2460 2312 2513; x_wconf 85' lang='grc' dir='ltr'>Ὀ</span> <span class='ocrx_word' id='word_1_459' title='bbox 2345 2460 2412 2514; x_wconf 80' lang='grc' dir='ltr'>τὰ</span> <span class='ocrx_word' id='word_1_460' title='bbox 2436 2460 2655 2532; x_wconf 78' lang='grc' dir='ltr'>λυπηρά</span> <span class='ocrx_word' id='word_1_461' title='bbox 2688 2461 2998 2532; x_wconf 84' lang='grc' dir='ltr'>ὑποφέρων,</span> <span class='ocrx_word' id='word_1_462' title='bbox 3018 2459 3241 2513; x_wconf 78' lang='grc' dir='ltr'>καὶτῶν</span> <span class='ocrx_word' id='word_1_463' title='bbox 3272 2458 3591 2531; x_wconf 84' lang='grc' dir='ltr'>περιχαρῶν</span> <span class='ocrx_word' id='word_1_464' title='bbox 3618 2459 3741 2512; x_wconf 84' lang='grc' dir='ltr'>τεύ-</span> 
     </span>
    </p>
   </div>
   <div class='ocr_carea' id='block_1_78' title="bbox 2172 2551 3742 2625">
    <p class='ocr_par' dir='ltr' id='par_1_78' title="bbox 2172 2551 3742 2625">
     <span class='ocr_line' id='line_1_78' title="bbox 2172 2551 3742 2625; baseline 0.003 -22"><span class='ocrx_word' id='word_1_465' title='bbox 2172 2551 2343 2617; x_wconf 82' lang='grc' dir='ltr'>ξεται,</span> <span class='ocrx_word' id='word_1_466' title='bbox 2377 2551 2471 2607; x_wconf 77' lang='grc' dir='ltr'>καὶ</span> <span class='ocrx_word' id='word_1_467' title='bbox 2493 2555 2521 2605; x_wconf 86' lang='grc' dir='ltr'>ὀ</span> <span class='ocrx_word' id='word_1_468' title='bbox 2542 2554 2599 2605; x_wconf 90' lang='grc' dir='ltr'><strong>ἐν</strong></span> <span class='ocrx_word' id='word_1_469' title='bbox 2624 2557 2735 2617; x_wconf 82' lang='grc' dir='ltr'>τοῖς</span> <span class='ocrx_word' id='word_1_470' title='bbox 2763 2554 2956 2623; x_wconf 79' lang='grc' dir='ltr'><strong>ἀηδέσι</strong></span> <span class='ocrx_word' id='word_1_471' title='bbox 2983 2554 3286 2625; x_wconf 79' lang='grc' dir='ltr'>καρτερῶν,</span> <span class='ocrx_word' id='word_1_472' title='bbox 3308 2552 3418 2606; x_wconf 88' lang='grc' dir='ltr'><strong>τῶν</strong></span> <span class='ocrx_word' id='word_1_473' title='bbox 3447 2554 3618 2623; x_wconf 77' lang='grc' dir='ltr'>ἡδέων</span> <span class='ocrx_word' id='word_1_474' title='bbox 3640 2554 3742 2607; x_wconf 73' lang='grc' dir='ltr'><strong>οὐκ</strong></span> 
     </span>
    </p>
   </div>
   <div class='ocr_carea' id='block_1_79' title="bbox 2168 2644 2483 2714">
    <p class='ocr_par' dir='ltr' id='par_1_79' title="bbox 2168 2644 2483 2714">
     <span class='ocr_line' id='line_1_79' title="bbox 2168 2644 2483 2714; baseline -0.003 -17"><span class='ocrx_word' id='word_1_475' title='bbox 2168 2644 2483 2714; x_wconf 80' lang='grc' dir='ltr'>ἀμοιρήσει.</span> 
     </span>
    </p>
   </div>
   <div class='ocr_carea' id='block_1_80' title="bbox 2766 2755 3159 2820">
    <p class='ocr_par' dir='ltr' id='par_1_80' title="bbox 2766 2755 3159 2820">
     <span class='ocr_line' id='line_1_80' title="bbox 2766 2755 3159 2820; baseline -0.005 -11"><span class='ocrx_word' id='word_1_476' title='bbox 2766 2755 3015 2809; x_wconf 75' lang='grc' dir='ltr'><strong>ΚΕΦΑΛ.</strong></span> <span class='ocrx_word' id='word_1_477' title='bbox 3048 2757 3159 2820; x_wconf 60' lang='grc' dir='ltr'>ιιιν.</span> 
     </span>
    </p>
   </div>
   <div class='ocr_carea' id='block_1_81' title="bbox 2245 2842 3739 2916">
    <p class='ocr_par' dir='ltr' id='par_1_81' title="bbox 2245 2842 3739 2916">
     <span class='ocr_line' id='line_1_81' title="bbox 2245 2842 3739 2916; baseline 0.001 -17"><span class='ocrx_word' id='word_1_478' title='bbox 2245 2842 2383 2916; x_wconf 85' lang='grc' dir='ltr'>Ὅρα</span> <span class='ocrx_word' id='word_1_479' title='bbox 2416 2846 2489 2916; x_wconf 86' lang='grc' dir='ltr'>μή</span> <span class='ocrx_word' id='word_1_480' title='bbox 2528 2861 2586 2897; x_wconf 88' lang='grc' dir='ltr'><strong>σε</strong></span> <span class='ocrx_word' id='word_1_481' title='bbox 2614 2846 2935 2915; x_wconf 85' lang='grc' dir='ltr'>ἀπατήσωσι</span> <span class='ocrx_word' id='word_1_482' title='bbox 2973 2845 3062 2899; x_wconf 88' lang='grc' dir='ltr'><strong>διά</strong></span> <span class='ocrx_word' id='word_1_483' title='bbox 3100 2862 3243 2908; x_wconf 86' lang='grc' dir='ltr'>τινος</span> <span class='ocrx_word' id='word_1_484' title='bbox 3275 2846 3542 2910; x_wconf 82' lang='grc' dir='ltr'>ὀπτασίας</span> <span class='ocrx_word' id='word_1_485' title='bbox 3568 2848 3616 2899; x_wconf 84' lang='grc' dir='ltr'><strong>οί</strong></span> <span class='ocrx_word' id='word_1_486' title='bbox 3645 2865 3739 2900; x_wconf 84' lang='grc' dir='ltr'>πο-</span> 
     </span>
    </p>
   </div>
   <div class='ocr_carea' id='block_1_82' title="bbox 2171 2933 3739 3005">
    <p class='ocr_par' dir='ltr' id='par_1_82' title="bbox 2171 2933 3739 3005">
     <span class='ocr_line' id='line_1_82' title="bbox 2171 2933 3739 3005; baseline 0.001 -18"><span class='ocrx_word' id='word_1_487' title='bbox 2171 2935 2325 3005; x_wconf 75' lang='grc' dir='ltr'>νηροὶ</span> <span class='ocrx_word' id='word_1_488' title='bbox 2372 2935 2652 3004; x_wconf 83' lang='grc' dir='ltr'>δαίμονες’</span> <span class='ocrx_word' id='word_1_489' title='bbox 2683 2933 2818 2987; x_wconf 84' lang='grc' dir='ltr'>ἀλλὰ</span> <span class='ocrx_word' id='word_1_490' title='bbox 2850 2934 3003 3001; x_wconf 80' lang='grc' dir='ltr'>γίνου</span> <span class='ocrx_word' id='word_1_491' title='bbox 3047 2933 3267 2997; x_wconf 82' lang='grc' dir='ltr'>σύννους</span> <span class='ocrx_word' id='word_1_492' title='bbox 3298 2936 3632 3005; x_wconf 80' lang='grc' dir='ltr'>τρεπόμενος</span> <span class='ocrx_word' id='word_1_493' title='bbox 3658 2939 3739 3000; x_wconf 85' lang='grc' dir='ltr'><strong>είς</strong></span> 
     </span>
    </p>
   </div>
   <div class='ocr_carea' id='block_1_83' title="bbox 2170 3024 3738 3097">
    <p class='ocr_par' dir='ltr' id='par_1_83' title="bbox 2170 3024 3738 3097">
     <span class='ocr_line' id='line_1_83' title="bbox 2170 3024 3738 3097; baseline 0.003 -19"><span class='ocrx_word' id='word_1_494' title='bbox 2170 3026 2355 3096; x_wconf 78' lang='grc' dir='ltr'>εὐχὴν,</span> <span class='ocrx_word' id='word_1_495' title='bbox 2398 3027 2493 3079; x_wconf 76' lang='grc' dir='ltr'><strong>καὶ</strong></span> <span class='ocrx_word' id='word_1_496' title='bbox 2531 3024 2836 3095; x_wconf 82' lang='grc' dir='ltr'>παρακάλει</span> <span class='ocrx_word' id='word_1_497' title='bbox 2869 3025 2960 3077; x_wconf 79' lang='grc' dir='ltr'><strong>τὸν</strong></span> <span class='ocrx_word' id='word_1_498' title='bbox 2998 3024 3151 3090; x_wconf 77' lang='grc' dir='ltr'>Θεὸν,</span> <span class='ocrx_word' id='word_1_499' title='bbox 3189 3027 3293 3091; x_wconf 80' lang='grc' dir='ltr'>ἵνα,</span> <span class='ocrx_word' id='word_1_500' title='bbox 3323 3030 3372 3080; x_wconf 83' lang='grc' dir='ltr'><strong>εί</strong></span> <span class='ocrx_word' id='word_1_501' title='bbox 3413 3028 3510 3097; x_wconf 83' lang='grc' dir='ltr'>μὲν</span> <span class='ocrx_word' id='word_1_502' title='bbox 3551 3030 3610 3095; x_wconf 81' lang='grc' dir='ltr'><strong>ἐξ</strong></span> <span class='ocrx_word' id='word_1_503' title='bbox 3639 3031 3738 3083; x_wconf 80' lang='grc' dir='ltr'>αὐ-</span> 
     </span>
    </p>
   </div>
   <div class='ocr_carea' id='block_1_84' title="bbox 2168 3116 3739 3191">
    <p class='ocr_par' dir='ltr' id='par_1_84' title="bbox 2168 3116 3739 3191">
     <span class='ocr_line' id='line_1_84' title="bbox 2168 3116 3739 3191; baseline 0.003 -23"><span class='ocrx_word' id='word_1_504' title='bbox 2168 3117 2262 3170; x_wconf 83' lang='grc' dir='ltr'>τοῦ</span> <span class='ocrx_word' id='word_1_505' title='bbox 2291 3119 2408 3169; x_wconf 80' lang='grc' dir='ltr'>ἐστι</span> <span class='ocrx_word' id='word_1_506' title='bbox 2435 3116 2496 3169; x_wconf 80' lang='grc' dir='ltr'><strong>τὸ</strong></span> <span class='ocrx_word' id='word_1_507' title='bbox 2522 3117 2723 3186; x_wconf 90' lang='grc' dir='ltr'>νόημα,</span> <span class='ocrx_word' id='word_1_508' title='bbox 2755 3117 2916 3178; x_wconf 88' lang='grc' dir='ltr'>αὐτός</span> <span class='ocrx_word' id='word_1_509' title='bbox 2942 3132 3001 3169; x_wconf 88' lang='grc' dir='ltr'><strong>σε</strong></span> <span class='ocrx_word' id='word_1_510' title='bbox 3048 3118 3280 3188; x_wconf 75' lang='grc' dir='ltr'>φωτίση,</span> <span class='ocrx_word' id='word_1_511' title='bbox 3312 3120 3361 3170; x_wconf 85' lang='grc' dir='ltr'><strong>εί</strong></span> <span class='ocrx_word' id='word_1_512' title='bbox 3381 3118 3438 3170; x_wconf 79' lang='grc' dir='ltr'>δὲ</span> <span class='ocrx_word' id='word_1_513' title='bbox 3476 3121 3638 3191; x_wconf 78' lang='grc' dir='ltr'>μήγε,</span> <span class='ocrx_word' id='word_1_514' title='bbox 3679 3122 3739 3173; x_wconf 66' lang='grc' dir='ltr'>τὸ</span> 
     </span>
    </p>
   </div>
   <div class='ocr_carea' id='block_1_85' title="bbox 2168 3207 3741 3280">
    <p class='ocr_par' dir='ltr' id='par_1_85' title="bbox 2168 3207 3741 3280">
     <span class='ocr_line' id='line_1_85' title="bbox 2168 3207 3741 3280; baseline 0.003 -20"><span class='ocrx_word' id='word_1_515' title='bbox 2168 3211 2333 3278; x_wconf 83' lang='grc' dir='ltr'>τάχος</span> <span class='ocrx_word' id='word_1_516' title='bbox 2370 3208 2460 3261; x_wconf 85' lang='grc' dir='ltr'>τὸν</span> <span class='ocrx_word' id='word_1_517' title='bbox 2497 3208 2695 3261; x_wconf 85' lang='grc' dir='ltr'>πλάνον</span> <span class='ocrx_word' id='word_1_518' title='bbox 2731 3208 2977 3278; x_wconf 80' lang='grc' dir='ltr'>ἀπελάσῃ</span> <span class='ocrx_word' id='word_1_519' title='bbox 3005 3208 3113 3261; x_wconf 73' lang='grc' dir='ltr'>ἀπὸ</span> <span class='ocrx_word' id='word_1_520' title='bbox 3145 3208 3261 3271; x_wconf 85' lang='grc' dir='ltr'>σοῦ,</span> <span class='ocrx_word' id='word_1_521' title='bbox 3287 3211 3381 3263; x_wconf 77' lang='grc' dir='ltr'>καὶ</span> <span class='ocrx_word' id='word_1_522' title='bbox 3418 3207 3632 3280; x_wconf 75' lang='grc' dir='ltr'>θάρσει,</span> <span class='ocrx_word' id='word_1_523' title='bbox 3664 3213 3741 3275; x_wconf 87' lang='grc' dir='ltr'>ὡς</span> 
     </span>
    </p>
   </div>
   <div class='ocr_carea' id='block_1_86' title="bbox 2170 3298 3742 3371">
    <p class='ocr_par' dir='ltr' id='par_1_86' title="bbox 2170 3298 3742 3371">
     <span class='ocr_line' id='line_1_86' title="bbox 2170 3298 3742 3371; baseline 0.003 -20"><span class='ocrx_word' id='word_1_524' title='bbox 2170 3302 2232 3352; x_wconf 77' lang='grc' dir='ltr'><strong>οὐ</strong></span> <span class='ocrx_word' id='word_1_525' title='bbox 2280 3300 2568 3367; x_wconf 82' lang='grc' dir='ltr'>στήσονται</span> <span class='ocrx_word' id='word_1_526' title='bbox 2609 3299 2659 3350; x_wconf 87' lang='grc' dir='ltr'><strong>οί</strong></span> <span class='ocrx_word' id='word_1_527' title='bbox 2703 3298 2883 3363; x_wconf 85' lang='grc' dir='ltr'>κύνες,</span> <span class='ocrx_word' id='word_1_528' title='bbox 2921 3298 3018 3352; x_wconf 80' lang='grc' dir='ltr'>σοῦ</span> <span class='ocrx_word' id='word_1_529' title='bbox 3056 3299 3320 3370; x_wconf 86' lang='grc' dir='ltr'>ἐμπύρως</span> <span class='ocrx_word' id='word_1_530' title='bbox 3348 3303 3415 3370; x_wconf 72' lang='grc' dir='ltr'>τῇ</span> <span class='ocrx_word' id='word_1_531' title='bbox 3448 3300 3581 3371; x_wconf 73' lang='grc' dir='ltr'>πρὸς</span> <span class='ocrx_word' id='word_1_532' title='bbox 3608 3298 3742 3355; x_wconf 77' lang='grc' dir='ltr'>Θέόν</span> 
     </span>
    </p>
   </div>
   <div class='ocr_carea' id='block_1_87' title="bbox 2171 3387 3743 3461">
    <p class='ocr_par' dir='ltr' id='par_1_87' title="bbox 2171 3387 3743 3461">
     <span class='ocr_line' id='line_1_87' title="bbox 2171 3387 3743 3461; baseline 0.003 -21"><span class='ocrx_word' id='word_1_533' title='bbox 2171 3388 2408 3453; x_wconf 75' lang='grc' dir='ltr'>ἐντεύξει</span> <span class='ocrx_word' id='word_1_534' title='bbox 2473 3387 2807 3458; x_wconf 79' lang='grc' dir='ltr'>κεχρημένου</span> <span class='ocrx_word' id='word_1_535' title='bbox 2842 3403 2857 3419; x_wconf 88' lang='grc'><strong>·</strong></span> <span class='ocrx_word' id='word_1_536' title='bbox 2885 3388 3088 3452; x_wconf 84' lang='grc' dir='ltr'>εὐθέως</span> <span class='ocrx_word' id='word_1_537' title='bbox 3148 3389 3258 3461; x_wconf 83' lang='grc' dir='ltr'>γὰρ</span> <span class='ocrx_word' id='word_1_538' title='bbox 3321 3390 3586 3460; x_wconf 82' lang='grc' dir='ltr'>ἀοράτως,</span> <span class='ocrx_word' id='word_1_539' title='bbox 3645 3394 3743 3445; x_wconf 68' lang='grc' dir='ltr'><strong>καὶ</strong></span> 
     </span>
    </p>
   </div>
   <div class='ocr_carea' id='block_1_88' title="bbox 2171 3476 3744 3554">
    <p class='ocr_par' dir='ltr' id='par_1_88' title="bbox 2171 3476 3744 3554">
     <span class='ocr_line' id='line_1_88' title="bbox 2171 3476 3744 3554; baseline 0.003 -22"><span class='ocrx_word' id='word_1_540' title='bbox 2171 3478 2391 3548; x_wconf 83' lang='grc' dir='ltr'>ἀφανῶς</span> <span class='ocrx_word' id='word_1_541' title='bbox 2415 3476 2551 3531; x_wconf 84' lang='grc' dir='ltr'>Θεσῦ</span> <span class='ocrx_word' id='word_1_542' title='bbox 2572 3478 2800 3550; x_wconf 84' lang='grc' dir='ltr'>δυνάμει</span> <span class='ocrx_word' id='word_1_543' title='bbox 2831 3478 3241 3552; x_wconf 75' lang='grc' dir='ltr'>μαστιξόμενοι,</span> <span class='ocrx_word' id='word_1_544' title='bbox 3274 3481 3492 3552; x_wconf 81' lang='grc' dir='ltr'>μακρὰν</span> <span class='ocrx_word' id='word_1_545' title='bbox 3515 3482 3744 3554; x_wconf 79' lang='grc' dir='ltr'>ἐλασθή-</span> 
     </span>
    </p>
   </div>
   <div class='ocr_carea' id='block_1_89' title="bbox 2176 3586 2379 3625">
    <p class='ocr_par' dir='ltr' id='par_1_89' title="bbox 2176 3586 2379 3625">
     <span class='ocr_line' id='line_1_89' title="bbox 2176 3586 2379 3625; baseline -0.015 0"><span class='ocrx_word' id='word_1_546' title='bbox 2176 3586 2379 3625; x_wconf 73' lang='grc' dir='ltr'>σονται.</span> 
     </span>
    </p>
   </div>
   <div class='ocr_carea' id='block_1_90' title="bbox 2762 3711 3153 3796">
    <p class='ocr_par' dir='ltr' id='par_1_90' title="bbox 2762 3711 3153 3796">
     <span class='ocr_line' id='line_1_90' title="bbox 2762 3711 3153 3796; baseline 0.01 -16"><span class='ocrx_word' id='word_1_547' title='bbox 2762 3729 3015 3783; x_wconf 80' lang='grc' dir='ltr'><strong>ΚΕΦΔΔ.</strong></span> <span class='ocrx_word' id='word_1_548' title='bbox 3037 3711 3153 3796; x_wconf 47' lang='lat' dir='ltr'><strong>ne&quot;.</strong></span> 
     </span>
    </p>
   </div>
   <div class='ocr_carea' id='block_1_91' title="bbox 2243 3825 3743 3914">
    <p class='ocr_par' dir='ltr' id='par_1_91' title="bbox 2243 3825 3743 3914">
     <span class='ocr_line' id='line_1_91' title="bbox 2243 3825 3743 3914; baseline 0.005 -20"><span class='ocrx_word' id='word_1_549' title='bbox 2243 3842 2460 3895; x_wconf 85' lang='grc' dir='ltr'>Δίκαιόν</span> <span class='ocrx_word' id='word_1_550' title='bbox 2494 3842 2610 3894; x_wconf 80' lang='grc' dir='ltr'>ἐστι</span> <span class='ocrx_word' id='word_1_551' title='bbox 2639 3840 2775 3911; x_wconf 85' lang='grc' dir='ltr'><strong>μηδέ</strong></span> <span class='ocrx_word' id='word_1_552' title='bbox 2801 3841 2888 3896; x_wconf 78' lang='grc' dir='ltr'><strong>τὸν</strong></span> <span class='ocrx_word' id='word_1_553' title='bbox 2909 3841 3059 3896; x_wconf 86' lang='grc' dir='ltr'>δόλον</span> <span class='ocrx_word' id='word_1_554' title='bbox 3094 3841 3286 3896; x_wconf 81' lang='grc' dir='ltr'>τοῦτόν</span> <span class='ocrx_word' id='word_1_555' title='bbox 3313 3860 3373 3897; x_wconf 88' lang='grc' dir='ltr'><strong>σε</strong></span> <span class='ocrx_word' id='word_1_556' title='bbox 3398 3825 3634 3914; x_wconf 72' lang='grc' dir='ltr'>ἀγνοεέν,</span> <span class='ocrx_word' id='word_1_557' title='bbox 3658 3840 3743 3903; x_wconf 73' lang='grc' dir='ltr'>ὅτι</span> 
     </span>
    </p>
   </div>
   <div class='ocr_carea' id='block_1_92' title="bbox 2171 3921 3744 4003">
    <p class='ocr_par' dir='ltr' id='par_1_92' title="bbox 2171 3921 3744 4003">
     <span class='ocr_line' id='line_1_92' title="bbox 2171 3921 3744 4003; baseline -0.003 -17"><span class='ocrx_word' id='word_1_558' title='bbox 2171 3934 2232 3986; x_wconf 88' lang='grc' dir='ltr'><strong>ἐν</strong></span> <span class='ocrx_word' id='word_1_559' title='bbox 2263 3931 2439 4003; x_wconf 84' lang='grc' dir='ltr'>καιρῷ</span> <span class='ocrx_word' id='word_1_560' title='bbox 2467 3930 2779 4002; x_wconf 76' lang='grc' dir='ltr'>μερίζονται</span> <span class='ocrx_word' id='word_1_561' title='bbox 2805 3931 3034 3994; x_wconf 74' lang='grc' dir='ltr'>ἑαυτοὺς</span> <span class='ocrx_word' id='word_1_562' title='bbox 3071 3921 3123 3984; x_wconf 77' lang='grc' dir='ltr'><strong>οί</strong></span> <span class='ocrx_word' id='word_1_563' title='bbox 3149 3931 3421 4002; x_wconf 83' lang='grc' dir='ltr'>δαίμονες,</span> <span class='ocrx_word' id='word_1_564' title='bbox 3449 3936 3544 3989; x_wconf 84' lang='grc' dir='ltr'><strong>καὶ</strong></span> <span class='ocrx_word' id='word_1_565' title='bbox 3570 3939 3620 3991; x_wconf 85' lang='grc' dir='ltr'><strong>εί</strong></span> <span class='ocrx_word' id='word_1_566' title='bbox 3653 3938 3744 3991; x_wconf 83' lang='grc' dir='ltr'><strong>δό-</strong></span> 
     </span>
    </p>
   </div>
   <div class='ocr_carea' id='block_1_93' title="bbox 2174 4021 3745 4099">
    <p class='ocr_par' dir='ltr' id='par_1_93' title="bbox 2174 4021 3745 4099">
     <span class='ocr_line' id='line_1_93' title="bbox 2174 4021 3745 4099; baseline -0.006 -20"><span class='ocrx_word' id='word_1_567' title='bbox 2174 4024 2268 4094; x_wconf 66' lang='lat' dir='ltr'><strong>Et);</strong></span> <span class='ocrx_word' id='word_1_568' title='bbox 2296 4023 2547 4094; x_wconf 82' lang='grc' dir='ltr'>βοήθειαν</span> <span class='ocrx_word' id='word_1_569' title='bbox 2568 4022 2866 4093; x_wconf 78' lang='grc' dir='ltr'>ἐπιζητεῖν,</span> <span class='ocrx_word' id='word_1_570' title='bbox 2892 4021 3127 4076; x_wconf 73' lang='grc' dir='ltr'>εἰσίασιν</span> <span class='ocrx_word' id='word_1_571' title='bbox 3150 4024 3200 4076; x_wconf 77' lang='grc' dir='ltr'>οἱ</span> <span class='ocrx_word' id='word_1_572' title='bbox 3226 4022 3405 4079; x_wconf 71' lang='grc' dir='ltr'>λοιποὶ</span> <span class='ocrx_word' id='word_1_573' title='bbox 3435 4028 3495 4079; x_wconf 80' lang='grc' dir='ltr'><strong>ἐν</strong></span> <span class='ocrx_word' id='word_1_574' title='bbox 3528 4029 3745 4099; x_wconf 67' lang='grc' dir='ltr'><strong>σχήμα-</strong></span> 
     </span>
    </p>
   </div>
   <div class='ocr_carea' id='block_1_94' title="bbox 2175 4110 3744 4186">
    <p class='ocr_par' dir='ltr' id='par_1_94' title="bbox 2175 4110 3744 4186">
     <span class='ocr_line' id='line_1_94' title="bbox 2175 4110 3744 4186; baseline 0.004 -22"><span class='ocrx_word' id='word_1_575' title='bbox 2175 4129 2260 4165; x_wconf 88' lang='grc' dir='ltr'><strong>σιν</strong></span> <span class='ocrx_word' id='word_1_576' title='bbox 2299 4111 2611 4180; x_wconf 85' lang='grc' dir='ltr'>άγγελικοίς</span> <span class='ocrx_word' id='word_1_577' title='bbox 2648 4113 2773 4174; x_wconf 78' lang='grc' dir='ltr'>τοὺς</span> <span class='ocrx_word' id='word_1_578' title='bbox 2803 4110 3057 4181; x_wconf 78' lang='grc' dir='ltr'>πρώτους</span> <span class='ocrx_word' id='word_1_579' title='bbox 3084 4110 3481 4179; x_wconf 87' lang='grc' dir='ltr'>ἐξελαύνοντες,</span> <span class='ocrx_word' id='word_1_580' title='bbox 3519 4118 3656 4186; x_wconf 81' lang='grc' dir='ltr'>πρὸς</span> <span class='ocrx_word' id='word_1_581' title='bbox 3681 4118 3744 4170; x_wconf 76' lang='grc' dir='ltr'>τὸ</span> 
     </span>
    </p>
   </div>
   <div class='ocr_carea' id='block_1_95' title="bbox 2175 4201 3745 4277">
    <p class='ocr_par' dir='ltr' id='par_1_95' title="bbox 2175 4201 3745 4277">
     <span class='ocr_line' id='line_1_95' title="bbox 2175 4201 3745 4277; baseline 0.004 -23"><span class='ocrx_word' id='word_1_582' title='bbox 2175 4220 2234 4255; x_wconf 82' lang='grc' dir='ltr'><strong>σε</strong></span> <span class='ocrx_word' id='word_1_583' title='bbox 2285 4201 2657 4267; x_wconf 78' lang='grc' dir='ltr'>ἐξαπατᾶσθαι</span> <span class='ocrx_word' id='word_1_584' title='bbox 2713 4202 2805 4254; x_wconf 85' lang='grc' dir='ltr'>ὑπ’</span> <span class='ocrx_word' id='word_1_585' title='bbox 2836 4201 3037 4268; x_wconf 82' lang='grc' dir='ltr'>αὐτῶν,</span> <span class='ocrx_word' id='word_1_586' title='bbox 3088 4205 3157 4274; x_wconf 77' lang='grc' dir='ltr'><strong>τῇ·</strong></span> <span class='ocrx_word' id='word_1_587' title='bbox 3206 4205 3419 4276; x_wconf 71' lang='grc' dir='ltr'>γνώμῃ,</span> <span class='ocrx_word' id='word_1_588' title='bbox 3464 4207 3542 4270; x_wconf 86' lang='grc' dir='ltr'>ὼς</span> <span class='ocrx_word' id='word_1_589' title='bbox 3584 4207 3745 4277; x_wconf 70' lang='grc' dir='ltr'>δῆθεν</span> 
     </span>
    </p>
   </div>
   <div class='ocr_carea' id='block_1_96' title="bbox 2108 4282 2831 4374">
    <p class='ocr_par' dir='ltr' id='par_1_96' title="bbox 2108 4282 2831 4374">
     <span class='ocr_line' id='line_1_96' title="bbox 2108 4282 2831 4374; baseline 0.003 -28"><span class='ocrx_word' id='word_1_590' title='bbox 2108 4319 2150 4374; x_wconf 75' lang='lat' dir='ltr'><strong>D</strong></span> <span class='ocrx_word' id='word_1_591' title='bbox 2180 4282 2350 4362; x_wconf 75' lang='grc' dir='ltr'>ἁγίων</span> <span class='ocrx_word' id='word_1_592' title='bbox 2375 4294 2542 4346; x_wconf 71' lang='grc' dir='ltr'>ιντων</span> <span class='ocrx_word' id='word_1_593' title='bbox 2567 4293 2831 4361; x_wconf 79' lang='grc' dir='ltr'>ἀγγέλων.</span> 
     </span>
    </p>
   </div>
   <div class='ocr_carea' id='block_1_97' title="bbox 2751 4390 3157 4476">
    <p class='ocr_par' dir='ltr' id='par_1_97' title="bbox 2751 4390 3157 4476">
     <span class='ocr_line' id='line_1_97' title="bbox 2751 4390 3157 4476; baseline 0.007 -18"><span class='ocrx_word' id='word_1_594' title='bbox 2751 4400 2999 4461; x_wconf 66' lang='grc' dir='ltr'><strong>ΚΕΦΑΛ.</strong></span> <span class='ocrx_word' id='word_1_595' title='bbox 3028 4390 3157 4476; x_wconf 55' lang='grc' dir='ltr'>μετ’,</span> 
     </span>
    </p>
   </div>
   <div class='ocr_carea' id='block_1_98' title="bbox 2247 4514 3742 4591">
    <p class='ocr_par' dir='ltr' id='par_1_98' title="bbox 2247 4514 3742 4591">
     <span class='ocr_line' id='line_1_98' title="bbox 2247 4514 3742 4591; baseline -0.001 -20"><span class='ocrx_word' id='word_1_596' title='bbox 2247 4517 2760 4588; x_wconf 74' lang='grc' dir='ltr'>Ταπεινοφροσύνης</span> <span class='ocrx_word' id='word_1_597' title='bbox 2804 4517 3003 4589; x_wconf 83' lang='grc' dir='ltr'>πολλῆς</span> <span class='ocrx_word' id='word_1_598' title='bbox 3045 4518 3395 4591; x_wconf 84' lang='grc' dir='ltr'>ἐπιμέλησαι,</span> <span class='ocrx_word' id='word_1_599' title='bbox 3426 4514 3521 4571; x_wconf 78' lang='grc' dir='ltr'><strong>καὶ</strong></span> <span class='ocrx_word' id='word_1_600' title='bbox 3560 4520 3621 4575; x_wconf 78' lang='grc' dir='ltr'>οὗ</span> <span class='ocrx_word' id='word_1_601' title='bbox 3669 4518 3742 4587; x_wconf 79' lang='grc' dir='ltr'>μή</span> 
     </span>
    </p>
   </div>
   <div class='ocr_carea' id='block_1_99' title="bbox 2181 4608 3748 4680">
    <p class='ocr_par' dir='ltr' id='par_1_99' title="bbox 2181 4608 3748 4680">
     <span class='ocr_line' id='line_1_99' title="bbox 2181 4608 3748 4680; baseline -0.001 -18"><span class='ocrx_word' id='word_1_602' title='bbox 2181 4627 2274 4662; x_wconf 90' lang='grc' dir='ltr'><strong>σου</strong></span> <span class='ocrx_word' id='word_1_603' title='bbox 2326 4608 2595 4677; x_wconf 85' lang='grc' dir='ltr'>δαιμόνων</span> <span class='ocrx_word' id='word_1_604' title='bbox 2645 4608 2880 4678; x_wconf 77' lang='grc' dir='ltr'>ὲπὴρεια</span> <span class='ocrx_word' id='word_1_605' title='bbox 2921 4609 3234 4680; x_wconf 69' lang='grc' dir='ltr'>καθάψηται</span> <span class='ocrx_word' id='word_1_606' title='bbox 3280 4611 3377 4679; x_wconf 82' lang='grc' dir='ltr'>τῆς</span> <span class='ocrx_word' id='word_1_607' title='bbox 3417 4609 3621 4680; x_wconf 74' lang='grc' dir='ltr'>ψυχῆς,</span> <span class='ocrx_word' id='word_1_608' title='bbox 3653 4608 3748 4661; x_wconf 70' lang='grc' dir='ltr'>καὶ</span> 
     </span>
    </p>
   </div>
   <div class='ocr_carea' id='block_1_100' title="bbox 2182 4694 3749 4771">
    <p class='ocr_par' dir='ltr' id='par_1_100' title="bbox 2182 4694 3749 4771">
     <span class='ocr_line' id='line_1_100' title="bbox 2182 4694 3749 4771; baseline -0.001 -17"><span class='ocrx_word' id='word_1_609' title='bbox 2182 4699 2378 4771; x_wconf 86' lang='grc' dir='ltr'>μάστιξ</span> <span class='ocrx_word' id='word_1_610' title='bbox 2411 4702 2511 4753; x_wconf 76' lang='grc' dir='ltr'><strong>οὐκ</strong></span> <span class='ocrx_word' id='word_1_611' title='bbox 2533 4700 2706 4767; x_wconf 80' lang='grc' dir='ltr'>ἐγγιεῖ</span> <span class='ocrx_word' id='word_1_612' title='bbox 2739 4700 2815 4769; x_wconf 80' lang='grc' dir='ltr'>τῷ</span> <span class='ocrx_word' id='word_1_613' title='bbox 2840 4698 3155 4771; x_wconf 79' lang='grc' dir='ltr'>σκηνώματι</span> <span class='ocrx_word' id='word_1_614' title='bbox 3187 4718 3301 4763; x_wconf 84' lang='grc' dir='ltr'>σου,</span> <span class='ocrx_word' id='word_1_615' title='bbox 3328 4703 3406 4754; x_wconf 87' lang='grc' dir='ltr'>ὃτι</span> <span class='ocrx_word' id='word_1_616' title='bbox 3439 4694 3550 4763; x_wconf 57' lang='lat' dir='ltr'><strong>tet;</strong></span> <span class='ocrx_word' id='word_1_617' title='bbox 3578 4701 3749 4767; x_wconf 81' lang='grc' dir='ltr'>ἀγγέ-</span> 
     </span>
    </p>
   </div>
   <div class='ocr_carea' id='block_1_101' title="bbox 2179 4788 3743 4862">
    <p class='ocr_par' dir='ltr' id='par_1_101' title="bbox 2179 4788 3743 4862">
     <span class='ocr_line' id='line_1_101' title="bbox 2179 4788 3743 4862; baseline 0 -19"><span class='ocrx_word' id='word_1_618' title='bbox 2179 4792 2290 4854; x_wconf 85' lang='grc' dir='ltr'>λοις</span> <span class='ocrx_word' id='word_1_619' title='bbox 2321 4789 2486 4844; x_wconf 76' lang='grc' dir='ltr'>αὐτοῦ</span> <span class='ocrx_word' id='word_1_620' title='bbox 2535 4788 2827 4843; x_wconf 82' lang='grc' dir='ltr'>ἐντελεῖται</span> <span class='ocrx_word' id='word_1_621' title='bbox 2878 4793 3008 4862; x_wconf 53' lang='grc' dir='ltr'><strong>περὶ⁵</strong></span> <span class='ocrx_word' id='word_1_622' title='bbox 3041 4792 3135 4845; x_wconf 82' lang='grc' dir='ltr'>σοῦ</span> <span class='ocrx_word' id='word_1_623' title='bbox 3175 4794 3269 4845; x_wconf 81' lang='grc' dir='ltr'>τοῦ</span> <span class='ocrx_word' id='word_1_624' title='bbox 3307 4792 3634 4861; x_wconf 79' lang='grc' dir='ltr'>διαφυλάξαι</span> <span class='ocrx_word' id='word_1_625' title='bbox 3667 4809 3743 4853; x_wconf 87' lang='grc' dir='ltr'><strong>σε,</strong></span> 
     </span>
    </p>
   </div>
   <div class='ocr_carea' id='block_1_102' title="bbox 2180 4881 3749 4955">
    <p class='ocr_par' dir='ltr' id='par_1_102' title="bbox 2180 4881 3749 4955">
     <span class='ocr_line' id='line_1_102' title="bbox 2180 4881 3749 4955; baseline -0.002 -18"><span class='ocrx_word' id='word_1_626' title='bbox 2180 4887 2271 4937; x_wconf 70' lang='grc' dir='ltr'><strong>καὶ</strong></span> <span class='ocrx_word' id='word_1_627' title='bbox 2294 4882 2515 4951; x_wconf 81' lang='grc' dir='ltr'>ἀφανῶς</span> <span class='ocrx_word' id='word_1_628' title='bbox 2545 4881 2761 4935; x_wconf 77' lang='grc' dir='ltr'>ἃπασαν</span> <span class='ocrx_word' id='word_1_629' title='bbox 2799 4881 2898 4953; x_wconf 73' lang='grc' dir='ltr'>τὴν</span> <span class='ocrx_word' id='word_1_630' title='bbox 2929 4885 3315 4955; x_wconf 81' lang='grc' dir='ltr'>ἀντικειμένην</span> <span class='ocrx_word' id='word_1_631' title='bbox 3343 4885 3625 4953; x_wconf 76' lang='grc' dir='ltr'>ἐνέργειαν</span> <span class='ocrx_word' id='word_1_632' title='bbox 3656 4885 3749 4934; x_wconf 79' lang='grc' dir='ltr'>ἐκ·</span> 
     </span>
    </p>
   </div>
   <div class='ocr_carea' id='block_1_103' title="bbox 2178 4973 2737 5039">
    <p class='ocr_par' dir='ltr' id='par_1_103' title="bbox 2178 4973 2737 5039">
     <span class='ocr_line' id='line_1_103' title="bbox 2178 4973 2737 5039; baseline -0.005 -11"><span class='ocrx_word' id='word_1_633' title='bbox 2178 4974 2458 5039; x_wconf 79' lang='grc' dir='ltr'>διώξουσιν</span> <span class='ocrx_word' id='word_1_634' title='bbox 2486 4973 2591 5025; x_wconf 83' lang='grc' dir='ltr'><strong>ἀπὸ</strong></span> <span class='ocrx_word' id='word_1_635' title='bbox 2623 4973 2737 5026; x_wconf 78' lang='grc' dir='ltr'>σοῦ.</span> 
     </span>
    </p>
   </div>
   <div class='ocr_carea' id='block_1_104' title="bbox 2776 5066 3178 5153">
    <p class='ocr_par' dir='ltr' id='par_1_104' title="bbox 2776 5066 3178 5153">
     <span class='ocr_line' id='line_1_104' title="bbox 2776 5066 3178 5153; baseline 0.007 -17"><span class='ocrx_word' id='word_1_636' title='bbox 2776 5066 3026 5138; x_wconf 78' lang='grc' dir='ltr'><strong>ΚΕΦᾹΛ.</strong></span> <span class='ocrx_word' id='word_1_637' title='bbox 3065 5068 3178 5153; x_wconf 37' lang='lat' dir='ltr'><strong>cz}.</strong></span> 
     </span>
    </p>
   </div>
   <div class='ocr_carea' id='block_1_105' title="bbox 2244 5180 3749 5266">
    <p class='ocr_par' dir='ltr' id='par_1_105' title="bbox 2244 5180 3749 5266">
     <span class='ocr_line' id='line_1_105' title="bbox 2244 5180 3749 5266; baseline -0.003 -15"><span class='ocrx_word' id='word_1_638' title='bbox 2244 5196 2466 5265; x_wconf 78' lang='grc' dir='ltr'>Ψόφους</span> <span class='ocrx_word' id='word_1_639' title='bbox 2500 5196 2598 5266; x_wconf 83' lang='grc' dir='ltr'>μὲν</span> <span class='ocrx_word' id='word_1_640' title='bbox 2629 5194 2722 5249; x_wconf 79' lang='grc' dir='ltr'><strong>καὶ</strong></span> <span class='ocrx_word' id='word_1_641' title='bbox 2747 5194 2987 5259; x_wconf 82' lang='grc' dir='ltr'>κτύπους</span> <span class='ocrx_word' id='word_1_642' title='bbox 3015 5198 3109 5249; x_wconf 75' lang='grc' dir='ltr'>καὶ</span> <span class='ocrx_word' id='word_1_643' title='bbox 3133 5197 3315 5265; x_wconf 75' lang='grc' dir='ltr'>φωνὰς</span> <span class='ocrx_word' id='word_1_644' title='bbox 3340 5180 3431 5248; x_wconf 63' lang='grc' dir='ltr'><strong>καί</strong></span> <span class='ocrx_word' id='word_1_645' title='bbox 3458 5192 3749 5265; x_wconf 77' lang='grc' dir='ltr'>αἰκισμοὺς</span> 
     </span>
    </p>
   </div>
   <div class='ocr_carea' id='block_1_106' title="bbox 2176 5283 3749 5355">
    <p class='ocr_par' dir='ltr' id='par_1_106' title="bbox 2176 5283 3749 5355">
     <span class='ocr_line' id='line_1_106' title="bbox 2176 5283 3749 5355; baseline -0.003 -15"><span class='ocrx_word' id='word_1_646' title='bbox 2176 5289 2242 5340; x_wconf 83' lang='grc' dir='ltr'>ὲκ</span> <span class='ocrx_word' id='word_1_647' title='bbox 2289 5286 2558 5355; x_wconf 82' lang='grc' dir='ltr'>δαιμόνων</span> <span class='ocrx_word' id='word_1_648' title='bbox 2606 5283 2899 5338; x_wconf 83' lang='grc' dir='ltr'>ἀκούσεται</span> <span class='ocrx_word' id='word_1_649' title='bbox 2957 5286 2985 5335; x_wconf 81' lang='grc' dir='ltr'>ὁ</span> <span class='ocrx_word' id='word_1_650' title='bbox 3031 5283 3277 5355; x_wconf 78' lang='grc' dir='ltr'>καθαρᾶς</span> <span class='ocrx_word' id='word_1_651' title='bbox 3319 5283 3749 5353; x_wconf 74' lang='grc' dir='ltr'>ἐπιμελούμενος</span> 
     </span>
    </p>
   </div>
   <div class='ocr_carea' id='block_1_107' title="bbox 2175 5374 3749 5451">
    <p class='ocr_par' dir='ltr' id='par_1_107' title="bbox 2175 5374 3749 5451">
     <span class='ocr_line' id='line_1_107' title="bbox 2175 5374 3749 5451; baseline -0.003 -20"><span class='ocrx_word' id='word_1_652' title='bbox 2175 5377 2500 5451; x_wconf 82' lang='grc' dir='ltr'>προσευχῆς,</span> <span class='ocrx_word' id='word_1_653' title='bbox 2536 5375 2673 5429; x_wconf 87' lang='grc' dir='ltr'><strong>άλλά</strong></span> <span class='ocrx_word' id='word_1_654' title='bbox 2704 5376 2764 5429; x_wconf 79' lang='grc' dir='ltr'>οὐ</span> <span class='ocrx_word' id='word_1_655' title='bbox 2794 5378 3172 5445; x_wconf 85' lang='grc' dir='ltr'>συμπετείται,</span> <span class='ocrx_word' id='word_1_656' title='bbox 3204 5377 3323 5430; x_wconf 83' lang='grc' dir='ltr'><strong>οὑδέ</strong></span> <span class='ocrx_word' id='word_1_657' title='bbox 3357 5374 3630 5447; x_wconf 83' lang='grc' dir='ltr'>προδώσει</span> <span class='ocrx_word' id='word_1_658' title='bbox 3658 5374 3749 5427; x_wconf 78' lang='grc' dir='ltr'>τὸν</span> 
     </span>
    </p>
   </div>
   <div class='ocr_carea' id='block_1_108' title="bbox 3488 209 3817 277">
    <p class='ocr_par' dir='ltr' id='par_1_108' title="bbox 3488 209 3817 277">
     <span class='ocr_line' id='line_1_108' title="bbox 3488 209 3817 277; baseline 0.009 -3"><span class='ocrx_word' id='word_1_659' title='bbox 3488 209 3817 277; x_wconf 75' lang='grc'><strong>’1188“</strong></span> 
     </span>
    </p>
   </div>
  </div>
