4066 6146
407 231 543 296 1189

1765 232 1858 294 DE
1885 233 2291 294 ORATIONE.

3512 239 3647 311 1190

404 338 660 408 Λογισμὸν
711 338 884 404 λέγων
935 337 1069 407 πρὸς
1127 337 1217 389 τὸν
1270 336 1422 388 Θεόν·
1472 337 1545 388 Οὐ
1598 337 1966 408 φοϐηθήσομαι

2082 339 2308 403 tionem,
2366 341 2550 397 dicens
2574 344 2639 397 ad
2670 344 2875 401 Deum:
2910 347 3025 402 Non
3056 349 3255 404 timebo
3300 349 3466 416 mala,
3510 366 3643 419 quo.

406 430 569 495 κακὰ,
601 429 685 481 ὅτι
712 429 775 480 σὺ
808 429 926 498 μετ’
959 426 1091 496 ἐμοῦ
1122 423 1190 487 εἴ,
1225 428 1319 478 καὶ
1341 427 1409 479 τὰ
1437 428 1618 495 ὃμοια.

999 537 1253 590 ΚΕΦΑΛ.
1286 538 1409 603 ῌΓ.

485 651 573 704 Ἐν
603 648 777 719 καιρῷ
806 647 913 701 τῶν
939 638 1196 700 τοίούτων
1236 647 1585 719 πειρασμῶν,
1622 646 1854 721 βραχείᾳ
1882 651 1976 705 καὶ

403 742 766 811 ὲπιτεταμένῃ
799 742 1076 810 προσευχῇ
1111 739 1371 810 κέχρησο.

1004 850 1256 903 ΚΕΦΛΛ.
1286 848 1379 914 se!

487 966 610 1020 Ἐὰν
643 963 985 1034 ἀπειλήσωσί
1024 977 1105 1014 σοι
1148 962 1198 1014 οἱ
1231 961 1502 1030 δαίμονες,
1539 961 1749 1032 ἀθρόως
1787 962 1851 1013 ὲκ
1881 961 1975 1015 τοῦ

402 1062 563 1132 ἀέρος
589 1056 1004 1131 προφαίνεσθαι,
1037 1055 1132 1108 καὶ
1158 1054 1483 1124 ἐκπλήττειν
1514 1071 1595 1118 σε,
1620 1054 1711 1106 καὶ
1739 1053 1973 1122 διαρπά-

404 1154 516 1218 ζειν
548 1152 641 1205 τὸν
663 1150 790 1205 νοῦν
821 1166 937 1212 σου,
968 1148 1001 1219 ἢ
1025 1147 1098 1211 ὡς
1120 1146 1284 1218 θῆρες
1304 1146 1507 1199 ἀδικεῖν
1527 1145 1623 1216 τὴν
1651 1142 1826 1214 σάρκα
1857 1161 1972 1208 σου,

407 1242 481 1310 μὴ
532 1240 775 1309 πτοηθῇς
810 1237 1027 1300 αὐτοὺς,
1063 1234 1196 1305 μηδὲ
1227 1234 1364 1296 ὅλως
1395 1233 1687 1304 φροντίσῃς
1720 1234 1816 1301 τῆς
1850 1231 1973 1284 τού-

402 1348 509 1386 των
536 1331 790 1401 ἀπειλῆςο
813 1324 1105 1396 ὲκφοὸοῢσι
1135 1325 1242 1398 γάρ
1273 1342 1332 1377 σε
1359 1323 1732 1395 πειράζοντες,
1762 1324 1810 1374 εἰ
1840 1323 1975 1385 ὅλως

405 1424 692 1494 προσέχεις
747 1422 953 1484 αὐτοῖς,
1015 1420 1063 1470 εἰ
1122 1417 1328 1470 τέλειον
1395 1415 1575 1469 αὐτῶν
1634 1414 1975 1484 κατεφρόνη-

405 1532 524 1580 σας,
553 1516 600 1567 εί
622 1512 741 1582 Θεῷ
769 1510 1188 1580 παντοκράτορι,
1225 1507 1319 1558 καὶ
1357 1504 1693 1575 δημιουργῷ,
1720 1505 1812 1557 καὶ
1838 1520 1973 1573 προ-

404 1608 568 1676 νοητῇ
603 1604 697 1658 τοῦ
734 1602 932 1664 παντὸς
961 1598 1301 1671 παρίστασαι
1327 1599 1383 1650 ὲν
1405 1600 1470 1668 τῇ
1496 1597 1794 1664 προσευχῇ.

1011 1813 1265 1867 ΚΕΦΑΛ.
1294 1811 1372 1865 P'.

472 1923 537 1975 Τί
562 1921 733 1986 οὕτως
759 1920 968 1991 ἀλόγως
994 1921 1143 1992 αὐτῷ
1172 1921 1542 1991 παρέστηκας,
1574 1922 1648 1985 ὡς
1672 1923 1967 1992 παρελθὸνο

400 2031 468 2066 τα
520 2014 612 2066 τὸν
667 2013 1072 2084 ἁνυπέρὸλητον
1121 2011 1284 2065 αὐτοῦ
1324 2012 1507 2080 φόϐον,
1544 2013 1637 2065 καὶ
1679 2012 1965 2078 κώνωπας,

402 2104 496 2157 καὶ
529 2104 833 2175 κανθάρους
867 2103 1227 2166 δεδίττεσθαι;
1259 2104 1291 2173 ἢ
1329 2102 1428 2156 οὐκ
1466 2104 1703 2173 ἤκουσας
1749 2103 1842 2155 τοῦ
1880 2104 1968 2157 λέ-

414 2211 624 2261 γοντος·
641 2216 658 2247 ι
685 2196 891 2267 Κύριον
907 2195 997 2249 τὸν
1025 2196 1156 2248 Θεὸν
1175 2212 1268 2247 σου
1297 2194 1603 2266 φοϐηθήσῃ;
1630 2214 1648 2244 ι
1672 2195 1766 2248 καὶ
1784 2195 1965 2248 πάλινο

407 2304 425 2337 ι
461 2287 556 2339 Ὃν
591 2287 801 2357 φρίττει
835 2285 931 2340 καὶ
985 2285 1179 2356 τρέμει
1219 2285 1396 2339 πάντα
1421 2284 1528 2339 ἀπὸ
1554 2284 1845 2354 προσώπου
1869 2285 1967 2355 τῆς

399 2375 679 2447 δυνάμεως
703 2377 900 2442 αὑτοῦ;
939 2396 957 2430 ι
991 2377 1173 2431 καὶτὰ
1201 2376 1350 2446 ἑξῆς.

972 2490 1225 2546 ΚΕΦΑΛ.
1261 2490 1384 2544 PA’.

473 2598 681 2668 Ὠσπερ
709 2598 737 2650 ὁ
760 2599 922 2671 ἄρτος
949 2600 1120 2670 τροφή
1150 2602 1265 2662 ἐστι
1313 2599 1391 2669 τῷ
1416 2598 1649 2669 σώματι,
1676 2600 1772 2653 καὶ
1796 2600 1964 2671 ἁρετὴ

398 2690 463 2759 τῇ
504 2686 670 2760 ψυχῇ,
711 2688 853 2744 οὕτω
883 2692 975 2743 καὶ
1010 2690 1102 2743 τοῦ
1135 2690 1226 2743 νοῦ
1256 2691 1289 2759 ἠ
1316 2689 1658 2760 πνευματικὴ
1690 2690 1964 2761 προσευχὴ

398 2780 570 2851 τροφὴ
605 2781 858 2851 ὑπάρχει.

980 2888 1232 2942 ΚΕΦΑΛ.
1273 2888 1394 2943 ΡΒ’.

2079 432 2224 485 niam
2255 441 2309 486 tu
2360 449 2571 489 mecum
2603 453 2699 503 es;
2739 449 2792 493 et
2820 442 3040 498 similia.

2608 549 2838 606 CAPUT
2891 552 3117 610 XCVIII.

2147 654 2201 708 In
2232 665 2475 727 tempore
2505 660 2876 729 hujuscemodi
2911 667 3265 722 tentationum
3298 677 3450 725 utere
3499 671 3646 730 brevi

2074 755 2129 800 et
2160 746 2369 802 intensa
2393 751 2659 805 oratione.

2637 863 2867 920 CAPUT
2898 867 3082 922 XCIX.

2146 967 2202 1022 Si
2237 969 2513 1028 daemones
2542 976 2946 1031 comminemur
2990 980 3084 1033 tibi
3116 995 3236 1035 sese
3263 997 3327 1036 ex
3353 983 3645 1051 improviso
3734 990 3739 995 ’

2075 1062 2419 1129 apparituros
2447 1081 2513 1118 ex
2548 1081 2690 1127 aere,
2749 1077 2906 1138 teque
2933 1073 3437 1141 perterrefacturos,
3466 1085 3645 1131 tuam-

2074 1167 2181 1219 que
2210 1163 2443 1208 mentem
2478 1166 2750 1223 rapturos,
2776 1168 2888 1220 aut,
2921 1169 3176 1230 tanquam
3207 1173 3421 1218 atroces
3448 1166 3636 1220 bestia:

2075 1252 2222 1305 tuam
2250 1260 2467 1300 carnem
2511 1249 2773 1304 violenter
2801 1249 3189 1316 dilaniaturos,
3263 1269 3330 1307 ne
3365 1254 3514 1321 ipsos
3544 1271 3643 1324 pa-

2073 1350 2220 1398 veas,
2252 1352 2385 1392 nere
2416 1338 2686 1395 ullatenus
2717 1342 2928 1396 illorum
2947 1345 3425 1401 comminationem
3458 1363 3641 1414 cures;

2076 1425 2327 1494 injiciunt
2381 1430 2590 1499 quippe
2640 1444 2843 1486 metum
2895 1442 3159 1489 tentantes
3188 1446 3260 1502 te,
3312 1452 3379 1490 an
3419 1441 3643 1494 omnino

2073 1513 2204 1583 ipsis
2230 1520 2476 1572 attendas
2498 1560 2513 1584 ,
2547 1534 2614 1573 an
2645 1536 2738 1575 eos
2766 1523 3348 1593 totaliterdespexeris,
3374 1541 3440 1580 an
3463 1541 3643 1582 omm-

2073 1606 2275 1672 potenti
2307 1608 2430 1671 Deo,
2463 1618 2516 1662 et
2554 1609 2821 1677 Creatori,
2880 1615 3231 1685 omniumque
3284 1632 3465 1670 rerum
3518 1634 3644 1687 pro-

2004 1712 2044 1765 B
2074 1694 2261 1763 visori,
2291 1696 2343 1750 in
2396 1699 2640 1754 oratione
2668 1703 2927 1756 astiteris.

2695 1815 2925 1870 CAPUT
2967 1817 3027 1871 C.

2139 1914 2277 1982 Quid
2316 1919 2487 1974 eidem
2521 1921 2630 1977 Deo
2664 1923 2737 1978 ita
2780 1925 3182 1981 inconsiderate
3226 1936 3395 1990 astas,
3431 1937 3489 1982 ut
3516 1930 3637 1999 ejus

2071 2004 2492 2074 insuperabilem
2543 2013 2800 2069 omittens
2858 2016 3127 2082 timorem,
3202 2026 3258 2072 et
3314 2020 3516 2076 culices
3588 2031 3643 2077 et

2069 2097 2355 2152 scarabeos
2388 2099 2781 2166 pertimescas?
2844 2105 3040 2159 Annon
3095 2106 3293 2161 audisti
3323 2108 3628 2164 dicentem:

2075 2203 2095 2235 ι
2134 2186 2417 2241 Dominum
2453 2184 2621 2245 Deum
2686 2201 2838 2247 tuum
2885 2196 3099 2252 timebis
3121 2197 3187 2264 ⁸⁷,
3246 2215 3267 2248 ι
3305 2206 3359 2252 et
3410 2215 3636 2254 rursus:

2072 2293 2092 2326 ι
2133 2275 2301 2342 Quem
2364 2288 2633 2347 metuunt,
2694 2293 2749 2338 et
2807 2296 3043 2342 tremunt
3100 2302 3131 2341 a
3194 2286 3331 2342 facie
3383 2289 3639 2356 potentia:

2067 2367 2185 2436 ejus
2205 2370 2289 2423 8"il
2326 2389 2344 2421 ι
2371 2378 2420 2425 et
2452 2373 2672 2443 reliqua.

2572 2482 2727 2555 501
2771 2485 2999 2541 CAPUT
3034 2485 3121 2542 Cl.

2139 2592 2292 2647 Sicut
2321 2596 2477 2664 panis
2505 2606 2588 2652 est
2612 2600 2934 2654 alimentum
2959 2601 3199 2671 corpori,
3223 2612 3280 2656 et
3311 2602 3482 2657 virtus
3506 2604 3627 2658 ani-

2066 2698 2190 2750 mae,
2229 2686 2301 2740 ita
2337 2696 2392 2741 et
2426 2688 2721 2745 intellectui
2781 2691 3083 2760 spiritualis
3123 2694 3299 2749 oratio
3335 2695 3638 2751 nutrimen-

2067 2783 2181 2829 tum
2214 2786 2312 2831 est.

2666 2894 2896 2951 CAPUT
2923 2896 3034 2953 CII.

467 3002 557 3072 Μὴ
585 2983 948 3071 φαρισαῖκῶς,
982 2999 1117 3054 ἀλλὰ
1145 2999 1450 3065 τελωνικῶς
1475 2998 1777 3071 προσεύχου
1807 3002 1866 3054 ὲν
1885 3001 1963 3072 τῷ

2136 3003 2215 3059 Ne
2241 3005 2548 3075 pharisaice
2567 3047 2582 3072 ,
2619 3008 2713 3064 sed
2744 3024 2895 3064 more
2926 3009 3201 3079 publicani
3230 3026 3354 3067 ores
3393 3014 3447 3068 in
3476 3030 3635 3070 sacro

399 3091 529 3162 ἱερῷ
557 3089 706 3161 τόπῳ
730 3089 830 3155 τῆς
854 3088 1182 3160 προσευχῆς,
1212 3088 1299 3143 ἵνα
1328 3089 1423 3143 καὶ
1447 3090 1511 3143 σὺ
1540 3089 1833 3161 δικαιωθῇς
1858 3089 1963 3143 ὑπὸ

396 3185 620 3257 Κυρίου.

986 3268 1240 3350 ΚΕΦΑΛῘ
1278 3296 1400 3351 Pl".

477 3386 770 3455 Ἀγωνίζου
805 3386 881 3456 μὴ
911 3385 1274 3451 κατεύξασθαι
1308 3403 1454 3450 τινος
1499 3386 1557 3441 ἐν
1584 3389 1649 3458 τῇ
1684 3389 1959 3459 προσευχῇ

398 3493 514 3538 σου,
547 3476 635 3528 ἵνα
658 3475 732 3546 μὴ
757 3475 793 3529 ὃ.
814 3476 1115 3540 οίκοδοαεῖς
1140 3475 1452 3548 καταλύσῃς
1473 3475 1766 3548 βδελυκτὴν
1792 3477 1962 3533 ποιῶν

396 3564 494 3633 τὴν
526 3565 833 3633 προσευχήν
869 3581 983 3617 σου.

990 3679 1243 3733 ΚΕΦΑΛ.
1270 3678 1389 3733 ΡΔ¹.

473 3764 534 3819 ’0
564 3767 961 3840 χρεωφειλέτης
986 3771 1095 3824 τῶν
1121 3770 1332 3844 μυρίων
1357 3770 1634 3825 ταλάντων
1661 3773 1961 3828 παιδευέτω

394 3874 473 3922 σε,
495 3859 589 3924 ὡς,
624 3860 674 3912 εί
713 3861 787 3931 μὴ
821 3863 1036 3934 ἁφήσῃς
1060 3863 1139 3934 τῷ
1160 3863 1432 3935 ὀφειλέτῃ,
1465 3862 1585 3916 οὐδὲ
1603 3865 1766 3929 αὐτὸς
1799 3866 1960 3939 τεύξῃ

391 3951 489 4020 τῆς
520 3951 786 4018 ἀφέσεως·
817 3954 1101 4023 παρέδωκε
1137 3957 1266 4026 γὰρ,
1303 3952 1487 4025 φησὶν,
1530 3957 1692 4011 αὐτὸν
1719 3961 1831 4021 τοῖς
1860 3958 1961 4028 βαι

392 4057 688 4105 σανισταις.

388 4417 612 4486 ψύλλης,
642 4417 985 4489 ἣφθειρὸς,ἢ
1017 4422 1350 4497 κώνωπος,ἢ
1383 4429 1564 4497 μυίας,
1587 4432 1870 4504 ζημιωθῇς
1897 4422 1959 4487 τὸ

394 4507 646 4576 μέγιστον
683 4508 871 4578 κέρδος
898 4509 999 4578 τῆς
1024 4517 1330 4585 προσευχῆς
1366 4535 1480 4572 σου.

982 4601 1231 4657 ΚΕΦΑΛ.
1274 4605 1409 4673 Pq'.

456 4680 657 4738 Ἦλθεν
683 4689 762 4748 εις
796 4688 963 4756 ἡμᾶς,
998 4688 1072 4751 ὥς
1100 4707 1207 4743 τινι
1239 4693 1347 4745 τῶν
1379 4696 1549 4764 ἁγίων
1585 4702 1951 4770 προσευχομέ·

391 4792 485 4843 νῳ,
507 4775 754 4828 τοσοῦτον
782 4777 1069 4830 ἀνθίστατο
1096 4780 1124 4831 ὁ
1155 4783 1406 4852 πονηρὸς,
1432 4786 1505 4847 ὡς
1532 4788 1646 4856 ἅμα
1675 4789 1752 4858 τῷ
1787 4791 1959 4842 ἐκτεί-

390 4881 476 4917 ναι
505 4867 602 4927 τὰς
631 4869 849 4935 χεῖρας,
881 4868 1085 4920 ἐκεῖνον
1125 4872 1205 4933 εἰς
1255 4872 1440 4926 λέοντα
1489 4880 1961 4948 μετασχηματίζε-

394 4955 533 5020 σθαι,
567 4958 657 5009 καὶ
686 4958 990 5028 ἀνεγείρειν
1020 4964 1100 5022 είς
1124 4963 1284 5034 ὀρθὸν
1318 4967 1445 5029 τοὺς
1475 4969 1840 5039 ἐμπροσθίους
1864 4972 1961 5024 πό-

2065 3096 2330 3153 orationis
2359 3098 2500 3164 loco,
2526 3107 2589 3154 ut
2608 3099 2771 3154 etiam
2802 3108 2859 3155 tu
2887 3115 2918 3154 a
2945 3099 3177 3157 Domino
3211 3102 3550 3173 justiliceris.

2653 3298 2881 3356 CAPUT
2906 3299 3040 3356 CIII.

2130 3385 2433 3455 Contende,
2476 3402 2586 3444 non
2614 3403 2773 3445 orare
2830 3390 3096 3446 adversus
3127 3389 3363 3462 aliquem
3422 3393 3476 3447 in
3534 3403 3627 3449 tua

2062 3475 2328 3542 oratione,
2362 3492 2430 3533 ne
2454 3478 2704 3535 destruas
2723 3494 2845 3550 quae
2871 3479 3131 3549 aediﬁcas,
3153 3483 3451 3538 orationem
3479 3470 3628 3541 tuam

2064 3569 2450 3624 exsecrandam
2484 3572 2782 3627 reddendo.
2888 3620 2893 3625 .

2642 3683 2875 3741 CAPUT
2901 3682 3042 3743 CIV.

2132 3771 2333 3828 Doceat
2379 3782 2431 3828 te
2476 3776 2568 3845 qui
2610 3776 2823 3831 debitor
2872 3790 2991 3834 erat
3030 3780 3216 3835 decem
3254 3783 3401 3838 mille
3458 3782 3624 3839 talem

2063 3871 2264 3926 torum,
2307 3866 2451 3935 quod
2488 3867 2593 3920 nisi
2626 3867 2868 3923 dimittas
2933 3869 3189 3936 debitori,
3247 3888 3345 3928 nec
3383 3874 3497 3943 ipse
3546 3876 3629 3929 di-

2060 3954 2376 4009 missionem
2447 3960 2840 4027 consequeris;
2906 3961 3128 4015 tradidit
3183 3964 3348 4028 enim,
3430 3965 3626 4034 inquit,

2060 4045 2238 4114 ipsum
2291 4050 2586 4104 tortoribus
2620 4050 2688 4105 ⁸⁸.

2658 4161 2883 4217 CAPUT
2910 4162 3025 4217 CV.

2130 4249 2485 4307 Praetermitte
2509 4255 2751 4322 corporis
2784 4257 3162 4323 necessitates,
3202 4258 3329 4312 dum
3383 4260 3622 4313 orationi

1990 4375 2034 4430 ο
2064 4344 2301 4408 assistis,
2353 4360 2420 4400 ne
2457 4345 2724 4403 fodicatus
2754 4363 2784 4401 a
2821 4348 3015 4417 pulice,
3054 4360 3146 4404 aut
3180 4365 3209 4403 a
3239 4350 3502 4419 pediculo,
3544 4349 3632 4405 vel

2061 4435 2235 4490 culice
2269 4450 2363 4489 seu
2399 4451 2607 4501 musca,
2644 4438 2868 4492 maximi
2914 4440 3049 4495 lucri
3086 4448 3190 4494 tua:
3218 4440 3482 4494 orationis
3533 4440 3628 4494 de-

2060 4524 2375 4579 trimentum
2404 4526 2653 4595 patiaris.
3295 4527 3308 4540 '

2636 4614 2863 4670 CAPUT
2895 4615 3028 4686 CVI.

2059 4748 2064 4752 .
2130 4705 2379 4760 Pervenit
2408 4705 2474 4760 ad
2504 4721 2624 4773 nos,
2656 4723 2751 4762 seu
2782 4710 2847 4763 ad
2875 4725 3037 4765 aures
3072 4719 3310 4773 nostras,
3344 4708 3487 4779 quod
3511 4709 3630 4764 eui-

2060 4795 2184 4850 dam
2211 4804 2523 4850 sanctorum
2582 4798 2760 4851 oranti
2784 4801 2916 4852 adeo
2947 4799 3105 4868 502
3141 4799 3409 4869 malignus
3442 4799 3630 4853 obsta-

2064 4885 2177 4949 bat,
2214 4896 2293 4952 ut,
2318 4887 2481 4941 simul
2521 4902 2585 4941 ac
2610 4902 2806 4943 manus
2837 4890 3180 4954 extendebat,
3214 4890 3302 4943 ille
3337 4891 3390 4942 in
3418 4889 3627 4943 leonem

2060 4975 2564 5046 transﬁguraretur,
2609 4989 2662 5031 et
2691 4988 2837 5032 recta
2867 4993 3086 5033 sursum
3143 4981 3356 5048 erigens
3388 4980 3630 5032 anterio-

389 5045 505 5109 δας,
534 5049 625 5101 καὶ
655 5052 780 5114 τοὺς
805 5055 1038 5120 οἰκείους
1075 5058 1271 5128 ὄνυχας
1310 5059 1652 5128 ἑκατέρωθεν
1682 5065 1806 5125 ταῖς
1839 5064 1960 5116 δυσὶ

2068 5081 2152 5121 res
2196 5045 2382 5136 pedes,
2432 5070 2792 5138 propriosque
2855 5085 3063 5137 ungues
3113 5070 3372 5138 utrinque
3415 5070 3628 5123 duabus

389 5137 553 5207 ψίὶαις
584 5141 863 5213 ὲμπείρειν
900 5146 994 5199 τοῦ
1032 5147 1357 5215 ἀγωνιστοῢ,
1389 5149 1484 5203 καὶ
1516 5149 1590 5220 μὴ
1631 5152 1959 5218 ἀφίστασθαι

2068 5157 2225 5211 malis
2256 5137 2546 5212 eertatoris
2578 5137 2821 5227 inﬁgeret
2841 5198 2854 5220 ,
2885 5174 3057 5227 neque
3085 5137 3393 5221 desisteret,
3447 5160 3630 5228 prius-

392 5231 517 5300 πρὶν
571 5233 668 5295 τὰς
724 5239 913 5304 χεῖρας
969 5240 1215 5303 κατάξει.
1278 5241 1381 5291 Τὸν
1444 5240 1500 5292 δὲ
1557 5241 1691 5310 μηδὲ
1745 5242 1961 5296 πώποτε

2068 5264 2229 5316 qttam
2278 5265 2472 5304 manus
2506 5251 2596 5303 ille
2626 5250 2940 5314 diduceret;
2988 5251 3103 5317 ipse
3166 5265 3296 5304 vero
3346 5266 3629 5319 nunquam

390 5309 729 5393 ὑποχαλάσαι
782 5327 987 5390 ταύτας
1046 5328 1206 5400 ἄχρις
1258 5324 1319 5382 οὗ
1359 5330 1463 5400 ξτὰς
1511 5309 1762 5398 συνήθεις
1799 5333 1962 5401 εὐχὰς

2068 5340 2322 5394 relaxavit
2352 5356 2466 5404 eas,
2498 5341 2673 5395 donec
2703 5355 2888 5409 preces
2944 5351 3234 5396 consuetas
3260 5341 3521 5412 explevit.

393 5430 527 5482 321.7;
538 5432 676 5484 ρωσε
689 5455 701 5467 .

473 5594 517 5626 ⁸⁷
546 5593 698 5647 Deut.
735 5609 787 5655 κ,
814 5597 917 5648 ϊο.’
976 5600 1020 5629 ⁸⁸
1057 5599 1167 5652 .Ioel
1223 5613 1281 5665 ll.
1322 5598 1422 5663 10;
1456 5597 1666 5650 Nalium
1743 5611 1781 5660 ι,
1813 5597 1864 5652 5.
1942 5601 1961 5631 ⁸

2075 5601 2205 5655 altli.
2242 5617 2393 5667 xvm,
2418 5602 2503 5656 ει.
