4066 6146
267 287 394 355 1193
1618 277 1716 337 DE
1740 272 1873 336 om

1903 271 2146 333 l‘IONE.
3372 259 3509 326 119‘

264 401 512 476 ποιμένος
543 397 834 472 δεχόμενος
857 395 955 452 καὶ
983 393 1304 466 προσκυνῶν
1337 394 1448 458 τοῖς
1471 391 1684 464 ἐχθροῖς
1711 389 1828 444 δαί·
1861 426 1870 451 ι

1902 437 1904 448 ,
1935 386 2120 456 lupum
2154 384 2270 440 vice
2303 381 2534 454 pastoris
2567 381 2862 452 excipiens,
2890 387 2944 434 et
3001 379 3182 434 hostes
3235 377 3508 437 daemones

268 512 435 568 μοσιν.

1936 477 2151 532 adores.

817 599 1068 655 ΚΕΦΑΛ.
1102 595 1270 666 qu'.

2495 584 2724 642 CAPUT
2769 583 2950 641 CXVI.

335 716 508 787 Ἀρχὴ
544 715 778 785 πλάνης,
809 710 901 766 νοῦ
935 709 1234 776 κενοδοξία,
1271 685 1330 774 έὲ
1363 701 1432 780 ἦς
1453 705 1772 776 κινούμενος
1804 707 1846 758 δ.

2004 695 2340 766 Principium
2361 695 2568 751 erroris
2600 695 2798 751 mentis
2823 703 2907 750 est
2931 709 3069 749 vana
3099 694 3293 764 gloria,
3327 708 3358 774 a
3401 707 3508 760 qua

261 812 399 875 νοῦς,
422 812 481 864 ιν
503 809 744 880 σχήματι
773 805 869 859 καὶ
904 807 1142 876 μορφαῖς
1176 801 1537 874 περιγράφειν
1571 800 1832 868 πειρᾶται

1934 790 2123 844 eadem
2159 805 2315 844 mens
2339 799 2634 855 commota,
2664 788 3114 844 circumscribere
3158 796 3329 843 tentat
3370 787 3509 843 diri-

261 903 318 956 τὸ
346 901 522 956 Θεῖον.

1935 882 2160 937 nitatem
2209 883 2264 938 in
2305 882 2490 952 specie
2517 890 2682 952 atque
2723 881 2933 937 formis.

825 1008 1082 1064 ΚΕΦΑΛ.
1112 1009 1260 1062 PIZ’.

2481 993 2712 1050 CAPUT
2753 992 2957 1050 CXVII.

337 1122 478 1191 Ἐγὼ
503 1122 565 1176 τὸ
589 1122 742 1193 ἐμὸν,
769 1120 928 1176 τοῦτο
960 1120 1070 1192 ἐρῶ
1101 1121 1130 1174 6
1163 1120 1258 1174 καὶ
1287 1122 1568 1190 νεωτέροις
1607 1121 1829 1192 εἴρηκα·

1997 1107 2121 1183 ,Εεο
2144 1124 2326 1164 meum
2358 1109 2460 1164 hoc
2491 1109 2687 1176 dicam,
2717 1109 2862 1180 quod
2893 1119 2948 1165 et
2991 1109 3303 1179 junioribus
3357 1109 3510 1166 dixi:

261 1217 537 1286 Μακάριος
556 1218 586 1268 6
606 1214 748 1277 νοῦς,
777 1214 835 1278 ὃς
872 1214 1012 1267 κατὰ
1047 1214 1139 1266 τὸν
1162 1213 1351 1284 καιρὸν
1379 1213 1480 1283 τῆς
1521 1214 1834 1285 προσευχῆς

1935 1201 2100 1257 Beata
2131 1217 2308 1269 mens,
2359 1217 2481 1273 qna:
2512 1203 2777 1258 orationis
2819 1210 3064 1272 tempore
3085 1202 3379 1274 perfectam
3399 1201 3514 1261 Ior-

261 1307 466 1362 τελείαν
495 1306 777 1378 ἀμορφίαν
803 1305 1091 1376 ἐκτήσατο.

1935 1309 2150 1350 marum
2179 1296 2420 1366 possedit
2448 1296 2793 1352 vacuitatem.

818 1418 1070 1470 KE<I>AA.
1103 1415 1261 1470 PIH'.

2481 1406 2710 1466 CAPUT
2732 1407 2962 1464 CXVIII.

325 1530 612 1602 Μακάριός
660 1531 810 1584 ἔστιν
854 1531 882 1584 6
929 1529 1074 1596 νοῦς,
1117 1530 1177 1594 ὃς
1221 1529 1647 1600 ἀπερισπάστως
1676 1531 1834 1601 εὐχό-

2006 1520 2172 1577 Beata
2217 1537 2391 1589 mens,
2449 1539 2570 1593 qua:
2617 1525 2736 1580 sine
2789 1525 2896 1579 ulla
2947 1538 3112 1580 orans
3151 1523 3512 1581 distractione

264 1641 440 1694 μενος,
487 1623 707 1676 πλείονα
765 1621 928 1675 πόθον
975 1623 1062 1676 ἀεὶ
1108 1622 1246 1693 πρὸς
1290 1623 1423 1676 Θεὸν
1474 1623 1833 1695 προσλαμϐά-

1651 1623 1833 1695 αμσά.
1937 1626 2152 1682 semper
2185 1612 2308 1682 plus
2334 1612 2593 1670 desiderii
2647 1615 2879 1686 percipit
2902 1629 3032 1686 erga
3065 1613 3257 1671 Deum.

263 1731 363 1770 νει.
1861 1745 1905 1770 ιι
2915 1747 2928 1754 ’

827 1827 1078 1883 ΚΕΦᾹΛ.
1117 1827 1267 1887 PIO'.
1861 1745 1908 1804 Β

1861 1745 1908 1804 Β
2493 1813 2726 1872 CAPUT
2756 1814 2944 1872 CXIX.

325 1937 609 2008 Μακάριος
661 1938 812 1992 ἔστιν
858 1939 888 1992 6
936 1939 1134 2004 νοῦς,ὁ
1172 1941 1314 1996 κατὰ
1357 1942 1448 1998 τὸν
1494 1943 1686 2016 καιρὸν
1731 1944 1834 2016 τῆς

2001 1915 2167 1985 Beata
2198 1944 2374 1997 mens,
2399 1945 2524 2001 qua:
2559 1931 2706 1986 circa
2753 1940 2966 2000 tempus
3010 1928 3276 1985 orationis
3325 1927 3521 1984 imma-

261 2029 564 2100 προσευχῆς
593 2030 754 2093 ᾶῦλος
783 2031 878 2085 καὶ
900 2035 1166 2104 ἀκτήμων
1205 2033 1438 2102 γίνεται.

1989 2021 2136 2077 rialis
2158 2029 2215 2077 et
2239 2021 2394 2093 inops
2421 2021 2622 2077 evadit.
3593 2023 3595 2026 ⁴

827 2145 1080 2201 ΚΕΦΑΔ.
1121 2147 1256 2202 PK’.
1412 2117 1423 2130 ’
2418 2134 2433 2204 l

2418 2134 2577 2206 505
2609 2133 2840 2190 CAPUT
2871 2134 3034 2191 cxx.

325 2258 610 2330 Μακάριος
653 2259 804 2313 ἐστιν
848 2258 878 2310 6
923 2257 1068 2324 νοῦς,
1108 2262 1137 2314 6
1181 2258 1322 2314 κατὰ
1361 2260 1454 2314 τὸν
1498 2260 1691 2332 καιρὸν
1731 2261 1834 2335 τῆς

2003 2253 2166 2310 Beata
2207 2267 2394 2319 mens,
2448 2268 2574 2323 qua
2624 2253 2894 2310 orationis
2936 2263 3181 2324 tempore
3225 2250 3519 2323 perfectam

264 2347 566 2418 προσευχῆς
586 2347 802 2400 τελείαν
835 2346 1199 2420 ἀναισθησίαν
1238 2349 1606 2422 κτησάμνος.

1098 2347 1199 2402 πίαν
1238 2349 1606 2422 κτησάμνος.
1932 2343 2176 2414 possidet
2206 2342 2704 2399 insensibiIitatem.

804 2461 1058 2520 KEQAA.
1095 2464 1276 2520 PKA’.
2499 2455 2730 2513 CAPUT
2761 2455 2950 2514 CXXI.

329 2575 618 2647 Μακάριός
650 2575 766 2630 ἔστι
795 2577 1049 2650 μοναχδς,
1077 2579 1108 2634 6
1133 2579 1352 2634 πάντων
1381 2577 1675 2652 περίψημα
1707 2577 1837 2634 δαυ-

2003 2571 2203 2630 Beatus
2217 2573 2537 2640 monachus,
2567 2571 2659 2642 qui
2682 2571 2923 2642 seipsum
2952 2572 3196 2627 omnium
3218 2585 3527 2644 pertpsema

266 2667 354 2722 τὸν
379 2667 751 2739 λογιζόμενος.

559 2669 751 2739 ἱμενος.
1933 2673 2165 2736 reputat.

810 2786 1062 2841 KE‘IAA.
1103 2787 1282 2844 PKB'.
2487 2775 2718 2836 CAPUT
2756 2775 2964 2834 CXXII.

333 2895 621 2969 Μακάριός
650 2899 767 2952 ἔστι
798 2900 1060 2970 ’μοναχδς,
1094 2902 1123 2954 6
1154 2901 1375 2955 πάντων
1407 2900 1505 2974 τὴν
1535 2902 1836 2974 σωτηρίαν,

2006 2891 2204 2947 Beatus
2253 2890 2578 2957 monachus,
2637 2877 2729 2961 qui
2788 2891 3019 2960 salutem
3062 2897 3117 2943 et
3169 2903 3520 2959 progressum

268 2986 362 3038 καὶ
399 2989 706 3059 προκοπὴν,
735 2989 813 3054 ὡς
841 2991 1048 3046 οἰκείαν
1085 2992 1229 3046 κατὰ
1258 2992 1442 3056 πάσης
1471 2995 1647 3065 χαρᾶς
1669 2994 1834 3065 ὁρῶν.

1933 2986 2178 3042 omnium
2210 2999 2334 3040 cum
2373 2984 2524 3039 omni
2572 2983 2791 3055 gaudio,
2823 2999 2918 3039 seu
2953 2983 3309 3038 libentissime
3358 2981 3526 3038 videt.

823 3103 1072 3158 ΚΕΦΑΛ.
1111 3103 1288 3161 Ρκιν.
1869 3091 1913 3148 ο

1869 3091 1913 3148 C
2484 3096 2713 3153 CAPUT
2746 3096 2979 3152 CXXIII.

334 3211 622 3282 Μαγάριός
655 3215 772 3267 ἐστι
812 3217 1066 3286 μοναχὸς,
1097 3219 1126 3271 6
1162 3220 1370 3284 πάντας
1409 3220 1735 3291 ἀνθρώπους
1767 3221 1843 3288 ὼς
1889 3296 1900 3302 1

2015 3213 2215 3268 Beatus
2244 3213 2567 3274 monachus,
2595 3213 2689 3283 qui
2722 3222 2846 3284 post
2867 3213 3035 3269 Deum
3060 3229 3254 3271 omnes
3281 3213 3530 3270 homines

267 3304 399 3358 θεὸν
431 3305 570 3376 μετὰ
595 3306 727 3359 Θεὸν
762 3306 1135 3376 λογιζόμενος.

1071 3326 1135 3373 ›ς.
1944 3314 2202 3376 tanquam
2243 3306 2409 3359 Deum
2443 3313 2677 3375 reputat.

819 3420 1072 3474 ΚΕΦΑΛ.
1117 3424 1292 3477 ΡΚΔ’.

2496 3419 2725 3476 CAPUT
2753 3421 2983 3476 CXXIV.

342 3532 589 3599 Μοναχός
639 3533 807 3599 ἐστιν,
840 3537 868 3588 ὁ
912 3536 1131 3591 πάντων
1178 3541 1505 3611 χωρισθεὶς,
1559 3544 1653 3596 καὶ
1712 3546 1846 3596 πᾶσι

2019 3535 2314 3588 Monachus
2341 3543 2442 3600 est,
2475 3537 2564 3604 qui
2595 3535 2662 3589 ab
2700 3535 2957 3591 omnibus
2979 3547 3261 3607 separatus
3285 3546 3389 3605 est,
3414 3553 3540 3596 oln-

275 3623 742 3693 συνηρμοσμένος.

1947 3627 2219 3696 nibusqne
2239 3637 2362 3696 apte
2391 3627 2853 3682 accommodatus.

817 3742 1071 3798 ΚΕΦΑΛ.
1113 3746 1288 3800 Ρκεσ.

2507 3737 2738 3792 CAPUT
2766 3737 2975 3794 CXXV.

343 3848 594 3919 Μοναχός
623 3851 794 3918 ἐστιν,
825 3853 854 3905 6
885 3854 1076 3909 ἑαυτὸν
1109 3857 1250 3927 μετὰ
1286 3858 1505 3912 πάντων
1543 3859 1847 3930 ἡγούμενος

2017 3852 2313 3908 Monachus
2353 3861 2454 3919 est,
2507 3854 2600 3921 qui
2657 3853 2898 3923 seipsum
2945 3869 3068 3909 cum
3117 3858 3372 3927 omnibus
3414 3873 3537 3914 esse

269 3937 362 3991 διὰ
418 3938 480 3991 τὸ
542 3939 603 3992 ὲν
664 3941 882 4010 ἑκάστῳ
931 3944 1127 3998 ἑαυτὸν
1184 3945 1613 4018 ἀπαραλείπτως
1673 3948 1850 4002 δοκεῖν

1946 3945 2246 4004 existimat.
2287 3959 2352 3998 eo
2401 3944 2544 4012 quod
2595 3943 2648 3997 in
2704 3949 3035 4015 unoanique
3091 3947 3193 4002 sibi
3234 3963 3294 4003 se
3334 3947 3536 4018 jngiter

266 4026 426 4098 όρᾷν.

1950 4036 2134 4092 videre
2165 4036 2426 4090 rideatur.

819 4147 1074 4201 ΚΕΦΔΔ.
1114 4149 1306 4217 qu'.

2493 4147 2721 4204 CAPUT
2750 4148 2982 4204 CXXVI.

345 4247 520 4318 Οὗτος
547 4257 862 4330 προσευχὴν
897 4261 1171 4327 ἐπιτελεῖ,
1201 4263 1230 4314 6
1256 4262 1344 4316 ἀεὶ
1381 4262 1482 4332 τὴν
1512 4263 1851 4336 πρωτὸνοιαν

2022 4263 2072 4318 Is
2117 4263 2420 4317 orationem
2477 4264 2716 4334 perficit,
2765 4265 2858 4336 qui
2921 4282 3135 4339 semper
3185 4268 3383 4327 mentis
3423 4286 3538 4328 suae

270 4345 476 4398 ἑαυτοῦ
511 4349 692 4401 πᾶσαν
715 4350 1086 4421 καρποφορῶν
1115 4350 1193 4421 τῷ
1225 4351 1364 4422 Θεῷ.

1952 4356 2222 4426 primitias
2256 4357 2432 4412 instar
2453 4355 2661 4413 fructus
2695 4357 2852 4413 oﬂ‘ert
2876 4359 3003 4415 Deo.

826 4465 1080 4517 xm“.
1123 4465 1294 4520 sz'.
1882 4426 1932 4485 ⁰
2395 4467 2556 4540 sos
2587 4469 2819 4528 CAPUT
2849 4471 3108 4533 cxxvu.

347 4572 465 4628 Πᾶν
492 4574 688 4644 ψεῦδος
709 4616 725 4643 ,
757 4579 853 4632 καὶ
892 4577 1073 4632 πάντα
1099 4578 1262 4650 ὅρκον
1293 4581 1618 4651 περιίστασο
1648 4582 1723 4646 ὡς
1757 4599 1856 4652 μο-

2013 4577 2203 4636 Ὀιιηιε
2258 4582 2622 4649 mendacium,
2658 4595 2712 4640 et
2759 4602 2920 4644 onme
2961 4589 3348 4660 jusjurandum
3396 4593 3538 4648 evita

270 4670 462 4742 ναχδς,
492 4676 587 4727 καὶ
609 4676 1012 4764 προσεύξασθαι
1046 4678 1250 4742 ποθῶν,
1285 4679 1333 4732 εί
1358 4679 1416 4732 δὲ
1450 4680 1617 4750 μήγε,
1642 4682 1722 4743 είς
1748 4680 1855 4751 μά-

1958 4674 2116 4727 sicuti
2166 4675 2487 4740 monachus,
2523 4678 2728 4747 quique
2775 4695 2935 4735 orare
2972 4693 3256 4752 peroptas;
3297 4683 3537 4754 alioquin

269 4778 377 4834 την
409 4767 768 4836 σχηματίζεις
794 4769 852 4820 τὸ
879 4769 1169 4822 ἀνοίκειον.

1091 4787 1169 4822 ον,
1959 4763 2158 4821 frustra
2193 4766 2428 4820 alienum
2469 4766 2695 4838 eﬂingis.

827 4901 1081 4956 ΚΕΦΑΛ.
1122 4903 1304 4956 ΡΚΗ’.

2482 4899 2711 4958 CAPUT
2739 4901 3009 4958 CXXVIII.

355 5010 419 5064 Εἰ
449 5015 720 5083 πνεύματι
747 5015 1153 5085 προσεύχεσθαι
1186 5016 1396 5086 βούλει,
1421 5016 1587 5086 μηδὲν
1619 5017 1855 5087 ἁνιμήσῃ

2033 5009 2089 5064 Si
2117 5011 2310 5080 spiritu
2338 5014 2469 5068 velis
2492 5029 2670 5081 orare,
2696 5015 2828 5069 nihil
2856 5017 3122 5074 hauriasa
3149 5036 3332 5086 carne,
3355 5023 3539 5092 sicque

269 5102 391 5158 ἀπὸ
438 5104 633 5173 σαρκὸς
685 5106 779 5157 καί
811 5106 908 5174 οὐχ
943 5105 1086 5169 ἕξεις
1127 5106 1288 5174 νέφος
1320 5105 1639 5160 ἀντικοτοῦν
1677 5121 1761 5157 σοι
1801 5107 1859 5157 ὲν

1963 5118 2068 5155 non
2099 5103 2321 5159 habebis
2353 5106 2603 5160 nebulam
2642 5107 2735 5160 tibi
2772 5117 3014 5178 tempore
3051 5112 3313 5166 orationis
3344 5114 3541 5170 adver-

267 5196 358 5269 ττῷ
387 5196 563 5268 καιρῷ
589 5201 688 5269 τῆς
724 5199 1058 5269 προσευχῆς.

589 5201 688 5269 τῆς
724 5199 1058 5269 προσευχῆς.
1961 5203 2190 5250 samem.

827 5335 1082 5388 ΚΕΦΔΔ.
1124 5334 1300 5388 PKG'.

2497 5331 2728 5386 CAPUT
2762 5333 2996 5389 CXXIX.

367 5443 768 5515 Ἐμπίστευσον
808 5445 886 5516 τῷ
931 5445 1050 5518 Θεῷ
1084 5447 1184 5516 τὴν
1229 5446 1418 5516 χρείαν
1457 5444 1549 5498 τοῦ
1583 5442 1859 5513 σώματος,

2031 5444 2319 5501 Committe
2350 5445 2520 5500 ﬁdens
2553 5446 2662 5501 Deo
2702 5450 2949 5517 corporis
2995 5461 3307 5521 egestatem,
3353 5454 3543 5524 sicque

275 5537 384 5592 καὶ
431 5535 589 5606 δῆλος
640 5535 739 5605 ἔσῃ
789 5539 884 5590 καὶ
928 5537 1027 5608 τὴν
1073 5537 1167 5590 τοῦ
1231 5538 1542 5608 πνεύματος
1591 5533 1862 5589 πιστεύων

1964 5535 2284 5592 manifestus
2311 5537 2440 5604 eris,
2489 5538 2632 5607 quod
2666 5548 2719 5594 et
2748 5539 2892 5594 illam
2923 5541 3147 5611 spiritus
3179 5544 3280 5614 ipsi
3311 5560 3540 5603 concre-

273 5625 452 5696 αὐτῷ.
1963 5627 2069 5683 dis.

572 5743 849 5804 Pnnon.
891 5741 1008 5803 Gn.
1039 5740 1300 5802 LXXIX.
3110 5746 3183 5812 38
