4066 6146
546 296 683 361 1199

1058 381 1284 439 CAPUT
1314 381 1590 437 CXLVIII.

608 497 685 550 Ne
733 497 808 550 sis
840 494 1154 565 garrulitate
1205 494 1466 564 gaudens,
1520 508 1653 549 neve
1704 493 1891 563 gloria:
1937 492 2115 548 studio

539 588 815 652 exsultes;
846 586 1085 656 alioquin
1118 601 1226 641 non
1250 595 1460 640 tantum
1498 584 1551 638 in
1584 585 1749 639 dorso
1794 595 1908 647 tuo,
1940 586 2032 638 sed
2060 592 2116 637 et

540 680 591 731 in
620 677 769 730 vultu
800 688 891 732 tuo
916 675 1256 729 Iabricabunt
1284 685 1596 743 peccatores
1618 675 1685 740 ",
1735 674 1953 741 erisque
1985 675 2117 744 ipsis

540 779 779 837 tempore
810 767 1076 821 orationis
1107 766 1420 831 ludibrium,
1458 775 1743 831 attractus,
1778 776 1831 820 et
1859 766 2117 835 deceptus

538 859 605 912 ab
630 858 760 928 ipsis
794 858 847 912 in
877 858 1303 928 cogitationibus
1337 858 1549 913 alienis.

1075 1059 1302 1116 CAPUT
1336 1059 1567 1115 CXLIX.

494 1154 511 1251 ᾖ
610 1175 882 1237 Studium,
914 1189 1011 1229 seu
1035 1174 1261 1228 attentio
1282 1174 1583 1228 orationem
1618 1188 1888 1243 quaerens,
1910 1173 2114 1228 oratio-

538 1283 665 1324 nem
718 1266 989 1332 inveniet;
1018 1265 1193 1320 oratio
1225 1266 1460 1335 quippe,
1492 1265 1575 1321 vel
1602 1265 1736 1334 quid
1764 1264 1909 1319 aliud
1939 1265 2117 1320 simile

538 1357 889 1428 subsequitur
916 1356 1295 1420 attentionem,
1326 1356 1413 1410 cui
1442 1354 1617 1410 danda
1648 1369 1835 1425 Opera.

1047 1464 1205 1535 511
1237 1464 1464 1521 CAPUT
1494 1465 1601 1521 CL.

607 1581 1076 1650 Quemadmodum
1138 1582 1391 1635 sensibus
1463 1581 1718 1635 omnibus
1788 1581 1976 1635 melior
2033 1589 2117 1635 est

534 1679 715 1743 visus,
779 1676 851 1730 ita
930 1683 985 1729 et
1041 1674 1298 1729 omnibus
1361 1674 1654 1728 virtutibus
1718 1674 1954 1729 divinior
2030 1683 2116 1730 est

537 1782 731 1825 oratio.

1132 1882 1359 1938 CAPUT
1392 1883 1523 1938 CLI.

592 1996 885 2053 'Orationis
920 1996 1038 2051 laus
1068 2002 1155 2051 est
1181 2010 1288 2048 non
1335 1994 1653 2065 simpliciter
1689 1996 1987 2065 quantitas,
2019 1998 2117 2054 sed

512 2089 793 2160 qualitas,
848 2096 904 2141 et
956 2091 1059 2142 hoc
1107 2085 1484 2141 demonstrant
1514 2086 1607 2155 qui
1654 2087 2019 2143 ascenderunt
2059 2089 2115 2145 in

540 2180 797 2250 templum
830 2180 903 2237 ";
957 2185 1013 2232 et
1065 2176 1235 2231 illud:
1268 2194 1287 2228 ι
1326 2175 1455 2242 Vos,
1512 2176 1641 2231 dum
1690 2176 1888 2243 oratis,
1950 2177 2118 2235 nolite

524 2272 769 2327 multum
792 2270 948 2339 loqui
971 2268 1039 2321 “.
1077 2287 1096 2321 ι

1109 2380 1339 2436 CAPUT
1373 2380 1525 2436 CLII.

606 2496 860 2566 Quandiu
898 2494 1305 2567 proportionem
1357 2495 1603 2566 corporis
1635 2496 1890 2566 attendis,
1934 2514 2116 2555 mens-

536 2608 642 2662 que
690 2599 780 2644 tua
827 2602 948 2659 quae
975 2596 1104 2642 sunt
1148 2586 1501 2642 tabernaculo
1565 2588 1909 2645 delectabilia
1946 2589 2113 2655 fovet,

533 2685 713 2738 locum
755 2679 1016 2735 orationis
1060 2679 1301 2733 nondum
1351 2678 1558 2745 vidisti,
1588 2679 1685 2737 sed
1729 2682 1893 2737 etiam
1926 2683 2117 2752 procul

535 2793 568 2830 a
594 2784 644 2831 te
669 2775 835 2830 distat
861 2771 1007 2829 illius
1028 2770 1135 2826 vita
1156 2770 1335 2828 beata.

1104 2879 1333 2937 CAPUT
1363 2878 1540 2938 CLIII.

607 2998 834 3067 Quando
867 2996 1397 3055 orationi-assistens
1421 3010 1588 3068 supra
1619 3010 1782 3051 omne
1808 2996 1952 3052 aliud
1979 3012 2113 3068 gau-

536 3092 687 3148 dium
716 3092 1048 3158 ascenderis,
1074 3096 1203 3146 tunc
1234 3091 1536 3145 orationem
1568 3102 1695 3145 vere
1729 3088 2005 3145 invenisti.

2046 295 2105 354 S.
2131 292 2293 352 NIIJ

2146 393 2193 445 Δ

3655 292 3784 358 1200

2765 383 3013 435 ΚΕΦΑΛ.
3031 382 3243 475 'PMI‘I'.

2290 492 2381 562 Μὴ
2416 491 2508 544 ἔσο
2535 491 2834 563 λογοχαρὴς
2856 534 2871 557 ,
2911 491 3048 563 μηδὲ
3094 490 3391 562 δοξοχαρὴς
3415 531 3431 557 ,
3462 491 3514 544 εἰ
3542 491 3600 544 δὲ
3626 494 3784 562 μήτε,

2218 584 2319 636 οὐκ
2368 584 2449 635 ἔτι
2495 585 2552 635 ὲν
2590 584 2669 653 τῷ
2708 584 2862 654 νώτῳ
2896 602 3009 640 σου.
3040 584 3153 635 ἀλλ’
3184 586 3243 635 ἐν
3270 581 3347 653 τῷ
3379 583 3659 654 προσώπῳ
3695 603 3784 637 σου

2216 675 2593 729 τεκταίνουσιν
2632 677 2682 726 οἱ
2726 675 3042 745 ἁμαρτωλοὶ
3065 717 3079 741 ,
3112 675 3207 727 καὶ
3245 674 3343 744 ἔσῃ
3374 674 3658 745 ἐπίχαρμα
3695 676 3787 729 αὺ-

2215 769 2332 830 τοῖς
2364 766 2505 819 κατά
2539 766 2631 819 τὸν
2664 768 2855 837 καιρὸν
2903 770 2998 836 τῆς
3042 766 3374 837 προσευχῆς.
3416 766 3785 834 ἐξελκόμενος.

2218 858 2314 911 καὶ
2365 856 2751 928 δελεαζόμενος
2814 859 2908 910 ὑπ’
2953 858 3132 911 αὐτῶν
3189 860 3248 909 ὲν
3296 858 3577 926 λογισμοῖς
3633 858 3785 910 ἀλλος

2218 949 2421 1012 κότοις.

2771 1061 3021 1113 ΚΕΦΑΛ.
3063 1061 3241 1117 PMB’.

2289 1173 2537 1245 Προσοχὴ
2557 1172 2864 1243 προσευχὴν
2899 1170 3138 1241 ζητοῦσα
3156 1215 3171 1237 ,
3198 1172 3511 1243 προσευχὴν
3542 1173 3784 1245 εὖρήσει’

2218 1268 2496 1337 προσευχὴ
2524 1267 2632 1335 γάρ
2665 1270 2903 1338 προσοχῇ
2949 1269 2998 1319 εί
3040 1267 3135 1320 καὶ
3173 1265 3301 1320 ἄλλο
3342 1265 3569 1332 ἕπεται,
3599 1267 3687 1335 ἐφ’
3724 1266 3787 1336 ἢν

2217 1357 2603 1413 σπουδαστέον.

2794 1472 3041 1525 ΚΕΦΔΛ.
3082 1473 3208 1527 PN’.

2286 1584 2501 1656 Ὠσπερ
2529 1584 2719 1639 πασῶν
2745 1584 2852 1637 τῶν
2880 1585 3187 1654 αἰσθήσεων
3214 1586 3481 1656 κρείττων
3513 1587 3547 1656 ἡ
3572 1587 3785 1658 ὅρασις,

2215 1676 2357 1730 οὕτω
2380 1680 2473 1730 καὶ
2499 1678 2686 1731 πασῶν
2716 1677 2826 1731 τῶν
2858 1677 3090 1746 ἀρετῶν,
3120 1677 3396 1749 προσευχὴ
3427 1678 3707 1749 θειοτέρα.

2767 1871 3017 1924 ΚΕΦΔΛ.
3059 1871 3235 1927 PNA'.

2289 1981 2604 2054 Προσευχῆς
2633 1984 2876 2047 ἔπαινος,
2906 1984 3004 2054 οὐχ
3033 1983 3223 2049 ἁπλῶς
3251 1987 3285 2056 ἠ
3318 1987 3573 2060 ποσότης,
3601 1990 3727 2043 ἀλλ’
3757 1994 3791 2063 ἠ

2218 2073 2439 2143 ποιότης
2458 2114 2474 2139 ,
2502 2074 2595 2127 καὶ
2628 2073 2789 2129 τοῦτο
2810 2075 3067 2146 δηλοῦσιν
3101 2077 3150 2129 οὶ
3178 2078 3481 2143 ἀναϐάντες
3508 2081 3589 2144 είς
3611 2082 3683 2134 τὸ
3723 2084 3795 2136 ἱε-

2218 2162 2332 2232 ρὸν,
2377 2165 2563 2219 καὶτὸ
2588 2206 2603 2230 ,
2645 2185 2663 2217 ι
2707 2166 2897 2238 Ὑμεῖς
2935 2169 3402 2240 προσευχόμενοι,
3441 2172 3517 2244 μὴ
3542 2172 3794 2243 ﬁam)..-

2216 2255 2423 2327 γήσητε
2448 2272 2460 2285 ·
2502 2274 2521 2309 ι
2559 2257 2655 2312 καὶ
2681 2257 2751 2312 τὰ
2774 2257 2920 2328 ἑξῆς.

2769 2376 3019 2429 ΚΕΦΑΛ.
3062 2373 3235 2429 PNB’.

2300 2488 2416 2556 Ἐφ’
2448 2488 2574 2542 ὅσον
2624 2491 2693 2559 τῇ
2736 2488 2999 2560 ἀναλογίᾳ
3046 2489 3335 2560 προσέχεις
3364 2488 3459 2541 τοῦ
3496 2487 3795 2559 σώματος,

2217 2581 2312 2636 καὶ
2355 2582 2385 2635 ὁ
2434 2582 2558 2646 νοῦς
2606 2598 2702 2635 σου
2747 2583 2816 2635 τὰ
2855 2582 2953 2651 τῆς
3004 2582 3216 2651 σκηνῆς
3256 2581 3511 2653 περιέπει
3558 2582 3794 2653 τερπνὰ,

2215 2670 2427 2725 οὐδέπω
2472 2670 2573 2739 τῆς
2619 2672 2930 2741 προσευχῆς
2979 2670 3231 2742 ἑώρακας
3265 2672 3461 2725 τόπον
3507 2671 3650 2725 ἀλλὰ
3682 2689 3796 2742 μα-

2216 2760 2356 2834 κρὰν
2378 2760 2487 2816 άπὸ
2514 2760 2609 2815 σοῦ
2638 2764 2671 2832 ἡ
2699 2762 2946 2834 μακαρία
2975 2762 3179 2831 ταύτης
3208 2762 3329 2826 ὁδὸς
3362 2763 3649 2837 τυγχάνει.

2769 2875 3019 2928 ΚΕΦΑΛ.
3061 2875 3237 2931 PNI".

2290 2988 2460 3042 Ὅταν
2506 2988 2914 3061 παριστάμενος
2959 2989 3039 3054 εἰς
3080 2989 3405 3060 προσευχὴν
3435 2986 3579 3060 ὑπὲρ
3609 2991 3797 3045 πᾶσαν

2139 3098 2184 3158 c
2217 3080 2385 3151 ἄλλην
2430 3082 2607 3151 χαρὰν
2651 3081 2786 3154 γένῃ
2810 3121 2826 3147 ,
2881 3082 3001 3136 τότε
3048 3080 3266 3152 ἀληθῶς
3327 3081 3572 3155 εὕρηκας
3622 3099 3798 3155 προσ-

2214 3173 2403 3244 ευχήν.

607 3357 655 3389 ⁹⁶
682 3356 825 3412 Psal.
851 3370 1074 3421 cxxvnt,
1102 3356 1155 3411 3.
1231 3355 1276 3387 "
1298 3353 1438 3409 Luc.
1468 3367 1622 3417 xvm,
1644 3351 1715 3406 10
1743 3364 1894 3421 seqq.
1982 3353 2028 3385 ⁵⁸
2062 3353 2248 3409 Matth.
2280 3367 2360 3420 vr,
2401 3353 2454 3407 7.

545 3455 3785 3495 Μ

1653 3636 2002 3771 ΤΟΥ
2101 3631 2673 3767 ΑΥΤΟΥ

1927 3886 2280 3943 ΚΕΦΔΛΔῙΑ
2320 3889 2426 3945 KZ"

1124 4082 1385 4172 ΠΕΡΙ
1436 4076 1985 4171 ΔΙΑΦΟΡΩΝ
2027 4076 2179 4161 ne

2209 4075 2572 4165 ΝΗΡΩΝ
2624 4076 3192 4167 ΛΟΓΙΣΜΩΝ

1726 4486 2567 4616 EJUSDEM

1907 4727 2155 4784 CAPITA
2201 4727 2393 4783 XXVII

1371 4910 1467 4973 DE
1504 4912 1845 4974 DIVERSIS
1903 4914 2261 4975 MALIGNIS
2303 4912 2948 4975 COGITATIONIBUS.

1078 5096 1238 5167 512
1265 5095 1491 5152 CAPUT
1520 5096 1557 5150 ι.

605 5209 954 5268 Daemonibus
983 5213 1174 5268 activae
1197 5214 1319 5267 vitae
1336 5211 1599 5281 oppositis
1624 5210 1781 5279 primi
1810 5209 1875 5261 ad
1903 5210 2101 5264 bellum

2811 5099 3059 5155 ΚΕΦΔΛ.
3098 5100 3177 5153 A'.

2283 5209 2404 5263 Τῶν
2435 5208 2832 5279 ἀντικειμένων
2850 5207 3122 5278 δαιμόνων
3151 5209 3215 5277 τῇ
3244 5214 3553 5281 πρακτικῇ,
3586 5210 3801 5281 πρῶτοι

533 5301 839 5370 insurgunt,
870 5304 962 5373 qui
992 5304 1130 5373 gula:
1156 5302 1544 5372 voluptatibus,
1579 5303 1691 5356 sive
1721 5301 2107 5367 cupiditatibus

2210 5301 2354 5354 κατὰ
2397 5300 2490 5354 τὸν
2526 5300 2761 5370 πόλεμον
2794 5298 3139 5352 συνίστανται
3186 5300 3236 5352 οἱ
3274 5300 3377 5364 τὰς
3411 5304 3511 5372 τῆς
3553 5318 3800 5370 γαστρι-

532 5403 791 5460 praesunt,
828 5396 1030 5464 quique
1076 5395 1234 5450 nobis
1259 5395 1537 5448 avaritiam
1587 5404 1901 5464 suggerunt,
1932 5404 1986 5446 et
2014 5395 2105 5462 qui

2213 5393 2456 5463 μαργίας
2484 5392 2698 5463 ἡδονὰς,
2720 5391 2883 5464 ἤτουν
2906 5390 3116 5460 ὀρέξεις
3148 5394 3605 5463 πεπιστευμένοι,
3624 5394 3722 5444 καὶ
3746 5391 3800 5443 οι

532 5498 631 5536 nos
691 5484 757 5536 ad
809 5484 1097 5538 humanam
1149 5485 1373 5554 gloriam
1439 5494 1756 5553 provocant.
1807 5486 1876 5536 At
1922 5486 2101 5539 earteri

2209 5482 2307 5553 τὴν
2335 5483 2698 5555 φιλαργυρίαν
2718 5484 2850 5554 ἡμῖν
2872 5481 3282 5548 ὑποϐάλλοντες,
3313 5484 3413 5536 καὶ
3442 5485 3494 5537 ol
3528 5485 3667 5554 πρὸς
3690 5485 3797 5553 τὴν

532 5586 721 5625 omnes
747 5576 1145 5629 retrocedentes
1171 5585 1294 5645 post
1347 5577 1502 5639 istos,
1554 5591 1689 5644 quos
1728 5576 1803 5629 illi
1847 5577 2102 5631 vulnera-

2207 5575 2317 5629 τῶν
2348 5573 2651 5647 ἀνθρώπων
2675 5573 2834 5638 δόξαν
2859 5575 3008 5645 ἡμᾶς
3031 5573 3451 5646 ἐκκαλούμενοι.
3476 5577 3540 5628 Ol
3567 5576 3612 5628 δ’
3632 5575 3798 5628 ἄλλοι

536 5667 683 5723 runt,
708 5660 1000 5729 excipiunt.
1028 5661 1134 5717 Nec
1165 5664 1305 5718 enim
1342 5664 1455 5720 ﬁeri
1502 5672 1698 5733 potest,
1736 5674 1790 5720 ut
1818 5666 1863 5723 is
1896 5665 2099 5722 incidat

2209 5668 2411 5732 πάντες
2442 5665 2673 5722 κατόπιν
2690 5665 2895 5721 τούτων
2921 5664 3249 5737 βαδίζοντες,
3278 5666 3409 5730 τοὺς
3440 5666 3547 5719 ὑπὸ
3574 5665 3795 5718 τούτων
