4066 6146
1749 145 1798 154 ..4--

353 240 484 304 ιεθι

1370 249 1467 308 DE
1506 249 1884 312 MALIG'NIS
1914 251 2578 323 COGITATIONIBUS.

3457 267 3598 330 1202

347 358 820 430 τιτρωσκομένους
849 361 1205 434 διαδέχονται.
1236 365 1352 419 Οὐκ
1379 366 1495 420 ἔστι
1518 368 1628 438 γὰρ
1653 367 1909 437 ἐμπεσεῖν

2019 368 2074 424 ἱη
2097 385 2291 429 manus
2319 376 2544 445 spiritus
2573 377 2992 448 fornicationis,
3012 378 3104 452 qui
3135 394 3244 436 non
3275 378 3534 435 ceciderit
3567 400 3595 434 a

346 452 431 515 είς
466 453 658 522 χεῖρας
686 451 782 506 τοῦ
805 453 1117 524 πνεύματος
1141 456 1240 525 τῆς
1266 458 1544 530 πορνείας,
1586 461 1662 537 μὴ
1687 462 1795 516 ὑπὸ
1818 464 1922 533 τῆς

346 543 797 614 γαστριμαργίας
826 545 1240 600 καταπεσόνταο
1272 549 1366 602 καὶ
1394 550 1494 603 οὐκ
1523 549 1640 605 ἔστι
1684 553 1920 624 ταράξαι

347 634 554 705 θυμὸν,
589 636 666 706 μὴ
695 636 838 707 ὑπὲρ
890 635 1196 706 βρωμάτων
1241 639 1274 710 ἢ
1320 641 1622 710 χρημάτων
1645 683 1661 710 ,
1693 643 1728 714 ἢ
1757 644 1920 716 δόξης

346 727 563 794 ἀλόγων
587 726 895 798 ἐπιθυμιῶν
923 729 1233 800 μαχόμενον
1250 745 1266 760 ⁸
1312 733 1408 786 καὶ
1431 733 1532 788 ούκ
1559 733 1674 788 ἔστι
1703 735 1795 789 τὸν
1821 737 1919 807 τῆς

309 871 323 885 ,
345 821 527 892 λύπης
572 821 803 892 δαίμονα
847 821 1153 892 διαφυγεῖν,
1200 823 1406 878 τούτων
1454 827 1676 882 πάντων
1722 846 1920 902 στερη-

345 911 508 965 θέντα
533 951 550 975 ,
585 911 619 982 ἢ
651 911 731 982 μὴ
774 911 1072 984 δυνηθέντα
1114 917 1326 985 τυχεῖν
1379 917 1502 970 οὐδὲ
1548 919 1919 989 ἀποφεύξεται

341 1002 442 1072 τὴν
475 1002 860 1073 ὑπερηφανίαν
890 1021 1012 1071 τις,
1053 1006 1116 1060 τὸ
1159 1007 1376 1078 πρῶτον
1401 1009 1650 1082 γέννημα
1677 1012 1770 1066 τοῦ
1799 1013 1916 1069 δια-

343 1092 501 1146 ϐόλου
524 1131 541 1158 ,
579 1093 657 1164 μὴ
688 1093 791 1166 τὴν
818 1095 930 1149 τῶν
959 1096 1147 1151 κακῶν
1198 1099 1415 1154 πάντων
1458 1102 1615 1172 ῥίζαν
1663 1104 1918 1177 ὲξορίσας

343 1180 924 1256 φιλαργυρίαν,λείπερ
948 1187 1044 1239 καὶ
1067 1187 1229 1241 πενία
1256 1187 1429 1258 ἄνδρα
1455 1195 1745 1260 ταπεινοῖ,
1774 1195 1916 1251 κατά

340 1273 431 1326 τὸν
472 1274 636 1342 σοφὸν
675 1274 1002 1345 Σολομῶντα
1021 1293 1035 1307 ·
1081 1279 1178 1332 καὶ
1222 1279 1524 1352 συλλήϐδην
1570 1283 1779 1348 είπεῖν,
1813 1287 1914 1342 οὐκ

338 1363 488 1417 εστιν
520 1363 810 1436 ἄνθρωπον
854 1369 1175 1437 περιπεσεῖν
1217 1369 1475 1440 δαίμονι,
1525 1374 1602 1446 μὴ
1646 1376 1913 1449 πρότερον

339 1454 432 1506 ὑπ’
470 1454 697 1509 ὶκείνων
740 1454 846 1510 τῶν
883 1459 1284 1528 πρωτοστατῶν
1334 1464 1789 1537 κατατρωθέντα,
1829 1468 1913 1524 διὸ

337 1547 589 1610 καὶτοὺς
614 1549 763 1619 τρεῖς
810 1546 1038 1613 τούτους
1077 1549 1373 1622 λογισμοὺς
1418 1554 1448 1606 6
1493 1555 1740 1620 διάϐολος
1789 1558 1909 1614 τότε

335 1638 416 1709 τῷ
465 1640 677 1710 Σωτῆρι
727 1644 1066 1714 προσήγαγε.
1115 1643 1338 1716 Πρῶτον
1389 1645 1490 1716 μὲν
1535 1648 1662 1712 τοὺς
1701 1648 1905 1718 λίθους,

2020 453 2215 522 spiritu
2262 459 2402 527 gula:
2451 459 2727 530 devictus;
2771 479 2872 520 nec
2914 463 3172 534 possibile
3217 471 3321 528 est,
3356 471 3417 517 ut
3460 462 3598 518 iram

2018 557 2386 613 commoveat,
2417 537 2512 621 qui
2541 569 2651 608 non
2680 555 2963 611 contendit
3003 563 3056 611 et
3084 555 3295 608 rixatur
3328 568 3430 623 pro
3469 551 3600 608 edu~

2018 632 2126 698 liis,
2154 646 2247 692 aut
2276 641 2544 708 pecuniis,
2595 653 2690 700 aut
2721 646 2907 715 gloriae.
2944 644 3349 701 irrationalibus
3386 643 3600 714 cupidi-

2019 727 2250 794 tatibus;
2296 746 2397 787 nec
2443 733 2606 789 etiam
2651 735 2766 791 ﬁeri
2812 747 3008 808 potest,
3040 746 3098 792 ut
3122 738 3420 792 diemonem
3461 734 3595 798 cilii-

2015 816 2127 887 giat
2151 820 2405 888 tristitiie,
2440 825 2531 894 qui
2555 827 2813 883 omnibus
2844 829 2995 884 hisce
3024 829 3188 884 fuerit
3210 830 3472 899 privatus,
3496 841 3591 886 aut

2016 904 2110 958 illa
2147 912 2366 979 assequi
2397 913 2729 982 nequiverit;
2763 931 2862 971 nec
2893 917 3016 988 quis
3045 917 3236 973 evadet
3262 919 3594 987 superbiam,

2017 1007 2138 1063 qua.
2186 997 2420 1067 primum
2470 999 2574 1056 fuit
2622 1019 2843 1073 germen
2892 1004 3116 1073 diaboli,
3162 1005 3269 1060 nisi
3325 1007 3593 1062 malorum

2015 1084 2259 1140 omnium
2297 1089 2530 1145 radicem
2561 1093 3026 1160 exterminaverit,
3059 1095 3365 1149 avaritiam.
3404 1095 3596 1166 Siqui-

2013 1174 2136 1230 dem
2193 1186 2248 1232 et
2276 1187 2570 1248 paupertas
2597 1182 2775 1238 virum
2831 1184 3111 1250 liumiliat,
3168 1185 3466 1240 secundum
3507 1200 3596 1241 sa-
3691 1220 3696 1224 ι

2014 1265 2248 1337 pientem
2315 1268 2701 1339 Salomonetn;
2773 1281 2940 1345 utque
3011 1277 3326 1330 summatim
3392 1276 3591 1338 dicam.

2014 1359 2324 1415 nullatenus
2361 1362 2524 1418 homo
2571 1373 2750 1434 potest
2791 1365 2846 1420 in
2870 1366 3072 1422 diaboli
3114 1366 3322 1438 prolabi
3360 1375 3595 1436 potesta-

2014 1459 2143 1516 tem,
2189 1451 2294 1508 nisi
2347 1455 2497 1521 prius
2525 1455 2594 1510 ab
2623 1456 2730 1512 illis
2782 1458 3209 1529 primipilaribus
3265 1458 3428 1514 fuerit
3461 1471 3595 1514 sau-

2012 1543 2217 1609 ciatus;
2248 1552 2302 1599 et
2348 1545 2472 1601 ideo
2523 1547 2621 1603 has
2651 1556 2762 1604 tres
2797 1549 3153 1619 cogitationes
3185 1548 3436 1604 diabolus
3463 1555 3593 1602 tune

2011 1633 2274 1692 salvatori
2305 1639 2516 1695 induxit
2537 1641 2609 1698 ”.'
2638 1640 2881 1698 Primum
2915 1644 3132 1714 quidem
3175 1643 3500 1706 exhortans,
3532 1650 3592 1695 ut

335 1702 536 1803 ἄρτους
577 1702 830 1802 γενέσθαι
864 1702 1233 1807 παρακαλῶν,
1266 1702 1457 1792 ἔπειτα
1487 1739 1544 1793 δὲ
1574 1702 1667 1796 τὸν

2010 1725 2217 1794 lapides
2245 1726 2491 1786 efﬁceret
2525 1730 2688 1804 513
2718 1702 3288 1805 panem-postmodum
3317 1702 3593 1804 spondens

333 1822 456 1876 ὅλον
500 1823 974 1896 ἐπαγγελλόμενος
1025 1828 1074 1881 εί
1121 1827 1304 1882 πεσὼν
1352 1834 1752 1903 προσκυνήσειν
1811 1837 1906 1889 καὶ⁵

331 1912 514 1982 τρίτον
567 1915 617 1968 εί
661 1915 884 1970 ἀκούσοι
926 1916 1352 1990 δοξασθήσεσθαι
1404 1921 1598 1992 λέγων,
1631 1924 1804 1996 μηδὲν
1841 1927 1906 1980 ἐκ

329 2002 426 2056 τοῦ
475 2005 799 2075 τηλικούτου
829 2007 1125 2081 πτώματος
1156 2011 1466 2067 πεπονθότα
1487 2053 1505 2078 ,
1537 2005 1613 2068 ὧν
1638 2017 1667 2068 6
1696 2017 1904 2088 Κύριος

331 2095 490 2163 ήμῶν
540 2097 806 2166 κρείττων
858 2103 1068 2168 φανεὶς,
1126 2103 1206 2161 εις
1247 2105 1491 2160 τούπίσω
1541 2104 1618 2178 τῷ
1667 2107 1902 2182 διαϐόλῳ

331 2186 530 2251 χωρεῖν
569 2186 924 2256 προσέταττε,
958 2189 1046 2243 διά
1074 2191 1281 2245 τούτων
1304 2193 1400 2247 καὶ
1429 2195 1578 2267 ἡμᾶς
1607 2195 1896 2265 διδάσκων,

329 2275 405 2334 ὼς
439 2275 540 2327 οὐκ
574 2275 718 2329 ἔστιν
743 2278 1068 2335 ἀπώσασθαι
1089 2282 1180 2336 τὸν
1209 2283 1476 2355 διάϐολον,
1509 2288 1586 2359 μὴ
1609 2289 1717 2344 τῶν
1734 2290 1904 2362 τριῶν

333 2366 538 2422 τούτων
561 2375 1080 2446 καταφρονήσαντας
1104 2378 1404 2451 λογισμῶν.

928 2513 1183 2569 ΚΕΦΔΛ.
1224 2513 1301 2571 B’.

404 2617 613 2684 Πάντες
636 2622 684 2675 οῖ
714 2620 1086 2694 δαιμονιώδεις
1107 2625 1375 2698 λογισμοὶ,
1410 2631 1670 2702 νοήμαται
1690 2635 1772 2698 είς
1799 2635 1898 2706 τὴν

327 2705 508 2777 ψυχὴν
554 2708 826 2781 αἰσθητῶν
853 2714 1194 2784 πραγμάτων
1215 2716 1580 2789 εἰσφέρουσιν,
1604 2723 1664 2776 ἓν
1699 2719 1781 2788 οἷς
1806 2705 1902 2780 τυ-

330 2798 598 2868 πούμενος
619 2800 648 2854 6
681 2803 804 2867 νοῦς
829 2803 926 2867 τάς
947 2807 1160 2877 μορφάς
1175 2809 1283 2862 τῶν
1311 2813 1651 2882 πραγμάτων
1679 2815 1900 2872 ἐκείνων

329 2888 388 2940 εν
417 2889 597 2960 ἑαυτῷ
628 2893 935 2963 περιφέρει,
967 2897 1060 2949 καὶ
1102 2897 1196 2951 ἀπ’
1226 2899 1391 2953 αὑτοῦ
1429 2899 1524 2954 τοῦ
1575 2904 1900 2974 πράγματος

325 2977 519 3066 λοιπὸν
577 2982 933 3053 ἐπιγινώσκει
987 2987 1079 3042 τὸν
1143 2991 1584 3062 προσεγγίσαντα
1636 2995 1895 3066 δαίμονα’

2007 1818 2266 1872 mundum
2284 1821 2620 1888 universum,
2641 1823 2687 1879 si
2709 1825 2908 1880 cadens
2930 1823 3208 1891 adoraret;
3223 1825 3385 1880 tertio
3399 1825 3600 1878 dicens

2007 1908 2182 1978 ipsum
2206 1910 2589 1967 celebrandum
2622 1913 2740 1970 fore
2769 1929 2834 1970 ae
2860 1915 3300 1986 glorificaudum,
3335 1915 3392 1969 si-
3414 1914 3586 1969 obau-

2005 1999 2195 2068 disset,
2227 2002 2357 2058 dum
2420 2019 2484 2060 ex
2513 2005 2606 2059 illo
2655 2005 2752 2060 tali
2799 2021 2945 2068 casu-
2969 2008 3114 2062 nihil
3135 2007 3298 2062 fuerit
3330 2022 3526 2078 passus
3568 2024 3582 2060 :

2004 2090 2206 2160 quibus
2270 2091 2536 2150 Dominus
2599 2105 2784 2152 noster
2843 2099 3122 2168 superior-
3161 2113 3467 2169 apparens,
3513 2106 3587 2154 .ut

2005 2183 2386 2240 retrocederet'
2421 2185 3006 2254 dinbolmmandavit,
3061 2205 3272 2261 nosque
3331 2205 3438 2260 per
3476 2189 3585 2245 ista

2003 2270 2240 2338 edocuit,
2271 2277 2415 2348 quod
2469 2279 2799 2348 impossibile
2844 2292 2926 2338 est
2971 2283 3245 2338 diabolum
3288 2282 3603 2357 repellere,

2004 2363 2112 2418 nisi
2135 2374 2248 2422 tres
2269 2367 2404 2424 istas
2422 2368 2830 2441 despexerimus
2854 2375 3245 2446 cogitationes..

2616 2503 2844 2562 CAPUT
2896 2505 2988 2564 IL.

2071 2609 2280 2668 Omnes
2311 2611 2664 2673 daemoniales
2695 2620 3056 2689 cogitationes
3093 2620 3340 2678 inierunt
3379 2623 3582 2680 animae

2001 2713 2188 2756 rerum
2236 2704 2591 2761 sensibilium
2637 2709 2912 2776 notiones,
2955 2712 3352 2786 quilmslmens
3397 2713 3577 2770 intor-

2001 2799 2170 2857 mata,
2204 2791 2410 2851 [οι-ωας
2451 2795 2668 2852 illarum
2711 2815 2892 2855 rerum
2936 2801 2992 2856 in
3022 2803 3202 2874 seipse
3235 2803 3574 2868 circumfert.

2000 2880 2192 2953 sicque
2237 2883 2580 2953 dmmonem,
2633 2889 2728 2958 qui
2765 2893 3234 2964 appropinquarit,
3276 2910 3308 2950 ο
3353 2912 3414 2952 re
3455 2896 3574 2967 ipsa

2002 2970 2306 3041 dignoscit;
2339 2979 2576 3047 exempli
2615 2980 2814 3049 gratia,
2863 2982 2911 3038 si
2943 2985 3238 3041 accesserit
3275 2985 3571 3043 intellectui

324 3062 457 3128 οἷον,
508 3071 560 3122 εί
609 3070 704 3124 τοῦ
739 3071 1116 3144 ζημιώσαντός
1149 3096 1248 3149 με,
1284 3083 1376 3135 καὶ
1421 3062 1790 3156 ἀτιμάσαντός
1825 3105 1895 3160 με

2008 3077 2125 3119 meo
2165 3079 2420 3135 persona,
2469 3085 2592 3139 qua:
2619 3086 2704 3126 me
2743 3073 3093 3140 detrimento,
3127 3085 3223 3132 aut
3270 3075 3570 3146 ignominia

324 3156 383 3208 ἐν
419 3160 485 3227 τῇ
519 3157 728 3232 διανοίᾳ
763 3180 866 3231 μου
913 3166 984 3219 τὸ
1016 3169 1308 3238 πρόσωπον
1341 3155 1571 3243 γένοιτο,
1612 3155 1894 3250 ἐλέγχεται

2008 3155 2198 3221 affecit,
2261 3159 2534 3229 arguitur,
2587 3163 2733 3233 quod
2795 3165 3122 3234 injuriarum
3171 3169 3569 3226 recordationis

321 3247 351 3299 6
382 3248 482 3316 τῆς
522 3255 890 3321 μνησικακίας
921 3259 1253 3328 παραϐαλὼν
1283 3263 1562 3337 λογισμός.
1613 3269 1678 3323 El
1716 3247 1893 3326 πάλιν

2008 3249 2451 3320 appropinquavit
2506 3255 2788 3324 cogitatio.
2837 3255 2894 3313 Si
2953 3259 3155 3314 iterum
3212 3263 3569 3330 pecuniarum

322 3341 653 3408 χρημάτων,
712 3344 747 3414 ἢ
807 3344 966 3418 δόξης
1014 3351 1331 3424 ,ἀνάμνησις
1385 3359 1632 3426 γένοιτο,
1685 3362 1752 3416 ὲκ
1795 3364 1890 3419 τοῦ

2008 3351 2091 3397 ιιιι
2134 3342 2320 3414 gloriae
2358 3346 2668 3403 recordatio
2712 3347 2825 3414 ﬁat,
2865 3350 3212 3408 manufestum
3251 3370 3318 3410 ex
3361 3371 3421 3411 re
3459 3365 3566 3422 est,

322 3430 648 3523 πράγματος
663 3434 822 3504 δῆλον
844 3437 926 3491 ὃτι
941 3440 970 3492 6
992 3439 1188 3496 θλίϐων
1205 3447 1351 3514 ἡμᾶς
1383 3449 1852 3523 ιπιγνωσθήσεται
1871 3473 1888 3489 ·

2008 3435 2139 3504 ιιιυά
2168 3435 2238 3502 is,
2283 3434 2375 3507 qui
2415 3452 2515 3492 nos
2552 3438 2795 3506 tribulat,
2835 3442 3202 3512 dignoscetur.
3238 3446 3381 3512 Quin
3416 3460 3470 3505 et
3511 3451 3563 3505 in

325 3520 420 3571 καὶ
452 3521 553 3574 ἐπὶ·
575 3522 682 3577 τῶν
727 3524 898 3581 ἄλλων
916 3528 984 3603 δὲ
1015 3530 1293 3604 λογισμῶν
1330 3538 1612 3604 ὡσαύτως,
1651 3520 1758 3597 ἀπὸ
1793 3545 1889 3600 τοῦ

2008 3527 2116 3583 iliis
2136 3529 2560 3600 cogitationibus
2577 3532 2840 3594 similiter.
2858 3550 2890 3590 e
2919 3551 2976 3591 re
3001 3537 3244 3595 invenies
3265 3541 3564 3599 daemonem

323 3607 652 3698 πράγματος
696 3613 950 3686 εὑρήσεις
994 3619 1086 3673 τὸν
1133 3627 1482 3695 παρεστῶτα,
1514 3632 1607 3684 καὶ
1653 3623 1909 3691 omen!

2008 3627 2283 3686 istantem,
2300 3630 2356 3676 et
2376 3621 2793 3694 imaginationes
2811 3639 3208 3698 suggerentem.
3231 3630 3349 3688 Non
3373 3649 3568 3691 omnes

321 3694 496 3791 loves
533 3699 634 3766 τὰς
670 3707 970 3771 φαντασίας
1023 3710 1274 3783 δαίμονα.
1331 3719 1407 3772 Ού
1462 3694 1642 3785 πάσας
1691 3725 1750 3777 δὲ
1791 3726 1892 3791 τάς

2008 3717 2176 3781 intem
2227 3713 2639 3770 recordationes
2679 3715 3065 3787 hujuscemodi
3100 3736 3280 3776 rerum
3307 3739 3338 3779 a
3365 3727 3566 3782 dannt»
3603 3727 3614 3738 '

319 3789 542 3859 μνήμας
569 3793 677 3848 τῶν
705 3798 963 3855 τοιούτων
993 3806 1343 3876 πραγμάτων
1364 3809 1427 3862 ἐκ
1456 3811 1722 3881 δαιμόνων
1743 3789 1889 3886 λέγω

2008 3797 2154 3853 libus
2197 3801 2511 3872 contingere
2558 3803 2714 3870 dico;
2775 3807 3217 3877 quandoquidem
3287 3820 3343 3865 et
3411 3829 3566 3870 mens

318 3885 642 3953 συμϐαίνειν
661 3906 675 3922 ο
711 3893 900 3964 ἐπειδὴ
934 3897 1144 3968 πέφυκε
1175 3902 1273 3954 καὶ
1300 3902 1461 3968 αὐτὸς
1491 3907 1519 3958 ὁ
1543 3906 1668 3972 νοῦς
1702 3885 1887 3964 κινού-

2009 3903 2107 3958 psa
2150 3889 2219 3944 ab
2275 3890 2495 3949 homine
2536 3907 2847 3961 commata,
2885 3897 3298 3968 imaginationes
3357 3919 3561 3970 rerum,

316 3991 479 4043 μενος
514 3979 621 4034 ὑπὸ
647 3983 741 4036 τοῦ
788 3987 1077 4058 ἀνθρώπου
1115 3990 1225 4044 τῶν
1266 3997 1566 4063 γεγονότων
1590 4000 1888 4074 ἀναφέρειν

2008 3998 2112 4052 [uae
2140 3985 2438 4051 evenerint,
2487 3988 2752 4056 proferre,
2795 4006 2893 4045 seu
2936 3993 3181 4049 emittere
3236 4000 3561 4065 consuevit;

312 4067 431 4162 τὰς⁸
459 4074 780 4140 φαντασίας,
827 4077 942 4132 ἀλλ’
990 4079 1113 4134 δσαι
1157 4082 1270 4137 τῶν
1317 4085 1551 4155 μνημῶν
1608 4067 1802 4160 θυμὸν,
1851 4091 1885 4162 ἢ

2008 4073 2085 4128 ied
2113 4083 2381 4144 quotquot
2426 4079 2833 4135 recordationes
2879 4081 3040 4147 iram,
3075 4083 3155 4137 vel
3207 4085 3558 4154 cupiditatem

312 4155 611 4228 ἐπιθυμίαν
638 4164 788 4234 παρά
817 4165 976 4232 φύσιν
1005 4171 1465 4227 συνεπισπῶνται.
1518 4177 1616 4230 Διά
1644 4155 1751 4250 γάρ
1776 4155 1884 4252 τὴν,

2008 4174 2184 4219 irinter
2221 4173 2475 4222 naturam
2523 4167 2806 4236 alliciunt,
2845 4173 3225 4246 (subintellige)
3257 4192 3351 4236 eas
3379 4179 3558 4237 dicova

310 4250 561 4320 ταραχὴν
603 4251 711 4306 τῶν
759 4254 855 4309 δύο
896 4256 1183 4330 δυνάμεων
1224 4253 1468 4333 τούτων,
1497 4265 1528 4319 6
1568 4266 1694 4333 νοῦς
1740 4250 1884 4328 κατὰ

2008 4254 2330 4313 laemonibus
2371 4261 2696 4329 procedere;
2752 4279 2875 4317 nam
2915 4265 2985 4320 ob
3016 4267 3381 4324 turbationem
3420 4272 3558 4330 dua-

308 4338 551 4400 διάνοιαν
585 4346 847 4416 μοιχεύει,
879 4351 974 4403 καὶ
1005 4354 1258 4424 μάχεται,
1289 4356 1384 4411 τοῦ
1414 4360 1881 4432 νομοθετήσαντος

312 4429 474 4457 ...’.-λ..
523 4435 622 4457 _t_-_
676 4453 704 4457 _-
721 4454 831 4457 ψει
892 4439 906 4457 ρ
1032 4443 1044 4457 ι
1131 4444 1214 4457 -..-
1290 4445 1314 4457 Α
1481 4450 1492 4457 .
1561 4450 1583 4457 -
1671 4450 1683 4457 .

2008 4362 2106 4402 tum
2142 4348 2372 4406 istarum
2399 4353 2764 4422 potentiarum
2792 4357 3021 4424 (scilicet
3051 4359 3165 4423 irae,
3198 4369 3254 4415 et
3284 4362 3556 4431 cupidita-

309 4429 474 4487 αὐτῶν
523 4435 622 4505 τὴν
670 4439 976 4505 φαντασίαν
1022 4443 1381 4509 ἀναδέξασθαι
1434 4450 1510 4520 μὴ
1556 4429 1876 4524 δυνάμενος.

2008 4436 2077 4511 is)
2117 4455 2270 4502 mens
2294 4441 2734 4501 intellectualiter
2751 4448 3052 4518 adulterat,
3071 4461 3125 4506 et
3152 4429 3372 4523 pugnat,
3396 4453 3559 4530 514

306 4523 485 4612 Εῖπερ
512 4525 546 4595 ή
584 4525 905 4601 λαμπρότης
945 4532 1130 4605 ἐκείνη
1174 4537 1316 4591 κατὰ
1361 4540 1622 4612 στέρησιν
1660 4523 1879 4599 πάντων

2008 4545 2108 4585 :um
2159 4529 2278 4598 Dei,
2325 4533 2419 4602 qui
2479 4535 2648 4607 legem
2709 4538 2812 4608 ipsi
2868 4540 3154 4612 imposuit.
3209 4543 3327 4599 Non
3381 4523 3557 4601 valeat

305 4611 416 4665 τῶν
443 4615 504 4668 ὲν
529 4619 641 4680 τοῖς
671 4620 962 4707 πράγμασι
1009 4625 1299 4695 νοημάτων
1327 4630 1386 4682 ἐν
1428 4611 1526 4702 τῷ
1556 4634 1734 4706 καιρῷ
1779 4638 1879 4707 τῆς

2008 4621 2430 4693 maginationem
2473 4628 2789 4699 suscipere;
2848 4611 3118 4704 siquidem
3168 4635 3391 4692 claritas
3439 4637 3553 4702 illa.

306 4708 614 4777 προσευχῆς
640 4706 717 4778 τῷ
731 4713 1044 4784 ἡγεμονικῷ
1063 4718 1487 4786 παραφαίνεται.
1509 4724 1622 4778 Ούκ
1647 4725 1714 4779 ἂν
1737 4706 1875 4781 ἀπό-

2008 4715 2155 4769 »οείιο
2181 4715 2485 4788 privatione
2508 4720 2754 4777 omnium
2777 4725 3060 4781 notionum
3085 4726 3152 4781 de
3179 4727 3362 4794 rebus,
3385 4731 3550 4790 animi

307 4792 454 4894 θοιτο
479 4797 576 4858 τὰς
609 4799 878 4869 ἐμπαθεῖς
915 4807 1135 4876 μνήμας
1166 4809 1196 4860 6
1219 4809 1534 4880 ἄνθρωπος,
1571 4815 1648 4886 μὴ
1685 4818 1872 4871 ἐπιου-

2008 4806 2310 4877 ιτὶηοίραιιιί
2333 4822 2639 4880 opportune
2661 4816 2927 4871 orationis
2954 4827 3195 4886 tempore
3221 4821 3378 4890 quasi
3411 4838 3550 4894 pra:-

308 4883 459 4951 μίας,
507 4889 602 4943 καὶ
631 4889 801 4960 θυμοῦ
844 4893 1165 4965 ἐπιμέλειαν
1205 4883 1592 4973 ποιησάμενος,
1629 4883 1727 4977 τὴν
1771 4909 1873 4979 μὲν

2008 4898 2245 4954 ereundo
2273 4911 2519 4970 apparet.
2558 4901 2732 4959 Homo
2760 4922 2865 4960 non
2896 4883 3130 4978 deponet
3163 4883 3550 4981 unquam-iuc-

303 4976 606 5043 νηστείαις,
631 4980 980 5054 ἀγρυπνίαις,
1021 4990 1118 5044 καὶ
1158 4994 1510 5060 χαμευνείαις
1557 4976 1873 5055 καταναλώ-

2008 4985 2185 5042 norias
2235 4990 2589 5068 passionibus
2637 4995 2893 5064 percitas,
2926 4997 2970 5051 si
3005 5000 3459 5070 concupiscentiae
3497 5015 3550 5058 ct

303 5081 424 5164 σας,
453 5067 545 5124 τὸν
589 5069 647 5122 δὲ
690 5077 1124 5146 μακροθυμίαις,
1154 5082 1249 5136 καὶ
1277 5085 1726 5156 ἀμνησικακίαις,
1775 5092 1872 5144 καὶ

2008 5069 2276 5134 racundiae
2310 5095 2500 5137 curam
2547 5099 2655 5138 non
2697 5085 2956 5154 gesserit;
2987 5087 3136 5142 illam
3169 5090 3385 5159 quidem
3413 5093 3549 5164 jeju~

297 5154 690 5250 ﬂammabat;
720 5166 1144 5239 καθημεριὶωαςο
1174 5174 1240 5226 ἐκ
1262 5175 1370 5246 γὰρ
1393 5177 1502 5231 τῶν
1540 5179 1634 5234 δύο
1665 5154 1869 5238 τούτων

2017 5171 2083 5226 iis
2111 5181 2163 5226 et
2188 5170 2410 5242 vigiliis,
2448 5185 2503 5228 et
2535 5175 2687 5230 humi
2723 5178 2973 5234 cubando
3017 5196 3370 5250 consumens,
3405 5185 3546 5243 hanc

297 5248 485 5303 παθῶν
528 5253 732 5319 πάντες
785 5259 973 5327 σχεδὸν
1015 5264 1063 5316 οἱ
1097 5263 1469 5335 δαιμονιώδεις
1519 5273 1868 5334 συνίστανται

2008 5279 2104 5321 cro
2148 5266 2578 5336 longanimitatis
2612 5268 2844 5335 actibus,
2884 5280 2938 5325 et
2978 5272 3268 5330 oblivionis
3310 5248 3544 5348 injuriis,

295 5341 549 5442 λογισμοὶ
584 5347 634 5400 oi
666 5347 758 5404 τὸν
786 5351 913 5407 νοῦν
955 5355 1317 5426 ἐμϐάλλοντες
1359 5363 1438 5426 είς
1485 5363 1725 5436 ὀλεθρον,
1774 5369 1867 5421 καὶ

2008 5371 2036 5414 c
2066 5357 2427 5429 eleemosynis
2457 5358 2889 5416 mansuefaciens
2925 5380 2939 5417 :
2970 5379 3036 5417 ex
3068 5364 3154 5420 his
3181 5344 3543 5442 quippe-dua.

295 5432 609 5495 ἀπώλειαν..
1611 5432 1622 5436 ⁷
1973 5449 2076 5507 bus
2123 5450 2470 5518 passiouibus
2502 5466 2693 5506 omnes
2737 5451 2849 5506 fere
2892 5454 3242 5514 (laeniouiales
3289 5470 3543 5517 constant

1973 5541 2346 5610 cogitationes,
2378 5561 2499 5613 qua:
2521 5553 2759 5600 mentem
2780 5545 2832 5599 in
2851 5545 3076 5602 exitium
3097 5563 3160 5604 ac
3183 5551 3561 5620 perditionem.

395 5597 441 5627 ³³
466 5595 660 5655 Matth.
703 5618 777 5670 iv,
807 5605 840 5660 5
871 5623 1022 5678 seqq,
1976 5595 2259 5691 inducunt.
