4066 6146
529 287 662 349 1207

2075 284 2325 347 S.NILI

3658 271 3774 347 1209

524 397 889 463 manducetis,
915 395 1245 463 antbibatis,
1272 405 1367 451 aut
1398 394 1735 464 induamini;
1769 413 1789 449 ι
1814 395 1920 453 hoc
1960 396 2107 452 enim
2139 449 2141 457 ,

2245 411 2475 464 ιντικρυς
2518 390 2701 458 τοῦτο,
2746 390 2843 444 καὶ
2872 389 3122 444 ἀπίστων
3151 385 3489 441 ἀθετούντων
3520 382 3615 456 τὴν
3657 386 3772 458 πριι-

526 494 704 563 palam
738 502 820 547 est
851 493 1115 560 gentium,
1161 506 1226 544 ac
1256 488 1580 555 inﬁdelium,
1625 490 1717 559 qui
1739 491 2025 562 abrogant,
2059 500 2114 546 et

526 589 881 636 contemnunt
947 577 1346 633 Providentiam
1410 576 1713 646 mundique
1763 575 2111 631 Conditorem

529 673 859 735 inliciantnr;
892 679 949 723 at
990 668 1133 723 istud
1169 684 1198 723 a
1239 666 1566 723 Christianis
1604 668 1831 725 omnino
1864 656 1952 722 est
1983 667 2113 722 alie-

529 780 683 829 num,
729 762 821 832 qui
869 760 1037 815 semel
1084 759 1455 823 crediderunt,
1488 759 1634 829 quod
1658 770 1711 812 et
1743 759 1855 812 duo
1887 773 2107 828 passer-

528 856 662 918 culi,
702 854 793 925 qui
833 860 1083 907 vmnennt
1116 851 1396 922 dipondio,
1422 861 1564 927 sunt
1617 850 1718 905 sub
1756 850 2116 905 administra-

529 949 680 1004 tione
730 956 1043 1002 sanctornm
1104 947 1449 1022 angelorum.
1498 946 1887 1003 Verumtamen
1938 955 2024 1003 est
2062 955 2118 1003 et

530 1036 647 1092 haec
687 1035 996 1092 daemonum
1042 1033 1402 1100 consuetudo,
1452 1042 1512 1088 nt
1536 1033 1812 1103 Inimirum
1851 1043 1975 1104 post
2015 1035 2117 1089 im-

529 1139 695 1197 puras
717 1123 1096 1195 cogitationes,
1138 1131 1432 1194 suggerant
1478 1122 1640 1178 etiam
1677 1137 1793 1186 eas,
1821 1136 1945 1192 qua:
1988 1130 2118 1177 sunt

395 1203 417 1227 ⁵
531 1211 917 1270 sollicitudinis
937 1253 953 1279 ,
981 1218 1041 1266 ut
1057 1209 1236 1278 Jesns,
1259 1218 1525 1281 praesente
1546 1209 1940 1281 cogitationum
1958 1208 2116 1263 turba

531 1305 588 1361 in
619 1304 742 1360 loco
770 1302 1142 1367 intellectuali,
1172 1302 1348 1372 capite
1368 1301 1641 1357 declinato
1658 1300 1902 1372 eifugiat,
1928 1299 2118 1371 sicque

540 1397 911 1453 infructuosus
972 1395 1169 1452 evadat
1215 1410 1398 1450 sermo
1438 1408 1471 1449 a
1519 1393 1692 1465 spinis
1733 1390 2119 1449 sollicitudinis

538 1490 855 1549 snn‘ocatns.

1136 1596 1368 1657 CAPUT
1426 1595 1515 1653 Vl.

2216 505 2365 541 νοιαν
2397 484 2489 538 τοῦ
2535 482 2828 546 Δεσπᾶτου,
2868 482 2963 536 καὶ
2994 481 3084 535 τὸν
3136 477 3486 550 Δημιουργδν
3532 476 3771 549 ἀρνουμέ-

2215 595 2342 635 νων·
2369 575 2715 648 Χριστιανῶν
2745 575 2802 628 δὲ
2828 575 2890 629 τὸ
2915 572 3157 628 τοιοῦτον
3184 570 3467 634 παντελῶς
3494 568 3777 638 ἀλλότριον,

2215 668 2363 734 ἅπαξ
2416 666 2884 732 πεπιστευκότων,
2934 666 3014 719 ὅτι
3064 664 3157 717 καὶ
3201 662 3272 717 τὰ
3318 661 3674 733 πρασσόμενα
3702 660 3780 713 δύο

2217 761 2476 834 στρουθία
2494 757 2588 814 τοῦ
2610 757 2874 827 ἀσσαρίου
2900 757 3004 810 ὑπὸ
3027 754 3126 828 τὴν
3149 754 3467 824 οἰκονομίαν
3490 752 3598 807 τῶν
3624 753 3778 821 ἁγίων

2215 852 2466 921 ἀγγέλων
2511 850 2648 903 ἐστί.
2711 849 2860 919 Πλήν
2896 849 3013 901 ἐστι
3064 848 3161 901 καὶ
3193 844 3337 916 αῦτη
3388 844 3646 915 συνήθεια
3687 844 3782 897 τῶν

2217 942 2513 1013 δαιμόνων,
2549 942 2689 1012 μετά
2714 942 2841 1003 τοὺς
2869 938 3220 1011 ἀκαθάρτους
3249 938 3550 1009 λογισμοὺς
3593 936 3781 1007 tum-

2216 1035 2329 1088 λειν
2358 1031 2604 1096 καὶτοὺς
2641 1032 2743 1102 τῆς
2783 1032 3075 1103 μερίμνης,
3108 1031 3197 1085 ῐνα
3242 1027 3478 1099 ὲκνεύσῃ
3524 1028 3553 1082 ό
3597 1024 3783 1098 Ἰησοῦς

2216 1126 2376 1198 δχλου
2399 1124 2553 1188 ὄντος
2566 1124 2856 1195 νοημάτων
2881 1125 2940 1176 ἰν
2967 1122 3045 1192 τῷ
3069 1121 3211 1179 κατὰ
3239 1119 3485 1176 διάνοιαν
3508 1119 3677 1191 τόπῳ,
3703 1121 3786 1173 καὶ

2217 1218 2467 1291 ἄκαρπος
2497 1215 2724 1286 γίνηται
2768 1217 2796 1269 ὁ
2826 1214 2983 1284 λόγος
3013 1213 3121 1267 ὑπὸ
3151 1212 3253 1284 τῆς
3298 1210 3574 1284 μερίμνης
3613 1210 3786 1280 πνιγύι

2221 1326 2383 1382 μενος
2411 1308 2518 1363 τῶν
2547 1306 2823 1363 ἀκανθῶν.

2819 1592 3073 1646 neut.
3116 1592 3207 1657 σο.

611 1715 781 1787 igitur
830 1715 1192 1788 cogitationes
1244 1714 1444 1780 etiam,
1497 1726 1618 1783 qua!
1673 1724 1709 1767 e
1754 1708 2122 1767 sollicitudine

2295 1708 2507 1764 Οὐκοῦν
2538 1706 2663 1771 τοὺς
2698 1705 2763 1758 ὲκ
2809 1702 3078 1775 μερίμνης
3105 1701 3439 1773 ἀποθέμενοι
3486 1699 3789 1770 λογισμοὺς,

541 1813 863 1883 procedunt,
895 1811 1252 1881 deponentes,
1298 1819 1544 1866 nostram
1580 1807 1636 1861 in
1695 1805 1986 1861 Dominum
2015 1805 2125 1862 sol.

542 1904 880 1961 licitndinem
931 1902 1238 1974 jactemns,
1298 1900 1661 1972 praesentibus
1726 1898 2006 1964 contenti,
2073 1905 2129 1953 et

546 2010 785 2067 paupere
830 1995 963 2061 vita,
1005 2010 1071 2049 ac
1114 2002 1265 2049 veste
1312 2001 1549 2057 utentes,
1594 1989 1903 2055 effectores,
1937 1999 1991 2043 et
2032 2003 2131 2043 au-

546 2096 729 2143 ctores
753 2102 905 2142 vanae
926 2087 1113 2158 glorise
1139 2094 1261 2156 post
1282 2085 1426 2140 diem
1449 2097 1737 2139 exuamus.
1765 2081 1823 2137 Si
1852 2095 1980 2136 vero
2004 2081 2130 2151 quis

546 2188 704 2251 putat
741 2181 798 2235 in
846 2188 995 2234 veste
1036 2177 1388 2250 paupercula,
1438 2175 1860 2245 incompositam
1906 2187 1972 2229 ac
2033 2173 2130 2229 de-

548 2271 781 2328 ibrmcm
811 2272 1047 2341 speciem
1076 2271 1356 2335 exhibere,
1408 2267 1668 2339 respiciat
1704 2274 1957 2322 sanctum
1987 2266 2132 2320 Pau-

548 2360 698 2425 lum,
741 2360 837 2432 qui
865 2362 918 2415 in
962 2360 1163 2431 frigore
1205 2375 1271 2416 ac
1319 2359 1568 2415 nuditate
1610 2371 1869 2429 coronam
1906 2354 2134 2426 iustitia

551 2454 947 2525 exspectabat’.
989 2452 1097 2509 Sed
1146 2453 1407 2524 quoniam
1459 2453 1756 2518 theatrum,
1798 2458 1854 2506 et
1895 2449 2133 2508 stadium

554 2548 850 2619 Apostolus
914 2547 1078 2602 istum
1131 2547 1437 2603 nominavit
1488 2549 1775 2614 mundum,
1825 2547 2133 2610 videamus,

553 2652 623 2693 an
653 2637 914 2707 possibile
945 2636 1038 2699 sit,
1069 2635 1243 2706 quod,
1263 2636 1358 2707 qui
1401 2636 1831 2707 cogitationibus
1867 2635 2137 2693 sollicitu-

553 2723 699 2779 dinis
722 2723 943 2778 indutus
966 2732 1070 2787 est,
1102 2731 1291 2777 currat
1327 2724 1393 2778 ad
1421 2723 1668 2778 bravium
1697 2738 1947 2793 superna
1976 2720 2140 2793 519

532 2818 934 2887 vocationis“,
980 2828 1075 2873 aut
1102 2819 1336 2874 luctetur
1379 2817 1647 2876 adversus
1688 2818 2048 2889 principatus,
2085 2827 2141 2873 et

555 2921 875 2984 potestates,
931 2913 1196 2969 adversus
1250 2911 1442 2968 mundi
1496 2920 1739 2970 rectores
1790 2912 2139 2968 tenebrarum

555 3005 722 3076 hujus
749 3006 934 3061 muli
959 3005 1026 3061 “.
1073 3004 1189 3076 Ego
1222 3006 1446 3076 quidem
1490 3005 1699 3073 nescio,
1734 3020 1861 3062 cum
1914 3003 1984 3060 ab
2021 3003 2140 3074 ipsa

556 3112 776 3168 quoque
835 3097 1080 3154 sensibili
1132 3097 1359 3153 historia
1401 3098 1649 3166 erudiar;
1703 3097 1835 3168 quia

558 3189 671 3256 ille,
702 3190 801 3261 qui
839 3198 1033 3257 certat,
1064 3189 1397 3260 impedietur
1428 3205 1461 3245 a
1494 3190 1701 3257 tunica,
1745 3189 2014 3259 facileque
2038 3187 2153 3243 cir-

554 3282 957 3349 cumtrahctur,
1007 3281 1473 3353 quemadmodum
1502 3291 1558 3339 et
1603 3297 1762 3339 mens
1791 3297 1822 3337 a
1865 3280 2155 3352 cogitatio-

557 3370 724 3429 nibus
753 3366 1161 3439 sollicitudinis;
1187 3369 1236 3427 si
1272 3385 1438 3427 verax
1468 3370 1689 3441 quidem
1719 3369 1792 3424 sit
1827 3383 2032 3434 sermo,
2059 3368 2155 3438 qui

560 3458 714 3524 dicit,
762 3461 999 3513 mentem
1035 3458 1258 3530 proprio
1298 3457 1564 3515 thesauro
1609 3456 1890 3513 assiduam
1931 3455 2152 3511 incum—

564 3546 713 3612 bere;
754 3563 773 3597 ι
804 3543 908 3601 Ubi
932 3559 1169 3617 namque
1206 3545 1501 3605 thesaurus
1542 3555 1671 3602 tuus
1701 3552 1807 3611 est,
1837 3544 1914 3599 ibi
1970 3545 2077 3599 erit
2104 3549 2158 3599 et

564 3647 662 3689 cor
690 3640 845 3689 tuum
868 3632 951 3693 ιν.
969 3651 987 3688 ι

1157 3741 1389 3800 CAPUT
1429 3743 1543 3799 VII'

641 3859 685 3914 E
717 3856 1168 3926 cogitationibus,
1199 3856 1281 3911 ha:
1321 3855 1548 3924 quidem
1572 3860 1787 3918 secant,
1824 3851 1947 3908 aliae
1974 3858 2157 3908 autem

572 3961 853 4018 secantur;
889 3961 944 4007 et
992 3958 1183 4007 secant
1218 3949 1441 4019 quidem
1482 3947 1639 4002 mala:
1675 3946 1869 4010 bonas,
1908 3959 1942 4001 e
1967 3954 2159 4000 contra

572 4062 706 4103 vero
726 4046 883 4101 maia:
907 4052 1163 4101 secantur
1188 4057 1217 4097 a
1245 4042 1443 4108 bonis;
1483 4054 1609 4095 nam
1657 4039 1897 4111 Spiritus
1932 4046 2160 4095 sanctus

575 4135 808 4191 attendit
850 4131 1171 4205 cogitationi
1202 4131 1257 4185 in
1293 4130 1488 4200 primis
1518 4128 1733 4198 posiae,
1773 4135 1829 4181 et
1858 4126 2159 4182 secundum

575 4228 727 4284 illam
782 4225 996 4298 iudicat
1043 4239 1167 4288 nos,
1212 4229 1310 4276 ant
1356 4220 1571 4291 recipit.
1620 4217 1777 4284 Quod
1800 4225 1980 4272 autem
2014 4217 2159 4281 dico,

578 4318 958 4389 hujuscemodi
1007 4324 1110 4372 est.
1166 4312 1354 4368 Habeo
1414 4310 1713 4383 quamdam
1776 4308 2161 4379 cogitationem

579 4409 993 4482 hospitalitatis,
1020 4419 1252 4475 eamque
1268 4403 1445 4459 habeo
1468 4410 1689 4472 propter
1719 4399 2034 4463 Dominum,
2068 4398 2163 4455 sed

2229 1800 2611 1874 ὲπιρρίψωμεν
2661 1796 2755 1851 ἐπὶ
2789 1797 2995 1867 Κύριον
3026 1795 3126 1866 τὴν
3177 1795 3446 1866 μέριμναν
3498 1792 3656 1864 ήμῶν
3695 1793 3793 1855 τοῖς

2230 1892 2497 1965 παροῦσιν
2524 1888 2876 1961 ἀρκούμενοι,
2913 1887 3009 1940 καὶ
3038 1886 3275 1956 πενιχρῷ
3307 1884 3418 1955 ζωῇ
3449 1883 3792 1956 χρησάμενοι,

2231 1986 2325 2040 καὶ
2354 1983 2515 2055 στολῇ
2552 1983 2677 2046 τοὺς
2707 1979 2953 2051 πατέρας
2984 1979 3083 2049 τῆς
3113 1976 3419 2043 κενοδοξίας
3457 1976 3585 2045 μεθ’
3604 1975 3796 2046 ἡμέραν

2233 2073 2652 2145 ἀποδυσώμεθα.
2687 2074 2753 2126 Ei
2775 2072 2831 2125 δέ
2859 2089 2946 2134 τις
2974 2072 3307 2142 ἀσχημονεῖν
3339 2069 3432 2121 ἐπὶ
3464 2066 3693 2137 πενιχρᾷ
3720 2082 3797 2118 νο-

2236 2169 2385 2241 μίζει
2430 2166 2615 2239 στολῇ,
2653 2163 2898 2235 βλεπέτω
2948 2162 3040 2216 τὸν
3088 2163 3244 2229 ἅγιον
3287 2158 3503 2212 Παῦλον
3550 2162 3606 2211 ὲν
3634 2156 3796 2226 ψύχει,

2234 2260 2328 2315 καὶ
2367 2258 2691 2330 γυμνότητι,
2717 2255 2810 2308 τὸν
2850 2254 2951 2325 τῆς
2985 2253 3333 2325 δικαιοσύνης
3370 2250 3799 2321 προσδοκήσαντα

2237 2352 2524 2423 στέφανον.
2589 2348 2733 2403 Ἀλλ’
2789 2346 2980 2416 ἐπειδὴ
3047 2345 3281 2414 θέατρον
3309 2381 3325 2406 ,
3375 2341 3471 2395 καὶ
3531 2339 3733 2393 στάδιον
3776 2337 3801 2388 ὁ

2248 2441 2572 2504 Ἀπόστολος
2602 2441 2693 2494 τὸν
2726 2438 2931 2508 κόσμον
2962 2434 3152 2489 τοῦτον
3183 2433 3489 2504 ὠνόμασεν,
3524 2431 3735 2497 ἴδωμεν,
3760 2426 3801 2480 ει

2239 2533 2355 2585 εστι
2413 2529 2673 2594 δυνατὸν,
2734 2525 3008 2598 μερίμνης
3068 2522 3437 2592 ἔνδυσάμενον
3508 2517 3801 2589 λογισμοὺς,

2238 2622 2472 2693 δραμεῖν
2501 2619 2596 2673 ἐπὶ
2645 2617 2706 2671 τὸ
2742 2614 2994 2688 βραϐεῖον
3025 2610 3128 2681 τῆς
3173 2610 3288 2665 ἀνω
3319 2610 3592 2679 κλήσεως,
3636 2606 3670 2677 ἢ
3712 2622 3803 2659 πα-

2239 2710 2421 2765 λαῖσαι
2455 2710 2589 2782 πρὸς
2630 2708 2728 2771 τάς
2759 2706 2933 2777 ἀρχάς
2965 2704 3061 2758 καὶ
3098 2703 3198 2767 τάς
3243 2700 3521 2768 ἐξουσίας,
3566 2699 3659 2751 καὶ
3689 2696 3806 2766 προς

2238 2804 2365 2867 τοὺς
2392 2800 2846 2873 κοσμοκράτορας
2866 2795 2962 2851 τοῦ
2993 2795 3222 2857 σκότους
3252 2792 3349 2846 τοῦ
3377 2789 3583 2851 αίῶνος
3602 2787 3803 2841 τούτουο

2242 2892 2355 2966 εγὼ
2388 2893 2487 2965 μὲν
2514 2892 2615 2947 οὐκ
2646 2887 2786 2953 οῖδα,
2820 2890 2917 2943 καὶ
2939 2889 3033 2942 ἀπ’
3064 2884 3242 2955 αὐτῆς
3273 2883 3372 2952 τῆς
3397 2881 3670 2952 αἰσθητῆς
3698 2895 3809 2966 παιτ

2243 2962 2536 3054 δευόμενος
2568 2979 2833 3051 ἱστορίας.
2869 2972 3388 3047 ’Ἐμποδισθῄσεται
3425 2969 3541 3039 γὰρ
3569 2969 3758 3027 ἐκεῖνος
3785 2962 3810 3015 δ

1882 3057 2139 3153 viai};
2169 3094 2213 3157 ο
2245 3076 2423 3134 ἀθλῶν
2452 3072 2559 3128 ὑπὸ
2591 3070 2689 3126 τοῦ
2721 3068 2949 3143 χιτῶνος
2976 3063 3244 3157 δηλονότι,
3277 3061 3382 3157 καὶ.
3407 3057 3651 3157 εὐκόλως
3675 3070 3811 3155 περι-

2253 3164 2669 3236 ελκυσθήσεται,
2696 3160 2951 3230 καθάπερ
2979 3157 3074 3211 καὶ
3092 3158 3121 3211 ὁ
3139 3152 3265 3218 νοῦς
3290 3152 3396 3208 ὗπὺ
3428 3150 3542 3204 τῶν
3563 3143 3814 3215 λογισμῶν

2250 3259 2353 3327 τῆς
2394 3257 2686 3328 μερίμνης,
2723 3253 2880 3325 εἴπερ
2911 3247 3162 3321 ἀληθινδς
3208 3248 3237 3301 ὀ
3276 3245 3450 3313 λέγων
3487 3241 3569 3313 τῷ
3601 3238 3707 3309 ἰδίῳ

2253 3324 2378 3405 νοῦν
2395 3324 2838 3420 ’προσκαρτερεῖν
2876 3340 3157 3415 θησαυρῷ,
3198 3358 3219 3393 ‹
3258 3340 3434 3394 Ὅπου
3476 3336 3589 3406 γάρ
3617 3334 3754 3385 ἔστιν
3792 3324 3817 3377 ὀ

2255 3439 2523 3514 θησαυρός
2552 3454 2668 3504 σου,
2687 3437 2873 3509 φησὶν,
2905 3436 3023 3489 ἐκεῖ
3048 3433 3221 3496 ἔσται,
3251 3430 3349 3485 καὶ
3382 3430 3416 3499 ἡ
3448 3427 3649 3499 καρδία
3682 3438 3813 3477 σου.»

2857 3739 3110 3794 ΚΕΦΑΔ.
3149 3739 3222 3792 Ζ⁸.

2328 3858 2450 3912 Τῶν
2480 3854 2759 3927 λογισμῶν
2807 3853 2858 3907 oi
2889 3853 2989 3924 μὲν
3010 3853 3323 3921 τέμνουσιν,
3358 3851 3410 3901 οί
3441 3849 3499 3902 δὲ
3532 3846 3821 3917 τέμνονται·

2258 3947 2353 4002 καὶ
2383 3946 2639 4017 τέμνουσι
2671 3943 2771 4015 μὲν
2791 3943 2842 3996 οἱ
2864 3942 3090 4012 πονηροὶ
3110 3939 3237 4002 τοὺς
3268 3936 3538 4007 ἀγαθοὺς,
3559 3936 3825 4004 τέμνονται

2258 4038 2318 4093 δὲ
2364 4036 2527 4092 πάλιν
2577 4034 2682 4089 ὑπὸ
2732 4032 2842 4087 τῶν
2891 4030 3118 4100 ἀγαθῶν
3164 4029 3213 4083 oi
3266 4026 3499 4098 πονηροὶ
3555 4024 3620 4078 τδ
3668 4020 3825 4075 τοίνυν

2260 4127 2488 4200 Πνεῦμα
2542 4126 2603 4180 τὸ
2650 4126 2805 4194 ἅγιον
2840 4122 3076 4194 πρώτως
3121 4119 3335 4174 τεθέντι
3386 4115 3655 4189 προσέχει
3697 4113 3825 4177 λογι-

2263 4218 2408 4289 σμῷ,
2451 4217 2548 4272 καὶ
2591 4214 2729 4287 πρὸς
2773 4214 2981 4267 ἐκεῖνον
3009 4211 3185 4282 κρίνει
3212 4210 3383 4281 ἡμᾶς,
3424 4208 3458 4279 ἢ
3498 4205 3824 4273 ἀποδέχεται.

2270 4312 2337 4364 Ὃ
2381 4309 2438 4363 δὲ
2481 4308 2626 4377 λέγω
2673 4304 2912 4360 τοιοῦτόν
2946 4304 3115 4359 ἐστιν.
3171 4301 3323 4373 "Exte
3369 4298 3498 4353 τινά
3548 4290 3824 4368 φιλοξενίας

2265 4402 2547 4473 λογισμὸν,
2575 4400 2671 4455 καὶ
2698 4396 2888 4453 τοῦτον
2916 4395 3025 4467 ἔχω
3048 4395 3136 4449 διά
3162 4395 3255 4448 τὸν
3283 4393 3517 4464 Κύριον,
3551 4388 3665 4445 ἀλλ’
3697 4378 3826 4473 οὗτος

581 4455 718 4562 ister
732 4503 1003 4560 scinditur
1048 4455 1377 4555 adventante
1421 4495 1525 4549 alia
1573 4501 1836 4559 tentante,
1875 4502 1931 4548 et
1967 4508 2141 4564 sugge

2270 4455 2594 4557 ἀπελθόντος
2631 4491 2727 4546 τοῦ
2760 4455 3113 4561 πιράέοντος
3141 4455 3399 4558 τέμνεται
3435 4455 3538 4540 καὶ
3566 4482 3721 4552 δόξης
3745 4472 3825 4547 χά·

583 4606 757 4662 rente,
803 4606 865 4649 ut
907 4593 1092 4663 gloriae
1130 4602 1298 4644 causa
1349 4587 1584 4657 hospitio
1641 4587 1933 4656 excipiam.
1968 4586 2010 4640 E
2040 4599 2174 4640 con-

582 4703 700 4747 tra:
740 4689 915 4743 habeo
943 4684 1329 4757 cogitationem
1374 4679 1780 4750 hospitalitatis,
1812 4686 1872 4732 ut
1898 4678 1967 4732 ab
1998 4677 2173 4732 homi-

1096 4775 1189 4831 sed
1244 4782 1301 4830 et
1360 4773 1462 4829 ista
1520 4772 1848 4836 dissecatnr,
1902 4770 2175 4826 subeunte

583 4783 751 4839 nibus
808 4778 995 4835 videar
1011 4814 1028 4843 ,

586 4874 814 4932 meliore
885 4869 1219 4940 cogitatione
1242 4904 1259 4931 ,

585 4970 847 5025 virtutem
896 4968 1146 5017 nostram
1195 4958 1418 5028 dirigit,
1472 4971 1683 5026 nosque
1736 4962 1912 5025 urget,
1953 4960 2013 5007 nt
2058 4966 2167 5007 non

590 5067 818 5132 propter
848 5054 1099 5111 homines
1138 5053 1242 5108 ista
1289 5050 1574 5106 faciamus.
1617 5048 1674 5103 Si
1711 5060 1843 5118 ergo
1886 5059 1983 5115 per
2005 5056 2168 5112 opera

592 5151 808 5208 tandem
841 5149 896 5205 in
945 5147 1139 5220 primis
1186 5157 1539 5206 maneamus,
1585 5139 1687 5195 etsi
1723 5137 1988 5192 fuerimus
2015 5149 2044 5188 a
2084 5147 2171 5187 se-

1342 4880 1465 4936 qnte
1487 4862 1554 4919 ad
1636 4862 1923 4919 Dominum
1992 4860 2174 4931 potius

2279 4606 2365 4661 ριν
2394 4586 2692 4656 φιλοξενεῖν
2726 4582 3142 4646 ύποϐάλλοντος.
3175 4579 3376 4635 Πάλιν·
3404 4578 3520 4649 ἔχω
3558 4570 3827 4661 φιλοξενίας

2273 4658 2533 4751 λογισμὸν
2567 4678 2706 4751 πρὸς
2751 4678 2812 4731 τὸ
2833 4677 2945 4740 τοῖς
2970 4674 3279 4748 ἀνθρώποις
3304 4671 3570 4743 φανῆναι,
3603 4666 3730 4723 ἀλλά
3752 4658 3825 4715 καὶ

2275 4768 2431 4837 οὗτος
2476 4771 2796 4833 ἐπελθόντος
2851 4768 3161 4840 κρείττονος
3195 4762 3461 4835 λογισμοῦ
3490 4760 3825 4829 διατέμνεταιν

2275 4864 2368 4917 τοῦ
2403 4863 2541 4933 πρὸς
2574 4862 2664 4914 τὸν
2684 4860 2893 4933 Κύριον
2919 4858 3122 4931 μᾶλλον
3152 4856 3309 4929 ἡμῶν
3339 4854 3439 4925 τὴν
3474 4851 3678 4925 ἀρετὴν
3691 4850 3827 4902 dm

2281 4954 2553 5018 θύνοντος,
2582 4952 2676 5006 καὶ
2711 4952 2785 5022 μὴ
2813 4951 2881 5005 δι’
2904 4949 3224 5021 ἀνθρώπους
3240 4946 3415 5002 ταῦτα
3434 4946 3697 5017 πράττειν
3712 4934 3828 5008 ἡμᾶς

2278 5045 2699 5114 ἀναγκάζοντος.
2718 5044 2813 5095 Ἂν
2837 5041 2932 5096 οῦν
2957 5040 3043 5094 διά
3058 5039 3167 5093 τῶν
3192 5038 3368 5110 ἔργων
3384 5035 3577 5088 λοιπὸν
3596 5033 3701 5093 τοῖς
3720 5037 3827 5093 προ·

2277 5140 2456 5209 τέροις
2515 5135 2863 5208 ἐμμείνωμεν
2896 5133 3004 5188 ὑπὸ
3030 5132 3137 5186 τῶν
3157 5130 3421 5198 δευτέρων
3440 5122 3825 5209 πειραζόμενφ,

832 5205 1045 5303 tentati,
1091 5246 1275 5291 tamen
1313 5248 1412 5303 pro
1440 5205 1573 5287 solis
1618 5228 1813 5299 primis
1860 5226 2054 5296 positis
2077 5240 2141 5279 co

2283 5205 2459 5300 μόνων
2472 5205 2581 5283 τῶν
2594 5205 2890 5297 προτέρων
2915 5226 3180 5278 τεθέντων
3207 5218 3487 5292 λογισμῶν
3523 5217 3710 5285 ἕξομεν
3728 5205 3829 5264 τοὺς

597 5332 955 5406 gitationibns
1002 5327 1281 5384 mercedes
1332 5323 1687 5377 habebimus:
1734 5315 2141 5389 quandoquidei

2283 5318 2664 5391 μισθοὺς,διότι
2676 5316 2772 5372 ἀνθ
2781 5332 2950 5387 ρωποι
2962 5316 3135 5377 ὄντες,
3151 5314 3244 5367 καί⁵
3256 5310 3583 5371 παλαίοντες
3598 5304 3827 5401 δαίμοσίιν-

597 5442 723 5482 eum
748 5421 999 5478 homines
1028 5419 1227 5485 simus,
1260 5428 1496 5484 cumque
1523 5410 1862 5466 daemonibus
1887 5408 2177 5472 luctemur,

2281 5386 2367 5468 ἀεὶ
2382 5412 2634 5483 κατέχειν
2670 5410 2763 5463 τὸν
2786 5386 2948 5479 ὀρθὸν
2977 5405 3236 5477 λογισμὸν
3260 5403 3541 5473 ἄφθαρτον
3561 5399 3657 5451 οὐκ
3680 5386 3825 5459 ἰσχύο-

603 5517 830 5572 minime
854 5513 1122 5577 valemus,
1154 5516 1362 5566 rectam
1395 5504 1781 5577 cogitationem
1810 5502 2141 5571 incorrupta

2287 5520 2407 5574 μεν,
2422 5503 2541 5557 οὐδὲ
2557 5500 2720 5557 πάλιν
2731 5499 2822 5554 τὸν
2837 5516 2972 5571 πονη
2981 5498 3071 5567 ρὸν
3083 5494 3341 5566 λογισμὸν
3353 5493 3441 5564 ἔχε
3451 5509 3502 5544 ιν
3513 5486 3823 5556 ἀπείραστονι

684 5714 705 5744 ¹¹
736 5710 929 5769 Matth.
966 5726 1037 5769 vi.
1067 5710 1161 5764 “25.
1234 5710 1276 5741 "
1310 5706 1353 5762 ll
1383 5707 1511 5764 Cor.
1542 5723 1620 5773 ιι,
1662 5707 1754 5761 27.
1833 5706 1876 5737 ¹⁶
1906 5704 2141 5776 Philipp.
2202 5716 2285 5765 tu,
2349 5701 2437 5766 l5,
2469 5698 2552 5758 l4.
2632 5699 2670 5730 “
2700 5695 2897 5767 Ephcs.
2926 5710 3001 5761 v1,
3038 5691 3119 5754 l2.
3195 5688 3261 5722 “‘
3286 5678 3480 5743 Matth.
3514 5693 3589 5745 νι,
3614 5670 3699 5729 2i-
