4066 6146
406 273 546 338 I209
661 283 664 285 λ

1434 276 1535 338 DE
1561 275 1937 338 MALIGNIS
1979 273 2652 344 COGITATIONIBUS.

3539 282 3678 352 1210

403 389 617 464 ἀρετῶν
649 388 940 462 σπέρματα
969 391 1317 472 κεκτημένοι.
1363 393 1511 466 Πλὴν
1541 393 1638 449 ὲάν
1657 412 1736 456 τις
1757 394 1984 468 χρονίσῃ

2113 412 2302 468 οηιρειθ
2345 399 2610 466 retinere;
2640 398 2784 456 sicut
2821 414 2851 454 c
2888 410 3102 467 contra,
3138 399 3301 472 520
3343 415 3466 455 cum
3503 402 3674 457 virtu-

404 482 516 537 τῶν
531 482 839 554 τεμνόντων
859 483 1134 554 λογισμῶν
1153 485 1211 537 ὲν
1225 487 1292 556 τῇ
1316 483 1469 558 χώρα
1486 487 1580 542 τοῦ
1597 488 1990 559 πειραζομένου

407 575 758 640 καθίσταται,
792 577 888 630 καὶ
937 576 1060 629 κατ’
1089 579 1294 631 ἐκεῖνον
1323 578 1509 634 λοιπὸν
1538 579 1630 634 τὸν
1674 581 1936 653 λογισμὸν
1963 584 1992 636 6

406 665 697 738 ἄνθρωπος
747 665 1066 736 κινούμενος
1132 669 1441 740 ἐνεργήσει.
1500 670 1621 724 Τῶν
1684 672 1993 741 ἀγγελικῶν

408 755 708 828 λογισμῶν,
737 759 831 812 καὶ
856 758 965 811 τῶν
984 757 1344 831 ἀνθρωπίνων
1369 760 1462 815 καὶ
1491 761 1601 815 τῶν
1625 763 1690 816 ὲκ
1717 763 1993 834 δαιμόνων

406 848 614 920 ταύτην
655 850 757 920 τὴν
799 849 1065 921 διαφορὰν
1111 854 1252 924 μετά
1281 851 1483 925 πολλῆς
1524 853 1626 926 τῆς
1669 857 1995 928 παρατηρή-

411 955 550 1003 σεως
578 939 902 1011 ἐγνώκαμεν
929 935 1092 1007 εἶναι,
1135 942 1219 997 ὅτι
1251 942 1469 1015 πρῶτον
1497 943 1599 1014 μὲν
1625 945 1674 998 οί
1710 945 1996 1013 άγγελικοὶ

408 1031 510 1095 τὰς
557 1029 750 1101 φύσεις
798 1032 909 1087 τῶν
963 1035 1312 1106 πραγμάτων
1364 1037 1854 1108 περιεργάζονται,
1899 1039 1997 1093 καὶ

411 1123 540 1186 τοὺς
587 1123 998 1195 πνευματικοὺς
1046 1125 1230 1181 αὐτῶν
1267 1125 1635 1199 δξιχνιάζουσι
1677 1128 1994 1201 λογισμούς.

413 1208 560 1277 Οἷον,
615 1213 763 1278 τίνος
812 1215 977 1287 χάριν
1025 1218 1318 1290 γεγένηται
1346 1220 1376 1272 6
1427 1221 1660 1291 χρυσὸς..
1685 1223 1781 1276 καὶ
1824 1222 1913 1277 διὰ
1940 1222 1998 1276 τί

415 1304 750 1376 ψαμμώδης,
792 1309 889 1362 καὶ
917 1309 1069 1363 κάτω
1101 1323 1204 1364 που
1231 1313 1347 1375 τοῖς
1379 1312 1590 1383 μορίοις
1633 1313 1736 1384 τῆς
1759 1315 1864 1385 γῆς
1905 1317 1999 1384 ἐγ-

421 1397 819 1470 κατέσπαρται,
856 1401 950 1455 καὶ
989 1401 1128 1471 μετὰ
1157 1402 1357 1457 πολλοῦ
1405 1405 1679 1473 καμάτου,
1711 1407 1806 1460 καὶ
1832 1406 1996 1460 πόνου

421 1486 766 1559 εύρίσκεταις
795 1491 946 1555 ὅπως
991 1509 1049 1546 τε
1087 1494 1332 1565 εὑρεθεὶς
1377 1493 1532 1550 ὕδατι
1571 1495 1852 1564 πλύνεται,
1902 1499 2000 1552 καὶ

422 1596 495 1633 πυ
503 1579 558 1649 pl.
581 1581 950 1651 παραδίδοται,
973 1584 1070 1639 καὶ
1091 1583 1263 1649 οὕτως
1285 1587 1366 1650 εἰς
1390 1588 1650 1658 τεχνιτῶν
1674 1588 1998 1660 ἐμϐάλλεται

420 1673 632 1742 χεῖρας,
665 1673 774 1726 τῶν
803 1676 1102 1730 ποιούντων
1130 1677 1230 1748 τῆς
1269 1679 1476 1750 σκηνῆς
1503 1679 1599 1750 τὴν
1628 1680 1870 1751 λυχνίαν,
1905 1682 2000 1736 καὶ

421 1762 482 1816 το
513 1763 900 1838 θυμιατήριον,
932 1768 1028 1822 καὶ
1059 1769 1159 1833 τὰς
1186 1747 1464 1836 θυΐσκαις,
1511 1747 1606 1827 καὶ
1777 1774 1996 1844 φιάλας,
2030 1747 2072 1801 Β

422 1855 480 1908 ὲν
514 1855 602 1920 αἷς
629 1858 818 1913 ούκέτι
847 1859 942 1913 νῦν
987 1862 1133 1916 πίνει
1182 1862 1272 1916 διὰ
1299 1863 1399 1935 τὴν
1436 1865 1596 1935 χάριν
1624 1865 1718 1919 τοῦ
1747 1867 2000 1938 Σωτῆρος

422 1949 582 2018 ήμῶν
608 1951 638 2002 6
664 1951 1003 2016 Βαϐυλώνιος
1034 1954 1311 2024 βασιλεύς,
1342 1956 1562 2012 Κλεόπα
1591 1957 1648 2011 δὲ
1679 1959 1834 2030 φέρει
1863 1977 2002 2031 καρ-

422 2038 539 2092 δίαν
567 2041 862 2113 καιομένην
892 2043 996 2096 ὑπὸ
1024 2044 1229 2099 τούτων
1263 2046 1599 2117 μυστηρίων.
1643 2048 1700 2102 '0
1730 2049 1788 2102 δὲ
1815 2049 2002 2119 δαιμο-

425 2129 618 2201 νιώδης
643 2131 925 2202 λογισμὸς,
955 2134 1128 2188 ταῦτα
1161 2135 1259 2206 μὲν
1286 2136 1410 2191 οὔτε
1435 2134 1594 2202 οἶδεν,
1626 2139 1750 2194 οὔτε
1779 2141 2003 2194 ἐπιστα-

423 2239 549 2275 ταιο
606 2223 773 2294 μόνην
819 2225 877 2278 δὲ
923 2226 1025 2296 τὴν
1079 2228 1273 2299 κτῆσιν
1324 2228 1418 2282 τοῦ
1467 2230 1729 2302 αἰσθητοῦ
1779 2232 2003 2302 χρυσίου

427 2315 739 2380 ὑποϐάλλει,
791 2319 883 2372 καὶ
917 2318 1014 2390 τὴν
1043 2320 1110 2373 ἑκ
1151 2319 1344 2374 τούτου
1376 2325 1589 2395 τρυφήν
1624 2341 1685 2377 τε
1727 2325 2005 2390 καὶδόξαν

427 2404 692 2474 ἐσομένην
730 2406 982 2476 προλέγει
1007 2425 1019 2438 ·
1052 2410 1080 2462 6
1109 2409 1166 2464 δὲ
1189 2410 1534 2482 ἀνθρώπινος
1565 2413 1840 2485 λογισμὸς,
1883 2416 2005 2471 οὐδὲ

425 2497 524 2569 τὴν
541 2499 731 2568 κτῆσιν
747 2502 1138 2574 ὲπιζητεί,οῦτε
1148 2506 1293 2570 τίνος
1309 2525 1375 2560 πε
1384 2524 1462 2576 ριε
1471 2508 1727 2578 ργάζεται
1739 2510 1802 2563 σύ
1811 2511 2006 2580 μσολον

427 2591 457 2643 6
481 2593 698 2662 χρυσὸς,
730 2593 865 2648 ἀλλὰ
894 2595 1052 2665 μόνον
1077 2598 1157 2660 είς
1177 2597 1274 2669 τὴν
1295 2598 1536 2653 διάνοιαν
1561 2600 1654 2654 τοῦ
1679 2602 1880 2672 χρυσοῦ
1907 2604 2008 2676 τὴν

431 2683 649 2755 μορφὴν
701 2686 944 2760 είσφέρει
973 2687 1158 2760 ψιλὴν,
1190 2690 1395 2754 πάθους
1429 2691 1741 2758 πλεονεξίας
1779 2711 2009 2766 κεχωρι-

430 2777 671 2848 σμένηνο
727 2779 756 2831 6
799 2779 857 2833 δὲ
919 2781 1080 2845 αὐτὸς
1136 2782 1294 2852 λόγος
1314 2822 1328 2845 ,
1374 2786 1470 2838 καὶ
1533 2787 1626 2839 ἐπὶ
1669 2787 1778 2841 τῶν
1831 2788 2008 2842 άλλων

429 2870 770 2939 πραγμάτων
817 2872 1142 2943 ῥηθήσεται,
1197 2877 1343 2930 κατὰ
1391 2877 1484 2930 τὸν
1534 2879 1740 2934 κακόνα
1819 2883 2009 2937 τοῦτον

433 2960 710 3030 μυστικῶς
751 2962 1182 3034 γυμναζόμενος.

2095 497 2210 544 tum
2268 490 2645 558 possideamns
2717 493 2962 558 semina,
3021 491 3218 545 tnalam
3290 493 3673 562 cogitationem

2095 581 2294 636 habere
2331 595 2438 635 non
2482 591 2777 651 possumus
2820 581 3175 636 intentatam:
3213 591 3588 638 verumtamen
3629 584 3674 638 si

2095 689 2216 744 qua:
2245 673 2635 744 c0gitationum
2678 675 2980 728 secantium
3005 673 3211 730 diutius
3244 674 3530 729 immorata
3561 675 3678 729 fue-

2099 767 2189 828 rit,
2235 765 2495 821 tentantis
2541 765 2751 821 obtinet
2783 775 2990 836 partes,
3033 775 3084 822 et
3137 777 3322 836 postea
3372 768 3675 824 secundum

2097 857 2243 912 illam
2299 856 2684 928 c0gitationem
2739 858 2904 912 homo
2961 867 3274 913 commotus
3331 860 3674 929 operabitur.

2095 947 2233 1004 Cum
2290 947 2461 1002 multa
2501 947 2886 1003 observatione
2923 947 3303 1018 cognovimus,
3349 949 3496 1019 quod
3535 949 3679 1004 inter

2095 1038 2452 1110 cogitationes
2512 1039 2811 1110 angelicas,
2838 1046 2896 1095 et
2929 1037 3218 1102 humanas,
3265 1053 3331 1094 ac
3361 1054 3457 1094 eas
3487 1056 3614 1111 quae
3645 1057 3678 1096 a

2095 1131 2436 1188 dteotiibus
2486 1133 2837 1201 proveniunt,
2869 1132 2987 1188 haec
3027 1133 3100 1188 sit
3138 1130 3466 1199 ditierentia,
3513 1133 3680 1188 nimi-

2096 1239 2242 1290 rum,
2263 1223 2407 1295 quod
2437 1223 2678 1294 primum
2699 1224 2920 1293 quidem
2948 1224 3208 1295 angelicae
3239 1233 3466 1280 naturas
3493 1239 3679 1278 rerum

2096 1314 2318 1371 curiose
2366 1328 2431 1369 ac
2460 1313 2750 1385 diligenter
2778 1313 3084 1384 inquirunt,
3115 1328 3392 1383 sensuque
3419 1313 3681 1382 spiritua-

2098 1407 2191 1473 lia,
2222 1421 2318 1461 seu
2346 1405 2706 1476 cogitationes
2746 1403 2989 1473 ipsarum
3033 1402 3385 1472 investigant.
3435 1401 3680 1472 Exempli

2098 1500 2301 1572 gratia,
2329 1512 2502 1569 quare
2555 1496 2761 1553 factum
2817 1495 2984 1551 fuerit
3025 1511 3246 1561 aurum,
3291 1509 3569 1565 quamque
3609 1495 3682 1549 ob

2099 1607 2320 1648 causam
2373 1604 2665 1645 arenosum
2712 1588 2822 1654 sit,
2879 1587 3046 1657 inque
3119 1584 3475 1641 inferioribus
3527 1593 3685 1640 terra:
3736 1658 3739 1659 ν

2103 1686 2348 1752 partibus
2395 1684 2562 1740 fuerit
2607 1683 3061 1747 disseminatum,
3105 1695 3344 1750 eumque
3376 1695 3574 1750 magno
3607 1681 3686 1732 ia-

2105 1778 2235 1831 bore
2268 1790 2332 1830 ac
2365 1788 2532 1842 opere
2554 1772 2904 1826 inveniatur?
2925 1777 2998 1837 et,
3031 1785 3158 1824 cum
3191 1770 3470 1824 inventum
3500 1768 3684 1830 fuerit,

2103 1881 2214 1937 quo
2243 1874 2406 1935 pacto
2448 1880 2591 1934 aqua
2633 1862 2921 1933 perluitur,
2949 1869 3004 1916 et
3047 1861 3156 1930 igni
3201 1859 3456 1924 traditur,
3499 1860 3688 1928 sicque

2105 1959 2156 2013 in
2190 1956 2464 2011 artificum
2496 1954 2742 2024 injicitur
2777 1969 2992 2019 manus,
3036 1954 3131 2023 qui
3176 1952 3386 2008 faciunt
3429 1951 3688 2006 taberna-

2107 2052 2214 2106 culi
2237 2049 2652 2112 candelabrum,
2679 2055 2735 2102 et
2768 2046 3133 2112 thuribulum,
3159 2053 3214 2100 et
3231 2043 3544 2098 mortariola
3573 2040 3690 2096 sive

2106 2143 2412 2207 acetabula,
2443 2149 2497 2195 et
2533 2141 2817 2209 phialas“,
2851 2141 2904 2192 in
2935 2138 3138 2208 quibus
3165 2152 3260 2206 per
3290 2134 3521 2208 gratiam
3569 2133 3691 2187 Sal-

2106 2235 2309 2290 vatoris
2356 2233 2528 2289 nostri
2567 2247 2678 2286 non
2723 2229 2958 2299 amplius
3000 2243 3147 2283 nunc
3187 2226 3325 2281 bibit
3360 2223 3690 2294 Babylonius

2106 2342 2237 2392 rex;
2289 2324 2385 2380 sed
2431 2321 2656 2376 abistis
2695 2317 3054 2375 sacramentis
3095 2315 3297 2386 Cleopa
3345 2314 3448 2370 fert
3470 2329 3568 2369 cor
3598 2328 3690 2367 ar-

2108 2415 2316 2472 dens”.
2353 2412 2551 2468 Verum
2585 2409 2919 2467 daemoniaca
2947 2407 3213 2479 cogitatio
3253 2420 3357 2462 nec
3379 2404 3535 2460 novit
3561 2403 3689 2470 ista,

2111 2525 2212 2565 nec
2258 2507 2396 2574 scit;
2423 2505 2518 2562 sed
2564 2503 2735 2559 solam
2783 2501 2906 2557 auri
2958 2499 3239 2557 sensibilis
3283 2499 3690 2570 possessionem

2110 2600 2457 2673 impudenter
2490 2595 2752 2668 suggerit,
2794 2603 2850 2649 et
2879 2592 3127 2658 delicias,
3171 2605 3296 2662 quae
3325 2590 3453 2646 inde
3495 2603 3695 2659 prove-

2113 2696 2289 2762 niunt,
2343 2701 2508 2764 atque
2547 2690 2790 2746 futuram
2839 2685 3072 2758 gloriam
3122 2683 3403 2755 praedicit;
3451 2682 3694 2738 humana

2112 2804 2243 2846 vero
2287 2786 2546 2857 cogitatio
2635 2798 2737 2840 nec
2787 2781 3194 2853 possessionem
3249 2777 3468 2848 quaerit,
3520 2788 3696 2844 neque

2113 2882 2276 2953 cujus
2304 2880 2381 2935 rei
2415 2891 2614 2933 aurum
2645 2875 2720 2932 sit
2751 2873 3081 2945 symbolum,
3106 2866 3211 2928 seu
3234 2869 3451 2939 signum
3479 2866 3697 2923 curiose

2113 2973 2396 3046 disquirit,
2426 2971 2521 3027 sed
2542 2966 2888 3025 solummodo
2911 2964 2966 3020 in
2991 2971 3231 3017 mentem
3259 2957 3558 3016 introducit
3576 2955 3696 3012 auri

431 3051 664 3107 formam
709 3064 1014 3124 separatam
1043 3058 1114 3112 ab
1154 3060 1397 3117 avaritiae
1437 3065 1731 3132 passione:
1778 3066 1964 3142 itaque
2014 3071 2158 3129 idem
2223 3078 2428 3132 sermo,
2453 3071 2510 3118 et
2567 3061 2636 3116 de
2695 3056 2907 3114 caeteris
2931 3053 3055 3110 aliis
3083 3052 3369 3118 dicendus,
3397 3047 3695 3106 secundum

430 3146 576 3201 hanc
600 3147 840 3216 regulam
873 3149 1101 3220 mystice
1131 3153 1482 3211 exercitatus.

1033 3269 1281 3324 ΚΕΦΔΛ.
1322 3273 1405 3325 H'.

506 3377 663 3431 Ἐστι
695 3378 924 3450 δαίμων,
958 3382 1158 3446 πλάνος
1187 3385 1502 3456 λεγόμενος,
1537 3391 1631 3444 καὶ
1663 3391 1771 3446 ὑπὸ
1802 3392 1902 3464 τὴν
1939 3392 2016 3447 ἔω

439 3468 676 3538 μάλιστα
717 3473 830 3534 τοῖς
873 3473 1122 3542 ἀδελφοῖς
1155 3478 1508 3547 παρίσταται,
1558 3483 1710 3545 ὅστις
1758 3483 2018 3554 περιάγει

436 3558 533 3613 τοῦ
562 3561 919 3633 άναχωρητοῦ
946 3566 1036 3618 τὸν
1065 3567 1190 3620 νοῦν
1220 3569 1329 3622 ἀπὸ
1357 3571 1569 3635 πόλεως
1595 3575 1675 3637 είς
1715 3573 1890 3638 πόλιν,
1924 3577 2019 3629 καὶ

438 3651 549 3703 άπδ
596 3652 777 3717 οἰκίας
809 3655 889 3718 είς
919 3657 1118 3725 οίκίαν,
1172 3659 1270 3712 καὶ
1301 3661 1408 3715 ἀπὸ
1451 3660 1646 3734 κώμης
1678 3665 1759 3727 είς
1799 3666 2016 3736 κώμην,

437 3740 602 3810 ψιλὰς
629 3743 792 3814 δῆθεν
825 3746 1040 3818 πρῶτον
1078 3751 1181 3813 τὰς
1210 3752 1500 3822 συντυχίας
1543 3756 1888 3826 ποιούμενον,
1925 3756 2021 3810 καὶ

438 3838 738 3908 γνωρίμοις
758 3837 870 3891 τισὶ
895 3839 1251 3907 τυγχάνοντα,
1275 3842 1370 3894 καὶ
1391 3841 1654 3896 λαλοῦντα
1683 3843 2018 3915 μακρότερα,

439 3929 536 3984 καὶ
562 3931 663 4000 τὴν
693 3929 903 3984 οἰκείαν
935 3931 1072 4003 πρὸς
1099 3934 1226 3996 τοὺς
1275 3933 1639 4000 ἀπαντῶντας
1689 3935 2022 3990 κατάστασιν

439 4021 842 4098 διαφθείροντα,
874 4023 970 4077 καὶ
997 4023 1214 4095 μακρὰν
1240 4024 1545 4095 γινόμενον,
1570 4025 1692 4079 κατ’
1722 4027 1902 4096 ὀλίγον
1925 4027 2022 4098 τῆς

440 4094 698 4184 γνώσεως
724 4113 821 4168 τοῦ
846 4115 1002 4182 Θεοῦ,
1051 4094 1146 4169 καὶ
1175 4116 1276 4186 τῆς
1308 4094 1533 4188 ἀρετῆς,
1580 4119 1677 4172 καὶ
1705 4117 1800 4172 τοῦ
1820 4094 1828 4096 ἡ
1848 4094 2021 4187 ἑπαγ-

440 4205 538 4276 γὲλ
547 4222 716 4276 ματος
739 4205 910 4276 λήθην
936 4206 1307 4276 λαμϐάνοντα.
1335 4211 1428 4262 Δεῖ
1449 4206 1542 4264 οὗν
1566 4209 1658 4264 τὸν
1673 4189 2026 4282 ’ἀναχωροῦν-

444 4315 532 4362 τα,
564 4295 755 4351 τοῦτον
787 4299 998 4367 τηρεῖν,
1030 4299 1194 4352 πόθεν
1218 4317 1277 4352 τε
1303 4301 1557 4371 ἄρχεται,
1603 4303 1699 4356 καὶ
1723 4301 1825 4355 ποῦ
1857 4319 2026 4356 κατα-

358 4387 360 4390 ’
443 4389 621 4462 λήγει·
665 4389 727 4441 ού
762 4388 871 4456 γὰρ
905 4389 1049 4458 εἰκῆ.
1083 4391 1204 4444 οὐδὲ
1233 4391 1308 4455 ὡς
1342 4392 1504 4464 ἔτυχε
1554 4394 1767 4465 μακρὸν
1817 4397 2025 4448 ἐκεῖνον

445 4466 644 4538 κύκλον
691 4487 1000 4558 ἐργάζεται,
1053 4485 1186 4540 ἀλλᾶ
1229 4487 1329 4558 τὴν
1377 4487 1711 4540 κατάστασιν
1755 4485 1850 4540 τοῦ
1897 4488 2026 4540 ἀνα.-

2607 3264 2765 3336 521
2806 3257 3037 3318 CAPUT
3075 3255 3215 3312 vui.

2190 3381 2481 3456 Reperitur
2513 3379 2748 3441 daemon,
2781 3374 2876 3444 qui
2906 3371 3108 3427 dicitur
3134 3368 3412 3437 deceptor,
3466 3371 3522 3419 et
3561 3377 3702 3432 pra:-

2118 3479 2306 3536 sertim
2336 3476 2442 3532 sub
2472 3485 2725 3530 auroram
2768 3467 3034 3523 fratribus
3068 3471 3228 3529 astat,
3257 3461 3354 3532 qui
3393 3457 3700 3516 secedentis

2119 3570 2468 3627 anachoreta:
2496 3571 2732 3620 mentem
2761 3557 3088 3627 circumagit
3117 3570 3149 3610 e
3177 3555 3397 3610 civitate
3425 3552 3481 3606 in
3509 3551 3702 3605 civitao

2120 3672 2254 3726 tem,
2289 3668 2345 3717 et
2380 3675 2411 3715 e
2444 3659 2609 3714 domo
2641 3657 2694 3709 in
2723 3653 2970 3715 domum,
3003 3658 3058 3704 et
3087 3664 3119 3703 c
3151 3648 3271 3703 vico
3305 3646 3363 3700 in
3407 3644 3614 3708 vicum,
3647 3645 3700 3696 in

2121 3749 2318 3823 primis
2350 3746 2606 3802 videlicet
2635 3740 2908 3810 simplicia
2956 3739 3248 3792 habentem
3293 3734 3603 3804 colloquia,
3649 3740 3704 3786 et

2123 3857 2251 3898 cum
2284 3836 2614 3910 quibusdam
2645 3831 2880 3902 cognitis
2911 3838 3354 3892 conversantem,
3384 3837 3548 3896 atque
3577 3840 3703 3895 pro-

2125 3932 2296 3988 lixius
2324 3929 2748 3996 colloquentem,
2771 3920 3166 3992 propriumque
3195 3927 3398 3974 statum
3419 3918 3486 3971 ad
3511 3917 3704 3971 obvios

2123 4040 2234 4080 non
2260 4028 2594 4083 servantem,
2628 4024 2684 4071 et
2713 4013 2975 4084 paulatim
3017 4025 3140 4066 sese
3175 4009 3365 4080 procul
3405 4023 3437 4062 a
3469 4005 3565 4061 Dei
3607 4021 3704 4062 co-

2125 4117 2365 4188 gnitione
2395 4111 2760 4177 elongantem,
2795 4106 3165 4172 virtutemque
3196 4116 3260 4156 ac
3300 4099 3697 4170 professionem

2125 4205 2389 4265 oblivioni
2421 4201 2793 4260 mandantem.
2827 4197 3054 4267 Oportet
3095 4196 3315 4264 itaque,
3361 4193 3507 4263 quod
3551 4206 3705 4248 sece-

2125 4302 2260 4358 dens
2297 4295 2628 4354 anachoreta
2671 4301 2830 4348 caute
2877 4290 3130 4345 observet
3164 4287 3467 4343 dzemonem
3513 4286 3702 4350 istum,

2129 4390 2274 4446 unde
2309 4386 2555 4457 incipiat,
2585 4391 2640 4439 et
2677 4397 2787 4452 quo
2816 4380 3062 4444 desinat;
3093 4377 3296 4436 etenim
3332 4367 3703 4439 non‘temere,

2128 4497 2308 4555 neque
2330 4495 2463 4538 casu
2494 4479 2714 4549 longum
2756 4475 2908 4530 illum
2957 4471 3226 4527 circulum
3272 4483 3500 4540 operose
3528 4467 3705 4532 ducit;

445 4575 696 4648 χωρητοῦ
735 4578 1068 4650 διαφθείρειν
1115 4578 1461 4650 βουλόμενος,
1501 4577 1673 4632 ταῦτα
1725 4581 1889 4640 ποιεῖ,
1939 4578 2012 4631 ἵνα

2131 4589 2324 4630 verum
2355 4573 2462 4628 ista
2500 4568 2652 4634 facit,
2685 4582 2752 4623 eo
2779 4565 2925 4636 quod
2969 4563 3099 4617 velit
3125 4562 3470 4617 anachoreta:
3504 4566 3706 4613 statum

445 4668 734 4729 ἑκκαυθεὶς
763 4672 825 4722 ὲκ
851 4669 1055 4723 τούτων
1074 4673 1103 4722 6
1124 4669 1271 4736 νοῦς,
1297 4671 1390 4724 καὶ
1416 4673 1480 4724 ὲκ
1512 4671 1620 4723 τῶν
1653 4670 1865 4724 πολλῶν
1901 4685 2028 4723 συν-

446 4759 645 4831 τυχιῶν
682 4759 973 4829 μεθυσθεὶς
1015 4759 1216 4823 εὐθέως
1258 4761 1338 4830 τῷ
1379 4761 1479 4830 τῆς
1525 4761 1804 4831 πορνείας,
1843 4761 1876 4833 ἦ
1928 4761 2026 4832 τῆς

447 4849 638 4920 ὀργῆς,
671 4850 705 4920 ἢ
755 4851 832 4920 τῷ
888 4851 988 4920 τῆς
1020 4851 1196 4921 λύπης
1241 4853 1452 4923 δαίμονι
1504 4854 1799 4927 περιπέσῃ,
1833 4854 2027 4918 οἵτινες

452 4941 688 4994 μάλιστα
727 4941 1080 5013 λυμαίνονται
1131 4946 1231 5014 τῆς
1277 4944 1667 5008 καταστάσεως
1710 4946 1875 4999 αὐτοῦ
1923 4946 2025 5015 τὴν

448 5033 830 5104 λαμπρότητα.
884 5034 1025 5087 Ἀλλ’
1055 5036 1238 5104 ἡμεῖς,
1271 5035 1430 5105 είπερ
1469 5035 1665 5106 ἔχομεν
1696 5037 1899 5091 σκοπὸν
1930 5036 2024 5090 τοῦ

450 5124 654 5191 γνῶναι
699 5124 887 5190 σαφῶς
915 5125 1017 5194 τὴν
1047 5109 1240 5180 τούτου
1283 5128 1642 5196 πανουργίαν,
1698 5126 2029 5198 μὴίταχέως

455 5214 819 5283 φθεγξώμεθα
856 5216 992 5285 πρὸς
1023 5217 1208 5282 αὑτὸν,
1257 5218 1390 5288 μηδὲ
1416 5217 1752 5287 δεικνύωμεν
1781 5218 1854 5271 τὰ
1883 5219 2033 5286 γινό-

460 5322 619 5376 μενα,
669 5305 789 5368 πῶς
832 5305 974 5362 κατά
1000 5307 1099 5378 τὴν
1130 5308 1370 5366 διάνοιαν
1411 5309 1514 5370 τὰς
1541 5309 1832 5380 συντυχίας
1863 5311 2030 5380 ἐργά-

456 5395 631 5462 ζεται,
678 5395 775 5448 καὶ
817 5397 938 5450 τίνα
980 5398 1181 5466 τρόπον
1225 5396 1345 5452 κατ’
1377 5397 1556 5466 ὀλίγον
1599 5399 1908 5453 συνελαύνει
1939 5401 2030 5454 τὸν

454 5483 580 5544 νοῦν
628 5486 765 5557 πρὸς
811 5487 904 5542 τὸν
953 5487 1203 5557 θάνατον,
1254 5489 1376 5542 ἐπεὶ
1405 5488 1660 5558 φεύξεται
1705 5492 1801 5560 ἀφ’
1849 5492 2028 5562 ἡμῶνο

2131 4666 2468 4736 disperdere,
2493 4676 2558 4718 ac
2584 4673 2956 4729 corrumpere,
2981 4665 3041 4711 ut
3072 4670 3229 4711 mens
3249 4669 3315 4709 ex
3345 4653 3464 4707 istis
3490 4649 3708 4704 inﬂam-

2134 4768 2301 4821 mata,
2353 4762 2406 4810 et
2452 4768 2485 4810 e
2536 4751 2726 4808 multis
2764 4749 3055 4819 colloquiis
3085 4745 3387 4810 inebriata,
3419 4741 3705 4798 confestim

2135 4847 2344 4905 incidat
2376 4844 2432 4900 in
2461 4844 2765 4900 damonem
2803 4836 3206 4899 fornicationis,
3261 4833 3342 4887 vel
3391 4829 3707 4893 iracundiae,

2131 4938 2217 4993 vel
2247 4935 2501 5000 tristitiae,
2527 4934 2622 5003 qui
2656 4932 2896 4986 maxime
2925 4928 3119 4982 vitiant
3166 4940 3231 4981 ac
3278 4924 3483 4978 laedunt
3529 4928 3709 4977 status

2134 5031 2256 5100 ejus
2285 5029 2612 5084 claritatem.
2646 5023 2759 5078 Nos
2794 5036 2943 5088 vero,
2982 5021 3029 5076 si
3060 5019 3415 5074 intentionem
3448 5016 3711 5069 habemus

2133 5122 2439 5179 luculenter
2483 5115 2834 5190 dignoscendi
2894 5113 3056 5183 hujus
3111 5111 3447 5175 versutiam,
3494 5122 3564 5164 ne
3601 5106 3711 5162 cito

2132 5215 2264 5286 quid
2284 5212 2388 5283 ipsi
2413 5209 2779 5283 proferamus,
2806 5221 2940 5261 neve
2968 5203 3384 5280 patefaciamus,
3407 5215 3532 5271 qua
3551 5199 3707 5261 fiunt,

2135 5307 2411 5377 quomodo
2460 5303 2720 5358 nimirum
2774 5296 3160 5353 intellectualia
3208 5294 3504 5350 fabricetur
3540 5291 3713 5348 collo-

2134 5400 2286 5470 quia,
2353 5410 2573 5468 quoque
2635 5402 2794 5464 pacto
2858 5389 3118 5460 paulatim
3173 5396 3411 5444 mentem
3475 5382 3713 5453 compel-

2137 5493 2213 5546 lat
2257 5490 2324 5545 ad
2373 5497 2642 5554 mortem,
2692 5486 2817 5556 quia
2875 5483 3043 5556 fugiet
3083 5499 3115 5540 a
3171 5482 3370 5548 nobis,
3419 5494 3522 5536 nec
3563 5477 3724 5534 enim

1141 5669 1180 5699 “
1215 5669 1386 5727 Exod.
1415 5685 1536 5732 xxv,
1563 5673 1632 5732 29
1661 5693 1675 5738 ;
1727 5671 1745 5726 1
1782 5669 1955 5726 Much.
1990 5689 2012 5726 ιη

2113 5669 2400 5738 5;Jcrem.
2433 5686 2530 5732 Lit,
2583 5668 2670 5734 18,
2732 5667 2821 5723 l9.
2903 5665 2945 5696 ¹³
3010 5665 3298 5728 Luctum,
3333 5662 3422 5723 18,
3452 5655 3543 5712 52.
