4066 6146
432 282 573 349 1213

1429 283 1528 343 DE
1590 279 1961 342 MALIGNIS
2025 277 2687 339 COGlTATlONlBUS.

3542 266 3676 329 122;!

420 397 740 463 ἀποδύεται,
773 397 869 452 καὶ
912 397 1014 468 τὴν
1047 397 1344 468 ἁμαρτίαν,
1395 398 1495 468 οὐχ
1543 397 1824 469 ἁμαρτίαν
1858 391 2000 449 εἶναι

2115 403 2274 458 metu,
2323 410 2383 450 ac
2436 396 2728 450 devotione
2760 395 2993 454 exuitur,
3044 402 3154 446 tum
3201 399 3480 458 peccatum
3526 395 3680 458 putat
3730 445 3732 448 l

420 492 717 561 λογίζεται,
772 491 866 548 καὶ
909 490 1010 561 τὴν
1059 491 1408 560 παρανομίαν
1454 492 1516 544 οὐ
1558 489 1773 560 νομίζει
1824 505 2002 559 παρα-

423 583 640 654 νομίαν,
676 582 956 645 κολάσεως
987 581 1046 635 δὲ
1075 583 1168 635 καὶ
1201 583 1437 651 κρίσεως
1467 583 1709 647 αίωνίου,
1739 582 1815 644 ὡς
1846 579 2002 650 ψιλοῦ

427 677 672 746 ῥήματος
705 674 1000 744 μέμνηται,
1033 673 1310 742 καταγελᾷ
1334 673 1394 726 δὲ
1419 673 1588 735 ὅντως
1613 671 1837 740 σεισμοῦ
1873 687 2006 740 πυρ-

426 768 619 835 φόρου,
666 765 762 817 καὶ
789 763 922 816 Θεὸν
960 763 1058 833 μὲν
1089 763 1253 833 δῆθεν
1306 763 1578 832 ὁμολογεῖ,
1622 762 1674 815 τί
1726 762 1784 814 δὲ
1834 775 2006 830 προσ-

426 855 617 921 έταξεν
646 855 748 908 οὐκ
773 853 1062 908 ἐπίσταται
1085 871 1100 885 ·
1139 852 1369 918 τύπτεις
1393 856 1474 918 είς
1503 853 1570 907 τὰ
1601 852 1795 924 στήθη,
1828 869 2008 905 κινου-

430 948 597 1015 μένης
646 945 821 1014 αύτῆς
870 944 1010 1016 πρὸς
1058 945 1159 1016 τὴν
1211 946 1520 1016 ἁμαρτίαν,
1571 945 1665 999 καὶ
1716 944 1858 1015 αὕτη
1907 945 2009 997 οῦκ

427 1036 769 1098 αἰσθάνεται.
790 1035 924 1090 Ἀπὸ
954 1036 1188 1107 Γραφῶν
1216 1038 1462 1109 διαλέγῃ.
1492 1038 1587 1090 καὶ
1614 1038 1710 1106 ὅλη
1738 1035 2009 1106 πεπωρω-

426 1144 538 1190 ται,
573 1129 668 1180 καὶ
693 1127 798 1180 οὐκ
837 1127 1049 1181 ἀκούει·
1092 1127 1294 1191 δνειδσς
1319 1129 1458 1197 αὐτῇ
1489 1127 1552 1181 τὸ
1585 1130 1736 1198 παρὰ
1775 1126 1884 1178 τῶν
1911 1125 2008 1180 ἀν-

429 1215 666 1288 θρώπων
699 1219 1060 1286 προσφέρεις,
1090 1217 1186 1270 καὶ
1209 1218 1276 1269 ού
1300 1217 1574 1285 λογίζεται
1603 1216 1704 1286 τὴν
1726 1215 1877 1284 παρὰ
1901 1217 2013 1278 τοῖς

427 1307 741 1379 ἀνθρώποις
774 1310 1064 1379 αἰσχύνην,
1103 1310 1200 1363 καὶ
1232 1309 1369 1378 αῦτη
1397 1309 1535 1371 ὅλως
1563 1309 1627 1361 οὐ
1655 1309 1891 1375 συνίησι,
1926 1308 2008 1361 δί-

431 1418 535 1470 κην
578 1401 763 1471 χοίρου
797 1400 1194 1471 καμμύσαντος
1228 1401 1562 1470 ὀφθαλμοὺς.
1589 1401 1682 1452 καὶ
1724 1401 1816 1453 τὸν
1836 1417 2014 1470 φραγ-

438 1493 539 1561 μὸν
563 1493 948 1557 διακόπτοντος
971 1511 985 1525 ·
1019 1493 1204 1546 τοῦτον
1232 1493 1289 1545 δὲ
1329 1491 1422 1545 τὸν
1456 1492 1686 1561 δαίμονα
1707 1492 2014 1557 κενοδοξίας

431 1583 779 1654 χρονίσαντες
813 1585 1078 1652 ἐπάγουσι
1127 1583 1400 1651 λογισμοὶ,
1445 1580 1506 1637 οὗ
1548 1586 1597 1638 εί
1642 1583 1716 1651 μὴ
1747 1583 2008 1635 ἐκολοϐώ-

433 1673 607 1743 θησαν
636 1675 692 1726 αἱ
717 1673 946 1745 ἡμέραι,
974 1675 1076 1727 οὐκ
1097 1675 1164 1727 ἂν
1189 1673 1366 1742 ἐσώθη
1397 1675 1548 1726 πᾶσα
1577 1673 1733 1741 σὰρξ.
1769 1659 1876 1727 και
1904 1674 2012 1744 γὰρ

430 1764 540 1818 τῶν
570 1765 811 1826 σπανίως
843 1764 1301 1834 παραδαλλόντων
1333 1767 1445 1822 τοῖς
1474 1763 1742 1831 ἀδελφοῖς,
1770 1765 1886 1816 ἐστὶ
1914 1764 2008 1816 καὶ

431 1854 465 1924 ἡ
498 1856 647 1908 αίτία
675 1855 944 1926 πρόδηλος
965 1873 978 1886 ο
1023 1856 1121 1909 ἐπὶ
1155 1858 1464 1925 συμφοραῖς
1496 1855 1606 1926 γὰρ
1644 1856 1850 1925 ἑτέρων
1881 1855 1914 1926 ἢ
1951 1858 2007 1908 ὲν

429 1945 608 2008 νόσοις
635 1947 992 2017 πιεζομένων,
1039 1947 1072 2017 ἢ
1123 1949 1180 2000 έν
1217 1946 1488 2016 φυλακαῖς
1514 1946 1940 2016 δυστυχούντων,
1972 1946 2006 2018 ἢ

429 2038 722 2105 αἱφνιδὶοις
779 2038 1223 2108 περιπιπτόντων
1279 2038 1570 2102 θανάτοις,
1644 2037 2008 2107 φυγαδεύεται

429 2123 602 2193 οὗτος,
633 2131 732 2197 τῆς
759 2129 936 2199 ψυχῆς
964 2130 1108 2182 κατά
1141 2129 1336 2200 μικρὸν
1379 2129 1885 2200 κατανυσσομένης,
1914 2127 2009 2181 καὶ

429 2223 508 2283 si;
541 2221 885 2288 συμπάθειαν
911 2221 1238 2291 ἐρχομένης,
1269 2222 1363 2275 καὶ
1389 2220 1739 2288 διαλυομένου
1766 2220 1862 2272 τοῦ
1895 2221 2011 2274 δαι-

376 2340 384 2348 ·
436 2309 622 2381 μανίου
674 2310 1039 2381 πωριὶηιατος,
1090 2305 1166 2363 ὧν
1211 2312 1375 2380 ἡμεῖς
1422 2311 1739 2380 ἀποροῦμεν
1789 2310 1877 2362 διὰ
1909 2309 2008 2378 τὴν

433 2401 668 2474 ἔρημον,
732 2405 825 2458 καὶ
869 2405 968 2475 τὴν
1029 2403 1225 2456 σπάνιν
1276 2403 1387 2458 τῶν
1455 2405 1586 2474 παρ’
1645 2405 1778 2474 ἡμῖν
1843 2401 2007 2454 ἀσθε-

439 2510 532 2546 νου
538 2511 694 2550 ντων.

1027 2802 1280 2858 ΚΕΦΔΛ.
1319 2802 1419 2857 iB'.

509 2913 714 2968 Τοῦτον
743 2912 835 2967 τὸν
865 2913 1098 2984 δαίμονα
1133 2913 1370 2984 μάλιστα
1401 2913 1720 2984 φυγαδεύων
1749 2915 1776 2967 ὁ
1808 2915 2009 2985 Κύριος

435 3007 496 3059 ἓν
529 3008 638 3068 τοῖς
684 3003 1035 3073 Εὐαγγελίοις
1077 3004 1406 3072 προσέταξεν
1452 3004 1812 3069 ἀσθενοῦντας
1852 3007 2004 3077 όρᾴν,

434 3099 528 3151 καὶ
554 3097 681 3160 τοὺς
712 3098 770 3149 ὲν
800 3095 1013 3166 φυλακῇ
1042 3095 1463 3148 ἐπισκέπτεσθαι
1487 3111 1502 3127 ο
1557 3113 1574 3146 ι
1613 3096 1868 3168 Ἀσθενὴς
1897 3097 2008 3169 γὰρ

433 3189 602 3256 ἥμην,
635 3187 788 3256 φησὶ,
816 3185 910 3239 καὶ
943 3182 1319 3250 ἐπεσκέψασθέ
1351 3202 1440 3255 με,
1473 3187 1566 3240 καὶ
1590 3187 1646 3240 έν
1681 3188 1892 3260 φυλακῇ
1918 3191 2012 3242 καὶ

434 3277 623 3347 nam
654 3278 789 3348 πρός
821 3294 908 3347 με.
951 3295 968 3327 ι
1005 3275 1152 3345 Πλὴν
1182 3275 1342 3329 τοῦτο
1371 3278 1636 3343 ίστέον,εί
1654 3297 1735 3342 τις
1760 3278 1867 3333 τῶν
1884 3279 2012 3333 ἀνα-

435 3368 717 3438 χωρητῶν,
767 3367 1081 3438 περιπεσὼν
1112 3366 1286 3437 τούτῳ
1315 3367 1394 3438 τῷ
1437 3368 1672 3439 δαίμονι,
1721 3370 2014 3442 λογισμοὺς

438 3459 539 3512 ούκ
581 3459 739 3512 έλαὸε
786 3459 1096 3530 πορνικοῦς,
1139 3457 1295 3529 ἢτὸν
1337 3454 1486 3512 οἷκον
1517 3461 1746 3532 ἀκηδίας
1788 3462 1850 3515 ού
1880 3481 2014 3516 κατ-

441 3549 645 3613 έλιπεν,
661 3541 816 3612 οὗτος
844 3549 1218 3619 σωφροσύνην,
1244 3551 1338 3602 καὶ
1355 3550 1638 3621 ὑπομονὴν
1653 3553 1748 3605 ἀπ’
1769 3553 2014 3624 οὐρανῶν

442 3638 656 3703 ἐδέξατο
701 3637 1083 3705 κατελθοῦσας,
1119 3640 1213 3694 καὶ
1247 3639 1517 3712 μακάριός
1551 3644 1668 3695 ἐστι
1693 3643 1793 3712 τῆς
1830 3643 2015 3696 τοιαύ-

440 3747 540 3799 της
566 3729 916 3809 καταξιωθεὶς
946 3731 1234 3794 ἀπαθείας.
1273 3732 1427 3785 Ὅσοι
1457 3731 1515 3785 δὲ
1545 3731 1654 3786 τῶν
1688 3734 2017 3802 ἐπαγγελλο-

442 3823 620 3892 μένων
644 3822 973 3888 θεοσέϐειαν,
1001 3823 1099 3876 καὶ
1125 3825 1407 3894 κοσμικοῖς
1439 3823 1854 3887 συναυλίζεσθαι
1884 3841 2017 3895 προ-

439 3913 740 3985 αιροῦνται,
769 3913 1222 3983 φυλαττέσθωσαν
1243 3913 1434 3968 τούτου
1454 3914 1549 3968 τοῦ
1567 3915 1839 3986 δαίμονος.
1877 3916 2017 3985 Ἐγὼ

441 4007 548 4076 γὰρ
581 4005 709 4076 περὶ
736 4004 903 4058 αὑτοῦ
933 4003 1094 4059 πλέον
1124 4021 1176 4059 τι
1204 4004 1404 4075 λέγειν,
1428 4005 1462 4077 ἢ
1490 4006 1744 4077 γράφειν,
1775 4007 2015 4070 καὶτοὺς

441 4093 762 4167 ἀνθρώπους
792 4094 1146 4166 αἰσχύνομαι.
1899 4099 1920 4119 ⁸

1036 4443 1290 4498 ΚΕΦΔΔ.
1332 4445 1431 4501 II".

512 4556 720 4620 Πάντες
745 4558 793 4610 οἱ
824 4555 1078 4624 δαίμονες
1113 4557 1394 4628 φιλήδονον
1440 4559 1748 4613 διδάσκουσι
1782 4559 1882 4632 τὴν
1908 4560 2014 4629 ψυ-

442 4649 563 4718 χὴνο
611 4648 768 4719 μόνος
805 4648 860 4700 δὲ
891 4651 918 4700 ὁ
949 4651 1046 4716 τῆς
1080 4647 1256 4718 λύπης
1301 4647 1529 4719 δαίμων,
1558 4649 1712 4704 τοῦτο
1758 4651 2015 4722 πράττειν

443 4739 505 4791 οὐ
539 4739 919 4810 καταδέχεται,
967 4739 1100 4791 ἀλλὰ
1127 4742 1221 4793 καὶ
1247 4741 1355 4796 τῶν
1385 4741 1733 4796 εἰσελθόντων
1763 4744 1890 4804 τοὺς
1925 4742 2016 4795 λο-

443 4828 675 4898 γισμοὺς
702 4829 1027 4901 διαφθείρει,
1083 4832 1262 4883 πᾶσαν
1309 4832 1502 4904 ἡδονὴν
1532 4833 1881 4904 περικόπτων
1922 4833 2020 4887 καὶ

445 4919 716 4989 ξηραίνων
744 4922 913 4990 αὐτὴν
946 4921 1034 4973 διὰ
1069 4921 1164 4991 τῆς
1191 4921 1388 4991 λύπης.
1421 4923 1594 4994 Εἴπερ
1627 4924 1818 4994 ἀνδρὸς
1848 4924 2023 4994 λυπη-

449 5009 542 5080 ροῦ
570 5009 882 5080 ξηραίνεται
919 5011 1072 5070 ὀστᾶ,
1111 5013 1205 5064 καὶ
1249 5013 1482 5083 μετρίως
1515 5013 1615 5082 μὲν
1647 5013 1899 5083 πολεμῶν
1931 5015 2021 5068 δό-

445 5116 604 5167 κιμον
649 5100 738 5152 τὸν
793 5102 1149 5172 ἀναχωρητὴν
1203 5103 1612 5174 ἀπεργάζεται’
1678 5105 1854 5158 πείθει
1915 5106 2024 5174 γὰρ

444 5186 607 5250 αὑτὸν
683 5189 850 5258 μηδὲν
921 5191 1030 5242 τῶν
1120 5191 1328 5262 κόσμου
1406 5195 1596 5248 τούτου
1667 5195 2022 5266 προσίεσθαι,

445 5277 540 5330 καὶ
590 5280 772 5331 πᾶσαν
819 5280 1014 5351 ἡδονὴν
1077 5285 1484 5356 περιίστασθαι,
1533 5286 1713 5340 πλεῖον
1751 5286 1809 5339 δὲ
1855 5304 2025 5356 προσ·

445 5369 764 5438 καρτερῶν,
851 5373 1014 5442 γεννᾷ
1087 5376 1380 5445 λογισμοὺς
1458 5376 1753 5444 ὑπεξάγειν
1821 5378 2011 5432 ἑαυτὸν

445 5462 509 5530 τῇ
541 5458 686 5531 ψυχῇ
723 5460 1218 5532 συμϐουλεύοντας,
1250 5465 1284 5536 ἢ
1317 5465 1536 5533 φεύγειν
1561 5469 1667 5521 τῶν
1695 5469 1876 5522 τόπων
1908 5488 2013 5540 μα-

2105 502 2210 540 non
2241 502 2369 541 esse
2395 496 2700 556 peccatum,
2750 495 2862 540 tmn
2902 484 3240 553 iniquitatem
3287 496 3394 534 non
3423 480 3681 548 opinatur

2104 597 2224 636 esse
2257 582 2625 650 iniquitatem,
2659 589 2773 634 tum
2816 582 3150 648 punitionem
3185 586 3464 642 aeternam,
3496 590 3560 630 ac
3589 575 3681 644 ju-

2105 675 2304 728 dicium
2357 681 2616 743 tanquam
2690 673 2920 741 simplex
2973 670 3192 724 etfatum
3245 675 3679 731 commemorat,

2107 775 2220 821 tum
2257 766 2467 820 deridet
2516 775 2699 819 motus
2750 765 3144 818 concussiones
3200 775 3328 814 vere
3375 759 3678 828 igniferas,

2109 868 2222 914 tum
2259 859 2426 913 Deum
2462 858 2714 912 videlicet
2743 856 3051 920 confitetur,
3087 863 3162 917 at,
3210 853 3338 922 quid
3387 851 3678 910 mandarit.

2109 951 2356 1020 ignorat;
2415 951 2654 1019 percutis
2708 947 2761 1003 in
2813 960 3052 1018 pectora,
3089 946 3306 1015 quando
3347 960 3409 998 ea
3443 943 3682 1014 (scilicet

2109 1042 2327 1108 anima)
2364 1049 2612 1094 movetur
2647 1039 2712 1093 ad
2747 1048 3031 1109 peccatum
3057 1078 3070 1100 ,
3104 1045 3159 1090 et
3197 1036 3316 1104 ipsa
3352 1051 3457 1088 non
3493 1036 3679 1089 sentit.

2110 1130 2188 1184 Ex
2222 1129 2522 1198 Scripturis
2555 1144 2859 1184 sermonem
2892 1128 3090 1191 habes,
3125 1125 3322 1196 illaque
3363 1135 3470 1179 tota
3502 1140 3680 1179 excae-

2111 1231 2231 1274 cata
2265 1229 2468 1283 manet,
2500 1236 2598 1274 nec
2624 1220 2809 1284 ntulit;
2841 1218 3068 1272 adducis
3099 1216 3199 1285 ipsi
3228 1216 3369 1285 quod
3403 1216 3468 1269 ab
3505 1215 3682 1268 homi-

2112 1311 2273 1365 nibus
2327 1309 2489 1382 524
2539 1309 2772 1364 infertur
2820 1307 3080 1369 dedecus,
3131 1316 3184 1361 et
3240 1323 3344 1359 n‘mt
3405 1313 3680 1374 t-mnputat

2112 1403 2485 1471 opprobrium,
2525 1400 2671 1470 quod
2704 1412 2787 1453 est
2814 1398 2953 1465 apud
2995 1397 3283 1461 homines;
3323 1397 3547 1464 ipsaque
3591 1411 3682 1463 pe-

2115 1493 2260 1547 nitus
2293 1507 2398 1546 non
2422 1491 2696 1561 intelligit,
2733 1489 2797 1543 ad
2830 1490 3002 1543 instar
3037 1490 3184 1557 porci
3220 1487 3522 1541 claudentis
3552 1501 3682 1538 ocu-

2114 1586 2196 1638 los
2223 1629 2235 1645 ,
2309 1597 2602 1652 sepemquc
2649 1579 3012 1636 discindentis
3052 1596 3064 1632 :
3108 1577 3468 1647 cogitationes
3499 1583 3680 1627 autem

2112 1693 2266 1730 value
2305 1677 2490 1746 gloria:
2531 1675 2737 1729 diutius
2791 1673 3152 1726 immanentcs
3210 1669 3356 1722 hunc
3414 1666 3682 1720 inducunt

2113 1771 2435 1831 daemonem,
2467 1765 2626 1836 cujus
2661 1765 2762 1818 nisi
2795 1761 3094 1817 abhreviati
3128 1757 3361 1814 fuissent
3393 1758 3534 1819 dies,
3570 1772 3679 1810 non

2113 1859 2261 1913 salva
2297 1855 2435 1908 foret
2462 1854 2644 1909 omnis
2677 1867 2808 1906 caro
2832 1852 2895 1903 ³⁵.
2941 1850 3150 1904 Etenim
3188 1847 3332 1917 quod
3367 1862 3445 1900 eae
3474 1847 3684 1914 cogita-

2113 1950 2288 2002 tiones
2321 1961 2446 2000 raro
2476 1943 2737 2000 accedant
2771 1944 2836 1996 ad
2890 1940 3086 1994 fratres
3109 1979 3123 2004 ,
3172 1953 3338 1993 causa
3391 1937 3681 1990 manifesta

2111 2049 2213 2093 est.
2252 2037 2389 2091 Dum
2417 2049 2612 2106 nempe
2634 2034 2726 2088 alii
2775 2042 2871 2087 aut
2899 2030 3322 2093 calamitatibus,
3355 2039 3452 2083 aut
3477 2027 3683 2082 morbis

2111 2133 2507 2202 opprimantur,
2544 2137 2638 2183 aut
2673 2129 2872 2182 misere
2903 2127 3103 2196 degant
3133 2123 3226 2178 alii
3266 2123 3322 2178 in
3346 2122 3680 2184 carceribus,

2112 2234 2207 2278 aut
2261 2223 2316 2275 in
2373 2229 2577 2276 mortes
2637 2218 2880 2273 incidant
2925 2215 3269 2287 repentinas,
3319 2214 3422 2268 iste
3469 2214 3682 2267 daemon

2110 2314 2398 2382 eﬂ'ngatur,
2425 2327 2550 2367 cum
2579 2311 2762 2363 anima
2794 2309 3052 2380 paulatim
3082 2312 3498 2376 compungatur,
3533 2309 3586 2357 et
3615 2302 3683 2355 ad

2113 2405 2546 2475 eontpassionem
2591 2403 2808 2464 veniat,
2859 2401 3048 2470 sicque
3097 2397 3431 2461 excaecatio,
3481 2409 3600 2464 qua:
3653 2409 3684 2448 ιι

2111 2499 2359 2553 daemone
2417 2495 2593 2550 fuerat
2640 2501 2921 2564 compacta
2956 2532 2972 2558 ,
3025 2491 3360 2546 dissolvatur
3409 2506 3425 2543 :
3489 2487 3686 2555 quibus

2114 2591 2354 2661 (scilicet
2400 2586 2626 2656 mediis)
2666 2600 2765 2640 nos
2795 2583 3038 2639 destituti
3073 2593 3267 2638 sumus
3302 2588 3522 2650 propter
3550 2577 3687 2632 soli-

2114 2681 2382 2744 tudinem,
2419 2688 2474 2732 ct
2510 2674 2890 2747 mgrotantium
2925 2672 3212 2743 penuriam
3252 2668 3397 2740 apud
3431 2681 3554 2722 nos.

2707 2804 2937 2864 CAPUT
2973 2803 3090 2860 XII.

2185 2921 2499 2978 Istiusmodi
2540 2920 2845 2975 daemonem
2881 2917 3116 2971 maxime
3151 2917 3204 2970 in
3241 2914 3428 2985 fugam
3460 2903 3691 2967 conver-

2116 3026 2235 3070 tens
2270 3013 2532 3068 Dominus
2578 3012 2632 3064 in
2679 3009 2986 3078 Evangeliis
3036 3006 3315 3076 praacepit,
3351 3005 3569 3058 visitare
3604 3003 3690 3055 in-

2117 3108 2326 3170 ﬁrmos,
2360 3114 2414 3159 et
2445 3102 2684 3156 invisere
2719 3114 2848 3165 eos,
2880 3097 2972 3168 qui
3012 3104 3142 3152 sunt
3185 3097 3239 3149 in
3270 3109 3506 3150 carcere.
3546 3112 3564 3144 ι
3604 3093 3694 3146 Ιη-

2117 3203 2306 3278 firmus
2358 3199 2504 3254 enim
2554 3195 2632 3251 fui
2693 3194 2981 3269 (inquit),
3035 3203 3090 3249 et
3142 3192 3406 3248 visitastis
3453 3205 3584 3256 me;
3637 3195 3694 3242 ct

2115 3294 2169 3350 in
2203 3308 2424 3350 carcere
2458 3290 2561 3353 fui,
2597 3299 2650 3345 et
2679 3288 2906 3344 venistis
2938 3287 3004 3342 ad
3037 3301 3124 3342 me
3146 3285 3210 3340 “.
3239 3304 3256 3336 ι
3297 3282 3690 3338 Verumtamen

2115 3387 2220 3442 hoc
2269 3382 2551 3440 sciendum
2596 3379 2761 3450 quod,
2819 3379 2994 3450 siquis
3034 3378 3508 3441 anaehoretarum,
3567 3389 3690 3427 cum

2116 3479 2170 3532 in
2199 3478 2343 3532 hunc
2378 3475 2679 3530 daemonem
2718 3471 3008 3537 inciderit,
3059 3470 3416 3540 cogitationes
3455 3482 3559 3519 non
3593 3465 3694 3519 ha-

2115 3569 2236 3624 buit
2268 3566 2629 3629 meretricias,
2677 3572 2772 3618 aut
2821 3563 3078 3626 detnum,
3131 3563 3244 3615 sive
3288 3561 3540 3616 cellulam
3584 3572 3691 3610 non

2115 3660 2406 3729 dereliquit
2438 3673 2551 3728 pra:
2600 3655 2831 3720 desidia,
2883 3655 2987 3710 iste
3042 3653 3482 3723 temperantiam,
3533 3661 3694 3718 atque

2115 3749 2436 3821 patientiam
2465 3762 2496 3802 e
2525 3745 2678 3800 caelis
2715 3744 3108 3798 descendentes
3152 3751 3232 3796 est
3277 3749 3597 3802 assecutus,
3631 3753 3696 3791 ac

2116 3843 2308 3902 beatus
2337 3841 2570 3902 exsistit,
2613 3835 2708 3906 qui
2741 3835 2836 3890 tali
2869 3833 3140 3903 passionis
3171 3834 3442 3887 vacuitate
3488 3831 3690 3900 dignus

2117 3945 2202 3992 est
2260 3935 2498 3990 habitus.
2533 3921 2810 3998 Quotquot
2856 3939 3036 3982 autem
3084 3928 3327 3982 divinum
3371 3925 3696 3996 profitentur

2123 4028 2356 4090 cultum,
2393 4034 2446 4079 et
2479 4020 2794 4083 mundanis,
2827 4035 2920 4074 seu
2957 4019 3314 4073 sarcularibus
3360 4017 3567 4086 eligunt
3601 4031 3696 4070 co.

2120 4120 2395 4178 habitare,
2426 4123 2654 4168 caveant
2683 4109 2842 4180 525
2875 4109 2943 4163 ab
2974 4109 3080 4163 isto
3105 4110 3351 4162 (la-mone
3378 4125 3391 4160 :
3421 4122 3521 4174 ego
3547 4105 3695 4160 enim

2119 4209 2186 4264 de
2225 4209 2344 4276 ipso
2389 4204 2622 4274 amplius
2661 4202 2864 4272 aliquid
2907 4200 3086 4255 dicere
3129 4209 3222 4254 aut
3264 4199 3504 4254 scribere
3531 4198 3697 4254 etiaut

2123 4301 2272 4370 ipsos
2301 4296 2548 4352 homines
2574 4292 2934 4348 verecundor.

2702 4443 2932 4500 CAPUT
2970 4444 3110 4500 XI“.

2193 4563 2395 4618 Omnes
2428 4560 2704 4614 daemones
2732 4559 2961 4614 edocent
2990 4559 3251 4622 animam,
3301 4567 3357 4611 ut
3386 4572 3577 4611 amans
3624 4558 3691 4609 sit

2122 4655 2487 4724 voluptatum;
2527 4651 2676 4706 solus
2711 4661 2892 4704 autem
2919 4651 3129 4704 daemon
3160 4650 3397 4704 tristitia:
3431 4649 3482 4701 id
3516 4646 3696 4701 facere

2124 4757 2385 4809 recusat,
2445 4742 2537 4797 sed
2582 4741 2973 4796 introeuntium
3018 4741 3371 4810 cogitationes
3412 4738 3690 4807 dispertiit,

2125 4837 2455 4905 voluptatem
2498 4850 2712 4887 omnem
2746 4835 2942 4887 animas
2974 4833 3340 4896 imminucns,
3386 4845 3450 4884 ac
3497 4829 3694 4883 iufriuq

2123 4944 2278 5000 gens,
2313 4927 2598 4996 ipsamque
2627 4923 2932 4979 arcfaciens
2963 4939 3058 4992 per
3089 4923 3354 4976 dolorem.
3411 4919 3690 4990 Siquidem

2125 5017 2364 5071 ltotuinis
2412 5032 2520 5085 pra:
2549 5015 2766 5069 tristitia
2800 5014 3031 5068 dolentis
3075 5015 3416 5066 exsiccantur
3455 5026 3579 5065 ossa
3613 5011 3691 5075 ‘7;

2124 5120 2180 5163 et
2226 5109 2571 5164 mediocriter
2595 5108 2811 5177 quidem
2851 5106 3174 5174 belligerans
3205 5105 3489 5174 probatum
3535 5103 3694 5155 rilirit

2127 5199 2558 5262 anachoretatn;
2608 5197 2897 5265 persuadet
2939 5195 3140 5263 quippe
3176 5194 3279 5262 ipsi
3321 5195 3389 5247 ab
3437 5194 3691 5248 omnibus

2131 5289 2359 5358 hujusce
2401 5289 2586 5342 mundi
2640 5289 2804 5342 rebus
2855 5287 3168 5349 athrrere,
3221 5301 3549 5354 omnemque
3596 5299 3692 5336 vo-

2121 5380 2378 5449 luptatem
2431 5388 2673 5445 evitare;
2730 5377 2851 5446 plus
2901 5392 3029 5431 vero
3075 5391 3428 5444 perseverans
3468 5381 3691 5442 generat

2122 5473 2478 5542 cogitationes
2536 5467 2882 5525 consulentes
2938 5468 3132 5522 animat
3181 5483 3303 5524 sese
3349 5468 3687 5531 subducere,

523 5636 560 5666 ’⁵
595 5632 783 5693 Matth.
820 5651 962 5701 txn',
995 5639 1063 5692 ‘22
1090 5657 1101 5704 ;
1130 5641 1300 5693 Mare,
1336 5656 1446 5704 xm,
1481 5642 1566 5696 ‘20.
1649 5644 1688 5674 ¹⁶
1738 5641 1924 5697 Matth.
1959 5660 2083 5709 xxv,
2113 5645 2199 5700 56.
2280 5648 2320 5678 ¹⁷
2359 5644 2517 5700 Prov.
2547 5660 2675 5703 xvu.
2715 5645 2802 5698 9.2.
