4066 6146
441 278 583 344 1215

1909 272 1970 332 S.
2011 272 2175 333 NILI

3558 271 3698 336 1216

437 405 534 449 aut
565 400 821 462 cogentes
850 387 1038 459 procul
1093 403 1121 440 a
1171 385 1306 440 locis
1353 383 1616 454 aufugero
1649 401 1660 437 :
1693 382 1838 448 quod
1865 383 2016 454 engi-

2139 379 2261 453 ίρᾶν
2289 383 2699 452 ἀναγκάζοντας
2722 403 2736 416 ·
2789 387 2929 459 ὅπερ
2960 384 3268 455 λελόγισταί
3300 402 3450 447 ποτε,
3481 385 3576 436 καὶ
3608 388 3699 436 1:5;-

437 487 574 541 tavit
597 485 902 555 quondam,
930 489 986 534 et
1017 493 1209 549 passus
1237 489 1323 532 est
1349 492 1570 546 quoque
1613 484 1838 532 sanctus
1882 472 2016 540 Job,

436 579 567 635 dum
599 577 669 630 ab
704 575 809 628 isto
838 572 1085 626 daemone
1131 567 1565 638 perturbaretur,
1597 581 1662 620 ac
1692 576 2018 632 vexaretur;

440 671 517 724 ait
549 667 746 722 enim:
793 683 813 716 ι
860 663 1079 718 Utinam
1138 674 1354 730 possem
1403 659 1672 728 meipsum
1721 657 2016 723 edomare,

440 769 538 815 aut
573 755 784 828 precari
816 755 1074 816 alterum,
1106 762 1162 806 et
1191 751 1352 806 faciet
1385 749 1520 804 mihi
1552 748 1657 802 hoc
1689 746 1755 801 ι’.
1793 764 1812 798 ι
1844 745 2022 816 Hujus

440 847 704 904 daemonis
748 845 918 915 ﬁgura
968 852 1053 898 est
1097 842 1319 911 vipera,
1366 839 1538 894 bestia
1591 837 1681 890 illa
1726 836 1882 905 cujus
1927 849 2022 889 na-

443 950 606 1004 tura,
659 938 707 994 si
767 936 1030 990 benevole
1096 943 1152 988 et
1203 931 1514 986 humaniter
1559 927 1738 992 detur,
1788 927 2020 981 aliarum

445 1031 687 1086 ferarum
736 1042 944 1082 venena
989 1023 1302 1084 labefactat.
1332 1039 1396 1076 ac
1413 1018 1722 1090 dispertiit,
1766 1018 2026 1085 intempe-

448 1130 632 1176 ranter
673 1133 803 1175 vero
849 1127 1136 1186 suscepta,
1193 1117 1368 1184 ipsum
1416 1113 1580 1167 etiam
1645 1109 1849 1164 animal
1898 1122 2026 1162 cor-

449 1215 677 1282 rumplt.
738 1209 876 1264 Huic
918 1208 1150 1263 dmmoni
1200 1204 1424 1260 tradidit
1481 1192 1683 1256 Paulus
1716 1215 1884 1270 eum,
1928 1199 2023 1268 qui

451 1299 700 1372 pairsrat
742 1302 1005 1370 ﬂagitium
1032 1297 1302 1360 Corinthi,
1342 1296 1548 1351 idcirco
1578 1294 1760 1368 denuo
1783 1291 2027 1346 studiose

452 1393 648 1449 scribit
682 1390 1007 1456 Corinthiis,
1049 1388 1240 1442 dicens
1274 1404 1289 1440 :
1322 1405 1340 1438 ι
1389 1383 1724 1440 Conﬁrmate
1766 1379 1819 1433 in
1869 1378 2024 1432 illum

452 1485 775 1540 charitatem
797 1524 813 1545 ,
862 1499 928 1537 ne
975 1481 1116 1537 forte
1148 1495 1216 1535 ex
1245 1474 1630 1534 abundantiori
1663 1471 1888 1528 tristitia
1932 1469 2029 1523 ab-

454 1577 744 1632 sorbeatur
784 1575 887 1631 iste
917 1573 1040 1629 talis
1067 1573 1130 1627 ".
1175 1589 1194 1623 ι
1230 1568 1433 1624 Verum
1468 1567 1557 1621 bic
1595 1564 1823 1635 spiritus
1853 1561 2028 1616 homi-

456 1683 556 1723 nes
578 1667 844 1722 aﬁlictans
867 1665 1017 1721 novit
1037 1664 1170 1732 ipsis
1194 1659 1514 1716 conciliator
1533 1657 1698 1712 etiam
1729 1653 1844 1709 ﬁeri
1872 1653 2028 1708 bona

456 1756 817 1828 paenitentiae;
849 1757 991 1808 unde
1023 1763 1078 1808 et
1127 1759 1352 1805 sanctus
1380 1746 1620 1804 Joannes
1649 1744 1888 1813 Baptista
1911 1756 2028 1805 eos,
2061 1735 2102 1790 Β

457 1851 552 1918 qui
601 1850 671 1904 ab
731 1850 836 1901 isto
893 1845 1142 1900 dzemone
1191 1840 1613 1912 pungebantur,
1651 1847 1706 1892 et
1757 1835 1924 1905 526
1962 1833 2029 1887 ad

461 1940 630 1993 Deum
661 1936 1070 2004 confugiebant,
1102 1935 1410 1988 admonens
1434 1929 1611 1999 inquit
1641 1944 1656 1981 :
1697 1944 1715 1977 ι
1747 1926 2030 1981 Genimiua

461 2032 793 2098 viperarum,
828 2025 954 2096 quis
993 2025 1146 2080 vobis
1187 2021 1424 2077 ostendit
1453 2019 1641 2089 fugere
1675 2018 1746 2072 ab
1793 2017 1871 2071 ira
1910 2031 2035 2069 ven-

462 2126 626 2181 tura?
672 2123 856 2178 Facite
907 2121 1075 2191 igitur
1115 2117 1352 2172 fructum
1393 2116 1614 2185 dignum
1665 2109 2030 2182 poenitentite;

461 2225 518 2270 et
571 2231 640 2271 nc
687 2211 887 2282 putetis
933 2210 1117 2264 dicere
1164 2204 1309 2262 intra
1355 2204 1716 2274 vosmetipsos
1767 2199 2032 2254 :Patrem

465 2307 732 2367 habemus
771 2303 1049 2358 Abraham
1073 2319 1103 2381 ;_
1135 2301 1262 2356 dico
1300 2299 1446 2354 enim
1475 2298 1653 2361 vobis,
1681 2295 1828 2366 quod
1858 2302 2038 2364 potest

467 2397 610 2450 Deus
641 2411 705 2448 ex
737 2393 1008 2463 lapidibus
1051 2391 1171 2447 istis
1215 2391 1485 2446 suscitare
1529 2389 1668 2444 ﬁlios
1711 2385 2033 2441 Abrabze“.

467 2485 856 2540 Verumtamen
878 2482 1212 2554 quicunque,
1235 2480 1511 2535 Abraham
1540 2478 1802 2542 imitatus,
1834 2492 1866 2532 e
1892 2485 2036 2531 terra

464 2577 636 2633 exivit
661 2591 783 2642 sua,
811 2585 867 2631 et
891 2589 923 2631 e
943 2573 1294 2645 cognatione,
1319 2572 1436 2644 ipse
1460 2572 1570 2627 isto
1597 2573 1758 2626 etiam
1789 2571 2039 2625 daemone

467 2667 662 2724 fortior
693 2665 882 2722 evasit.

1047 2775 1278 2835 CAPUT
1315 2774 1454 2831 XIV.

542 2889 600 2947 Si
639 2891 766 2962 quis
798 2890 1096 2946 iracundiae
1129 2889 1444 2946 dominatus
1473 2893 1578 2950 est,
1618 2883 1735 2954 ipse
1761 2880 2040 2938 damones

471 2985 672 3052 evicit;
701 2983 747 3041 si
781 2999 907 3040 vero
939 2984 1066 3054 quis
1101 2983 1168 3038 ab
1200 2982 1298 3036 ista
1347 2977 1602 3050 passione
1649 2975 1814 3030 fuerit
1849 2972 2042 3043 subju-

2124 472 2287 525 πονθε
2320 475 2416 528 καὶ
2440 476 2469 528 6
2498 476 2652 544 ἅγιος
2685 473 2806 530 ἰὼϐ
2839 477 2945 530 ὑπὸ
2975 476 3168 530 τούτου
3199 473 3699 546 παρενολλτιύμενος

2119 565 2216 618 τοῦ
2243 564 2533 635 δαίμονος·
2573 587 2594 620 ι
2618 567 2747 621 Εἴθε
2774 568 2885 638 γάρ
2916 567 3205 639 δυναίμην,
3241 568 3430 636 φησιν,
3459 566 3698 635 ἐμαυτὸν

2122 654 2514 732 χειρώσασθαι,
2558 658 2592 728 ἢ
2626 658 2840 729 δεηθείς
2887 676 2950 727 γε
2978 659 3192 729 ἑτέρου,
3232 642 3572 727 καῖ’ποιήσει
3608 673 3697 726 μοι

2121 746 2298 802 τοῦτο.
2335 767 2354 798 ι
2397 749 2602 802 Τούτου
2631 749 2725 803 τοῦ
2754 750 3009 820 δαίμονος
3039 748 3308 819 σύμϐολόν
3335 750 3482 801 ἐστιν
3515 749 3548 817 ἡ
3581 748 3698 817 ἐχι-

2120 837 2240 904 δνα,
2269 839 2332 892 τδ
2366 839 2577 911 θηρίον,
2611 836 2682 913 ἦς
2713 844 2746 913 η
2781 842 2944 912 φύσις
2970 840 3372 911 φιλανθρώπως
3419 840 3696 909 διδομένη,

2121 933 2248 995 τοὺς
2274 932 2384 986 τῶν
2411 933 2587 988 ἀλλων
2613 934 2818 1006 θηρίων
2851 935 2964 999 iob;
2989 934 3311 1004 διαφθείρει,
3359 933 3612 1004 ἀκρατῶς
3642 934 3700 986 δὲ

2123 1024 2507 1096 λαμϐανομένη
2537 1026 2633 1079 καὶ
2662 1027 2794 1081 αὐτὸ
2815 1027 3116 1098 διαφθείρει
3142 1025 3204 1080 τὸ
3224 1025 3383 1090 ζῶον.
3417 1025 3604 1094 Τούτῳ
3623 1025 3699 1094 τῷ

2093 1125 2096 1130 ’
2122 1118 2338 1187 δαίμονι
2369 1119 2688 1189 παρέδωκεν
2713 1123 2744 1173 ό
2777 1119 2991 1182 Παῦλος
3035 1119 3129 1172 τὸν
3164 1119 3224 1171 ὲν
3251 1118 3501 1189 Κορίνθῳ
3527 1135 3700 1186 παρα-

2125 1211 2461 1279 νομήσαντα,
2491 1211 2574 1264 διὸ
2601 1211 2698 1265 καὶ
2727 1213 2930 1283 γράφει
2961 1211 3125 1266 πάλιν
3158 1211 3465 1272 σπουδαίως
3491 1225 3504 1238 °
3553 1229 3571 1260 ι
3597 1212 3702 1264 Κυ-

2127 1301 2361 1369 ρώσατε,
2401 1302 2576 1371 λέγων
2610 1305 2725 1366 τοῖς
2768 1301 3102 1373 Κορινθίοις,
3141 1303 3224 1365 είς
3252 1301 3416 1354 αὑτὸν
3453 1300 3700 1372 ἀγάπην,

2128 1390 2217 1444 ῖνα
2239 1392 2312 1460 μή
2343 1407 2474 1444 ποτε
2511 1394 2579 1461 τῇ
2609 1393 2976 1464 περισσοτέρᾳ
2994 1391 3141 1462 λύπῃ
3171 1391 3454 1461 καταποθῇ
3476 1392 3505 1443 6
3524 1390 3703 1444 τοιοῦ-

2125 1497 2238 1540 τος.
2274 1498 2292 1530 ι
2349 1480 2488 1533 Ἀλλ’
2532 1477 2640 1534 οἶδε
2677 1482 2835 1535 τοῦτο
2882 1482 3064 1535 θλίϐον
3105 1483 3232 1544 τοὺς
3277 1483 3600 1552 ἀνθρώπους
3643 1482 3705 1534 τὸ

2127 1572 2347 1644 πνεῦμα
2412 1576 2509 1629 καὶ
2570 1575 2862 1646 μετανοίας
2929 1578 3114 1639 αὐτοῖς
3175 1575 3387 1644 ἀγαθῆς
3445 1577 3706 1647 πρόξενον

2129 1662 2375 1730 γίνεσθαι
2401 1681 2416 1696 ο
2471 1663 2595 1718 ὅθεν
2639 1666 2733 1719 καὶ
2761 1668 2790 1719 6
2824 1666 2977 1735 ἆγιος
3027 1667 3280 1738 Ἰωάννης
3311 1669 3341 1720 6
3374 1667 3706 1738 Βαπτιστὴς,

2131 1755 2259 1819 τοὺς
2309 1756 2414 1810 ὑπὸ
2459 1758 2652 1811 τούτου
2699 1760 3094 1830 κεντουμένους
3142 1759 3235 1813 τοῦ
3279 1759 3562 1828 δαίμονος,
3613 1757 3712 1812 καὶ

2133 1848 2579 1918 προσφεύγοντας
2602 1851 2679 1920 τῷ
2706 1851 2854 1920 Θεῷ·
2889 1870 2908 1903 ι
2936 1852 3254 1921 Γεννήματα
3279 1851 3520 1922 ἐχιδνῶν,
3549 1852 3708 1920 φησὶ,

2132 1937 2214 2001 τίς
2248 1938 2376 2007 ὑμῖν
2403 1939 2651 2004 ὑπέδειξε
2681 1945 2872 2008 φυγεῖν
2903 1941 3011 1996 ἀπὸ
3041 1945 3138 2013 τῆς
3175 1941 3481 2012 μελλούσης
3505 1941 3708 2010 ὁργῆςς

2134 2029 2398 2098 ποιήσατε
2428 2025 2522 2082 οὗν
2556 2030 2767 2100 καρπὸν
2798 2030 2946 2095 ἀξιον
2991 2035 3088 2102 τῆς
3140 2031 3454 2100 μετανοίας,
3504 2031 3601 2084 καὶ
3634 2031 3713 2100 μὴ

2131 2118 2320 2190 δόξητε
2342 2119 2520 2187 λέγειν
2541 2122 2598 2174 ὲν
2619 2123 2852 2189 ἑαυτοῖς,
2869 2123 3088 2191 Πατέρα
3114 2122 3312 2194 εχομεν
3329 2122 3421 2175 τὸν
3435 2121 3712 2192 Ἀϐραάμο

2134 2210 2281 2278 λέγω
2312 2211 2422 2281 γὰρ
2471 2211 2600 2280 ὑμῖν
2645 2213 2726 2268 ὅτι
2774 2213 2998 2267 δύναται
3045 2215 3074 2267 6
3116 2213 3251 2277 Θεὸς
3283 2216 3348 2266 ὲκ
3392 2213 3505 2267 τῶν
3547 2212 3715 2266 λίθων

2135 2301 2341 2356 τούτων
2391 2307 2604 2374 ἐγεῖραι
2634 2305 2800 2359 τέκνα
2825 2305 2904 2376 τῷ
2962 2305 3231 2376 Ἀϐραάμ.
3273 2324 3294 2358 ι
3348 2304 3496 2376 Πλὴν
3537 2307 3649 2368 πᾶς
3683 2306 3715 2358 6

2134 2393 2225 2448 τδν
2259 2396 2508 2468 Ἀϐραάμ
2541 2398 2942 2469 μιμησάμενος,
2982 2400 3076 2452 καὶ
3127 2397 3357 2462 ἐξελθὼν
3381 2399 3446 2451 ὲκ
3476 2397 3579 2466 τῆς
3616 2398 3715 2467 γῆς

2137 2487 2326 2553 αὑτοῦ,
2361 2491 2456 2543 καὶ
2481 2490 2546 2543 ὲκ
2571 2489 2675 2558 τῆς
2701 2491 3044 2560 συγγενείας,
3079 2490 3241 2555 αὐτὸς
3273 2490 3369 2544 καὶ
3395 2489 3586 2544 τούτου
3620 2485 3714 2543 τοῦ

2136 2578 2387 2650 δαίμονος
2415 2579 2636 2649 γέγονεν
2665 2581 3030 2652 ἰσχυρότερος.

2729 2780 2994 2834 ΚΕΦΑΔ..
3022 2781 3118 2833 IA'.

2209 2889 2279 2944 Εῖ
2295 2907 2381 2954 τις
2414 2889 2588 2962 θυμοῦ
2627 2892 2992 2963 κεκράτηκεν,
3035 2885 3186 2954 οὗτος
3212 2888 3481 2962 δαιμόνων
3516 2891 3720 2962 κεκρά-

2141 2997 2330 3052 τηκεν,
2379 2982 2428 3034 εί
2458 2981 2514 3034 δέ
2541 2999 2628 3046 τις
2653 2982 2829 3053 τούτῳ
2855 2983 2934 3054 τῷ
2967 2983 3129 3038 πάθει
3176 2981 3522 3047 δεδούλωται,
3565 2976 3721 3044 οὗτος

471 3086 661 3147 gatus,
701 3075 750 3131 is
797 3089 829 3128 a
860 3074 970 3128 vita
1017 3070 1318 3128 monastica
1347 3068 1571 3125 omnino
1605 3073 1690 3122 est
1719 3064 1948 3128 alienus,
1980 3077 2041 3116 ac

2147 3072 2436 3143 μοναδικοῦ
2466 3072 2582 3143 βίου
2621 3073 2740 3126 ἐστὶ
2782 3073 3064 3135 παντελῶς
3096 3074 3398 3143 ἀλλότριος,
3447 3073 3544 3127 καὶ
3573 3072 3724 3139 ξένος

473 3166 638 3222 veluti
689 3165 1009 3236 peregrinus
1065 3164 1225 3233 longe
1274 3161 1442 3216 distat
1499 3175 1530 3213 a
1591 3157 1694 3212 viis
1747 3154 2048 3209 Salvatoris

476 3259 673 3312 nostri.
714 3257 998 3326 Siquidem
1047 3256 1163 3324 ipse
1211 3252 1477 3306 Dominus
1510 3257 1696 3304 noster
1721 3246 1923 3302 dicitur
1952 3244 2050 3298 do-

473 3365 600 3406 ccre
661 3350 818 3402 mites
869 3347 984 3400 vias
1045 3360 1174 3399 suas
1217 3344 1283 3409 ⁸¹,
1336 3342 1539 3396 idcirco
1597 3339 2048 3394 anachoretarum

482 3452 638 3492 mens
670 3434 902 3488 diﬁir-ilis
955 3443 1037 3488 est
1083 3441 1278 3500 captu,
1333 3445 1458 3483 cum
1512 3428 1567 3482 in
1614 3427 2051 3481 mansuetudinis

479 3525 759 3594 confugiat
797 3539 1073 3592 campum,
1107 3522 1234 3590 quia
1262 3520 1466 3573 nullam
1497 3517 1610 3573 fere
1639 3518 1888 3571 virtutem
1916 3518 2052 3572 adeo

481 3627 732 3676 metuunt
753 3618 1045 3678 daemones,
1073 3624 1131 3668 ut
1154 3611 1651 3667 mansuetudinem.
1682 3609 1832 3666 Hanc
1851 3609 2053 3666 etenim

490 3709 804 3779 possidebat
867 3717 922 3762 et
982 3707 1192 3776 Moyses
1253 3705 1360 3770 ille,
1429 3703 1576 3758 mitis
1636 3719 1798 3773 supra
1862 3717 2053 3758 omnes

483 3799 735 3854 homines
777 3807 999 3851 vocatus
1029 3797 1095 3850 “.
1143 3793 1288 3860 Quin
1330 3804 1385 3848 ct
1426 3805 1648 3848 sanctus
1683 3791 1847 3846 David
1892 3791 2052 3845 istam

483 3889 746 3944 memoria
774 3887 866 3941 Dei
895 3887 1111 3958 dignam
1135 3900 1257 3941 esse
1282 3882 1638 3947 ai-clamavit,
1665 3882 1820 3936 aiens
1846 3899 1860 3935 :
1892 3900 1911 3933 ι
1945 3881 2055 3936 Me-

486 3990 691 4047 mento,
741 3981 989 4047 Domine,
1041 3979 1243 4045 David,
1297 3986 1352 4034 et
1399 3977 1576 4034 omnis
1625 3974 2054 4031 mansuetudinis

487 4076 607 4146 ejus
630 4075 698 4128 ”.
739 4093 756 4127 ι
801 4071 906 4128 Sed
941 4082 994 4126 et
1028 4072 1142 4141 ipse
1170 4070 1418 4126 Salvator
1464 4069 1770 4124 imitatores
1801 4082 1902 4121 nos
1934 4081 2056 4121 esse

481 4167 646 4237 jussit
684 4180 798 4219 suae
830 4163 1290 4227 mansuetudinis,
1325 4161 1514 4216 dicens
1543 4179 1556 4214 :
1593 4177 1612 4211 ι
1655 4158 1854 4214 Discite
1879 4173 1908 4210 a
1945 4170 2052 4218 me,

485 4258 613 4328 quia
645 4257 794 4310 mitis
826 4271 970 4318 sum,
1004 4264 1057 4309 et
1087 4253 1309 4308 humilis
1339 4253 1522 4315 corde,
1565 4259 1618 4304 et
1657 4249 1941 4303 invenietis
1969 4262 2056 4301 re-

486 4349 669 4418 quiem
715 4347 1007 4400 animabus
1050 4344 1244 4399 vestris
1274 4342 1340 4394 “.
1385 4361 1403 4393 ι
1463 4339 1618 4406 Quod
1671 4340 1717 4394 si
1759 4338 1882 4408 quis
1916 4336 2056 4392 escis

2146 3163 2253 3217 τῶν
2285 3164 2420 3218 όδῶν
2444 3162 2540 3216 τοῦ
2570 3164 2822 3234 Σωτῆρος
2852 3164 3009 3235 ἡμῶν
3034 3179 3050 3195 ·
3086 3165 3248 3234 εῖπερ
3277 3163 3442 3227 αὐτὸς
3468 3166 3497 3217 6
3521 3164 3725 3235 Κύριος

2149 3252 2305 3325 ἡμῶν
2342 3255 2561 3324 λέγεται
2597 3253 2868 3307 διδάσκειν
2909 3255 3038 3319 τοὺς
3072 3256 3268 3326 πραεῖς
3298 3254 3399 3318 τάς
3436 3254 3589 3317 ὁδοὺς
3628 3254 3726 3306 αύ-

2147 3346 2243 3400 τοῦ
2264 3364 2277 3377 ·
2321 3347 2402 3400 διὸ
2434 3348 2529 3400 καὶ
2558 3345 2895 3417 δυσθήρατός
2922 3347 3130 3416 γίνεται
3159 3346 3269 3401 τῶν
3299 3345 3728 3418 ἀναχωρούντων

2149 3443 2178 3494 6
2205 3441 2353 3507 νοῦς,
2387 3443 2465 3506 είς
2493 3442 2554 3495 τὸ
2585 3442 2685 3511 τῆς
2725 3443 3031 3512 πραότητος
3080 3442 3299 3512 φεύγων
3330 3443 3534 3497 πεδίονο
3570 3443 3726 3496 οὐδε-

2153 3533 2284 3602 μίαν
2326 3532 2435 3604 γάρ
2481 3533 2591 3597 τῶν
2636 3533 2848 3603 ἀρετῶν
2895 3532 3082 3604 σχεδδν
3137 3533 3302 3587 οῦτωι
3325 3533 3630 3588 δεδοίκασιν
3673 3531 3730 3586 οἱ

2151 3621 2424 3691 δαίμονες,
2460 3622 2536 3684 ὡς
2583 3622 2896 3693 πραΰτητα’
2948 3621 3154 3694 ταύτην
3194 3624 3304 3694 γάρ
3347 3625 3443 3676 καὶ
3490 3625 3730 3692 Μωῦσῆς

2153 3714 2357 3775 ἐκεῖνος
2389 3713 2672 3782 ἐκέκτητο,
2714 3711 2894 3784 πραῢς
2928 3713 3082 3782 παρά
3111 3713 3321 3777 πάντας
3355 3714 3485 3776 τοὺς
3515 3711 3729 3782 ἀνθρὼ⁶

2154 3821 2292 3866 πους
2321 3803 2562 3872 κληθείς.
2602 3804 2715 3857 Καὶ
2748 3806 2778 3857 6
2818 3803 2975 3872 άγιος
3017 3803 3076 3857 δὲ
3117 3804 3283 3859 Δαϐὶδ
3333 3803 3490 3869 ἀξίαν
3525 3803 3730 3873 ταύτην

2152 3894 2252 3963 τῆς
2268 3893 2362 3946 τοῦ
2385 3893 2520 3947 Θεοῦ
2546 3895 2769 3964 μνήμης
2791 3894 3173 3964 ἀπεφθέγξατο
3198 3891 3340 3948 εἶναι
3362 3911 3376 3924 °
3406 3914 3425 3948 ι
3446 3895 3730 3965 Μνήσθητι

2154 3985 2347 4056 Κύριε,
2381 3984 2576 4052 λέγων,
2605 3983 2700 4037 τοῦ
2728 3983 2916 4047 Δαϐὶδ,
2949 3984 3046 4038 καὶ⁸
3088 3983 3268 4054 πάσης
3299 3986 3399 4053 τῆς
3428 3985 3735 4055 πραότητος

2155 4075 2340 4129 αὑτοῦ.
2397 4093 2415 4126 ι
2483 4074 2643 4128 Ἀλλὰ
2691 4075 2786 4128 καὶ
2814 4075 2979 4136 αὐτὸς
3010 4077 3040 4129 6
3068 4077 3258 4146 Σωτὴρ
3291 4076 3537 4146 μιμητὰς
3584 4078 3745 4147 ἡμᾶς,

2155 4165 2409 4218 ἐκέλευσε
2430 4165 2683 4232 γενέσθαι
2709 4164 2810 4234 τῆς
2839 4165 3049 4219 ἐκείνου
3081 4167 3388 4237 πραότητος
3411 4183 3426 4198 ’
3469 4185 3488 4216 ι
3512 4166 3734 4220 Μάθετε

2156 4257 2250 4308 ἀπ’
2273 4256 2427 4325 ἐμοῦ,
2445 4255 2637 4322 λέγων,
2667 4256 2771 4318 ὅτι,
2789 4255 2964 4325 πρᾶός
2983 4257 3121 4326 είμι,
3144 4256 3240 4310 xa‘l.
3256 4255 3512 4319 ταπεινὸς
3524 4259 3590 4327 τῇ
3611 4273 3736 4326 καρ-

2157 4347 2264 4417 δίᾳ,
2310 4348 2405 4400 καὶ
2447 4347 2710 4416 εὑρήσετε
2763 4347 3069 4400 ἀνάπαυσιν
3101 4348 3221 4410 ταῖς
3263 4347 3466 4416 ψυχαῖς
3495 4347 3669 4417 ὑμῶν.
3707 4364 3741 4397 ι.

487 4439 706 4509 quidem
753 4449 915 4507 atque
950 4437 1168 4505 potibus
1197 4433 1541 4495 abstinuerit,
1569 4431 1905 4484 iracundiam
1929 4445 2041 4483 verr

2159 4439 2220 4490 El
2251 4438 2308 4490 δέ
2349 4455 2431 4500 τις
2470 4437 2774 4508 βρωμάτων
2809 4437 2930 4507 μὲν,
2983 4437 3080 4491 καὶ
3123 4437 3407 4508 πομάτων,
3455 4439 3734 4508 ἀπέχοιτο,

490 4531 743 4601 malignis
794 4538 1048 4599 provocet
1105 4523 1561 4596 cogitationibus,
1605 4522 1691 4576 hic
1728 4522 1925 4576 similis
1977 4530 2060 4575 est

2157 4527 2325 4596 θυμὸν
2357 4527 2413 4580 δὲ
2451 4527 2731 4596 λογισμοῖς
2777 4529 3032 4598 πονηροῖς
3079 4527 3338 4598 ὲρεθίζει,
3386 4521 3544 4590 οὗτος
3588 4527 3738 4581 ἔοικε

493 4625 615 4678 navi
653 4637 748 4692 per
791 4635 941 4674 mare
987 4618 1238 4688 vaganti,
1287 4631 1512 4685 quaeque
1553 4613 1852 4668 dzemonem
1903 4613 2037 4667 habe

2155 4618 2566 4689 ποντοπορούσῃ
2599 4617 2707 4690 νηῒ,
2751 4619 2846 4671 καὶ
2876 4617 3078 4692 ἐχούσῃ
3111 4619 3339 4688 δαίμονα
3372 4618 3732 4690 κυϐερνήτην,

490 4715 651 4786 527
682 4714 1136 4785 gubernatorem:
1169 4711 1286 4762 ideo
1305 4707 1710 4770 attendendum,
1735 4706 1910 4774 quoad
1945 4704 2059 4757 ﬁeri

493 4815 690 4878 potest,
728 4805 850 4860 cani
883 4811 1094 4866 nostro,
1127 4799 1375 4869 idemque
1398 4798 1677 4852 docendus
1704 4807 1806 4862 est,
1833 4806 1891 4850 ut
1915 4797 2059 4850 solos

491 4898 766 4968 disperdat
807 4897 998 4964 lupos,
1039 4904 1092 4948 ct
1139 4909 1244 4946 non
1294 4892 1541 4946 comedat
1575 4906 1736 4951 oves,
1841 4903 2058 4942 omnem

492 5004 621 5060 erga
649 5003 840 5043 omnes
871 4987 1120 5041 homines
1154 4983 1418 5039 exhibens
1456 4981 1928 5037 mansuetudinem
1954 4981 2023 5034 ”.

1083 5095 1310 5152 CAPUT
1348 5093 1466 5149 XV.

563 5213 609 5268 E
639 5212 1062 5285 cogitationibus
1097 5210 1210 5264 sola
1240 5207 1328 5262 illa
1361 5223 1510 5259 vana:
1548 5202 1734 5272 gloria:
1775 5197 2060 5269 multiplici

495 5305 740 5360 abundat
775 5304 1020 5364 materie,
1053 5315 1174 5370 quae
1205 5309 1316 5352 tum
1364 5298 1678 5349 universum
1731 5291 1842 5344 fere
1891 5301 2064 5344 torra-

495 5414 617 5456 rttnt
639 5399 826 5454 orbem
847 5391 1278 5464 comprehendit,
1305 5399 1418 5443 tum
1446 5385 1700 5441 omnibus
1723 5383 2063 5437 daemonibus

2156 4709 2238 4762 διὸ
2267 4709 2616 4778 προσεκτέον,
2643 4710 2743 4778 ὅση
2771 4707 3022 4779 δύναμις,
3054 4709 3132 4779 τῷ
3165 4708 3422 4780 ἡμετέρῳ
3456 4710 3602 4772 κυνὶ,
3644 4709 3734 4762 καὶ

2155 4802 2434 4856 διδακτέον
2461 4803 2642 4866 αὐτὸν,
2663 4803 2788 4867 τοὺς
2818 4799 3014 4864 λύκους
3047 4801 3242 4872 μόνους
3265 4801 3618 4872 διαφθείρειν,
3643 4801 3736 4854 καὶ

2163 4895 2238 4962 μὴ
2282 4893 2352 4944 τὰ
2403 4892 2650 4962 πρόϐατα
2702 4891 3046 4954 κατεσθίειν,
3101 4893 3280 4944 πᾶσαν
3327 4892 3734 4963 ἐνδεικνύμενον

2163 4984 2447 5054 πραότητα
2483 4983 2619 5054 πρὸς
2659 4982 2868 5045 πάντας
2898 4979 3240 5052 ἀνθρώπους.

2221 5107 2250 5120 ⁵
2745 5094 2995 5148 ΚΕΦΑΛ.
3037 5093 3136 5146 lE'.

2234 5207 2409 5268 Μόνος
2449 5204 2560 5257 τῶν
2588 5205 2864 5273 λογισμῶν
2899 5205 2930 5257 6
2952 5203 3052 5274 τῆς
3085 5203 3390 5267 κενοδοξίας
3426 5202 3543 5255 ἐστὶ
3571 5201 3734 5255 πολύ·

2166 5293 2308 5357 υλος,
2342 5295 2434 5346 καὶ
2460 5295 2589 5361 ὃλην
2617 5295 2799 5363 σχεδὸν
2831 5291 3253 5364 περιλαμϐάνων
3272 5291 3370 5362 τὴν
3390 5292 3738 5362 οἰκουμένην,

2169 5386 2260 5436 καὶ
2286 5385 2418 5436 πᾶσι
2443 5387 2552 5447 τοῖς
2582 5384 2830 5454 δαίμοσιν
2859 5383 3165 5452 ὑπανοίγων
3189 5382 3286 5445 τάς
3317 5382 3508 5453 θύρας,
3549 5382 3734 5455 ὥσπερ

576 5580 621 5611 ⁸⁸
649 5575 752 5634 Job
804 5594 917 5639 va.
955 5578 1010 5631 ό.
1089 5578 1130 5607 ³⁸
1174 5574 1215 5628 ll
1249 5574 1372 5628 Cor.
1410 5590 1472 5636 ιι,
1502 5572 1555 5625 7.
1631 5573 1678 5604 ’θ
1711 5571 1904 5626 Matth.
1948 5587 2030 5632 Ill,

2139 5571 2208 5637 ll;
2277 5569 2409 5624 Luc.
2469 5586 2550 5637 ιιι,
2621 5569 2756 5638 7,8.
2833 5567 2875 5598 ²¹
2926 5564 3070 5621 Psal.
3118 5575 3275 5626 xxtv.
3332 5559 3389 5614 9.
3464 5560 3510 5591 “
3565 5559 3735 5618 Num.

486 5660 588 5712 ιιι,
616 5647 673 5701 5.
747 5647 793 5679 ⁸³
824 5647 967 5702 Psal.
1005 5661 1188 5707 cxxxr,
1228 5647 1273 5697 l.

1351 5645 1395 5674 ³⁸
1426 5641 1613 5696 Matth.
1649 5658 1723 5706 ιιι,
1751 5641 1839 5695 ‘29.
1919 5643 1962 5672 ’⁸
2006 5640 2047 5694 Il
2082 5640 2225 5696 Tim.
2263 5657 2323 5707 ll,
2358 5641 2446 5694 ‘24.
