4066 6146
422 323 560 386 1217

1414 325 1517 388 DE
1573 327 1948 390 MALIGNIS
2015 327 2684 391 COGITATIONIBUS.

3538 327 3676 394 1218

419 452 503 498 τις
536 433 806 504 προδότης
837 435 1071 508 πονηρὸς
1099 435 1309 506 ἀγαθῆς
1333 439 1630 510 γενόμενος
1661 439 1892 504 πόλεως.
1917 438 2008 494 Διδ

2109 437 2420 494 clanculum
2447 442 2630 510 aperit
2654 449 2863 510 portas,
2915 452 3110 511 estque
3138 439 3282 497 velut
3309 443 3534 513 quidam
3564 459 3680 502 ma-

422 526 514 580 καὶ
543 525 686 579 πάνυ
716 529 965 580 ταπεινοί
995 526 1090 579 τοῦ
1117 527 1534 599 ἀναχωροῦντος
1561 529 1654 584 τὸν
1693 529 1840 594 νοῦν,
1870 529 2002 584 πολ⁸

420 617 529 670 λῶν
572 616 748 686 λόγων
774 618 937 672 αὐτὸν
975 619 1070 671 κει)⁹
1100 619 1451 690 πραγμάτιον
1491 621 1738 691 πληρῶν,
1780 622 2002 686 καὶτὰς

421 711 728 780 προσευχάς
755 710 921 763 αὐτοῦ
956 709 1353 780 λυμαινόμενος
1401 712 1468 765 δι’
1495 706 1570 767 ὧν
1597 713 1776 768 πάντα
1805 714 1876 768 τὰ
1903 715 2002 786 τῆς

419 799 600 868 ψυχῆς
629 799 798 852 αὐτοῦ
829 799 1120 870 τραύματα
1144 800 1479 872 θεραπεύειν
1505 804 1820 870 σπουδάζει.
1863 807 2003 860 Τοῦ-

419 907 509 941 τον
538 891 630 942 τὸν
663 889 924 960 λογισμὸν
973 890 1297 957 συναύξουσι
1336 894 1544 959 πάντες
1591 895 1914 966 ἡττηθέντες
1952 897 2003 950 οἱ

417 979 694 1049 δαίμονες,
727 981 822 1035 καὶ
848 981 1010 1037 πάλιν
1040 984 1111 1037 δι’
1142 983 1308 1039 αὑτοῦ
1339 987 1538 1051 πάντες
1584 988 1666 1052 εἰς
1692 990 1792 1052 τὰς
1827 988 2004 1058 ψυχὰς

419 1074 790 1145 λαμϐάνουσιν
842 1076 1069 1146 εἴσοδον,
1121 1079 1404 1145 ποιοῦντες
1451 1080 1618 1148 δντως
1647 1082 1734 1135 ’τὰ
1777 1083 2002 1153 ἔσχατα,

418 1168 638 1239 χείρονα
681 1170 792 1225 τῶν
835 1172 1089 1244 πρώτων.
1137 1175 1231 1228 Ἐκ
1272 1175 1463 1228 τούτου
1511 1175 1569 1229 δέ
1605 1178 1868 1244 γεννᾶται
1908 1177 2004 1231 τοῦ

418 1262 707 1333 λογισμοῦ,
739 1265 838 1318 καὶ
870 1267 898 1319 ό
932 1266 1032 1336 τῆς
1065 1267 1444 1338 ὑπερηφανίας
1477 1270 1703 1334 ἐκεῖνος,
1729 1273 1759 1324 ό
1788 1270 1848 1324 τὸ
1877 1271 2007 1324 ἀπο-

379 1395 381 1398 ‹
421 1357 749 1428 σφράγισμα
798 1360 899 1429 τῆς
950 1359 1286 1430 ὁμοιώσεως,
1335 1362 1432 1415 καί
1481 1363 1576 1415 τὸν
1615 1361 1881 1431 στέφανον
1908 1364 2004 1418 τοῦ

420 1448 653 1512 κάλλους
680 1450 775 1504 ἀπ’
801 1452 1047 1521 οὐρανῶν
1077 1454 1157 1518 είς
1184 1453 1290 1523 γῆν
1321 1454 1675 1518 κατασείσας.
1713 1455 1854 1508 Ἀλλ’
1875 1457 2008 1510 ἀπο-

423 1541 666 1611 πήδησον
693 1542 906 1610 τούτου,
931 1546 1026 1599 καὶ
1061 1546 1136 1616 μὴ
1165 1547 1446 1618 χρονίσῃς.
1480 1547 1569 1600 τνα
1601 1548 1676 1618 μὴ
1717 1547 2006 1619 προδῶμεν

422 1632 607 1697 ἄλλοις
632 1634 733 1706 τὴν
762 1634 906 1706 ζωὴν
930 1636 1110 1706 ἡμῶν,
1135 1637 1343 1692 καὶτὸν
1365 1637 1634 1709 ἡμέτερον
1657 1639 1772 1710 βίον
1791 1641 2008 1709 ἀνελεή-

429 1741 575 1792 μοσι.
595 1724 794 1779 Τοῦτον
820 1726 877 1780 δὲ
900 1727 992 1780 τὸν
1018 1726 1246 1798 δαίμονα
1276 1729 1570 1798 φυγαδεύει
1599 1729 1824 1799 ἐκτενὴς
1845 1745 2008 1798 προσ-

425 1813 583 1886 ευχὴ,
629 1815 725 1869 καὶ
755 1815 816 1870 τὸ
862 1817 1029 1888 μηδὲν
1077 1819 1270 1872 ἑκόντα
1313 1822 1510 1885 ποιεῖν,
1542 1819 1652 1874 τῶν
1684 1819 2006 1874 συντελούν-

423 1922 530 1958 των
553 1905 688 1976 πρὸς
711 1907 811 1977 τὴν
831 1908 1105 1978 ἐπάρατον
1128 1910 1309 1976 δόξαν,
1336 1911 1508 1965 Ὅταν
1525 1910 1714 1982 ὀλίγης
1735 1911 2004 1976 ἀπαθείας

423 1997 533 2050 τῶν
571 1998 997 2070 ἀναχωρούντων
1035 2003 1064 2054 ὁ
1097 2000 1221 2065 νοῦς
1269 2002 1635 2072 ἐπιλάϐηται,
1685 2003 1807 2057 τότε
1853 2021 2009 2058 κενο-

422 2083 604 2150 δοξίας
652 2085 818 2140 ἵππον
850 2088 1214 2159 κτησάμενος,
1247 2089 1449 2154 εὐθέως
1476 2089 1691 2144 ἐλαύνει
1727 2091 1868 2146 κατά
1912 2093 2010 2158 τὰς

425 2177 628 2241 πόλεις,
656 2178 895 2250 ἄκρατον
923 2181 990 2234 ἐκ
1013 2181 1110 2250 τῆς
1138 2181 1296 2251 δόξης
1325 2183 1735 2254 ἐμφορούμενος
1765 2183 2008 2249 ἔπαινον,

423 2262 488 2336 ᾧ,
518 2269 640 2323 κατ’
667 2271 998 2342 οἰκονομίαν,
1041 2272 1100 2326 τὸ
1134 2272 1352 2342 πνεῦμα
1393 2274 1494 2344 τῆς
1524 2274 1781 2345 πορνείας
1836 2276 2010 2329 ἁπαν-

426 2361 618 2430 τῆσαν,
657 2362 752 2415 καὶ
782 2364 860 2426 εἰς
889 2362 986 2416 ἕνα
1029 2363 1138 2416 τῶν
1189 2362 1404 2432 συφεῶν
1434 2364 1766 2419 ἀποκλείσαν
1799 2365 2007 2427 τοῦτον,

431 2453 676 2507 παιδεύει
705 2455 866 2508 αὐτὸν
901 2456 1097 2528 μηκέτι
1132 2456 1238 2528 πρὸ
1264 2456 1366 2527 τῆς
1395 2456 1606 2521 τελείας
1635 2458 1822 2528 ὑγείας
1849 2475 2011 2512 κατα-

428 2545 718 2615 λιμπάνειν
760 2545 859 2620 τὴν
890 2548 1100 2619 κλίνην,
1134 2549 1270 2619 μηδὲ
1300 2548 1429 2612 τοὺς
1468 2549 1736 2613 ἀτάκτους
1772 2549 1883 2604 τῶν
1909 2550 2010 2622 ἀρ-

430 2636 653 2708 ρώστων
677 2639 984 2708 μιμεῖσθαι,
1005 2640 1221 2705 οἵτινες,
1244 2638 1324 2693 ἔτι
1351 2639 1583 2710 λείψανα
1607 2642 1706 2711 τῆς
1727 2640 2011 2704 ἀσθενείας

431 2727 490 2781 ἐν
521 2727 734 2790 ἑαυτοῖς
763 2728 1172 2799 περιφέροντες,
1202 2727 1339 2792 ὁδοῖς
1363 2729 1613 2792 ἑαυτοὺς,
1646 2728 1742 2783 καὶ
1761 2728 2010 2802 λουτροῖς

430 2816 681 2888 ἀκαίροις
730 2817 1050 2882 ἐπιδιδόασι,
1087 2819 1180 2871 καὶ
1225 2821 1337 2881 τοῖς
1370 2817 1431 2883 ἐξ
1471 2819 1821 2890 ὑποστροφῆς
1849 2821 2010 2891 νοσή-

432 2927 568 2981 μασι
589 2911 998 2982 περιπίπτουσι.
1025 2912 1225 2983 Διόπερ
1245 2913 1598 2985 καθεζόμενοι
1624 2915 1827 2986 μᾶλλον
1849 2932 2012 2987 προσ-

431 3002 644 3072 έχωμεν
691 2999 1072 3066 ἐαυτοῖςγῶς,
1121 3005 1523 3074 προκόπτοντες
1559 3007 1660 3074 μὲν
1709 3005 1770 3060 ἐν
1811 3006 2005 3078 ἀρετῇ,

2103 529 2190 586 lus
2220 533 2464 601 proditor
2498 533 2656 590 bonae
2685 534 2864 599 urbis;
2908 534 3027 588 ideo
3059 533 3402 589 anachoreta:
3425 574 3441 599 ,
3479 551 3574 591 seu
3624 537 3680 591 in

2103 637 2321 678 recessu
2375 625 2628 694 degentis
2665 625 2822 680 valde
2869 632 3106 679 mentem
3160 625 3445 690 humiliat,
3492 626 3682 682 multis

2100 725 2229 766 eum
2263 711 2483 781 replens
2530 713 2839 769 intellectus
2875 714 3230 784 conccptibus
3251 755 3267 780 ,
3317 725 3481 786 atque
3515 733 3682 787 nego-

2105 801 2232 867 tiis,
2271 802 2631 874 inﬁciensque
2679 805 2768 860 lue
2820 804 2994 874 ipsius
3047 806 3345 869 orationes,
3401 822 3497 876 per
3544 823 3682 876 quas

2104 895 2301 948 animat
2333 910 2448 950 suae
2479 899 2709 952 vulnera
2735 898 2916 952 studet
2945 899 3064 968 ipse
3096 913 3310 953 curare.
3344 899 3546 954 Omnes
3574 901 3683 953 da!-

2105 1000 2316 1051 mones,
2348 989 2439 1060 qui
2468 989 2664 1044 devicti
2697 997 2828 1044 sunt
2848 1027 2864 1052 ,
2911 990 3056 1045 hanc
3102 990 3486 1059 cogitationem
3518 992 3683 1046 simul

2105 1089 2336 1151 augent;
2369 1091 2424 1137 et
2455 1097 2650 1136 rursus
2679 1082 2860 1138 cuncti
2884 1097 2980 1152 per
3002 1098 3122 1137 eam
3148 1082 3201 1136 in
3225 1083 3438 1138 animas
3465 1085 3673 1139 aditum

2106 1180 2416 1238 assumunt,
2453 1173 2741 1229 reddentes
2771 1188 2898 1228 vere
2928 1174 3225 1230 novissima
3266 1175 3450 1244 pejora
3482 1177 3684 1246 priori-

2107 1265 2209 1320 bus
2232 1267 2300 1319 ".
2339 1264 2418 1320 Ex
2469 1265 2572 1321 hac
2619 1274 2804 1321 autem
2837 1267 3166 1338 cogitatione
3217 1267 3454 1338 gignitur
3483 1279 3536 1323 et
3589 1269 3684 1324 illa

2106 1357 2378 1426 superbia
2401 1397 2417 1422 ,
2469 1373 2594 1428 quae
2627 1358 2970 1428 signaculum
3003 1358 3410 1423 similitudinis,
3443 1374 3513 1414 ac
3556 1360 3682 1430 pul-

2103 1448 2435 1503 chritudinis
2467 1465 2731 1504 coronam
2771 1467 2801 1506 e
2831 1450 2986 1506 ctelis
3017 1450 3069 1504 in
3104 1459 3303 1505 terram
3335 1451 3596 1518 decussit,
3619 1467 3685 1507 ac

2105 1538 2320 1608 prolabi
2361 1539 2534 1594 fecit:
2573 1555 2760 1595 verum
2799 1540 2870 1594 ab
2898 1541 2998 1596 ista
3048 1542 3218 1604 resili,
3273 1558 3374 1596 nec
3400 1543 3492 1598 diu
3527 1558 3684 1598 com-

2107 1631 2361 1697 moreris,
2398 1646 2498 1688 nec
2528 1632 2655 1688 aliis
2699 1633 2867 1688 vitam
2907 1641 3190 1700 nostram,
3240 1642 3567 1704 nostrasque
3605 1632 3687 1688 fa-

2105 1722 2362 1788 cultates,
2420 1739 2486 1779 ac
2546 1725 2691 1780 bona
2745 1725 3280 1781 immisericordibus
3340 1727 3680 1796 prodamus:

2107 1814 2273 1869 istum
2299 1830 2430 1870 vero
2453 1816 2756 1872 daemonem
2781 1817 3001 1873 assidua
3032 1816 3184 1888 fugat
3213 1819 3409 1885 oratio,
3441 1820 3686 1889 nihilque

2107 1906 2342 1963 libenter
2371 1906 2570 1973 lacere,
2606 1916 2702 1962 aut
2727 1908 2911 1964 dicere
2943 1909 3182 1974 illorum,
3213 1924 3333 1978 quae
3375 1909 3443 1964 ad
3487 1911 3684 1966 elatam

2109 2001 2336 2070 gloriam
2375 2002 2713 2058 conducunt.
2744 1999 2977 2069 Quando
3003 2003 3336 2072 aliquantam
3364 2004 3685 2074 passionum

2109 2092 2438 2145 vacuitatem
2470 2105 2628 2146 mens
2655 2091 3114 2148 anachoretarum
3147 2102 3308 2148 nacta
3339 2092 3524 2159 fuerit,
3558 2105 3688 2150 tunc

2108 2197 2312 2251 equum
2342 2197 2495 2237 vana:
2517 2183 2706 2251 gloria:
2732 2183 3044 2253 possidens,
3076 2185 3232 2240 ocius
3260 2185 3471 2254 equitat
3499 2185 3566 2240 ad
3595 2201 3687 2240 ur-

2109 2275 2246 2341 bes,
2283 2275 2661 2343 intemperata
2693 2274 2856 2330 laude
2906 2289 2937 2329 e
2988 2275 3161 2346 gloria
3215 2275 3566 2347 ingurgitata,
3621 2293 3688 2332 ac

2110 2365 2336 2434 repleta,
2378 2364 2490 2430 cui,
2536 2365 2693 2436 juxta
2741 2366 3159 2436 providentiam,
3191 2368 3419 2438 spiritus
3447 2366 3687 2424 fornica-

2111 2457 2274 2511 tionis
2295 2455 2463 2528 528
2483 2471 2803 2522 occurrens,
2835 2465 2998 2528 atque
3025 2457 3078 2512 in
3103 2473 3211 2513 una
3233 2473 3521 2529 porcorum
3551 2460 3686 2516 hara

2111 2545 2286 2618 ipsam
2322 2549 2634 2612 recludens,
2675 2547 2868 2604 edocet
2911 2561 3034 2604 eam
3083 2547 3400 2619 neutiquam
3451 2551 3688 2606 derelin-

2109 2655 2279 2710 quere
2331 2640 2534 2694 lectum
2588 2650 2716 2695 ante
2773 2638 3073 2710 perfectam
3130 2641 3531 2708 valetudinem,
3585 2657 3688 2698 nec

2111 2730 2502 2788 immoderatos
2535 2731 2785 2787 infirmos
2826 2731 3051 2797 imitari,
3100 2733 3216 2801 qui,
3245 2733 3374 2787 dum
3421 2733 3583 2788 etiam
3627 2734 3686 2788 in

2110 2822 2307 2892 seipsis
2336 2822 2596 2893 reliquias
2623 2821 3026 2879 circumferunt
3057 2823 3410 2888 inﬁrmitatis,
3441 2839 3560 2880 sese
3591 2825 3688 2880 de-

2110 2913 2246 2969 dunt
2304 2914 2708 2986 intempestivis
2755 2915 3064 2980 itineribus,
3115 2927 3171 2972 et
3229 2916 3470 2982 balneis,
3521 2917 3688 2987 inque

2081 3005 2334 3060 -morhos
2367 3006 2618 3060 incidunt
2669 3006 2927 3062 recidive.
2973 3006 3339 3073 Quamobrem
3382 3007 3687 3063 secedendo

427 3094 739 3164 δυσκίνητοι
773 3093 908 3165 πρὸς
933 3094 1130 3148 κακίαν
1162 3096 1444 3166 γινόμεθα.
1475 3098 1926 3170 ἀνακαινούμενοι
1950 3099 2007 3154 δὲ

2111 3096 2290 3164 potius
2317 3096 2475 3152 nobis
2507 3095 2642 3166 ipsis
2673 3096 3044 3161 attendamus,
3069 3095 3218 3168 quod
3252 3098 3530 3163 nimirum,
3554 3099 3683 3153 dum

432 3187 491 3238 ἐν
541 3187 606 3256 τῇ
657 3183 884 3254 γνώσει,
947 3186 1204 3240 ποικίλων
1261 3187 1753 3260 προσλαμϐάνομεν
1803 3190 2006 3262 πλῆθος

432 3278 825 3348 θεωρημάτων,
867 3276 1161 3349 ύψούμενοι
1213 3277 1268 3331 δὲ
1315 3279 1478 3332 πάλιν
1525 3282 1666 3335 κατά
1703 3282 1801 3352 τὴν
1836 3297 2005 3353 προσ-

435 3365 596 3435 ευχὴν
625 3365 1001 3436 φανερώτερον
1029 3365 1090 3420 τὸ
1116 3365 1212 3420 τοῦ
1255 3367 1505 3440 Σωτῆρος
1541 3369 1701 3441 ἡμῶν
1736 3370 2008 3425 ἐποπτεύ-

438 3473 603 3526 σομεν
633 3474 767 3526 φως.

1017 3678 1268 3731 κΕοΑΑ.
1309 3678 1426 3744 tq',

507 3788 694 3852 Πάσας
723 3788 821 3860 μὲν
844 3787 942 3852 τὰς
976 3787 1314 3860 κακουργίας
1341 3787 1452 3842 τῶν
1480 3788 1750 3859 δαιμόνων
1777 3788 2011 3861 γράφειν

436 3882 497 3936 ού
523 3880 780 3952 δύναμαι,
821 3884 918 3934 καί⁵
949 3881 1048 3944 τὰς
1079 3878 1437 3950 κακοτεχνίας
1480 3878 1660 3935 αὐτῶν
1690 3880 2013 3950 καταλέγειν

433 3973 784 4044 αἰσχύνομαι,
815 3969 1068 4035 δεδοικὼς
1098 3970 1206 4024 τῶν
1233 3969 1638 4042 ἐντευξομένων
1662 3973 1790 4038 τοὺς
1813 3973 2014 4028 ἁπλου-

439 4067 680 4137 στέρους.
744 4063 892 4135 Πλὴν
948 4060 1020 4131 δὲ,
1056 4060 1148 4115 τοῦ
1201 4060 1513 4132 πνεύματος
1565 4062 1664 4133 τῆς
1721 4065 2009 4134 πορνείας,

436 4155 600 4208 ἄκουε
636 4151 993 4224 πανουργίαν.
1024 4150 1193 4205 Ὅταν
1223 4165 1310 4214 τις
1331 4150 1434 4203 τοῦ
1463 4151 1870 4222 ἐπιθυμητικοῦ
1914 4153 2013 4224 μέ-

440 4262 564 4315 ρους
611 4245 880 4316 κτήσηται
929 4241 1222 4308 ἀπάθειαν,
1268 4241 1362 4297 καὶ
1405 4243 1455 4296 οἰ
1506 4243 1724 4313 αἰσχροὶ
1753 4241 2012 4316 λογισμοὶ

435 4331 623 4386 λοιπὸν
667 4330 968 4403 ὑπόψυχροι
1012 4330 1303 4400 γένωνται,
1353 4329 1416 4384 τὸ
1453 4331 1758 4402 τηνικαῦτα
1802 4333 2014 4402 εἰσάγει

2109 3189 2496 3257 progredimur
2525 3189 2747 3259 quidem
2783 3189 2838 3244 in
2867 3189 3093 3254 virtute,
3128 3204 3271 3260 egre
3299 3204 3586 3245 moventur
3616 3189 3686 3244 ad

2110 3281 2397 3348 malitiam,
2430 3290 2487 3337 et
2523 3285 2652 3338 dum
2686 3283 2740 3338 in
2777 3282 3090 3353 cognitione
3123 3279 3470 3348 renovamur,
3505 3283 3686 3337 varia-

2110 3388 2234 3430 rum
2263 3376 2570 3446 accipimus
2611 3376 3012 3432 multitudinem
3045 3375 3512 3446 speculationum;
3558 3391 3684 3430 rur-

2110 3481 2335 3536 susque,
2366 3467 2495 3520 dum
2527 3467 2593 3520 ad
2623 3465 2926 3520 orationem
2958 3465 3257 3532 elevamur,
3285 3464 3466 3520 lumen
3497 3463 3688 3519 Salva-

2113 3556 2248 3612 toris
2279 3557 2452 3612 nostri
2477 3557 2682 3613 clarius
2714 3555 3094 3626 inspiciemus.

2687 3666 2919 3726 CAPUT
2959 3667 3103 3723 XVI.

2180 3778 2377 3837 Omnia
2415 3781 2636 3852 quidem
2667 3781 2977 3835 daemonum
3013 3780 3277 3836 maleﬁcia
3308 3781 3548 3837 scribere
3578 3797 3688 3837 non

2113 3886 2364 3943 possunt,
2411 3873 2768 3942 ipsorumque
2808 3871 3080 3940 malignas
3127 3879 3273 3927 artes
3310 3873 3478 3940 pudet
3521 3871 3688 3928 dinu-

2112 3977 2362 4029 merare,
2411 3965 2620 4019 veritus
2668 3977 2736 4017 ne
2781 3961 3124 4017 oll‘endantur
3164 3962 3544 4032 simpliciores,
3592 3965 3686 4034 qui

2114 4053 2362 4126 legerint.
2415 4053 2520 4117 At,
2577 4060 2774 4122 praeter
2805 4050 3185 4107 fornicationis
3236 4053 3511 4122 spiritum,
3561 4055 3688 4110 audi

2114 4130 2408 4201 vafritiem.
2464 4143 2696 4212 Quando
2758 4142 2955 4213 aliquis
3002 4142 3322 4212 passionum
3373 4144 3688 4214 acquisierit

2113 4236 2445 4293 vacuitatem
2504 4235 2558 4289 in
2619 4245 2773 4303 parte
2830 4233 3264 4304 concupiscibill,
3326 4244 3689 4305 caeterumque

2114 4338 2300 4398 turpes
2321 4326 2687 4400 cogitationes
2723 4322 3041 4396 subfrigide
3073 4324 3346 4380 evaserint
3367 4364 3384 4391 ,
3435 4335 3565 4383 tunc
3603 4327 3688 4382 in-
3745 4339 3748 4342 ’

436 4421 634 4493 ἄνδρας
681 4437 764 4486 τε,
814 4420 910 4474 καὶ
955 4421 1220 4489 γυναῖκας
1252 4417 1548 4485 παίζοντας
1579 4419 1702 4490 μετ’
1746 4421 2008 4492 ἀλλήλων,

2115 4421 2355 4478 traducit
2406 4420 2578 4482 viros,
2629 4428 2796 4489 atque
2839 4417 3103 4475 mulieres
3151 4427 3345 4476 mutuo
3397 4419 3686 4490 ludentes,

438 4513 532 4568 καὶ
561 4512 804 4584 αἰσχρῶν
855 4511 1226 4584 πραγμάτων,
1273 4513 1370 4566 καὶ
1415 4513 1713 4583 σχημάτων
1755 4512 1848 4566 τὸν
1883 4514 2015 4569 ἀνα-

438 4604 691 4676 χωρητὴν
718 4603 1010 4675 καθίστησι
1037 4603 1256 4674 θεατήν.
1304 4602 1443 4657 Ἀλλ’
1469 4598 1626 4669 οὗτος
1647 4606 1676 4658 ό
1706 4605 2013 4676 πειρασμὸς

439 4693 537 4748 οὐκ
566 4693 681 4747 ἐστι
713 4693 824 4748 τῶν
854 4693 1231 4765 χρονιζόντωνο
1267 4697 1549 4767 προσευχὴ
1595 4696 1704 4768 γάρ
1735 4695 2008 4762 σύντονος,

385 4779 395 4797 “
439 4782 533 4838 καὶ
562 4783 738 4837 δίαιτα
777 4784 1084 4855 στενωτάτη
1131 4787 1270 4854 μετά
1305 4785 1634 4856 ἀγρυπνίας,
1677 4785 1770 4840 καὶ
1799 4803 2011 4858 γυμνα-

440 4871 561 4936 σίας
602 4872 975 4945 θεωρημάτων
1019 4875 1403 4944 πνευματικῶν
1435 4875 1627 4946 ὥσπερ
1661 4877 1818 4946 νέφος
1844 4877 2008 4932 αὐτὸν

437 4963 662 5035 ἀνυδρον
713 4964 1022 5019 ἐπελαύνει.
1077 4966 1234 5018 Ἐστι
1273 4965 1329 5019 δὲ
1373 4967 1462 5019 ὅτε
1507 4967 1602 5019 καὶ
1637 4965 1747 5020 τῶν
1791 4969 2013 5039 σαρκῶν

436 5055 760 5124 ἐφάπτεται,
817 5055 956 5124 πρὸς
1011 5054 1108 5125 τὴν
1160 5057 1354 5125 ἄλογον
1411 5057 1659 5127 πύρωσιν
1706 5058 1876 5121 αύτάς
1915 5062 2012 5113 ἐκ-

438 5143 737 5214 μοχλεύων,
766 5145 862 5197 καὶ
891 5144 1026 5199 ἄλλα
1055 5146 1112 5200 δέ
1141 5164 1262 5200 τινα
1296 5148 1470 5218 μυρία
1499 5151 1953 5218 προσμηχανᾶται
1983 5150 2013 5202 ὁ

405 5258 410 5262 ·
437 5239 796 5309 παμπόνηρος
823 5231 997 5303 οὗτος,
1024 5239 1168 5312 άπερ
1191 5235 1610 5309 οὐκάναγκαῖον
1631 5240 2006 5311 δημοσιεῦσαι,

435 5327 532 5382 καί⁸
556 5331 742 5399 γραφῇ
773 5329 1131 5399 παραδοῦναι.
1159 5330 1536 5402 Συμϐάλλεται
1562 5331 1618 5384 δὲ
1647 5331 1853 5403 σφόδρα
1879 5332 2011 5402 πρὸς

433 5418 561 5482 τοὺς
595 5418 890 5491 λογισμοὺς
920 5421 1016 5474 καὶ
1047 5419 1196 5484 ζέσις
1221 5418 1394 5491 θυμοῦ
1429 5420 1569 5474 κατὰ
1618 5421 1713 5474 τοῦ
1757 5421 2010 5492 δαίμονος

435 5509 738 5581 κινηθεῖσα,
787 5512 956 5581 ὅνπερ
990 5511 1164 5581 θυμὸν
1201 5511 1436 5581 μάλιστα
1478 5509 1714 5566 δέδοικεν
1756 5511 1851 5564 ἐπὶ
1897 5515 2010 5577 τοίς

434 5601 713 5671 λογισμοῖς
740 5600 1168 5671 ταρασσόμενον,
1204 5600 1298 5650 καὶ
1326 5598 1721 5670 διαφθείροντα,
1751 5601 1914 5655 αὐτοῦ
1945 5603 2012 5657 τὰ

505 5739 550 5770 ³⁸
586 5737 774 5794 Matth.
802 5737 1009 5808 xu,45;
1039 5735 1173 5792 Luc.
1220 5749 1294 5799 x1,
1318 5731 1405 5786 26.

2116 4515 2470 4584 turpiumque
2498 4526 2706 4576 rerum,
2737 4525 2804 4567 ac
2833 4519 3089 4580 gestuum
3121 4511 3508 4568 anachoreta.
3549 4526 3680 4569 uan-

2112 4603 2294 4659 stituit
2339 4610 2724 4670 spectatorem.
2784 4597 2893 4656 Sed
2934 4600 3049 4657 haec
3095 4601 3321 4658 tentatio
3359 4615 3464 4657 non
3509 4609 3594 4655 est
3621 4615 3686 4656 ex

2111 4695 2224 4758 his,
2253 4708 2378 4764 quae
2423 4693 2587 4764 longo
2616 4700 2862 4762 tempore
2908 4692 3144 4760 durent;
3192 4692 3404 4748 intensa
3453 4707 3688 4762 namque

2109 4785 2311 4850 oratio,
2347 4783 2806 4853 arctissimueque
2836 4782 3014 4838 victus
3039 4797 3162 4837 cum
3205 4781 3408 4853 vigilia,
3442 4791 3496 4837 et
3527 4782 3687 4851 spiri-

2117 4874 2346 4929 tualium
2376 4873 2895 4943 contemplationum
2943 4872 3239 4936 exercitio,
3288 4873 3458 4942 ipsam
3502 4874 3685 4942 procul

2117 4962 2349 5033 repellit,
2401 4962 2570 5018 veluti
2618 4962 2818 5019 nubem
2868 4975 3010 5032 aqua
3059 4969 3353 5016 carentem.
3409 4962 3686 5016 Interdum

2115 5069 2247 5108 vero
2289 5054 2521 5118 accidit,
2571 5064 2634 5108 ut
2693 5063 2750 5109 et
2812 5068 3004 5109 carnes
3065 5059 3268 5122 tangat,
3301 5051 3368 5106 ad
3398 5052 3689 5107 irrationa-

2118 5146 2221 5202 lem
2281 5145 2427 5214 ipsas
2487 5161 2820 5215 promovens
2885 5145 3403 5207 inﬂammationem;
3473 5143 3688 5212 aliaque

2116 5237 2284 5292 millia
2316 5238 2592 5308 excogitat
2617 5238 2739 5292 talis
2764 5237 3011 5301 tentatio,
3036 5235 3199 5306 529
3229 5234 3379 5289 omni
3403 5233 3688 5290 abundans

2117 5329 2359 5395 malitia,
2405 5344 2526 5398 qua:
2587 5329 2640 5382 in
2692 5328 2966 5398 publicum
3031 5325 3296 5396 proferre,
3359 5325 3687 5396 scriptisque

2119 5419 2332 5476 tradere
2367 5435 2475 5475 non
2510 5429 2592 5476 est
2616 5433 2925 5474 necessum.
2958 5417 3158 5472 Verum
3200 5416 3267 5472 ad
3308 5413 3685 5486 hujuscemodi

2118 5513 2474 5581 cogitationes
2521 5512 2814 5580 plurimum
2864 5505 3028 5562 etiam
3083 5507 3296 5563 confert
3336 5507 3519 5563 fervor
3573 5505 3684 5559 ira-

2118 5604 2327 5659 cundim
2351 5614 2534 5659 contra
2565 5604 2863 5658 dmmonem
2893 5609 3221 5667 commotus,
3245 5613 3409 5672 quam
3431 5594 3685 5669 equidem
