4066 6146
503 326 644 399 1219

2003 328 2064 386 S.
2102 325 2267 386 NILI

3621 320 3751 384 1220

489 441 838 498 iracundiam
894 440 1130 494 maxime
1163 439 1337 502 timet,
1371 437 1502 493 dum
1555 439 1611 493 in
1651 438 2077 509 cogitationibus

2177 438 2426 509 νοήματα
2447 453 2461 469 ·
2511 435 2606 491 καὶ
2637 435 2796 490 τοῦτό
2822 437 2938 489 ἐστι
2962 435 3057 502 τὸ,
3117 453 3136 488 ι
3173 434 3506 506 ὀργίζεσθε,
3549 453 3645 490 κα.
3679 439 3753 508 μὴ

495 531 772 596 turbatur,
813 531 1093 600 ipsiusque
1144 528 1409 598 dispertiit
1441 528 1710 594 consilia;
1743 537 1798 582 et
1845 527 1951 582 hoc
1989 535 2074 582 est

494 624 628 678 illud
661 640 675 676 :
718 641 736 673 ι
775 621 1102 686 irascimini,
1131 629 1188 674 et
1216 622 1381 674 nolite
1410 635 1638 690 peccare
1659 621 1722 672 ⁸⁷.
1751 638 1772 672 ι
1815 618 1958 674 Utile
1985 633 2072 672 re-

496 714 739 769 medium
805 723 889 766 est
950 713 1053 766 hoc
1119 713 1172 766 in
1243 711 1620 780 hujuscemodi
1686 711 2075 766 tentationibns

407 798 414 802 ’
493 805 690 859 animat
740 803 1090 873 applicatum.
1131 803 1236 856 Sed
1273 815 1326 856 et
1374 803 1468 856 ire
1520 803 1732 856 daemon
1764 803 1926 855 istum
1963 798 2076 853 for-

496 896 787 950 nicationis
823 896 1126 949 daemonem
1165 894 1428 948 innitatur.
1468 893 1677 948 Etenim
1712 893 1825 962 ipse
1856 907 2075 962 quoque

495 989 646 1058 fingit
675 987 944 1057 quosdam
995 995 1305 1054 parentum,
1355 996 1446 1040 ant
1490 986 1815 1049 amicorum,
1853 995 1947 1039 aut
1979 997 2076 1038 co-

496 1088 810 1148 gnatorum,
845 1087 940 1130 aut
968 1077 1396 1132 domesticorum
1445 1076 1794 1130 contumeliis
1823 1075 2073 1137 allectos,

494 1176 552 1222 et
579 1182 750 1222 caesos
776 1168 845 1221 ab
872 1167 1112 1236 indignis
1161 1168 1496 1233 hominibus,
1539 1167 1728 1236 sicque
1753 1168 1895 1220 iram
1924 1182 2079 1221 com-

500 1267 682 1311 movet
739 1256 1219 1322 anac‘horetarum,
1250 1257 1325 1311 ita
1361 1266 1461 1322 .-ut,
1502 1264 1598 1310 aut
1635 1255 1936 1326 proferant,
1979 1265 2075 1310 aut

500 1347 702 1402 iaciant
746 1347 875 1416 quid
909 1346 1034 1400 mali
1061 1348 1325 1402 adversus
1351 1363 1467 1413 ens,
1492 1347 1602 1417 -qui
1647 1348 2080 1406 intellectuaiiter

503 1449 795 1508 apparent,
837 1440 1038 1509 quibus
1070 1440 1350 1494 attendere
1384 1455 1492 1494 non
1521 1448 1606 1496 est
1645 1455 1954 1502 necessum,
1983 1439 2079 1495 sed

499 1530 750 1586 celeriter
809 1532 1060 1601 abripere
1101 1540 1336 1585 mentem
1393 1531 1464 1586 ab
1509 1532 1818 1586 istiusmodi
1851 1532 2080 1586 simula-

499 1621 632 1685 cris,
685 1634 754 1673 ne
805 1621 1108 1674 immoraus
1138 1634 1201 1673 ea
1247 1620 1300 1673 in
1341 1620 1482 1683 istis,
1524 1631 1768 1690 tempore
1807 1621 2078 1673 orationis

500 1708 696 1762 evadat
734 1705 902 1761 veluti
948 1708 1112 1762 torris
1159 1706 1398 1762 fumans.
1446 1707 1505 1762 in
1555 1709 1656 1763 has
1702 1720 1850 1764 certe
1906 1718 2080 1763 tenta-

2172 525 2540 599 ἁμαρτάνετε.
2584 546 2604 579 ι
2656 527 2943 598 Χρήσιμον
2986 524 3146 580 τοῦτο
3195 527 3491 597 φάρμακον
3538 527 3595 578 ἐν
3641 531 3752 591 τοῖς

2173 617 2435 681 τοιούτοις
2466 620 2791 688 πειρασμοῖς
2819 621 2887 688 τῇ
2914 616 3058 688 ψυχῇ
3091 618 3523 689 προσαγόμενον.
3553 619 3753 689 Μιμεί-

2172 725 2264 762 ται
2313 709 2370 762 δὲ
2417 707 2514 762 καὶ
2556 711 2585 760 ό
2633 708 2732 778 τῆς
2777 709 2946 780 ὀργῆς
2994 707 3182 763 τοῦτον
3225 709 3318 763 τὸν
3363 710 3616 780 δαίμονα,
3660 721 3752 765 και.

2176 801 2422 863 πλάττει,
2449 800 2545 853 καὶ⁷
2565 800 2726 863 αὑτός
2749 816 2900 863 τινας
2919 798 3029 852 τῶν
3052 801 3478 871 γεγεννηκότων,
3506 803 3537 872 ἢ
3561 803 3748 871 φίλων,

2175 892 2209 962 ἢ
2244 891 2548 959 συγγενῶν,
2599 891 2636 962 ἢ
2689 892 2906 944 οἰκείων
2951 891 3365 962 ὑϐριζομένους,
3422 894 3516 946 καὶ
3561 911 3754 948 τυπτο-

2179 983 2375 1052 μένους
2418 982 2523 1034 sua
2565 979 2822 1048 ἀναξίων,
2863 980 2959 1034 καὶ
2992 981 3100 1036 τῶν
3147 983 3572 1054 ἀναχωρούντων
3617 987 3750 1037 άνα-

2175 1075 2314 1124 κινεί
2341 1072 2431 1124 τὸν
2449 1071 2641 1142 θυμὸν,
2661 1073 2803 1125 ὥστε
2829 1071 3163 1142 φθέγξασθαί
3181 1089 3232 1125 τι
3256 1073 3564 1144 πονηρὸν,ἢ
3595 1074 3748 1144 ποιῆ-

2175 1181 2266 1215 ut
2322 1165 2458 1233 πρὸς
2506 1164 2634 1227 τοὺς
2679 1163 3044 1233 φαινομένους
3094 1165 3237 1218 κατὰ
3265 1164 3525 1226 διάνοιαν,
3577 1161 3656 1228 οἷς
3691 1167 3750 1220 ού

2177 1253 2466 1324 προσέχειν
2493 1254 2812 1321 ἀναγκαῖον,
2867 1255 2964 1307 καὶ
2999 1255 3224 1324 ,ταχέως
3261 1255 3598 1326 ἐξαρπάζειν
3650 1258 3752 1310 ἀπὸ

2174 1347 2284 1400 τῶν
2311 1344 2571 1399 τοιούτων
2605 1345 2839 1400 είδώλων
2869 1346 2957 1401 τὸν
2987 1346 3136 1413 νοῦν,
3187 1348 3275 1403 ἵνα
3310 1347 3386 1419 μὴ
3412 1350 3665 1418 χρονίσας
3695 1352 3753 1404 ἐν

2175 1437 2383 1499 αὐτοῖς,
2438 1435 2663 1506 γένηται
2717 1435 2860 1488 κατὰ
2899 1434 2992 1488 τὸν
3047 1435 3238 1507 καιρὸν
3276 1436 3374 1505 τῆς
3425 1454 3592 1508 προσσ
3611 1441 3752 1509 δχῆς,

2176 1528 2368 1596 ὥσπερ
2408 1527 2575 1590 ιδαλὸς
2626 1529 3045 1598 καπνιζόμενος.
3095 1527 3317 1592 Τούτοις
3361 1529 3420 1582 δὲ
3478 1533 3586 1593 τοῖς
3635 1548 3756 1584 πει-

2183 1621 2410 1690 ρασμοῖς
2448 1621 2498 1673 oi
2536 1617 2803 1688 θυμὼδεις
2856 1619 3268 1690 περιπίπτουσι,
3311 1621 3406 1674 καὶ
3445 1622 3681 1690 μάλιστα
3707 1624 3755 1675 oi

2185 1713 2379 1783 ρᾳθίω;
2408 1712 2544 1781 πρὸς
2572 1711 2668 1774 τὰς
2700 1711 2869 1782 ὀργάς
2899 1711 3282 1781 ἐξαπτόμενοι,
3307 1713 3506 1776 οἵτινες
3540 1716 3757 1786 μακράν

503 1799 684 1854 tiones
751 1799 1072 1852 dilabuntur
1131 1799 1420 1863 iracundi,
1485 1800 1648 1868 hique
1693 1800 2077 1868 potissimum,

2186 1805 2290 1855 εἰσι
2329 1803 2574 1873 καθαρᾶς
2613 1803 2940 1872 προσευχῆς,
2979 1805 3076 1856 καὶ
3106 1803 3206 1872 τῆς
3233 1803 3488 1872 γνώσεως
3521 1805 3614 1858 τοῦ
3649 1806 3758 1859 Συ-

499 1891 593 1959 qui
622 1889 780 1944 facile
817 1889 885 1942 ad
924 1890 1327 1958 indignationes
1357 1899 1786 1954 succenseutur,
1817 1892 1912 1960 qui
1946 1892 2082 1945 tales

501 1980 692 2048 procul
739 1979 942 2033 absunt
988 1994 1018 2031 ο
1069 1993 1206 2047 pura
1255 1979 1544 2042 oratione,
1591 1989 1650 2034 et
1693 1996 1725 2034 a
1776 1980 2085 2050 cognittmte

503 2069 803 2125 Salvatoris
845 2068 1018 2123 nostri
1054 2065 1183 2122 Jesu
1221 2066 1448 2124 Christi.

1081 2176 1309 2232 CAPUT
1340 2176 1501 2234 XVII.

571 2289 843 2361 Cogitata,
880 2305 973 2344 seu
1011 2289 1236 2345 consilia
1269 2293 1430 2360 hujus
1467 2291 1651 2347 saeculi
1689 2291 1984 2360 Dominus,
2024 2303 2084 2348 ut

503 2398 635 2438 oves
669 2385 933 2453 quasdam
962 2423 977 2448 ,
1017 2384 1164 2438 bono
1206 2386 1411 2454 pastori
1444 2386 1665 2440 tradidit
1696 2386 1935 2453 homini;
1970 2395 2084 2441 ete-

503 2476 615 2529 nim
667 2476 785 2548 (a'itl
829 2475 1090 2530 saeculum
1137 2476 1285 2530 dedit
1326 2478 1378 2530 in
1419 2478 1582 2531 corde
1633 2479 1805 2548 ipsius
1837 2497 1848 2532 :
1880 2493 2084 2535 conne-

506 2577 658 2622 ctens
691 2568 740 2621 ei
767 2568 1124 2632 iracundiam,
1159 2579 1212 2622 et
1239 2570 1588 2639 cupiditatem
1618 2572 1684 2625 ad
1705 2571 1990 2636 auxilium,
2023 2582 2084 2628 ut

505 2674 601 2730 per
635 2661 768 2713 iram
802 2660 1019 2728 quidem
1052 2662 1304 2730 lupormn
1339 2662 1549 2731 fugaret
1571 2662 1824 2726 consilia,
1859 2677 1954 2732 per
1983 2679 2083 2717 cu-

508 2749 789 2821 piditatem
823 2745 987 2821 530
1013 2762 1197 2806 autem
1242 2754 1521 2806 adamaret
1550 2755 1702 2817 oves,
1743 2757 1844 2809 etsi
1872 2755 1941 2809 ab
1981 2755 2084 2809 im-

507 2841 717 2907 bribus,
747 2851 910 2913 atque
939 2844 1115 2899 ventis
1142 2845 1341 2913 szrpins
1375 2843 1817 2914 fueritjactatus.
1860 2849 2082 2916 Insuper

506 2941 686 2988 autem
726 2933 876 2988 dedit
909 2935 1010 3006 ipsi
1062 2944 1114 2990 et
1169 2949 1451 3005 pasctttnn,
1488 2944 1548 2990 ut
1592 2946 1835 3006 pasceret
1869 2953 1996 2992 oves
2029 2947 2084 2992 et

505 3025 684 3081 locum
717 3027 897 3080 herbae
935 3027 1181 3091 virentis,
1217 3038 1270 3081 et
1306 3041 1502 3099 aquam
1530 3032 1760 3101 requiei,
1789 3038 1842 3087 et
1877 3031 2081 3102 psalte-

2181 1900 2350 1966 τῆρος
2380 1893 2538 1965 ἡμῶν
2571 1893 2744 1962 Ἰησοῦ
2782 1893 3042 1964 Χριστοῦ.

2767 2179 3019 2236 ΚΕΦᾹΛ.
3071 2181 3169 2237 ιζ’.

2255 2289 2338 2343 Τὰ
2371 2290 2617 2360 νοήματα
2647 2288 2741 2344 τοῦ
2765 2291 2958 2354 αἰῶνος
3000 2291 3186 2346 τούτου
3218 2297 3246 2348 ὁ
3283 2295 3484 2367 Κύριος
3511 2297 3761 2368 καθάπερ

2186 2380 2435 2451 πρόϐατά
2461 2397 2582 2434 τινα
2609 2381 2687 2450 τῷ
2718 2381 2906 2452 ἁγαθῷ
2944 2383 3162 2452 ποιμένι
3207 2386 3286 2456 τῷ
3323 2388 3594 2460 ἀνθρώπῳ
3626 2409 3761 2462 παρ-

2183 2471 2374 2525 έδωκε·
2413 2473 2508 2524 καὶ
2538 2471 2668 2541 γὰρ,
2695 2474 2878 2542 φησὶν,
2897 2473 2986 2526 τὸν
3017 2474 3188 2529 αἰῶνα
3225 2479 3455 2533 δέδωκεν
3485 2484 3544 2534 ἐν
3568 2486 3762 2555 καρδίᾳ

2181 2562 2348 2616 αὐτοῦ
2375 2579 2387 2591 ·
2424 2561 2688 2628 συζεύξας
2720 2563 2868 2634 αύτῷ
2913 2565 3105 2636 θυμὸν,
3143 2569 3238 2621 καὶ
3283 2571 3580 2640 ἐπιθυμίαν
3627 2575 3761 2644 πρδς

2183 2653 2455 2723 βοήθειαν,
2484 2654 2591 2722 ἵνα,
2628 2654 2714 2708 διὰ
2743 2657 2840 2725 μὲν
2876 2657 2968 2710 τοῦ
3001 2657 3196 2728 θυμοῦ,
3237 2663 3516 2735 φυγαδεύῃ
3551 2665 3618 2718 τὰ
3656 2665 3761 2718 τῶν

2182 2745 2368 2798 λύκων
2411 2747 2683 2816 νοήματα,
2724 2747 2814 2800 διὰ
2863 2747 2920 2800 δὲ
2951 2749 3048 2820 τῆς
3092 2751 3389 2821 ἐπιθυμίας
3440 2757 3642 2826 στέργῃ
3694 2760 3759 2810 τά

2184 2835 2452 2907 πρόϐατα,
2491 2839 2586 2891 καὶ
2626 2839 2731 2892 ὑπὸ
2759 2840 2867 2892 τῶν
2897 2841 3088 2906 ὑετῶν,
3133 2844 3229 2896 καὶ
3253 2845 3472 2916 ἀνέμων
3505 2848 3760 2912 πολλάκις

2182 2925 2530 2999 βαλλόμενος.
2561 2928 2768 2981 Δέΰωκε
2789 2927 2845 2982 δὲ
2871 2929 3020 3002 αὐτῷ
3043 2933 3180 3004 πρὸς
3211 2932 3422 2997 τούτοις
3450 2937 3547 2989 καὶ
3577 2937 3758 3006 νομὸν,

2181 3020 2328 3084 ὅπως
2373 3020 2644 3094 ποιμαίνῃ
2692 3022 2758 3076 τὰ
2797 3022 3064 3092 πρόϐατα,
3121 3028 3217 3080 καὶ
3258 3027 3422 3082 τόπον
3451 3030 3631 3102 χλόης,
3669 3034 3762 3086 καὶ

507 3119 672 3184 rium,
721 3127 775 3173 et
815 3118 1104 3185 citharam,
1161 3131 1215 3174 et
1251 3121 1480 3190 virgam,
1507 3133 1560 3176 et
1589 3123 1866 3188 baculum,
1924 3134 1983 3178 ut
2013 3138 2077 3177 ex

2185 3111 2328 3182 ὕδωρ
2386 3114 2766 3178 ἀναπαύσεως,
2822 3116 2919 3169 καὶ
2972 3116 3295 3190 ψαλτήριον,
3357 3123 3453 3175 καὶ
3503 3124 3758 3194 κιθάραν,

507 3211 613 3266 hoc
639 3227 798 3282 grege
841 3213 1161 3278 nutriretur,
1191 3222 1354 3281 atque
1391 3217 1700 3278 vestirctur,
1738 3227 2080 3270 montanam-

507 3320 612 3372 que
657 3305 878 3358 herbam
926 3305 1220 3372 colligeret.
1271 3307 1402 3370 Quis
1447 3307 1592 3360 enim
1648 3309 1864 3378 (inquit)
1909 3311 2082 3378 pascit

509 3409 748 3464 gregem,
778 3405 834 3449 et
863 3411 970 3448 non
1003 3395 1239 3448 comedit
1284 3412 1314 3449 c
1363 3399 1539 3466 gregis
1586 3399 1720 3452 lacte
1769 3401 1852 3453 '3?
1907 3403 2082 3470 Upor~

510 3496 584 3539 tet
616 3487 778 3554 igitur
807 3524 822 3548 ,
869 3485 1249 3539 anachoretam
1301 3497 1502 3552 noctu,
1549 3487 1750 3556 diuque
1801 3491 2082 3545 custodire

509 3592 723 3646 gregem
759 3576 946 3638 istum,
969 3591 1038 3628 ne
1065 3573 1357 3644 cogitatum
1382 3577 1594 3645 aliquod
1627 3581 1718 3632 iia‘t
1743 3581 1930 3635 bellum
1947 3587 2082 3651 prin-

509 3671 600 3732 da,
637 3684 771 3723 neve
801 3668 854 3722 in
897 3669 1133 3723 latrones
1157 3669 1404 3736 incidat;
1434 3672 1480 3725 si
1513 3687 1640 3726 vero
1663 3673 1865 3741 aliquid
1899 3674 2083 3744 hujus-

510 3758 657 3813 Inodi
684 3757 1022 3826 contingeret
1066 3758 1120 3810 in
1166 3757 1305 3812 valle
1328 3775 1634 3825 nemorma,
1659 3763 1946 3817 confestim
1978 3761 2078 3816 eri-

507 3868 634 3922 pere
665 3867 729 3906 ea
757 3867 858 3906 ore
879 3851 1073 3918 leonis,
1125 3861 1222 3906 aut
1271 3854 1383 3908 ursi
1415 3854 1482 3908 ”.
1535 3838 1623 3908 Fit
1666 3866 1848 3910 autem
1891 3856 2081 3918 belluas

509 3941 690 4012 praeda
719 3940 1038 4010 cogitatum,
1072 3941 1215 4009 quod
1250 3942 1318 3996 de
1349 3942 1517 3998 fratre
1543 3943 1792 4011 habetur,
1839 3945 1908 4009 si,
1932 3945 2078 4014 quod

509 4034 564 4088 in
598 4044 780 4088 nostra
825 4043 1008 4088 mente
1042 4045 1288 4089 versatur
1321 4036 1634 4102 consilium,
1675 4051 1800 4092 cum
1841 4037 1970 4092 odio
1991 4052 2081 4108 pa-

509 4135 733 4190 scatur;
763 4125 928 4195 ﬁtque
952 4125 1082 4184 fera.-
1110 4127 1286 4198 prania
1317 4128 1612 4196 COgitatum
1650 4129 1717 4184 de
1746 4131 1995 4194 muliere,
2029 4132 2079 4190 si

507 4233 634 4272 cum
689 4218 834 4287 turpi
881 4219 1324 4286 concupiscentia
1369 4229 1612 4274 versetur
1660 4221 1800 4289 apud
1835 4237 1961 4286 nos;
1999 4221 2081 4276 sic

505 4310 672 4364 etiam
707 4325 766 4364 se
797 4309 968 4365 habet
1014 4311 1314 4378 cogitatum
1350 4310 1417 4363 de
1451 4321 1705 4379 argento,
1751 4320 1808 4366 et
1838 4327 2010 4377 auro,
2032 4313 2077 4367 si

507 4416 634 4456 cum
685 4401 970 4455 aviditate.
1000 4401 1119 4468 pius
1176 4401 1408 4455 habendi
1458 4401 1757 4456 stabuletur
1794 4404 1848 4456 in
1897 4404 2074 4458 nobis.

508 4491 652 4558 Quin
685 4501 736 4548 et
767 4491 1146 4561 cogitationes,
1190 4506 1310 4560 quae
1338 4491 1406 4545 de
1435 4493 1640 4546 sanctis
1673 4494 1833 4549 donis
1872 4495 2074 4552 haben-

506 4594 617 4647 tur,
650 4583 789 4638 idem
828 4582 1206 4652 perpetiuntur
1246 4583 1654 4649 detrimentum,
1685 4584 1731 4638 si
1775 4601 1901 4640 cum
1940 4604 2076 4642 vana

505 4674 675 4743 gloria
720 4681 1013 4742 pascantur
1039 4673 1101 4726 in
1140 4672 1416 4728 intellectu
1444 4692 1457 4729 :
1482 4689 1547 4729 ac
1572 4676 1815 4734 similiter
1858 4679 1912 4732 in
1952 4681 2075 4734 aliis

503 4765 757 4834 cogitatis
795 4765 1093 4834 continget,
1123 4780 1251 4833 qua:
1276 4779 1317 4819 ρο
1349 4765 1706 4835 .passionibus
1733 4767 1918 4825 furtim
1931 4787 2072 4841 spo-

499 4854 705 4912 liantur
751 4870 821 4911 ac
845 4855 1256 4911 deft-sudantur.

1063 4965 1298 5021 CAPUT
1335 4965 1521 5024 XV-ili.

573 5077 774 5136 Verum
799 5093 905 5134 non
933 5078 1106 5135 solum
1133 5080 1365 5136 interdiu
1389 5081 1506 5138 haec
1526 5089 1736 5152 Opertet
1756 5083 2066 5152 observare,

502 5174 598 5229 sed
635 5174 796 5227 etiam
849 5183 1008 5227 noctu
1045 5173 1317 5242 vigilando
1367 5191 1431 5228 ea
1478 5190 1708 5240 cavere,
1758 5191 1824 5229 ac
1877 5177 2064 5233 vitare.

501 5261 779 5332 Contingit
808 5263 977 5327 enim,
1019 5263 1162 5332 quod
1199 5263 1327 5316 dum
1371 5266 1495 5334 quis
1523 5264 1773 5333 turpiter,
1815 5280 1878 5319 ac
1917 5267 2070 5321 mali-

501 5372 606 5426 gne
647 5355 1064 5422 contempletur,
1120 5357 1308 5423 perdat
1359 5356 1502 5423 quod
1541 5356 1815 5425 proprium
1862 5366 1942 5411 cst
1970 5376 1982 5410 :
2015 5369 2069 5414 et

499 5447 602 5501 hoc
635 5448 867 5513 exsistit,
908 5452 1049 5517 quod
1078 5465 1107 5503 a
1143 5442 1337 5504 'sancto
1388 5447 1558 5504 Jacob
1603 5451 1802 5505 dicitur
1836 5471 1847 5506 :
1887 5472 1904 5502 ι
1948 5453 2065 5509 Non

497 5537 595 5591 tuli
637 5540 730 5595 tibi
776 5542 1037 5608 pecudem
1102 5551 1314 5610 captam
1391 5557 1420 5595 a
1464 5541 1617 5609 fera;
1667 5560 1696 5596 a
1747 5547 2064 5616 memetipso

569 5710 615 5740 ¹⁷
649 5710 793 5764 Psal.
822 5729 896 5777 tv,
933 5717 988 5770 ὅ.
1064 5716 1107 5750 ¹⁶
1142 5717 1158 5769 1
1199 5718 1323 5772 Ccr.
1363 5737 1443 5786 Ix,
1476 5723 1528 5775 7.

1608 5726 1651 5757 ’τ’
1682 5724 1696 5776 l
1726 5725 1856 5798 lleg.
1895 5745 2025 5792 xvn,
2058 5729 2126 5782 57

2181 3203 2275 3257 καὶ
2302 3203 2516 3274 ῥάϐδον,
2546 3205 2640 3258 καὶ
2666 3205 2986 3276 βακτηρίαν,
3038 3209 3124 3262 ἵνα
3168 3213 3231 3264 ὲκ
3266 3215 3467 3280 ταύτης
3507 3215 3602 3284 τῆς
3643 3218 3761 3269 ποί-

2185 3312 2343 3364 μνης,
2385 3296 2480 3347 καὶ
2506 3298 2712 3367 τραφῇ,
2743 3300 2836 3350 καὶ
2870 3299 3177 3370 ἐνδύσηται,
3211 3305 3304 3355 καὶ
3325 3304 3520 3376 χόρτον
3550 3307 3762 3375 ὀρεινὸν

2184 3384 2482 3457 συναγάγῃ.
2526 3405 2544 3437 ι
2571 3385 2664 3450 Τίς
2697 3389 2826 3459 γὰρ,
2863 3391 3016 3460 φησὶ,
3055 3395 3336 3463 ποιμαίνει
3365 3397 3623 3468 ποίμνην,
3663 3402 3762 3453 καὶ

2181 3476 2245 3526 ὲκ
2273 3475 2365 3527 τοῦ
2418 3476 2682 3545 γάλακτος
2723 3481 2820 3548 τῆς
2849 3481 3086 3552 ποίμνης
3113 3486 3212 3538 οὐκ
3257 3487 3500 3553 ἐσθίειν
3542 3493 3635 3544 Δεῖ
3665 3488 3760 3545 οῦν

2180 3567 2272 3619 τὸν
2305 3568 2688 3637 ἀναχωροῦντα
2707 3572 2997 3638 φυλάττειν
3015 3575 3250 3648 νύκτωρ,
3277 3578 3371 3630 καὶ
3395 3581 3514 3649 μεθ’
3544 3583 3760 3654 ἡμέραν

2182 3659 2338 3711 τοῦτο
2367 3661 2426 3712 τὸ
2456 3661 2722 3730 ποίμνιον,
2755 3665 2882 3733 μήτι
2913 3664 3024 3717 τῶν
3057 3668 3344 3737 νοημάτων
3381 3671 3607 3742 γένηται
3656 3675 3720 3743 θη
3740 3705 3759 3715 -

2186 3749 2466 3819 ριὰλωτον,
2510 3751 2542 3822 ἦ
2590 3752 2813 3825 λῃσταῖς
2847 3757 3139 3830 περιπέσῃ,
3182 3760 3309 3812 εἰδὲ
3339 3760 3450 3830 ἄρα
3471 3781 3525 3816 τι
3548 3765 3762 3819 τοιοῦτο

2183 3839 2422 3912 συμϐαίη
2458 3843 2598 3895 κατὰ
2623 3843 2719 3913 τὴν
2756 3844 2954 3914 νάπην,
2987 3847 3186 3912 εὐθέως
3229 3848 3559 3920 ἐξαρπάζειν
3581 3857 3644 3907 ἐκ
3665 3857 3758 3909 τοῦ

2185 3933 2446 4000 στόματος
2474 3932 2567 3986 τοῦ
2595 3931 2868 4006 λέοντοςῆ
2929 3937 3028 4007 τῆς
3073 3938 3299 4008 ἄρκτου.
3356 3941 3570 3998 Γίνεται
3616 3947 3673 3999 δὲ
3697 3949 3758 3999 τὸ

2179 4022 2356 4092 νόημα
2411 4022 2473 4075 τὸ
2528 4025 2656 4094 περὶ
2690 4023 2782 4078 τοῦ
2824 4026 3056 4095 ἀδελφοῦ
3119 4028 3476 4100 θηριάλωτον,
3536 4039 3585 4090 εί
3619 4041 3761 4107 μετὰ

2183 4115 2376 4182 μίσους
2426 4115 2582 4185 νέμοι
2602 4115 2662 4168 τὸ
2700 4118 2758 4170 ὲν
2783 4119 2934 4188 ἡμῖν,
2973 4120 3067 4173 καὶ
3093 4121 3155 4173 τὸ
3189 4124 3315 4194 περὶ
3351 4126 3451 4195 τῆς
3475 4130 3758 4194 γυναικὸς,

2180 4205 2227 4256 εἰ
2268 4205 2388 4274 μετ’
2416 4208 2645 4277 αἰσχρᾶς
2674 4208 2973 4278 ἐπιθυμίας
3002 4213 3286 4283 στρέφοιτο
3312 4218 3444 4286 παρ’
3477 4221 3632 4289 ἡμῖν,
3665 4224 3762 4275 καὶ

2179 4294 2240 4347 τὸ
2269 4295 2362 4348 τοῦ
2392 4298 2678 4369 ἀργυρίου,
2710 4301 2802 4354 καὶ
2829 4302 2922 4354 τοῦ
2953 4304 3200 4373 χρυσίου,
3221 4309 3272 4360 εί
3291 4311 3429 4376 μετὰ
3447 4311 3760 4378 πλεονεξίας

2179 4384 2469 4451 αύλίζοιτο.
2517 4389 2626 4442 Καὶ
2655 4393 2726 4443 τὰ
2759 4395 3008 4464 νοήματα
3039 4396 3146 4448 τῶν
3180 4398 3351 4465 ἁγίων
3379 4405 3754 4473 χαρισμάτων,

2111 4459 2152 4515 θ
2179 4477 2228 4528 εί
2290 4477 2428 4548 μετὰ
2491 4479 2795 4544 κενοδοξίας
2841 4459 2987 4538 κατὰ
3039 4459 3275 4541 διάνοιαν
3326 4459 3615 4559 sisic“;-
3665 4459 3754 4547 καί

2173 4569 2266 4620 ἐπὶ
2300 4569 2408 4622 τῶν
2465 4570 2638 4624 ἄλλων
2668 4571 2724 4624 δὲ
2755 4576 3040 4644 νοημάτων
3079 4578 3340 4647 ὡσαύτως
3383 4585 3749 4656 Δσυμιῦήσεται,

2174 4657 2558 4730 κλεπτομὲνων
2592 4666 2705 4726 τοῖς
2737 4663 2987 4722 πάθεσιν.

2761 4992 3008 5045 ΚΕΦΆΛ.
3036 4996 3142 5049 IH’.

2242 5097 2314 5152 Ού
2343 5099 2500 5170 μόνον
2530 5099 2586 5154 δὲ
2632 5104 2690 5154 ἒν
2733 5107 2796 5173 τῇ
2849 5107 3034 5177 ἡμέρᾳ
3062 5107 3144 5162 δεῖ
3168 5110 3341 5164 ταῦτα
3379 5118 3589 5184 τηρεῖν,
3617 5117 3746 5171 ἀλλὰ

2171 5186 2263 5238 καὶ
2293 5187 2505 5257 νύκτωρ
2538 5192 2951 5260 ἀγρυπνοῦντας
2970 5196 3278 5264 φυλάττειν.
3314 5201 3612 5271 Συμὸαίνει
3643 5205 3746 5274 γὰρ

2173 5275 2268 5328 καὶ
2311 5280 2713 5349 φανταζόμενον
2734 5283 2996 5355 αἰσχρῶς,
3038 5287 3134 5340 καὶ
3179 5293 3452 5360 πονηρῶς,
3487 5295 3745 5348 ἀπολέσαι

2171 5366 2232 5456 τὺ
2258 5367 2385 5419 ἴδιον
2419 5385 2433 5398 -
2465 5371 2559 5422 καὶ
2589 5372 2746 5426 τοῦτό
2772 5375 2889 5427 ἐστι
2918 5377 2978 5428 τὸ
3007 5377 3112 5430 ὑπὸ
3139 5378 3232 5431 τοῦ
3263 5381 3418 5447 ἁγίου
3454 5385 3745 5456 λεγόμενον

2162 5453 2400 5528 Ἰακώϐ·
2440 5459 2582 5515 «Οὐκ
2612 5465 2839 5536 ἐνήνοχά
2871 5485 2951 5520 σοι
2982 5470 3251 5539 πρόϐατον
3269 5474 3624 5544 θηριάλωτον,
3651 5478 3740 5531 ἀπ’

2169 5549 2408 5620 ἐμαυτοῦ
2455 5555 2771 5610 ἀπετίννυον
2813 5561 3101 5629 κλέμματα
3138 5564 3384 5634 ἡμέρας,
3442 5569 3536 5621 καὶ
3576 5571 3739 5639 κλέμ-
