  <div class='ocr_page' id='page_1' title='image "/cluster/home/n/w/nwhite01/storage/ocr_20150623/79/mdp.39015051890492/638.png"; bbox 0 0 4066 6146; ppageno 0'>
   <div class='ocr_carea' id='block_1_1' title="bbox 431 351 562 417">
    <p class='ocr_par' dir='ltr' id='par_1_1' title="bbox 431 351 562 417">
     <span class='ocr_line' id='line_1_1' title="bbox 431 351 562 417; baseline -0.023 0"><span class='ocrx_word' id='word_1_1' title='bbox 431 351 562 417; x_wconf 61' lang='lat'><strong>1221</strong></span> 
     </span>
    </p>
   </div>
   <div class='ocr_carea' id='block_1_2' title="bbox 1462 347 2699 411">
    <p class='ocr_par' dir='ltr' id='par_1_2' title="bbox 1462 347 2699 411">
     <span class='ocr_line' id='line_1_2' title="bbox 1462 347 2699 411; baseline -0.001 0"><span class='ocrx_word' id='word_1_2' title='bbox 1462 351 1559 411; x_wconf 89' lang='lat' dir='ltr'><strong>DE</strong></span> <span class='ocrx_word' id='word_1_3' title='bbox 1614 348 1989 410; x_wconf 80' lang='lat' dir='ltr'><strong>MALIGNIS</strong></span> <span class='ocrx_word' id='word_1_4' title='bbox 2027 347 2699 410; x_wconf 76' lang='lat' dir='ltr'><strong>COGITATIONIBUS.</strong></span> 
     </span>
    </p>
   </div>
   <div class='ocr_carea' id='block_1_3' title="bbox 3563 345 3707 412">
    <p class='ocr_par' dir='ltr' id='par_1_3' title="bbox 3563 345 3707 412">
     <span class='ocr_line' id='line_1_3' title="bbox 3563 345 3707 412; baseline 0.007 -3"><span class='ocrx_word' id='word_1_5' title='bbox 3563 345 3707 412; x_wconf 65' lang='lat'><strong>1992</strong></span> 
     </span>
    </p>
   </div>
   <div class='ocr_carea' id='block_1_4' title="bbox 427 432 2012 534">
    <p class='ocr_par' dir='ltr' id='par_1_4' title="bbox 427 432 2012 534">
     <span class='ocr_line' id='line_1_4' title="bbox 427 432 2012 534; baseline -0.003 -20"><span class='ocrx_word' id='word_1_6' title='bbox 427 480 575 534; x_wconf 88' lang='grc' dir='ltr'>ματα</span> <span class='ocrx_word' id='word_1_7' title='bbox 619 459 839 523; x_wconf 72' lang='grc' dir='ltr'>νυκτὸς,</span> <span class='ocrx_word' id='word_1_8' title='bbox 902 432 997 514; x_wconf 72' lang='grc' dir='ltr'>καὶ</span> <span class='ocrx_word' id='word_1_9' title='bbox 1027 458 1320 530; x_wconf 64' lang='grc' dir='ltr'>,ἐγενόμην</span> <span class='ocrx_word' id='word_1_10' title='bbox 1341 460 1738 530; x_wconf 77' lang='grc' dir='ltr'>συγκαιόμενος</span> <span class='ocrx_word' id='word_1_11' title='bbox 1779 458 1856 528; x_wconf 82' lang='grc' dir='ltr'>τῷ</span> <span class='ocrx_word' id='word_1_12' title='bbox 1886 457 2012 512; x_wconf 81' lang='grc' dir='ltr'>καύ‹</span> 
     </span>
    </p>
   </div>
   <div class='ocr_carea' id='block_1_5' title="bbox 2113 432 3717 534">
    <p class='ocr_par' dir='ltr' id='par_1_5' title="bbox 2127 445 3717 529">
     <span class='ocr_line' id='line_1_5' title="bbox 2127 445 3717 529; baseline 0.005 -20"><span class='ocrx_word' id='word_1_13' title='bbox 2127 456 2334 510; x_wconf 85' lang='lat' dir='ltr'><strong>reddidi</strong></span> <span class='ocrx_word' id='word_1_14' title='bbox 2385 458 2650 528; x_wconf 85' lang='lat' dir='ltr'><strong>quidquid</strong></span> <span class='ocrx_word' id='word_1_15' title='bbox 2685 445 2834 513; x_wconf 77' lang='lat' dir='ltr'><strong>nmo</strong></span> <span class='ocrx_word' id='word_1_16' title='bbox 2880 459 3110 529; x_wconf 80' lang='lat' dir='ltr'><strong>peribat,</strong></span> <span class='ocrx_word' id='word_1_17' title='bbox 3157 474 3250 514; x_wconf 82' lang='lat' dir='ltr'><strong>seu</strong></span> <span class='ocrx_word' id='word_1_18' title='bbox 3287 457 3430 515; x_wconf 71' lang='lat' dir='ltr'><strong>furta</strong></span> <span class='ocrx_word' id='word_1_19' title='bbox 3464 460 3592 525; x_wconf 84' lang='lat' dir='ltr'><strong>dici,</strong></span> <span class='ocrx_word' id='word_1_20' title='bbox 3657 473 3717 517; x_wconf 79' lang='lat' dir='ltr'><strong>&#39;et</strong></span> 
     </span>
    </p>
   </div>
   <div class='ocr_carea' id='block_1_6' title="bbox 425 551 2018 623">
    <p class='ocr_par' dir='ltr' id='par_1_6' title="bbox 425 551 2018 623">
     <span class='ocr_line' id='line_1_6' title="bbox 425 551 2018 623; baseline -0.002 -17"><span class='ocrx_word' id='word_1_21' title='bbox 425 572 557 607; x_wconf 84' lang='grc' dir='ltr'>σωνι</span> <span class='ocrx_word' id='word_1_22' title='bbox 602 553 704 620; x_wconf 84' lang='grc' dir='ltr'>τῆς</span> <span class='ocrx_word' id='word_1_23' title='bbox 750 552 985 623; x_wconf 82' lang='grc' dir='ltr'>ἡμέρας,</span> <span class='ocrx_word' id='word_1_24' title='bbox 1043 554 1137 604; x_wconf 77' lang='grc' dir='ltr'>καὶ</span> <span class='ocrx_word' id='word_1_25' title='bbox 1171 553 1250 622; x_wconf 84' lang='grc' dir='ltr'><strong>τῷ</strong></span> <span class='ocrx_word' id='word_1_26' title='bbox 1279 552 1503 622; x_wconf 85' lang='grc' dir='ltr'>παγετῷ</span> <span class='ocrx_word' id='word_1_27' title='bbox 1533 553 1633 622; x_wconf 81' lang='grc' dir='ltr'>τῆς</span> <span class='ocrx_word' id='word_1_28' title='bbox 1667 553 1879 614; x_wconf 63' lang='grc' dir='ltr'>νυκτῦς,</span> <span class='ocrx_word' id='word_1_29' title='bbox 1923 551 2018 604; x_wconf 77' lang='grc' dir='ltr'>καὶ</span> 
     </span>
    </p>
   </div>
   <div class='ocr_carea' id='block_1_7' title="bbox 421 637 2016 716">
    <p class='ocr_par' dir='ltr' id='par_1_7' title="bbox 421 637 2016 716">
     <span class='ocr_line' id='line_1_7' title="bbox 421 637 2016 716; baseline -0.001 -17"><span class='ocrx_word' id='word_1_30' title='bbox 421 645 690 716; x_wconf 84' lang='grc' dir='ltr'><strong>ἀφίστατο</strong></span> <span class='ocrx_word' id='word_1_31' title='bbox 722 644 750 696; x_wconf 91' lang='lat'><strong>6</strong></span> <span class='ocrx_word' id='word_1_32' title='bbox 793 642 957 705; x_wconf 76' lang='grc' dir='ltr'>ὕπνος</span> <span class='ocrx_word' id='word_1_33' title='bbox 1010 639 1118 694; x_wconf 79' lang='grc' dir='ltr'><strong>ἀπὸ</strong></span> <span class='ocrx_word' id='word_1_34' title='bbox 1152 643 1260 696; x_wconf 83' lang='grc' dir='ltr'><strong>τῶν</strong></span> <span class='ocrx_word' id='word_1_35' title='bbox 1288 639 1585 713; x_wconf 84' lang='grc' dir='ltr'><strong>ὀφθαλμῶν</strong></span> <span class='ocrx_word' id='word_1_36' title='bbox 1621 660 1722 713; x_wconf 88' lang='grc' dir='ltr'><strong>μου</strong></span> <span class='ocrx_word' id='word_1_37' title='bbox 1748 661 1761 708; x_wconf 86' lang='grc'><strong>;</strong></span> <span class='ocrx_word' id='word_1_38' title='bbox 1792 663 1811 695; x_wconf 76' lang='grc' dir='ltr'><strong>ι</strong></span> <span class='ocrx_word' id='word_1_39' title='bbox 1863 641 1928 697; x_wconf 83' lang='lat' dir='ltr'><strong>Ei</strong></span> <span class='ocrx_word' id='word_1_40' title='bbox 1958 637 2016 697; x_wconf 77' lang='grc' dir='ltr'>δέ</span> 
     </span>
    </p>
   </div>
   <div class='ocr_carea' id='block_1_8' title="bbox 419 729 2014 804">
    <p class='ocr_par' dir='ltr' id='par_1_8' title="bbox 419 729 2014 804">
     <span class='ocr_line' id='line_1_8' title="bbox 419 729 2014 804; baseline -0.002 -16"><span class='ocrx_word' id='word_1_41' title='bbox 419 751 508 798; x_wconf 83' lang='grc' dir='ltr'><strong>τις</strong></span> <span class='ocrx_word' id='word_1_42' title='bbox 551 737 615 787; x_wconf 86' lang='grc' dir='ltr'><strong>ὲκ</strong></span> <span class='ocrx_word' id='word_1_43' title='bbox 658 731 754 786; x_wconf 80' lang='grc' dir='ltr'><strong>τοῦ</strong></span> <span class='ocrx_word' id='word_1_44' title='bbox 797 732 1044 798; x_wconf 78' lang='grc' dir='ltr'>καμάτου</span> <span class='ocrx_word' id='word_1_45' title='bbox 1089 733 1183 784; x_wconf 76' lang='grc' dir='ltr'>καὶ</span> <span class='ocrx_word' id='word_1_46' title='bbox 1221 729 1418 803; x_wconf 84' lang='grc' dir='ltr'>ἀκηδία</span> <span class='ocrx_word' id='word_1_47' title='bbox 1459 731 1591 803; x_wconf 77' lang='grc' dir='ltr'>ἡμῖν</span> <span class='ocrx_word' id='word_1_48' title='bbox 1623 732 2014 804; x_wconf 76' lang='grc' dir='ltr'><strong>προσγένηται,</strong></span> 
     </span>
    </p>
   </div>
   <div class='ocr_carea' id='block_1_9' title="bbox 425 815 2018 898">
    <p class='ocr_par' dir='ltr' id='par_1_9' title="bbox 425 815 2018 898">
     <span class='ocr_line' id='line_1_9' title="bbox 425 815 2018 898; baseline 0 -20"><span class='ocrx_word' id='word_1_49' title='bbox 425 825 621 898; x_wconf 81' lang='grc' dir='ltr'>μικρὸν</span> <span class='ocrx_word' id='word_1_50' title='bbox 662 822 1068 893; x_wconf 75' lang='grc' dir='ltr'><strong>ἀναδραμόντες</strong></span> <span class='ocrx_word' id='word_1_51' title='bbox 1120 825 1211 876; x_wconf 71' lang='grc' dir='ltr'><strong>ἐπὶ</strong></span> <span class='ocrx_word' id='word_1_52' title='bbox 1244 825 1342 895; x_wconf 75' lang='grc' dir='ltr'><strong>τὴν</strong></span> <span class='ocrx_word' id='word_1_53' title='bbox 1387 815 1485 887; x_wconf 65' lang='grc' dir='ltr'>τῆς</span> <span class='ocrx_word' id='word_1_54' title='bbox 1513 823 1768 892; x_wconf 85' lang='grc' dir='ltr'>γνώσεως</span> <span class='ocrx_word' id='word_1_55' title='bbox 1812 825 2018 896; x_wconf 88' lang='grc' dir='ltr'>πέτραν</span> 
     </span>
    </p>
   </div>
   <div class='ocr_carea' id='block_1_10' title="bbox 420 907 2016 989">
    <p class='ocr_par' dir='ltr' id='par_1_10' title="bbox 420 907 2016 989">
     <span class='ocr_line' id='line_1_10' title="bbox 420 907 2016 989; baseline -0.002 -19"><span class='ocrx_word' id='word_1_56' title='bbox 531 916 818 987; x_wconf 59' lang='grc' dir='ltr'>ψαλτηρὴρ</span> <span class='ocrx_word' id='word_1_57' title='bbox 851 914 1371 986; x_wconf 85' lang='grc' dir='ltr'>προσομιλήσωμεν,</span> <span class='ocrx_word' id='word_1_58' title='bbox 1415 915 1753 986; x_wconf 84' lang='grc' dir='ltr'>πλήσσοντες</span> <span class='ocrx_word' id='word_1_59' title='bbox 1790 915 1878 970; x_wconf 77' lang='grc' dir='ltr'><strong>διὰ</strong></span> <span class='ocrx_word' id='word_1_60' title='bbox 1906 907 2016 968; x_wconf 73' lang='grc' dir='ltr'>τῶν</span> 
     </span>
    </p>
   </div>
   <div class='ocr_carea' id='block_1_11' title="bbox 419 1005 2014 1080">
    <p class='ocr_par' dir='ltr' id='par_1_11' title="bbox 419 1005 2014 1080">
     <span class='ocr_line' id='line_1_11' title="bbox 419 1005 2014 1080; baseline -0.003 -16"><span class='ocrx_word' id='word_1_61' title='bbox 419 1009 629 1080; x_wconf 83' lang='grc' dir='ltr'>ἀρετῶν</span> <span class='ocrx_word' id='word_1_62' title='bbox 689 1005 791 1076; x_wconf 82' lang='grc' dir='ltr'>τῆς</span> <span class='ocrx_word' id='word_1_63' title='bbox 841 1007 1096 1075; x_wconf 81' lang='grc' dir='ltr'>γνώσεως</span> <span class='ocrx_word' id='word_1_64' title='bbox 1143 1007 1241 1070; x_wconf 76' lang='grc' dir='ltr'><strong>τὰς</strong></span> <span class='ocrx_word' id='word_1_65' title='bbox 1289 1007 1505 1078; x_wconf 77' lang='grc' dir='ltr'>χορδὰς,</span> <span class='ocrx_word' id='word_1_66' title='bbox 1559 1006 1917 1078; x_wconf 78' lang='grc' dir='ltr'>βοσκήσωμεν</span> <span class='ocrx_word' id='word_1_67' title='bbox 1959 1007 2014 1060; x_wconf 76' lang='grc' dir='ltr'><strong>δὲ</strong></span> 
     </span>
    </p>
   </div>
   <div class='ocr_carea' id='block_1_12' title="bbox 421 1093 2018 1170">
    <p class='ocr_par' dir='ltr' id='par_1_12' title="bbox 421 1093 2018 1170">
     <span class='ocr_line' id='line_1_12' title="bbox 421 1093 2018 1170; baseline -0.001 -17"><span class='ocrx_word' id='word_1_68' title='bbox 421 1101 583 1154; x_wconf 80' lang='grc' dir='ltr'>πάλιν</span> <span class='ocrx_word' id='word_1_69' title='bbox 618 1093 724 1153; x_wconf 80' lang='grc' dir='ltr'>ὑπὸ</span> <span class='ocrx_word' id='word_1_70' title='bbox 764 1098 823 1151; x_wconf 86' lang='grc' dir='ltr'><strong>τὸ</strong></span> <span class='ocrx_word' id='word_1_71' title='bbox 860 1098 1071 1151; x_wconf 75' lang='grc' dir='ltr'>Σιναῖον</span> <span class='ocrx_word' id='word_1_72' title='bbox 1116 1097 1241 1168; x_wconf 77' lang='grc' dir='ltr'>ὅρος</span> <span class='ocrx_word' id='word_1_73' title='bbox 1287 1098 1355 1151; x_wconf 74' lang='grc' dir='ltr'><strong>τά</strong></span> <span class='ocrx_word' id='word_1_74' title='bbox 1394 1098 1666 1170; x_wconf 75' lang='grc' dir='ltr'>πρόϐατα,</span> <span class='ocrx_word' id='word_1_75' title='bbox 1718 1097 1804 1151; x_wconf 80' lang='grc' dir='ltr'><strong>ῑνα</strong></span> <span class='ocrx_word' id='word_1_76' title='bbox 1830 1098 1857 1150; x_wconf 90' lang='grc' dir='ltr'><strong>ό</strong></span> <span class='ocrx_word' id='word_1_77' title='bbox 1883 1097 2018 1162; x_wconf 72' lang='grc' dir='ltr'>Θεὸς</span> 
     </span>
    </p>
   </div>
   <div class='ocr_carea' id='block_1_13' title="bbox 420 1190 2013 1266">
    <p class='ocr_par' dir='ltr' id='par_1_13' title="bbox 420 1190 2013 1266">
     <span class='ocr_line' id='line_1_13' title="bbox 420 1190 2013 1266; baseline 0 -19"><span class='ocrx_word' id='word_1_78' title='bbox 420 1194 528 1249; x_wconf 82' lang='grc' dir='ltr'><strong>τῶν</strong></span> <span class='ocrx_word' id='word_1_79' title='bbox 556 1192 811 1264; x_wconf 83' lang='grc' dir='ltr'>πατέρων</span> <span class='ocrx_word' id='word_1_80' title='bbox 841 1190 1020 1263; x_wconf 72' lang='grc' dir='ltr'>ἡμῶν,</span> <span class='ocrx_word' id='word_1_81' title='bbox 1051 1193 1146 1244; x_wconf 68' lang='grc' dir='ltr'>καὶ</span> <span class='ocrx_word' id='word_1_82' title='bbox 1177 1194 1323 1262; x_wconf 79' lang='grc' dir='ltr'>ἡμᾶς</span> <span class='ocrx_word' id='word_1_83' title='bbox 1359 1191 1422 1246; x_wconf 79' lang='grc' dir='ltr'><strong>ὲκ</strong></span> <span class='ocrx_word' id='word_1_84' title='bbox 1444 1193 1542 1264; x_wconf 86' lang='grc' dir='ltr'>τῆς</span> <span class='ocrx_word' id='word_1_85' title='bbox 1583 1191 1747 1262; x_wconf 83' lang='grc' dir='ltr'>βάτου</span> <span class='ocrx_word' id='word_1_86' title='bbox 1782 1193 2013 1266; x_wconf 77' lang='grc' dir='ltr'>καλέσῃ,</span> 
     </span>
    </p>
   </div>
   <div class='ocr_carea' id='block_1_14' title="bbox 423 1282 2014 1355">
    <p class='ocr_par' dir='ltr' id='par_1_14' title="bbox 423 1282 2014 1355">
     <span class='ocr_line' id='line_1_14' title="bbox 423 1282 2014 1355; baseline 0.001 -17"><span class='ocrx_word' id='word_1_87' title='bbox 423 1285 518 1338; x_wconf 71' lang='grc' dir='ltr'>καὶ</span> <span class='ocrx_word' id='word_1_88' title='bbox 559 1287 686 1348; x_wconf 76' lang='grc' dir='ltr'>τοὺς</span> <span class='ocrx_word' id='word_1_89' title='bbox 717 1283 910 1351; x_wconf 77' lang='grc' dir='ltr'>λόγους</span> <span class='ocrx_word' id='word_1_90' title='bbox 934 1282 1043 1334; x_wconf 80' lang='grc' dir='ltr'><strong>τῶν</strong></span> <span class='ocrx_word' id='word_1_91' title='bbox 1073 1283 1337 1352; x_wconf 77' lang='grc' dir='ltr'><strong>σημείων,</strong></span> <span class='ocrx_word' id='word_1_92' title='bbox 1364 1285 1461 1337; x_wconf 53' lang='grc' dir='ltr'><strong>καὶ</strong></span> <span class='ocrx_word' id='word_1_93' title='bbox 1496 1284 1604 1336; x_wconf 78' lang='grc' dir='ltr'><strong>τῶν</strong></span> <span class='ocrx_word' id='word_1_94' title='bbox 1637 1286 1880 1355; x_wconf 77' lang='grc' dir='ltr'>τεράτων</span> <span class='ocrx_word' id='word_1_95' title='bbox 1918 1289 2014 1340; x_wconf 74' lang='grc' dir='ltr'><strong>καὶ</strong></span> 
     </span>
    </p>
   </div>
   <div class='ocr_carea' id='block_1_15' title="bbox 423 1372 2016 1446">
    <p class='ocr_par' dir='ltr' id='par_1_15' title="bbox 423 1372 2016 1446">
     <span class='ocr_line' id='line_1_15' title="bbox 423 1372 2016 1446; baseline 0.001 -18"><span class='ocrx_word' id='word_1_96' title='bbox 423 1377 552 1446; x_wconf 82' lang='grc' dir='ltr'>ἡμῖν</span> <span class='ocrx_word' id='word_1_97' title='bbox 609 1376 929 1446; x_wconf 70' lang='grc' dir='ltr'>χαρίσηται.</span> <span class='ocrx_word' id='word_1_98' title='bbox 1005 1372 1181 1426; x_wconf 75' lang='grc' dir='ltr'>’Φύσιν</span> <span class='ocrx_word' id='word_1_99' title='bbox 1230 1375 1329 1443; x_wconf 85' lang='grc' dir='ltr'><strong>μὲν</strong></span> <span class='ocrx_word' id='word_1_100' title='bbox 1383 1374 1606 1445; x_wconf 75' lang='grc' dir='ltr'>λογικὴν</span> <span class='ocrx_word' id='word_1_101' title='bbox 1669 1375 1773 1428; x_wconf 71' lang='grc' dir='ltr'>ὑπὸ</span> <span class='ocrx_word' id='word_1_102' title='bbox 1821 1377 2016 1441; x_wconf 62' lang='grc' dir='ltr'>κακίας</span> 
     </span>
    </p>
   </div>
   <div class='ocr_carea' id='block_1_16' title="bbox 425 1463 2015 1539">
    <p class='ocr_par' dir='ltr' id='par_1_16' title="bbox 425 1463 2015 1539">
     <span class='ocr_line' id='line_1_16' title="bbox 425 1463 2015 1539; baseline 0 -19"><span class='ocrx_word' id='word_1_103' title='bbox 425 1465 827 1522; x_wconf 78' lang='grc' dir='ltr'>θανατωθεῖσαν</span> <span class='ocrx_word' id='word_1_104' title='bbox 871 1464 1074 1535; x_wconf 78' lang='grc' dir='ltr'>ἐγείρει</span> <span class='ocrx_word' id='word_1_105' title='bbox 1112 1463 1347 1537; x_wconf 79' lang='grc' dir='ltr'>Χριστὸς</span> <span class='ocrx_word' id='word_1_106' title='bbox 1375 1466 1462 1519; x_wconf 75' lang='grc' dir='ltr'>διὰ</span> <span class='ocrx_word' id='word_1_107' title='bbox 1489 1466 1586 1536; x_wconf 71' lang='grc' dir='ltr'>τῇς</span> <span class='ocrx_word' id='word_1_108' title='bbox 1619 1467 1850 1539; x_wconf 77' lang='grc' dir='ltr'>Θεωρίας</span> <span class='ocrx_word' id='word_1_109' title='bbox 1881 1468 2015 1520; x_wconf 85' lang='grc' dir='ltr'>πάν-</span> 
     </span>
    </p>
   </div>
   <div class='ocr_carea' id='block_1_17' title="bbox 423 1554 2013 1626">
    <p class='ocr_par' dir='ltr' id='par_1_17' title="bbox 423 1554 2013 1626">
     <span class='ocr_line' id='line_1_17' title="bbox 423 1554 2013 1626; baseline 0.001 -18"><span class='ocrx_word' id='word_1_110' title='bbox 423 1573 532 1608; x_wconf 89' lang='grc' dir='ltr'><strong>των</strong></span> <span class='ocrx_word' id='word_1_111' title='bbox 551 1556 659 1608; x_wconf 82' lang='grc' dir='ltr'>τῶν</span> <span class='ocrx_word' id='word_1_112' title='bbox 691 1555 901 1607; x_wconf 80' lang='grc' dir='ltr'>αἰώνων</span> <span class='ocrx_word' id='word_1_113' title='bbox 930 1571 943 1584; x_wconf 80' lang='grc'><strong><em>⁸</em></strong></span> <span class='ocrx_word' id='word_1_114' title='bbox 977 1557 1004 1608; x_wconf 85' lang='grc' dir='ltr'>ὁ</span> <span class='ocrx_word' id='word_1_115' title='bbox 1038 1555 1094 1608; x_wconf 84' lang='grc' dir='ltr'>δὲ</span> <span class='ocrx_word' id='word_1_116' title='bbox 1126 1554 1319 1608; x_wconf 82' lang='grc' dir='ltr'>τούτου</span> <span class='ocrx_word' id='word_1_117' title='bbox 1356 1555 1539 1626; x_wconf 77' lang='grc' dir='ltr'>πατὴρ</span> <span class='ocrx_word' id='word_1_118' title='bbox 1571 1555 1667 1626; x_wconf 83' lang='grc' dir='ltr'>τὴν</span> <span class='ocrx_word' id='word_1_119' title='bbox 1707 1557 2013 1610; x_wconf 86' lang='grc' dir='ltr'>ἀποθανοῦ-</span> 
     </span>
    </p>
   </div>
   <div class='ocr_carea' id='block_1_18' title="bbox 425 1643 2016 1718">
    <p class='ocr_par' dir='ltr' id='par_1_18' title="bbox 425 1643 2016 1718">
     <span class='ocr_line' id='line_1_18' title="bbox 425 1643 2016 1718; baseline -0.001 -17"><span class='ocrx_word' id='word_1_120' title='bbox 425 1665 524 1701; x_wconf 88' lang='grc' dir='ltr'><strong>σαν</strong></span> <span class='ocrx_word' id='word_1_121' title='bbox 548 1645 750 1718; x_wconf 86' lang='grc' dir='ltr'>ταύτης</span> <span class='ocrx_word' id='word_1_122' title='bbox 773 1647 971 1717; x_wconf 77' lang='grc' dir='ltr'>ψυχὴν,</span> <span class='ocrx_word' id='word_1_123' title='bbox 1003 1646 1093 1698; x_wconf 81' lang='grc' dir='ltr'>τὸν</span> <span class='ocrx_word' id='word_1_124' title='bbox 1122 1646 1352 1700; x_wconf 85' lang='grc' dir='ltr'>θάνατον</span> <span class='ocrx_word' id='word_1_125' title='bbox 1386 1643 1481 1699; x_wconf 87' lang='grc' dir='ltr'><strong>τοῦ</strong></span> <span class='ocrx_word' id='word_1_126' title='bbox 1519 1645 1787 1717; x_wconf 81' lang='grc' dir='ltr'>Χριστοῦ,</span> <span class='ocrx_word' id='word_1_127' title='bbox 1812 1647 2016 1718; x_wconf 76' lang='grc' dir='ltr'>ἐγείρει</span> 
     </span>
    </p>
   </div>
   <div class='ocr_carea' id='block_1_19' title="bbox 421 1737 2014 1808">
    <p class='ocr_par' dir='ltr' id='par_1_19' title="bbox 421 1737 2014 1808">
     <span class='ocr_line' id='line_1_19' title="bbox 421 1737 2014 1808; baseline 0.001 -16"><span class='ocrx_word' id='word_1_128' title='bbox 421 1739 510 1792; x_wconf 80' lang='grc' dir='ltr'>διὰ</span> <span class='ocrx_word' id='word_1_129' title='bbox 541 1739 791 1806; x_wconf 80' lang='grc' dir='ltr'>γνώσεως</span> <span class='ocrx_word' id='word_1_130' title='bbox 816 1738 914 1808; x_wconf 84' lang='grc' dir='ltr'>τῆς</span> <span class='ocrx_word' id='word_1_131' title='bbox 949 1737 1165 1792; x_wconf 81' lang='grc' dir='ltr'>ἑαυτοῦ.</span> <span class='ocrx_word' id='word_1_132' title='bbox 1204 1738 1313 1793; x_wconf 74' lang='grc' dir='ltr'>Καὶ</span> <span class='ocrx_word' id='word_1_133' title='bbox 1339 1737 1498 1792; x_wconf 88' lang='grc' dir='ltr'>τοῦτό</span> <span class='ocrx_word' id='word_1_134' title='bbox 1541 1741 1655 1792; x_wconf 76' lang='grc' dir='ltr'>ἐστι</span> <span class='ocrx_word' id='word_1_135' title='bbox 1686 1740 1744 1792; x_wconf 82' lang='grc' dir='ltr'><strong>τὸ</strong></span> <span class='ocrx_word' id='word_1_136' title='bbox 1778 1738 1882 1792; x_wconf 82' lang='grc' dir='ltr'>ὑπὸ</span> <span class='ocrx_word' id='word_1_137' title='bbox 1921 1740 2014 1793; x_wconf 88' lang='grc' dir='ltr'><strong>τοῦ</strong></span> 
     </span>
    </p>
   </div>
   <div class='ocr_carea' id='block_1_20' title="bbox 2127 539 3814 624">
    <p class='ocr_par' dir='ltr' id='par_1_20' title="bbox 2127 539 3814 624">
     <span class='ocr_line' id='line_1_20' title="bbox 2127 539 3814 624; baseline 0.004 -24"><span class='ocrx_word' id='word_1_138' title='bbox 2127 547 2271 602; x_wconf 80' lang='lat' dir='ltr'><strong>fut-ta</strong></span> <span class='ocrx_word' id='word_1_139' title='bbox 2314 539 2470 619; x_wconf 73' lang='lat'><strong>531</strong></span> <span class='ocrx_word' id='word_1_140' title='bbox 2501 552 2698 614; x_wconf 76' lang='lat' dir='ltr'><strong>uectis,</strong></span> <span class='ocrx_word' id='word_1_141' title='bbox 2736 558 2790 606; x_wconf 86' lang='lat' dir='ltr'><strong>et</strong></span> <span class='ocrx_word' id='word_1_142' title='bbox 2831 551 3099 606; x_wconf 77' lang='lat' dir='ltr'><strong>exurebat-</strong></span> <span class='ocrx_word' id='word_1_143' title='bbox 3146 560 3278 606; x_wconf 69' lang='grc' dir='ltr'>αιςιιι</span> <span class='ocrx_word' id='word_1_144' title='bbox 3316 551 3444 616; x_wconf 79' lang='lat' dir='ltr'><strong>dici,</strong></span> <span class='ocrx_word' id='word_1_145' title='bbox 3501 561 3554 606; x_wconf 82' lang='lat' dir='ltr'><strong>et</strong></span> <span class='ocrx_word' id='word_1_146' title='bbox 3585 556 3714 624; x_wconf 72' lang='lat' dir='ltr'><strong>geiu</strong></span> <span class='ocrx_word' id='word_1_147' title='bbox 3805 601 3814 606; x_wconf 76' lang='lat'><strong>-</strong></span> 
     </span>
    </p>
   </div>
   <div class='ocr_carea' id='block_1_21' title="bbox 2117 640 3714 711">
    <p class='ocr_par' dir='ltr' id='par_1_21' title="bbox 2117 640 3714 711">
     <span class='ocr_line' id='line_1_21' title="bbox 2117 640 3714 711; baseline 0.007 -19"><span class='ocrx_word' id='word_1_148' title='bbox 2117 641 2324 702; x_wconf 73' lang='lat' dir='ltr'><strong>‘noctis.</strong></span> <span class='ocrx_word' id='word_1_149' title='bbox 2349 640 2754 711; x_wconf 82' lang='lat' dir='ltr'><strong>secedebatque</strong></span> <span class='ocrx_word' id='word_1_150' title='bbox 2781 653 3008 699; x_wconf 80' lang='lat' dir='ltr'><strong>somnus</strong></span> <span class='ocrx_word' id='word_1_151' title='bbox 3030 644 3099 698; x_wconf 76' lang='lat' dir='ltr'><strong>ab</strong></span> <span class='ocrx_word' id='word_1_152' title='bbox 3127 644 3300 698; x_wconf 74' lang='lat' dir='ltr'><strong>oculis</strong></span> <span class='ocrx_word' id='word_1_153' title='bbox 3332 646 3465 699; x_wconf 85' lang='lat' dir='ltr'><strong>nteis</strong></span> <span class='ocrx_word' id='word_1_154' title='bbox 3493 641 3541 677; x_wconf 75' lang='lat'><strong>&quot;</strong></span> <span class='ocrx_word' id='word_1_155' title='bbox 3571 685 3586 698; x_wconf 93' lang='lat'><strong>.</strong></span> <span class='ocrx_word' id='word_1_156' title='bbox 3608 665 3630 694; x_wconf 75' lang='grc' dir='ltr'><strong>ι</strong></span> <span class='ocrx_word' id='word_1_157' title='bbox 3653 648 3714 702; x_wconf 81' lang='lat' dir='ltr'><strong>Si</strong></span> 
     </span>
    </p>
   </div>
   <div class='ocr_carea' id='block_1_22' title="bbox 2121 727 3711 806">
    <p class='ocr_par' dir='ltr' id='par_1_22' title="bbox 2121 727 3711 806">
     <span class='ocr_line' id='line_1_22' title="bbox 2121 727 3711 806; baseline 0.006 -22"><span class='ocrx_word' id='word_1_158' title='bbox 2121 739 2304 784; x_wconf 77' lang='lat' dir='ltr'><strong>‘atttt-m</strong></span> <span class='ocrx_word' id='word_1_159' title='bbox 2358 727 2538 802; x_wconf 87' lang='lat' dir='ltr'><strong>aliqua</strong></span> <span class='ocrx_word' id='word_1_160' title='bbox 2587 741 2650 787; x_wconf 76' lang='lat' dir='ltr'><strong>ett</strong></span> <span class='ocrx_word' id='word_1_161' title='bbox 2701 735 2888 788; x_wconf 81' lang='lat' dir='ltr'><strong>Iahore</strong></span> <span class='ocrx_word' id='word_1_162' title='bbox 2932 733 3149 806; x_wconf 76' lang='lat' dir='ltr'><strong>pigritia</strong></span> <span class='ocrx_word' id='word_1_163' title='bbox 3200 732 3355 790; x_wconf 86' lang='lat' dir='ltr'><strong>nohis</strong></span> <span class='ocrx_word' id='word_1_164' title='bbox 3389 739 3711 804; x_wconf 73' lang='lat' dir='ltr'><strong>accesserit,</strong></span> 
     </span>
    </p>
   </div>
   <div class='ocr_carea' id='block_1_23' title="bbox 2126 819 3709 897">
    <p class='ocr_par' dir='ltr' id='par_1_23' title="bbox 2126 819 3709 897">
     <span class='ocr_line' id='line_1_23' title="bbox 2126 819 3709 897; baseline 0.009 -24"><span class='ocrx_word' id='word_1_165' title='bbox 2126 819 2408 892; x_wconf 73' lang='lat' dir='ltr'><strong>paululum</strong></span> <span class='ocrx_word' id='word_1_166' title='bbox 2448 831 2803 881; x_wconf 76' lang='lat' dir='ltr'><strong>reettrr&#39;entcs</strong></span> <span class='ocrx_word' id='word_1_167' title='bbox 2831 826 2900 881; x_wconf 84' lang='lat' dir='ltr'><strong>&#39;ad</strong></span> <span class='ocrx_word' id='word_1_168' title='bbox 2935 827 3263 897; x_wconf 81' lang='lat' dir='ltr'><strong>cognitionis</strong></span> <span class='ocrx_word' id='word_1_169' title='bbox 3295 831 3522 897; x_wconf 77' lang='lat' dir='ltr'><strong>petram,</strong></span> <span class='ocrx_word' id='word_1_170' title='bbox 3553 825 3709 886; x_wconf 80' lang='lat' dir='ltr'><strong>Psal-</strong></span> 
     </span>
    </p>
   </div>
   <div class='ocr_carea' id='block_1_24' title="bbox 2125 915 3714 990">
    <p class='ocr_par' dir='ltr' id='par_1_24' title="bbox 2125 915 3714 990">
     <span class='ocr_line' id='line_1_24' title="bbox 2125 915 3714 990; baseline 0.008 -22"><span class='ocrx_word' id='word_1_171' title='bbox 2125 915 2265 969; x_wconf 83' lang='lat' dir='ltr'><strong>t&#39;erlo</strong></span> <span class='ocrx_word' id='word_1_172' title='bbox 2317 927 2415 972; x_wconf 84' lang='lat' dir='ltr'><strong>nos</strong></span> <span class='ocrx_word' id='word_1_173' title='bbox 2475 915 2907 985; x_wconf 77' lang='lat' dir='ltr'><strong>admoveamns,</strong></span> <span class='ocrx_word' id='word_1_174' title='bbox 2964 929 3061 988; x_wconf 81' lang='lat' dir='ltr'><strong>per</strong></span> <span class='ocrx_word' id='word_1_175' title='bbox 3109 923 3337 976; x_wconf 74' lang='lat' dir='ltr'><strong>virtutes</strong></span> <span class='ocrx_word' id='word_1_176' title='bbox 3384 923 3714 990; x_wconf 74' lang='lat' dir='ltr'><strong>cognitionis</strong></span> 
     </span>
    </p>
   </div>
   <div class='ocr_carea' id='block_1_25' title="bbox 2107 999 3713 1086">
    <p class='ocr_par' dir='ltr' id='par_1_25' title="bbox 2107 999 3713 1086">
     <span class='ocr_line' id='line_1_25' title="bbox 2107 999 3713 1086; baseline 0.006 -25"><span class='ocrx_word' id='word_1_177' title='bbox 2107 999 2695 1078; x_wconf 75' lang='lat' dir='ltr'><strong>cltordas‘pulsantes,</strong></span> <span class='ocrx_word' id='word_1_178' title='bbox 2732 1021 3035 1081; x_wconf 81' lang='lat' dir='ltr'><strong>rursusque</strong></span> <span class='ocrx_word' id='word_1_179' title='bbox 3059 1012 3164 1066; x_wconf 87' lang='lat' dir='ltr'><strong>sub</strong></span> <span class='ocrx_word' id='word_1_180' title='bbox 3193 1011 3374 1067; x_wconf 78' lang='lat' dir='ltr'><strong>Sian</strong></span> <span class='ocrx_word' id='word_1_181' title='bbox 3404 1023 3590 1070; x_wconf 83' lang='lat' dir='ltr'><strong>monte</strong></span> <span class='ocrx_word' id='word_1_182' title='bbox 3617 1031 3713 1086; x_wconf 89' lang='lat' dir='ltr'><strong>pe-</strong></span> 
     </span>
    </p>
   </div>
   <div class='ocr_carea' id='block_1_26' title="bbox 2123 1098 3714 1174">
    <p class='ocr_par' dir='ltr' id='par_1_26' title="bbox 2123 1098 3714 1174">
     <span class='ocr_line' id='line_1_26' title="bbox 2123 1098 3714 1174; baseline 0.004 -18"><span class='ocrx_word' id='word_1_183' title='bbox 2123 1101 2290 1156; x_wconf 76' lang='lat' dir='ltr'><strong>cudes</strong></span> <span class='ocrx_word' id='word_1_184' title='bbox 2317 1098 2696 1171; x_wconf 79' lang='lat' dir='ltr'><strong>depascamus,</strong></span> <span class='ocrx_word' id='word_1_185' title='bbox 2732 1113 2793 1158; x_wconf 90' lang='lat' dir='ltr'><strong>ut</strong></span> <span class='ocrx_word' id='word_1_186' title='bbox 2815 1101 2984 1158; x_wconf 80' lang='lat' dir='ltr'><strong>Deum</strong></span> <span class='ocrx_word' id='word_1_187' title='bbox 3029 1113 3243 1174; x_wconf 82' lang='lat' dir='ltr'><strong>patrum</strong></span> <span class='ocrx_word' id='word_1_188' title='bbox 3271 1115 3580 1162; x_wconf 80' lang='lat' dir='ltr'><strong>nostrttruttt</strong></span> <span class='ocrx_word' id='word_1_189' title='bbox 3613 1119 3714 1164; x_wconf 82' lang='lat' dir='ltr'><strong>nos</strong></span> 
     </span>
    </p>
   </div>
   <div class='ocr_carea' id='block_1_27' title="bbox 2123 1194 3704 1265">
    <p class='ocr_par' dir='ltr' id='par_1_27' title="bbox 2123 1194 3704 1265">
     <span class='ocr_line' id='line_1_27' title="bbox 2123 1194 3704 1265; baseline 0.005 -19"><span class='ocrx_word' id='word_1_190' title='bbox 2123 1194 2288 1246; x_wconf 75' lang='lat' dir='ltr'><strong>etiam</strong></span> <span class='ocrx_word' id='word_1_191' title='bbox 2319 1205 2505 1249; x_wconf 78' lang='lat' dir='ltr'><strong>evocet</strong></span> <span class='ocrx_word' id='word_1_192' title='bbox 2532 1209 2565 1249; x_wconf 83' lang='lat' dir='ltr'><strong>e</strong></span> <span class='ocrx_word' id='word_1_193' title='bbox 2591 1195 2749 1261; x_wconf 78' lang='lat' dir='ltr'><strong>rubo,</strong></span> <span class='ocrx_word' id='word_1_194' title='bbox 2793 1205 2955 1265; x_wconf 88' lang='lat' dir='ltr'><strong>atque</strong></span> <span class='ocrx_word' id='word_1_195' title='bbox 2980 1198 3218 1252; x_wconf 78' lang='lat' dir='ltr'><strong>rationes</strong></span> <span class='ocrx_word' id='word_1_196' title='bbox 3256 1203 3351 1252; x_wconf 84' lang='lat' dir='ltr'><strong>seu</strong></span> <span class='ocrx_word' id='word_1_197' title='bbox 3388 1211 3585 1254; x_wconf 76' lang='lat' dir='ltr'><strong>causas</strong></span> <span class='ocrx_word' id='word_1_198' title='bbox 3625 1197 3704 1254; x_wconf 86' lang='lat' dir='ltr'><strong>si-</strong></span> 
     </span>
    </p>
   </div>
   <div class='ocr_carea' id='block_1_28' title="bbox 2115 1287 3715 1360">
    <p class='ocr_par' dir='ltr' id='par_1_28' title="bbox 2115 1287 3715 1360">
     <span class='ocr_line' id='line_1_28' title="bbox 2115 1287 3715 1360; baseline 0.007 -25"><span class='ocrx_word' id='word_1_199' title='bbox 2115 1294 2351 1353; x_wconf 71' lang='lat' dir='ltr'><strong>&#39;gnorUm</strong></span> <span class='ocrx_word' id='word_1_200' title='bbox 2378 1297 2439 1339; x_wconf 82' lang='lat' dir='ltr'><strong>ac</strong></span> <span class='ocrx_word' id='word_1_201' title='bbox 2465 1287 3022 1356; x_wconf 75' lang='lat' dir='ltr'><strong>prodigiorumnobis</strong></span> <span class='ocrx_word' id='word_1_202' title='bbox 3052 1291 3213 1343; x_wconf 78' lang='lat' dir='ltr'><strong>donet</strong></span> <span class='ocrx_word' id='word_1_203' title='bbox 3235 1291 3589 1360; x_wconf 71' lang='lat' dir='ltr'><strong>aclargia&#39;tnr.</strong></span> <span class='ocrx_word' id='word_1_204' title='bbox 3617 1289 3715 1346; x_wconf 82' lang='lat' dir='ltr'><strong>Na-</strong></span> 
     </span>
    </p>
   </div>
   <div class='ocr_carea' id='block_1_29' title="bbox 2123 1375 3710 1447">
    <p class='ocr_par' dir='ltr' id='par_1_29' title="bbox 2123 1375 3710 1447">
     <span class='ocr_line' id='line_1_29' title="bbox 2123 1375 3710 1447; baseline 0.008 -20"><span class='ocrx_word' id='word_1_205' title='bbox 2123 1375 2299 1428; x_wconf 75' lang='lat' dir='ltr'><strong>turam</strong></span> <span class='ocrx_word' id='word_1_206' title='bbox 2351 1377 2570 1447; x_wconf 81' lang='lat' dir='ltr'><strong>quidem</strong></span> <span class='ocrx_word' id='word_1_207' title='bbox 2614 1379 2932 1435; x_wconf 78' lang='lat' dir='ltr'><strong>rationalem</strong></span> <span class='ocrx_word' id='word_1_208' title='bbox 2975 1397 3004 1434; x_wconf 91' lang='lat' dir='ltr'><strong>e</strong></span> <span class='ocrx_word' id='word_1_209' title='bbox 3057 1381 3190 1435; x_wconf 79' lang='lat' dir='ltr'><strong>vitio</strong></span> <span class='ocrx_word' id='word_1_210' title='bbox 3239 1386 3415 1436; x_wconf 88' lang='lat' dir='ltr'><strong>morte</strong></span> <span class='ocrx_word' id='word_1_211' title='bbox 3459 1378 3710 1439; x_wconf 77' lang='lat' dir='ltr'><strong>ali‘ectam</strong></span> 
     </span>
    </p>
   </div>
   <div class='ocr_carea' id='block_1_30' title="bbox 2123 1467 3709 1542">
    <p class='ocr_par' dir='ltr' id='par_1_30' title="bbox 2123 1467 3709 1542">
     <span class='ocr_line' id='line_1_30' title="bbox 2123 1467 3709 1542; baseline 0.008 -24"><span class='ocrx_word' id='word_1_212' title='bbox 2123 1467 2354 1520; x_wconf 77' lang='lat' dir='ltr'><strong>Suscita’t</strong></span> <span class='ocrx_word' id='word_1_213' title='bbox 2375 1467 2628 1525; x_wconf 72' lang='lat' dir='ltr'><strong>Christus</strong></span> <span class='ocrx_word' id='word_1_214' title='bbox 2659 1478 2752 1540; x_wconf 82' lang='lat' dir='ltr'><strong>per</strong></span> <span class='ocrx_word' id='word_1_215' title='bbox 2782 1473 3298 1542; x_wconf 67' lang='lat' dir='ltr'><strong>contemplationem</strong></span> <span class='ocrx_word' id='word_1_216' title='bbox 3333 1473 3709 1530; x_wconf 72' lang='lat' dir='ltr'><strong>omnium‘ste-</strong></span> 
     </span>
    </p>
   </div>
   <div class='ocr_carea' id='block_1_31' title="bbox 2125 1556 3712 1633">
    <p class='ocr_par' dir='ltr' id='par_1_31' title="bbox 2125 1556 3712 1633">
     <span class='ocr_line' id='line_1_31' title="bbox 2125 1556 3712 1633; baseline 0.008 -25"><span class='ocrx_word' id='word_1_217' title='bbox 2125 1556 2413 1624; x_wconf 70' lang='lat' dir='ltr'><strong>tulerunt;</strong></span> <span class='ocrx_word' id='word_1_218' title='bbox 2446 1558 2611 1628; x_wconf 86' lang='lat' dir='ltr'><strong>hujus</strong></span> <span class='ocrx_word' id='word_1_219' title='bbox 2643 1570 2826 1616; x_wconf 84' lang='lat' dir='ltr'><strong>autem</strong></span> <span class='ocrx_word' id='word_1_220' title='bbox 2855 1561 3013 1616; x_wconf 86' lang='lat' dir='ltr'><strong>Pater</strong></span> <span class='ocrx_word' id='word_1_221' title='bbox 3035 1572 3307 1618; x_wconf 89' lang='lat' dir='ltr'><strong>mortuam</strong></span> <span class='ocrx_word' id='word_1_222' title='bbox 3333 1564 3580 1633; x_wconf 78' lang='lat' dir='ltr'><strong>ejusdem</strong></span> <span class='ocrx_word' id='word_1_223' title='bbox 3612 1575 3712 1621; x_wconf 77' lang='lat' dir='ltr'><strong>na-</strong></span> 
     </span>
    </p>
   </div>
   <div class='ocr_carea' id='block_1_32' title="bbox 2125 1645 3712 1726">
    <p class='ocr_par' dir='ltr' id='par_1_32' title="bbox 2125 1645 3712 1726">
     <span class='ocr_line' id='line_1_32' title="bbox 2125 1645 3712 1726; baseline 0.008 -28"><span class='ocrx_word' id='word_1_224' title='bbox 2125 1645 2262 1701; x_wconf 77' lang='lat' dir='ltr'><strong>turae</strong></span> <span class='ocrx_word' id='word_1_225' title='bbox 2283 1649 2570 1705; x_wconf 70' lang='lat' dir='ltr'><strong>rationalis</strong></span> <span class='ocrx_word' id='word_1_226' title='bbox 2601 1651 2860 1717; x_wconf 82' lang='lat' dir='ltr'><strong>animam,</strong></span> <span class='ocrx_word' id='word_1_227' title='bbox 2897 1664 3020 1724; x_wconf 73' lang='lat' dir='ltr'><strong>quae</strong></span> <span class='ocrx_word' id='word_1_228' title='bbox 3049 1667 3200 1709; x_wconf 89' lang='lat' dir='ltr'><strong>mors</strong></span> <span class='ocrx_word' id='word_1_229' title='bbox 3244 1665 3328 1710; x_wconf 86' lang='lat' dir='ltr'><strong>est</strong></span> <span class='ocrx_word' id='word_1_230' title='bbox 3357 1651 3579 1721; x_wconf 78' lang='lat' dir='ltr'><strong>Christi,</strong></span> <span class='ocrx_word' id='word_1_231' title='bbox 3618 1667 3712 1726; x_wconf 82' lang='lat' dir='ltr'><strong>per</strong></span> 
     </span>
    </p>
   </div>
   <div class='ocr_carea' id='block_1_33' title="bbox 2123 1739 3709 1817">
    <p class='ocr_par' dir='ltr' id='par_1_33' title="bbox 2123 1739 3709 1817">
     <span class='ocr_line' id='line_1_33' title="bbox 2123 1739 3709 1817; baseline 0.008 -28"><span class='ocrx_word' id='word_1_232' title='bbox 2123 1739 2398 1806; x_wconf 77' lang='lat' dir='ltr'><strong>su’iip‘sius</strong></span> <span class='ocrx_word' id='word_1_233' title='bbox 2437 1742 2637 1796; x_wconf 79' lang='lat' dir='ltr'><strong>excitat</strong></span> <span class='ocrx_word' id='word_1_234' title='bbox 2664 1744 3032 1813; x_wconf 79' lang='lat' dir='ltr'><strong>cognitionem</strong></span> <span class='ocrx_word' id='word_1_235' title='bbox 3062 1745 3313 1816; x_wconf 87' lang='lat' dir='ltr'><strong>:hocque</strong></span> <span class='ocrx_word' id='word_1_236' title='bbox 3343 1756 3448 1812; x_wconf 73' lang='grc' dir='ltr'>εει,</span> <span class='ocrx_word' id='word_1_237' title='bbox 3485 1749 3634 1817; x_wconf 83' lang='lat' dir='ltr'><strong>quod</strong></span> <span class='ocrx_word' id='word_1_238' title='bbox 3678 1763 3709 1802; x_wconf 75' lang='grc' dir='ltr'><strong>ιι</strong></span> 
     </span>
    </p>
   </div>
   <div class='ocr_carea' id='block_1_34' title="bbox 425 1820 2012 1901">
    <p class='ocr_par' dir='ltr' id='par_1_34' title="bbox 425 1825 2012 1901">
     <span class='ocr_line' id='line_1_34' title="bbox 425 1825 2012 1901; baseline 0 -19"><span class='ocrx_word' id='word_1_239' title='bbox 425 1829 637 1882; x_wconf 81' lang='grc' dir='ltr'>Παύλου</span> <span class='ocrx_word' id='word_1_240' title='bbox 686 1829 1000 1898; x_wconf 79' lang='grc' dir='ltr'>λεγόμενον,</span> <span class='ocrx_word' id='word_1_241' title='bbox 1033 1829 1116 1896; x_wconf 73' lang='grc' dir='ltr'>τὸ,</span> <span class='ocrx_word' id='word_1_242' title='bbox 1171 1850 1187 1881; x_wconf 82' lang='grc' dir='ltr'><strong>ι</strong></span> <span class='ocrx_word' id='word_1_243' title='bbox 1208 1825 1272 1883; x_wconf 82' lang='lat' dir='ltr'><strong>Ei</strong></span> <span class='ocrx_word' id='word_1_244' title='bbox 1301 1828 1744 1900; x_wconf 72' lang='grc' dir='ltr'>συναπεθάνομεν</span> <span class='ocrx_word' id='word_1_245' title='bbox 1772 1830 1848 1899; x_wconf 83' lang='grc' dir='ltr'><strong>τῷ</strong></span> <span class='ocrx_word' id='word_1_246' title='bbox 1877 1831 2012 1901; x_wconf 81' lang='grc' dir='ltr'>Χρι-</span> 
     </span>
    </p>
   </div>
   <div class='ocr_carea' id='block_1_35' title="bbox 2113 1820 3707 1901">
    <p class='ocr_par' dir='ltr' id='par_1_35' title="bbox 2128 1823 3707 1901">
     <span class='ocr_line' id='line_1_35' title="bbox 2128 1823 3707 1901; baseline 0.006 -23"><span class='ocrx_word' id='word_1_247' title='bbox 2128 1823 2298 1881; x_wconf 80' lang='lat' dir='ltr'><strong>Paulo</strong></span> <span class='ocrx_word' id='word_1_248' title='bbox 2319 1828 2559 1884; x_wconf 78' lang='lat' dir='ltr'><strong>dicitur:</strong></span> <span class='ocrx_word' id='word_1_249' title='bbox 2591 1849 2609 1880; x_wconf 76' lang='grc' dir='ltr'><strong>ι</strong></span> <span class='ocrx_word' id='word_1_250' title='bbox 2640 1829 2694 1886; x_wconf 90' lang='lat' dir='ltr'><strong>Si</strong></span> <span class='ocrx_word' id='word_1_251' title='bbox 2722 1837 3112 1889; x_wconf 86' lang='lat' dir='ltr'><strong>commorimur</strong></span> <span class='ocrx_word' id='word_1_252' title='bbox 3141 1833 3381 1901; x_wconf 81' lang='lat' dir='ltr'><strong>Christo,</strong></span> <span class='ocrx_word' id='word_1_253' title='bbox 3411 1835 3707 1900; x_wconf 83' lang='lat' dir='ltr'><strong>credimus,</strong></span> 
     </span>
    </p>
   </div>
   <div class='ocr_carea' id='block_1_36' title="bbox 425 1917 2014 1992">
    <p class='ocr_par' dir='ltr' id='par_1_36' title="bbox 425 1917 2014 1992">
     <span class='ocr_line' id='line_1_36' title="bbox 425 1917 2014 1992; baseline 0.001 -19"><span class='ocrx_word' id='word_1_254' title='bbox 425 1921 555 1992; x_wconf 82' lang='grc' dir='ltr'>στῷ,</span> <span class='ocrx_word' id='word_1_255' title='bbox 589 1920 942 1990; x_wconf 86' lang='grc' dir='ltr'>πιστεύομεν.</span> <span class='ocrx_word' id='word_1_256' title='bbox 972 1921 1052 1974; x_wconf 80' lang='grc' dir='ltr'>ὅτι</span> <span class='ocrx_word' id='word_1_257' title='bbox 1077 1921 1178 1974; x_wconf 64' lang='grc' dir='ltr'>’καὶ</span> <span class='ocrx_word' id='word_1_258' title='bbox 1200 1917 1510 1992; x_wconf 79' lang='grc' dir='ltr'>συζήσομεν</span> <span class='ocrx_word' id='word_1_259' title='bbox 1536 1920 1704 1990; x_wconf 76' lang='grc' dir='ltr'>αὐτῷ.</span> <span class='ocrx_word' id='word_1_260' title='bbox 1731 1939 1748 1971; x_wconf 82' lang='lat' dir='ltr'><strong>t</strong></span> <span class='ocrx_word' id='word_1_261' title='bbox 1783 1921 1954 1973; x_wconf 78' lang='grc' dir='ltr'>’Ὅταν</span> <span class='ocrx_word' id='word_1_262' title='bbox 1986 1924 2014 1974; x_wconf 89' lang='lat'><strong>6</strong></span> 
     </span>
    </p>
   </div>
   <div class='ocr_carea' id='block_1_37' title="bbox 421 2010 2018 2082">
    <p class='ocr_par' dir='ltr' id='par_1_37' title="bbox 421 2010 2018 2082">
     <span class='ocr_line' id='line_1_37' title="bbox 421 2010 2018 2082; baseline -0.001 -16"><span class='ocrx_word' id='word_1_263' title='bbox 421 2013 546 2076; x_wconf 87' lang='grc' dir='ltr'>νοῦς</span> <span class='ocrx_word' id='word_1_264' title='bbox 597 2013 688 2065; x_wconf 74' lang='grc' dir='ltr'><strong>τὸν</strong></span> <span class='ocrx_word' id='word_1_265' title='bbox 739 2013 967 2066; x_wconf 74' lang='grc' dir='ltr'>παλαιὸν</span> <span class='ocrx_word' id='word_1_266' title='bbox 1016 2013 1298 2082; x_wconf 83' lang='grc' dir='ltr'>ἄνθρωπον</span> <span class='ocrx_word' id='word_1_267' title='bbox 1357 2012 1768 2081; x_wconf 85' lang='grc' dir='ltr'>ἀποδυσάμενος</span> <span class='ocrx_word' id='word_1_268' title='bbox 1809 2013 1901 2065; x_wconf 80' lang='grc' dir='ltr'><strong>τὸν</strong></span> <span class='ocrx_word' id='word_1_269' title='bbox 1954 2010 2018 2065; x_wconf 74' lang='grc' dir='ltr'>ἐκ</span> 
     </span>
    </p>
   </div>
   <div class='ocr_carea' id='block_1_38' title="bbox 2128 1914 3707 1994">
    <p class='ocr_par' dir='ltr' id='par_1_38' title="bbox 2128 1914 3707 1994">
     <span class='ocr_line' id='line_1_38' title="bbox 2128 1914 3707 1994; baseline 0.009 -25"><span class='ocrx_word' id='word_1_270' title='bbox 2128 1914 2276 1986; x_wconf 84' lang='lat' dir='ltr'><strong>quod</strong></span> <span class='ocrx_word' id='word_1_271' title='bbox 2309 1929 2364 1973; x_wconf 87' lang='lat' dir='ltr'><strong>et</strong></span> <span class='ocrx_word' id='word_1_272' title='bbox 2411 1920 2516 1990; x_wconf 83' lang='lat' dir='ltr'><strong>ipsi</strong></span> <span class='ocrx_word' id='word_1_273' title='bbox 2570 1923 3092 1980; x_wconf 77' lang='lat' dir='ltr'><strong>conviviﬂcabitnur.</strong></span> <span class='ocrx_word' id='word_1_274' title='bbox 3119 1927 3162 1958; x_wconf 72' lang='grc' dir='ltr'><strong>’ί</strong></span> <span class='ocrx_word' id='word_1_275' title='bbox 3206 1946 3224 1979; x_wconf 77' lang='lat' dir='ltr'><strong>t</strong></span> <span class='ocrx_word' id='word_1_276' title='bbox 3259 1926 3486 1993; x_wconf 84' lang='lat' dir='ltr'><strong>Quando</strong></span> <span class='ocrx_word' id='word_1_277' title='bbox 3516 1941 3707 1994; x_wconf 86' lang='lat' dir='ltr'><strong>mens,</strong></span> 
     </span>
    </p>
   </div>
   <div class='ocr_carea' id='block_1_39' title="bbox 2127 2013 3708 2091">
    <p class='ocr_par' dir='ltr' id='par_1_39' title="bbox 2127 2013 3708 2091">
     <span class='ocr_line' id='line_1_39' title="bbox 2127 2013 3708 2091; baseline 0.008 -28"><span class='ocrx_word' id='word_1_278' title='bbox 2127 2023 2250 2064; x_wconf 72' lang='lat' dir='ltr'><strong>cum</strong></span> <span class='ocrx_word' id='word_1_279' title='bbox 2274 2013 2516 2068; x_wconf 62' lang='lat' dir='ltr'><strong>Veterem</strong></span> <span class='ocrx_word' id='word_1_280' title='bbox 2564 2017 2777 2070; x_wconf 77' lang='lat' dir='ltr'><strong>exuerit</strong></span> <span class='ocrx_word' id='word_1_281' title='bbox 2821 2017 3120 2080; x_wconf 77' lang='lat' dir='ltr'><strong>hom-intem,</strong></span> <span class='ocrx_word' id='word_1_282' title='bbox 3163 2017 3397 2074; x_wconf 76' lang='lat' dir='ltr'><strong>induerit</strong></span> <span class='ocrx_word' id='word_1_283' title='bbox 3424 2029 3571 2086; x_wconf 82' lang='lat' dir='ltr'><strong>eum,</strong></span> <span class='ocrx_word' id='word_1_284' title='bbox 3617 2024 3708 2091; x_wconf 71' lang='lat' dir='ltr'><strong>qui</strong></span> 
     </span>
    </p>
   </div>
   <div class='ocr_carea' id='block_1_40' title="bbox 421 2103 2012 2182">
    <p class='ocr_par' dir='ltr' id='par_1_40' title="bbox 421 2103 2012 2176">
     <span class='ocr_line' id='line_1_40' title="bbox 421 2103 2012 2176; baseline -0.001 -18"><span class='ocrx_word' id='word_1_285' title='bbox 421 2107 640 2175; x_wconf 76' lang='grc' dir='ltr'>χάριτος</span> <span class='ocrx_word' id='word_1_286' title='bbox 668 2103 976 2176; x_wconf 79' lang='grc' dir='ltr'>ἐνδύσηται,</span> <span class='ocrx_word' id='word_1_287' title='bbox 1026 2107 1146 2158; x_wconf 90' lang='grc' dir='ltr'>τότε</span> <span class='ocrx_word' id='word_1_288' title='bbox 1194 2104 1290 2158; x_wconf 66' lang='grc' dir='ltr'><strong>κα)⁸</strong></span> <span class='ocrx_word' id='word_1_289' title='bbox 1339 2104 1436 2175; x_wconf 85' lang='grc' dir='ltr'>τὴν</span> <span class='ocrx_word' id='word_1_290' title='bbox 1467 2103 1632 2158; x_wconf 83' lang='grc' dir='ltr'>αὑτοῦ</span> <span class='ocrx_word' id='word_1_291' title='bbox 1680 2104 2012 2158; x_wconf 73' lang='grc' dir='ltr'>κατάστασιν</span> 
     </span>
    </p>
   </div>
   <div class='ocr_carea' id='block_1_41' title="bbox 2113 2103 3710 2182">
    <p class='ocr_par' dir='ltr' id='par_1_41' title="bbox 2123 2105 3710 2182">
     <span class='ocr_line' id='line_1_41' title="bbox 2123 2105 3710 2182; baseline 0.009 -28"><span class='ocrx_word' id='word_1_292' title='bbox 2123 2115 2187 2154; x_wconf 79' lang='lat' dir='ltr'><strong>ex</strong></span> <span class='ocrx_word' id='word_1_293' title='bbox 2217 2105 2384 2173; x_wconf 78' lang='lat' dir='ltr'><strong>gratia</strong></span> <span class='ocrx_word' id='word_1_294' title='bbox 2409 2115 2510 2172; x_wconf 89' lang='lat' dir='ltr'><strong>est,</strong></span> <span class='ocrx_word' id='word_1_295' title='bbox 2551 2113 2678 2161; x_wconf 87' lang='lat' dir='ltr'><strong>tunc</strong></span> <span class='ocrx_word' id='word_1_296' title='bbox 2708 2116 2769 2162; x_wconf 83' lang='lat' dir='ltr'><strong>et</strong></span> <span class='ocrx_word' id='word_1_297' title='bbox 2805 2116 3006 2163; x_wconf 72' lang='lat' dir='ltr'><strong>Statum</strong></span> <span class='ocrx_word' id='word_1_298' title='bbox 3040 2119 3200 2165; x_wconf 82' lang='lat' dir='ltr'><strong>suum</strong></span> <span class='ocrx_word' id='word_1_299' title='bbox 3227 2112 3431 2178; x_wconf 70' lang='lat' dir='ltr'><strong>videbit</strong></span> <span class='ocrx_word' id='word_1_300' title='bbox 3463 2121 3710 2182; x_wconf 82' lang='lat' dir='ltr'><strong>tempore</strong></span> 
     </span>
    </p>
   </div>
   <div class='ocr_carea' id='block_1_42' title="bbox 420 2193 2012 2272">
    <p class='ocr_par' dir='ltr' id='par_1_42' title="bbox 420 2195 2012 2268">
     <span class='ocr_line' id='line_1_42' title="bbox 420 2195 2012 2268; baseline -0.001 -19"><span class='ocrx_word' id='word_1_301' title='bbox 420 2197 608 2266; x_wconf 52' lang='grc' dir='ltr'>δέκεται</span> <span class='ocrx_word' id='word_1_302' title='bbox 639 2195 776 2249; x_wconf 82' lang='grc' dir='ltr'><strong>κατά</strong></span> <span class='ocrx_word' id='word_1_303' title='bbox 794 2197 983 2268; x_wconf 81' lang='grc' dir='ltr'>καιρὸν</span> <span class='ocrx_word' id='word_1_304' title='bbox 1006 2199 1105 2268; x_wconf 84' lang='grc' dir='ltr'>τῆς</span> <span class='ocrx_word' id='word_1_305' title='bbox 1125 2197 1452 2266; x_wconf 76' lang='grc' dir='ltr'>προσευχῆς,</span> <span class='ocrx_word' id='word_1_306' title='bbox 1482 2196 1770 2267; x_wconf 85' lang='grc' dir='ltr'>σαπφείρῳ</span> <span class='ocrx_word' id='word_1_307' title='bbox 1797 2196 1830 2267; x_wconf 82' lang='grc' dir='ltr'><strong>ἢ</strong></span> <span class='ocrx_word' id='word_1_308' title='bbox 1852 2197 2012 2267; x_wconf 78' lang='grc' dir='ltr'>ούρα-</span> 
     </span>
    </p>
   </div>
   <div class='ocr_carea' id='block_1_43' title="bbox 2113 2193 3706 2272">
    <p class='ocr_par' dir='ltr' id='par_1_43' title="bbox 2124 2193 3706 2272">
     <span class='ocr_line' id='line_1_43' title="bbox 2124 2193 3706 2272; baseline 0.008 -26"><span class='ocrx_word' id='word_1_309' title='bbox 2124 2193 2390 2250; x_wconf 83' lang='lat' dir='ltr'><strong>orationis</strong></span> <span class='ocrx_word' id='word_1_310' title='bbox 2412 2196 2690 2265; x_wconf 77' lang='lat' dir='ltr'><strong>sapphiro,</strong></span> <span class='ocrx_word' id='word_1_311' title='bbox 2715 2208 2809 2252; x_wconf 87' lang='lat' dir='ltr'><strong>aut</strong></span> <span class='ocrx_word' id='word_1_312' title='bbox 2840 2199 3048 2255; x_wconf 73' lang='grc' dir='ltr'>ειιιιεειί</span> <span class='ocrx_word' id='word_1_313' title='bbox 3070 2201 3240 2255; x_wconf 83' lang='lat' dir='ltr'><strong>colori</strong></span> <span class='ocrx_word' id='word_1_314' title='bbox 3265 2203 3519 2268; x_wconf 83' lang='lat' dir='ltr'><strong>similem,</strong></span> <span class='ocrx_word' id='word_1_315' title='bbox 3544 2217 3706 2272; x_wconf 87' lang='lat' dir='ltr'><strong>quem</strong></span> 
     </span>
    </p>
   </div>
   <div class='ocr_carea' id='block_1_44' title="bbox 421 2283 2012 2359">
    <p class='ocr_par' dir='ltr' id='par_1_44' title="bbox 421 2283 2012 2358">
     <span class='ocr_line' id='line_1_44' title="bbox 421 2283 2012 2358; baseline -0.001 -20"><span class='ocrx_word' id='word_1_316' title='bbox 421 2287 517 2356; x_wconf 79' lang='grc' dir='ltr'>νίῳ</span> <span class='ocrx_word' id='word_1_317' title='bbox 572 2285 824 2356; x_wconf 79' lang='grc' dir='ltr'>χρώματι</span> <span class='ocrx_word' id='word_1_318' title='bbox 877 2287 1228 2358; x_wconf 80' lang='grc' dir='ltr'>παρεμφερῆ,</span> <span class='ocrx_word' id='word_1_319' title='bbox 1308 2285 1502 2356; x_wconf 71' lang='grc' dir='ltr'>ἥντινα</span> <span class='ocrx_word' id='word_1_320' title='bbox 1546 2284 1642 2339; x_wconf 73' lang='grc' dir='ltr'><strong>καὶ</strong></span> <span class='ocrx_word' id='word_1_321' title='bbox 1681 2286 1846 2338; x_wconf 85' lang='grc' dir='ltr'>τόπον</span> <span class='ocrx_word' id='word_1_322' title='bbox 1883 2283 2012 2337; x_wconf 85' lang='grc' dir='ltr'>Θεοῦ</span> 
     </span>
    </p>
   </div>
   <div class='ocr_carea' id='block_1_45' title="bbox 2113 2283 3707 2359">
    <p class='ocr_par' dir='ltr' id='par_1_45' title="bbox 2119 2283 3707 2359">
     <span class='ocr_line' id='line_1_45' title="bbox 2119 2283 3707 2359; baseline 0.006 -21"><span class='ocrx_word' id='word_1_323' title='bbox 2119 2289 2176 2339; x_wconf 89' lang='lat' dir='ltr'><strong>et</strong></span> <span class='ocrx_word' id='word_1_324' title='bbox 2212 2283 2390 2340; x_wconf 90' lang='lat' dir='ltr'><strong>locum</strong></span> <span class='ocrx_word' id='word_1_325' title='bbox 2422 2283 2518 2341; x_wconf 85' lang='lat' dir='ltr'><strong>Dei</strong></span> <span class='ocrx_word' id='word_1_326' title='bbox 2565 2286 2850 2359; x_wconf 82' lang='lat' dir='ltr'><strong>Scriptura</strong></span> <span class='ocrx_word' id='word_1_327' title='bbox 2885 2291 3156 2357; x_wconf 75' lang='lat' dir='ltr'><strong>nominat,</strong></span> <span class='ocrx_word' id='word_1_328' title='bbox 3212 2292 3390 2347; x_wconf 75' lang='lat' dir='ltr'><strong>risum</strong></span> <span class='ocrx_word' id='word_1_329' title='bbox 3413 2301 3444 2348; x_wconf 86' lang='lat' dir='ltr'><strong>&#39;a</strong></span> <span class='ocrx_word' id='word_1_330' title='bbox 3469 2294 3707 2350; x_wconf 84' lang='lat' dir='ltr'><strong>seniori-</strong></span> 
     </span>
    </p>
   </div>
   <div class='ocr_carea' id='block_1_46' title="bbox 419 2374 2012 2452">
    <p class='ocr_par' dir='ltr' id='par_1_46' title="bbox 419 2376 2012 2452">
     <span class='ocr_line' id='line_1_46' title="bbox 419 2376 2012 2452; baseline 0.002 -24"><span class='ocrx_word' id='word_1_331' title='bbox 419 2377 615 2452; x_wconf 30' lang='lat' dir='ltr'><strong>:l‘patpij</strong></span> <span class='ocrx_word' id='word_1_332' title='bbox 653 2376 905 2447; x_wconf 78' lang='grc' dir='ltr'>ὀνομάζει</span> <span class='ocrx_word' id='word_1_333' title='bbox 931 2378 1035 2430; x_wconf 78' lang='grc' dir='ltr'>ὑπὸ</span> <span class='ocrx_word' id='word_1_334' title='bbox 1072 2377 1181 2431; x_wconf 83' lang='grc' dir='ltr'><strong>τῶν</strong></span> <span class='ocrx_word' id='word_1_335' title='bbox 1211 2376 1596 2448; x_wconf 75' lang='grc' dir='ltr'>πρεσϐυτέρων</span> <span class='ocrx_word' id='word_1_336' title='bbox 1621 2376 1857 2447; x_wconf 83' lang='grc' dir='ltr'>όφθέντα</span> <span class='ocrx_word' id='word_1_337' title='bbox 1911 2376 2012 2431; x_wconf 68' lang='grc' dir='ltr'><strong>ὑπὸ</strong></span> 
     </span>
    </p>
   </div>
   <div class='ocr_carea' id='block_1_47' title="bbox 2113 2374 2755 2452">
    <p class='ocr_par' dir='ltr' id='par_1_47' title="bbox 2117 2374 2755 2435">
     <span class='ocr_line' id='line_1_47' title="bbox 2117 2374 2755 2435; baseline 0.008 -5"><span class='ocrx_word' id='word_1_338' title='bbox 2117 2374 2222 2432; x_wconf 85' lang='lat' dir='ltr'><strong>bus</strong></span> <span class='ocrx_word' id='word_1_339' title='bbox 2253 2376 2358 2432; x_wconf 86' lang='lat' dir='ltr'><strong>sub</strong></span> <span class='ocrx_word' id='word_1_340' title='bbox 2387 2387 2574 2434; x_wconf 86' lang='lat' dir='ltr'><strong>monte</strong></span> <span class='ocrx_word' id='word_1_341' title='bbox 2601 2378 2755 2435; x_wconf 83' lang='lat' dir='ltr'><strong>Sina.</strong></span> 
     </span>
    </p>
   </div>
   <div class='ocr_carea' id='block_1_48' title="bbox 424 2465 905 2539">
    <p class='ocr_par' dir='ltr' id='par_1_48' title="bbox 424 2465 905 2539">
     <span class='ocr_line' id='line_1_48' title="bbox 424 2465 905 2539; baseline 0.008 -21"><span class='ocrx_word' id='word_1_342' title='bbox 424 2465 523 2520; x_wconf 82' lang='grc' dir='ltr'><strong>τοῦ</strong></span> <span class='ocrx_word' id='word_1_343' title='bbox 562 2467 723 2539; x_wconf 77' lang='grc' dir='ltr'>ὅρους</span> <span class='ocrx_word' id='word_1_344' title='bbox 754 2469 905 2523; x_wconf 79' lang='grc' dir='ltr'><strong>Σινᾶ.</strong></span> 
     </span>
    </p>
   </div>
   <div class='ocr_carea' id='block_1_49' title="bbox 605 2575 1420 2632">
    <p class='ocr_par' dir='ltr' id='par_1_49' title="bbox 605 2575 1420 2632">
     <span class='ocr_line' id='line_1_49' title="bbox 605 2575 1420 2632; baseline 0 0"><span class='ocrx_word' id='word_1_345' title='bbox 605 2578 608 2580; x_wconf 76' lang='grc'><em>’</em></span> <span class='ocrx_word' id='word_1_346' title='bbox 1019 2576 1282 2632; x_wconf 57' lang='lat' dir='ltr'><strong>KE‘I’AA.</strong></span> <span class='ocrx_word' id='word_1_347' title='bbox 1316 2575 1420 2632; x_wconf 65' lang='lat' dir='ltr'><strong>iﬁ’.</strong></span> 
     </span>
    </p>
   </div>
   <div class='ocr_carea' id='block_1_50' title="bbox 494 2691 2013 2764">
    <p class='ocr_par' dir='ltr' id='par_1_50' title="bbox 494 2691 2013 2764">
     <span class='ocr_line' id='line_1_50' title="bbox 494 2691 2013 2764; baseline 0.003 -17"><span class='ocrx_word' id='word_1_348' title='bbox 494 2693 663 2747; x_wconf 88' lang='grc' dir='ltr'>Ὅταν</span> <span class='ocrx_word' id='word_1_349' title='bbox 707 2692 816 2746; x_wconf 85' lang='grc' dir='ltr'><strong>τῶν</strong></span> <span class='ocrx_word' id='word_1_350' title='bbox 843 2691 1054 2764; x_wconf 72' lang='grc' dir='ltr'>ἐχθρῶν</span> <span class='ocrx_word' id='word_1_351' title='bbox 1083 2691 1268 2764; x_wconf 77' lang='grc' dir='ltr'>τρώσῃ</span> <span class='ocrx_word' id='word_1_352' title='bbox 1311 2692 1370 2745; x_wconf 91' lang='grc' dir='ltr'><strong>σέ</strong></span> <span class='ocrx_word' id='word_1_353' title='bbox 1411 2709 1494 2757; x_wconf 89' lang='grc' dir='ltr'><strong>τις</strong></span> <span class='ocrx_word' id='word_1_354' title='bbox 1528 2692 1884 2764; x_wconf 82' lang='grc' dir='ltr'>παραϐαλὼν,</span> <span class='ocrx_word' id='word_1_355' title='bbox 1915 2697 2013 2750; x_wconf 79' lang='grc' dir='ltr'><strong>καὶ</strong></span> 
     </span>
    </p>
   </div>
   <div class='ocr_carea' id='block_1_51' title="bbox 423 2784 2012 2860">
    <p class='ocr_par' dir='ltr' id='par_1_51' title="bbox 423 2784 2012 2860">
     <span class='ocr_line' id='line_1_51' title="bbox 423 2784 2012 2860; baseline -0.001 -19"><span class='ocrx_word' id='word_1_356' title='bbox 423 2787 600 2856; x_wconf 83' lang='grc' dir='ltr'>βούλει</span> <span class='ocrx_word' id='word_1_357' title='bbox 615 2790 712 2856; x_wconf 74' lang='grc' dir='ltr'>τὴν</span> <span class='ocrx_word' id='word_1_358' title='bbox 743 2784 1198 2856; x_wconf 23' lang='grc' dir='ltr'>ῥομφαίανιαὺτοῦ</span> <span class='ocrx_word' id='word_1_359' title='bbox 1228 2784 1478 2856; x_wconf 74' lang='grc' dir='ltr'>στρέψαι,</span> <span class='ocrx_word' id='word_1_360' title='bbox 1515 2785 1736 2853; x_wconf 73' lang='grc' dir='ltr'>κατὰτὸ</span> <span class='ocrx_word' id='word_1_361' title='bbox 1759 2803 2012 2860; x_wconf 85' lang='grc' dir='ltr'>γεγραμ-</span> 
     </span>
    </p>
   </div>
   <div class='ocr_carea' id='block_1_52' title="bbox 409 2859 2009 2950">
    <p class='ocr_par' dir='ltr' id='par_1_52' title="bbox 409 2865 2009 2950">
     <span class='ocr_line' id='line_1_52' title="bbox 409 2865 2009 2950; baseline -0.002 -17"><span class='ocrx_word' id='word_1_362' title='bbox 409 2865 606 2950; x_wconf 82' lang='grc' dir='ltr'>μένον,</span> <span class='ocrx_word' id='word_1_363' title='bbox 634 2880 725 2929; x_wconf 71' lang='grc' dir='ltr'><strong>ἐπὶ</strong></span> <span class='ocrx_word' id='word_1_364' title='bbox 747 2877 844 2948; x_wconf 84' lang='grc' dir='ltr'>τὴν</span> <span class='ocrx_word' id='word_1_365' title='bbox 884 2877 1112 2947; x_wconf 81' lang='grc' dir='ltr'>καρδίαν</span> <span class='ocrx_word' id='word_1_366' title='bbox 1139 2875 1304 2930; x_wconf 80' lang='grc' dir='ltr'>αὑτοῦ</span> <span class='ocrx_word' id='word_1_367' title='bbox 1335 2876 1560 2946; x_wconf 85' lang='grc' dir='ltr'>ποίησον</span> <span class='ocrx_word' id='word_1_368' title='bbox 1579 2875 1775 2942; x_wconf 77' lang='grc' dir='ltr'>οὕτως,</span> <span class='ocrx_word' id='word_1_369' title='bbox 1813 2878 1888 2941; x_wconf 85' lang='grc' dir='ltr'>ὼς</span> <span class='ocrx_word' id='word_1_370' title='bbox 1922 2879 2009 2934; x_wconf 81' lang='grc' dir='ltr'>λέ-</span> 
     </span>
    </p>
   </div>
   <div class='ocr_carea' id='block_1_53' title="bbox 424 2967 2007 3042">
    <p class='ocr_par' dir='ltr' id='par_1_53' title="bbox 424 2967 2007 3042">
     <span class='ocr_line' id='line_1_53' title="bbox 424 2967 2007 3042; baseline 0 -18"><span class='ocrx_word' id='word_1_371' title='bbox 424 2989 614 3042; x_wconf 77' lang='grc' dir='ltr'>γομεν.</span> <span class='ocrx_word' id='word_1_372' title='bbox 668 2970 816 3022; x_wconf 82' lang='grc' dir='ltr'>Δίελε</span> <span class='ocrx_word' id='word_1_373' title='bbox 858 2969 1002 3023; x_wconf 85' lang='grc' dir='ltr'><strong>κατά</strong></span> <span class='ocrx_word' id='word_1_374' title='bbox 1037 2968 1232 3022; x_wconf 78' lang='grc' dir='ltr'>σαυτὸν</span> <span class='ocrx_word' id='word_1_375' title='bbox 1275 2969 1366 3020; x_wconf 69' lang='grc' dir='ltr'><strong>τὸν</strong></span> <span class='ocrx_word' id='word_1_376' title='bbox 1409 2968 1500 3020; x_wconf 82' lang='grc' dir='ltr'>ὑπ’</span> <span class='ocrx_word' id='word_1_377' title='bbox 1533 2967 1696 3022; x_wconf 81' lang='grc' dir='ltr'>αὐτοῦ</span> <span class='ocrx_word' id='word_1_378' title='bbox 1740 2969 2007 3040; x_wconf 81' lang='grc' dir='ltr'>βληθέντα</span> 
     </span>
    </p>
   </div>
   <div class='ocr_carea' id='block_1_54' title="bbox 423 3056 2006 3132">
    <p class='ocr_par' dir='ltr' id='par_1_54' title="bbox 423 3056 2006 3132">
     <span class='ocr_line' id='line_1_54' title="bbox 423 3056 2006 3132; baseline -0.001 -17"><span class='ocrx_word' id='word_1_379' title='bbox 423 3061 702 3132; x_wconf 80' lang='grc' dir='ltr'>λογισμὸν,</span> <span class='ocrx_word' id='word_1_380' title='bbox 737 3059 886 3122; x_wconf 83' lang='grc' dir='ltr'>ὅστις</span> <span class='ocrx_word' id='word_1_381' title='bbox 912 3057 1041 3110; x_wconf 86' lang='grc' dir='ltr'>ποτέ</span> <span class='ocrx_word' id='word_1_382' title='bbox 1067 3058 1203 3121; x_wconf 76' lang='grc' dir='ltr'>ἐστι,</span> <span class='ocrx_word' id='word_1_383' title='bbox 1235 3056 1328 3110; x_wconf 74' lang='grc' dir='ltr'><strong>καὶ</strong></span> <span class='ocrx_word' id='word_1_384' title='bbox 1355 3057 1418 3110; x_wconf 82' lang='grc' dir='ltr'><strong>ὲκ</strong></span> <span class='ocrx_word' id='word_1_385' title='bbox 1449 3057 1632 3110; x_wconf 89' lang='grc' dir='ltr'>πόσων</span> <span class='ocrx_word' id='word_1_386' title='bbox 1664 3057 2006 3128; x_wconf 82' lang='grc' dir='ltr'>πραγμάτων</span> 
     </span>
    </p>
   </div>
   <div class='ocr_carea' id='block_1_55' title="bbox 2697 2579 3080 2638">
    <p class='ocr_par' dir='ltr' id='par_1_55' title="bbox 2697 2579 3080 2638">
     <span class='ocr_line' id='line_1_55' title="bbox 2697 2579 3080 2638; baseline 0.008 -6"><span class='ocrx_word' id='word_1_387' title='bbox 2697 2579 2925 2638; x_wconf 79' lang='lat' dir='ltr'><strong>CAPUT</strong></span> <span class='ocrx_word' id='word_1_388' title='bbox 2961 2579 3080 2635; x_wconf 74' lang='lat' dir='ltr'><strong>XIX</strong></span> 
     </span>
    </p>
   </div>
   <div class='ocr_carea' id='block_1_56' title="bbox 2183 2691 3705 2765">
    <p class='ocr_par' dir='ltr' id='par_1_56' title="bbox 2183 2691 3705 2765">
     <span class='ocr_line' id='line_1_56' title="bbox 2183 2691 3705 2765; baseline 0.004 -19"><span class='ocrx_word' id='word_1_389' title='bbox 2183 2691 2414 2758; x_wconf 78' lang='lat' dir='ltr'><strong>Quando</strong></span> <span class='ocrx_word' id='word_1_390' title='bbox 2431 2692 2713 2764; x_wconf 79' lang='lat' dir='ltr'><strong>quispiam</strong></span> <span class='ocrx_word' id='word_1_391' title='bbox 2740 2693 2976 2748; x_wconf 87' lang='lat' dir='ltr'><strong>hostium</strong></span> <span class='ocrx_word' id='word_1_392' title='bbox 3011 2696 3476 2765; x_wconf 60' lang='lat' dir='ltr'><strong>appropinquans,</strong></span> <span class='ocrx_word' id='word_1_393' title='bbox 3509 2705 3561 2751; x_wconf 84' lang='lat' dir='ltr'><strong>te</strong></span> <span class='ocrx_word' id='word_1_394' title='bbox 3587 2697 3705 2752; x_wconf 82' lang='lat' dir='ltr'><strong>vul-</strong></span> 
     </span>
    </p>
   </div>
   <div class='ocr_carea' id='block_1_57' title="bbox 2117 2784 3702 2857">
    <p class='ocr_par' dir='ltr' id='par_1_57' title="bbox 2117 2784 3702 2857">
     <span class='ocr_line' id='line_1_57' title="bbox 2117 2784 3702 2857; baseline 0.004 -20"><span class='ocrx_word' id='word_1_395' title='bbox 2117 2785 2351 2850; x_wconf 76' lang='lat' dir='ltr'><strong>neravit,</strong></span> <span class='ocrx_word' id='word_1_396' title='bbox 2375 2785 2622 2854; x_wconf 71' lang='lat' dir='ltr'><strong>velisque</strong></span> <span class='ocrx_word' id='word_1_397' title='bbox 2639 2784 2874 2854; x_wconf 68' lang='lat' dir='ltr'><strong>gladium</strong></span> <span class='ocrx_word' id='word_1_398' title='bbox 2891 2785 3011 2856; x_wconf 72' lang='lat' dir='ltr'><strong>ejus</strong></span> <span class='ocrx_word' id='word_1_399' title='bbox 3032 2795 3342 2842; x_wconf 71' lang='lat' dir='ltr'><strong>convertere</strong></span> <span class='ocrx_word' id='word_1_400' title='bbox 3362 2789 3702 2857; x_wconf 81' lang='lat' dir='ltr'><strong>(secundum,</strong></span> 
     </span>
    </p>
   </div>
   <div class='ocr_carea' id='block_1_58' title="bbox 2106 2875 3702 2949">
    <p class='ocr_par' dir='ltr' id='par_1_58' title="bbox 2106 2875 3702 2949">
     <span class='ocr_line' id='line_1_58' title="bbox 2106 2875 3702 2949; baseline 0.004 -19"><span class='ocrx_word' id='word_1_401' title='bbox 2106 2878 2258 2946; x_wconf 86' lang='lat' dir='ltr'><strong>&#39;quod</strong></span> <span class='ocrx_word' id='word_1_402' title='bbox 2291 2879 2553 2947; x_wconf 83' lang='lat' dir='ltr'><strong>scriptum</strong></span> <span class='ocrx_word' id='word_1_403' title='bbox 2592 2885 2678 2932; x_wconf 85' lang='lat' dir='ltr'><strong>est</strong></span> <span class='ocrx_word' id='word_1_404' title='bbox 2715 2875 2784 2948; x_wconf 74' lang='lat'><strong>&quot;)</strong></span> <span class='ocrx_word' id='word_1_405' title='bbox 2825 2879 2878 2930; x_wconf 87' lang='lat' dir='ltr'><strong>in</strong></span> <span class='ocrx_word' id='word_1_406' title='bbox 2919 2893 3016 2949; x_wconf 84' lang='lat' dir='ltr'><strong>cor</strong></span> <span class='ocrx_word' id='word_1_407' title='bbox 3035 2878 3181 2947; x_wconf 84' lang='lat' dir='ltr'><strong>ejus,</strong></span> <span class='ocrx_word' id='word_1_408' title='bbox 3234 2881 3304 2933; x_wconf 80' lang='lat' dir='ltr'><strong>ita</strong></span> <span class='ocrx_word' id='word_1_409' title='bbox 3337 2879 3500 2945; x_wconf 72' lang='lat' dir='ltr'><strong>faxis,</strong></span> <span class='ocrx_word' id='word_1_410' title='bbox 3529 2891 3587 2936; x_wconf 87' lang='lat' dir='ltr'><strong>ut</strong></span> <span class='ocrx_word' id='word_1_411' title='bbox 3616 2882 3702 2937; x_wconf 85' lang='lat' dir='ltr'><strong>di-</strong></span> 
     </span>
    </p>
   </div>
   <div class='ocr_carea' id='block_1_59' title="bbox 2075 2965 3701 3039">
    <p class='ocr_par' dir='ltr' id='par_1_59' title="bbox 2075 2965 3701 3039">
     <span class='ocr_line' id='line_1_59' title="bbox 2075 2965 3701 3039; baseline 0.004 -18"><span class='ocrx_word' id='word_1_412' title='bbox 2075 2965 2303 3022; x_wconf 56' lang='lat' dir='ltr'><strong>‘cimu‘s.</strong></span> <span class='ocrx_word' id='word_1_413' title='bbox 2347 2965 2540 3022; x_wconf 38' lang='lat' dir='ltr'><strong>:Divide</strong></span> <span class='ocrx_word' id='word_1_414' title='bbox 2580 2968 2721 3037; x_wconf 86' lang='lat' dir='ltr'><strong>apud</strong></span> <span class='ocrx_word' id='word_1_415' title='bbox 2771 2969 3003 3037; x_wconf 74' lang='lat' dir='ltr'><strong>teips‘um</strong></span> <span class='ocrx_word' id='word_1_416' title='bbox 3053 2971 3437 3039; x_wconf 70' lang='lat' dir='ltr'><strong>cOgitationem</strong></span> <span class='ocrx_word' id='word_1_417' title='bbox 3487 2973 3557 3026; x_wconf 78' lang='lat' dir='ltr'><strong>ab</strong></span> <span class='ocrx_word' id='word_1_418' title='bbox 3606 2973 3701 3028; x_wconf 89' lang='lat' dir='ltr'><strong>illo</strong></span> 
     </span>
    </p>
   </div>
   <div class='ocr_carea' id='block_1_60' title="bbox 2113 3059 3702 3134">
    <p class='ocr_par' dir='ltr' id='par_1_60' title="bbox 2113 3059 3702 3134">
     <span class='ocr_line' id='line_1_60' title="bbox 2113 3059 3702 3134; baseline 0.006 -22"><span class='ocrx_word' id='word_1_419' title='bbox 2113 3059 2444 3123; x_wconf 71' lang='lat' dir='ltr'><strong>imm-issam,</strong></span> <span class='ocrx_word' id='word_1_420' title='bbox 2469 3059 2730 3114; x_wconf 87' lang='lat' dir='ltr'><strong>nimirum</strong></span> <span class='ocrx_word' id='word_1_421' title='bbox 2757 3060 2936 3129; x_wconf 83' lang='lat' dir='ltr'><strong>qualis</strong></span> <span class='ocrx_word' id='word_1_422' title='bbox 2959 3071 3203 3129; x_wconf 81' lang='lat' dir='ltr'><strong>unquam</strong></span> <span class='ocrx_word' id='word_1_423' title='bbox 3230 3077 3292 3116; x_wconf 88' lang='lat' dir='ltr'><strong>ea</strong></span> <span class='ocrx_word' id='word_1_424' title='bbox 3326 3064 3414 3127; x_wconf 75' lang='lat' dir='ltr'><strong>sit,</strong></span> <span class='ocrx_word' id='word_1_425' title='bbox 3456 3073 3702 3134; x_wconf 80' lang='lat' dir='ltr'><strong>quotque</strong></span> 
     </span>
    </p>
   </div>
   <div class='ocr_carea' id='block_1_61' title="bbox 425 3139 2012 3232">
    <p class='ocr_par' dir='ltr' id='par_1_61' title="bbox 425 3139 2006 3221">
     <span class='ocr_line' id='line_1_61' title="bbox 425 3139 2006 3221; baseline -0.003 -14"><span class='ocrx_word' id='word_1_426' title='bbox 425 3154 744 3221; x_wconf 78' lang='grc' dir='ltr'>συνέστηκε,</span> <span class='ocrx_word' id='word_1_427' title='bbox 799 3151 894 3204; x_wconf 76' lang='grc' dir='ltr'>καὶ</span> <span class='ocrx_word' id='word_1_428' title='bbox 918 3139 1068 3202; x_wconf 67' lang='grc' dir='ltr'>ποῖον</span> <span class='ocrx_word' id='word_1_429' title='bbox 1099 3147 1258 3201; x_wconf 85' lang='grc' dir='ltr'>τοῦτό</span> <span class='ocrx_word' id='word_1_430' title='bbox 1279 3149 1396 3200; x_wconf 78' lang='grc' dir='ltr'>ἐστι</span> <span class='ocrx_word' id='word_1_431' title='bbox 1451 3149 1684 3219; x_wconf 78' lang='grc' dir='ltr'>μάλιστα</span> <span class='ocrx_word' id='word_1_432' title='bbox 1737 3149 1799 3202; x_wconf 83' lang='grc' dir='ltr'><strong>τὸ</strong></span> <span class='ocrx_word' id='word_1_433' title='bbox 1826 3149 2006 3204; x_wconf 78' lang='grc' dir='ltr'>θλίὸον</span> 
     </span>
    </p>
   </div>
   <div class='ocr_carea' id='block_1_62' title="bbox 2113 3139 3698 3232">
    <p class='ocr_par' dir='ltr' id='par_1_62' title="bbox 2113 3151 3698 3226">
     <span class='ocr_line' id='line_1_62' title="bbox 2113 3151 3698 3226; baseline 0.004 -20"><span class='ocrx_word' id='word_1_434' title='bbox 2113 3166 2140 3206; x_wconf 88' lang='lat' dir='ltr'><strong>e</strong></span> <span class='ocrx_word' id='word_1_435' title='bbox 2163 3151 2325 3206; x_wconf 83' lang='lat' dir='ltr'><strong>rebus</strong></span> <span class='ocrx_word' id='word_1_436' title='bbox 2386 3160 2596 3205; x_wconf 76' lang='lat' dir='ltr'><strong>constet</strong></span> <span class='ocrx_word' id='word_1_437' title='bbox 2619 3193 2634 3216; x_wconf 92' lang='lat'><strong>,</strong></span> <span class='ocrx_word' id='word_1_438' title='bbox 2681 3159 2734 3205; x_wconf 86' lang='lat' dir='ltr'><strong>et</strong></span> <span class='ocrx_word' id='word_1_439' title='bbox 2767 3152 3003 3206; x_wconf 80' lang='lat' dir='ltr'><strong>maxime</strong></span> <span class='ocrx_word' id='word_1_440' title='bbox 3047 3153 3205 3221; x_wconf 78' lang='lat' dir='ltr'><strong>quale</strong></span> <span class='ocrx_word' id='word_1_441' title='bbox 3237 3155 3309 3210; x_wconf 80' lang='lat' dir='ltr'><strong>sit</strong></span> <span class='ocrx_word' id='word_1_442' title='bbox 3352 3156 3492 3209; x_wconf 81' lang='lat' dir='ltr'><strong>istud</strong></span> <span class='ocrx_word' id='word_1_443' title='bbox 3514 3198 3528 3222; x_wconf 87' lang='lat'><strong>,</strong></span> <span class='ocrx_word' id='word_1_444' title='bbox 3556 3159 3698 3226; x_wconf 87' lang='lat' dir='ltr'><strong>quod</strong></span> 
     </span>
    </p>
   </div>
   <div class='ocr_carea' id='block_1_63' title="bbox 422 3237 2010 3312">
    <p class='ocr_par' dir='ltr' id='par_1_63' title="bbox 422 3237 2010 3312">
     <span class='ocr_line' id='line_1_63' title="bbox 422 3237 2010 3312; baseline -0.003 -14"><span class='ocrx_word' id='word_1_445' title='bbox 422 3247 513 3300; x_wconf 83' lang='grc' dir='ltr'>τὸν</span> <span class='ocrx_word' id='word_1_446' title='bbox 560 3244 705 3297; x_wconf 92' lang='grc' dir='ltr'>νοῦν.</span> <span class='ocrx_word' id='word_1_447' title='bbox 777 3244 843 3294; x_wconf 84' lang='lat'>&#39;0</span> <span class='ocrx_word' id='word_1_448' title='bbox 889 3242 944 3295; x_wconf 86' lang='grc' dir='ltr'><strong>δὲ</strong></span> <span class='ocrx_word' id='word_1_449' title='bbox 977 3240 1141 3308; x_wconf 81' lang='grc' dir='ltr'>λέγω,</span> <span class='ocrx_word' id='word_1_450' title='bbox 1174 3237 1414 3292; x_wconf 87' lang='grc' dir='ltr'>τοιοῦτόν</span> <span class='ocrx_word' id='word_1_451' title='bbox 1441 3242 1608 3293; x_wconf 76' lang='grc' dir='ltr'>ἐστιν·</span> <span class='ocrx_word' id='word_1_452' title='bbox 1653 3240 1835 3295; x_wconf 86' lang='grc' dir='ltr'>Ἔστω</span> <span class='ocrx_word' id='word_1_453' title='bbox 1868 3259 2010 3312; x_wconf 69' lang='grc' dir='ltr'>πεμο</span> 
     </span>
    </p>
   </div>
   <div class='ocr_carea' id='block_1_64' title="bbox 425 3324 2012 3407">
    <p class='ocr_par' dir='ltr' id='par_1_64' title="bbox 425 3324 2012 3407">
     <span class='ocr_line' id='line_1_64' title="bbox 425 3324 2012 3407; baseline 0.005 -27"><span class='ocrx_word' id='word_1_454' title='bbox 425 3339 576 3407; x_wconf 70' lang='grc' dir='ltr'>φοεὶς</span> <span class='ocrx_word' id='word_1_455' title='bbox 603 3338 630 3389; x_wconf 78' lang='grc' dir='ltr'>ὁ</span> <span class='ocrx_word' id='word_1_456' title='bbox 665 3336 764 3405; x_wconf 83' lang='grc' dir='ltr'><strong>τῆς</strong></span> <span class='ocrx_word' id='word_1_457' title='bbox 792 3325 1161 3404; x_wconf 74' lang='grc' dir='ltr'>φιλαργυρίας</span> <span class='ocrx_word' id='word_1_458' title='bbox 1191 3331 1285 3384; x_wconf 85' lang='grc' dir='ltr'>ὑπ’</span> <span class='ocrx_word' id='word_1_459' title='bbox 1306 3327 1472 3385; x_wconf 81' lang='grc' dir='ltr'>αὑτοῦ</span> <span class='ocrx_word' id='word_1_460' title='bbox 1495 3324 1776 3403; x_wconf 82' lang='grc' dir='ltr'>λογισμὸς,</span> <span class='ocrx_word' id='word_1_461' title='bbox 1822 3333 2012 3388; x_wconf 88' lang='grc' dir='ltr'>τοῦτον</span> 
     </span>
    </p>
   </div>
   <div class='ocr_carea' id='block_1_65' title="bbox 423 3417 2012 3492">
    <p class='ocr_par' dir='ltr' id='par_1_65' title="bbox 423 3417 2012 3492">
     <span class='ocr_line' id='line_1_65' title="bbox 423 3417 2012 3492; baseline -0.003 -9"><span class='ocrx_word' id='word_1_462' title='bbox 423 3431 563 3484; x_wconf 80' lang='grc' dir='ltr'>δίελε</span> <span class='ocrx_word' id='word_1_463' title='bbox 599 3429 680 3492; x_wconf 79' lang='grc' dir='ltr'><strong>είς</strong></span> <span class='ocrx_word' id='word_1_464' title='bbox 708 3446 768 3482; x_wconf 91' lang='grc' dir='ltr'><strong>τε</strong></span> <span class='ocrx_word' id='word_1_465' title='bbox 803 3428 894 3482; x_wconf 82' lang='grc' dir='ltr'><strong>τὸν</strong></span> <span class='ocrx_word' id='word_1_466' title='bbox 923 3417 1321 3492; x_wconf 83' lang='grc' dir='ltr'>ὑποδεξάμενον</span> <span class='ocrx_word' id='word_1_467' title='bbox 1352 3417 1514 3476; x_wconf 71' lang='grc' dir='ltr'>αὐτὸν</span> <span class='ocrx_word' id='word_1_468' title='bbox 1547 3421 1694 3489; x_wconf 82' lang='grc' dir='ltr'>νοῦν,</span> <span class='ocrx_word' id='word_1_469' title='bbox 1725 3424 1820 3476; x_wconf 78' lang='grc' dir='ltr'>καὶ</span> <span class='ocrx_word' id='word_1_470' title='bbox 1847 3427 1926 3488; x_wconf 82' lang='grc' dir='ltr'><strong>είς</strong></span> <span class='ocrx_word' id='word_1_471' title='bbox 1952 3426 2012 3478; x_wconf 79' lang='grc' dir='ltr'>τὸ</span> 
     </span>
    </p>
   </div>
   <div class='ocr_carea' id='block_1_66' title="bbox 424 3507 2011 3592">
    <p class='ocr_par' dir='ltr' id='par_1_66' title="bbox 424 3507 2011 3592">
     <span class='ocr_line' id='line_1_66' title="bbox 424 3507 2011 3592; baseline -0.003 -18"><span class='ocrx_word' id='word_1_472' title='bbox 424 3523 603 3592; x_wconf 83' lang='grc' dir='ltr'>νόημα</span> <span class='ocrx_word' id='word_1_473' title='bbox 619 3519 714 3573; x_wconf 85' lang='grc' dir='ltr'><strong>τοῦ</strong></span> <span class='ocrx_word' id='word_1_474' title='bbox 741 3517 988 3589; x_wconf 87' lang='grc' dir='ltr'>χρυσίου,</span> <span class='ocrx_word' id='word_1_475' title='bbox 1025 3514 1123 3568; x_wconf 73' lang='grc' dir='ltr'>καὶ</span> <span class='ocrx_word' id='word_1_476' title='bbox 1148 3515 1227 3577; x_wconf 83' lang='grc' dir='ltr'><strong>είς</strong></span> <span class='ocrx_word' id='word_1_477' title='bbox 1257 3512 1418 3566; x_wconf 81' lang='grc' dir='ltr'>αὑτὸν</span> <span class='ocrx_word' id='word_1_478' title='bbox 1439 3511 1530 3566; x_wconf 72' lang='grc' dir='ltr'>τὸν</span> <span class='ocrx_word' id='word_1_479' title='bbox 1563 3507 1783 3584; x_wconf 82' lang='grc' dir='ltr'>χρυσὸν,</span> <span class='ocrx_word' id='word_1_480' title='bbox 1811 3517 1905 3569; x_wconf 72' lang='grc' dir='ltr'><strong>καὶ</strong></span> <span class='ocrx_word' id='word_1_481' title='bbox 1931 3519 2011 3580; x_wconf 80' lang='grc' dir='ltr'><strong>είς</strong></span> 
     </span>
    </p>
   </div>
   <div class='ocr_carea' id='block_1_67' title="bbox 425 3604 2011 3684">
    <p class='ocr_par' dir='ltr' id='par_1_67' title="bbox 425 3604 2011 3684">
     <span class='ocr_line' id='line_1_67' title="bbox 425 3604 2011 3684; baseline -0.005 -15"><span class='ocrx_word' id='word_1_482' title='bbox 425 3616 487 3669; x_wconf 80' lang='grc' dir='ltr'><strong>τὸ</strong></span> <span class='ocrx_word' id='word_1_483' title='bbox 514 3614 848 3684; x_wconf 75' lang='grc' dir='ltr'>φιλάργυρον</span> <span class='ocrx_word' id='word_1_484' title='bbox 890 3608 1061 3671; x_wconf 83' lang='grc' dir='ltr'>πάθος</span> <span class='ocrx_word' id='word_1_485' title='bbox 1096 3624 1110 3638; x_wconf 82' lang='lat'><strong><em>°</em></strong></span> <span class='ocrx_word' id='word_1_486' title='bbox 1160 3608 1253 3660; x_wconf 73' lang='grc' dir='ltr'><strong>καὶ</strong></span> <span class='ocrx_word' id='word_1_487' title='bbox 1303 3604 1490 3658; x_wconf 83' lang='grc' dir='ltr'>λοιπὸν</span> <span class='ocrx_word' id='word_1_488' title='bbox 1519 3604 1698 3673; x_wconf 78' lang='grc' dir='ltr'>ἐρώτα</span> <span class='ocrx_word' id='word_1_489' title='bbox 1725 3605 1778 3658; x_wconf 91' lang='grc' dir='ltr'><strong>τί</strong></span> <span class='ocrx_word' id='word_1_490' title='bbox 1806 3607 2011 3660; x_wconf 90' lang='grc' dir='ltr'>τούτων</span> 
     </span>
    </p>
   </div>
   <div class='ocr_carea' id='block_1_68' title="bbox 425 3696 2012 3775">
    <p class='ocr_par' dir='ltr' id='par_1_68' title="bbox 425 3696 2012 3775">
     <span class='ocr_line' id='line_1_68' title="bbox 425 3696 2012 3775; baseline -0.005 -14"><span class='ocrx_word' id='word_1_491' title='bbox 425 3708 572 3761; x_wconf 69' lang='grc' dir='ltr'>ἐστὶν</span> <span class='ocrx_word' id='word_1_492' title='bbox 618 3701 898 3775; x_wconf 76' lang='grc' dir='ltr'>ἁμαρτία,</span> <span class='ocrx_word' id='word_1_493' title='bbox 954 3701 1183 3768; x_wconf 86' lang='grc' dir='ltr'>πότερον</span> <span class='ocrx_word' id='word_1_494' title='bbox 1213 3701 1240 3752; x_wconf 97' lang='lat'><strong>6</strong></span> <span class='ocrx_word' id='word_1_495' title='bbox 1284 3697 1442 3762; x_wconf 88' lang='grc' dir='ltr'>νοῦς;</span> <span class='ocrx_word' id='word_1_496' title='bbox 1496 3696 1592 3750; x_wconf 75' lang='grc' dir='ltr'><strong>καὶ</strong></span> <span class='ocrx_word' id='word_1_497' title='bbox 1639 3697 1792 3762; x_wconf 83' lang='grc' dir='ltr'><strong>πῶς;</strong></span> <span class='ocrx_word' id='word_1_498' title='bbox 1864 3697 2012 3753; x_wconf 81' lang='grc' dir='ltr'>ἐστιν</span> 
     </span>
    </p>
   </div>
   <div class='ocr_carea' id='block_1_69' title="bbox 425 3787 2012 3860">
    <p class='ocr_par' dir='ltr' id='par_1_69' title="bbox 425 3787 2012 3860">
     <span class='ocr_line' id='line_1_69' title="bbox 425 3787 2012 3860; baseline -0.007 -6"><span class='ocrx_word' id='word_1_499' title='bbox 425 3799 587 3854; x_wconf 82' lang='grc' dir='ltr'>εἰκὼν</span> <span class='ocrx_word' id='word_1_500' title='bbox 615 3797 770 3852; x_wconf 77' lang='grc' dir='ltr'>Θεοῦ.</span> <span class='ocrx_word' id='word_1_501' title='bbox 825 3792 985 3847; x_wconf 81' lang='grc' dir='ltr'>Ἀλλὰ</span> <span class='ocrx_word' id='word_1_502' title='bbox 1010 3793 1072 3845; x_wconf 83' lang='grc' dir='ltr'><strong>τὸ</strong></span> <span class='ocrx_word' id='word_1_503' title='bbox 1103 3790 1284 3860; x_wconf 82' lang='grc' dir='ltr'>νόημα</span> <span class='ocrx_word' id='word_1_504' title='bbox 1303 3787 1397 3842; x_wconf 91' lang='grc' dir='ltr'><strong>τοῦ</strong></span> <span class='ocrx_word' id='word_1_505' title='bbox 1431 3787 1674 3859; x_wconf 86' lang='grc' dir='ltr'>χρυσοῦ;</span> <span class='ocrx_word' id='word_1_506' title='bbox 1715 3790 1812 3842; x_wconf 80' lang='grc' dir='ltr'><strong>καὶ</strong></span> <span class='ocrx_word' id='word_1_507' title='bbox 1855 3787 2012 3843; x_wconf 82' lang='grc' dir='ltr'>τοῦτο</span> 
     </span>
    </p>
   </div>
   <div class='ocr_carea' id='block_1_70' title="bbox 422 3881 2012 3956">
    <p class='ocr_par' dir='ltr' id='par_1_70' title="bbox 422 3881 2012 3956">
     <span class='ocr_line' id='line_1_70' title="bbox 422 3881 2012 3956; baseline -0.008 -10"><span class='ocrx_word' id='word_1_508' title='bbox 422 3892 506 3954; x_wconf 85' lang='grc' dir='ltr'><strong>τίς</strong></span> <span class='ocrx_word' id='word_1_509' title='bbox 567 3892 632 3945; x_wconf 84' lang='grc' dir='ltr'>ἂν</span> <span class='ocrx_word' id='word_1_510' title='bbox 685 3889 829 3943; x_wconf 79' lang='grc' dir='ltr'>εῐποι.</span> <span class='ocrx_word' id='word_1_511' title='bbox 855 3885 981 3942; x_wconf 89' lang='grc' dir='ltr'>νοῦν</span> <span class='ocrx_word' id='word_1_512' title='bbox 1012 3884 1152 3956; x_wconf 75' lang='grc' dir='ltr'>ἔχων</span> <span class='ocrx_word' id='word_1_513' title='bbox 1202 3881 1331 3935; x_wconf 88' lang='grc' dir='ltr'>ποτέ</span> <span class='ocrx_word' id='word_1_514' title='bbox 1356 3899 1372 3948; x_wconf 88' lang='grc'><strong>;</strong></span> <span class='ocrx_word' id='word_1_515' title='bbox 1428 3881 1543 3936; x_wconf 86' lang='grc' dir='ltr'>ἀλλ’</span> <span class='ocrx_word' id='word_1_516' title='bbox 1567 3882 1730 3944; x_wconf 80' lang='grc' dir='ltr'>αὐτὸς</span> <span class='ocrx_word' id='word_1_517' title='bbox 1755 3882 1783 3934; x_wconf 92' lang='lat'><strong>6</strong></span> <span class='ocrx_word' id='word_1_518' title='bbox 1810 3882 2012 3952; x_wconf 86' lang='grc' dir='ltr'>χρυσός</span> 
     </span>
    </p>
   </div>
   <div class='ocr_carea' id='block_1_71' title="bbox 425 3972 2009 4051">
    <p class='ocr_par' dir='ltr' id='par_1_71' title="bbox 425 3972 2009 4051">
     <span class='ocr_line' id='line_1_71' title="bbox 425 3972 2009 4051; baseline -0.008 -14"><span class='ocrx_word' id='word_1_519' title='bbox 425 3987 575 4037; x_wconf 78' lang='grc' dir='ltr'>ἐστιν</span> <span class='ocrx_word' id='word_1_520' title='bbox 615 3978 890 4051; x_wconf 73' lang='grc' dir='ltr'>ἁμαρτίας</span> <span class='ocrx_word' id='word_1_521' title='bbox 944 3975 1042 4029; x_wconf 66' lang='grc' dir='ltr'><strong>καὶΙ</strong></span> <span class='ocrx_word' id='word_1_522' title='bbox 1068 3974 1212 4037; x_wconf 88' lang='grc' dir='ltr'>τίνος</span> <span class='ocrx_word' id='word_1_523' title='bbox 1241 3973 1400 4044; x_wconf 83' lang='grc' dir='ltr'>χάριν</span> <span class='ocrx_word' id='word_1_524' title='bbox 1429 3972 1719 4042; x_wconf 78' lang='grc' dir='ltr'>γεγένηται</span> <span class='ocrx_word' id='word_1_525' title='bbox 1749 3989 1764 4037; x_wconf 93' lang='grc'><strong>;</strong></span> <span class='ocrx_word' id='word_1_526' title='bbox 1817 3972 2009 4025; x_wconf 73' lang='grc' dir='ltr'>ἕπεται</span> 
     </span>
    </p>
   </div>
   <div class='ocr_carea' id='block_1_72' title="bbox 424 4061 2009 4140">
    <p class='ocr_par' dir='ltr' id='par_1_72' title="bbox 424 4061 2009 4140">
     <span class='ocr_line' id='line_1_72' title="bbox 424 4061 2009 4140; baseline -0.008 -14"><span class='ocrx_word' id='word_1_527' title='bbox 424 4076 643 4137; x_wconf 79' lang='grc' dir='ltr'>τοίνυν,</span> <span class='ocrx_word' id='word_1_528' title='bbox 691 4071 828 4140; x_wconf 81' lang='grc' dir='ltr'>ὅπερ</span> <span class='ocrx_word' id='word_1_529' title='bbox 873 4067 972 4121; x_wconf 74' lang='grc' dir='ltr'><strong>οὐκ</strong></span> <span class='ocrx_word' id='word_1_530' title='bbox 1009 4066 1125 4119; x_wconf 72' lang='grc' dir='ltr'>ἐστι</span> <span class='ocrx_word' id='word_1_531' title='bbox 1168 4065 1268 4135; x_wconf 79' lang='grc' dir='ltr'><strong>μὲν</strong></span> <span class='ocrx_word' id='word_1_532' title='bbox 1327 4063 1559 4133; x_wconf 81' lang='grc' dir='ltr'>πρᾶγμα</span> <span class='ocrx_word' id='word_1_533' title='bbox 1607 4061 1856 4131; x_wconf 85' lang='grc' dir='ltr'>ὑφεστὼς</span> <span class='ocrx_word' id='word_1_534' title='bbox 1887 4063 2009 4115; x_wconf 77' lang='grc' dir='ltr'>κατ’</span> 
     </span>
    </p>
   </div>
   <div class='ocr_carea' id='block_1_73' title="bbox 423 4153 2008 4230">
    <p class='ocr_par' dir='ltr' id='par_1_73' title="bbox 423 4153 2008 4230">
     <span class='ocr_line' id='line_1_73' title="bbox 423 4153 2008 4230; baseline -0.004 -13"><span class='ocrx_word' id='word_1_535' title='bbox 423 4165 637 4226; x_wconf 73' lang='grc' dir='ltr'>οὐσίαν,</span> <span class='ocrx_word' id='word_1_536' title='bbox 687 4160 808 4214; x_wconf 78' lang='grc' dir='ltr'>οὐδὲ</span> <span class='ocrx_word' id='word_1_537' title='bbox 864 4159 1042 4230; x_wconf 89' lang='grc' dir='ltr'>νόημα</span> <span class='ocrx_word' id='word_1_538' title='bbox 1089 4159 1438 4228; x_wconf 84' lang='grc' dir='ltr'>πράγματος,</span> <span class='ocrx_word' id='word_1_539' title='bbox 1488 4155 1612 4208; x_wconf 68' lang='grc' dir='ltr'>οὐδὲ</span> <span class='ocrx_word' id='word_1_540' title='bbox 1662 4153 1789 4219; x_wconf 89' lang='grc' dir='ltr'>νοῦς</span> <span class='ocrx_word' id='word_1_541' title='bbox 1845 4157 2008 4210; x_wconf 88' lang='grc' dir='ltr'>πάλιν</span> 
     </span>
    </p>
   </div>
   <div class='ocr_carea' id='block_1_74' title="bbox 424 4244 2008 4322">
    <p class='ocr_par' dir='ltr' id='par_1_74' title="bbox 424 4244 2008 4322">
     <span class='ocr_line' id='line_1_74' title="bbox 424 4244 2008 4322; baseline -0.004 -15"><span class='ocrx_word' id='word_1_542' title='bbox 424 4253 760 4322; x_wconf 87' lang='grc' dir='ltr'>ἀσώματος,</span> <span class='ocrx_word' id='word_1_543' title='bbox 818 4249 933 4304; x_wconf 87' lang='grc' dir='ltr'>ἀλλ’</span> <span class='ocrx_word' id='word_1_544' title='bbox 983 4249 1146 4322; x_wconf 75' lang='grc' dir='ltr'>ἡδονή</span> <span class='ocrx_word' id='word_1_545' title='bbox 1197 4265 1280 4310; x_wconf 86' lang='grc' dir='ltr'><strong>τις</strong></span> <span class='ocrx_word' id='word_1_546' title='bbox 1329 4244 1746 4317; x_wconf 82' lang='grc' dir='ltr'>μισάνθρωπος,</span> <span class='ocrx_word' id='word_1_547' title='bbox 1801 4246 1865 4300; x_wconf 82' lang='grc' dir='ltr'><strong>ὲκ</strong></span> <span class='ocrx_word' id='word_1_548' title='bbox 1913 4247 2008 4315; x_wconf 85' lang='grc' dir='ltr'><strong>τοῦ</strong></span> 
     </span>
    </p>
   </div>
   <div class='ocr_carea' id='block_1_75' title="bbox 422 4334 2008 4410">
    <p class='ocr_par' dir='ltr' id='par_1_75' title="bbox 422 4334 2008 4410">
     <span class='ocr_line' id='line_1_75' title="bbox 422 4334 2008 4410; baseline -0.004 -16"><span class='ocrx_word' id='word_1_549' title='bbox 422 4340 772 4405; x_wconf 79' lang='grc' dir='ltr'>αύτεξουσίου</span> <span class='ocrx_word' id='word_1_550' title='bbox 800 4339 1116 4410; x_wconf 84' lang='grc' dir='ltr'>τικτομένη,</span> <span class='ocrx_word' id='word_1_551' title='bbox 1167 4337 1262 4389; x_wconf 77' lang='grc' dir='ltr'><strong>καὶ</strong></span> <span class='ocrx_word' id='word_1_552' title='bbox 1308 4335 1494 4398; x_wconf 81' lang='grc' dir='ltr'>κακῶς</span> <span class='ocrx_word' id='word_1_553' title='bbox 1535 4334 1861 4406; x_wconf 81' lang='grc' dir='ltr'>κεχρῆσθαι,</span> <span class='ocrx_word' id='word_1_554' title='bbox 1895 4339 2008 4398; x_wconf 84' lang='grc' dir='ltr'>τοῖς</span> 
     </span>
    </p>
   </div>
   <div class='ocr_carea' id='block_1_76' title="bbox 420 4424 2008 4500">
    <p class='ocr_par' dir='ltr' id='par_1_76' title="bbox 420 4424 2008 4500">
     <span class='ocr_line' id='line_1_76' title="bbox 420 4424 2008 4500; baseline -0.003 -15"><span class='ocrx_word' id='word_1_555' title='bbox 420 4432 516 4485; x_wconf 80' lang='grc' dir='ltr'><strong>τοῦ</strong></span> <span class='ocrx_word' id='word_1_556' title='bbox 555 4430 690 4485; x_wconf 83' lang='grc' dir='ltr'>Θεοῦ</span> <span class='ocrx_word' id='word_1_557' title='bbox 739 4430 1003 4500; x_wconf 87' lang='grc' dir='ltr'>κτίσμασι</span> <span class='ocrx_word' id='word_1_558' title='bbox 1042 4428 1134 4482; x_wconf 72' lang='grc' dir='ltr'>τὸν</span> <span class='ocrx_word' id='word_1_559' title='bbox 1174 4427 1297 4481; x_wconf 90' lang='grc' dir='ltr'>νοῦν</span> <span class='ocrx_word' id='word_1_560' title='bbox 1339 4424 1761 4496; x_wconf 79' lang='grc' dir='ltr'>ἀναγκάζουσα,</span> <span class='ocrx_word' id='word_1_561' title='bbox 1789 4427 1856 4497; x_wconf 78' lang='grc' dir='ltr'>ἢν</span> <span class='ocrx_word' id='word_1_562' title='bbox 1914 4427 2008 4482; x_wconf 72' lang='grc' dir='ltr'>καὶ</span> 
     </span>
    </p>
   </div>
   <div class='ocr_carea' id='block_1_77' title="bbox 2115 3236 3699 3318">
    <p class='ocr_par' dir='ltr' id='par_1_77' title="bbox 2115 3236 3699 3318">
     <span class='ocr_line' id='line_1_77' title="bbox 2115 3236 3699 3318; baseline 0.004 -21"><span class='ocrx_word' id='word_1_563' title='bbox 2115 3252 2348 3298; x_wconf 83' lang='lat' dir='ltr'><strong>mentem</strong></span> <span class='ocrx_word' id='word_1_564' title='bbox 2378 3236 2622 3298; x_wconf 72' lang='lat' dir='ltr'><strong>afﬂictat.</strong></span> <span class='ocrx_word' id='word_1_565' title='bbox 2657 3242 2813 3310; x_wconf 82' lang='lat' dir='ltr'><strong>Quod</strong></span> <span class='ocrx_word' id='word_1_566' title='bbox 2846 3251 3027 3299; x_wconf 81' lang='lat' dir='ltr'><strong>autem</strong></span> <span class='ocrx_word' id='word_1_567' title='bbox 3061 3247 3205 3308; x_wconf 87' lang='lat' dir='ltr'><strong>dico.</strong></span> <span class='ocrx_word' id='word_1_568' title='bbox 3245 3242 3405 3318; x_wconf 56' lang='grc' dir='ltr'><strong>επ</strong></span> <span class='ocrx_word' id='word_1_569' title='bbox 3433 3249 3699 3317; x_wconf 69' lang='lat' dir='ltr'><strong>hujusce-</strong></span> 
     </span>
    </p>
   </div>
   <div class='ocr_carea' id='block_1_78' title="bbox 2113 3333 3698 3409">
    <p class='ocr_par' dir='ltr' id='par_1_78' title="bbox 2113 3333 3698 3409">
     <span class='ocr_line' id='line_1_78' title="bbox 2113 3333 3698 3409; baseline 0.004 -19"><span class='ocrx_word' id='word_1_570' title='bbox 2113 3333 2260 3391; x_wconf 84' lang='lat' dir='ltr'><strong>modi</strong></span> <span class='ocrx_word' id='word_1_571' title='bbox 2311 3346 2394 3392; x_wconf 89' lang='lat' dir='ltr'><strong>est</strong></span> <span class='ocrx_word' id='word_1_572' title='bbox 2422 3355 2434 3392; x_wconf 92' lang='lat'><strong>:</strong></span> <span class='ocrx_word' id='word_1_573' title='bbox 2467 3338 2539 3393; x_wconf 91' lang='lat' dir='ltr'><strong>sit</strong></span> <span class='ocrx_word' id='word_1_574' title='bbox 2583 3338 2827 3392; x_wconf 86' lang='lat' dir='ltr'><strong>immissa</strong></span> <span class='ocrx_word' id='word_1_575' title='bbox 2850 3338 2918 3392; x_wconf 89' lang='lat' dir='ltr'><strong>ab</strong></span> <span class='ocrx_word' id='word_1_576' title='bbox 2956 3338 3076 3407; x_wconf 88' lang='lat' dir='ltr'><strong>ipso</strong></span> <span class='ocrx_word' id='word_1_577' title='bbox 3117 3340 3374 3409; x_wconf 79' lang='lat' dir='ltr'><strong>cogitatio</strong></span> <span class='ocrx_word' id='word_1_578' title='bbox 3415 3343 3657 3397; x_wconf 67' lang='lat' dir='ltr'><strong>avaritiae</strong></span> <span class='ocrx_word' id='word_1_579' title='bbox 3682 3382 3698 3408; x_wconf 92' lang='lat'><strong>,</strong></span> 
     </span>
    </p>
   </div>
   <div class='ocr_carea' id='block_1_79' title="bbox 2112 3429 3697 3504">
    <p class='ocr_par' dir='ltr' id='par_1_79' title="bbox 2112 3429 3697 3504">
     <span class='ocr_line' id='line_1_79' title="bbox 2112 3429 3697 3504; baseline 0.003 -20"><span class='ocrx_word' id='word_1_580' title='bbox 2112 3431 2272 3485; x_wconf 83' lang='lat' dir='ltr'><strong>istam</strong></span> <span class='ocrx_word' id='word_1_581' title='bbox 2316 3429 2496 3485; x_wconf 79' lang='lat' dir='ltr'><strong>divide</strong></span> <span class='ocrx_word' id='word_1_582' title='bbox 2525 3439 2640 3485; x_wconf 87' lang='lat' dir='ltr'><strong>tum</strong></span> <span class='ocrx_word' id='word_1_583' title='bbox 2688 3432 2742 3486; x_wconf 88' lang='lat' dir='ltr'><strong>&#39;m</strong></span> <span class='ocrx_word' id='word_1_584' title='bbox 2767 3439 3034 3495; x_wconf 77' lang='lat' dir='ltr'><strong>mentem,</strong></span> <span class='ocrx_word' id='word_1_585' title='bbox 3065 3439 3185 3502; x_wconf 72' lang='lat' dir='ltr'><strong>‘qme</strong></span> <span class='ocrx_word' id='word_1_586' title='bbox 3235 3433 3408 3504; x_wconf 81' lang='lat' dir='ltr'><strong>ipsam</strong></span> <span class='ocrx_word' id='word_1_587' title='bbox 3437 3435 3697 3504; x_wconf 79' lang='lat' dir='ltr'><strong>suscepit,</strong></span> 
     </span>
    </p>
   </div>
   <div class='ocr_carea' id='block_1_80' title="bbox 2106 3522 3695 3594">
    <p class='ocr_par' dir='ltr' id='par_1_80' title="bbox 2106 3522 3695 3594">
     <span class='ocr_line' id='line_1_80' title="bbox 2106 3522 3695 3594; baseline 0.004 -19"><span class='ocrx_word' id='word_1_588' title='bbox 2106 3523 2226 3576; x_wconf 77' lang='lat' dir='ltr'><strong>‘tum</strong></span> <span class='ocrx_word' id='word_1_589' title='bbox 2257 3523 2314 3576; x_wconf 87' lang='lat' dir='ltr'><strong>in</strong></span> <span class='ocrx_word' id='word_1_590' title='bbox 2365 3522 2486 3578; x_wconf 83' lang='lat' dir='ltr'><strong>auri</strong></span> <span class='ocrx_word' id='word_1_591' title='bbox 2525 3524 2828 3590; x_wconf 79' lang='lat' dir='ltr'><strong>nationem,</strong></span> <span class='ocrx_word' id='word_1_592' title='bbox 2876 3531 2987 3578; x_wconf 85' lang='lat' dir='ltr'><strong>tum</strong></span> <span class='ocrx_word' id='word_1_593' title='bbox 3015 3525 3069 3578; x_wconf 84' lang='lat' dir='ltr'><strong>in</strong></span> <span class='ocrx_word' id='word_1_594' title='bbox 3111 3524 3288 3594; x_wconf 83' lang='lat' dir='ltr'><strong>ipsum</strong></span> <span class='ocrx_word' id='word_1_595' title='bbox 3335 3536 3552 3591; x_wconf 85' lang='lat' dir='ltr'><strong>aurum,</strong></span> <span class='ocrx_word' id='word_1_596' title='bbox 3583 3528 3695 3582; x_wconf 78' lang='lat' dir='ltr'><strong>tum</strong></span> 
     </span>
    </p>
   </div>
   <div class='ocr_carea' id='block_1_81' title="bbox 2111 3613 3697 3688">
    <p class='ocr_par' dir='ltr' id='par_1_81' title="bbox 2111 3613 3697 3688">
     <span class='ocr_line' id='line_1_81' title="bbox 2111 3613 3697 3688; baseline 0.004 -22"><span class='ocrx_word' id='word_1_597' title='bbox 2111 3613 2273 3666; x_wconf 88' lang='lat' dir='ltr'><strong>etiam</strong></span> <span class='ocrx_word' id='word_1_598' title='bbox 2303 3615 2355 3666; x_wconf 92' lang='lat' dir='ltr'><strong>in</strong></span> <span class='ocrx_word' id='word_1_599' title='bbox 2378 3614 2687 3683; x_wconf 88' lang='lat' dir='ltr'><strong>passionem</strong></span> <span class='ocrx_word' id='word_1_600' title='bbox 2705 3625 2962 3681; x_wconf 83' lang='lat' dir='ltr'><strong>avaram;</strong></span> <span class='ocrx_word' id='word_1_601' title='bbox 2992 3627 3057 3670; x_wconf 91' lang='lat' dir='ltr'><strong>ac</strong></span> <span class='ocrx_word' id='word_1_602' title='bbox 3089 3614 3214 3669; x_wconf 86' lang='lat' dir='ltr'><strong>dein</strong></span> <span class='ocrx_word' id='word_1_603' title='bbox 3241 3615 3513 3688; x_wconf 80' lang='lat' dir='ltr'><strong>interroga</strong></span> <span class='ocrx_word' id='word_1_604' title='bbox 3537 3620 3697 3687; x_wconf 78' lang='lat' dir='ltr'><strong>quill-</strong></span> 
     </span>
    </p>
   </div>
   <div class='ocr_carea' id='block_1_82' title="bbox 2111 3704 3698 3778">
    <p class='ocr_par' dir='ltr' id='par_1_82' title="bbox 2111 3704 3698 3778">
     <span class='ocr_line' id='line_1_82' title="bbox 2111 3704 3698 3778; baseline 0.004 -21"><span class='ocrx_word' id='word_1_605' title='bbox 2111 3713 2237 3757; x_wconf 78' lang='lat' dir='ltr'><strong>na‘m</strong></span> <span class='ocrx_word' id='word_1_606' title='bbox 2283 3704 2480 3758; x_wconf 78' lang='lat' dir='ltr'><strong>horum</strong></span> <span class='ocrx_word' id='word_1_607' title='bbox 2538 3706 2609 3760; x_wconf 88' lang='lat' dir='ltr'><strong>sit</strong></span> <span class='ocrx_word' id='word_1_608' title='bbox 2640 3715 2922 3774; x_wconf 83' lang='lat' dir='ltr'><strong>peccatum</strong></span> <span class='ocrx_word' id='word_1_609' title='bbox 2959 3723 2972 3760; x_wconf 91' lang='lat'><strong>:</strong></span> <span class='ocrx_word' id='word_1_610' title='bbox 3004 3715 3184 3760; x_wconf 83' lang='lat' dir='ltr'><strong>utrum</strong></span> <span class='ocrx_word' id='word_1_611' title='bbox 3236 3709 3441 3763; x_wconf 79' lang='lat' dir='ltr'><strong>mens?</strong></span> <span class='ocrx_word' id='word_1_612' title='bbox 3475 3718 3526 3763; x_wconf 88' lang='lat' dir='ltr'><strong>et</strong></span> <span class='ocrx_word' id='word_1_613' title='bbox 3558 3719 3698 3778; x_wconf 68' lang='lat' dir='ltr'><strong>otto-</strong></span> 
     </span>
    </p>
   </div>
   <div class='ocr_carea' id='block_1_83' title="bbox 2110 3794 3698 3871">
    <p class='ocr_par' dir='ltr' id='par_1_83' title="bbox 2110 3794 3698 3871">
     <span class='ocr_line' id='line_1_83' title="bbox 2110 3794 3698 3871; baseline 0.005 -23"><span class='ocrx_word' id='word_1_614' title='bbox 2110 3794 2306 3849; x_wconf 79' lang='lat' dir='ltr'><strong>‘modo?</strong></span> <span class='ocrx_word' id='word_1_615' title='bbox 2326 3805 2365 3849; x_wconf 91' lang='lat' dir='ltr'><strong>&#39;e</strong></span> <span class='ocrx_word' id='word_1_616' title='bbox 2381 3803 2433 3849; x_wconf 88' lang='lat' dir='ltr'><strong>st</strong></span> <span class='ocrx_word' id='word_1_617' title='bbox 2469 3795 2649 3864; x_wconf 80' lang='lat' dir='ltr'><strong>imago</strong></span> <span class='ocrx_word' id='word_1_618' title='bbox 2678 3794 2808 3860; x_wconf 83' lang='lat' dir='ltr'><strong>Dei;</strong></span> <span class='ocrx_word' id='word_1_619' title='bbox 2847 3797 2940 3850; x_wconf 88' lang='lat' dir='ltr'><strong>sed</strong></span> <span class='ocrx_word' id='word_1_620' title='bbox 2969 3797 3119 3850; x_wconf 81' lang='lat' dir='ltr'><strong>natio</strong></span> <span class='ocrx_word' id='word_1_621' title='bbox 3143 3800 3262 3851; x_wconf 74' lang='lat' dir='ltr'><strong>auri</strong></span> <span class='ocrx_word' id='word_1_622' title='bbox 3284 3798 3310 3850; x_wconf 87' lang='lat'><strong>?</strong></span> <span class='ocrx_word' id='word_1_623' title='bbox 3330 3809 3384 3852; x_wconf 86' lang='lat' dir='ltr'><strong>et</strong></span> <span class='ocrx_word' id='word_1_624' title='bbox 3409 3801 3549 3854; x_wconf 85' lang='lat' dir='ltr'><strong>istud</strong></span> <span class='ocrx_word' id='word_1_625' title='bbox 3574 3803 3698 3871; x_wconf 84' lang='lat' dir='ltr'><strong>quis</strong></span> 
     </span>
    </p>
   </div>
   <div class='ocr_carea' id='block_1_84' title="bbox 2098 3885 3695 3958">
    <p class='ocr_par' dir='ltr' id='par_1_84' title="bbox 2098 3885 3695 3958">
     <span class='ocr_line' id='line_1_84' title="bbox 2098 3885 3695 3958; baseline 0.003 -17"><span class='ocrx_word' id='word_1_626' title='bbox 2098 3894 2353 3957; x_wconf 73' lang='lat' dir='ltr'><strong>&#39;u’nQuam</strong></span> <span class='ocrx_word' id='word_1_627' title='bbox 2383 3885 2588 3941; x_wconf 80' lang='lat' dir='ltr'><strong>diceret</strong></span> <span class='ocrx_word' id='word_1_628' title='bbox 2625 3895 2864 3941; x_wconf 85' lang='lat' dir='ltr'><strong>mentem</strong></span> <span class='ocrx_word' id='word_1_629' title='bbox 2896 3887 3349 3942; x_wconf 57' lang='lat' dir='ltr'><strong>haben’sﬂerum</strong></span> <span class='ocrx_word' id='word_1_630' title='bbox 3387 3890 3566 3958; x_wconf 83' lang='lat' dir='ltr'><strong>ipsum</strong></span> <span class='ocrx_word' id='word_1_631' title='bbox 3593 3907 3695 3946; x_wconf 84' lang='lat' dir='ltr'><strong>au-</strong></span> 
     </span>
    </p>
   </div>
   <div class='ocr_carea' id='block_1_85' title="bbox 2103 3977 3698 4047">
    <p class='ocr_par' dir='ltr' id='par_1_85' title="bbox 2103 3977 3698 4047">
     <span class='ocr_line' id='line_1_85' title="bbox 2103 3977 3698 4047; baseline 0.004 -15"><span class='ocrx_word' id='word_1_632' title='bbox 2103 3985 2230 4032; x_wconf 76' lang='lat' dir='ltr'><strong>rum</strong></span> <span class='ocrx_word' id='word_1_633' title='bbox 2263 3987 2347 4032; x_wconf 80' lang='lat' dir='ltr'><strong>est</strong></span> <span class='ocrx_word' id='word_1_634' title='bbox 2372 3977 2696 4047; x_wconf 84' lang='lat' dir='ltr'><strong>peccatum?</strong></span> <span class='ocrx_word' id='word_1_635' title='bbox 2724 3985 2777 4032; x_wconf 89' lang='lat' dir='ltr'><strong>et</strong></span> <span class='ocrx_word' id='word_1_636' title='bbox 2807 3978 2965 4047; x_wconf 87' lang='lat' dir='ltr'><strong>cujus</strong></span> <span class='ocrx_word' id='word_1_637' title='bbox 2987 3980 3158 4047; x_wconf 80' lang='lat' dir='ltr'><strong>gratia</strong></span> <span class='ocrx_word' id='word_1_638' title='bbox 3183 3977 3386 4033; x_wconf 74' lang='lat' dir='ltr'><strong>factum</strong></span> <span class='ocrx_word' id='word_1_639' title='bbox 3415 3979 3567 4035; x_wconf 81' lang='lat' dir='ltr'><strong>fuit?</strong></span> <span class='ocrx_word' id='word_1_640' title='bbox 3595 3982 3698 4038; x_wconf 83' lang='lat' dir='ltr'><strong>Se-</strong></span> 
     </span>
    </p>
   </div>
   <div class='ocr_carea' id='block_1_86' title="bbox 2111 4069 3697 4144">
    <p class='ocr_par' dir='ltr' id='par_1_86' title="bbox 2111 4069 3697 4144">
     <span class='ocr_line' id='line_1_86' title="bbox 2111 4069 3697 4144; baseline 0.003 -20"><span class='ocrx_word' id='word_1_641' title='bbox 2111 4070 2296 4141; x_wconf 86' lang='lat' dir='ltr'><strong>quitur</strong></span> <span class='ocrx_word' id='word_1_642' title='bbox 2323 4069 2528 4139; x_wconf 88' lang='lat' dir='ltr'><strong>itaque,</strong></span> <span class='ocrx_word' id='word_1_643' title='bbox 2565 4069 2770 4138; x_wconf 85' lang='lat' dir='ltr'><strong>pecca‘ti</strong></span> <span class='ocrx_word' id='word_1_644' title='bbox 2803 4079 3023 4124; x_wconf 88' lang='lat' dir='ltr'><strong>causam</strong></span> <span class='ocrx_word' id='word_1_645' title='bbox 3053 4073 3697 4144; x_wconf 77' lang='lat' dir='ltr'><strong>e&#39;sse&#39;quat‘tum’(netnpe</strong></span> 
     </span>
    </p>
   </div>
   <div class='ocr_carea' id='block_1_87' title="bbox 2109 4160 3695 4235">
    <p class='ocr_par' dir='ltr' id='par_1_87' title="bbox 2109 4160 3695 4235">
     <span class='ocr_line' id='line_1_87' title="bbox 2109 4160 3695 4235; baseline -0.001 -17"><span class='ocrx_word' id='word_1_646' title='bbox 2109 4163 2418 4235; x_wconf 89' lang='lat' dir='ltr'><strong>passionem</strong></span> <span class='ocrx_word' id='word_1_647' title='bbox 2448 4162 2690 4228; x_wconf 77' lang='lat' dir='ltr'><strong>avaram)</strong></span> <span class='ocrx_word' id='word_1_648' title='bbox 2716 4169 2838 4231; x_wconf 62' lang='lat' dir='ltr'><strong>quae</strong></span> <span class='ocrx_word' id='word_1_649' title='bbox 2872 4160 3089 4229; x_wconf 82' lang='lat' dir='ltr'><strong>quidem</strong></span> <span class='ocrx_word' id='word_1_650' title='bbox 3123 4167 3233 4214; x_wconf 84' lang='lat' dir='ltr'><strong>non</strong></span> <span class='ocrx_word' id='word_1_651' title='bbox 3265 4164 3349 4216; x_wconf 78' lang='lat' dir='ltr'><strong>est</strong></span> <span class='ocrx_word' id='word_1_652' title='bbox 3386 4175 3478 4216; x_wconf 85' lang='lat' dir='ltr'><strong>res</strong></span> <span class='ocrx_word' id='word_1_653' title='bbox 3512 4162 3695 4218; x_wconf 76' lang='lat' dir='ltr'><strong>subsi-</strong></span> 
     </span>
    </p>
   </div>
   <div class='ocr_carea' id='block_1_88' title="bbox 2077 4252 3695 4324">
    <p class='ocr_par' dir='ltr' id='par_1_88' title="bbox 2077 4252 3695 4324">
     <span class='ocr_line' id='line_1_88' title="bbox 2077 4252 3695 4324; baseline -0.001 -13"><span class='ocrx_word' id='word_1_654' title='bbox 2077 4253 2260 4311; x_wconf 78' lang='lat' dir='ltr'><strong>stens</strong></span> <span class='ocrx_word' id='word_1_655' title='bbox 2300 4269 2396 4324; x_wconf 83' lang='lat' dir='ltr'><strong>per</strong></span> <span class='ocrx_word' id='word_1_656' title='bbox 2430 4255 2745 4315; x_wconf 85' lang='lat' dir='ltr'><strong>essentiam,</strong></span> <span class='ocrx_word' id='word_1_657' title='bbox 2798 4265 2977 4321; x_wconf 86' lang='lat' dir='ltr'><strong>neque</strong></span> <span class='ocrx_word' id='word_1_658' title='bbox 3019 4252 3092 4305; x_wconf 73' lang='lat' dir='ltr'><strong>rei</strong></span> <span class='ocrx_word' id='word_1_659' title='bbox 3139 4253 3310 4318; x_wconf 83' lang='lat' dir='ltr'><strong>notio,</strong></span> <span class='ocrx_word' id='word_1_660' title='bbox 3369 4261 3468 4308; x_wconf 78' lang='lat' dir='ltr'><strong>nec</strong></span> <span class='ocrx_word' id='word_1_661' title='bbox 3504 4260 3695 4310; x_wconf 80' lang='lat' dir='ltr'><strong>rursus</strong></span> 
     </span>
    </p>
   </div>
   <div class='ocr_carea' id='block_1_89' title="bbox 2110 4339 3689 4411">
    <p class='ocr_par' dir='ltr' id='par_1_89' title="bbox 2110 4339 3689 4411">
     <span class='ocr_line' id='line_1_89' title="bbox 2110 4339 3689 4411; baseline -0.002 -13"><span class='ocrx_word' id='word_1_662' title='bbox 2110 4347 2262 4399; x_wconf 81' lang='lat' dir='ltr'><strong>mens</strong></span> <span class='ocrx_word' id='word_1_663' title='bbox 2294 4344 2635 4411; x_wconf 87' lang='lat' dir='ltr'><strong>incorporea,</strong></span> <span class='ocrx_word' id='word_1_664' title='bbox 2672 4339 2766 4395; x_wconf 88' lang='lat' dir='ltr'><strong>sed</strong></span> <span class='ocrx_word' id='word_1_665' title='bbox 2795 4339 3048 4409; x_wconf 78' lang='lat' dir='ltr'><strong>voluptas</strong></span> <span class='ocrx_word' id='word_1_666' title='bbox 3091 4339 3338 4410; x_wconf 78' lang='lat' dir='ltr'><strong>quaedam</strong></span> <span class='ocrx_word' id='word_1_667' title='bbox 3365 4341 3572 4396; x_wconf 79' lang='lat' dir='ltr'><strong>homini</strong></span> <span class='ocrx_word' id='word_1_668' title='bbox 3603 4343 3689 4395; x_wconf 87' lang='lat' dir='ltr'><strong>in-</strong></span> 
     </span>
    </p>
   </div>
   <div class='ocr_carea' id='block_1_90' title="bbox 2105 4427 3694 4501">
    <p class='ocr_par' dir='ltr' id='par_1_90' title="bbox 2105 4427 3694 4501">
     <span class='ocr_line' id='line_1_90' title="bbox 2105 4427 3694 4501; baseline -0.004 -13"><span class='ocrx_word' id='word_1_669' title='bbox 2105 4427 2284 4499; x_wconf 71' lang='lat' dir='ltr'><strong>i‘ensa,</strong></span> <span class='ocrx_word' id='word_1_670' title='bbox 2308 4449 2338 4488; x_wconf 91' lang='lat' dir='ltr'><strong>e</strong></span> <span class='ocrx_word' id='word_1_671' title='bbox 2369 4431 2539 4487; x_wconf 84' lang='lat' dir='ltr'><strong>lih‘ero</strong></span> <span class='ocrx_word' id='word_1_672' title='bbox 2563 4430 2792 4485; x_wconf 80' lang='lat' dir='ltr'><strong>arbitrio</strong></span> <span class='ocrx_word' id='word_1_673' title='bbox 2820 4431 3119 4501; x_wconf 71' lang='lat' dir='ltr'><strong>progenita,</strong></span> <span class='ocrx_word' id='word_1_674' title='bbox 3159 4437 3504 4500; x_wconf 81' lang='lat' dir='ltr'><strong>mentemque</strong></span> <span class='ocrx_word' id='word_1_675' title='bbox 3536 4443 3694 4485; x_wconf 79' lang='lat' dir='ltr'><strong>com-</strong></span> 
     </span>
    </p>
   </div>
   <div class='ocr_carea' id='block_1_91' title="bbox 422 4498 2012 4597">
    <p class='ocr_par' dir='ltr' id='par_1_91' title="bbox 422 4515 2006 4595">
     <span class='ocr_line' id='line_1_91' title="bbox 422 4515 2006 4595; baseline -0.005 -17"><span class='ocrx_word' id='word_1_676' title='bbox 422 4525 769 4595; x_wconf 84' lang='grc' dir='ltr'>περιτέμνειν</span> <span class='ocrx_word' id='word_1_677' title='bbox 829 4525 858 4576; x_wconf 90' lang='lat'><strong>6</strong></span> <span class='ocrx_word' id='word_1_678' title='bbox 901 4522 994 4575; x_wconf 89' lang='grc' dir='ltr'><strong>τοῦ</strong></span> <span class='ocrx_word' id='word_1_679' title='bbox 1055 4519 1189 4573; x_wconf 82' lang='grc' dir='ltr'>Θεοῦ</span> <span class='ocrx_word' id='word_1_680' title='bbox 1231 4519 1393 4588; x_wconf 90' lang='grc' dir='ltr'>νόμος</span> <span class='ocrx_word' id='word_1_681' title='bbox 1443 4516 1822 4571; x_wconf 89' lang='grc' dir='ltr'>πεπίστευται.</span> <span class='ocrx_word' id='word_1_682' title='bbox 1895 4515 2006 4572; x_wconf 78' lang='grc' dir='ltr'><strong>Καὶ</strong></span> 
     </span>
    </p>
   </div>
   <div class='ocr_carea' id='block_1_92' title="bbox 2113 4498 3691 4597">
    <p class='ocr_par' dir='ltr' id='par_1_92' title="bbox 2115 4498 3691 4597">
     <span class='ocr_line' id='line_1_92' title="bbox 2115 4498 3691 4597; baseline -0.006 -15"><span class='ocrx_word' id='word_1_683' title='bbox 2115 4528 2339 4597; x_wconf 87' lang='lat' dir='ltr'><strong>pellens,</strong></span> <span class='ocrx_word' id='word_1_684' title='bbox 2376 4531 2436 4578; x_wconf 86' lang='lat' dir='ltr'><strong>ut</strong></span> <span class='ocrx_word' id='word_1_685' title='bbox 2468 4523 2606 4576; x_wconf 81' lang='lat' dir='ltr'><strong>male</strong></span> <span class='ocrx_word' id='word_1_686' title='bbox 2637 4521 2908 4576; x_wconf 86' lang='lat' dir='ltr'><strong>creaturis</strong></span> <span class='ocrx_word' id='word_1_687' title='bbox 2925 4498 3034 4576; x_wconf 73' lang='lat' dir='ltr'><strong>bet</strong></span> <span class='ocrx_word' id='word_1_688' title='bbox 3085 4525 3286 4586; x_wconf 74' lang='lat' dir='ltr'><strong>utatur,</strong></span> <span class='ocrx_word' id='word_1_689' title='bbox 3311 4498 3478 4591; x_wconf 55' lang='lat' dir='ltr'><strong>quam</strong></span> <span class='ocrx_word' id='word_1_690' title='bbox 3520 4522 3691 4574; x_wconf 81' lang='lat' dir='ltr'><strong>etiam</strong></span> 
     </span>
    </p>
   </div>
   <div class='ocr_carea' id='block_1_93' title="bbox 419 4607 2012 4684">
    <p class='ocr_par' dir='ltr' id='par_1_93' title="bbox 419 4609 2006 4684">
     <span class='ocr_line' id='line_1_93' title="bbox 419 4609 2006 4684; baseline -0.004 -16"><span class='ocrx_word' id='word_1_691' title='bbox 419 4615 594 4669; x_wconf 87' lang='grc' dir='ltr'>ταῦτά</span> <span class='ocrx_word' id='word_1_692' title='bbox 649 4632 743 4668; x_wconf 88' lang='grc' dir='ltr'><strong>σου</strong></span> <span class='ocrx_word' id='word_1_693' title='bbox 795 4611 1240 4684; x_wconf 83' lang='grc' dir='ltr'>διερευνωμένου,</span> <span class='ocrx_word' id='word_1_694' title='bbox 1280 4610 1619 4681; x_wconf 78' lang='grc' dir='ltr'>φθαρήσεται</span> <span class='ocrx_word' id='word_1_695' title='bbox 1653 4609 1752 4679; x_wconf 85' lang='grc' dir='ltr'><strong>μὲν</strong></span> <span class='ocrx_word' id='word_1_696' title='bbox 1784 4609 1813 4661; x_wconf 90' lang='lat'><strong>6</strong></span> <span class='ocrx_word' id='word_1_697' title='bbox 1855 4609 2006 4679; x_wconf 87' lang='grc' dir='ltr'>λογι-</span> 
     </span>
    </p>
   </div>
   <div class='ocr_carea' id='block_1_94' title="bbox 2113 4607 3693 4684">
    <p class='ocr_par' dir='ltr' id='par_1_94' title="bbox 2113 4607 3693 4683">
     <span class='ocr_line' id='line_1_94' title="bbox 2113 4607 3693 4683; baseline -0.003 -11"><span class='ocrx_word' id='word_1_698' title='bbox 2113 4615 2504 4672; x_wconf 73' lang='lat' dir='ltr'><strong>circumcidet‘e</strong></span> <span class='ocrx_word' id='word_1_699' title='bbox 2539 4613 2743 4669; x_wconf 81' lang='lat' dir='ltr'><strong>credita</strong></span> <span class='ocrx_word' id='word_1_700' title='bbox 2773 4609 2856 4669; x_wconf 79' lang='lat' dir='ltr'><strong>est</strong></span> <span class='ocrx_word' id='word_1_701' title='bbox 2882 4613 3060 4669; x_wconf 78' lang='lat' dir='ltr'><strong>divina</strong></span> <span class='ocrx_word' id='word_1_702' title='bbox 3096 4614 3208 4668; x_wconf 74' lang='lat' dir='ltr'><strong>&#39;i&#39;e‘x.</strong></span> <span class='ocrx_word' id='word_1_703' title='bbox 3247 4607 3321 4667; x_wconf 82' lang='lat' dir='ltr'><strong>Te</strong></span> <span class='ocrx_word' id='word_1_704' title='bbox 3361 4612 3693 4683; x_wconf 67' lang='lat' dir='ltr'><strong>itaque-hate</strong></span> 
     </span>
    </p>
   </div>
   <div class='ocr_carea' id='block_1_95' title="bbox 425 4702 2012 4780">
    <p class='ocr_par' dir='ltr' id='par_1_95' title="bbox 425 4702 2006 4777">
     <span class='ocr_line' id='line_1_95' title="bbox 425 4702 2006 4777; baseline -0.003 -17"><span class='ocrx_word' id='word_1_705' title='bbox 425 4708 560 4777; x_wconf 84' lang='grc' dir='ltr'>σμὸς</span> <span class='ocrx_word' id='word_1_706' title='bbox 584 4710 662 4770; x_wconf 83' lang='grc' dir='ltr'><strong>είς</strong></span> <span class='ocrx_word' id='word_1_707' title='bbox 690 4709 790 4777; x_wconf 77' lang='grc' dir='ltr'><strong>τὴν</strong></span> <span class='ocrx_word' id='word_1_708' title='bbox 817 4706 954 4758; x_wconf 76' lang='grc' dir='ltr'>ἰδίαν</span> <span class='ocrx_word' id='word_1_709' title='bbox 978 4704 1345 4773; x_wconf 81' lang='grc' dir='ltr'>ἀναλυόμενος</span> <span class='ocrx_word' id='word_1_710' title='bbox 1383 4702 1640 4770; x_wconf 88' lang='grc' dir='ltr'>θεωρίαν,</span> <span class='ocrx_word' id='word_1_711' title='bbox 1666 4702 1922 4771; x_wconf 78' lang='grc' dir='ltr'>φεύξεται</span> <span class='ocrx_word' id='word_1_712' title='bbox 1947 4703 2006 4756; x_wconf 82' lang='grc' dir='ltr'><strong>δὲ</strong></span> 
     </span>
    </p>
   </div>
   <div class='ocr_carea' id='block_1_96' title="bbox 2113 4702 3690 4780">
    <p class='ocr_par' dir='ltr' id='par_1_96' title="bbox 2113 4705 3690 4780">
     <span class='ocr_line' id='line_1_96' title="bbox 2113 4705 3690 4780; baseline -0.005 -17"><span class='ocrx_word' id='word_1_713' title='bbox 2113 4713 2520 4780; x_wconf 80' lang='lat' dir='ltr'><strong>perscrutante,</strong></span> <span class='ocrx_word' id='word_1_714' title='bbox 2567 4707 2829 4777; x_wconf 70' lang='lat' dir='ltr'><strong>cogitatio</strong></span> <span class='ocrx_word' id='word_1_715' title='bbox 2882 4707 3099 4776; x_wconf 83' lang='lat' dir='ltr'><strong>quidem</strong></span> <span class='ocrx_word' id='word_1_716' title='bbox 3143 4713 3430 4761; x_wconf 61' lang='lat' dir='ltr'><strong>evanescat</strong></span> <span class='ocrx_word' id='word_1_717' title='bbox 3472 4705 3531 4760; x_wconf 75' lang='lat' dir='ltr'><strong>in</strong></span> <span class='ocrx_word' id='word_1_718' title='bbox 3568 4713 3690 4774; x_wconf 78' lang='lat' dir='ltr'><strong>pru-</strong></span> 
     </span>
    </p>
   </div>
   <div class='ocr_carea' id='block_1_97' title="bbox 423 4793 2012 4872">
    <p class='ocr_par' dir='ltr' id='par_1_97' title="bbox 423 4793 2005 4866">
     <span class='ocr_line' id='line_1_97' title="bbox 423 4793 2005 4866; baseline -0.004 -14"><span class='ocrx_word' id='word_1_719' title='bbox 423 4799 529 4852; x_wconf 79' lang='grc' dir='ltr'><strong>ἀπὸ</strong></span> <span class='ocrx_word' id='word_1_720' title='bbox 563 4800 654 4852; x_wconf 89' lang='grc' dir='ltr'><strong>σοῦ</strong></span> <span class='ocrx_word' id='word_1_721' title='bbox 707 4799 769 4850; x_wconf 82' lang='grc' dir='ltr'><strong>τὸ</strong></span> <span class='ocrx_word' id='word_1_722' title='bbox 797 4797 1098 4866; x_wconf 89' lang='grc' dir='ltr'>δαιμόνιον,</span> <span class='ocrx_word' id='word_1_723' title='bbox 1146 4794 1248 4863; x_wconf 80' lang='grc' dir='ltr'>τῆς</span> <span class='ocrx_word' id='word_1_724' title='bbox 1277 4793 1516 4855; x_wconf 84' lang='grc' dir='ltr'>διανοίας</span> <span class='ocrx_word' id='word_1_725' title='bbox 1541 4809 1634 4845; x_wconf 88' lang='grc' dir='ltr'><strong>σου</strong></span> <span class='ocrx_word' id='word_1_726' title='bbox 1663 4793 1768 4846; x_wconf 75' lang='grc' dir='ltr'><strong>ὑπὸ</strong></span> <span class='ocrx_word' id='word_1_727' title='bbox 1799 4793 2005 4865; x_wconf 86' lang='grc' dir='ltr'>ταύτης</span> 
     </span>
    </p>
   </div>
   <div class='ocr_carea' id='block_1_98' title="bbox 2113 4793 3689 4872">
    <p class='ocr_par' dir='ltr' id='par_1_98' title="bbox 2113 4797 3689 4872">
     <span class='ocr_line' id='line_1_98' title="bbox 2113 4797 3689 4872; baseline -0.004 -17"><span class='ocrx_word' id='word_1_728' title='bbox 2113 4802 2285 4872; x_wconf 89' lang='lat' dir='ltr'><strong>priam</strong></span> <span class='ocrx_word' id='word_1_729' title='bbox 2313 4799 2552 4854; x_wconf 87' lang='lat' dir='ltr'><strong>resoluta</strong></span> <span class='ocrx_word' id='word_1_730' title='bbox 2586 4799 3123 4867; x_wconf 88' lang='lat' dir='ltr'><strong>contemplationem,</strong></span> <span class='ocrx_word' id='word_1_731' title='bbox 3145 4797 3420 4866; x_wconf 85' lang='lat' dir='ltr'><strong>fugietque</strong></span> <span class='ocrx_word' id='word_1_732' title='bbox 3443 4812 3471 4850; x_wconf 88' lang='lat' dir='ltr'><strong>a</strong></span> <span class='ocrx_word' id='word_1_733' title='bbox 3500 4805 3551 4850; x_wconf 80' lang='lat' dir='ltr'><strong>te</strong></span> <span class='ocrx_word' id='word_1_734' title='bbox 3581 4797 3689 4850; x_wconf 77' lang='lat' dir='ltr'><strong>dae-</strong></span> 
     </span>
    </p>
   </div>
   <div class='ocr_carea' id='block_1_99' title="bbox 422 4885 2012 4962">
    <p class='ocr_par' dir='ltr' id='par_1_99' title="bbox 422 4885 1382 4959">
     <span class='ocr_line' id='line_1_99' title="bbox 422 4885 1382 4959; baseline -0.008 -16"><span class='ocrx_word' id='word_1_735' title='bbox 422 4892 520 4958; x_wconf 77' lang='grc' dir='ltr'>τῆς</span> <span class='ocrx_word' id='word_1_736' title='bbox 551 4889 805 4959; x_wconf 87' lang='grc' dir='ltr'>γνώσεως</span> <span class='ocrx_word' id='word_1_737' title='bbox 827 4891 907 4950; x_wconf 86' lang='grc' dir='ltr'><strong>εἰς</strong></span> <span class='ocrx_word' id='word_1_738' title='bbox 938 4887 1074 4955; x_wconf 73' lang='grc' dir='ltr'>ὕψος</span> <span class='ocrx_word' id='word_1_739' title='bbox 1098 4885 1382 4956; x_wconf 80' lang='grc' dir='ltr'>ἀρθείσης.</span> 
     </span>
    </p>
   </div>
   <div class='ocr_carea' id='block_1_100' title="bbox 2113 4885 3690 4962">
    <p class='ocr_par' dir='ltr' id='par_1_100' title="bbox 2113 4890 3690 4962">
     <span class='ocr_line' id='line_1_100' title="bbox 2113 4890 3690 4962; baseline -0.004 -11"><span class='ocrx_word' id='word_1_740' title='bbox 2113 4895 2372 4960; x_wconf 88' lang='lat' dir='ltr'><strong>monium,</strong></span> <span class='ocrx_word' id='word_1_741' title='bbox 2419 4893 2548 4948; x_wconf 89' lang='lat' dir='ltr'><strong>dum</strong></span> <span class='ocrx_word' id='word_1_742' title='bbox 2597 4892 2903 4948; x_wconf 79' lang='lat' dir='ltr'><strong>intellectus</strong></span> <span class='ocrx_word' id='word_1_743' title='bbox 2947 4900 3072 4946; x_wconf 83' lang='lat' dir='ltr'><strong>tuus</strong></span> <span class='ocrx_word' id='word_1_744' title='bbox 3114 4891 3182 4944; x_wconf 87' lang='lat' dir='ltr'><strong>ab</strong></span> <span class='ocrx_word' id='word_1_745' title='bbox 3231 4892 3333 4945; x_wconf 87' lang='lat' dir='ltr'><strong>ista</strong></span> <span class='ocrx_word' id='word_1_746' title='bbox 3383 4890 3690 4962; x_wconf 78' lang='lat' dir='ltr'><strong>cognitione</strong></span> 
     </span>
    </p>
   </div>
   <div class='ocr_carea' id='block_1_101' title="bbox 2104 4987 2559 5044">
    <p class='ocr_par' dir='ltr' id='par_1_101' title="bbox 2104 4987 2559 5044">
     <span class='ocr_line' id='line_1_101' title="bbox 2104 4987 2559 5044; baseline -0.011 0"><span class='ocrx_word' id='word_1_747' title='bbox 2104 4988 2270 5044; x_wconf 81' lang='lat' dir='ltr'><strong>fuerit</strong></span> <span class='ocrx_word' id='word_1_748' title='bbox 2295 4987 2559 5042; x_wconf 75' lang='lat' dir='ltr'><strong>elevatus.</strong></span> 
     </span>
    </p>
   </div>
   <div class='ocr_carea' id='block_1_102' title="bbox 2711 5094 3107 5153">
    <p class='ocr_par' dir='ltr' id='par_1_102' title="bbox 2711 5094 3107 5153">
     <span class='ocr_line' id='line_1_102' title="bbox 2711 5094 3107 5153; baseline -0.003 0"><span class='ocrx_word' id='word_1_749' title='bbox 2711 5096 2943 5153; x_wconf 80' lang='lat' dir='ltr'><strong>CAPUT</strong></span> <span class='ocrx_word' id='word_1_750' title='bbox 2990 5094 3107 5152; x_wconf 73' lang='lat' dir='ltr'><strong>XX.</strong></span> 
     </span>
    </p>
   </div>
   <div class='ocr_carea' id='block_1_103' title="bbox 2184 5207 3684 5279">
    <p class='ocr_par' dir='ltr' id='par_1_103' title="bbox 2184 5207 3684 5279">
     <span class='ocr_line' id='line_1_103' title="bbox 2184 5207 3684 5279; baseline 0.001 -13"><span class='ocrx_word' id='word_1_751' title='bbox 2184 5212 2241 5266; x_wconf 88' lang='lat' dir='ltr'><strong>Si</strong></span> <span class='ocrx_word' id='word_1_752' title='bbox 2274 5222 2454 5266; x_wconf 87' lang='lat' dir='ltr'><strong>autem</strong></span> <span class='ocrx_word' id='word_1_753' title='bbox 2478 5211 2610 5265; x_wconf 85' lang='lat' dir='ltr'><strong>velis</strong></span> <span class='ocrx_word' id='word_1_754' title='bbox 2639 5211 2716 5264; x_wconf 85' lang='lat' dir='ltr'><strong>uti</strong></span> <span class='ocrx_word' id='word_1_755' title='bbox 2749 5209 2966 5279; x_wconf 86' lang='lat' dir='ltr'><strong>quidem</strong></span> <span class='ocrx_word' id='word_1_756' title='bbox 3001 5208 3145 5263; x_wconf 79' lang='lat' dir='ltr'><strong>illius</strong></span> <span class='ocrx_word' id='word_1_757' title='bbox 3175 5207 3376 5279; x_wconf 81' lang='lat' dir='ltr'><strong>gladio,</strong></span> <span class='ocrx_word' id='word_1_758' title='bbox 3403 5209 3684 5267; x_wconf 72' lang='lat' dir='ltr'><strong>desideras</strong></span> 
     </span>
    </p>
   </div>
   <div class='ocr_carea' id='block_1_104' title="bbox 1031 5100 1402 5158">
    <p class='ocr_par' dir='ltr' id='par_1_104' title="bbox 1031 5100 1402 5158">
     <span class='ocr_line' id='line_1_104' title="bbox 1031 5100 1402 5158; baseline 0 -4"><span class='ocrx_word' id='word_1_759' title='bbox 1031 5103 1286 5158; x_wconf 76' lang='grc' dir='ltr'><strong>ΚΕΦΑΛ.</strong></span> <span class='ocrx_word' id='word_1_760' title='bbox 1317 5100 1402 5154; x_wconf 69' lang='grc' dir='ltr'><strong>ις’.</strong></span> 
     </span>
    </p>
   </div>
   <div class='ocr_carea' id='block_1_105' title="bbox 495 5215 1998 5290">
    <p class='ocr_par' dir='ltr' id='par_1_105' title="bbox 495 5215 1998 5290">
     <span class='ocr_line' id='line_1_105' title="bbox 495 5215 1998 5290; baseline -0.003 -15"><span class='ocrx_word' id='word_1_761' title='bbox 495 5221 557 5275; x_wconf 83' lang='grc' dir='ltr'><strong>Εἰ</strong></span> <span class='ocrx_word' id='word_1_762' title='bbox 602 5221 658 5273; x_wconf 79' lang='grc' dir='ltr'>δὲ</span> <span class='ocrx_word' id='word_1_763' title='bbox 709 5218 888 5290; x_wconf 80' lang='grc' dir='ltr'>βούλει</span> <span class='ocrx_word' id='word_1_764' title='bbox 909 5219 1214 5289; x_wconf 83' lang='grc' dir='ltr'>χρήσασθαι</span> <span class='ocrx_word' id='word_1_765' title='bbox 1268 5219 1366 5288; x_wconf 82' lang='grc' dir='ltr'><strong>μὲν</strong></span> <span class='ocrx_word' id='word_1_766' title='bbox 1403 5220 1469 5289; x_wconf 74' lang='grc' dir='ltr'>τῇ</span> <span class='ocrx_word' id='word_1_767' title='bbox 1499 5215 1709 5270; x_wconf 77' lang='grc' dir='ltr'>ἐκείνου</span> <span class='ocrx_word' id='word_1_768' title='bbox 1734 5218 1998 5289; x_wconf 80' lang='grc' dir='ltr'>ῥομφαίᾳ,</span> 
     </span>
    </p>
   </div>
   <div class='ocr_carea' id='block_1_106' title="bbox 422 5300 2012 5380">
    <p class='ocr_par' dir='ltr' id='par_1_106' title="bbox 422 5307 2002 5380">
     <span class='ocr_line' id='line_1_106' title="bbox 422 5307 2002 5380; baseline -0.001 -16"><span class='ocrx_word' id='word_1_769' title='bbox 422 5312 701 5373; x_wconf 79' lang='grc' dir='ltr'>ἐπιποθεῖς</span> <span class='ocrx_word' id='word_1_770' title='bbox 760 5311 819 5363; x_wconf 82' lang='grc' dir='ltr'><strong>δὲ</strong></span> <span class='ocrx_word' id='word_1_771' title='bbox 867 5309 1082 5380; x_wconf 81' lang='grc' dir='ltr'>πρῶτον</span> <span class='ocrx_word' id='word_1_772' title='bbox 1110 5309 1199 5362; x_wconf 79' lang='grc' dir='ltr'>διὰ</span> <span class='ocrx_word' id='word_1_773' title='bbox 1232 5310 1330 5380; x_wconf 81' lang='grc' dir='ltr'>τῆς</span> <span class='ocrx_word' id='word_1_774' title='bbox 1362 5312 1458 5379; x_wconf 81' lang='grc' dir='ltr'><strong>σῆς</strong></span> <span class='ocrx_word' id='word_1_775' title='bbox 1488 5307 1777 5378; x_wconf 86' lang='grc' dir='ltr'>σφενδόνης</span> <span class='ocrx_word' id='word_1_776' title='bbox 1813 5307 2002 5362; x_wconf 88' lang='grc' dir='ltr'>τοῦτον</span> 
     </span>
    </p>
   </div>
   <div class='ocr_carea' id='block_1_107' title="bbox 2113 5300 3680 5380">
    <p class='ocr_par' dir='ltr' id='par_1_107' title="bbox 2113 5300 3680 5372">
     <span class='ocr_line' id='line_1_107' title="bbox 2113 5300 3680 5372; baseline -0.001 -14"><span class='ocrx_word' id='word_1_777' title='bbox 2113 5317 2241 5358; x_wconf 83' lang='lat' dir='ltr'><strong>vero</strong></span> <span class='ocrx_word' id='word_1_778' title='bbox 2270 5303 2322 5356; x_wconf 92' lang='lat' dir='ltr'><strong>in</strong></span> <span class='ocrx_word' id='word_1_779' title='bbox 2350 5303 2542 5372; x_wconf 81' lang='lat' dir='ltr'><strong>primis</strong></span> <span class='ocrx_word' id='word_1_780' title='bbox 2591 5317 2684 5370; x_wconf 86' lang='lat' dir='ltr'><strong>per</strong></span> <span class='ocrx_word' id='word_1_781' title='bbox 2719 5300 2941 5354; x_wconf 83' lang='lat' dir='ltr'><strong>fundam</strong></span> <span class='ocrx_word' id='word_1_782' title='bbox 2986 5307 3133 5354; x_wconf 87' lang='lat' dir='ltr'><strong>tuam</strong></span> <span class='ocrx_word' id='word_1_783' title='bbox 3169 5300 3348 5368; x_wconf 78' lang='lat' dir='ltr'><strong>ipsum</strong></span> <span class='ocrx_word' id='word_1_784' title='bbox 3392 5301 3680 5371; x_wconf 71' lang='lat' dir='ltr'><strong>subigere:</strong></span> 
     </span>
    </p>
   </div>
   <div class='ocr_carea' id='block_1_108' title="bbox 421 5392 2012 5474">
    <p class='ocr_par' dir='ltr' id='par_1_108' title="bbox 421 5396 2005 5474">
     <span class='ocr_line' id='line_1_108' title="bbox 421 5396 2005 5474; baseline -0.002 -20"><span class='ocrx_word' id='word_1_785' title='bbox 421 5402 807 5474; x_wconf 85' lang='grc' dir='ltr'>χειρώσασθαι.</span> <span class='ocrx_word' id='word_1_786' title='bbox 839 5400 1106 5453; x_wconf 76' lang='grc' dir='ltr'>Ἔκϐαλλε</span> <span class='ocrx_word' id='word_1_787' title='bbox 1129 5401 1224 5452; x_wconf 62' lang='grc' dir='ltr'><strong>καὶ⁸</strong></span> <span class='ocrx_word' id='word_1_788' title='bbox 1264 5401 1327 5452; x_wconf 84' lang='grc' dir='ltr'><strong>σὺ</strong></span> <span class='ocrx_word' id='word_1_789' title='bbox 1355 5399 1496 5451; x_wconf 89' lang='grc' dir='ltr'>λίθον</span> <span class='ocrx_word' id='word_1_790' title='bbox 1526 5400 1591 5450; x_wconf 85' lang='grc' dir='ltr'><strong>ὲκ</strong></span> <span class='ocrx_word' id='word_1_791' title='bbox 1619 5396 1711 5449; x_wconf 84' lang='grc' dir='ltr'><strong>τοῦ</strong></span> <span class='ocrx_word' id='word_1_792' title='bbox 1757 5414 2005 5466; x_wconf 83' lang='grc' dir='ltr'>ποιμενι-</span> 
     </span>
    </p>
   </div>
   <div class='ocr_carea' id='block_1_109' title="bbox 2113 5392 3685 5474">
    <p class='ocr_par' dir='ltr' id='par_1_109' title="bbox 2113 5392 3685 5465">
     <span class='ocr_line' id='line_1_109' title="bbox 2113 5392 3685 5465; baseline -0.001 -16"><span class='ocrx_word' id='word_1_793' title='bbox 2113 5393 2245 5465; x_wconf 88' lang='lat' dir='ltr'><strong>ejice</strong></span> <span class='ocrx_word' id='word_1_794' title='bbox 2279 5403 2335 5447; x_wconf 87' lang='lat' dir='ltr'><strong>tu</strong></span> <span class='ocrx_word' id='word_1_795' title='bbox 2362 5409 2579 5464; x_wconf 86' lang='lat' dir='ltr'><strong>quoque</strong></span> <span class='ocrx_word' id='word_1_796' title='bbox 2614 5394 2841 5463; x_wconf 85' lang='lat' dir='ltr'><strong>lapidem</strong></span> <span class='ocrx_word' id='word_1_797' title='bbox 2861 5407 2890 5447; x_wconf 89' lang='lat' dir='ltr'><strong>e</strong></span> <span class='ocrx_word' id='word_1_798' title='bbox 2914 5392 3170 5462; x_wconf 83' lang='lat' dir='ltr'><strong>pastorali</strong></span> <span class='ocrx_word' id='word_1_799' title='bbox 3195 5402 3283 5446; x_wconf 86' lang='lat' dir='ltr'><strong>tua</strong></span> <span class='ocrx_word' id='word_1_800' title='bbox 3305 5401 3456 5461; x_wconf 73' lang='lat' dir='ltr'><strong>pera,</strong></span> <span class='ocrx_word' id='word_1_801' title='bbox 3495 5395 3685 5463; x_wconf 75' lang='lat' dir='ltr'><strong>hujus-</strong></span> 
     </span>
    </p>
   </div>
   <div class='ocr_carea' id='block_1_110' title="bbox 424 5483 2012 5560">
    <p class='ocr_par' dir='ltr' id='par_1_110' title="bbox 424 5483 2004 5560">
     <span class='ocr_line' id='line_1_110' title="bbox 424 5483 2004 5560; baseline -0.004 -13"><span class='ocrx_word' id='word_1_802' title='bbox 424 5494 520 5547; x_wconf 82' lang='grc' dir='ltr'><strong>κοῦ</strong></span> <span class='ocrx_word' id='word_1_803' title='bbox 548 5512 641 5546; x_wconf 89' lang='grc' dir='ltr'><strong>σου</strong></span> <span class='ocrx_word' id='word_1_804' title='bbox 679 5494 900 5555; x_wconf 83' lang='grc' dir='ltr'>κωδίου,</span> <span class='ocrx_word' id='word_1_805' title='bbox 934 5493 1029 5545; x_wconf 76' lang='grc' dir='ltr'>καὶ</span> <span class='ocrx_word' id='word_1_806' title='bbox 1057 5492 1250 5544; x_wconf 87' lang='grc' dir='ltr'>τούτου</span> <span class='ocrx_word' id='word_1_807' title='bbox 1283 5489 1434 5558; x_wconf 80' lang='grc' dir='ltr'>ζήτει</span> <span class='ocrx_word' id='word_1_808' title='bbox 1465 5489 1561 5560; x_wconf 82' lang='grc' dir='ltr'>τὴν</span> <span class='ocrx_word' id='word_1_809' title='bbox 1597 5486 1847 5559; x_wconf 85' lang='grc' dir='ltr'>θεωρίαν.</span> <span class='ocrx_word' id='word_1_810' title='bbox 1881 5483 2004 5551; x_wconf 81' lang='grc' dir='ltr'><strong>Πῶς</strong></span> 
     </span>
    </p>
   </div>
   <div class='ocr_carea' id='block_1_111' title="bbox 2113 5483 3680 5560">
    <p class='ocr_par' dir='ltr' id='par_1_111' title="bbox 2113 5483 3680 5556">
     <span class='ocr_line' id='line_1_111' title="bbox 2113 5483 3680 5556; baseline -0.001 -17"><span class='ocrx_word' id='word_1_811' title='bbox 2113 5503 2218 5556; x_wconf 90' lang='lat' dir='ltr'><strong>que</strong></span> <span class='ocrx_word' id='word_1_812' title='bbox 2243 5488 2468 5556; x_wconf 87' lang='lat' dir='ltr'><strong>exquire</strong></span> <span class='ocrx_word' id='word_1_813' title='bbox 2500 5485 3047 5554; x_wconf 82' lang='lat' dir='ltr'><strong>contemplationem;</strong></span> <span class='ocrx_word' id='word_1_814' title='bbox 3080 5483 3360 5547; x_wconf 85' lang='lat' dir='ltr'><strong>nimirum,</strong></span> <span class='ocrx_word' id='word_1_815' title='bbox 3404 5484 3680 5553; x_wconf 79' lang='lat' dir='ltr'><strong>quomodo</strong></span> 
     </span>
    </p>
   </div>
   <div class='ocr_carea' id='block_1_112' title="bbox 421 5574 2012 5653">
    <p class='ocr_par' dir='ltr' id='par_1_112' title="bbox 421 5579 1999 5653">
     <span class='ocr_line' id='line_1_112' title="bbox 421 5579 1999 5653; baseline -0.006 -13"><span class='ocrx_word' id='word_1_816' title='bbox 421 5585 644 5653; x_wconf 70' lang='grc' dir='ltr'>ἄγγελοι</span> <span class='ocrx_word' id='word_1_817' title='bbox 708 5583 830 5653; x_wconf 83' lang='grc' dir='ltr'>μὲν,</span> <span class='ocrx_word' id='word_1_818' title='bbox 880 5584 974 5636; x_wconf 78' lang='grc' dir='ltr'>καὶ</span> <span class='ocrx_word' id='word_1_819' title='bbox 1021 5582 1276 5651; x_wconf 80' lang='grc' dir='ltr'>δαίμονες</span> <span class='ocrx_word' id='word_1_820' title='bbox 1309 5579 1384 5648; x_wconf 80' lang='grc' dir='ltr'>τῷ</span> <span class='ocrx_word' id='word_1_821' title='bbox 1436 5579 1688 5650; x_wconf 81' lang='grc' dir='ltr'>ἡμετέρῳ</span> <span class='ocrx_word' id='word_1_822' title='bbox 1719 5579 1999 5648; x_wconf 76' lang='grc' dir='ltr'>παραϐάλ-</span> 
     </span>
    </p>
   </div>
   <div class='ocr_carea' id='block_1_113' title="bbox 2113 5574 3682 5653">
    <p class='ocr_par' dir='ltr' id='par_1_113' title="bbox 2113 5574 3682 5648">
     <span class='ocr_line' id='line_1_113' title="bbox 2113 5574 3682 5648; baseline -0.002 -17"><span class='ocrx_word' id='word_1_823' title='bbox 2113 5578 2283 5646; x_wconf 79' lang='lat' dir='ltr'><strong>angeli</strong></span> <span class='ocrx_word' id='word_1_824' title='bbox 2335 5576 2551 5648; x_wconf 87' lang='lat' dir='ltr'><strong>quidc‘m</strong></span> <span class='ocrx_word' id='word_1_825' title='bbox 2585 5618 2600 5642; x_wconf 91' lang='lat'><strong>,</strong></span> <span class='ocrx_word' id='word_1_826' title='bbox 2657 5584 2819 5645; x_wconf 87' lang='lat' dir='ltr'><strong>atque</strong></span> <span class='ocrx_word' id='word_1_827' title='bbox 2863 5575 3136 5629; x_wconf 73' lang='lat' dir='ltr'><strong>dmm‘oues</strong></span> <span class='ocrx_word' id='word_1_828' title='bbox 3186 5581 3372 5629; x_wconf 84' lang='lat' dir='ltr'><strong>nostro</strong></span> <span class='ocrx_word' id='word_1_829' title='bbox 3419 5574 3682 5629; x_wconf 77' lang='lat' dir='ltr'><strong>accedunt</strong></span> 
     </span>
    </p>
   </div>
   <div class='ocr_carea' id='block_1_114' title="bbox 501 5772 2216 5843">
    <p class='ocr_par' dir='ltr' id='par_1_114' title="bbox 501 5772 2216 5843">
     <span class='ocr_line' id='line_1_114' title="bbox 501 5772 2216 5843; baseline -0.003 -13"><span class='ocrx_word' id='word_1_830' title='bbox 501 5782 544 5814; x_wconf 72' lang='grc' dir='ltr'><strong>³ο</strong></span> <span class='ocrx_word' id='word_1_831' title='bbox 578 5783 714 5836; x_wconf 76' lang='lat' dir='ltr'><strong>Gen.</strong></span> <span class='ocrx_word' id='word_1_832' title='bbox 744 5798 894 5843; x_wconf 66' lang='lat' dir='ltr'><strong>xxxi,</strong></span> <span class='ocrx_word' id='word_1_833' title='bbox 926 5782 1013 5838; x_wconf 82' lang='lat'><strong>59.</strong></span> <span class='ocrx_word' id='word_1_834' title='bbox 1096 5778 1136 5809; x_wconf 80' lang='grc'><strong>³¹</strong></span> <span class='ocrx_word' id='word_1_835' title='bbox 1172 5774 1221 5827; x_wconf 88' lang='lat' dir='ltr'><strong>ll</strong></span> <span class='ocrx_word' id='word_1_836' title='bbox 1251 5774 1389 5827; x_wconf 81' lang='lat' dir='ltr'><strong>Tim.</strong></span> <span class='ocrx_word' id='word_1_837' title='bbox 1419 5779 1506 5838; x_wconf 84' lang='lat' dir='ltr'><strong>tt,i</strong></span> <span class='ocrx_word' id='word_1_838' title='bbox 1529 5778 1572 5828; x_wconf 81' lang='lat' dir='ltr'><strong>i.</strong></span> <span class='ocrx_word' id='word_1_839' title='bbox 1673 5776 1715 5805; x_wconf 75' lang='grc'><strong>³³</strong></span> <span class='ocrx_word' id='word_1_840' title='bbox 1738 5772 1878 5825; x_wconf 80' lang='lat' dir='ltr'><strong>Psai.</strong></span> <span class='ocrx_word' id='word_1_841' title='bbox 1912 5790 2093 5837; x_wconf 72' lang='lat' dir='ltr'><strong>xxut,</strong></span> <span class='ocrx_word' id='word_1_842' title='bbox 2130 5774 2216 5825; x_wconf 67' lang='lat' dir='ltr'><strong>li.</strong></span> 
     </span>
    </p>
   </div>
  </div>
