4066 6146
497 273 633 338 1223

1979 270 2044 332 S.
2094 271 2261 334 NILI

3629 280 3749 350 1224

499 389 725 456 mundo,
759 398 815 444 at
837 403 936 444 nos
965 388 1209 460 ipsorum
1239 401 1349 442 non
1372 385 1696 444 accedamus
1719 386 1957 454 mundis,
1980 403 2055 444 nec

2181 387 2333 442 λουσι
2362 385 2574 459 κόσμῳ,
2605 387 2767 459 ἡμεῖς
2793 386 2851 442 δὲ
2873 390 2988 455 τοῖς
3015 387 3194 446 αὐτῶν
3221 391 3446 464 κόσμοις
3478 395 3542 450 οὐ
3580 415 3747 472 παρα-

447 462 453 469 ’
496 480 640 536 enim
669 495 962 550 possumus
990 481 1215 552 angelos
1270 478 1446 550 magis
1485 479 1778 551 adjungere
1802 479 1934 545 Deo,
1975 496 2076 536 nec

494 572 773 628 daemones
803 569 1016 626 efﬁcere
1051 572 1226 643 magis
1279 571 1524 640 impuros
1559 572 1613 626 in
1641 571 1883 627 animum
1919 572 2077 629 indu-

494 662 671 717 cimus
699 677 714 716 :
741 676 960 732 quoque
983 671 1143 732 pacto
1170 661 1416 728 Lucifer,
1449 663 1544 733 qui
1590 678 1751 719 mane
1771 663 2074 732 oriebatur,

491 755 545 809 in
585 762 788 809 terram
838 769 1078 824 praeceps
1106 753 1266 825 533
1317 755 1563 826 deiectus
1602 755 1673 811 sit
1708 757 1780 824 ⁸³,
1828 765 1885 812 et
1923 771 2076 814 mare

433 907 442 920 ,
494 846 718 916 quidem
745 846 1028 903 existimat
1058 847 1134 901 uti
1161 862 1256 902 vas
1291 849 1735 918 unguentariam,
1783 847 2071 906 Tartarum

486 946 669 992 autem
700 939 883 1012 abyssi
914 939 1138 1010 perinde
1163 948 1329 1010 atque
1362 941 1658 1010 captivum,
1690 941 1784 996 sed
1813 950 1869 996 et
1898 943 2070 1012 ipsam

425 1029 438 1122 ς
485 1030 748 1102 abyssum
795 1031 962 1086 veluti
997 1041 1352 1088 aaramentum
1390 1031 1694 1115 fervefacit,
1737 1049 1929 1091 omnes
1970 1051 2070 1092 sua

426 1129 433 1148 '
483 1124 818 1194 perturbans
848 1123 1078 1188 malitia,
1121 1125 1488 1194 omnibusque
1539 1125 1726 1181 volens
1778 1128 2067 1205 imperare.

487 1211 692 1268 Harum
731 1216 933 1286 quippe
983 1231 1166 1270 rerum
1221 1217 1610 1285 contemplatio
1670 1217 1824 1272 valde
1858 1219 2070 1274 sauciat

480 1307 808 1372 daemonem,
833 1322 1161 1377 omnemque
1179 1307 1299 1376 ejus
1326 1307 1478 1378 fugat
1496 1309 2030 1365 castrametationem
2048 1328 2064 1378 ;

480 1396 578 1452 sed
603 1398 722 1452 hac
748 1398 968 1468 quidem
999 1399 1324 1468 contingunt
1355 1399 1489 1456 solis
1522 1401 1706 1471 quiete
1738 1401 2068 1474 placideque

479 1484 752 1558 purgatis,
807 1496 860 1542 et
914 1489 1311 1559 aliquantulum
1361 1490 1783 1562 dispicientibus
1823 1495 2066 1550 rationes

478 1591 694 1640 eorum,
726 1592 851 1648 quae
878 1576 1022 1634 facta
1052 1588 1200 1634 sunt.
1241 1579 1528 1649 Atimpuri
1562 1581 1811 1636 nesciunt
1834 1580 2062 1638 istarum

479 1681 665 1722 rerum
697 1667 1115 1738 dispectionem,
1151 1685 1253 1725 nec
1297 1672 1545 1736 audiunt,
1601 1673 1671 1730 ab
1700 1675 1826 1730 aliis
1858 1674 2061 1741 edocti,

2179 476 2471 550 ϐάλλομενο
2507 474 2634 530 ούτε
2671 477 2780 548 γάρ
2811 477 3076 547 ἀγγέλους
3101 479 3223 552 Θεῷ
3262 483 3556 540 συνάπτειν
3605 489 3750 545 πλέον

2176 568 2476 639 δυνάμεθα,
2535 569 2661 623 οὔτε
2687 569 2950 637 δαίμονας
2983 572 3329 644 ἀκαθάρτους
3358 577 3560 646 μᾶλλον
3589 587 3750 640 ποιεῖν

2175 660 2612 732 προαιρούμεθα.
2639 661 2750 716 Καὶ
2773 660 2889 724 πῶς
2910 662 2938 714 ό
2972 661 3282 735 Ἐωσφόρος
3311 668 3340 720 ό
3360 668 3506 738 πρωϊ
3535 671 3749 728 ἀνατί).

2173 749 2282 805 λων
2345 754 2428 816 είς
2477 752 2578 824 τὴν
2631 753 2734 824 γῆν
2789 754 3122 825 κατερρίφη,
3164 758 3259 811 καὶ
3307 758 3509 830 ἥγηται
3535 764 3633 836 μὲν
3659 770 3750 838 τὴν

2174 843 2452 901 θάλασσαν
2471 845 2548 910 ὼς
2569 846 2941 918 ἑξάλειπτρον,
2966 847 3060 901 τὸν
3087 847 3144 902 δὲ
3167 850 3454 924 Τάρταρον
3470 855 3568 926 τῆς
3592 858 3750 914 ἁδύς-

2174 952 2269 989 σου
2328 935 2519 1008 ὥσπερ
2577 937 2944 1008 αἰχμάλωτον,
3025 939 3219 1006 ἀναζεί
3282 944 3339 998 δὲ
3379 945 3478 1017 τὴν
3522 949 3750 1006 ἄϐυσσον

2172 1025 2361 1098 ὥσπερ
2407 1027 2652 1098 χαλκίον,
2705 1030 2912 1094 πάντας
2942 1033 3302 1105 ἐκταράσσων
3323 1036 3414 1090 διὰ
3441 1039 3540 1110 τῆς
3561 1043 3752 1109 κακίας

2169 1117 2360 1184 αὑτοῦ,
2391 1120 2485 1173 καὶ
2515 1120 2736 1174 πάντων
2771 1121 2963 1192 ἄρχειν
2989 1123 3314 1196 βουλόμενος
3340 1147 3355 1196 ;
3406 1131 3624 1188 Τούτων
3649 1139 3751 1210 γάρ

2167 1210 2280 1264 τῶν
2319 1211 2661 1283 πραγμάτων
2691 1213 2724 1284 ἡ
2771 1213 2978 1284 θεωρία
3013 1215 3155 1269 πάνυ
3194 1221 3490 1290 τιτρώσκει
3521 1225 3613 1280 τὸν
3641 1229 3751 1283 δαίς

2173 1319 2331 1372 μονα,
2386 1303 2482 1357 καὶ
2525 1305 2708 1358 πᾶσαν
2743 1292 2908 1360 αὐτοῦ
2932 1307 3034 1378 τὴν
3057 1311 3410 1384 παρεμϐολὴν
3443 1319 3748 1387 φυγαδεύει.

2181 1391 2342 1447 ’Λλλά
2380 1392 2553 1447 ταῦτα
2606 1398 2705 1466 μὲν
2754 1395 2864 1449 τῶν
2885 1396 3071 1469 ἡρέμα
3104 1401 3540 1475 κεκαθαρμένων
3579 1411 3749 1479 μόνων

2168 1483 2496 1556 συμϐαίνει,
2547 1486 2642 1539 καὶ
2711 1485 3038 1556 βλεπόντων.
3116 1493 3300 1558 ποσῶς
3370 1497 3499 1560 τοὺς
3563 1500 3749 1570 λόγους

2165 1575 2275 1630 τῶν
2299 1578 2623 1646 γεγονότων.
2675 1581 2737 1634 Οί
2783 1581 2842 1634 δὲ
2866 1582 3171 1655 ἀκάθαρτοι
3217 1587 3319 1657 τὴν
3373 1587 3609 1660 θεωρίαν
3633 1598 3751 1651 τού-

2165 1685 2276 1721 των
2299 1669 2400 1723 ούκ
2441 1669 2640 1735 ῐσασιν,
2675 1671 2797 1726 οὐδὲ
2827 1674 2876 1727 εί
2916 1675 3183 1746 μαθόντες
3229 1681 3360 1751 παρ’
3387 1682 3594 1756 ἑτέρων
3628 1706 3752 1743 κατ.

478 1758 525 1814 si
558 1758 635 1813 illi
684 1760 1048 1827 demulceam,
1094 1773 1148 1816 et
1178 1762 1498 1830 incantent;
1541 1779 1665 1819 cum
1703 1763 1829 1820 belli
1863 1763 2055 1820 multus

2167 1762 2420 1834 επᾴδοιεν
2444 1764 2892 1836 ἀκουσθήσονται,
2919 1743 3116 1823 πολλοῦ
3145 1743 3452 1844 κονιορτοῦ,
3478 1743 3575 1830 καὶ
3605 1779 3754 1852 θορύο

476 1848 750 1906 excitatus
802 1853 1024 1923 pulvis,
1075 1853 1346 1908 multusve
1393 1855 1658 1910 tumultus
1718 1855 1793 1910 sit
1843 1862 2066 1926 propter

387 1929 389 1931 ’
476 1945 762 2013 passiones
787 1944 1080 2000 conﬂatus.
1135 1942 1362 2015 Oportet
1386 1946 1531 2001 enim
1556 1947 1804 2014 omnino,
1856 1954 2064 2004 castra-

477 2036 828 2091 luctationem
899 2037 1334 2107 alienigenarum
1402 2038 1682 2110 paululum
1756 2040 2062 2110 quiescere,

475 2136 536 2180 ut
599 2127 751 2184 solus
814 2126 1032 2184 Goliath
1101 2129 1297 2185 obvius
1357 2140 1447 2186 eat
1521 2139 1712 2187 nostro
1763 2131 1933 2188 David
1994 2130 2058 2188 “.

477 2219 740 2276 Similiter
762 2221 816 2275 in
857 2221 1113 2278 omnibus
1158 2221 1391 2292 impuris
1432 2223 1854 2296 cogitationibus
1895 2223 2065 2280 haece

473 2311 762 2376 divisione,
797 2313 1011 2384 istaque
1033 2313 1157 2369 belli
1185 2315 1367 2385 specie
1394 2324 1634 2370 utamur.

1067 2427 1304 2486 CAPUT
1334 2427 1479 2484 XXI.

544 2539 612 2594 Et
634 2540 854 2609 quidem
879 2541 1049 2612 aliqui
1071 2540 1408 2612 impnrornm
1437 2543 1750 2599 daemonum
1783 2543 2058 2600 hominem

475 2641 814 2702 pertentaut,
863 2641 922 2687 ut
952 2633 1267 2698 hominem;
1301 2634 1468 2703 aliqui
1500 2648 1632 2690 vero
1672 2623 1972 2699 hominem,
2000 2644 2060 2692 ut

473 2722 676 2776 animal
698 2722 1014 2778 irrationale
1038 2723 1359 2792 perturbant
1383 2741 1400 2791 ;
1425 2732 1482 2780 et
1516 2725 1678 2795 primi
1706 2725 1932 2797 quidem
1961 2740 2058 2782 ac-

471 2811 750 2877 cedentes,
787 2818 880 2866 aut
904 2825 1055 2866 vanae
1084 2811 1294 2880 glorias,
1316 2820 1413 2866 aut
1457 2814 1750 2884 superbus,
1780 2823 1875 2870 aut
1917 2815 2059 2871 invi-

470 2900 594 2965 diae,
631 2909 728 2955 aut
749 2901 1148 2957 criminationis
1174 2902 1330 2958 nobis
1371 2903 1623 2973 injiciunt
1647 2906 1906 2976 cogitata,
1935 2921 2058 2976 quae

469 2993 682 3048 nullum
706 2993 1170 3049 irrationabilium
1196 3004 1463 3067 tangunt;
1494 2997 1722 3052 secundi
1746 3009 1928 3055 autem
1957 3014 2056 3072 ap-

2167 1853 2266 1908 ϐου
2319 1854 2409 1908 διά
2449 1853 2518 1908 τά
2571 1855 2720 1926 πάθη
2779 1859 3173 1930 συνισταμένου
3203 1863 3345 1917 κατά
3366 1865 3460 1919 τὸν
3495 1868 3748 1942 πόλεμον.

2164 1945 2259 1997 Δεῖ
2299 1944 2410 2014 γάρ
2460 1944 2678 2010 πάντως
2723 1946 2823 2019 τὴν
2876 1950 3229 2023 παρεμϐολὴν
3282 1955 3391 2009 τῶν
3444 1959 3758 2030 ἀλλοφύλων

2168 2036 2368 2128 μικρόν
2401 2039 2704 2110 ἠρεμῆσαι.
2758 2041 2845 2095 ίνα
2879 2043 3042 2114 μόνον
3067 2046 3096 2099 ό
3133 2045 3328 2102 Γολιάθ
3360 2051 3652 2128 ἀπαντήσῃ
3678 2057 3754 2128 τῷ

2164 2126 2422 2199 ἡμετέρῳ
2461 2128 2645 2184 Δαϐίδ.
2689 2129 2970 2197 Ὡσαύτως
3007 2133 3064 2186 δὲ
3103 2135 3198 2188 καὶ
3229 2139 3296 2209 τῇ
3326 2138 3611 2212 διαιρέσει,
3625 2126 3753 2202 fixa!

2162 2219 2240 2290 τῷ
2293 2219 2427 2272 εῖδει
2482 2218 2659 2292 τούτῳ
2714 2222 2810 2276 τοῦ
2871 2224 3112 2296 πολέμου
3166 2227 3504 2301 χρησώμεθα
3538 2238 3631 2289 καὶ
3660 2239 3750 2293 ἐπὶ

2164 2309 2385 2363 πάντων
2412 2307 2738 2382 ἀκαθάρτων
2759 2311 3057 2382 λογισμῶν.

2737 2420 2989 2478 ΚΕΦΑΛ.
3027 2423 3156 2480 KA'.

2232 2526 2354 2614 Ιζῶν
2373 2527 2699 2601 ἀκαθάρτων
2715 2531 3011 2600 δαιμόνων,
3025 2536 3074 2589 οί
3105 2535 3206 2608 μὲν
3221 2540 3314 2592 τὸν
3333 2540 3430 2594 ἀνθ
3439 2560 3642 2614 ρωπον,
3676 2547 3750 2612 ὡς

2161 2612 2452 2690 ἄνθρωπον
2477 2617 2918 2689 ὲκπειράζουσιν,
2936 2621 2986 2675 οἱ
3001 2621 3056 2675 δὲ
3076 2622 3169 2678 τὸν
3193 2612 3499 2698 ἄνθρωπον,
3518 2631 3596 2696 ὡς

2159 2705 2351 2776 ἄλογον
2363 2709 2876 2780 ὲκταράσσουσι,καὶ
2889 2715 2939 2767 οί
2955 2713 3054 2784 μὲν
3067 2717 3273 2787 πρῶτοι
3289 2723 3750 2796 παραϐάλλοντες,

2159 2799 2521 2872 κενοδοξίας,ἦ
2541 2801 2978 2877 ὑπερηφανίας,ἢ
3001 2805 3256 2879 φθόνου,ἢ
3271 2813 3605 2883 κατηγορίας
3620 2817 3750 2888 ἡμίν

2159 2889 2490 2960 ἐμϐάλλουσι
2512 2893 2782 2963 νοήματα,
2817 2893 2962 2966 άπερ
2989 2895 3202 2962 οὐδενὸς
3230 2898 3461 2956 ἅπτεται
3485 2904 3598 2958 τῶν
3629 2906 3752 2960 ἀλό-

2159 2999 2272 3052 γων
2293 2997 2308 3011 ⁸
2343 2985 2394 3037 οί
2437 2983 2493 3038 δὲ
2523 2984 2790 3056 δεύτεροι,
2844 2989 3323 3058 προσεγγίζοντες,
3349 2992 3541 3064 θυμὸν,
3573 2995 3750 3066 ﬁta..-

467 3082 843 3153 proximantes
863 3091 1082 3138 movent
1103 3083 1262 3148 iram,
1286 3093 1382 3140 aut
1400 3086 1902 3155 concupiscentiam
1925 3103 2054 3158 pra:-

2160 3073 2365 3145 θυμίαν
2417 3076 2571 3146 παρὰ
2618 3078 2783 3146 φύσιν
2814 3078 3045 3132 κινοῦσι.
3118 3081 3305 3135 Ταῦτα
3353 3085 3464 3156 γάρ
3503 3088 3572 3140 τά
3601 3088 3747 3160 πάθη

469 3182 554 3226 ter
583 3181 859 3227 naturam.
906 3171 1002 3227 Hae
1046 3173 1248 3244 quippe
1286 3173 1566 3242 passiones
1599 3190 1918 3233 communes
1955 3192 2056 3232 no-

469 3267 553 3330 bis
583 3277 637 3322 et
669 3268 1078 3324 irrationalibus
1107 3269 1478 3324 animantibus
1506 3271 1799 3334 exsistunt,
1827 3271 1930 3326 sub
1963 3287 2054 3325 ra-

467 3359 657 3413 tionali
686 3371 884 3415 natura
913 3359 1174 3422 latentes,
1200 3358 1378 3430 534,
1407 3359 1530 3415 ideo
1557 3359 1792 3430 Spiritus
1829 3371 2052 3418 sanctus

455 3451 535 3505 ad
573 3449 881 3504 incidentes
910 3447 1133 3518 quidem
1183 3451 1238 3501 in
1269 3449 1542 3506 humanas
1583 3451 1939 3522 cogitationes
1964 3451 2050 3508 di-

467 3542 581 3598 cit:
613 3561 631 3594 ι
673 3539 784 3609 Ego
823 3539 932 3594 dixi
962 3558 976 3593 :
1009 3538 1091 3592 Dii
1127 3539 1283 3604 estis,
1320 3551 1376 3595 et
1407 3541 1502 3595 lilii
1525 3542 1792 3598 Altissimi
1823 3559 2045 3612 omnes;

464 3648 565 3688 vos
597 3640 780 3686 autem
814 3631 957 3686 sicut
1006 3631 1259 3686 homines
1287 3632 1618 3698 moriemini,
1647 3645 1698 3690 et
1729 3635 1874 3690 sicut
1907 3652 2049 3693 unus

465 3724 534 3779 de
561 3720 900 3793 principibus
931 3721 1136 3778 cadetis
1163 3722 1230 3776 ⁸³.
1272 3741 1292 3775 ι
1341 3724 1421 3779 Ad
1452 3739 1547 3780 eos
1591 3733 1794 3793 autem,
1837 3726 1931 3796 qui
1971 3727 2048 3782 ir-

465 3811 809 3868 rationaliter
836 3820 1142 3878 moventur,
1177 3813 1307 3884 quid
1349 3815 1470 3870 ait?
1509 3833 1528 3867 ι
1557 3814 1732 3872 Nolite
1757 3819 1870 3874 ﬁeri
1907 3819 2049 3874 sicut

466 3920 645 3976 equus
687 3913 743 3958 et
764 3903 969 3970 mulus,
997 3905 1197 3976 quibus
1224 3921 1335 3960 non
1373 3914 1457 3962 est
1497 3906 1822 3964 intellectus.
1858 3909 1915 3965 ln
1943 3925 2047 3979 lca-

2157 3166 2314 3219 κοινά
2350 3167 2526 3236 ἡμῶν,
2553 3169 2645 3221 καί
2672 3168 2778 3222 τῶν
2801 3169 3010 3239 ἀλόγων
3043 3163 3199 3236 cum
3225 3175 3609 3245 τυγχάνουσιν.
3641 3181 3764 3244 ὑπὸ,

2155 3257 2254 3327 τῆς
2303 3256 2526 3328 λογικῆς
2582 3259 2968 3331 καλυπτόμενα
3027 3262 3260 3330 φύσεως.
3314 3267 3406 3320 Διὸ
3451 3269 3602 3336 λέγει
3653 3273 3750 3325 καὶ

2152 3345 2216 3400 τδ
2243 3348 2466 3418 Πνεῦμα
2487 3348 2548 3402 τὸ
2571 3349 2747 3418 ἆγιον,
2781 3352 2918 3434 πρὸς
2947 3353 3044 3424 μὲν
3071 3357 3187 3418 τοῖς
3199 3356 3557 3428 ἀνθρωπίνοις
3591 3379 3750 3434 περι·

2154 3437 2452 3502 πίπτοντας
2479 3437 2780 3511 λογισμοῖς,
2815 3461 2833 3493 ι
2859 3441 2999 3511 Ἐγὼ
3027 3439 3180 3497 εἶπα·
3204 3446 3328 3500 Θεοί
3356 3449 3498 3514 ὲστε,
3521 3454 3615 3503 καὶ
3641 3453 3751 3505 υἱοὶ

2163 3527 2420 3598 Ὑψίστου
2438 3531 2635 3594 πάντες
2656 3547 2670 3560 ’
2696 3532 2851 3602 ὑμεῖς
2865 3533 2922 3586 δὲ
2937 3534 3012 3598 ὡς
3036 3535 3314 3607 ἄνθρωποι
3342 3539 3745 3612 ἀποθνήσκετε,

2151 3621 2246 3673 καὶ
2295 3621 2372 3684 ὡς
2417 3611 2499 3685 εἷς
2551 3622 2658 3676 τῶν
2699 3624 2978 3695 ἀρχόντων
3001 3626 3295 3682 πίπτετε.»
3341 3631 3484 3700 Πρὸς
3523 3611 3579 3685 δὲ
3616 3635 3751 3698 τοὺς

2149 3713 2498 3782 κινουμένους
2523 3712 2753 3782 ἀλόγως,
2770 3715 2823 3768 τί
2857 3732 3025 3787 φησι;
3055 3735 3075 3768 ι
3100 3718 3192 3789 Μὴ
3217 3719 3430 3787 γίνεσθε
3446 3719 3524 3785 ὡς
3552 3721 3744 3788 ἵππος,

2149 3805 2244 3858 καὶ
2274 3804 2518 3875 ἡμίονος,
2562 3800 2645 3870 οἷς
2680 3807 2781 3860 οὐκ
2821 3807 2939 3862 ἔστι
2966 3809 3179 3873 σύνεσις
3197 3851 3213 3875 ,
3241 3811 3298 3864 ἐν
3325 3811 3491 3884 κημῷ
3520 3817 3614 3869 καὶ
3639 3835 3746 3885 χα-

2147 3892 2276 3964 λινῷ
2307 3896 2403 3959 τὰς
2438 3897 2692 3966 σιαγόνας
2718 3899 2897 3953 αὐτῶν
2939 3898 3121 3968 άγξαι,
3147 3902 3258 3955 τῶν
3301 3905 3376 3974 μὴ
3409 3906 3746 3974 ἐγγιζόντων

461 4013 590 4064 mo,
630 4006 686 4052 et
723 3996 882 4053 freno
911 3996 1162 4054 maxillas
1201 4011 1394 4052 eorum
1436 3998 1768 4069 constringe,
1810 4001 1902 4070 qui
1935 4017 2044 4056 non

2159 3985 2284 4056 πρὸς
2317 3987 2396 4041 σέ.
2425 4006 2445 4038 ι
2519 3987 2582 4042 Ἦ
2627 3989 2686 4043 δὲ
2725 3989 2872 4062 ψυχὴ
2899 3993 2933 4062 ἡ
2979 3992 3385 4065 ἁμαρτάνουσα,
3421 3997 3560 4068 αὕτη
3601 3998 3747 4052 ἀπο-

460 4087 845 4159 approximaut
864 4087 932 4142 ad
958 4095 1009 4143 te
1033 4087 1099 4142 “.
1125 4107 1144 4140 ι
1169 4089 1366 4143 Anima
1396 4103 1545 4152 vero,
1570 4104 1692 4159 quae
1717 4091 2041 4160 peccaverit,

2146 4073 2411 4130 θανεῖται.
2472 4077 2766 4149 Πρόδηλον,
2787 4080 2868 4134 ὅτι
2891 4082 2942 4133 ol
2971 4081 3073 4149 μὲν
3098 4083 3372 4154 ἄνθρωποι
3409 4087 3488 4151 ὠς
3527 4087 3750 4158 ἀνθρω-

461 4179 582 4248 ipsa
616 4178 902 4234 morietur.
945 4176 1294 4234 Manifestum
1318 4185 1423 4242 est,
1455 4178 1604 4248 quod
1632 4176 1882 4234 homines
1903 4179 2045 4236 sicut

2159 4181 2236 4219 rvet
2277 4167 2748 4240 ἀποθνήσκοντες,
2801 4170 2905 4226 ὑπὸ
2948 4173 3254 4246 ἀνθρώπων
3291 4179 3652 4248 ταφήσονται,
3688 4180 3743 4231 ot

459 4271 715 4328 homines
758 4271 1074 4337 morientes,
1110 4270 1180 4325 ab
1213 4269 1529 4325 hominibus
1577 4269 1944 4340 sepelientur,
1987 4282 2043 4328 at

2159 4254 2201 4308 le
2237 4255 2314 4320 ὼς
2367 4255 2551 4326 άλογοι
2607 4258 3033 4333 θανατούμενοι,
3088 4264 3208 4335 ἦτοι
3248 4265 3572 4331 πίπτοντες,
3632 4267 3744 4321 ὑπὸ

415 4399 428 4410 .
457 4361 575 4432 qui,
617 4369 678 4416 ut
702 4359 1049 4428 irrationales
1083 4370 1264 4414 morte
1295 4357 1624 4422 alliciuntur,
1660 4358 1777 4414 sive
1806 4360 2035 4425 cadunt,

2143 4347 2355 4416 γυπῶν,
2404 4349 2438 4419 ἢ
2482 4349 2732 4422 κοράκων
2779 4351 3173 4424 βρωθήσονται,
3215 4347 3294 4409 ὧν
3325 4357 3375 4409 oi
3425 4361 3661 4423 νεοσσοὶ,
3687 4362 3741 4414 οε

457 4413 496 4508 ἀ.
519 4451 831 4508 vulturibus
849 4426 1108 4506 et-corvis
1137 4449 1564 4516 devorabuntur,
1596 4465 1894 4521 equorum
1920 4452 2040 4524 pul-

2159 4413 2248 4508 μὲν
2301 4413 2684 4495 ἐπικαλούνται
2719 4413 2828 4496 τδῖ
2868 4413 3099 4516 Κύριον,
3155 4413 3204 4500 el
3247 4445 3304 4500 δι
3374 4413 3659 4520 φύρονται.
3679 4413 3742 4503 ἐν

455 4541 545 4609 lis,
577 4541 633 4596 hi
655 4540 876 4612 quidem
907 4538 1165 4594 invocant
1207 4537 1521 4604 Dominum,
1550 4539 1644 4596 alii
1673 4554 1803 4596 vero
1831 4538 2043 4596 findan-

455 4642 548 4688 tur
579 4631 636 4687 in
662 4629 1043 4702 sanguinibus.
1091 4627 1193 4696 Qui
1227 4629 1395 4686 habet
1428 4645 1591 4688 aures
1633 4631 1908 4698 audiendi,
1941 4648 2039 4688 au-

455 4727 593 4782 diat.

1022 4837 1257 4894 CAPUT
1296 4838 1460 4895 XXII.

522 4955 754 5026 Quando
778 4954 1008 5026 impurae
1041 4956 1289 5026 quaedam
1336 4957 1695 5028 cogitationes
1724 4957 1880 5016 ocius
1918 4958 2039 5015 fue-

453 5049 567 5106 rint
597 5049 868 5120 eﬁ'ugatze,
911 5047 1253 5117 inquiramus
1296 5063 1544 5116 causam,
1584 5049 1729 5103 unde
1769 5049 1824 5102 id
1867 5048 2038 5103 conti-

454 5140 595 5213 gerit
623 5159 638 5195 :
663 5149 849 5196 utrum
883 5149 1106 5210 prapter
1134 5139 1212 5194 rei
1240 5139 1550 5208 penuriam,
1590 5152 1657 5194 eo
1686 5137 1829 5207 quod
1865 5148 2037 5195 mate-

453 5235 568 5291 ries
594 5233 736 5304 aegre
762 5232 835 5288 sit
856 5231 1146 5302 parabilis;
1187 5239 1284 5284 aut
1332 5239 1558 5299 propter
1595 5244 1738 5297 eam,
1790 5245 1911 5299 qua:
1934 5245 2032 5285 no-

451 5326 542 5383 bis
562 5325 722 5391 inest,
756 5323 1074 5394 passionum
1099 5323 1453 5388 vacuitatem,
1493 5337 1600 5377 non
1631 5321 2032 5392 praevaluerunt

455 5416 720 5472 adversus
749 5429 853 5469 nos
877 5413 1127 5468 inimici?
1156 5413 1405 5483 Exempli
1442 5427 1610 5469 causa
1631 5431 1645 5468 :
1669 5413 1727 5469 Si
1753 5413 1877 5483 quis
1905 5427 2029 5468 ana-

455 5507 824 5572 choretarum,
873 5488 1134 5574 suggestu
1162 5504 1447 5570 daemonis,
1493 5505 1810 5561 recordatus
1837 5503 2022 5570 fuerit,

2143 4531 2393 4602 αἴμασιν.
2447 4535 2506 4587 '0
2527 4533 2664 4604 ἔχων
2689 4529 2803 4588 ὦτα
2827 4535 3070 4604 ἀκούειν,
3100 4537 3362 4595 ἀκουέτω.

2741 4845 2992 4902 ΚΕΦΑΔ.
3021 4847 3150 4900 KB'.

2218 4952 2385 5006 Ὅταν
2452 4953 2595 5017 τινὲς
2641 4954 2751 5007 τῶν
2799 4956 3128 5028 ἀκαθάρτων
3190 4957 3470 5030 λογισμῶν
3518 4963 3740 5031 ταχέως

2143 5043 2583 5112 φυγαδευθῶσιν,
2649 5046 2974 5118 ζητήσωμεν
3009 5049 3106 5118 τὴν
3145 5051 3325 5103 αἰτίαν
3369 5051 3538 5104 πόθεν
3574 5053 3741 5106 τοῦτο

2144 5134 2457 5204 συμϐέϐηκε
2484 5153 2498 5167 ·
2537 5138 2763 5209 πότερον
2798 5140 2885 5193 διά
2916 5139 3014 5210 τὴν
3041 5142 3236 5195 σπάνιν
3253 5141 3348 5195 τοῦ
3379 5144 3742 5213 πράγματος,

2139 5225 2234 5277 τοῦ
2255 5225 2610 5298 δυσπόριστον
2639 5223 2900 5302 εἶναιτὴν
2924 5230 3077 5303 ὕλην,
3105 5232 3138 5303 ἦ
3169 5231 3259 5286 διὰ
3289 5232 3388 5304 τὴν
3418 5233 3740 5304 προσοῦσαν

2142 5319 2274 5387 ἡμῖν
2328 5319 2596 5374 ἀπάθειαν
2633 5321 2733 5374 οὐκ
2770 5321 2995 5394 ἴσχυσαν
3034 5324 3157 5377 καθ’
3224 5325 3381 5396 ἡμῶν
3417 5328 3467 5378 ol
3512 5326 3736 5396 ἐχθροί;

2136 5408 2284 5481 υἷον,
2325 5415 2379 5467 εί
2405 5431 2489 5478 τις
2507 5412 2616 5468 τῶν
2652 5415 3076 5486 ἀναχωρούντων
3103 5415 3435 5488 ἐνθυμηθείη
3477 5418 3584 5471 ὑπὸ
3619 5417 3740 5471 Gal-

2135 5523 2316 5577 μονος,
2345 5506 2444 5577 τῆς
2466 5504 2689 5578 πρώτης
2731 5507 2936 5572 πόλεως
2976 5509 3352 5580 πνευματικὴν
3395 5509 3735 5581 κυϐέρνησιν

531 5675 580 5708 ³⁸
613 5675 716 5729 lsa.
743 5690 854 5745 xxv,
885 5676 975 5730 t2.
1052 5677 1096 5711 ³⁸
1130 5677 1152 5733 l
1201 5678 1337 5751 Reg.
1371 5696 1507 5747 xvn,
1545 5680 1637 5736 48.
1716 5681 1761 5715 ³³
1787 5679 1936 5738 Psal.
1967 5695 2154 5748 unt,
2178 5679 2237 5750 6,
2261 5679 2314 5737 7.
2392 5681 2438 5714 “
2476 5680 2620 5738 Psal.
2660 5697 2810 5751 xxxi,
2840 5685 2892 5740 9.

3449 5817 3514 5830 ..Α
3543 5817 3584 5830 -.Α
