4066 6146
423 319 444 383 i
456 317 559 383 235

1342 356 1355 365 ~
1431 315 1529 375 DE
1592 312 1963 374 MALIGNIS
1988 310 2643 373 COGITATIONIBUS.

3521 307 3655 374 1226

415 433 805 503 πιστευθῆναι,
845 425 998 493 οὗτος
1035 428 1221 499 δῆλον,
1263 428 1347 480 ὅτι
1382 427 1442 479 ού
1477 428 1716 498 χρονίσει
1738 427 1827 479 τὸν
1853 427 1997 494 λογι-

2122 426 2238 494 μιοιί
2264 425 2449 494 prima:
2466 426 2616 479 urbis
2629 423 2731 479 sibi
2745 422 3053 478 concredita
3070 420 3230 476 fuerit
3244 420 3543 490 spiritualis
3560 438 3662 492 gu-

420 527 556 595 σμὸν
582 522 770 577 τοῦτον
802 518 1221 590 φανταζόμενος,
1258 518 1349 570 καὶ
1378 520 1411 588 ἡ
1440 518 1586 569 αἰτία
1611 520 1676 570 ἐκ
1704 517 1812 570 τῶν
1845 517 1998 584 λεγο-

422 615 598 684 μᾶνων
624 611 834 680 γίνεται
868 607 1142 677 γνώριμος
1164 620 1179 634 ⁶
1229 605 1355 658 είδὲ
1388 622 1472 667 τις
1494 604 1724 667 πόλεως,
1768 607 1860 658 καὶ
1898 604 1996 674 τῆς

417 705 688 773 τυχούσης
726 700 952 767 γίνεται,
994 696 1088 750 καὶ
1127 695 1327 765 ὁμοίως
1364 693 1658 761 λογίζεται,
1696 690 1850 758 οὗτος
1897 712 1993 764 μα-

422 795 614 863 κάριος
637 794 737 862 τῆς
766 788 1034 865 ἀπαθείας
1062 787 1227 841 ἐστίν.
1276 786 1512 855 Ὁμοίως
1545 787 1603 839 δὲ
1646 786 1741 840 καὶ
1774 787 1865 839 ἐπὶ
1891 787 1998 840 τῶν

422 887 597 939 ἄλλων
623 882 901 952 λογισμῶν
930 881 1283 951 εὑρεθήσεται
1331 881 1361 930 ὁ
1395 878 1632 943 τοιοῦτος
1666 880 1866 950 τρόπος
1910 879 1999 943 ἐξ·

422 974 766 1041 εταζὸμενος.
825 970 1013 1023 Ταῦτα
1055 969 1111 1022 δὲ
1144 972 1439 1037 ἀναγκαῖον
1488 970 1686 1023 εἰδέναι
1729 969 1865 1039 πρὸς
1902 969 2001 1037 τὴν

424 1060 700 1129 ἡμετέραν
755 1056 1096 1127 προθυμίαν,
1161 1057 1255 1109 καὶ
1303 1056 1567 1126 δύναμιν,
1614 1057 1703 1108 ἵνα
1749 1055 1998 1123 εἴδωμεν,

425 1147 698 1219 πότερονῆ
722 1147 813 1200 τὸν
838 1145 1108 1215 Ἰορδάνην
1127 1146 1501 1216 παρήλθομεν,
1529 1147 1621 1200 καὶ
1638 1145 1806 1214 ἐγγύς
1836 1147 2002 1215 ἐσμεν

426 1234 523 1303 τῆς
556 1233 766 1291 πόλεως
814 1231 923 1284 τῶν
961 1231 1308 1301 Φοινίκων,ἢ
1349 1231 1430 1284 ἔτι
1465 1233 1524 1284 ὲν
1566 1235 1632 1302 τῇ
1681 1234 1873 1302 ἐρήμῳ
1920 1234 2001 1285 δι-

429 1327 655 1394 άγομεν,
687 1325 783 1375 καὶ
824 1322 930 1376 ὑπὸ
966 1320 1075 1374 τῶν
1123 1322 1436 1391 ἀλλοφύλων
1471 1322 1803 1391 τυπτόμεθα.
1858 1322 2003 1376 Πάνυ

429 1415 538 1482 γὰρ
562 1412 805 1475 ποικίλος
835 1427 925 1480 μοι
942 1410 1187 1479 φαίνεται
1214 1411 1315 1480 τῆς
1337 1410 1699 1480 φιλαργυρίας
1720 1408 1748 1461 ὁ
1774 1410 2001 1479 δαίμων,

433 1508 527 1559 καὶ
564 1504 699 1576 πρὸς
720 1504 934 1574 ἀπάτην
963 1504 1286 1573 εὐμήχανος,
1330 1501 1390 1565 δς
1421 1502 1680 1564 πολλάκις
1721 1503 2005 1563 στενωθεὶς

435 1597 540 1650 ὑπὸ
568 1596 667 1665 τῆς
700 1596 874 1663 ἄκρας
918 1595 1217 1662 ἀποταγῆς,
1252 1591 1343 1646 τὸν
1374 1591 1655 1661 οἰκονόμον
1699 1590 1880 1656 εὐθὺς,
1912 1589 2007 1643 καὶ

436 1688 774 1757 φιλόπτωχον
802 1685 1170 1756 ὑποκρίνεται,
1198 1683 1442 1746 καὶτοὺς
1471 1683 1696 1754 μηδέπω
1735 1681 2007 1753 παρόντας

436 1780 754 1848 ὑποδέχεται
790 1775 974 1844 ξένους
1000 1776 1386 1847 γνησιώτερον,
1431 1776 1523 1828 καὶ
1547 1774 1723 1838 ἄλλοις
1749 1773 2007 1843 λειπομέ-

433 1889 545 1935 νοις
577 1870 891 1925 ἀποστέλλει
938 1868 1235 1931 διακονίαν,
1277 1869 1373 1921 καὶ
1416 1866 1767 1936 δεσμωτήρια
1802 1864 2008 1925 πόλεως

434 1963 847 2025 ἑπισκέπτεται,
882 1962 979 2014 καὶ
1014 1962 1140 2023 τοὺς
1178 1959 1658 2030 πιπρασκομένους
1703 1957 1865 2026 δῆθεν
1918 1955 2006 2019 εξ-

435 2052 715 2121 αγοράςει,
747 2047 960 2118 γυναιξί
983 2065 1043 2101 τε
1069 2048 1324 2101 κολλᾶται
1350 2045 1650 2107 πλουσίαις,
1678 2042 1772 2096 καὶ
1792 2043 1918 2103 τοὺς
1949 2035 2007 2093 εὖ

437 2142 629 2195 παθεῖν
670 2140 985 2209 ὀφείλοντας
1032 2139 1409 2197 ὑποδείκνυσι,
1459 2137 1554 2189 καὶ
1596 2134 1789 2196 ἄλλους
1849 2131 2010 2186 πάλιν

439 2231 807 2295 ἀποτάξασθαι
839 2232 1079 2286 νουθετεῖ
1105 2231 1388 2301 βαλάντιον
1416 2229 1576 2299 ἁδρὸν
1615 2223 2010 2294 κεκτημένους,

441 2324 535 2376 καὶ
562 2321 731 2383 οὕτως
770 2323 1110 2394 ἐξαπατήσας
1144 2321 1282 2376 κατὰ
1319 2319 1513 2391 μικρὸν
1546 2318 1646 2389 τὴν
1676 2315 1878 2387 ψυχὴν,
1913 2315 2012 2384 τῆς

447 2416 805 2485 φιλαργυρίας
831 2416 1000 2485 αὐτὴν
1027 2414 1305 2483 λογισμοῖς
1331 2409 1644 2474 ὑποϐάλλει,
1683 2406 1781 2461 καὶ
1812 2405 1890 2476 τῷ
1912 2406 2011 2475 τῆς

446 2506 748 2573 κενοδοξίας
771 2504 1101 2578 παραδίδωσι
1136 2504 1348 2575 δαίμονι

1015 2809 1264 2865 ΚΕΦΑΛ.
1298 2805 1426 2862 KI".

528 2925 616 2990 Ὧς
652 2925 853 2993 πλῆθος
891 2923 1104 2990 εἰσάγει
1136 2922 1242 2975 τῶν
1279 2918 1606 2987 δοξαζόντων
1640 2918 1734 2971 ἐπὶ
1757 2919 1878 2979 ταῖς
1939 2917 2015 2968 οἰ-

449 3019 728 3090 κονομίαις
757 3017 980 3079 ταύταις
1016 3017 1108 3068 τὸν
1134 3013 1357 3084 Κύριον,
1394 3012 1487 3070 καί
1515 3026 1668 3072 τινας
1690 3010 1810 3063 κατ’
1838 3007 2016 3073 ὀλίγον

450 3080 592 3181 περὶ¹
629 3113 929 3181 ἱερωσύνης
1002 3080 1389 3168 συλλαλούντας
1448 3100 1764 3172 προϐάλλων
1831 3097 2020 3151 λοιπὸν
2048 3080 2087 3134 C

451 3199 884 3270 προμαντεύεται
942 3198 1111 3267 ταχὴν
1154 3197 1379 3249 θάνατον
1428 3194 1523 3246 τοῦ
1583 3192 1735 3252 ὄντος
1811 3188 2020 3259 ἱερέως,

452 3294 544 3345 καί
581 3291 656 3353 ὼς
688 3291 786 3342 οὐκ
839 3289 904 3342 ἂν
953 3287 1168 3359 ἐκφύγῃ
1216 3283 1384 3356 μυρία
1415 3285 1647 3354 ποιήσας
1676 3277 2020 3350 προστίθησι,

453 3385 545 3436 καὶ
574 3382 742 3444 οὕτως
776 3384 803 3433 ὁ
849 3380 1190 3447 ταλαίπωρος
1231 3376 1353 3438 νοῦς
1392 3375 1624 3435 ἐνδεθεὶς
1666 3373 1875 3435 τούτοις
1913 3373 2024 3434 τοῖς

452 3475 745 3543 λογισμοῖς,
772 3474 882 3533 τοῖς
925 3472 1021 3541 μὲν
1062 3469 1136 3540 μὴ
1176 3466 1630 3534 καταδεξαμένοις
1671 3464 1780 3517 τῶν
1823 3461 2026 3532 ἀνθρώ-

455 3580 568 3617 πων
623 3562 945 3630 διαμάχεται
974 3599 990 3623 ,
1062 3561 1172 3621 τοῖς
1226 3557 1283 3610 δὲ
1324 3556 1483 3608 τοῦτο
1532 3552 2020 3622 καταδεξαμένοις,

457 3656 682 3725 ἑτοίμως
713 3652 862 3723 δῶρα
888 3650 1191 3722 χαρίζεται,
1213 3649 1304 3702 καὶ
1336 3649 1433 3716 τῆς
1468 3645 1883 3716 εὐγνωμοσύνης
1929 3643 2026 3696 αὐο

454 3749 578 3808 τοὺς
600 3746 952 3815 ἀποδέχεται·
990 3743 1140 3805 τινὰς
1171 3741 1229 3793 δὲ
1259 3739 1718 3801 διστασιάζοντας,
1745 3737 1853 3797 τοῖς
1875 3736 2027 3788 δικα-

459 3841 611 3901 σταῖς
668 3835 1036 3906 παραδίδωσι,
1082 3835 1178 3887 καὶ
1228 3833 1327 3902 τῆς
1399 3830 1606 3893 πόλεως
1688 3827 2027 3895 ὲξορίζεσθαι

458 3927 859 3998 παραγγέλλειο
924 3923 1131 3977 τούτων
1174 3923 1231 3976 δὲ
1272 3923 1458 3975 λοιπὸν
1495 3921 1643 3973 ἔνδον
1689 3918 1893 3979 ὄντων,
1936 3916 2028 3968 καὶ

460 4020 838 4089 στρεφομένων
872 4016 980 4069 τῶν
1009 4016 1310 4086 λογισμῶν,
1336 4013 1499 4075 εὐθὺς
1527 4010 1621 4064 καὶ
1647 4013 1674 4063 ὁ
1699 4012 1794 4080 τῆς
1825 4010 2029 4077 ὕπερτΓ

462 4109 656 4177 φανίας
691 4108 975 4173 ἐφίσταται
1009 4106 1234 4176 δαίμων,
1280 4103 1567 4172 ἀστραπὰς
1612 4102 1854 4170 συνεχεῖς
1890 4098 2031 4151 κατὰ

460 4200 551 4253 τὸν
563 4199 702 4268 ἀέρα
727 4199 837 4269 τῆς.
855 4198 1048 4267 κέλλης
1064 4197 1269 4260 τυπῶν,
1286 4197 1378 4249 καὶ
1399 4195 1698 4264 δράκοντας
1721 4191 2031 4261 πτερωτοὺς

462 4289 815 4359 ἐπιπέμπων,
867 4288 984 4353 καὶ,
1032 4289 1094 4341 τὸ
1145 4288 1454 4341 τελευταῖον
1503 4286 1709 4349 κακὸν,
1775 4284 2032 4351 στέρησιν

2098 517 2360 578 bernatio,
2401 514 2750 570 manifestum
2775 523 2876 579 est,
2901 514 3044 583 quod
3071 513 3116 567 is
3147 528 3253 565 non
3284 512 3662 567 immorabitur

2098 609 2255 662 istam
2277 608 2656 675 cogitationem
2675 606 3066 676 contemplans,
3083 612 3137 659 et
3152 604 3395 659 causa‘ex
3414 606 3522 669 bis,
3543 622 3664 676 quin

2098 698 2371 763 dicuntur,
2398 698 2612 768 cognita
2641 696 2778 752 fuit:
2812 696 2867 751 Si
2905 697 3029 766 quis
3060 708 3238 750 autem
3256 696 3398 764 quod
3417 696 3486 752 sit
3513 699 3664 752 urbis

2098 798 2152 843 et
2179 789 2594 858 qualiscunque,
2633 800 2697 843 ac
2740 788 2993 843 similiter
3023 789 3243 857 cogitet,
3277 788 3322 843 is
3353 788 3544 844 beatus
3581 795 3667 843 est

2099 879 2167 933 ob
2191 879 2504 948 passionum
2537 879 2834 933 carentium
2862 896 2876 931 ι
2902 878 2982 932 sic
3011 878 3170 932 etiam
3206 878 3411 947 pariter
3455 880 3508 933 in
3543 881 3666 935 aliis

2102 968 2526 1038 cogitationibus
2552 968 2927 1036 hujuscemodi
2966 968 3181 1033 modus,
3226 969 3270 1023 si
3304 970 3664 1034 examinetur,

2100 1061 2483 1131 comperietur.
2517 1060 2643 1114 Ilaec
2685 1068 2863 1114 autem
2905 1062 3274 1118 necess:irium
3302 1073 3386 1117 est
3425 1065 3564 1119 scire
3601 1065 3668 1118 ad

2103 1162 2347 1205 nostram
2414 1149 2572 1221 535
2620 1152 2787 1205 animi
2839 1152 3212 1219 alacritatem;
3264 1170 3328 1209 ac
3384 1157 3567 1220 robur,
3613 1164 3675 1211 ut

2103 1257 2413 1305 noscamus,
2461 1252 2663 1306 utrum,
2720 1251 2814 1297 aut
2857 1242 3143 1299 Jordanem
3197 1247 3668 1315 pertransivlmus,

2104 1333 2389 1402 simusque
2434 1347 2600 1401 prepe
2646 1332 2963 1388 Phtenicum
3011 1336 3229 1400 urbem,
3266 1343 3358 1389 aut
3403 1334 3581 1389 adhuc
3616 1337 3672 1389 in

2105 1422 2402 1477 solitudine
2453 1423 2750 1493 degamus,
2805 1433 2859 1479 et
2900 1425 3174 1480 caedamur
3213 1427 3281 1480 ab
3328 1426 3668 1495 alienigenis.

2105 1513 2274 1567 Valde
2295 1514 2495 1584 quippe
2518 1525 2769 1570 versutus
2797 1527 2850 1569 et
2880 1515 3108 1572 callidus
3138 1517 3269 1571 mihi
3301 1517 3513 1572 videtur
3546 1532 3673 1573 ava-

2107 1604 2245 1659 ritiae
2274 1604 2509 1670 daemon,
2535 1607 2711 1676 adque
2739 1607 3112 1675 decipiendum
3159 1609 3462 1663 industrius
3490 1624 3552 1663 ac
3583 1623 3674 1663 so-

2108 1695 2235 1756 lers,
2269 1697 2361 1764 qui
2390 1697 2590 1765 saepius
2633 1707 2783 1752 arcte
2822 1710 3043 1767 pressus
3073 1715 3103 1753 a
3144 1714 3356 1754 summa
3390 1699 3672 1755 renuntia-

2111 1786 2254 1840 tione
2285 1788 2494 1853 mundi,
2527 1787 2811 1843 confestim
2845 1791 3130 1858 providum
3158 1788 3671 1853 administratorem,

2108 1884 2490 1946 amantemque
2510 1892 2807 1947 pauperum
2836 1881 3074 1944 simulat,
3102 1888 3157 1935 et
3185 1895 3300 1945 eos,
3318 1881 3409 1950 qui
3432 1880 3675 1935 nondum

2109 1967 2325 2031 adsunt,
2360 1968 2556 2036 hOSpes
2594 1970 2912 2038 generosius
2955 1970 3176 2040 excipit,
3207 1982 3263 2026 et
3293 1972 3415 2028 aliis
3441 1972 3679 2026 absenti-

2110 2057 2213 2111 bus
2244 2058 2409 2112 mittit
2431 2059 2820 2124 ministerium,
2856 2071 2910 2117 et
2937 2063 3120 2118 visitat
3147 2070 3394 2118 carceres
3421 2062 3590 2128 urbis,
3625 2068 3680 2115 et

2117 2147 2420 2202 divenditos
2452 2148 2702 2206 videlicet
2742 2153 2988 2216 redimit,
3038 2162 3090 2207 et
3140 2152 3402 2207 divitibus
3445 2152 3681 2207 adhaere-

2112 2234 2218 2290 scit
2250 2235 2592 2304 mulieribus,
2614 2246 2666 2291 et
2691 2254 2806 2303 eos,
2852 2241 2945 2310 qui
3001 2241 3263 2296 beneficio
3296 2240 3433 2295 aﬂici
3462 2241 3677 2304 debent,

2113 2326 2443 2395 subindicat,
2484 2338 2538 2383 et
2570 2345 2601 2383 e
2629 2329 2844 2385 diverso
2874 2331 3031 2396 alios,
3059 2331 3150 2401 qni
3177 2333 3511 2402 marsupium
3550 2347 3680 2402 pos-

2113 2417 2294 2471 sident
2317 2418 2655 2487 opulentum,
2708 2420 2983 2486 admonet,
3013 2430 3073 2475 ut
3103 2423 3303 2476 mundo
3326 2423 3635 2476 renuntient
3664 2437 3679 2475 :

2112 2509 2320 2579 sicque,
2343 2524 2465 2564 cum
2495 2510 2755 2580 paulatim
2783 2512 3020 2565 animam
3045 2510 3334 2583 deceperit,
3359 2513 3530 2583 ipsam
3558 2529 3686 2568 ava-

2115 2601 2254 2657 ritiae
2284 2602 2505 2673 subjicit
2534 2603 2977 2675 cogitationibus,
3025 2606 3294 2678 traditque
3331 2605 3563 2662 dae‘moni
3591 2622 3684 2661 va-

2119 2708 2202 2748 na:
2241 2694 2446 2764 gloriae.

2675 2807 2904 2864 CAPUT
2935 2807 3122 2863 XXIII.

2189 2915 2304 2969 Tali
2332 2924 2493 2985 pacto
2528 2916 2793 2983 (avaritiae
2829 2916 3063 2986 daemon)
3103 2917 3504 2974 multitudinem
3529 2919 3688 2974 indu-

2118 3007 2188 3060 cit
2211 3007 2604 3063 celebrantium
2635 3007 2924 3061 Dominum
2952 3008 3022 3062 ob
3043 3008 3207 3062 hasce
3232 3010 3484 3078 providas
3515 3012 3689 3066 admi-

2124 3096 2509 3163 nistrationes,
2562 3097 2932 3167 paulatimque
2981 3097 3306 3166 proferendo
3349 3099 3560 3169 aliquos
3621 3102 3691 3155 de

2126 3187 2428 3242 sacerdotio
2455 3189 2521 3240 ad
2555 3188 2787 3242 invicem
2822 3189 3216 3257 colloquentes,
3259 3189 3489 3243 celerem
3534 3191 3693 3244 dein-

2124 3277 2191 3331 de
2215 3287 2440 3331 mortem
2467 3280 2764 3333 sacerdotis
2791 3280 3107 3335 exsistantis
3128 3280 3476 3344 vaticinatur,
3524 3290 3692 3350 utque

2127 3382 2235 3422 non
2282 3367 2521 3437 etiugiat,
2567 3370 2734 3424 millia
2772 3371 3033 3439 edingens
3062 3371 3269 3440 adjicit,
3318 3371 3506 3440 sicque
3537 3387 3694 3427 mens

2127 3457 2315 3512 infelix
2335 3458 2496 3540 “hisee
2529 3458 2731 3528 illigata
2775 3460 3212 3529 cogitationibus,
3244 3472 3445 3532 pugnat
3473 3463 3693 3540 quidem

2130 3539 2628 3605 acriter-adversus
2661 3551 2908 3606 homines
2940 3561 3277 3617 recusantes,
3322 3553 3376 3608 id
3421 3569 3551 3609 vero
3581 3539 3697 3609 am-

2127 3640 2472 3708 plexantihus
2499 3641 2640 3695 dona
2668 3651 2914 3710 prompte
2942 3643 3187 3713 largitur,
3224 3644 3577 3716 ipsorumque
3605 3647 3698 3701 bo-

2128 3742 2255 3779 nam
2304 3739 2561 3793 mentem,
2590 3742 2684 3782 seu
2710 3728 2984 3794 virtutem,
3009 3746 3130 3799 qua:
3158 3733 3479 3787 beneficium
3517 3737 3700 3790 ﬁdem-

2130 3833 2237 3886 que
2261 3819 2456 3871 bonam
2486 3819 2752 3888 agnoscit,
2783 3819 3068 3886 approbat,
3105 3829 3160 3875 et
3188 3827 3529 3878 commendat
3561 3844 3575 3879 :
3604 3828 3698 3882 sed

2130 3919 2182 3962 et
2216 3907 2380 3979 536
2417 3909 2464 3962 si
2493 3908 2715 3977 quidam
2769 3908 3002 3977 litigent,
3054 3909 3217 3963 tradit
3255 3924 3352 3965 eos
3399 3911 3696 3983 iudicibus,

2131 4005 2461 4071 mandatque
2494 4009 2552 4055 ut
2580 4017 2645 4055 ex
2682 4001 2820 4055 urbe
2871 4000 3169 4054 multentur
3193 4001 3419 4055 exsilio:
3444 4012 3698 4060 caeterum

2134 4094 2282 4148 hisce
2312 4093 2732 4164 cogitationibus
2760 4091 2991 4146 interius
3022 4091 3432 4159 exsistentibus,
3473 4109 3538 4151 ac
3578 4112 3702 4151 ver-

2134 4185 2398 4248 santibus,
2429 4184 2611 4237 statim
2649 4182 2917 4251 superbia:
2941 4196 3157 4252 quoque
3187 4182 3420 4248 daemon,
3447 4188 3605 4254 quasi
3635 4203 3702 4242 ex

2134 4272 2349 4326 insidiis
2404 4280 2625 4340 repente
2662 4271 2859 4339 prodit,
2908 4270 3125 4340 fulgura
3172 4271 3430 4327 continua
3461 4274 3516 4327 in
3556 4277 3705 4330 cellae

460 4379 672 4449 φρενῶν
720 4376 1115 4448 ἐργαζόμενον,
1191 4375 1305 4429 ἀλλ’
1343 4376 1504 4446 ἡμεῖς
1549 4374 1758 4432 τούτοις
1788 4372 1903 4431 τοῖς
1944 4368 2021 4420 λοι

2140 4378 2265 4418 aere
2295 4363 2634 4432 imprimens,
2687 4363 2966 4432 alatosque
3010 4363 3276 4419 dracones
3328 4363 3550 4434 insuper
3581 4368 3710 4421 mit-.

460 4471 675 4538 γισμοῖς
714 4468 987 4521 ἀπώλειαν
1016 4466 1394 4545 ἐπευξάμενοι,
1435 4463 1550 4535 μετ’
1583 4461 1927 4534 εὐχαριστίας
1969 4462 2037 4529 τῇ

463 4561 622 4631 πενίᾳ
654 4560 1001 4629 συζήσωμεν,
1057 4576 1074 4609 ι
1097 4558 1262 4612 Οὐδὲν
1283 4558 1392 4628 γὰρ
1419 4556 1819 4626 εἰσηνέγκαμεν
1840 4554 1919 4614 είς
1948 4550 2038 4603 τὸν

461 4652 681 4722 κόσμον,
723 4652 842 4704 οὐδὲ
871 4650 1177 4716 ἐξενεγκεῖν
1207 4666 1258 4701 τι
1277 4648 1434 4718 δῆλον
1453 4648 1534 4700 ὅτι
1551 4644 1827 4715 δυνάμεθα
1846 4659 1859 4672 ⁸
1891 4642 2041 4711 ἔχον-

460 4754 550 4799 τες
591 4737 646 4790 δὲ
675 4737 911 4809 τροφὰς,
958 4737 1054 4788 καὶ
1094 4735 1485 4804 σκεπάσματα,
1524 4731 1733 4792 τούτοις
1770 4730 2040 4803 άρκεσθη-
2074 4761 2084 4767 ς

463 4826 683 4895 δύμεθα,
705 4846 722 4877 ι
750 4825 1087 4896 μεμνημένοι
1126 4826 1220 4878 καὶ
1236 4824 1470 4886 Παύλου,
1509 4822 1663 4894 ῥίζαν
1689 4821 1907 4873 πάντων
1930 4818 2038 4871 τῶν

460 4915 645 4967 κακῶν
684 4915 783 4983 τὴν
823 4913 1188 4984 φιλαργυρίαν
1227 4914 1493 4973 εἰπόντος.
1541 4912 1749 4973 Πάντες
1804 4910 1855 4961 οἱ
1900 4909 2037 4962 ἀκά-

463 5004 649 5073 θαρτοι
710 5003 963 5072 λογισμοὶ
1013 5003 1101 5055 διὰ
1144 5003 1211 5055 τὰ
1243 5001 1388 5070 πάθη
1424 5001 1763 5070 χρονίζοντες
1799 5001 1856 5051 ὲν
1884 5002 2034 5068 ἡμῖν,

463 5095 759 5161 κατάγουσι
796 5095 886 5146 τὸν
936 5093 1062 5147 νοῦν
1116 5097 1196 5158 εἰς
1250 5095 1504 5164 ὄλεθρον,
1564 5092 1658 5144 καὶ
1725 5091 2034 5143 ἀπώλειανο

464 5184 654 5254 ὥσπερ
684 5187 791 5253 γάρ
822 5185 880 5236 τὸ
916 5173 1095 5254 νόημα
1116 5186 1209 5238 τοῦ
1241 5188 1406 5255 ἄρτου
1443 5185 1680 5254 χρονίζει
1721 5187 1779 5236 ὲν
1814 5185 1891 5252 τῷ
1923 5200 2042 5235 πει-

463 5274 624 5326 νῶντι
669 5274 757 5327 διὰ
784 5274 881 5344 τὴν
918 5279 1128 5340 πεῖναν,
1184 5278 1281 5329 καὶ¹
1322 5277 1382 5329 τὸ
1422 5278 1595 5345 νόημα
1637 5276 1733 5328 τοῦ
1768 5274 1957 5337 ὓδατος
1987 5277 2043 5327 ὲν

463 5363 544 5434 τῷ
582 5364 805 5433 διψῶντι
857 5365 948 5418 διὰ
1010 5366 1107 5436 τὴν
1150 5367 1329 5435 δίψαν,
1374 5365 1517 5417 οὓτω
1558 5367 1651 5418 καὶ
1693 5368 1760 5418 τά
1798 5367 2044 5434 νοήματα

463 5451 575 5504 τῶν
605 5454 926 5521 κτημάτων,
962 5455 1054 5507 καὶ
1094 5454 1201 5506 τῶν
1231 5453 1551 5523 χρημάτων,
1578 5451 1817 5523 χρονίζει
1837 5453 1925 5505 διὰ
1948 5453 2046 5523 τὴν

466 5540 798 5607 πλεονεξίαν,
831 5546 926 5597 καλ⁵
954 5545 1021 5598 τά
1047 5547 1296 5615 νοήματα
1324 5543 1433 5595 τῶν
1465 5542 1784 5613 βρωμάτων,
1817 5544 1909 5597 καὶ
1938 5544 2045 5596 τῶν

546 5684 635 5738 ⁸τι
672 5685 812 5742 Tim.
847 5703 921 5751 γι,
953 5688 1007 5752 7,
1041 5688 1094 5741 8.
1171 5686 1216 5716 ιε
1255 5683 1385 5736 ibid.
1418 5682 1501 5734 to.

835 5782 1106 5841 PATROL.
1141 5779 1258 5838 GR.
1301 5773 1562 5835 LXXIX.

2142 4464 2279 4519 tens,
2315 4453 2570 4522 quodque
2599 4463 2900 4507 extremum
2957 4461 3039 4506 est
3069 4454 3294 4518 malum,
3330 4455 3530 4510 mentis
3576 4469 3706 4508 cau-

2137 4559 2268 4599 sans
2319 4546 2700 4613 privationem.
2734 4544 2845 4599 Nos
2875 4560 3027 4612 vero,
3062 4555 3244 4615 utpote
3297 4547 3386 4615 qui
3419 4548 3706 4616 cogitatio-

2139 4636 2300 4690 nibus
2335 4636 2455 4691 istis
2486 4636 2629 4690 luem
2660 4646 2981 4706 exoptamus
3004 4646 3058 4691 et
3092 4638 3391 4703 interitum,
3428 4654 3552 4694 cum
3579 4654 3707 4709 gra-

2138 4729 2334 4781 tiarum
2365 4728 2576 4783 actione
2599 4730 2900 4798 paupertati
2934 4730 3306 4784 convivamns.
3346 4748 3364 4781 ι
3386 4728 3531 4784 Nihil
3560 4732 3704 4785 enim

2144 4823 2195 4875 in
2240 4823 2387 4876 hunc
2442 4824 2705 4877 mundum
2760 4823 3065 4888 intulimus,
3122 4834 3175 4877 et
3228 4825 3576 4880 manifestum
3623 4833 3708 4880 est

2143 4912 2286 4982 quod
2320 4929 2419 4969 nec
2441 4914 2643 4984 aliquid
2675 4913 2885 4969 deferre
2929 4914 3249 4982 poterimus.
3289 4915 3558 4971 Habentes
3582 4933 3709 4971 Vero

2145 5005 2398 5059 alimenta
2427 5014 2481 5059 et
2504 5008 2841 5070 vestimenta,
2865 5005 2947 5059 his
2964 5007 3200 5059 contenti
3225 5007 3398 5061 simus
3414 5008 3490 5072 ";
3517 5023 3712 5062 memo-

2147 5107 2232 5147 res
2254 5102 2305 5146 et
2330 5091 2505 5156 Pauli,
2538 5094 2630 5162 qui
2678 5093 2915 5146 radicem
2955 5093 3207 5147 vitiorum
3255 5096 3494 5149 omnium
3530 5098 3710 5149 avari-

2146 5184 2274 5238 tiam
2333 5184 2757 5252 nuncupavit".
2812 5181 3014 5239 Omnes
3076 5184 3302 5253 impurae
3357 5188 3712 5256 cogitationes

2146 5276 2353 5333 diutino
2386 5288 2627 5344 tempore
2656 5276 2708 5330 in
2753 5278 2931 5339 nobis,
2965 5278 3034 5330 ob
3068 5277 3368 5345 passiones,
3411 5290 3711 5341 manentes,

2148 5365 2424 5419 deducunt
2479 5376 2711 5420 mentem
2776 5367 2830 5419 in
2889 5367 3242 5434 perditionem
3310 5378 3365 5421 et
3415 5369 3640 5422 exitium
3695 5389 3708 5423 :

2149 5458 2605 5525 quemadmodum
2641 5458 2783 5511 enim
2834 5457 3089 5526 cogitatio
3124 5457 3281 5527 panis
3313 5459 3403 5512 diu
3439 5468 3619 5514 manet
3660 5462 3715 5515 in

2150 5549 2424 5606 esuriente
2464 5556 2680 5617 pmptcr
2727 5548 2946 5613 famem,
2978 5558 3033 5603 et
3064 5549 3318 5617 cogitatio
3351 5567 3505 5620 aqua:
3539 5550 3591 5606 in
3641 5550 3717 5606 si-

3281 5780 3356 5841 39
