4066 6146
485 264 617 327 1‘32?

481 378 646 431 tiente
676 381 892 438 pmptcr
924 371 1068 425 sitim
1114 389 1126 424 :

479 464 834 532 pecuniarum
868 464 1169 529 perdurant
1202 472 1418 532 propter
1445 464 1796 531 cupiditatem
1839 463 2042 517 haben—

477 555 567 620 di;
601 562 656 607 ct
695 553 945 607 notiones
999 568 1273 617 escarmn,
1323 564 1373 607 et
1407 569 1619 616 carum,
1654 569 1774 622 qua:
1800 568 1863 606 ex
1908 554 2049 608 escis

477 644 785 713 pariuntur,
819 644 1058 709 turpium
1088 644 1501 713 cogitationum,
1547 646 1910 697 immorantur
1954 644 2047 698 diu

477 744 699 805 propter
729 735 1031 803 passiones.
1069 733 1266 788 Verum
1297 744 1352 789 et
1372 736 1423 788 in
1446 735 1869 805 cogitationibus
1902 751 2052 789 vanae

478 827 683 896 glorize,
723 835 885 895 atque
918 826 969 878 in
1022 826 1143 879 aliis
1178 826 1426 895 cogitatis
1454 826 1703 880 similiter
1734 827 1835 880 ista
1878 827 2051 879 clare-

479 927 653 973 scent.
701 917 839 971 Fieri
874 925 1052 971 autem
1089 932 1193 970 non
1233 926 1428 986 potest,
1458 918 1602 985 quod
1638 932 1792 972 mens
1838 919 1907 970 ab
1933 918 2051 972 istis

478 1005 645 1057 rebus
674 1004 962 1066 sutIocata,
1010 1003 1118 1057 Dco
1160 1011 1320 1068 astet,
1375 1001 1708 1072 justitiaaque
1758 1018 1957 1058 corona
1993 1020 2051 1058 se

479 1094 749 1149 redimiat.
784 1092 849 1148 Et
889 1108 954 1147 ex
985 1094 1069 1148 his
1117 1110 1309 1164 nempe
1352 1095 1769 1163 cogitationibus
1796 1096 2049 1150 deorsum

481 1194 658 1239 tracta
700 1186 1004 1239 miserrima
1032 1184 1120 1237 illa
1154 1200 1307 1238 mens
1351 1186 1404 1238 in
1431 1186 1733 1255 Evangeliis
1760 1186 1824 1250 ”,
1852 1185 2051 1239 Christi

480 1277 810 1345 cognitionis
877 1276 1164 1345 prandium
1219 1277 1538 1331 recusavit:
1584 1291 1883 1345 rursusque
1928 1276 2051 1340 ille,

479 1370 571 1437 qui
607 1368 891 1422 devinctus
931 1366 1035 1420 fuit
1067 1382 1263 1421 manus
1303 1376 1356 1420 et
1386 1366 1568 1435 pedes,
1603 1376 1764 1437 atque
1800 1369 1852 1420 in
1899 1376 2051 1421 tene-

480 1459 610 1511 bras
643 1458 941 1511 exteriores
988 1457 1279 1527 projectus,
1314 1457 1471 1527 537
1507 1472 1572 1512 ex
1619 1459 1735 1513 istis
1768 1459 2052 1528 cogitatio-

479 1546 642 1601 nibus
689 1548 1001 1601 subtextum
1040 1547 1269 1600 babebat
1308 1548 1704 1609 indumentum,
1734 1562 1918 1617 quem,
1959 1549 2052 1616 qui

476 1646 784 1701 vocaverat,
812 1637 1036 1691 minime
1062 1637 1285 1703 dignum
1314 1637 1685 1705 hujuscemodi
1711 1639 1912 1707 nuptiis
1931 1652 2052 1692 esse

1943 264 2000 322 S.
2029 264 2193 324 NI”

1177 372 1246 425 ita
1292 382 1361 425 ιλιι
1379 372 1607 440 cogitata
1657 372 1969 443 passionum
1993 382 2037 426 et

2147 376 2481 442 τικτομένων
2531 375 2770 446 αἰσχρῶν
2821 374 3095 445 λογισμῶν
3139 376 3202 429 ὲκ
3244 376 3353 429 τῶν
3402 377 3699 448 βρωμάτων,

3589 269 3703 335 1228

2152 465 2386 536 χρονίζει
2418 466 2508 518 διὰ
2532 466 2598 518 τά
2633 466 2800 534 πάθη.
2861 465 3020 518 ’Λλλά
3052 468 3146 519 καὶ
3190 468 3283 519 ἐπὶ
3311 467 3420 519 τῶν
3448 469 3542 537 τῆς
3570 487 3699 523 κενο·

2150 556 2328 621 δοξίας
2353 555 2648 625 λογισμῶν,
2680 557 2773 608 καὶ
2791 557 2883 608 ἐπὶ
2909 556 3016 608 τῶν
3041 555 3217 610 ἄλλων
3236 555 3513 626 λογισμῶν
3530 560 3703 628 ὁμοίως

2152 644 2620 715 φανερωθήσεται.
2687 644 2804 699 Οὐκ
2843 647 2958 698 ἐστι
2992 646 3049 700 δὲ
3083 646 3208 698 νοῦν
3271 647 3590 717 πνιγόμενον
3615 649 3706 703 ὑπὸ

2149 739 2406 792 τοιούτων
2447 740 2792 807 παραστῆναι
2838 736 2978 807 θεῷ,
3015 738 3109 790 καὶ
3152 738 3240 790 τὴν
3265 738 3364 806 τῆς
3388 738 3706 809 δικαιοσύνης

2151 828 2521 899 ἀναδήσασθαι
2569 829 2850 896 στέφανον.
2928 829 3021 880 Ἐκ
3050 829 3256 881 τούτων
3284 831 3395 899 γάρ
3434 829 3541 883 τῶν
3576 830 3705 897 λογισ-

2154 919 2304 987 σμῶν
2335 918 2763 986 κατασπώμενος
2787 918 2880 970 καὶ
2907 918 3112 979 ἐκεῖνος
3130 919 3158 969 ὁ
3174 921 3230 970 ἐν
3254 921 3363 977 τοῖς
3383 919 3707 985 Εὐαγγελίοις

2150 1006 2458 1077 τρισάθλιος
2498 1004 2642 1071 νοῦς,
2685 1006 2748 1059 τὸ
2784 1005 2882 1073 τῆς
2926 1004 3162 1076 Χριστοῦ
3206 1007 3461 1072 γνώσεως
3512 1007 3707 1077 ἄριστον

2154 1096 2505 1165 παρῃτήσατο
2526 1112 2541 1128 ο
2574 1095 2668 1149 καὶ
2708 1095 2869 1148 πάλιν
2917 1098 2945 1148 ὁ
2967 1095 3337 1164 δεσμούμενος
3380 1099 3586 1166 χεῖρας,
3631 1101 3709 1150 καὶ

2156 1189 2340 1251 πόδας,
2396 1188 2488 1239 καὶ
2539 1190 2620 1247 εἰς
2661 1187 2723 1238 τὸ
2777 1186 3038 1256 ἐξώτερον
3072 1189 3261 1248 σκότος
3301 1186 3618 1256 βαλλόμενος
3656 1191 3709 1242 ὲκ

2154 1277 2357 1329 τούτων
2383 1276 2488 1329 τῶν
2514 1275 3230 1352 λογισμῶνσκαθυφασμένον
3278 1273 3389 1346 εἶχε
3416 1278 3480 1330 τὸ
3507 1278 3709 1347 ἔνδυμα,

2153 1368 2321 1437 ὅνπερ
2373 1368 2475 1419 οὐκ
2522 1366 2673 1430 ἀξιον
2730 1367 2837 1418 τῶν
2888 1365 3144 1418 τοιούτων
3190 1367 3388 1436 γάμων
3419 1369 3447 1420 ό
3492 1366 3710 1431 καλέσας

2154 1457 2469 1525 ἀπεφήνατο
2493 1451 2629 1508 εἶναι
2648 1471 2660 1484 ·
2703 1454 2782 1507 διὸ
2807 1454 3012 1524 ἐνδυμά
3044 1456 3162 1508 ἐστι
3212 1457 3469 1525 γαμικιν,
3491 1457 3712 1510 ἀπάθεια

2153 1548 2329 1616 ψυχῆς
2379 1546 2600 1615 λογικῆς
2644 1545 2915 1616 κοσμικὰς
2967 1547 3354 1617 ἀρνησαμένης
3411 1546 3711 1616 ἐπιθυμίας.

2155 1637 2251 1699 Τίς
2281 1636 2338 1689 δὲ
2386 1638 2420 1705 ἠ
2454 1634 2603 1688 αίτία
2630 1634 2722 1688 τοῦ
2753 1635 2819 1688 τά
2841 1636 3088 1704 νοήματα
3113 1635 3221 1688 τῶν
3248 1635 3527 1706 αἰσθητῶν
3553 1653 3714 1707 πραγ-

477 1728 760 1795 respondit
790 1746 802 1782 :
832 1728 951 1782 ideo
975 1728 1230 1796 nuptialis
1260 1736 1341 1782 est
1372 1730 1539 1783 vestis
1566 1730 1803 1785 vacuitas
1832 1731 2037 1798 passio-

2149 1729 2355 1799 μάτων,
2390 1727 2708 1797 χρονίςοντα
2751 1725 3087 1797 διαφθείρειν
3124 1726 3225 1797 τῆν
3271 1727 3478 1796 γνῶσιν
3511 1729 3714 1799 εἴρηται

480 1836 608 1872 num
634 1822 829 1875 anima:
863 1821 1167 1884 rationalis,
1201 1822 1505 1877 mundanas
1543 1824 1879 1892 repudiantis
1909 1838 2042 1876 cou—

2148 1822 2207 1874 ὲν
2224 1824 2335 1884 τοῖς
2357 1822 2489 1892 περὶ
2518 1822 2829 1891 προσευχῆς
2866 1819 3207 1888 κεφαλαίοις.

485 1916 875 1983 cupisrcntias.
927 1916 1058 1981 Quae
1080 1932 1209 1970 vero
1256 1933 1419 1972 causa
1465 1919 1552 1982 sit,
1603 1918 1746 1987 quod
1785 1919 2015 1988 cogitata
2076 1916 2435 1983 sensibilium,
2486 1916 2691 1969 diutius
2735 1915 3079 1970 immorantia
3111 1914 3446 1984 diSperdant,
3495 1933 3565 1973 ac
3593 1920 3714 1987 peri.

478 2017 631 2064 mant
654 2010 1014 2079 cognitionem
1055 2026 1149 2066 seu
1178 2011 1448 2081 judicium
1485 2013 1539 2067 in
1574 2014 1823 2083 capitulis
1848 2014 1914 2069 de
1957 2014 2202 2069 oratione
2225 2013 2428 2069 dictum
2458 2011 2557 2067 fuit
2587 2026 2785 2066 rerum.

1036 2140 1265 2197 CAPUT
1295 2141 1489 2197 XXIV.

543 2248 929 2319 Oppositorum
992 2251 1182 2307 activae
1224 2253 1345 2308 vita:
1402 2255 1706 2311 daemonum
1768 2266 1879 2313 tres
1924 2269 2051 2313 sunt

473 2340 750 2409 principes
772 2341 825 2394 in
854 2342 1025 2410 prima
1058 2344 1203 2398 velut
1230 2344 1282 2398 in
1318 2346 1434 2401 acie
1477 2356 1699 2413 stantes,
1740 2364 1880 2419 quos
1917 2350 2047 2404 sub-

475 2431 725 2500 sequitur
744 2432 923 2487 omnis
963 2434 1387 2505 alienigenarum
1422 2441 1848 2503 castrametatio,
1887 2440 2049 2509 quive

474 2518 527 2571 in
560 2522 698 2575 bello
740 2524 897 2591 primi
919 2522 1173 2591 'stant,et
1201 2528 1411 2583 animas
1433 2544 1528 2598 per
1562 2531 1802 2600 impuras
1841 2532 2047 2602 c0gita~

474 2609 650 2662 tiones
680 2619 998 2677 provocant,
1044 2620 1098 2665 et
1142 2614 1421 2681 pelliciunt
1462 2615 1527 2669 ad
1575 2617 1836 2670 malitiam
1891 2617 2046 2671 nimi-

472 2714 592 2752 rum
626 2700 661 2751 ii
696 2701 787 2769 qui
827 2701 966 2771 gulae
998 2702 1387 2771 cupiditatibus
1424 2714 1665 2774 prirsunt
1698 2708 1776 2777 (ut
1810 2708 2049 2762 diximus

471 2790 648 2858 capite
672 2790 890 2859 primo),
922 2800 977 2846 et
1014 2791 1169 2862 iiqui
1198 2794 1355 2850 nobis
1394 2796 1677 2851 avaritiam
1729 2807 2043 2867 suggerunt,

469 2889 522 2932 et
553 2880 588 2934 ii
622 2881 715 2950 qui
758 2881 824 2936 ad
854 2883 1149 2938 humanam
1190 2886 1417 2956 gloriam
1452 2902 1555 2944 nos
1595 2889 1856 2944 excitant.
1892 2888 2045 2943 Desi-

467 2972 668 3027 derans
715 2972 878 3042 igitur
913 2988 1109 3044 puram
1150 2974 1383 3032 tundere
1427 2978 1755 3045 orationem,
1808 2995 1939 3035 cave
1975 2978 2046 3034 ab

471 3063 769 3130 iracundia,
804 3072 861 3119 et
903 3064 1133 3135 diligens
1169 3070 1588 3137 tentmrantiam
1643 3071 1861 3126 contine
1911 3085 2044 3126 ven-

468 3166 626 3219 trem,
666 3169 771 3210 non
821 3156 916 3210 des
957 3170 1152 3225 panem
1185 3156 1307 3212 alvo
1349 3169 1476 3223 tuae,
1497 3168 1552 3214 et
1601 3160 1654 3213 in
1692 3175 1830 3230 aqua
1865 3163 2042 3230 ipsum

465 3255 663 3311 attere,
693 3256 747 3300 ct
775 3245 973 3316 alllige,
997 3247 1161 3317 vigila
1184 3248 1238 3301 in
1262 3250 1530 3316 oratione,
1560 3266 1623 3306 ac
1646 3252 1904 3305 ultionem
1927 3252 2041 3307 sive

2712 2122 2967 2178 ΚΕΦΛΛ.
3008 2123 3133 2176 KA'.

2221 2238 2341 2291 Τῶν
2374 2236 2767 2306 ἀντικειμένων
2796 2235 3071 2306 δαιμόνων
3119 2237 3186 2305 τῇ
3224 2238 3507 2306 πρακτικῇ
3528 2277 3543 2299 ,
3581 2239 3717 2307 τρεῖς

2152 2331 2286 2383 εἰσιν
2337 2329 2600 2400 ἄρχοντες
2658 2327 3061 2396 πρωτοστάται,
3112 2321 3194 2389 οἷς
3239 2326 3431 2379 ἕπεται
3485 2329 3639 2381 στᾶσα
3685 2330 3713 2396 ἡ

2152 2422 2474 2495 παρεμϐολὴ
2508 2421 2617 2475 τῶν
2669 2419 3024 2491 ἀλλοφύλων,
3076 2419 3275 2483 οἵτινες
3323 2419 3542 2491 πρῶτοι
3587 2422 3717 2474 κατά

2149 2515 2239 2567 τὸν
2274 2513 2511 2582 πόλεμον
2537 2513 2782 2565 ἵστανται
2809 2551 2824 2575 ,
2857 2511 2953 2563 καὶ¹
2997 2510 3094 2575 τὰς
3128 2510 3306 2580 ψυχὰς
3329 2511 3417 2565 διὰ
3457 2514 3571 2566 τῶν
3592 2515 3716 2566 ἀκα-

2152 2604 2367 2675 θάρτων
2409 2602 2689 2672 λογισμῶν
2722 2599 3081 2654 ἐκκαλοῦνται
3111 2601 3247 2672 πρὸς
3276 2602 3377 2672 τὴν
3404 2605 3638 2657 κακίαν·
3671 2604 3716 2656 oi

2149 2696 2246 2760 τάς
2285 2695 2383 2765 τῆς
2429 2694 2877 2765 γαστριμαργίας
2915 2692 3126 2763 ὀρέξεις
3167 2696 3638 2764 πεπιστευμένοι,
3669 2695 3713 2746 oi

2150 2787 2249 2857 τὴν
2306 2787 2673 2857 φιλαργυρίαν
2721 2788 2854 2857 ἡμῖν
2896 2785 3326 2851 ὑποϐάλλοντες,
3372 2787 3475 2839 καὶ
3505 2789 3554 2839 οί
3590 2785 3713 2855 πρὸς

2148 2877 2248 2949 τὴν
2276 2877 2385 2930 τῶν
2418 2877 2721 2948 ἀνθρώπων
2746 2876 2904 2943 δόξαν
2930 2878 3078 2948 ἡμᾶς
3108 2876 3531 2947 ἐκκαλούμενοι.
3574 2878 3714 2930 Ἐπι-

2151 2969 2339 3040 θυμῶν
2369 2964 2462 3023 οὗν
2493 2968 2745 3040 καθαρᾶς
2770 2969 3081 3039 προσευχῆς
3100 3008 3114 3032 ,
3161 2968 3498 3038 διατήρησον
3531 2967 3715 3038 θυμὸν,

2150 3060 2245 3112 καὶ
2277 3059 2506 3129 ἀγαπῶν
2534 3058 2913 3129 σωφροσύνην,
2950 3059 3143 3129 κράτει
3180 3059 3423 3127 γαστρὸς
3449 3099 3463 3124 ,
3512 3058 3585 3128 μὴ
3617 3054 3714 3124 δῷς

2147 3151 2311 3221 ἄρτον
2376 3153 2441 3221 σῇ
2487 3150 2697 3220 κοιλίᾳ,
2768 3148 2863 3202 καὶ
2919 3150 2977 3201 ἐν
3038 3147 3192 3202 ὕδατι
3251 3146 3472 3201 ἕκθλισε
3530 3147 3713 3213 αὐτὴν,

2148 3238 2416 3310 ἀγρύπνει
2466 3239 2524 3291 ὲν
2570 3239 2886 3308 προσευχῇ,
2938 3237 3035 3290 καὶ
3085 3237 3460 3307 μνησικακίαν
3507 3235 3714 3305 μακράν

466 3337 784 3392 memoriam
836 3338 1158 3407 iniuriarum
1206 3341 1396 3407 procul
1444 3356 1474 3393 a
1526 3347 1581 3394 te
1629 3342 1848 3410 repelle,
1877 3343 2037 3397 verba

2149 3328 2373 3397 ποίησον
2404 3326 2512 3380 ἀπὸ
2544 3327 2640 3380 σοῦ
2668 3366 2683 3391 ,
2718 3325 2867 3393 λόγοι
2898 3324 3215 3394 Πνεύματος
3244 3324 3403 3391 ἁγίου
3438 3323 3518 3395 μὴ
3547 3323 3713 3376 ἐκλει-

466 3427 703 3496 Spiritus
734 3427 910 3482 sancti
941 3441 1049 3481 non
1070 3427 1325 3483 deﬁciant
1354 3445 1382 3483 a
1410 3439 1478 3495 te,
1505 3430 1758 3500 foresque
1798 3429 2042 3501 Scriptu-

466 3534 649 3572 rarum
694 3520 848 3586 pulsa
879 3518 1131 3573 manibus
1167 3518 1451 3584 virtutum,
1503 3530 1635 3577 tunc
1686 3522 1893 3577 orietur
1946 3524 2039 3578 tibi

464 3609 645 3664 cordis
705 3607 996 3662 affectuum
1052 3610 1329 3675 vacuitas,
1398 3620 1747 3682 mentemque
1802 3614 2037 3669 similem

461 3700 626 3754 astris
650 3699 703 3753 in
730 3699 977 3754 oratione
1001 3700 1310 3770 perspicies.
1370 3700 1413 3754 E
1435 3703 1751 3759 unctionibus
1787 3707 2034 3774 quaedam

461 3797 610 3850 sunt,
646 3802 768 3858 qua!
804 3788 976 3841 nostri
1020 3788 1186 3842 animi
1219 3789 1579 3860 principatum
1626 3791 1946 3862 imprimunt
1972 3808 2037 3848 ac

458 3878 714 3943 formant,
771 3887 825 3932 et
871 3878 1125 3950 ﬁgurant,
1186 3883 1435 3951 quaedam
1486 3899 1617 3939 vero
1666 3887 2034 3955 cognitionem

457 3968 800 4024 solummodo
835 3970 1094 4039 praebent,
1127 3972 1296 4026 menti
1321 3973 1536 4043 signum
1559 3990 1667 4028 non
1699 3976 2031 4044 imprimen-

459 4069 559 4113 tes.
592 4059 820 4125 Etenim,
859 4061 971 4115 rln
1018 4060 1285 4131 principio
1346 4072 1466 4123 erat
1522 4064 1772 4128 Verbum,
1806 4074 1859 4118 ct
1898 4063 2032 4119 Ver-

455 4153 584 4206 bum
617 4161 734 4206 erat
760 4152 900 4220 apud
943 4152 1110 4206 Deum
1128 4151 1196 4212 ‘°,
1230 4171 1248 4203 ι
1274 4153 1498 4223 deponit
1522 4154 1742 4223 quidem
1769 4155 1823 4209 in
1865 4155 2029 4209 corde

369 4272 377 4299 :
454 4243 751 4306 notionem,
782 4257 887 4296 non
920 4251 1098 4295 tamen
1127 4238 1291 4310 538
1317 4242 1492 4310 ipsum
1521 4241 1736 4309 ﬁgurat,
1752 4256 1925 4310 neque
1953 4242 2030 4294 si-

452 4345 576 4404 gnat
602 4332 976 4401 impressione.
1013 4329 1104 4385 Sic
1139 4351 1156 4381 ι
1199 4331 1471 4399 accipiens
1494 4331 1804 4398 panem“,o
1836 4329 2031 4399 ﬁgurat

451 4434 707 4488 mentem,
742 4430 799 4477 et
837 4441 855 4472 ι
888 4420 1114 4491 fregisse
1134 4423 1178 4453 ι’
1203 4461 1219 4487 ,
1246 4439 1263 4471 ι
1297 4420 1561 4488 imprimit
1590 4420 1756 4473 menti
1786 4420 2023 4490 signum.

450 4513 675 4578 Verum,
705 4532 722 4564 ι
762 4509 883 4566 Vidi
912 4510 1199 4564 Dominum
1246 4509 1523 4563 sedentem
1554 4524 1717 4579 super
1764 4511 2021 4565 thronum

449 4606 721 4657 excelsum
756 4610 810 4655 ct
860 4598 1210 4662 cleratum“,
1247 4617 1264 4648 ι
1308 4598 1569 4667 imprimit
1607 4601 1772 4653 menti
1806 4600 2021 4670 signum

2146 3415 2396 3468 πέτωστὶν
2432 3431 2515 3478 σε,
2555 3415 2648 3468 καὶ
2681 3413 2851 3486 θύρας
2893 3412 3060 3484 κροῦε
3089 3412 3276 3482 χερσὶν
3317 3413 3556 3482 ἀρετῶν.
3588 3412 3713 3462 Τότε

2145 3505 2395 3558 άνατελεϊ
2421 3521 2505 3557 σοι
2529 3504 2759 3575 καρδίας
2789 3503 3027 3558 ἀπάθεια
3056 3544 3071 3568 ,
3102 3502 3199 3556 καὶ
3236 3501 3363 3555 νοῦν
3391 3499 3712 3571 ἀστεροειδῆ

2142 3596 2262 3665 ὄψει
2294 3597 2353 3650 ὲν
2386 3598 2685 3667 προσευχῇ.
2729 3595 2850 3648 Τῶν
2884 3595 3196 3665 νοημάτων,
3226 3591 3298 3645 τά
3338 3592 3440 3661 μὲν
3472 3593 3634 3644 τυποῖ
3658 3590 3716 3641 τὸ

2141 3687 2468 3758 ἡγεμονικὸν
2498 3687 2691 3758 ἡμῶν,
2733 3686 2829 3739 καὶ
2879 3681 3245 3755 σχηματίζει,
3299 3683 3367 3738 τά
3407 3683 3469 3736 δὲ
3513 3681 3713 3750 γνῶσιν

2144 3780 2304 3850 μόνον
2330 3779 2561 3850 παρέχει
2596 3777 2669 3848 μὴ
2696 3777 2971 3829 τυποῦντα
3013 3776 3105 3829 τὸν
3132 3776 3290 3841 νοῦν,
3327 3774 3464 3845 μηδὲ
3504 3790 3715 3843 σχημα-

2137 3870 2373 3933 τίζοντα.
2404 3869 2477 3921 Τὸ
2506 3867 2634 3937 γὰρ,
2676 3885 2694 3918 ι
2741 3868 2828 3919 Ἐν
2859 3868 3001 3937 ἀρχῇ
3037 3862 3105 3937 ἦν
3134 3869 3163 3920 ὁ
3191 3866 3397 3934 Λόγος,
3431 3868 3533 3920 καὶ
3558 3869 3588 3918 ό
3610 3852 3713 3917 ’Λό-

2137 3978 2230 4029 γος
2252 3956 2319 4029 ἧν
2355 3961 2489 4029 πρὸς
2513 3959 2604 4013 τὸν
2636 3959 2792 4025 Θεὸν,
2838 3978 2856 4011 ι
2901 3957 3278 4012 ἐναποτίθεται
3311 3957 3411 4027 μέν
3446 3974 3505 4011 τι
3536 3958 3715 4026 νόημα

2134 4054 2200 4121 τῇ
2235 4052 2434 4122 καρδία
2454 4091 2469 4113 ,
2512 4052 2573 4103 οὐ
2614 4052 2720 4120 μὴν
2751 4050 3078 4120 σχηματίζει
3107 4049 3280 4119 αὐτὴν
3302 4089 3318 4114 ,
3367 4050 3496 4103 οὐδὲ
3529 4049 3712 4100 τυποῖ.

2135 4145 2207 4197 Τὸ
2235 4144 2357 4212 μὲν,
2394 4163 2411 4193 ι
2447 4140 2639 4195 Λαϐὼν
2688 4142 2875 4212 ἄρτον,
2911 4160 2929 4193 ι
2968 4142 3298 4212 σχηματίζει
3328 4140 3420 4194 τὸν
3449 4140 3617 4203 νοῦν,
3656 4139 3716 4191 τὸ

2132 4234 2213 4297 δὲ,
2244 4252 2261 4280 ι
2291 4235 2512 4298 κλάσαι,
2544 4251 2562 4284 ι
2593 4232 2755 4286 πάλιν
2785 4234 2946 4285 τυποί
2972 4232 3063 4284 τὸν
3094 4232 3242 4286 νοῦν.
3274 4231 3347 4283 Τὸ
3373 4234 3457 4297 δὲ,
3499 4253 3518 4283 ι
3561 4228 3715 4284 Εἶδον

2130 4323 2220 4376 τὸν
2256 4323 2460 4393 Κύριον
2502 4320 2810 4391 καθήμενον
2835 4321 2930 4374 ἐπὶ
2964 4321 3152 4391 θρόνου
3198 4321 3405 4391 ὑψηλοῦ
3432 4361 3450 4386 ,
3487 4322 3593 4375 καὶ
3621 4324 3716 4374 ἑπ-

2128 4416 2392 4485 ηρμένου,
2428 4434 2447 4465 ι
2483 4416 2644 4466 τυποῖ
2674 4413 2764 4466 τὸν
2802 4413 2928 4466 νοῦν
2971 4412 3141 4485 χωρὶς
3187 4413 3281 4466 τοῦ
3309 4454 3324 4477 ,
3364 4435 3381 4465 ι
3418 4410 3587 4468 Εἶδον
3625 4413 3713 4466 τὸν

2128 4506 2354 4577 Κύριον,
2392 4524 2410 4557 ι
2452 4507 2544 4559 καὶ
2576 4505 2637 4558 τὺ
2671 4505 2770 4575 μὲν
2806 4505 2969 4575 ῥητὸν
2997 4505 3143 4558 δοκεῖ
3176 4504 3387 4559 τυποῦν
3418 4506 3521 4558 τὸν
3564 4504 3712 4568 νοῦν,

2127 4600 2186 4652 τὸ
2213 4598 2269 4652 δὲ
2306 4601 2592 4669 σημαῖνον,
2619 4598 2680 4650 οῦ
2716 4601 2901 4650 τυποῖ.
2945 4596 3189 4667 Ἐώρακε
3222 4596 3332 4667 γὰρ
3372 4595 3713 4669 προφητικῷ

446 4697 565 4748 sine
611 4712 632 4745 ι
670 4692 776 4749 vidi
806 4690 1119 4751 Dominum,
1155 4708 1173 4741 ι
1220 4698 1274 4742 et
1320 4688 1526 4744 dictum
1557 4690 1774 4758 quidem
1809 4691 2023 4745 videtur

2141 4689 2394 4759 ίφθαλμῷ
2443 4690 2543 4757 τὴν
2605 4691 2769 4758 φύσιν
2820 4690 2917 4759 τὴν
2977 4689 3201 4759 λογικὴν
3248 4689 3573 4758 ὑψωθεῑσαν
3627 4688 3715 4742 διὰ

445 4782 758 4850 imprimere
803 4778 1022 4848 aliquod
1066 4778 1281 4847 signum
1318 4778 1507 4840 menti,
1541 4778 1685 4846 quod
1720 4787 1901 4833 autem
1945 4781 2019 4834 si-

446 4870 682 4940 gniﬁcat,
713 4883 815 4921 non
859 4865 1156 4934 imprimit;
1191 4865 1318 4919 vidit
1353 4866 1548 4934 quippe
1584 4867 1743 4919 oculo
1790 4868 2020 4936 prophe-

445 4964 552 5014 tico
587 4968 833 5014 naturam
876 4957 1195 5011 rationalem
1227 4956 1516 5022 elevatam,
1579 4972 1700 5026 quae
1756 4958 2014 5025 practice.

442 5068 538 5112 seu
569 5048 1109 5116 actualitersnscepit
1146 5047 1197 5101 in
1238 5062 1298 5101 se
1326 5046 1439 5115 ipsa
1484 5048 1852 5115 cognitionem
1888 5045 2011 5107 Dei;

444 5143 514 5196 ibi
549 5156 782 5208 namque
826 5140 1025 5193 dicitur
1080 5136 1270 5191 sedere
1308 5137 1469 5201 Deus,
1511 5138 1603 5190 ubi
1637 5137 2009 5205 dignoscitur;

440 5234 563 5288 ideo
590 5246 723 5301 pura
747 5246 899 5284 mens
932 5230 1131 5284 dicitur
1170 5229 1262 5282 Dei
1305 5228 1553 5281 thronus.
1598 5226 1804 5280 Dicitur
1830 5236 2008 5278 autent

437 5333 494 5375 et
527 5323 740 5387 mulier,
783 5322 1013 5374 thronus
1044 5319 1343 5383 dedecoris,
1370 5319 1487 5371 loco
1509 5317 1742 5377 dicendi,
1766 5316 1910 5384 quod
1940 5317 2011 5370 sit

445 5413 815 5479 animajustas
841 5426 927 5463 res
952 5412 1077 5462 odio
1106 5408 1340 5473 habens;
1371 5407 1606 5462 dedecus
1632 5422 1758 5460 vero
1785 5407 2002 5476 animae,

525 5586 569 5617 δ’
601 5584 787 5637 Matth.
833 5598 963 5647 χχιι,
992 5584 1142 5637 εσιι.
1225 5584 1445 5637 u’Joan.
1479 5599 1517 5645 ι,
1562 5582 1612 5635 l.

2126 4783 2432 4849 πρακτικῆς
2466 4780 2763 4848 δεξαμένην
2796 4782 2852 4831 ἐν
2882 4782 3047 4847 ἑαυτῇ
3092 4779 3191 4848 τὴν
3234 4779 3437 4846 γνῶσιν
3466 4779 3577 4850 τὴν
3614 4777 3710 4831 τοῦ

2122 4871 2277 4924 Θεοῦ.
2324 4871 2469 4921 Ἑκεί
2500 4870 2607 4938 γὰρ
2656 4870 2873 4935 λέγεται
2901 4867 3232 4931 καθέζεσθαι
3264 4867 3416 4929 θεὸς,
3444 4868 3586 4922 ἔνθα
3627 4885 3713 4934 γι-

2122 4959 2417 5019 νώσκεται,
2442 4956 2575 5009 διότι
2607 4957 2699 5009 καὶ
2737 4957 2924 5027 θρόνος
2954 4955 3171 5023 λέγεται
3198 4957 3333 5011 Θεοῦ
3363 4958 3497 5020 νοῦς
3528 4959 3708 5011 καθα-

2122 5049 2232 5115 ρός.
2263 5048 2492 5112 Λέγεται
2517 5048 2571 5099 δὲ
2603 5050 2694 5100 καὶ
2724 5048 2906 5116 θρόνος
2941 5048 3165 5115 ἀτιμίας
3209 5049 3383 5117 γυνὴ,
3416 5049 3553 5102 ἀντὶ
3580 5048 3704 5110 τοῦ,

2119 5137 2265 5205 ψυχὴ
2316 5137 2548 5205 μισοῦσα
2577 5136 2779 5198 δίκαια,
2824 5136 3020 5204 ἀτιμία
3068 5135 3122 5188 δὲ
3164 5136 3338 5205 ψυχῆς
3366 5139 3570 5204 κακία,
3615 5139 3708 5190 καὶ

2119 5225 2376 5292 ἀγνωσία.
2421 5227 2493 5278 Τὸ
2528 5227 2707 5277 τοίνυν
2764 5228 2940 5295 νόημα
2984 5225 3076 5277 τοῦ
3126 5227 3283 5293 Θεοῦ,
3325 5228 3426 5280 οὐκ
3486 5231 3550 5280 ἐν
3593 5230 3707 5290 τοῖς

2116 5315 2345 5367 τυποῦσι
2391 5317 2483 5368 τὸν
2515 5316 2660 5379 νοῦν,
2711 5315 2848 5368 ἀλλὰ
2891 5317 3006 5378 τοῖς
3042 5318 3278 5385 νοήμασι
3321 5319 3436 5380 τοῖς
3488 5319 3571 5387 μὴ
3609 5335 3704 5369 τυ·

2117 5405 2276 5456 ποῦσι
2315 5406 2405 5457 τὸν
2431 5406 2574 5458 νοῦν,
2612 5407 2757 5457 Διότι
2782 5405 2873 5459 τὸν
2910 5409 3341 5477 προσευχόμενον
3364 5406 3454 5460 δεῖ
3485 5406 3704 5461 παντά-

1690 5583 1731 5612 "
1776 5581 1966 5636 Matth.
2006 5599 2155 5649 uri,
2187 5581 2275 5637 26.
2354 5584 2398 5615 ⁸³
2427 5581 2559 5636 ibid.
2638 5582 2684 5614 "
2720 5583 2824 5639 lsa.
2867 5598 2938 5649 τι,
2976 5584 3026 5639 l.

3384 5656 3429 5679 Ι
