4066 6146
466 314 598 376 Ιὲἓῖ)

1484 311 1582 374 DE
1639 312 2009 375 MALIGNIS
2041 315 2698 380 COGITATIONIBUS.

3571 317 3703 381 1230

459 449 595 485 πασι
652 430 986 499 χωρίζεσθαι
1018 430 1123 482 τῶν
1147 428 1461 483 τυπούντων
1488 430 1579 483 τὸν
1609 432 1760 485 νοῦν.
1798 434 1907 485 Καὶ
1945 431 2040 502 ζη-

2146 434 2348 488 tnalitia
2371 444 2472 498 est,
2500 445 2553 490 et
2588 434 2913 505 ignorantia.
2957 433 3118 488 Notio
3146 432 3308 505 igitur
3353 431 3447 485 Dei
3486 447 3589 486 non
3620 432 3707 486 in-

458 525 664 593 τήσεις,
694 522 876 591 εἴπερ,
930 521 1004 584 ὼς
1031 519 1142 590 ἔχει
1194 521 1287 572 ἐπὶ
1315 522 1424 573 τῶν
1482 524 1777 590 σωμάτων,
1808 524 1901 575 καὶ
1928 522 2041 575 τῶν

458 612 735 682 λογισμῶν
764 610 975 675 αὐτῶν,
1012 609 1185 673 οὕτως
1225 610 1366 681 ἔχει,
1418 615 1510 665 καὶ
1539 614 1630 666 ἐπὶ
1670 614 1779 665 τῶν
1811 614 2038 683 ἀσωμάο

460 723 587 769 των,
624 703 717 757 καὶ
749 703 855 755 τῶν
890 700 1062 769 λόγων
1090 701 1291 763 αὐτῶν,
1342 703 1436 754 καὶ
1478 703 1652 766 ἄλλως
1682 704 1781 770 μὲν
1829 705 1857 754 ὁ
1915 702 2040 766 νοῦς

458 796 840 864 τυπωθήσεται
894 793 1038 863 ὁρῶν
1087 789 1235 856 νοῦν,
1291 795 1387 846 καὶ
1429 793 1605 856 ἄλλως
1657 794 2041 864 διατεθήσεται

459 887 599 957 ὁρῶν
645 887 737 939 τὸν
782 878 941 951 λόγον
981 882 1183 950 autcf);
1242 880 1522 939 Ἐντεῦθεν
1570 885 1627 937 δὲ
1673 884 2039 954 γινώσκομεν,

459 979 576 1043 πῶς
607 981 640 1050 ἠ
669 978 872 1046 γνῶσις
904 980 937 1048 ἡ
967 979 1314 1047 πνευματικὴ
1336 978 1625 1048 ,ἀφίστησι
1656 976 1748 1029 τὸν
1780 977 1904 1029 νοῦν
1934 975 2039 1028 τῶν

458 1071 747 1140 νοημάτων
778 1067 887 1121 τῶν
920 1068 1239 1121 τυπούντων
1266 1067 1449 1130 αὑτὸν,
1476 1066 1762 1120 ἀτύπωτον
1790 1067 1849 1119 δὲ
1878 1066 2040 1121 αὐτὸν

460 1161 759 1232 παρίστησι
798 1159 875 1229 τῷ
905 1159 1024 1229 Θεῷ
1043 1198 1058 1221 ,
1091 1156 1226 1211 διότι
1256 1156 1317 1210 τὸ
1340 1155 1434 1209 τοῦ
1465 1154 1601 1209 Θεοῦ
1636 1157 1821 1227 νόημα
1850 1157 1952 1210 οὐκ
1982 1159 2040 1210 ἐν

460 1257 572 1317 τοῖς
605 1251 871 1306 τυποῦσίν
898 1252 1047 1317 ἐστιν
1074 1267 1086 1279 ο
1115 1251 1178 1302 οὐ
1209 1250 1317 1320 γάρ
1344 1251 1462 1302 ἐστι
1486 1248 1644 1318 σῶμα
1683 1253 1711 1301 ὁ
1739 1249 1891 1315 Θεὸς,
1923 1250 2039 1304 ἀλλ’

463 1344 519 1396 ἐν
547 1346 660 1404 τοῖς
691 1341 766 1412 μὴ
797 1341 1027 1393 τυποῦσι
1066 1340 1288 1411 μᾶλλον.
1326 1341 1497 1394 Πάλιν
1518 1342 1629 1392 τῶν
1665 1341 2040 1412 θεωρημάτων

462 1433 570 1485 τῶν
602 1435 677 1503 μὴ
705 1432 1016 1496 τυπούντων
1046 1433 1134 1483 τὸν
1163 1430 1309 1493 νοῦν,
1340 1431 1407 1483 τά
1436 1431 1534 1499 μὲν
1558 1431 1747 1484 οὐσίαν
1780 1433 2039 1500 σημαίνει

467 1524 793 1593 ἀσωμάτων,
827 1524 894 1576 τά
932 1523 988 1575 δὲ
1037 1523 1163 1585 τοὺς
1201 1521 1399 1587 λόγους.
1429 1521 1608 1574 αὐτῶν
1631 1538 1644 1551 ⁸
1695 1525 1789 1575 καὶ
1821 1524 1919 1592 οὐχ
1965 1522 2040 1583 ὡς

465 1614 687 1666 ἐπὶτῶν
718 1613 985 1683 σωμάτων
1018 1611 1327 1682 συμϐαίνει,
1358 1610 1500 1663 οὓτω
1524 1611 1621 1664 καὶ
1647 1610 1870 1665 ἐπὶτῶν
1898 1616 2039 1666 ἀσω-

470 1706 688 1774 μάτων·
733 1706 825 1758 ἐπὶ
872 1705 970 1775 μὲν
1001 1704 1110 1774 γάρ
1144 1704 1251 1756 τῶν
1282 1703 1550 1773 σωμάτων
1586 1702 1655 1756 τὰ
1706 1703 1801 1771 μὲν
1836 1702 2036 1756 ὲτύπου

466 1796 555 1848 τὸν
585 1796 707 1848 νοῦν
732 1836 747 1861 ,
779 1796 849 1849 τά
879 1796 934 1849 δὲ
964 1797 1065 1849 οὐκ
1103 1794 1305 1848 ὲτύπου
1327 1810 1340 1823 ·
1384 1791 1622 1847 ἐνταῦθα
1644 1858 1649 1869 ν
1668 1792 1726 1846 δὲ
1758 1791 2037 1863 οὐδέτερον

465 1885 641 1957 νόημα
673 1890 763 1940 τὸν
799 1886 919 1940 νοῦν
944 1888 1126 1940 τυποῖ.

2143 526 2392 579 venietur
2431 525 2569 580 inter
2596 527 2867 591 notiones,
2898 541 3019 596 qua:
3051 525 3216 580 menti
3257 525 3469 595 signum
3514 524 3705 593 impri—

2143 623 2317 680 tnunt,
2350 615 2708 681 veruminter
2755 614 3023 677 notiones.
3064 630 3186 684 qua:
3224 628 3333 668 non
3392 613 3710 682 imprimunt

2142 697 2360 771 aliquod
2391 702 2603 773 signum
2640 706 2827 759 menti.
2881 702 3104 774 Oportet
3150 702 3296 758 enim
3346 701 3493 773 quod
3526 704 3572 758 is
3611 703 3708 772 qui

2141 802 2263 846 orat
2289 808 2413 848 sese
2442 795 2681 849 totalitcr
2733 812 2760 848 a
2814 796 3127 850 unctionibus
3174 802 3406 864 separet,
3453 798 3710 864 querim-

2141 871 2384 954 primunt
2427 886 2639 956 signum
2687 888 2873 940 menti.
2915 887 2980 941 Et
3022 886 3262 955 inquires
3316 901 3407 951 an,
3443 894 3504 939 ut
3529 900 3588 940 se
3623 900 3712 939 res

2142 974 2305 1031 habet
2351 976 2405 1030 in
2471 959 2812 1046 corporibus,
2861 978 3217 1046 ipsorumque
3263 974 3708 1044 cogitationibus,

2142 1065 2220 1120 sic
2263 1081 2321 1120 se
2387 1066 2584 1121 haheat
2639 1067 2801 1121 (tiam
2861 1067 2915 1120 in
2965 1066 3318 1135 incorporeis,
3362 1065 3710 1134 ipsorumque

2141 1160 2411 1230 cogitatis,
2465 1175 2560 1214 seu
2598 1159 2974 1229 conceptibus,
3025 1166 3078 1213 et
3122 1158 3259 1213 alias
3285 1157 3505 1227 quidem
3556 1170 3712 1209 mens

2142 1251 2330 1306 videns
2383 1260 2615 1306 mentem
2681 1251 3025 1316 informetur,
3082 1264 3177 1304 seu
3250 1249 3617 1318 imprimatur,
3659 1252 3716 1300 et

2140 1343 2277 1397 alias
2316 1342 2637 1410 disponatur
2685 1341 2874 1397 videns
2913 1343 3084 1411 ipsius
3117 1339 3481 1410 conceptum?
3506 1338 3715 1393 Exinde

2140 1450 2267 1488 vero
2323 1436 2725 1503 cognoscimus,
2787 1434 3064 1504 quomodo
3129 1432 3368 1501 cognitio
3414 1429 3715 1499 spiritualis

2140 1534 2373 1578 mentem
2421 1536 2632 1594 separet
2698 1542 2729 1578 a
2783 1525 3119 1591 notionibus,
3168 1540 3288 1593 qua:
3346 1520 3449 1591 ipsi
3495 1521 3715 1589 signum

2141 1612 2479 1681 imprimunt,
2512 1627 2742 1681 eamque
2788 1612 2950 1667 sistat
2989 1612 3098 1668 Deo
3153 1612 3303 1666 omni
3355 1608 3717 1679 impressione

2139 1713 2449 1768 carentem;
2482 1704 2608 1772 quia
2652 1705 2905 1759 nimirum
2930 1705 3080 1758 notio
3099 1704 3164 1758 de
3196 1703 3300 1757 Deo
3328 1717 3437 1756 non
3463 1712 3548 1756 est
3575 1700 3717 1754 inter

2146 1794 2397 1849 notiones
2430 1795 2803 1864 imprimentes
2846 1796 3063 1865 aliquod
3111 1796 3324 1864 signum
3377 1793 3564 1859 menti,
3616 1804 3719 1845 nec

2064 1878 2112 1938 Β
2143 1885 2292 1940 enim
2336 1885 2479 1941 Deus
2533 1895 2617 1941 est
2659 1902 2876 1956 corpus,
2909 1885 3004 1941 sed
3046 1887 3219 1957 magis
3251 1887 3391 1940 inter
3449 1898 3564 1947 eas,
3593 1893 3719 1951 quae

467 1994 573 2034 non
596 1982 936 2051 imprimunt.
968 1981 1179 2036 Rursus
1209 1994 1240 2034 e
1278 1960 1856 2048 contemplationibus,
1880 1990 2003 2045 quae
2040 1978 2206 2031 menti
2238 1994 2344 2033 non
2376 1979 2695 2049 imprimunt
2715 1984 2953 2054 signum,
2980 1984 3177 2052 aliqum.
3196 1980 3415 2050 quidem
3444 1977 3606 2049 539
3627 1992 3720 2031 es-

465 2073 694 2127 sentiam
753 2072 1057 2142 significant
1132 2071 1603 2138 incorporeorum,
1650 2068 1847 2137 aliquae
1901 2083 2030 2122 vero
2067 2069 2308 2125 rationes
2349 2072 2628 2141 ipsorum;
2694 2090 2873 2145 neque
2936 2075 3093 2130 sicuti
3124 2073 3391 2144 contingit
3422 2072 3478 2126 in
3518 2086 3719 2141 corpo-

466 2165 639 2228 ribus,
673 2165 742 2219 ita
766 2175 819 2219 et
845 2166 897 2219 in
929 2164 1343 2234 incorporeislit
1368 2182 1381 2217 :
1411 2163 1462 2216 in
1492 2162 1815 2231 corporibus
1874 2165 2071 2218 etenim
2111 2165 2217 2219 alia
2260 2165 2480 2236 quidem
2557 2170 2721 2222 menti
2761 2172 2974 2240 signum
3019 2170 3401 2240 imprimcbant
3449 2169 3549 2240 (ut
3573 2166 3733 2221 dixi-‘

468 2265 632 2329 mus),
665 2262 769 2314 alia
803 2275 933 2315 vero
962 2275 1072 2314 non
1114 2259 1536 2335 imprimebant;
1566 2260 1655 2315 hic
1687 2268 1867 2315 autem
1905 2270 2096 2315 neutra
2131 2262 2282 2317 notio
2306 2262 2521 2333 signum
2556 2264 2819 2333 imprimit
2850 2266 3042 2320 menti.

1027 2376 1277 2428 ΚΕΦΑΛ.
1315 2375 1445 2428 ΚΕ’.

540 2484 711 2540 Ὅταν
748 2488 775 2538 ὁ
804 2488 901 2555 τῆς
934 2488 1377 2560 γαστριμαργίας
1425 2488 1596 2543 πολλὰ
1642 2489 1736 2541 καὶ
1772 2488 2037 2551 πολλάκις

470 2578 877 2647 ἀγωνισάμενος
903 2578 1113 2647 δαίμων
1146 2580 1220 2650 μὴ
1253 2582 1447 2650 ἰσχύσῃ
1476 2580 1786 2650 διαφθεῖραι
1819 2581 1917 2646 τὴν
1955 2598 2040 2632 τε-

468 2671 795 2740 τυπωμένην
826 2671 1177 2740 ἐγκράτειαν,
1199 2673 1316 2725 τότε
1340 2674 1420 2734 εἰς
1443 2672 1735 2742 ἐπιθυμίαν
1757 2674 2041 2741 ἀσκήσεως

469 2761 776 2831 ἀκροτάτης
810 2761 1070 2831 ἐμϐάλλει
1104 2762 1195 2814 τὸν
1234 2763 1380 2827 νοῦν,
1433 2760 1492 2828 ἐξ
1539 2757 1613 2818 ὧν
1661 2766 1755 2817 καὶ
1799 2764 1866 2817 τά
1916 2764 2042 2834 περὶ

467 2853 557 2904 τὸν
607 2851 807 2922 Δανιὴλ
837 2854 916 2914 εἰς
958 2853 1122 2923 μέσον
1158 2854 1349 2925 φέρει,
1396 2855 1493 2925 τὴν
1531 2856 1792 2925 πενιχράν
1826 2855 2041 2923 ἐκείνην

468 2942 641 3014 ζωὴν,
673 2943 766 2995 καὶ
800 2942 866 2995 τὰ
901 2944 1189 3014 σπέρματα
1214 2985 1227 3004 ,
1260 2946 1351 2997 καί
1399 2963 1563 2998 τινων
1605 2946 1783 2999 ἄλλων
1823 2947 2032 3016 ἀναχωι

473 3034 651 3104 ρητῶν
682 3035 1010 3105 μνημονεύει
1046 3034 1387 3105 βεϐιωκότων
1423 3037 1510 3090 διὰ
1541 3036 1742 3098 παντὸς
1776 3037 1970 3101 οὕτως,
2000 3038 2033 3108 ἢ

2686 2376 2913 2432 CAi‘UT
2962 2376 3126 2432 XXV.

2212 2490 2443 2557 Quando
2497 2493 2636 2563 gulae
2679 2492 3027 2560 daemonium,
3066 2507 3190 2547 cum
3235 2506 3332 2561 per
3361 2491 3553 2557 multa,
3586 2493 3719 2545 mul-

2138 2583 2407 2651 tutiesquc
2478 2584 2827 2655 ,decertarit,
2866 2582 3012 2637 ‘non
3093 2582 3324 2637 valuerit
3397 2582 3717 2651 impressam

2139 2675 2423 2731 destruere
2460 2676 2873 2741 continentiam,
2919 2684 3049 2730 tunc
3096 2674 3163 2727 ad
3200 2688 3429 2728 summat
3454 2672 3718 2728 exercita-

2148 2767 2312 2822 tionis
2357 2768 2686 2842 desiderium
2752 2776 2986 2821 mentem
3042 2764 3303 2834 impellit;
3359 2763 3719 2833 quamobrem

2147 2868 2260 2912 tum
2291 2873 2353 2913 ea
2400 2858 2468 2913 de
2523 2857 2741 2912 Daniele
2798 2858 2851 2911 in
2897 2857 3135 2911 medium
3178 2855 3408 2926 profert,
3453 2854 3715 2911 nimirum

2145 2963 2434 3016 pauperem
2476 2947 2620 3000 illam
2658 2947 2843 3007 vitam,
2894 2957 2948 3000 et
2991 2945 3245 2999 semina:
3281 2952 3394 2999 tum
3449 2945 3713 3012 quosdam

2145 3034 2279 3088 alios
2328 3034 2685 3088 anacltoretas
2743 3043 3157 3098 commemorat,
3210 3033 3306 3102 qui
3357 3047 3581 3102 semper,
3633 3033 3714 3084 sic

469 3108 829 3195 ἀρξαμένων,
876 3128 969 3180 καί
1025 3126 1228 3181 τούτων
1285 3128 1530 3198 μιμητὴν
1591 3127 1838 3196 γενέσθαι
1905 3144 2034 3181 κατ-

2150 3125 2438 3187 vixerunt,
2489 3134 2583 3178 aut
2633 3124 2987 3194 inceperunt,
3044 3124 3349 3193 horumque
3403 3133 3557 3190 urget
3601 3122 3715 3177 fieri

466 3217 763 3284 αναγκάζει
783 3233 795 3246 ·
816 3218 902 3271 ἵνα
922 3218 1018 3286 τὴν
1040 3217 1279 3289 ἄμετρον
1304 3218 1515 3272 διώκων
1536 3218 1882 3289 ἐγκράτειαν,
1900 3220 2039 3272 ἀπο-

467 3306 602 3375 τύχῃ
633 3308 727 3360 καὶ
755 3307 855 3377 τῆς
888 3309 1233 3379 συμμετρίας
1264 3309 1358 3362 τοῦ
1391 3309 1643 3380 σώματος
1693 3311 1769 3381 μὴ
1801 3312 2040 3380 ἐπαρκέ-

469 3413 658 3460 σαντος
691 3399 778 3451 διὰ
807 3400 905 3468 τὴν
936 3400 1143 3453 οἰκείαν
1172 3400 1482 3467 ἀσθένειαν,
1507 3403 1676 3465 ὅντως
1703 3402 1941 3469 εὐλογῶν
1963 3400 2040 3472 τῷ

470 3486 704 3557 σώματι,
744 3492 839 3542 καὶ
869 3490 1257 3562 καταρώμενος
1296 3495 1362 3563 τῇ
1395 3493 1594 3563 καρδίᾳ
1615 3507 1629 3522 ⁶
1660 3489 1703 3559 ᾧ
1740 3495 1815 3562 μὴ
1851 3493 2038 3546 πείθε-

470 3572 592 3625 σθαι
621 3575 827 3627 δίκαιον
855 3577 1078 3641 τούτους
1109 3579 1316 3647 νομίζω
1338 3621 1352 3644 ,
1413 3581 1549 3650 μηδὲ
1585 3581 1888 3650 ἀπέχεσθαι
1934 3582 2036 3653 ἄρ-

467 3681 581 3729 του,
607 3667 699 3718 καὶ
727 3668 930 3734 ἐλαίου,
949 3670 1041 3723 καὶ
1076 3670 1289 3733 ὓδατος.
1316 3671 1531 3742 Ταύτην
1563 3672 1670 3740 γάρ
1697 3672 1796 3742 τὴν
1828 3672 2038 3725 δίαιταν

470 3757 608 3809 πάνυ
640 3757 931 3827 καλλίστην
958 3762 1007 3812 oi
1041 3760 1262 3829 ἀδελφοὶ
1311 3763 1683 3833 πεπειράκασι
1706 3802 1720 3827 ,
1765 3764 1856 3816 καὶ
1885 3764 2040 3817 τοῦτο

467 3848 527 3900 οὐ
565 3848 702 3916 πρὸς
732 3849 913 3920 κόρον,
955 3853 1047 3904 καὶ
1078 3853 1223 3916 ἅπαξ
1253 3857 1331 3916 είς
1362 3855 1460 3923 τὴν
1489 3854 1727 3925 ἡμέραν.
1762 3854 2039 3925 Θαυμάζω

469 3940 576 4008 γὰρ
603 3940 656 3990 εἴ
681 3959 783 4006 τις,
813 3943 978 4010 ἄρτου
1010 3945 1103 3996 καὶ
1134 3942 1325 4008 ὓδατος
1364 3949 1778 4015 κορεννύμενος,
1812 3946 2039 4016 δυνήσε-

471 4046 557 4081 ται
587 4029 676 4082 τὸν
701 4030 801 4100 τῆς
832 4032 1100 4095 ἀπαθείας
1143 4035 1506 4099 ὑποδέξασθαι
1536 4036 1820 4104 στέφανον.
1869 4035 2039 4088 Ἀπά-

471 4120 621 4172 θειαν
647 4121 704 4174 δὲ
733 4121 907 4190 λέγω,
939 4124 999 4175 οὐ
1028 4123 1124 4194 τὴν
1149 4126 1445 4179 κατάλυσιν
1474 4126 1571 4194 τῆς
1604 4126 1724 4179 κατ’
1753 4126 2039 4196 ἐνέργειαν

469 4211 745 4282 ἁμαρτίας
769 4254 784 4279 ,
823 4213 958 4283 αὕτη
991 4215 1098 4287 γὰρ
1146 4217 1444 4286 ἐγκράτεια
1473 4217 1726 4284 λέγεται,
1770 4217 1905 4270 ἀλλὰ
1942 4218 2039 4290 τὴν

470 4301 612 4353 κατά
639 4301 880 4356 διάνοιαν
905 4307 1032 4367 τοὺς
1060 4306 1326 4374 ἐμπαθεῖς
1350 4307 1645 4376 λογισμοὺς
1675 4308 2039 4376 περικόπτου-

474 4408 594 4456 σαν,
640 4394 830 4461 ἥντινα
872 4398 967 4450 καὶ
1000 4397 1375 4467 πνευματικὴν
1424 4399 1725 4468 περιτομὴν
1766 4398 1861 4451 τοῦ
1910 4416 2042 4470 κρυ-

2139 3214 2395 3268 αιηηιιιιηι
2431 3215 2857 3289 ac_imitatorem
2895 3222 2977 3278 ut,
3017 3215 3145 3268 dum
3188 3213 3533 3269 immodicam
3585 3228 3718 3269 con-

2141 3316 2381 3362 sectatur
2420 3307 2838 3369 continentiam,
2883 3304 3177 3361 frustretur
3221 3305 3384 3360 etiam
3434 3304 3716 3359 moderato

2140 3398 2388 3468 corporis
2426 3406 2596 3464 statu,
2642 3414 2750 3452 non
2799 3398 2866 3454 iis
2905 3399 3140 3453 contenti
3184 3405 3405 3467 propter
3436 3396 3716 3466 propriam

2140 3489 2553 3555 inﬁrmitatem;
2603 3505 2731 3544 vere
2794 3489 3009 3558 corpori
3060 3487 3430 3543 benedicendo
3479 3487 3717 3559 (daemon

2140 3582 2252 3652 ille)
2292 3591 2345 3636 et
2376 3583 2526 3636 cordi
2576 3582 2992 3636 maledicendo:
3025 3581 3113 3635 cui
3150 3581 3297 3648 ipsos
3338 3594 3447 3634 non
3495 3570 3718 3635 obedire

2138 3672 2348 3740 justum
2382 3688 2611 3735 censeo,
2661 3688 2836 3741 neque
2878 3672 3151 3727 abstinere
3202 3687 3361 3741 pane,
3404 3680 3456 3726 et
3484 3673 3632 3737 oleo,
3665 3680 3720 3726 et

2141 3777 2318 3832 aqua;
2353 3764 2494 3818 hanc
2532 3766 2677 3818 enim
2706 3765 2919 3818 vivendi
2953 3764 3183 3816 formam
3218 3778 3430 3817 summe
3455 3765 3719 3833 optimam

2149 3852 2345 3906 fratres
2405 3852 2613 3920 experti
2666 3860 2832 3918 sunt;
2885 3851 3098 3921 hocque
3133 3866 3238 3906 non
3284 3853 3349 3905 ad
3388 3854 3718 3918 satietatem,

2142 3953 2196 3998 et
2223 3943 2390 3997 semel
2441 3952 2648 3997 tantum
2695 3943 2749 3996 in
2816 3943 2983 3997 diem.
3021 3942 3280 3997 Admiror
3336 3941 3537 4012 quippe
3573 3944 3723 4013 quod

2142 4034 2287 4103 quis,
2321 4033 2364 4087 si
2390 4048 2528 4101 pane
2550 4040 2605 4087 et
2625 4048 2766 4102 aqua
2790 4033 3019 4099 satiatus
3054 4032 3239 4096 fuerit,
3266 4033 3435 4102 possit
3459 4046 3721 4089 coronam

2143 4125 2357 4194 assequi
2386 4124 2636 4177 carentize
2666 4124 3000 4193 passionum.
3036 4121 3374 4177 Vacuitatem
3401 4124 3721 4192 passionum

2145 4231 2299 4279 voco,
2325 4231 2431 4270 non
2463 4216 2801 4269 eversionem
2844 4214 3072 4268 actualis
3126 4213 3352 4283 peccati,
3387 4214 3499 4268 haec
3528 4229 3724 4284 nempe

2144 4306 2343 4360 dicitur
2363 4304 2712 4370 continentia,
2731 4304 2823 4359 sed
2842 4317 2982 4368 eam,
3007 4317 3127 4372 quae
3148 4301 3585 4359 intellectualiter
3604 4318 3724 4373 pas-

2147 4397 2394 4452 sionibus
2421 4395 2641 4452 aﬂ‘ectas
2674 4395 3030 4465 cogitationes
3059 4396 3439 4459 circumsecat,
3472 4409 3635 4465 quam
3668 4402 3725 4448 et

473 4483 609 4537 τετοῦ
662 4486 918 4540 Ἰουδαίου
967 4491 996 4540 ὁ
1046 4488 1201 4555 ἆγιος
1255 4488 1469 4551 Παῦλος
1521 4489 1822 4559 ὠνόμασεν.
1873 4491 1934 4542 Εἰ
1985 4490 2040 4542 δὲ

2146 4489 2484 4558 spiritualem
2505 4487 3223 4545 circumcisionemocculti
3278 4484 3449 4540 Judaei
3499 4495 3722 4540 sanctus

472 4574 674 4643 ἀθυμεῖ
725 4593 807 4638 τις
865 4577 957 4630 ἐπὶ
1006 4580 1119 4639 τοῖς
1166 4576 1425 4646 λεχθεῖσι,
1478 4580 1907 4648 μνημονευσάτω
1949 4578 2043 4631 τοῦ

474 4669 700 4730 σκεύους
733 4669 834 4737 τῆς
867 4668 1124 4737 ἐκλογῆς,
1168 4668 1515 4735 Ἀποστὸλου,
1552 4671 1611 4721 ἐν
1644 4670 1789 4739 λιμῷ
1825 4671 1918 4722 καὶ
1965 4670 2045 4722 δί-

469 4760 560 4825 ψει
594 4759 686 4810 τὸν
736 4759 936 4830 δρόμον
968 4759 1309 4823 τελέσαντος.
1349 4760 1613 4828 Μιμεῖται
1647 4759 1702 4812 δὲ
1735 4761 1831 4813 καὶ
1873 4762 1901 4812 ὁ
1945 4759 2045 4828 τῆς

473 4847 730 4915 ἀληθείας
756 4848 1052 4910 ἀντίπαλος
1081 4850 1108 4899 ὁ
1139 4852 1234 4917 τῆς
1264 4848 1494 4917 ἀκηὸίας
1517 4848 1725 4917 δαίμων
1746 4848 1934 4901 τοῦτον
1953 4849 2045 4901 τὸν

471 4938 738 5007 δαίμονα,
801 4940 1110 5008 ἀκροτάτην
1173 4941 1527 5009 ἀναχώρησιν
1586 4939 1666 5009 τῷ
1731 4939 2046 5009 καρτερικῴ

474 5030 814 5091 ὑποϐάλλων,
851 5032 929 5091 είς
963 5029 1129 5099 ζῆλον
1161 5029 1642 5100 προσκαλούμενος
1677 5028 1921 5083 Ἰωάννου
1950 5030 2043 5083 τοῦ

474 5119 805 5184 Βαπτιστοῦ,
843 5122 937 5173 καὶ
962 5122 1061 5190 τῆς
1092 5122 1346 5192 ἀπαρχῆς
1381 5119 1491 5170 τῶν
1515 5120 1884 5188 ἀναχωρητῶν
1927 5122 2046 5171 ’Λν-

473 5211 813 5274 τωνίου,ἴνί,
844 5212 917 5280 μὴ
944 5211 1221 5280 βαστάσας
1249 5210 1347 5279 τὴν
1373 5211 1615 5279 χρονίαν,
1640 5210 1734 5260 καὶ
1757 5209 2048 5280 ἀπάνθρω-

478 5317 577 5351 ττον
626 5300 994 5369 ἀναχώρησιν,
1051 5301 1200 5372 φύγῃ
1248 5301 1368 5369 μετ’
1415 5300 1701 5369 αἰσχύνης,
1749 5300 1838 5353 τὸν
1888 5302 2050 5355 τόπον

478 5392 811 5455 καταλιπὼν,
880 5393 975 5445 καὶ
1043 5393 1204 5455 αὐτὸς
1252 5390 1436 5443 λοιπὸν
1488 5389 1842 5459 καυχώμενος
1896 5392 2048 5464 εἴπῃ,

484 5480 741 5550 «Ἰσχυσα
775 5482 911 5553 πρὸς
948 5484 1168 5536 auirva

551 5687 597 5717 “
626 5686 783 5743 Rom.
816 5706 875 5753 tt,
910 5691 998 5744 9.9.
1080 5690 1121 5721 ⁵⁵
1151 5688 1297 5742 Psnl.
1329 5702 1425 5751 xu,
1456 5687 1508 5740 5.

2148 4575 2352 4634 Paulus
2385 4577 2686 4632 nominavit
2707 4577 2753 4611 ιθ
2779 4594 2794 4644 ;
2837 4577 2880 4630 si
2912 4591 3042 4631 vero
3071 4576 3197 4646 quis
3219 4577 3460 4630 animum
3490 4575 3725 4644 despon-

2148 4672 2275 4726 deat
2330 4685 2493 4738 super
2516 4670 2599 4724 his
2650 4684 2773 4739 quae
2821 4668 2966 4724 dicta
3010 4679 3161 4733 sunt,
3220 4667 3534 4723 recordetur
3578 4666 3724 4720 vasis

2148 4762 2430 4816 electionis
2478 4759 2744 4830 Apostoli,
2789 4760 2882 4830 qui
2928 4761 2982 4813 in
3037 4761 3180 4827 fame
3227 4775 3291 4814 ac
3351 4759 3439 4813 siti
3499 4772 3750 4829 cursum.

2151 4852 2313 4924 540
2352 4852 2768 4906 consummavit.
2807 4851 2947 4916 Quin
2987 4860 3042 4904 et
3088 4851 3328 4906 veritatis
3379 4848 3724 4905 adversarius

2152 4945 2361 4999 daemon
2410 4943 2500 4999 ille
2556 4942 2797 5005 desidiae,
2861 4941 3027 4996 istum
3078 4942 3326 4996 imitatur
3379 4941 3721 5005 daemonem,

2154 5049 2421 5090 summam
2455 5037 2819 5091 secessionem
2851 5034 3138 5090 tolerantia
3169 5033 3395 5102 przedito
3428 5046 3724 5102 suggerens

2153 5124 2219 5178 ad
2269 5125 2666 5179 aemulationem
2739 5121 3084 5191 provocando
3140 5119 3369 5176 Joannis
3430 5120 3722 5189 Baptistae,

2154 5223 2313 5282 atque
2338 5213 2701 5282 primitiarum
2733 5210 3191 5281 anachoretarum
3224 5209 3469 5270 Antonii,
3499 5217 3577 5272 ut,
3613 5223 3724 5262 non

2153 5311 2379 5372 portans
2418 5303 2737 5357 diuturnum
2760 5310 2814 5355 et
2836 5300 3197 5353 inhumanum
3223 5313 3525 5363 secessum,
3555 5297 3726 5367 fugiat

2155 5408 2277 5446 cum
2327 5392 2553 5461 pudore,
2610 5393 2789 5445 locum
2837 5387 3245 5454 derelinquens,
3289 5394 3342 5441 et
3382 5387 3495 5455 ipse
3535 5395 3722 5455 postea

2153 5482 2546 5559 gloriabundus
2573 5482 2718 5538 dicat
2745 5500 2757 5536 :
2803 5500 2821 5532 ι
2848 5477 3115 5552 Praevalui
3146 5478 3410 5533 adversus
3437 5491 3561 5531 eum
3591 5475 3660 5531 ".
3695 5491 3720 5530 ι
