4066 6146
973 411 1194 466 CAPUT
1256 411 1439 468 XXVI.

495 527 724 597 Impune
767 524 1116 594 cegitationes
1159 525 1359 578 multas
1404 524 1660 578 materias
1700 522 1766 576 ad
1819 524 1993 577 incre—

424 630 665 675 mentum
718 616 1026 686 excipiunt,
1081 624 1247 684 atque
1314 613 1501 669 multis
1551 615 1994 668 coextenduntur

425 713 627 776 rebus;
690 709 891 762 etenim
961 706 1400 761 intellectualiter
1454 721 1650 774 magna
1713 705 1995 773 trajiciunt

424 797 596 852 maria
629 807 683 851 et
727 796 1024 866 longinqua
1063 794 1332 849 conﬁcere
1363 808 1468 847 non
1510 803 1760 848 recusant
1800 794 1991 847 itinera

421 893 492 946 ob
521 889 817 961 plurimum
857 887 1127 958 passionis
1157 885 1455 953 fervorem;
1498 901 1620 956 qua:
1651 896 1830 940 autem
1865 897 1994 944 sunt

421 991 701 1050 utcunque
763 977 1102 1048 purificatze,
1158 975 1458 1038 exsistunt,
1511 975 1800 1044 plusquam
1867 975 1988 1041 illae,

419 1073 707 1133 arctiores,
765 1083 889 1123 cum
943 1067 1132 1122 multis
1188 1081 1307 1122 sese
1385 1066 1548 1120 rebus
1606 1081 1714 1118 nou
1776 1065 1990 1120 valeant

420 1159 798 1222 coextendere,
823 1164 1044 1227 propter
1069 1156 1341 1224 passionis
1367 1155 1815 1220 imbecillitatem,
1847 1156 1990 1210 unde

419 1262 472 1306 et
507 1251 685 1320 potius
713 1259 909 1320 praeter
947 1256 1196 1302 naturam
1236 1255 1554 1312 moventur;
1591 1255 1644 1301 et
1687 1247 1986 1301 secundum

422 1345 717 1414 sapientem
772 1341 1117 1395 Salomonem
1153 1340 1234 1402 ⁸⁸,
1292 1348 1536 1409 tempore
1601 1340 1786 1409 aliquo
1833 1349 1987 1394 extra

421 1438 668 1508 vagando
723 1435 1062 1504 spatiantur,
1119 1432 1487 1502 stipulamque
1542 1440 1876 1502 congregant
1921 1433 1986 1485 ad

420 1527 679 1598 injustam
740 1525 968 1579 laterum
1040 1521 1494 1588 fabricationem,
1584 1531 1644 1574 ut
1712 1522 1988 1576 salventur

419 1615 877 1689 quemadmodum
909 1628 1104 1683 caprea
1145 1627 1176 1666 e
1208 1611 1438 1681 laqueis,
1469 1601 1522 1666 ei.
1565 1611 1732 1665 veluti
1773 1612 1982 1666 avicula

416 1727 446 1768 c
474 1711 701 1766 retibus.

417 1801 676 1864 animam,
700 1811 860 1867 quam
892 1802 1200 1864 purgatam,
1238 1793 1527 1862 denuoque
1561 1793 1882 1856 sauciatam,
1915 1794 1981 1847 ad

418 1891 705 1946 sanitatem
743 1902 936 1942 rursus
969 1900 1242 1948 revocare,
1289 1899 1412 1958 cum
1453 1885 1724 1940 maestitia:
1773 1886 1982 1939 (1ζίἒίΙίοΠ

418 1991 760 2048 nequaquam
801 1973 1098 2046 permittat,
1137 1973 1229 2027 sed
1268 1974 1486 2042 pupillis
1513 1974 1794 2029 oculorum
1840 1988 1983 2026 scm-

415 2086 514 2140 per
554 2068 776 2134 insiliat,
804 2075 856 2123 et
885 2065 1151 2120 orationis
1195 2072 1436 2133 tempore
1475 2063 1684 2134 peccati
1731 2062 1980 2133 przeferat

417 2162 792 2216 simulacrum.

866 2269 1022 2342 ξω
1049 2267 1275 2326 CAPUT
1307 2268 1519 2324 xxvu.

487 2385 605 2440 Non
645 2395 848 2440 norunt
879 2384 1045 2439 corda
1087 2393 1272 2440 nostra
1320 2385 1592 2440 daemones
1617 2423 1632 2447 ,
1669 2385 1830 2440 sicuti
1864 2387 1984 2455 qui-

414 2478 536 2532 dam
572 2478 851 2532 hominum
890 2486 1137 2542 censent,
1192 2477 1391 2531 etenim
1429 2478 1580 2533 solus
1621 2487 1703 2532 cst
1735 2479 1984 2546 cognitor

415 2569 684 2630 cordium,
715 2569 808 2637 qui
859 2579 1096 2622 mentem
1143 2567 1428 2623 hominum
1479 2569 1657 2622 noscit
1677 2569 1742 2632 "',
1781 2573 2005 2650 quique

415 2661 563 2714 solus
585 2661 749 2714 corda
779 2660 1021 2728 ipsorum
1047 2660 1287 2725 creavit;
1318 2674 1348 2712 e
1371 2674 1624 2714 sermone
1654 2667 1856 2722 autem,
1889 2660 1982 2728 qui

413 2751 688 2820 profertur
718 2791 732 2813 ,
778 2761 832 2805 et
893 2765 923 2805 e
973 2750 1392 2820 talibuscunque
1455 2751 1700 2820 cOrporis
1748 2751 1984 2805 motibus

415 2843 616 2897 multas
659 2842 948 2907 motiones,
983 2856 1106 2912 quae
1144 2841 1198 2896 in
1239 2841 1403 2897 corde
1437 2843 1593 2906 fiunt,
1623 2842 1981 2912 dignoscunt;

413 2948 549 3004 quas
575 2932 790 3003 quidem
819 2947 919 3003 ego
945 2947 1093 2986 nunc
1137 2931 1428 2986 voluissem
1460 2933 1770 2988 luculenter
1793 2941 1982 2988 ostcn-

412 3027 558 3089 dere,
586 3025 676 3080 sed
717 3040 803 3079 me
844 3024 1068 3080 retinuit
1110 3025 1363 3080 sacerdos
1415 3035 1669 3091 sanctus,
1703 3024 1978 3095 indignum

411 3117 606 3172 eflatus
643 3117 770 3172 talia
801 3117 1109 3187 publicare,
1146 3126 1199 3172 et
1232 3116 1298 3171 ad
1332 3116 1682 3187 profanorum
1717 3132 1874 3171 aures
1905 3116 1920 3170 i
1963 3146 1990 3158 ν

403 3211 608 3280 jieere;
650 3210 918 3279 siquidem
953 3252 967 3275 ,
1006 3210 1099 3272 ait,
1131 3207 1273 3279 quod
1317 3216 1370 3260 et
1403 3208 1509 3270 ille,
1550 3209 1797 3277 quicum
1847 3205 1986 3260 insi-

410 3303 623 3356 diatore
686 3309 1070 3364 conversatur,
1120 3297 1422 3354 secundum
1487 3299 1704 3367 legem,
1768 3294 1987 3351 crimini

407 3391 682 3444 obnoxius
725 3395 844 3453 est;
899 3398 1310 3450 verumtamen,
1366 3386 1511 3454 quod
1562 3401 1628 3438 ex
1677 3383 1985 3438 istiusmodi

409 3481 579 3550 signis
631 3485 951 3548 agnoscant,
994 3490 1114 3545 quae
1163 3475 1332 3530 latent
1387 3476 1440 3528 in
1480 3471 1665 3540 corde,
1708 3483 1760 3530 et
1788 3491 1852 3530 ex
1901 3475 1986 3530 his

407 3568 726 3625 occasiones
771 3573 962 3620 contra
989 3579 1091 3620 nos
1131 3577 1437 3632 assumant,
1484 3567 1683 3634 saepius
1716 3576 1862 3621 certe
1893 3567 1988 3621 ali-

411 3674 551 3727 quos
589 3657 730 3712 male
755 3655 968 3710 locutos
997 3654 1303 3724 arguimus,
1339 3669 1440 3709 nos
1462 3671 1590 3726 erga
1610 3671 1706 3711 eos
1731 3673 1834 3711 non
1857 3672 1982 3711 cum

406 3750 673 3806 charitate
706 3755 984 3818 gerentes;
1042 3746 1245 3801 idcirco
1283 3747 1338 3800 in
1383 3746 1683 3801 daemonem
1734 3748 1982 3804 vindictae

409 3840 741 3903 incidimus,
809 3839 1102 3907 statimque
1181 3837 1446 3908 malignas
1505 3839 1765 3895 adversus
1835 3840 1981 3910 ipsos

406 3931 676 4001 coepimus
738 3929 1114 3999 cogitationes,
1163 3941 1298 3998 quas
1343 3929 1495 3998 prius
1537 3931 1792 3984 novimus
1822 3931 1979 3984 nobis

407 4020 859 4090 superaccidisse.
907 4018 1272 4085 Quamobrem
1314 4019 1575 4089 praeclare
1611 4035 1712 4075 nos
1741 4020 1978 4090 Spiritus

410 4120 630 4166 sanctus
673 4119 931 4166 accusat:
975 4128 992 4160 ι
1038 4109 1244 4166 Sedens
1270 4110 1528 4166 adversus
1565 4110 1782 4166 fratrem
1818 4121 1972 4165 tuum

407 4199 739 4269 loquebaris,
785 4209 838 4253 et
865 4199 1124 4254 adversus
1165 4199 1334 4253 filium
1363 4199 1553 4254 matris
1599 4209 1704 4255 tuae
1735 4202 1975 4270 ponebas

408 4289 724 4344 scandalum
756 4288 823 4352 ⁸⁸,
857 4307 876 4340 ι
913 4297 965 4342 et
988 4287 1378 4357 cogitationum
1418 4287 1646 4341 ultionis
1693 4288 1973 4354 aperiebas

1931 303 1988 359 ὃ.
2027 300 2187 359 NILI

819 1705 1059 1760 Facilius
1107 1704 1251 1758 enim
1295 1712 1379 1758 est
1436 1703 1706 1772 impuram
1753 1718 1985 1773 purgare
2017 1740 2059 1797 Β

3529 301 3667 368 1232

2663 415 2910 470 ΚΕΦΑΛ.
2953 418 3095 484 κεῖν.

2166 525 2228 576 Οἱ
2263 525 2360 594 μὲν
2395 525 2696 596 ἀκάθαρτοι
2733 528 2986 598 λογισμοὶ
3019 532 3097 594 εἰς
3126 530 3354 601 αὔξησιν
3394 532 3526 596 ῦλας
3553 535 3662 586 εἰσ-

2095 613 2360 684 δέχονται,
2389 617 2482 667 καὶ
2513 615 2724 680 πολλοῖς
2757 621 3316 689 συμπαρεκτείνονται
3352 624 3663 693 πράγμασιο

2096 707 2190 758 καὶ
2216 706 2322 776 γὰρ
2353 707 2563 776 πελάγη
2598 708 2739 760 κατὰ
2771 709 3010 764 διάνοιαν
3038 713 3244 782 περῶσι
3277 715 3491 783 μεγάλα
3515 757 3527 774 ,
3569 719 3666 769 καὶ⁵

2098 787 2316 868 μακρὰς
2344 798 2496 860 όδοίις
2525 799 2729 852 ὁδεύειν
2785 803 2845 854 οῦ
2893 803 3288 872 παραιτοῦνται
3330 805 3418 860 διὰ
3466 808 3666 880 πολλὴν

2093 888 2186 940 τοῦ
2220 889 2424 951 πάθους
2453 888 2798 959 θερμότητα·
2843 894 2891 943 οἱ
2921 893 2976 944 δὲ
3027 894 3277 947 ὁπωσοῦν
3312 898 3662 970 κεκαθαρμέ-

2067 995 2172 1030 ινοι
2196 1019 2210 1043 ,
2247 977 2562 1049 στενῶτεροι
2597 981 2800 1034 τούτων
2836 983 3034 1051 μᾶλλόν
3063 987 3170 1036 εἰσι
3195 1025 3208 1049 ,
3261 994 3664 1060 συμπαρεκτεὶ-

2092 1069 2279 1122 νεσθαι
2311 1072 2601 1140 πράγμασι
2637 1074 2712 1142 μὴ
2744 1073 3029 1142 δυνάμενοι
3073 1075 3160 1128 διά
3205 1076 3302 1146 τὴν
3332 1077 3425 1129 τοῦ
3459 1080 3663 1142 πάθους

2093 1158 2393 1223 ἀσθένειαν,
2428 1159 2550 1212 ὅθεν
2591 1161 2680 1212 καὶ
2708 1162 2860 1231 παρὰ
2907 1161 3069 1229 φύσιν
3123 1165 3325 1232 μᾶλλον
3357 1165 3659 1228 κινοῦνται,

2092 1252 2185 1303 xui.
2211 1293 2225 1317 ,
2260 1251 2400 1304 κατὰ
2441 1252 2532 1304 τὸν
2579 1253 2742 1319 σοφὸν
2776 1254 3100 1322 Σολομῶντα
3125 1296 3139 1320 ,
3173 1257 3366 1326 χρόνον
3393 1257 3515 1310 τινὰ
3553 1259 3663 1322 ἔξω

2093 1342 2385 1412 ρέμϐοντες
2409 1383 2423 1405 ,
2457 1347 2550 1397 καὶ
2591 1345 2845 1414 καλάμην
2880 1348 3208 1415 συνάγουσιν
3238 1351 3317 1412 εἰς
3345 1350 3444 1420 τὴν
3482 1353 3661 1420 παράο

2090 1452 2252 1505 νομον
2286 1435 2692 1506 πλινθουργίαν,
2725 1439 2812 1491 ἵνα.
2842 1437 3122 1503 σώζωνται
3149 1438 3337 1509 ῶσπερ
3371 1440 3568 1506 δορκὰς
3594 1442 3661 1492 ὲκ

2092 1513 2322 1596 β’ρόχων,
2364 1529 2456 1580 καὶ
2500 1527 2689 1598 ῶσπερ
2731 1529 2914 1600 ὄρνεον
2963 1531 3028 1581 ἐκ
3062 1531 3308 1597 παγίδος.
3351 1531 3510 1601 Ῥᾷον
3548 1530 3662 1602 γὰρ
3714 1531 3718 1536 ’

2090 1617 2396 1685 ἀκάθαρτον
2425 1616 2662 1685 καθάραι
2696 1616 2892 1686 ψυχὴν,
2924 1614 2957 1685 ἢ
2997 1615 3386 1686 καθαρθεῖσαν,
3416 1616 3509 1669 καὶ
3549 1619 3662 1668 πά·

2088 1707 2170 1759 λιν
2207 1707 2706 1777 θραυματισθεῖσαν
2757 1711 2836 1770 εἰς
2884 1707 3072 1774 ὑγείαν
3110 1704 3267 1771 αὖθις
3316 1700 3663 1760 ἀνακαλέσα-

2088 1796 2248 1862 σθαι,
2295 1797 2389 1850 τοῦ
2424 1797 2682 1867 δαίμονος
2724 1797 2826 1866 τῆς
2863 1796 3040 1867 λύπης
3090 1797 3164 1866 μὴ
3219 1797 3659 1866 συγχωροῦντος,

2084 1888 2196 1940 ἀλλ’
2249 1890 2337 1941 ἀεὶ
2385 1892 2504 1950 ταῖς
2552 1872 2742 1960 κόραις
2797 1887 2940 1941 κατὰ
2981 1887 3074 1940 τὸν
3114 1889 3305 1957 καιρὸν
3338 1888 3435 1957 τῆς
3485 1904 3660 1958 προσ-

2085 1978 2246 2047 ευχῆς
2280 1978 2339 2030 τὸ
2375 1978 2472 2046 τῆς
2501 1979 2778 2048 ἁμαρτίας
2811 1976 3214 2049 προσφέροντος
3240 1977 3478 2032 εἴδωλον.

2654 2259 2905 2313 ΚΕΦΑΛ.
2949 2261 3074 2314 ΚΖ’.

2154 2374 2264 2426 Οὐκ
2293 2374 2609 2428 ἐπίστανται
2638 2375 2735 2438 τὰς
2763 2377 2991 2444 καρδίας
3022 2376 3179 2446 ἡμῶν
3209 2379 3258 2431 οἱ
3282 2378 3554 2448 δαίμονες,
3579 2377 3659 2442 ὥς

2083 2481 2227 2527 τινες
2252 2465 2360 2518 τῶν
2390 2463 2694 2536 ἀνθρώπων
2721 2466 3033 2536 νομίζουσι·
3074 2468 3168 2520 καὶ
3209 2468 3317 2538 γάρ
3347 2471 3507 2539 μόνος
3536 2473 3655 2524 ἐστὶ

2084 2555 2554 2626 καρδιογνώστης,
2583 2559 2612 2609 6
2637 2557 3004 2626 ἐπιστάμενος
3029 2557 3118 2610 τὸν
3150 2558 3277 2632 νοῦν
3302 2559 3410 2613 τῶν
3441 2560 3658 2630 ἀνθρώ-

2083 2663 2222 2709 πων,
2247 2646 2340 2698 καὶ
2371 2645 2582 2708 πλάσας
2601 2647 2742 2699 κατὰ
2761 2647 2929 2716 μόνας
2961 2647 3060 2710 τάς
3089 2648 3316 2719 καρδίας
3350 2651 3530 2703 αὐτῶν
3550 2667 3564 2682 ·
3592 2653 3659 2706 ἐκ

2083 2737 2140 2789 δὲ
2186 2735 2280 2788 τοῦ
2343 2738 2676 2807 προφορικοῦ
2724 2738 2903 2805 λόγου,
2955 2739 3048 2791 καὶ
3093 2739 3202 2792 τῶν
3245 2741 3467 2795 τοιῶνδε
3502 2759 3656 2812 κινη-

2089 2825 2272 2894 μάτων
2316 2825 2412 2878 τοῦ
2449 2827 2701 2896 σώματος
2727 2868 2741 2891 ,
2778 2829 2844 2882 τὰ
2875 2829 3045 2882 πολλὰ
3073 2829 3182 2884 τῶν
3232 2833 3291 2884 ὲν
3337 2836 3406 2903 τῇ
3459 2834 3658 2906 καρδίᾳ

2086 2917 2402 2985 κινημάτων
2445 2916 2822 2984 γινώσκουσιν.
2855 2919 3037 2989 "Amp
3074 2920 3187 2988 ἐγὼ
3219 2921 3312 2974 νῦν
3356 2923 3659 2994 ἐϐουλόμην

2087 3007 2328 3078 δηλῶσαι
2381 3008 2590 3077 σαφῶς,
2637 3011 2836 3080 ἐπέσχε
2883 3010 2939 3063 δέ
2973 3028 3039 3080 με
3064 3013 3092 3064 6
3120 3011 3274 3080 ἅγιος
3307 3014 3486 3084 ἱερεὺς
3511 3052 3526 3077 ,
3561 3016 3656 3068 ἁν-

2011 3067 2054 3126 c
2091 3067 2237 3165 άέιον
2287 3067 2476 3167 φήσας.
2643 3067 2868 3152 τοιαῦτα
2914 3067 3372 3171 δημοσιεῦεσθαι,
3435 3067 3532 3158 καί
3575 3107 3655 3167 εἰς

2089 3191 2257 3252 ἀκοὰς
2291 3191 2530 3262 βεϐήλων
2557 3191 2954 3261 ἐμϐάλλεσθαιο
2989 3194 3164 3263 εἴπερ,
3203 3197 3354 3264 φησι,
3390 3198 3486 3249 καὶ
3516 3199 3544 3249 6
3578 3193 3657 3268 τῷ

2089 3285 2300 3354 ὲφέδρῳ
2345 3285 2771 3352 συγγινόμενος,
2809 3283 2952 3338 κατὰ
2995 3285 3087 3338 τὸν
3129 3287 3311 3356 νόμον,
3354 3288 3657 3353 ὑπεύθυνος

2089 3375 2318 3443 γίνεται.
2368 3375 2515 3444 Πλὴν
2544 3375 2626 3426 ὄτι
2665 3377 2729 3427 ἐκ
2766 3375 2876 3427 τῶν
2918 3377 3177 3430 τοιούτων
3211 3378 3493 3446 συμϐόλων
3531 3380 3655 3432 ἑπι-

2088 3467 2417 3532 γινώσκουσι
2455 3467 2522 3518 τὰ
2555 3467 2612 3520 ὲν
2645 3471 2709 3537 τῇ
2755 3469 2950 3538 καρδίᾳ
2994 3471 3349 3540 κρυπτόμενα
3372 3511 3386 3533 ,
3417 3471 3510 3523 καὶ
3552 3471 3656 3534 τὰς

2086 3557 2338 3628 ἀφορμάς
2371 3558 2436 3610 ἐκ
2469 3557 2675 3610 τούτων
2710 3558 3044 3627 λαμϐάνουσι
3076 3559 3200 3612 καθ’
3248 3560 3424 3629 ἡμῶν,
3456 3561 3654 3615 πολλά-

2087 3665 2173 3710 κις
2203 3647 2335 3716 γοῦν
2355 3665 2510 3711 τινας
2536 3649 3013 3720 κακολογήσαντας
3043 3651 3371 3720 ἠλέγξαμεν,
3395 3653 3494 3704 οὐκ
3523 3653 3656 3718 ἀγα-

2086 3739 2332 3809 πητικῶς
2366 3740 2581 3809 ἔχοντες
2608 3740 2744 3808 πρὸς
2776 3741 2998 3803 αὐτοὺς,
3032 3741 3113 3793 διὸ
3140 3742 3236 3793 καὶ
3264 3743 3340 3810 τῷ
3368 3742 3472 3811 τῆς
3511 3760 3651 3813 μνη-

2085 3830 2336 3892 σικακίας
2377 3829 2878 3900 περιπεπτώκαμεν
2921 3831 3164 3901 δαίμονι,
3219 3832 3313 3884 καὶ
3359 3832 3653 3902 λογισμοὺς

2084 3924 2351 3990 πονηροὺς
2379 3920 2538 3983 εὐθὺς
2564 3921 2867 3990 εἰλήφαμεν
2895 3923 3016 3974 κατ’
3061 3921 3262 3987 αὐτῶν,
3298 3921 3390 3986 οῦς
3414 3939 3473 3975 τε
3514 3924 3649 3992 πρό-

2080 4030 2236 4082 τερον
2275 4013 2520 4080 ἔγνωμεν
2568 4013 2698 4080 ἡμίν
2746 4013 3178 4082 ἐπισυμὸάντας.
3227 4014 3429 4084 Διόπερ
3468 4014 3651 4078 καλῶς

2081 4105 2211 4173 ἡμῖν
2237 4101 2462 4170 ἐγκαλεῖ
2494 4102 2588 4153 καὶ
2619 4101 2679 4152 τὸ
2711 4102 2935 4172 Πνεῦμα
2962 4102 3023 4154 τὸ
3053 4103 3208 4170 ἅγιον
3229 4121 3242 4136 ·
3275 4122 3294 4153 ι
3321 4103 3649 4172 Καθήμενος

2080 4194 2219 4248 κατὰ
2242 4193 2339 4247 τοῦ
2362 4193 2594 4262 ἀδελφοῦ
2626 4211 2718 4246 σου
2745 4193 3080 4257 κατελάλεις,
3106 4194 3200 4247 καὶ
3228 4194 3371 4248 κατὰ
3399 4194 3494 4247 τοῦ
3531 4195 3648 4248 υἱοῦ

2075 4289 2173 4356 τῆς
2225 4285 2429 4356 μητρός
2479 4301 2572 4337 σου
2620 4285 2816 4347 ἐτίθεις
2861 4285 3176 4349 σκάνδαλον,
3217 4304 3236 4336 ι
3269 4287 3364 4339 καὶ
3399 4287 3506 4339 τῶν
3551 4287 3650 4356 τῆς

403 4387 642 4449 portam,
665 4387 1010 4446 mentemque
1040 4387 1280 4446 tempore
1304 4377 1567 4432 orationis
1592 4377 1972 4445 perturbabas,

2083 4377 2449 4446 μνησικακίας
2483 4374 2755 4444 λογισμῶν
2783 4377 2998 4446 ἦνοιγες
3034 4375 3225 4446 θύραν,
3275 4377 3370 4430 καὶ
3401 4377 3494 4429 τὸν
3522 4377 3645 4430 νοῦν

405 4469 612 4524 inimici
643 4469 720 4522 tui
762 4467 953 4521 faciem
985 4481 1199 4535 semper
1238 4467 1308 4520 ob
1342 4465 1582 4519 animum
1611 4467 1972 4531 obversando,

402 4568 454 4613 et
488 4560 647 4614 istam
691 4541 784 4611 Dei
817 4557 938 4611 loco
979 4556 1270 4622 habendo;
1302 4556 1446 4626 quod
1493 4557 1638 4611 enim
1685 4573 1839 4613 meus
1865 4574 1975 4612 om-

401 4649 535 4704 nino
583 4651 846 4715 intuetur,
885 4650 1011 4704 dum
1053 4657 1192 4712 orat,
1239 4647 1464 4718 dignum
1514 4658 1595 4704 est
1640 4648 1817 4714 fateri,
1871 4651 1972 4706 hoc

402 4756 522 4798 esse
549 4740 736 4796 Deum.
774 4738 971 4794 Verum
1008 4739 1279 4810 fugiamus
1318 4740 1544 4809 (dilecti)
1581 4743 1972 4798 maledicentia:

403 4834 678 4899 morbum,
723 4833 1038 4902 nullumque
1082 4847 1320 4901 unquam
1355 4833 1590 4902 maligne
1639 4849 1971 4889 commemo-

402 4939 605 4989 remus,
635 4937 810 4995 neque
855 4923 1295 4994 detorqueamus,
1343 4939 1436 4979 seu
1485 4925 1840 4980 obscuremus
1871 4925 1968 4979 ob-

403 5025 589 5076 tutus,
643 5016 769 5068 dum
820 5014 1049 5083 proximi
1099 5015 1418 5071 memoriam
1476 5016 1721 5085 agimus;
1776 5031 1967 5072 omnes

401 5108 600 5177 quippe
624 5113 841 5160 nostros
882 5113 1064 5174 gestus
1105 5104 1263 5176 542
1307 5106 1527 5175 maligni
1557 5106 1829 5160 daemones
1869 5123 1966 5161 cu-

402 5200 549 5254 riose
579 5198 884 5266 inquirunt,
919 5205 973 5251 et
997 5197 1137 5250 nihil
1171 5210 1386 5261 eorum,
1416 5211 1537 5264 quae
1569 5194 1635 5248 ad
1675 5210 1776 5248 nos
1803 5198 1970 5265 perti-

404 5298 535 5344 nent
575 5289 1000 5342 inexaminatum
1049 5287 1450 5355 derelinquunt,
1486 5301 1593 5340 non
1635 5286 1966 5354 recubitum,

401 5396 512 5436 non
555 5380 759 5446 sedem,
810 5395 918 5434 non
967 5379 1277 5443 stationem,
1331 5391 1438 5431 non
1475 5392 1808 5442 sermonem,
1858 5393 1963 5432 non

399 5483 770 5541 progressum,
809 5484 915 5524 non
941 5470 1220 5532 intuitum,
1265 5474 1458 5522 cuncta
1497 5465 1788 5536 diligenter
1811 5484 1965 5524 scru-

2080 4465 2221 4518 κατά
2242 4465 2436 4536 καιρὸν
2463 4465 2563 4534 τῆς
2595 4466 2904 4536 προσευχῆς
2930 4466 3314 4537 ὲξετάρασσες,
3331 4466 3422 4519 τοῦ
3447 4466 3644 4538 ἐχθροῦ

2078 4572 2170 4608 σου
2217 4557 2278 4608 τὸ
2330 4557 2623 4627 πρόσωπον
2671 4557 2758 4608 ἀεὶ
2814 4557 3253 4626 φανταζόμενος,
3313 4558 3408 4610 καὶ
3453 4558 3646 4611 ⁴τοῦτον

2077 4647 2342 4701 θεοποιῶν
2364 4665 2376 4678 ·
2411 4648 2439 4700 ὃ
2465 4648 2573 4717 γὰρ
2603 4647 2794 4716 βλέπει
2829 4649 3046 4710 πάντως
3069 4651 3095 4700 6
3122 4647 3246 4711 νοῦς
3277 4650 3645 4717 προσευχόμεο

2074 4755 2184 4802 νος,
2231 4737 2390 4791 τοῦτο
2435 4739 2527 4790 καὶ
2576 4737 2706 4790 θεὸν
2739 4738 2888 4802 ἄξιον
2921 4737 3222 4806 ὁμολογεῖν.
3272 4737 3432 4791 Ἀλλὰ
3469 4741 3642 4807 φύγω-

2079 4848 2199 4900 μεν,
2232 4829 2539 4899 ἀγαπητοὶ,
2575 4833 2676 4900 τῆς
2705 4829 3043 4899 κακηγορίας
3076 4829 3173 4899 τὴν
3208 4829 3380 4894 νόσον,
3416 4831 3642 4899 μηδενός

2077 4938 2207 4975 ποτε
2239 4921 2424 4984 κακῶς
2460 4921 2928 4992 μνημονεύσωμεν
2955 4961 2969 4985 ,
3013 4922 3148 4994 μηδὲ
3189 4921 3290 4984 τὰς
3338 4921 3489 4989 ὄψεις
3528 4921 3643 4973 δια·

2077 5015 2397 5082 οτρέφωμεν
2451 5013 2543 5064 ἐπὶ
2599 5016 2788 5084 μνήμῃ
2849 5012 2944 5065 τοῦ
2999 5013 3246 5083 πλησίον.
3305 5013 3490 5066 Πάντα
3531 5015 3639 5083 γάρ

2071 5105 2140 5156 τά
2182 5105 2439 5174 σχήματα
2481 5105 2530 5157 οἱ
2577 5105 2806 5174 πονηροὶ
2853 5106 3310 5174 περιεργάζονται
3361 5103 3635 5173 δαίμονες,

2071 5197 2164 5248 καὶ
2191 5195 2342 5248 οὐδὲν
2373 5195 2481 5247 τῶν
2501 5194 2623 5248 καθ’
2654 5195 2811 5266 ἡμῶν
2854 5195 3356 5266 καταλιμπάνουσιν
3379 5197 3637 5262 ἀνεξέτα-

2072 5304 2217 5352 στον,
2250 5287 2348 5339 οὐκ
2381 5287 2682 5342 ἀνάκλισιν.
2717 5287 2777 5338 οὐ
2807 5287 3097 5357 καθέδραν,
3133 5287 3194 5338 οὐ
3223 5286 3433 5348 στάσιν,
3459 5289 3520 5340 οὐ
3546 5286 3634 5339 λό·

2071 5395 2186 5445 γον,
2213 5379 2274 5431 οῦ
2301 5377 2556 5448 πάροδον,
2582 5378 2642 5428 οὑ
2675 5377 2914 5446 βλέμμα,
2950 5379 3127 5430 πάντα
3155 5378 3633 5446 περιεργάζονται,

2069 5470 2247 5522 πάντα
2283 5469 2543 5534 κινοῦσιν,
2573 5467 2701 5538 ὃλην
2730 5469 2828 5537 τὴν
2854 5468 3072 5537 ἡμέραν
3117 5468 3237 5521 καθ’
3275 5468 3434 5539 ἡμῶν
3462 5467 3632 5521 δολιό-

467 5649 514 5684 ⁵⁶
549 5652 720 5707 Eccli.
755 5668 829 5719 It,
862 5655 969 5718 59.;
1004 5667 1170 5714 xxvn,
1202 5650 1291 5704 22.
1367 5650 1411 5681 "
1436 5647 1454 5700 Ι
1481 5647 1610 5719 Reg.
1641 5663 1750 5712 xvr,
1783 5647 1851 5712 7;
1888 5645 2031 5702 [’sal.
2059 5661 2154 5712 vtl,
2181 5646 2280 5712 50;
2311 5645 2440 5716 Sap.
2466 5661 2504 5710 ι,
2530 5645 2583 5700 6.
2625 5647 2705 5695 -¹⁵⁸
2727 5645 2871 5701 Psal.
2906 5661 3050 5709 xm,
3083 5645 3170 5697 20.
