4066 6146
325 336 463 400 1235

317 477 2415 508 cam—mam

1803 339 1862 397 S.
1902 338 2065 398 NlLI

2415 475 3557 513 Μ

1284 616 1421 670 ΤΟΥ
1450 615 1681 669 ΑΥΤΟΥ
1707 616 1795 667 ΕΝ
1836 615 2062 669 ΛΓΙΟΙΣ
2097 614 2368 668 ΠΑΤΡΟΣ
2421 615 2618 668 ιιΜΩΝ

1637 771 2208 891 ΝΕΙΛΟΥ

1126 995 1770 1086 ΠΑΡΑῘΝΕΣΙΣ
1826 994 2113 1084 ΠΡΟΣ
2190 993 2822 1085 ΜΟΝΑΧΟΥΣ.

1314 1300 1653 1386 EIUSDEM
1683 1325 1948 1386 SANCTI
1984 1327 2267 1388 PATRIS
2291 1328 2569 1389 NOSTBI

1514 1640 1522 1649 _
1798 1487 2088 1599 NILI

1144 1719 1850 1812 INSTITUTIO
1902 1722 2048 1809 AD
2100 1719 2775 1813 MONACHOS.

407 2059 885 2128 lntemperantiam
937 2060 1242 2116 eduliorum
1308 2061 1551 2131 praecidit
1614 2059 1906 2130 jejunium,
1939 2068 1984 2126 Α

2093 2067 2387 2136 Ἀκρασίαν
2417 2066 2718 2136 βρωμάτων
2748 2065 3069 2137 περικόπτει
3102 2061 3344 2136 νηστεία,
3377 2065 3581 2119 ἀκολα-

340 2158 395 2204 et
422 2148 792 2204 fornicationis
819 2150 1096 2207 lasciviam
1128 2160 1373 2221 amputat
1400 2152 1732 2207 continentia
1777 2168 1900 2208 cum
2011 2173 2028 2207 c

2035 2158 2131 2209 τίαν
2174 2157 2231 2209 δὲ
2260 2155 2512 2228 πορνείας
2559 2159 2836 2227 περιαιρεῖ
2867 2156 3164 2227 ἐγκράτεια
3214 2155 3353 2226 μετὰ
3403 2174 3577 2227 προσ-

341 2240 601 2295 oratione.

408 2329 703 2383 Avaritiam
744 2328 1059 2385 idololatria:
1080 2339 1304 2387 matrem
1338 2332 1562 2387 cohibet
1595 2340 1903 2402 paupertas,

2010 2246 2192 2316 ευχῆς.

2079 2335 2447 2406 Φιλαργυρίαν
2493 2334 2591 2405 τὴν
2640 2334 2737 2404 τῆς
2779 2332 3190 2404 εἰδωλολατρίας
3227 2334 3441 2405 μητέρα
3488 2351 3583 2387 συ-

342 2434 656 2489 corpoream
690 2435 818 2475 vero
846 2419 1263 2478 sollicitudinem
1282 2422 1593 2494 praescindit
1620 2438 1764 2492 spes,
1787 2438 1909 2494 quae
2015 2447 2028 2481 ‹

2035 2428 2220 2483 πτέλλει
2251 2427 2626 2499 ἀκτημοσύνη,
2674 2426 2940 2496 μέριμναν
2972 2425 3027 2477 δὲ
3057 2427 3377 2496 σωματικὴν
3422 2443 3584 2499 περι-

345 2510 401 2564 in
429 2509 597 2565 Deum
630 2511 885 2580 jactatur.

414 2601 646 2657 Mentem
676 2613 946 2658 errantem
978 2614 1192 2661 coercet
1230 2606 1390 2661 lectio
1424 2606 1731 2661 divinorum
1787 2621 1906 2660 ora-

346 2694 617 2758 culorum,
648 2704 701 2749 et
726 2694 906 2765 vigilia
931 2712 1053 2751 cum
1090 2698 1355 2752 oratione.

415 2783 486 2837 At
510 2784 603 2837 irae
642 2784 977 2841 invasionem
1011 2787 1219 2857 mitigat
1248 2786 1655 2857 longanimitas,
1689 2796 1743 2841 et
1766 2787 1910 2856 psal-

349 2888 563 2929 morum
594 2875 919 2931 decantatio.

418 2964 694 3036 Pigritiam
720 2969 1030 3038 comprimit
1056 2969 1380 3033 constantia,
1410 2976 1464 3024 et
1497 2969 1785 3040 lacrymze;
1817 2969 1915 3022 tri-

2013 2519 2200 2573 κόπτει
2230 2518 2381 2579 ἐλπὶς
2407 2520 2439 2586 ἡ
2465 2519 2543 2581 εἰς
2575 2517 2723 2569 Θεόν.

2086 2607 2440 2676 Πλανώμενον
2493 2606 2616 2660 νοῦν
2684 2606 2961 2659 συστέλλει
3020 2606 3326 2674 ἀνάγνωσις
3382 2605 3587 2673 λογίων

2015 2698 2170 2762 Θεοῦ,
2208 2699 2301 2750 καὶ
2330 2697 2608 2768 ἀγρυπνία
2642 2697 2780 2767 μετᾶ
2829 2699 3158 2767 προσευχῆς.

2085 2787 2268 2858 Θυμοῦ
2305 2789 2363 2840 δὲ
2396 2787 2765 2859 καταδρομὴν,
2800 2788 3173 2859 καταπραΰνει
3210 2786 3583 2858 μακροθυμία.

2018 2881 2112 2933 καὶ
2140 2879 2451 2950 ψαλμῳδία.

2101 2970 2354 3039 ’Δκηδίαν
2403 2967 2754 3022 καταστέλλει
2793 2968 3057 3038 ὑπομονὴ,
3091 2968 3186 3021 καὶ
3231 2968 3462 3038 δάκρυα,
3490 2966 3588 3017 λύ-

351 3055 553 3109 stitiam
585 3065 763 3111 autem
831 3059 1166 3112 mundanam
1224 3060 1398 3127 sedat,
1457 3073 1522 3115 ac
1580 3060 1739 3114 silere
1789 3059 1917 3114 facit
2021 3077 2028 3094 ι

2035 3076 2130 3130 ιτην
2161 3059 2217 3111 δὲ
2268 3060 2537 3129 κοσμικὴν
2599 3058 2954 3126 κατασιγάζει
2982 3057 3041 3109 τὸ
3083 3058 3219 3127 πρὸς
3256 3055 3355 3118 τὰς
3396 3054 3589 3126 ἡδονὰς

350 3147 533 3202 odium
574 3150 833 3205 adversus
859 3151 1183 3219 voluptates.

421 3237 714 3294 Humilitas
768 3247 823 3293 et
878 3240 1093 3294 aversio
1147 3240 1217 3293 ab
1249 3253 1434 3293 amore
1483 3238 1816 3308 principatus
1867 3248 1920 3292 et

2026 3152 2202 3220 μῖσος.

2092 3241 2399 3306 Φιλοξενίαν
2427 3241 2623 3293 κτᾶται
2644 3237 3131 3311 ταπεινοφροσύνη,
3163 3238 3256 3290 καὶ
3276 3235 3588 3306 φιλαρχὶας,

350 3328 657 3384 eminentiae
717 3337 1034 3399 comparant
1090 3329 1541 3397 hospitalitatem:
1611 3329 1917 3397 superbiam
2027 3358 2028 3363 η

2035 3335 2121 3389 καὶ
2174 3333 2445 3401 ὑπεροχῆς
2486 3330 2824 3400 ἀποστροφὴ,
2870 3330 3252 3399 ὑπερηφανίαν
3279 3329 3361 3392 δὲ,
3391 3329 3451 3381 τὸ
3488 3330 3591 3398 ἁρ-

352 3433 481 3473 vero
510 3421 686 3489 (vetus
710 3420 936 3484 malum,
957 3421 1010 3472 in
1036 3430 1329 3487 conspectu
1357 3417 1572 3471 Domini
1602 3418 1923 3472 abominan-
1957 3410 1997 3464 Β
2025 3444 2028 3491 ί

2035 3426 2177 3493 χαῖον
2208 3421 2397 3483 κακὸν,
2425 3421 2486 3473 τὸ
2524 3418 2812 3490 βδελυκτὸν
2842 3417 3072 3471 ἐνώπιον
3117 3417 3347 3487 Κυρίου,
3465 3416 3591 3469 ἀνθ-
3636 3454 3641 3463 .

352 3510 507 3574 dum,
554 3511 642 3565 cui
672 3510 880 3566 resistit
907 3510 1070 3563 etiam
1101 3507 1261 3576 Deus)
1284 3523 1502 3564 cessare
1533 3509 1664 3563 facit
1689 3509 1926 3563 immen-

353 3619 415 3658 sa
438 3601 738 3666 humilitas,
779 3615 901 3669 quae
956 3600 1120 3655 dicit:
1165 3618 1184 3651 ‹
1224 3601 1336 3670 Ego
1385 3616 1507 3655 sum
1567 3610 1713 3657 terra
1755 3609 1809 3656 et
1850 3602 1927 3657 ci-

2030 3517 2244 3568 ίσταται
2270 3512 2416 3565 καὶ-ὁ
2437 3510 2589 3574 Θεὸς,
2621 3507 2931 3563 καταπαύει
2958 3507 3425 3578 ταπεινοφροσύνη
3455 3507 3596 3577 ἁμέ-

2024 3623 2241 3678 τρητος,
2273 3607 2306 3674 ἡ
2352 3603 2621 3672 λέγουσα·
2661 3620 2680 3653 ι
2728 3600 2870 3667 Ἐγὼ
2913 3601 3029 3669 εἰμὶ
3079 3601 3149 3669 γῆ
3188 3600 3279 3651 καὶ
3322 3599 3533 3661 σποδός.
3569 3619 3590 3650 ι

359 3694 447 3748 uis
478 3695 557 3757 ⁸¹;
600 3710 617 3743 ι
668 3701 722 3745 et
774 3707 1002 3746 rursus:
1069 3710 1088 3743 ‹
1125 3691 1239 3747 Nisi
1281 3690 1543 3747 Dominus
1585 3692 1929 3748 aedificaverit
2027 3702 2028 3707 ‘

2035 3698 2138 3752 Καὶ
2169 3694 2331 3749 πάλιν
2365 3712 2377 3723 ’
2418 3712 2437 3744 ι
2460 3693 2583 3746 Ἐὰν
2617 3693 2692 3762 μὴ
2725 3692 2932 3761 Κύριος
2960 3689 3289 3761 οἱκοδομήσῃ
3316 3683 3485 3751 οἷκον,
3517 3689 3593 3751 εἰς

357 3785 601 3847 domum,
636 3782 690 3835 in
724 3796 924 3835 vanum
961 3783 1248 3849 laboravit,
1280 3782 1373 3853 qui
1400 3783 1629 3839 aedificat
1655 3799 1777 3840 eam
1800 3784 1869 3851 ⁸³,
1905 3803 1927 3833 ι

366 3881 420 3926 et
449 3872 539 3940 qui
571 3880 800 3926 conatur
830 3872 1126 3926 custodire.

429 3963 581 4019 Sicut
613 3978 753 4033 aqua
790 3962 921 4018 faece
966 3963 1249 4033 inquinata
1293 3964 1544 4033 deputari
1577 3963 1932 4036 543-55ﬁ.

357 4068 466 4107 non
518 4060 695 4122 potest
724 4052 831 4106 nisi
874 4054 1134 4107 manserit
1163 4051 1408 4118 immota,
1435 4053 1508 4105 ita
1538 4066 1711 4121 neque
1758 4062 1932 4107 status

358 4143 611 4199 monachi
651 4143 872 4213 agnosci
902 4144 1045 4198 valet
1068 4145 1185 4199 sine
1205 4145 1407 4213 quiete.

434 4232 589 4288 Sicut
619 4233 1074 4302 impossibileest
1120 4240 1444 4288 certatorem
1480 4232 1766 4292 coronari,
1828 4229 1932 4287 nisi

362 4326 559 4380 luclam
591 4324 915 4389 exercuerit,
945 4325 1019 4377 ita
1052 4336 1154 4377 nec
1186 4331 1368 4392 potest
1390 4337 1511 4376 esse
1526 4322 1651 4390 quis
1674 4320 1937 4375 Christia-

362 4432 467 4471 nus
505 4415 714 4487 absque
737 4415 1152 4469 certaminibus.

433 4493 904 4572 Quemadmodum
939 4519 1049 4556 non
1090 4510 1175 4555 est
1202 4500 1431 4569 aequalis
1462 4499 1619 4563 libra,
1654 4513 1761 4552 una
1796 4512 1935 4567 prie-

362 4597 697 4666 ponderante
733 4603 905 4664 parte,
937 4594 1016 4648 sic
1049 4592 1160 4645 lieri
1184 4606 1288 4644 non
1322 4600 1496 4659 potest
1535 4599 1594 4644 ut
1623 4590 1935 4643 mandatum

365 4688 457 4742 Dei
510 4702 769 4760 prospere
815 4685 1142 4755 perficiatur,
1201 4698 1399 4738 cat-nco
1433 4699 1594 4739 sensu
1648 4684 1935 4754 praedomi-
1965 4732 2007 4784 υ

366 4792 548 4835 nante.

440 4869 593 4923 Sicut
627 4882 735 4921 non
771 4872 945 4937 potest
977 4863 1260 4919 addiscere
1289 4868 1484 4928 artem,
1516 4864 1611 4933 qui
1645 4864 1931 4934 diligenter

367 4960 417 5014 ei
462 4974 566 5014 non
605 4958 814 5013 dederit
849 4970 1093 5025 operam,
1123 4956 1194 5008 ita
1234 4971 1340 5009 non
1408 4963 1586 5023 potest
1634 4956 1933 5009 orationem

371 5050 672 5119 acquirere,
705 5047 797 5118 qui
827 5045 939 5102 Deo
967 5053 1115 5101 recto
1146 5060 1254 5100 non
1300 5044 1587 5099 adhaeserit
1614 5042 1793 5097 corde.

434 5234 696 5303 Quisquis
736 5248 926 5302 puram
952 5246 1059 5287 non
1094 5228 1427 5298 comparavit
1472 5225 1794 5287 orationem,
1831 5237 1937 5277 non

374 5327 538 5383 habet
564 5332 895 5379 armaturam
924 5323 991 5378 ad
1013 5322 1237 5380 bellum.

445 5416 548 5484 Qui
594 5423 816 5471 ornatus
856 5420 960 5478 est,
997 5422 1050 5466 et
1067 5411 1213 5466 velut
1242 5408 1421 5477 scopis
1446 5404 1762 5468 mundatus,
1787 5414 1943 5457 ever-

381 5504 455 5560 sis
515 5504 608 5557 Dei
637 5502 945 5567 virtutibus,
975 5501 1281 5556 daemonum
1330 5497 1433 5552 erit
1458 5493 1846 5549 habitacuium.

453 5678 503 5711 ”
536 5678 660 5729 ’Ien.
700 5677 958 5739 “11:327.
1037 5674 1080 5706 ⁵³
1106 5673 1249 5727 Psal.
1281 5687 1463 5730 cxm,
1503 5669 1549 5719 Ι.

2033 3791 2206 3861 μάτην
2232 3785 2521 3840 ἐκοπίασεν
2552 3786 2580 3837 ὁ
2609 3782 2925 3853 οἰκοδομῶν,
2959 3780 3053 3834 καὶ
3082 3780 3369 3850 φυλάττειν
3398 3777 3599 3850 πειρῶ.

2034 3893 2212 3948 μενος.

2112 3968 2197 4029 Ὠς
2244 3966 2343 4018 οὐκ
2396 3960 2511 4015 ἔστι
2558 3960 2926 4031 τεθολωμένον
2958 3957 3102 4028 ὕδωρ
3151 3955 3487 4027 καθαρεῦσαι
3523 3956 3601 4025 μὴ

2038 4052 2223 4121 μεῖναν
2267 4049 2579 4112 ἀσάλευτον,
2609 4047 2783 4109 οὕτως
2830 4048 2930 4099 οὐκ
2982 4046 3097 4098 ἔστι
3150 4045 3386 4116 μοναχοῦ
3433 4044 3603 4098 κατά-

2035 4157 2223 4194 στασιν
2253 4139 2567 4207 ἐπιγνῶναι,
2599 4138 2726 4192 ἄνευ
2755 4136 3005 4207 ἡσυχίας.

2117 4231 2204 4293 Ὠς
2257 4229 2517 4283 ἀδύνατόν
2573 4232 2716 4281 ἐστιν
2774 4227 3012 4295 ἀθλητὴν
3066 4224 3477 4294 στεφανωθῆναι
3525 4224 3601 4292 μὴ

2037 4318 2401 4383 παλαίσαντα,
2454 4317 2626 4381 οὕτως
2669 4319 2767 4369 οῦκ
2813 4316 2931 4368 ἔστι
2980 4315 3231 4383 γενέσθαι
3277 4312 3602 4383 Χριστιανὸν

2037 4410 2163 4462 ἄνευ
2197 4408 2439 4476 ἀγώνων.

2119 4501 2205 4563 Ὧς
2250 4500 2349 4552 οὐκ
2399 4499 2544 4551 ἔστιν
2591 4498 2702 4560 ἴσος
2744 4497 2773 4549 ὁ
2801 4496 2983 4564 ζυγὸς,
3021 4494 3313 4565 βαροῦντος
3360 4490 3453 4546 τοῦ
3488 4491 3606 4553 ἑνὸς

2044 4594 2264 4663 μέρους,
2314 4591 2485 4653 οὕτως
2512 4592 2611 4643 οὐκ
2659 4588 2775 4641 εστι
2823 4586 3165 4658 κατορθῶσαι
3195 4583 3413 4654 ἐντολὴν
3446 4581 3603 4645 Θεοῦ,

2042 4680 2509 4753 κατακρατοῦντος
2534 4679 2625 4732 τοῦ
2661 4677 2921 4749 σαρκικοῦ
2954 4677 3301 4746 φρονήματος

2115 4859 2324 4927 Ὥσπερ
2374 4856 2473 4909 οὐκ
2507 4855 2624 4907 ἐστι
2662 4854 2852 4924 μαθεῖν
2901 4854 3117 4923 τέχνην,
3155 4851 3229 4921 μὴ
3272 4849 3608 4920 σχολάσαντα

2043 4947 2339 5017 ἐπιμελῶς,
2372 4946 2544 5009 οὕτως
2573 4947 2673 4999 οὐκ
2701 4945 2816 4997 ἐστι
2845 4943 3151 5011 κτήσασθαι
3192 4941 3501 5012 προσευχὴν
3533 4939 3607 5007 μὴ

2045 5037 2604 5109 προσκαρτερήσαντα
2642 5034 2720 5105 τῷ
2771 5033 2891 5103 Θεῷ
2935 5034 2994 5085 ἐν
3045 5031 3229 5102 εὐθείᾳ
3259 5029 3476 5100 καρδίᾳ.

2128 5217 2185 5270 ’0
2227 5217 2300 5287 μὴ
2345 5215 2681 5287 κεκτημένος
2723 5211 3034 5285 προσευχὴν
3057 5208 3323 5279 καθαρὰν,
3361 5207 3462 5259 οὐκ
3498 5205 3611 5274 ἔχει

2045 5306 2137 5359 ὄπ)
2148 5323 2207 5359 ον
2240 5308 2319 5370 εἰς
2349 5305 2603 5375 πόλεμον.

2128 5400 2186 5454 ⁸0
2229 5400 2658 5469 κεκοσμημένος,
2701 5397 2795 5449 καὶ
2838 5391 3219 5464 σεσαρωμένος
3258 5390 3365 5443 ἀπὸ
3405 5389 3609 5461 ἀρετῶν

2046 5492 2203 5557 Θεοῦ,
2238 5491 2650 5562 κατοικητήριον
2681 5487 2830 5541 ἔσται
2864 5486 3150 5555 δαιμόνων.
3260 5490 3272 5501 “
