4066 6146
477 263 607 327 1237
688 285 698 296 ‘

469 469 642 532 οὕτως
683 468 745 522 οὐ
785 467 1098 537 κατοικήσει
1127 466 1361 536 Χριστος
1399 469 1456 519 ἐν
1495 467 1639 540 ψυχῇ
1675 473 2038 546 ρερυπωμένῃ

471 565 580 619 άπὸ
611 561 902 630 ἁμαρτίας.
1096 619 1110 640 δ

545 654 756 724 Ὠσπερ
799 653 1071 720 ἀνήμερος
1117 647 1280 710 τόπος
1308 647 1608 718 ἡμεροῦται
1653 649 1721 702 δι’
1749 650 2042 719 ἐπιμελοῦς

474 743 782 815 φιλεργίας,
813 740 988 815 οὕτως
1035 739 1182 810 ψυχὴ
1213 738 1550 808 ἀγριωθεῖσα
1583 741 1703 802 ταῖς
1748 741 2043 811 ἁμαρτίαις

474 831 796 904 ⁴ἡμεροῦται,
827 809 1052 898 είίνόμῳ
1077 829 1212 881 Θεοῦ
1244 828 1647 882 πολιτεύσεται.

546 923 756 991 Ὥσπερ
788 920 965 990 πέτρα
998 915 1134 972 οὖσα
1163 921 1220 972 ἐν
1251 919 1494 990 Θαλάσσῃ
1525 919 1713 988 ὲδραία
1747 919 1920 989 μένει,
1951 921 2048 972 καὶ

476 1011 770 1078 ἀσάλευτος
791 1010 1238 1080 κατακρουομένη
1273 1009 1376 1062 ὑπο
1401 1010 1681 1078 κυμάτων,
1715 1009 1858 1062 οὕτω
1889 1011 1980 1064 καὶ
2021 1011 2050 1063 6

475 1101 574 1165 τὰς
605 1101 808 1170 ἀρετάς
833 1099 1208 1168 κατορθώσας,
1240 1105 1335 1154 καὶ
1363 1101 1588 1164 ταύταις
1639 1100 1774 1164 ὅλως
1803 1102 2049 1170 ἀνακρα-

477 1193 610 1255 θεὶς,
643 1191 705 1244 οὐ
743 1190 818 1261 μὴ
849 1189 1083 1260 σαλευθῇ
1115 1190 1218 1243 ὑπὸ
1243 1189 1336 1244 τοῦ
1360 1190 1630 1244 διαόόλου.

557 1365 766 1434 ’Ὠσπερ
813 1363 1000 1434 ἰατρὸς
1031 1364 1168 1435 πρὸς
1218 1365 1317 1434 τὴν
1359 1365 1455 1418 τοῦ
1504 1365 1710 1428 πάθους
1753 1364 2054 1435 θεραπείαν

487 1457 692 1510 ἐπινοεῖ
717 1455 777 1508 τὸ
801 1454 1112 1526 φάρμακον,
1142 1455 1314 1519 οὕτως
1348 1457 1440 1508 καὶ
1481 1458 1514 1527 ἠ
1557 1457 1756 1524 γνῶσις
1794 1457 1887 1508 τοῦ
1918 1455 2054 1508 Θεοῦ

490 1543 897 1615 συντηρουμένη
925 1543 1167 1597 διδάσκει
1211 1545 1301 1598 τὺν
1337 1545 1633 1615 μετέχοντα
1682 1547 1872 1616 αὐτῆς,
1909 1546 2058 1610 ὅπως

489 1635 554 1688 ἂν
582 1633 938 1704 διαφυλαχθῇ,
977 1633 1072 1686 καὶ
1101 1633 1191 1686 ἐπὶ
1221 1633 1442 1703 μείζονα
1471 1633 1742 1702 προέλθοι.

1558 264 2002 326 INSTITUTIO
2033 267 2132 327 AD

545 380 638 440 Ὠς
665 378 766 430 οὐκ
793 376 908 429 ἐστι
937 375 1258 444 κατοικῆσαι
1289 375 1510 444 βασιλέα
1541 377 1596 430 ἐν
1623 379 1759 450 οἴκῳ
1789 381 2048 446 πένητος,
2073 388 2111 440 Λ

2199 265 2622 326 ΜυΝΑεΗοδ.
2961 311 2971 314 -
3573 260 3708 324 1333

2227 379 2317 434 Uti
2349 395 2457 433 non
2489 379 2617 432 licet
2648 391 2825 448 regem
2860 377 2912 430 in
2941 369 3104 430 domo
3159 374 3410 444 pauperis
3447 372 3708 438 habitare,

2145 469 2217 522 ita
2253 483 2430 538 neque
2459 467 2713 523 Christus
2761 465 3026 520 habitabit
3057 465 3111 517 in
3147 464 3348 529 anima,
3379 477 3499 532 qua;
3529 463 3712 532 inqut-

2143 567 2268 612 nata
2295 565 2378 612 est
2407 573 2437 611 a
2479 566 2718 627 peccato.

2217 647 2388 703 Sicuti
2421 649 2575 703 locus
2605 647 2841 702 incultus
2875 661 2972 717 per
3017 651 3325 699 accuratam
3388 642 3714 698 elaboratio-

2145 755 2268 795 nem
2323 739 2616 802 excolitur,
2663 739 2742 792 sic
2769 737 2948 792 anima
2989 735 3060 790 ob
3112 743 3330 804 peccata
3395 735 3713 798 silvescens.

2148 831 2445 900 mitigatur.
2483 829 2544 884 si:
2563 829 2678 898 lege
2719 827 2811 882 Dei
2853 827 3206 896 gubernetur.

2217 920 2686 987 Quemadmodum
2717 918 2974 987 scapulus
3003 917 3056 970 in
3090 915 3226 970 mari
3259 914 3468 984 positus
3529 914 3718 968 ﬁrmus

2149 1011 2615 1077 inconcussusquc
2647 1015 2930 1076 permanet
2969 998 3048 1060 'ab
3106 1004 3269 1058 undis
3335 1003 3590 1069 collisus;
3647 1004 3718 1056 ita

2149 1108 2206 1154 et
2235 1100 2327 1170 qui
2357 1113 2616 1170 prospere
2649 1099 2880 1153 virtutes
2942 1097 3296 1164 compararit,
3349 1095 3593 1165 ipsisque
3651 1094 3724 1148 sit

2151 1191 2378 1246 omnino
2439 1196 2850 1258 attemperatus,
2907 1201 3184 1258 nunquam
3224 1202 3255 1242 ε
3315 1186 3531 1242 diabolo
3589 1201 3723 1242 con-

2153 1282 2414 1337 cutietur.

2225 1373 2379 1428 Sicut
2404 1373 2649 1428 medicus
2717 1373 3014 1428 remedium
3091 1371 3363 1442 excogitat
3423 1369 3490 1424 ad
3547 1367 3724 1424 morbi

2155 1464 2512 1530 curationem,
2548 1463 2624 1518 ita
2675 1462 2768 1517 Dei
2807 1464 3044 1534 cognitio
3099 1463 3373 1518 custodita
3418 1461 3576 1516 docet
3599 1475 3723 1514 eum

2157 1556 2252 1626 qui
2281 1556 2556 1626 particeps
2574 1556 2720 1612 illius
2745 1564 2847 1622 est,
2871 1555 3146 1626 quomodo
3173 1569 3293 1610 sese
3319 1560 3519 1618 servet,
3552 1552 3728 1620 adque
3751 1584 3754 1588 ι

2158 1645 2366 1716 majora
2392 1647 2688 1715 perveniat.

565 1725 774 1794 ’Ὠσπερ
836 1723 1082 1795 χαράδρα
1144 1725 1342 1794 ἑαυτῆς
1393 1727 1680 1794 ἐμποείται
1734 1726 1833 1797 τὴν
1886 1727 2056 1782 διόδον

2229 1735 2696 1804 Quemadmodum
2746 1745 2962 1792 torrens
3009 1751 3040 1791 e
3089 1735 3346 1805 praecipiti
3403 1731 3564 1804 555
3608 1731 3730 1784 loco

492 1815 634 1869 οὕτω
663 1817 758 1868 καὶ
803 1815 1045 1886 ἁμαρτία
1093 1814 1494 1886 παραδεχθεῖσα
1536 1817 1938 1888 κατεργάζεται
1967 1817 2062 1871 τοῦ

494 1905 830 1975 κεκτημένου
861 1905 1030 1976 αὐτῆς
1059 1904 1156 1976 τὴν
1180 1904 1478 1962 ἀπώλειαν.

580 1997 664 2060 Ὠς
693 1997 792 2050 οὐκ
819 1995 967 2050 ἐστιν
996 1997 1075 2058 είς
1109 1997 1230 2050 λίνα
1271 1997 1580 2068 ἐμπεσόντα
1607 1998 1806 2068 ἔλαφον
1827 2000 2066 2072 εὐχερῶς

499 2089 777 2156 ἐκφυγεῖν,
809 2088 980 2152 οὕτως
1020 2090 1084 2142 οὑ
1131 2088 1205 2160 μὴ
1237 2089 1382 2160 φύγῃ
1441 2091 1712 2162 ἁμαρτίαν
1755 2093 1784 2144 6
1820 2091 1919 2155 τὰς
1949 2094 2069 2145 ἐπι-

500 2175 696 2248 θυμίας
737 2177 994 2242 ἐκτελῶν,
1033 2179 1125 2232 καὶ
1168 2180 1226 2231 ὲν
1257 2179 1334 2250 τῷ
1365 2180 1552 2251 κόσμῳ
1597 2181 1773 2253 τούτῳ
1802 2185 2068 2254 ἀναστρε-

503 2271 765 2338 φόμενος*
796 2269 1082 2341 ἐπιθυμίαι
1111 2271 1218 2342 γὰρ
1248 2272 1504 2344 πονηραὶ,
1534 2273 1626 2328 καὶ
1653 2273 1860 2343 ἡδοναὶ,
1893 2274 2070 2344 σειραὶ

503 2359 768 2414 ὃύσλυτοι.

579 2451 789 2522 ’Ὠσπερ
837 2452 1096 2523 ἄμπελος,
1151 2455 1226 2525 μὴ
1275 2454 1504 2507 ποιοῦσα
1551 2455 1798 2526 καρποὺς
1849 2455 2071 2520 καλοὺς,

509 2542 828 2595 ἐκκόπτεται
859 2543 943 2595 ἵνα
977 2545 1050 2616 μὴ
1081 2545 1172 2597 τὸν
1221 2544 1387 2596 τόπον
1437 2550 1706 2618 καταργῇ,
1757 2545 1929 2610 οὕτως
1979 2548 2072 2602 καὶ

509 2633 616 2687 ἀπὺ
667 2635 757 2686 τοῦ
811 2634 1013 2704 Κυρίου
1072 2635 1502 2704 ἐκριζωθήσεται
1551 2637 1659 2699 πᾶς
1707 2638 1735 2690 6
1780 2635 1855 2706 μὴ
1907 2636 2074 2691 ποιῶν

511 2727 752 2796 καρποὺς
784 2726 1095 2794 Πνεύματος
1124 2727 1302 2794 ἁγίου.

591 2814 676 2879 Ὦς
706 2817 1004 2886 ἀμήχανον,
1047 2817 1120 2886 μὴ
1149 2817 1409 2886 βλαϐῆναι
1438 2817 1722 2888 ἄνθρωπον
1739 2817 2077 2889 κρουσθέντα

514 2907 617 2960 ὑπὸ
647 2906 854 2976 βέλους,
873 2906 1044 2971 οὕτως
1067 2907 1323 2962 αδύνατόν
1352 2911 1490 2972 ἐστι,
1524 2909 1756 2980 μοναχὸν
1783 2909 2077 2973 καταδεξά-

517 3013 672 3068 μενον
700 2998 960 3067 λογισμὸν
988 2999 1224 3069 πονηρὸν
1257 3000 1330 3070 μὴ
1359 2999 1653 3070 τρωθῆναι.
1717 2997 1744 3008 “

2163 1826 2463 1882 decurrens
2501 1827 2642 1880 viam
2675 1826 2778 1880 sibi
2809 1825 3022 1889 sternit,
3071 1826 3146 1878 ita
3199 1833 3476 1892 peccatum
3523 1819 3728 1874 admis-

2166 1933 2286 1974 sum
2313 1925 2564 1988 procreat
2591 1917 2818 1971 exitium
2851 1916 3016 1981 illius,
3049 1915 3143 1984 qui
3172 1915 3350 1984 ipsum
3396 1909 3660 1982 possedit.

2239 2009 2324 2064 Uti
2355 2023 2570 2074 cervus,
2609 2009 2702 2078 qui
2732 2008 2926 2063 incidit
2970 2007 3024 2062 in
3052 2007 3210 2074 retia,
3235 2005 3476 2076 effugere
3505 2016 3612 2059 non
3637 2018 3735 2072 po-

2168 2109 2291 2166 test,
2323 2101 2397 2154 ita
2417 2115 2526 2154 non
2557 2097 2746 2170 eﬂ'ugit
2773 2106 3057 2169 peccatum
3102 2097 3198 2166 qui
3246 2111 3376 2150 suas
3405 2094 3614 2164 perlicit
3638 2107 3736 2146 cu-

2168 2191 2442 2262 piditates,
2498 2190 2662 2260 inque
2695 2189 2800 2244 hoe
2849 2189 3055 2243 mundo
3085 2193 3473 2252 conversatur;
3529 2184 3737 2252 cupidi-

2173 2285 2312 2333 tates
2331 2278 2531 2348 quippe
2561 2291 2850 2346 perversae,
2877 2283 2932 2330 et
2976 2275 3295 2344 voluptates,
3337 2281 3540 2328 catenae
3585 2281 3733 2335 sunt,

2171 2384 2293 2438 quae
2329 2367 2614 2422 dilliculter
2647 2367 2782 2423 solvi
2827 2374 3074 2436 possunt.

2242 2461 2396 2516 Sicut
2425 2459 2546 2515 vitis
2584 2473 2694 2514 non
2721 2458 2902 2514 ferens
2931 2457 3143 2512 fructus
3174 2457 3346 2512 bonos
3383 2451 3736 2515 exscinditur,

2175 2569 2244 2610 ne
2285 2555 2464 2608 locum
2493 2551 2710 2607 frustra.
2747 2557 2999 2620 occupet,
3035 2549 3110 2604 ita
3147 2557 3202 2603 et
3225 2563 3256 2602 a
3279 2547 3510 2603 Domino
3542 2545 3742 2600 exstir-

2173 2645 2391 2718 pabitur
2432 2643 2612 2700 omnis
2685 2641 2779 2712 qui
2836 2639 3071 2711 Spiritus
3132 2637 3306 2695 sancti
3369 2635 3578 2692 fructus
3632 2647 3742 2688 non

2177 2737 2333 2793 feret.

2250 2829 2320 2886 Ut
2347 2826 2685 2898 impossibile
2713 2833 2798 2882 est
2823 2823 2969 2896 quod
3004 2825 3170 2879 homo
3216 2837 3245 2877 a
3275 2821 3458 2893 jaculo
3497 2817 3746 2874 conﬁxus

2178 2937 2284 2977 non
2335 2922 2582 2986 laedatur,
2615 2919 2696 2974 sic
2722 2934 2828 2974 non
2855 2929 2936 2972 est
2973 2916 3238 2987 possibile
3269 2915 3618 2976 monachum,
3651 2913 3744 2980 qui

2180 3013 2376 3068 malam
2407 3011 2644 3066 admittit
2669 3008 3074 3080 cogitationem,
3102 3021 3210 3060 non
3240 3003 3535 3067 vulnerari.

585 3091 794 3161 Ὥσπερ
835 3093 863 3143 6
889 3089 1119 3156 ἐξελθὼν
1149 3089 1266 3143 ὀδοῦ
1303 3091 1544 3155 εὐθείας,
1597 3091 1865 3150 πλανᾶται
1895 3093 1952 3146 ἐν
1983 3091 2078 3144 ἀλ-

2251 3099 2720 3169 Quemadmodum
2785 3099 2878 3168 qui
2941 3113 2971 3152 a
3019 3105 3167 3152 recta
3225 3095 3336 3150 exit
3383 3095 3468 3147 via
3521 3098 3750 3161 vagatur

513 3177 716 3250 λοδαπῇ
747 3177 920 3250 χώρᾳ,
957 3179 1030 3248 μὴ
1065 3179 1428 3249 ἐπιστάμενος
1461 3178 1562 3250 ποῦ
1591 3179 1905 3250 πορεύεται,
1935 3178 2078 3234 οὕτω

515 3269 606 3320 καὶ
637 3269 918 3338 ἄνθρωπος
953 3269 1220 3322 πλανᾶται
1257 3271 1334 3340 μὴ
1383 3249 1656 3325 πιστεύων
1690 3271 1770 3332 εἰς
1799 3270 2080 3340 ὁμοούσιον

517 3359 742 3428 Τριάδα.

587 3449 796 3520 ’Ὠσπερ
851 3467 937 3512 τις
991 3451 1072 3512 εἰς
1120 3449 1290 3504 πολλὰ
1341 3450 1720 3522 διαιρούμενος
1763 3450 1822 3504 ἓν
1859 3451 1975 3504 ἐστι
2015 3453 2082 3522 τῇ

519 3539 699 3607 φύσει,
733 3539 904 3602 οὕτως
932 3540 1027 3592 καὶ
1053 3543 1086 3610 ἡ
1127 3539 1258 3608 ἁγία
1290 3539 1480 3612 Τριὰς,
1518 3543 1566 3595 εί
1598 3543 1694 3595 καὶ
1721 3544 1832 3606 τοῖς
1857 3543 2085 3612 ὀνόμασι

519 3632 612 3682 καὶ
657 3631 778 3692 ταῖς
807 3629 1136 3684 ὑποστάσεσι
1165 3630 1438 3703 διῄρηται,
1493 3633 1557 3702 τῇ
1610 3633 1768 3701 φύσει
1819 3631 1916 3702 μία
1946 3632 2082 3685 ἐστί.

519 3719 653 3772 Θεοῦ
697 3719 858 3788 φύσιν
891 3723 952 3774 οὐ
989 3720 1340 3786 καταλάϐοις,
1376 3720 1484 3774 οὐδ’
1519 3723 1568 3774 εί
1606 3725 1822 3792 πτεροῖς
1854 3723 2088 3792 πετόμε-

520 3827 628 3874 νος,
653 3814 680 3864 6
707 3811 838 3875 Θεὸς
864 3811 1246 3883 ἀκατάληπτός
1276 3815 1416 3878 ἐστι,
1451 3811 1530 3866 διὸ
1559 3813 1652 3866 καὶ
1683 3813 1904 3883 κτίστης
1933 3812 2090 3882 ἡμῶν

519 3905 684 3957 ἐστιν.

595 4016 805 4086 Ὠσπερ
843 4017 904 4068 τὸ
947 4017 1488 4086 κατασκευαζόμενον
1521 4017 1712 4079 σκεῦος
1773 4016 1959 4084 ἁγνοεῖ
1997 4013 2090 4066 τοῦ

527 4103 1038 4165 κατασκευάσαντος
1077 4103 1174 4173 τὴν
1227 4103 1400 4174 ἀρχὴν
1446 4107 1539 4158 καὶ
1587 4107 1685 4175 τὴν
1730 4105 1912 4174 φύσιν,
1951 4103 2096 4156 οὕτω

527 4191 616 4242 καὶ
651 4190 938 4264 ἅνθρωπος
971 4193 1032 4246 οὐ
1067 4193 1354 4264 δυνήσεται
1389 4195 1628 4266 ἐξευρεῖν
1673 4195 1808 4248 Θεοῦ
1845 4193 2007 4263 φύσιν
2061 4191 2094 4262 ἦ

529 4279 720 4350 ἀρχήν-
1219 4269 1234 4285 ⁸

600 4391 802 4459 Τριάδα
833 4392 908 4462 μὴ
938 4394 1324 4462 περιεργάζου,
1360 4395 1496 4447 ἀλλὰ
1539 4396 1696 4464 μόνον
1731 4393 1974 4458 πίστευε,
2001 4393 2096 4448 καὶ

533 4481 842 4547 προσκύνει*
873 4486 902 4536 6
931 4485 1040 4554 γὰρ
1069 4485 1566 4556 περιεργαζόμενος
1595 4487 1654 4538 οὐ
1687 4487 1953 4541 πιστεύει.

604 4679 891 4748 Κτήσασθε
925 4678 1118 4746 σοφίαν
1147 4679 1240 4732 καὶ
1275 4680 1349 4750 μὴ
1383 4679 1666 4750 ἀργύριον,
1699 4680 1960 4750 ποιήσατε
1992 4695 2103 4748 φω-

535 4767 708 4820 τεινὸν
733 4769 941 4838 ἔνδυμα
984 4767 1222 4839 Χριστοῦ
1254 4768 1348 4820 τοῦ
1379 4769 1588 4838 Κυρίου
1616 4771 1795 4840 ἡμῶν,
1829 4771 1969 4839 ὑπὲρ
1990 4770 2102 4840 πᾶ·

539 4877 637 4913 σαν
667 4861 859 4930 στολὴν
903 4861 1182 4930 βυσσίνην,
1217 4860 1300 4912 ὅτι
1340 4860 1440 4912 οὐκ
1481 4861 1752 4933 ὠφελήσει
1788 4839 2103 4932 ὑπάρχοντα

539 4955 595 5004 ἐν
620 4952 806 5022 ἡμέρᾳ
841 4951 1094 5005 θανάτου.

607 5067 818 5136 Ὥσπερ
850 5065 960 5138 πῦρ
1002 5065 1390 5118 καταναλίσκει
1421 5064 1642 5134 δρυμὸν,
1684 5063 1826 5116 οὕτω
1867 5081 2104 5120 κατανα-

537 5155 839 5225 λωθήσεται
869 5157 975 5217 πᾶς
1017 5151 1343 5224 ἁμαρτωλὸς
1375 5152 1478 5204 ὑπὸ
1523 5152 1614 5206 τοῦ
1661 5153 1875 5204 αἰωνίου
1909 5154 2100 5224 πυρὸς,

537 5249 632 5300 καὶ
656 5248 715 5300 οὐ
751 5245 969 5298 δύναται
994 5243 1336 5312 τελευτῆσαι·
1374 5241 1614 5295 ἀθάνατα
1646 5243 1752 5312 γὰρ
1780 5241 2109 5316 βασανισθή-

543 5353 716 5388 σεται.

615 5449 780 5501 Οὐδὲν
813 5448 972 5518 μέγα,
1001 5448 1048 5499 εί
1076 5441 1340 5514 γινόμεθα
1366 5439 1580 5506 δίκαιοι,
1601 5441 1628 5495 ὃ
1650 5443 1758 5512 γὰρ
1783 5443 2110 5514 ἐκτίσοημεν

545 5537 650 5588 ὑπῦ
699 5536 791 5588 τοῦ
840 5536 972 5588 Θεοῦ
1025 5534 1260 5604 πρῶτον,
1303 5528 1454 5583 καλοὶ
1508 5531 1648 5604 λίαν,
1701 5530 1856 5582 τοῦτο
1895 5534 2115 5602 γενησό-

550 5627 687 5694 μῑῢα

2179 3209 2368 3251 errans
2397 3193 2450 3246 in
2475 3191 2652 3246 aliena
2682 3190 2922 3260 regione,
2945 3187 3191 3243 nesciens
3223 3200 3333 3256 quo
3353 3183 3748 3255 progrediatur,

2183 3287 2254 3342 ita
2285 3293 2339 3340 et
2361 3285 2526 3339 homo
2557 3282 2792 3346 aberrat,
2825 3281 2920 3351 qui
2945 3294 3052 3335 non
3102 3277 3275 3334 credit
3327 3275 3383 3330 in
3428 3271 3749 3329 Trinitatem

2183 3375 2720 3433 consubstantialem.

2257 3467 2410 3522 Sicut
2442 3465 2660 3536 aliquis,
2691 3451 2745 3519 in
2772 3463 2926 3534 plura
2955 3461 3185 3526 divisus,
3212 3469 3297 3516 est
3337 3475 3504 3516 unum
3536 3470 3748 3519 natura,

2187 3565 2264 3619 sic
2287 3571 2342 3618 et
2369 3571 2556 3618 sancta
2598 3559 2857 3625 Trinitas,
2889 3557 2991 3614 etsi
3021 3557 3387 3628 distinguatur
3433 3553 3752 3610 nominibus

2189 3665 2243 3709 et
2290 3651 2678 3715 subsistentiis,
2715 3666 2823 3704 una
2867 3659 2950 3705 est
2977 3649 3190 3704 natura.
3223 3648 3317 3702 Dei
3363 3656 3613 3702 naturam
3648 3641 3754 3698 mi-

2193 3743 2338 3797 nime
2385 3739 2836 3809 comprehendes.
2888 3752 3067 3806 neque
3095 3739 3142 3791 si
3186 3752 3308 3792 cum
3381 3737 3484 3791 alis
3543 3735 3754 3790 volites.

2195 3833 2338 3888 Deus
2370 3829 2936 3898 incomprehensibilis
2983 3839 3088 3892 est,
3157 3828 3384 3897 ideoque
3443 3837 3626 3884 noster
3677 3834 3761 3880 est

2193 3923 2462 3977 conditor.

2269 4033 2339 4087 Ut
2371 4049 2465 4088 vas
2510 4033 2742 4087 eﬂictum
2801 4029 3016 4099 ignorat
3067 4029 3418 4098 principium,
3467 4037 3629 4097 atque
3667 4045 3766 4081 na-

2202 4135 2378 4179 turam
2414 4125 2578 4194 ﬁguli,
2607 4125 2684 4178 sic
2709 4131 2764 4176 et
2794 4123 2979 4186 homo,
3032 4120 3125 4174 Dei
3179 4128 3450 4180 naturam,
3504 4129 3558 4173 et
3611 4119 3768 4188 priu-

2201 4216 2396 4286 cipium
2433 4230 2774 4286 nequaquam
2807 4211 3005 4283 poterit
3043 4210 3378 4266 adinvenire.

2273 4393 2594 4447 Trinitatem
2652 4405 2720 4444 ne
2761 4387 3034 4444 curiosius
3079 4385 3356 4454 exquiras,
3417 4384 3510 4437 sed
3561 4391 3769 4438 tantum

2203 4486 2384 4548 crede,
2408 4492 2570 4553 atque
2610 4483 2800 4548 adora,
2831 4495 2957 4535 nam
2987 4478 3204 4536 curiose
3251 4483 3630 4547 "perscrutans,
3662 4487 3764 4528 nox

2202 4575 2392 4631 credit.

2270 4685 2549 4756 Acquirite
2593 4683 2940 4754 sapientiam,
2971 4693 3029 4739 et
3077 4697 3184 4738 non
3246 4685 3550 4748 argentum,
3615 4673 3774 4728 facite

2205 4775 2446 4829 lucidum
2500 4773 2878 4828 indumentum
2928 4771 3132 4826 Christi
3165 4767 3376 4824 Domini
3405 4765 3576 4822 nostri
3616 4763 3777 4834 556

2207 4865 2743 4934 plusquampmnem
2793 4870 2994 4916 vestem
3024 4860 3322 4924 byssinam,
3381 4857 3508 4928 quia
3540 4870 3670 4924 opes
3721 4853 3777 4907 in

2210 4955 2298 5010 die
2345 4953 2536 5008 mortis
2567 4955 2770 5008 nullius
2803 4959 2963 5006 erunt
2999 4949 3322 5018 juvamenti.

2281 5065 2750 5134 Quemadmodum
2798 5063 2937 5134 ignis
2974 5062 3244 5117 consumit
3294 5059 3654 5122 senticetum,
3707 5058 3778 5110 ita

2213 5160 2394 5214 omnis
2422 5166 2674 5228 peccator
2721 5155 2791 5210 ab
2841 5162 3043 5208 αξιοι·ηο
3078 5161 3433 5206 consumetur
3489 5151 3630 5220 igne,
3683 5165 3782 5201 ιιι-ρ

2217 5255 2393 5316 potest
2424 5245 2585 5308 mori,
2653 5259 2777 5299 nam
2812 5240 3192 5296 immortaliter
3224 5239 3584 5310 torquebitur.

2287 5436 2428 5490 Nihil
2460 5448 2736 5501 magnum,
2792 5432 2835 5486 si
2866 5431 3000 5500 justi
3037 5430 3322 5496 fuerimus,
3379 5429 3520 5500 quod
3565 5431 3708 5484 cnim
3753 5445 3784 5482 a

2223 5532 2334 5582 Deo
2383 5526 2616 5596 primum
2658 5525 2860 5579 conditi
2893 5538 3106 5587 sumus,
3143 5523 3421 5587 nimirum,
3459 5521 3585 5575 boui
3630 5519 3785 5574 valde

2225 5622 2276 5676 id
2326 5616 2636 5671 evademus.
