4066 6146
366 284 503 351 1239

359 494 561 542 servat.

430 574 618 628 Omnis
678 572 943 641 sapientia
992 580 1075 626 est
1132 571 1323 626 timere
1376 572 1662 628 Dominum
1702 575 1924 631 :omnis

359 680 487 720 vero
515 663 822 732 disciplina,
851 678 972 733 qum
997 663 1167 731 legem
1200 661 1414 718 Domini
1442 680 1545 719 non
1582 664 1757 731 docet,
1786 667 1923 721 stul-

360 754 476 808 titia
511 761 594 807 cst
628 761 683 806 et
732 752 1061 821 insipientia.

430 842 587 899 Fides
617 852 670 898 et
711 840 1015 913 baptismus
1071 861 1177 899 non
1210 852 1404 900 eruent
1440 845 1509 899 ab
1540 853 1747 900 aeterno
1799 846 1922 915 igne

354 932 559 1001 absque
605 932 861 1000 operibus
885 933 1131 1003 justitiaa.
1164 932 1220 989 Si
1253 935 1392 989 enim
1431 936 1677 1003 ejusdem
1722 953 1783 992 es
1828 954 1922 993 or-

352 1023 494 1078 dinis
516 1031 569 1077 et
600 1023 792 1079 classis
826 1040 948 1078 cum
976 1023 1213 1087 Christo,
1239 1026 1489 1079 mandata
1518 1026 1636 1095 ejus
1665 1027 1915 1094 observa,

352 1122 405 1166 et
433 1113 479 1168 si
508 1114 684 1169 credis
733 1113 944 1179 futura,
987 1126 1243 1169 aeternam
1299 1131 1499 1171 conare
1529 1119 1748 1185 assequi
1801 1119 1918 1187 glo-

352 1204 509 1268 riam,
543 1204 963 1275 llammeumque
1024 1206 1266 1276 gladium
1324 1209 1491 1273 time;
1538 1208 1584 1262 si
1626 1223 1753 1264 vero
1809 1224 1918 1263 non

353 1304 498 1350 recte
546 1297 789 1358 custodis
838 1307 1102 1368 praecepta
1156 1298 1270 1364 Dei,
1311 1313 1380 1353 ue
1419 1299 1650 1367 teipsum
1709 1300 1916 1355 lidelem

349 1386 519 1440 dicas.
618 1418 625 1425 ι

417 1475 606 1533 Omnis
636 1487 881 1534 creatura
920 1478 1099 1534 ohedit
1136 1477 1229 1535 Dei
1262 1489 1549 1549 praecepto.
1601 1478 1774 1535 Homo
1823 1496 1917 1535 so-

348 1566 434 1623 lus
510 1584 617 1627 non
692 1570 1029 1642 obtemperat
1077 1571 1147 1637 ei,
1191 1584 1285 1641 per
1347 1586 1509 1641 quem
1580 1569 1720 1626 facta
1790 1580 1918 1626 sunt

348 1674 551 1713 omnia.

1825 296 1885 353 S.
1940 294 2103 354 NlL-I

430 393 535 459 Qui
593 403 783 464 praeter
848 402 1093 449 naturam
1151 394 1302 462 vivit,
1357 394 1452 449 Dei
1501 395 1753 449 mandata
1816 412 1920 450 non
1954 406 1997 459 Α

3457 291 3602 367 Ῑέἄα

2104 400 2163 450 Ὀ
2197 397 2348 468 παρὰ
2381 397 2543 468 φύσιν
2571 397 2723 468 βιῶν,
2753 395 2814 450 οὐ
2841 398 2996 468 τηρεῖ
3027 396 3242 461 ἐντολὰς
3268 398 3423 452 Θεοῦ.

2095 575 2250 628 Πᾶσα
2278 574 2438 643 σοφία
2467 572 2747 642 φοσεῖσθαι
2773 571 2864 624 τὸν
2892 570 3118 642 Κύριον,
3168 573 3315 626 πᾶσα
3361 572 3418 625 δὲ
3462 590 3600 626 παι-

2021 666 2190 736 δείαή
2221 665 2297 737 μὴ
2326 666 2647 718 διδάσκουσα
2669 664 2829 732 νόμον
2853 664 3077 734 Κυρίου,
3110 663 3292 734 μωρία
3341 665 3460 716 ἐστὶ
3497 669 3595 719 καὶ

2022 759 2319 830 ἀφροσύνη.

2090 851 2163 903 Οὐ
2221 850 2443 922 ῥύσεται
2506 847 2688 909 πίστις
2749 847 2843 899 καὶ
2893 845 3174 915 βάπτισμα
3218 842 3314 897 τοῦ
3367 847 3601 898 αίωνίοιι

2020 941 2213 1009 πυρὸς,
2245 939 2411 1009 χωρὶς
2446 936 2621 1006 ἔργων
2650 934 3015 1005 δικαιοσύνης.
3051 934 3113 985 Ei
3157 932 3266 1003 γὰρ
3315 934 3593 999 συνετάξω

2019 1029 2095 1099 τῷ
2144 1027 2385 1099 Χριστῷ,
2436 1029 2593 1096 τήρει
2640 1025 2736 1089 τὰς
2769 1023 2989 1086 ἐντολὰς
3041 1022 3226 1085 αὐτοῦ,
3263 1023 3355 1077 καὶ
3403 1026 3451 1075 εί
3497 1040 3595 1075 πι-

2021 1098 2230 1181 στεύεις
2278 1118 2348 1170 τὰ
2396 1116 2678 1186 μέλλοντα,
2712 1111 2989 1167 ἀντιποιοῦ
3025 1115 3125 1182 τῆς
3175 1112 3331 1182 δόξης
3372 1111 3472 1181 τῆς
3510 1114 3590 1165 αι-

2017 1209 2197 1274 ωνίου,
2231 1209 2325 1261 καὶ
2368 1205 2635 1275 φοϐήθητι
2674 1202 2771 1274 τὴν
2820 1203 3077 1272 φλογίνην
3119 1202 3417 1272 ῥομφαίανο
3449 1201 3589 1254 εἰδὲ

2016 1302 2075 1354 οὐ
2124 1297 2407 1368 κατορθοῖς
2453 1296 2522 1349 τὰ
2564 1295 2962 1366 προστάγματα
2992 1292 3088 1347 τοῦ
3138 1292 3298 1359 Θεοῦ,
3344 1292 3420 1363 μὴ
3458 1293 3586 1360 λέγε

2016 1391 2205 1444 πιστὸν
2235 1388 2478 1443 σεαυτὸν.

2089 1484 2246 1535 Πᾶσα
2273 1483 2305 1548 ἡ
2334 1481 2511 1542 κτίσις
2551 1478 2627 1549 τῷ
2658 1477 3037 1549 προστάγματι
3065 1473 3160 1529 τοῦ
3195 1473 3330 1527 Θεοῦ
3357 1474 3589 1544 πειθαρ-

2016 1576 2120 1645 χεῖ,
2166 1574 2194 1624 ὁ
2222 1572 2280 1626 δὲ
2308 1571 2590 1641 ἄνθρωπος
2621 1568 2780 1639 μόνος
2823 1567 3055 1632 ἀπειθεῖ,
3099 1565 3167 1620 δι’
3196 1565 3255 1618 ὂν
3291 1565 3480 1634 γέγονε
3516 1564 3593 1621 τὰ

2017 1665 2214 1719 πάντα.

316 1781 319 1784 -
416 1747 562 1804 Nihil
610 1728 973 1821 praebebimus
1023 1752 1151 1816 Deo,
1217 1752 1266 1808 si
1311 1752 1677 1822 nosmetipsos
1731 1759 1914 1808 castos

2086 1756 2253 1809 Οὐδὲν
2315 1752 2625 1823 παρέξομεν
2678 1750 2796 1821 Θεῷ
2861 1750 2910 1803 εί
2976 1749 3291 1818 τηρήσομεν
3356 1742 3586 1806 ἑαυτοὺς

347 1845 738 1913 custodiamus,
768 1848 861 1902 sed
892 1847 1295 1915 nobismetipsis
1310 1846 1725 1902 conciliabimus
1747 1847 1913 1901 vitam

348 1940 782 2003 aeternorumque
812 1934 1079 1993 bonorum
1118 1933 1444 1987 ineﬂabilem
1485 1933 1823 1989 l‘ruitionem.

418 2021 495 2079 Ne
528 2024 702 2090 dicas,
737 2025 881 2095 quod
925 2039 1034 2078 non
1088 2040 1308 2095 possum
1350 2025 1620 2080 custodire
1665 2024 1910 2079 divinum
1940 2062 1957 2073 .

350 2116 684 2178 mandatum,
722 2124 817 2170 aut
848 2125 1069 2185 propter
1113 2125 1342 2185 patrem,
1401 2126 1492 2169 aut
1532 2123 1750 2184 propter
1798 2130 1913 2169 ma-

268 2266 273 2271 ,
348 2215 510 2272 trem,
552 2215 645 2269 aut
674 2215 893 2276 propter
939 2222 1185 2273 uxorem,
1240 2216 1333 2261 aut
1362 2214 1577 2276 propter
1602 2207 1762 2269 tilios,
1817 2214 1914 2260 aut

348 2307 567 2369 propter
610 2299 776 2352 alium
826 2299 1160 2368 quempiam,
1221 2313 1321 2352 nec
1350 2297 1494 2351 enim
1527 2306 1578 2351 te
1606 2296 1915 2351 liberabant

347 2391 423 2445 illi
486 2391 555 2444 ab
611 2389 927 2443 imminente
979 2389 1080 2452 ira,
1129 2398 1183 2443 et
1229 2402 1261 2443 a
1308 2403 1585 2457 nunquam
1647 2388 1937 2453 moriente,

348 2496 550 2537 verme.
578 2480 772 2536 Omnis
823 2488 1028 2544 autem,
1080 2480 1174 2549 qui
1205 2479 1301 2533 tibi
1333 2479 1651 2533 adversatur
1679 2492 1745 2531 ne
1797 2477 1912 2531 vir—

349 2581 490 2631 tutes
529 2571 802 2642 Deumque
833 2572 1103 2640 acquiras,
1165 2571 1235 2624 sit
1290 2569 1385 2623 tibi
1441 2568 1803 2623 exsecrandus
1860 2576 1914 2622 et

345 2662 606 2729 odiosus;
643 2671 700 2718 et
729 2677 854 2717 cum
898 2663 1005 2718 isto
1054 2660 1340 2730 nequidem
1369 2658 1652 2719 comedere
1680 2657 1885 2721 bonum

348 2761 450 2810 OSlo

2017 1850 2232 1916 ἁγνοὺς,
2267 1846 2381 1900 ἀλλ’
2425 1847 2635 1908 ἑαυτοῖς
2663 1844 2808 1915 ζωὴν
2840 1841 3263 1913 προξενήσομεν,
3309 1838 3404 1890 καὶ
3446 1836 3586 1889 ἁπό-

2014 1939 2202 1994 λαυσιν
2230 1935 2591 2005 ἀνεκλάλητον
2613 1934 2720 1988 τῶν
2750 1932 2984 1986 αἰωνίων
3011 1929 3253 1999 ἀγαθῶν.

2084 2029 2174 2099 Μὴ
2202 2028 2381 2100 εῐπῃς,
2410 2026 2494 2078 ὅτι
2520 2024 2593 2077 Οὐ
2617 2023 2850 2091 δύναμαι
2887 2022 3123 2090 τηρῆσαι
3151 2018 3185 2090 ἢ
3213 2018 3302 2070 διὰ
3343 2016 3585 2086 πατέρα,

2014 2119 2168 2192 ἢδιὰ
2217 2117 2447 2188 μητέρα,
2483 2115 2517 2186 ἢ
2564 2115 2650 2169 διὰ
2697 2117 2947 2181 γυναῖκα,
3000 2111 3032 2180 ἢ
3082 2109 3172 2162 διὰ
3211 2107 3397 2169 τέκνα,
3431 2104 3465 2165 ἢ
3510 2105 3585 2156 δι’

2013 2209 2197 2279 ἕτερόν
2229 2224 2373 2274 τινα,
2401 2207 2499 2278 τὴν
2538 2206 2632 2258 τοῦ
2666 2204 2800 2257 Θεοῦ
2846 2200 3083 2270 ἐντολὴν,
3122 2201 3183 2253 οὐ
3232 2197 3338 2267 γὰρ
3381 2194 3585 2248 ἐκεῖνοί

2014 2319 2073 2354 σε
2104 2300 2356 2371 ρύσονται
2407 2298 2508 2366 τῆς
2550 2295 2905 2363 ἐπικειμένης
2951 2291 3141 2362 ὀργῆς,
3175 2293 3270 2342 καὶ
3308 2287 3404 2341 τοῦ
3446 2286 3585 2340 ἁτε-

2012 2395 2272 2463 λευτήτου
2300 2390 2600 2458 σκώληκος.
2632 2387 2813 2440 Ἔστω
2843 2385 2902 2439 δέ
2927 2401 3008 2436 σοι
3039 2384 3144 2443 πᾶς
3177 2383 3206 2434 ὁ
3227 2379 3584 2447 ἐναντιούμε-

2014 2500 2103 2546 νος
2139 2483 2275 2553 πρὸς
2306 2479 2638 2551 κατόρθωσιν
2684 2476 2844 2540 Θεοῦ,
2893 2476 2984 2528 καὶ
3008 2472 3241 2544 ἀρετῶν,
3292 2468 3588 2540 βδελυκτὺς

2016 2575 2108 2627 καὶ
2146 2574 2391 2644 μισητὸς,
2418 2571 2497 2643 τῷ
2535 2570 2759 2639 τοιούτῳ
2788 2566 2922 2638 μηδὲ
2957 2563 3259 2618 συνεσθίειν
3283 2560 3467 2616 καλὸν.

1510 2954 3513 2990 Μ

1352 3115 1490 3183 ΤΟΥ
1521 3114 1753 3172 ΑΥΤΟΥ
1802 3108 2005 3168 ΟΣῙΟΥ
2046 3110 2327 3176 ΠΑΤΡοΣ⁸
2369 3109 2569 3167 ΗΜΩΝ

1676 3268 2249 3390 ΝΕΙΑΟΥ
2359 3235 2362 3238 ’

692 3485 931 3557 ι’νῶμαι
960 3485 1303 3557 ἀπάγουσαι
1332 3486 1449 3559 τῶν⁵
1473 3485 1749 3555 φθαρτῶν
1775 3486 1873 3541 καὶ
1903 3484 2212 3549 κολλῶσαι
2240 3486 2363 3567 τοῖς
2399 3484 2723 3557 ἀφθάρτως
2746 3481 2857 3539 τὸν
2885 3482 3229 3552 ἄνθρωπον.

1379 3808 1701 3878 EIUSDEM
1732 3811 1975 3875 SANCTI
2005 3812 2258 3881 PATRIS
2285 3810 2543 3869 NOSTRI

1838 4007 2092 4093 NILI

580 4191 917 4265 Sententite
943 4192 1330 4266 abducentes
1350 4194 1674 4264 hominem
1691 4212 1727 4258 a
1755 4196 2289 4275 corruptibilibus,
2325 4203 2386 4260 et
2413 4198 2997 4280 incorruptibilibus
3020 4205 3333 4263 umentes.

413 4526 572 4597 557
614 4528 662 4582 Ι.
700 4528 797 4584 Via
850 4532 915 4586 ad
950 4533 1204 4589 virtutem
1260 4535 1405 4597 bona
1461 4546 1512 4591 ct
1567 4537 1766 4600 brevis.
1825 4547 1910 4593 est

2078 4546 2146 4592 α’.
2198 4538 2346 4600 Ὁδὸς
2374 4539 2453 4602 εἰς
2480 4538 2699 4610 ἀρετὴν,
2731 4542 2765 4611 ἠ
2790 4537 2884 4592 τοῦ
2915 4538 3032 4608 βίου
3065 4537 3233 4609 φυγὴ,
3282 4534 3464 4606 ἀγαθή
3519 4553 3584 4589 τε

344 4619 528 4674 ιωοηιί
561 4617 708 4689 fuga.

376 4704 465 4765 θ.
504 4710 747 4781 Oportet,
781 4722 839 4768 ut
863 4713 956 4783 qui
977 4714 1310 4785 concupiscit
1335 4715 1785 4789 incorruptibilia,
1809 4736 1908 4791 pro

342 4800 514 4856 nihilo
543 4802 705 4857 ducat
732 4803 1122 4872 corruptibilia.

302 4940 309 4946 .
376 4891 464 4946 ‘3.
509 4892 570 4946 Si
597 4907 778 4946 veram
816 4894 1092 4950 desideras
1126 4896 1315 4964 vitam,
1348 4897 1641 4953 humanam
1674 4909 1905 4954 mortem

340 4999 555 5053 semper
578 4998 849 5056 exspecta.

408 5076 463 5130 4.
499 5075 821 5161 Prmsentent
854 5079 1020 5134 vitam
1062 5081 1192 5137 odio
1239 5082 1460 5146 habeas,
1510 5084 1660 5139 vides
1705 5085 1904 5154 quippe

341 5161 512 5229 ip-ius
541 5168 705 5217 totam
731 5166 940 5236 absque
966 5168 1156 5223 ordine
1189 5169 1461 5227 convolvi.

408 5254 460 5305 5.
514 5252 594 5307 Ne
620 5254 894 5312 desideres
921 5258 1082 5325 bona,
1135 5274 1366 5329 quorum
1399 5276 1531 5316 usus
1561 5261 1820 5329 praeterit,
1853 5272 1906 5321 el.

340 5341 617 5408 possessio
642 5343 867 5413 deperit.

414 5431 465 5484 6.
516 5432 708 5489 Rideto
742 5449 837 5490 eos
865 5436 1062 5506 quibus
1092 5451 1181 5492 res
1217 5453 1476 5509 prospere
1502 5439 1821 5507 succedunt,
1852 5451 1904 5498 et

343 5518 628 5577 infeliciter
672 5526 989 5594 degentibus
1027 5540 1372 5599 competere;
1412 5530 1517 5593 hoc
1567 5532 1711 5586 enim
1766 5549 1905 5587 mer-

341 5611 546 5674 cedem,
573 5611 702 5666 illud
742 5629 866 5668 tero
892 5616 1212 5685 sapientiam
1239 5630 1537 5689 comparat.

2011 4631 2105 4683 καὶ
2142 4629 2422 4699 σύντομος.

2083 4720 2147 4789 β’.
2197 4721 2318 4792 Χρὴ
2365 4722 2455 4775 τὸν
2507 4720 2876 4791 ἐπιθυμοῦντα
2930 4720 3043 4773 τῶν
3091 4720 3404 4791 ἀφθάρτων,
3458 4718 3582 4774 ἀντ’

1960 4842 1964 4844 ~
2009 4807 2221 4870 οὐδενὸς
2248 4809 2501 4879 ἡγεῖσθαι
2528 4808 2598 4860 τὰ
2625 4807 2974 4877 φθειρόμενα.

2078 4906 2147 4967 γ’.
2186 4900 2248 4952 Εἰ
2277 4900 2376 4969 τὴν
2401 4898 2546 4968 ζωὴν
2572 4900 2672 4969 τὴν
2716 4898 2883 4959 ὅντως
2913 4896 3117 4958 ποθεῖς,
3147 4895 3238 4949 ἀεὶ
3277 4894 3581 4965 προσδέχου

2006 4993 2097 5045 τὸν
2127 4990 2466 5061 ἀνθρώπινον
2495 4992 2742 5051 θάνατον.

2077 5080 2140 5135 δ’.
2178 5083 2341 5135 Μίσει
2376 5083 2466 5135 τδν
2502 5083 2744 5152 παρόντα
2778 5081 2911 5148 βίον,
2954 5082 3083 5151 ὁρᾷς
3134 5079 3243 5150 γὰρ
3284 5079 3450 5134 αὐτοῦ
3481 5079 3576 5135 τὸν

2008 5174 2196 5244 τροχὸν
2223 5174 2473 5236 ἀτάκτως
2506 5173 2842 5242 κινούμενον.

2080 5261 2141 5315 ε’.
2184 5264 2273 5331 Μὴ
2306 5264 2552 5336 ποθήσῃς
2579 5264 2780 5333 ἀγαθὰ,
2810 5258 2940 5335 ὦνή
2981 5267 3174 5336 χρῆσις
3218 5261 3580 5333 παρέρχεται,

2013 5353 2106 5405 καὶ
2136 5353 2168 5421 η
2196 5351 2385 5421 κτῆσις
2415 5352 2733 5406 ἀπόλλυται.

2085 5450 2158 5507 ς’.
2197 5442 2339 5497 Γέλα
2385 5444 2511 5507 τοὺς
2558 5444 2986 5516 εὐπραγοῦντας,
3032 5447 3144 5505 τοῖς
3195 5440 3572 5511 δυσπραγοῦσι

2013 5535 2335 5605 σύμπασχεο
2371 5533 2528 5586 τοῦτο
2573 5537 2671 5605 μὲν
2715 5537 2820 5607 γὰρ
2858 5536 3067 5606 μισθοῦ,
3112 5537 3284 5588 ἐκεῖνο
3314 5532 3372 5587 δὲ
3418 5540 3570 5604 φιλο-

2014 5626 2200 5693 60351};
2236 5624 2505 5694 πρόξενον.
