4066 6146
337 283 472 350 1241

1725 285 2188 346 SENTENTI/E.

3441 290 3580 364 1242

401 400 466 465 ζ’.
508 399 640 467 Τὴν⁴
672 396 969 466 ὑπομονὴν.
1011 397 1214 462 ἀσκοῦ,
1274 399 1389 451 οῖαν
1440 400 1608 470 αὐτὴν
1660 400 1890 473 ἔγνωμει

2080 393 2131 450 7.
2187 396 2392 451 Exerce
2419 396 2757 466 patientiam,
2788 410 2933 459 eam,
2958 411 3117 467 quam
3151 397 3402 453 novimus
3421 390 3579 455 exer¥

330 486 711 557 γυμνασθῆναι
755 487 881 549 τοὺς
937 487 1242 556 μάρτυρας,
1292 488 1477 558 ἐπειδὴ
1512 489 1694 560 τὸτῆς
1725 508 1901 543 συνει-

328 577 539 646 δήσεως
569 573 872 644 μαρτύριον
920 574 1012 626 καὶ
1056 575 1217 643 ἡμεῖς
1280 575 1678 648 ἀπαιτούμεθα.

398 676 469 740 η’.
511 668 738 722 Πάντων
781 666 1025 737 προτίμα
1058 667 1155 735 τὴν
1199 666 1396 736 ψυχὴν,
1434 666 1652 734 καὶτῆς
1699 668 1903 740 ἀρετῆς

328 760 356 811 ὁ
383 758 581 827 δρόμος
607 757 908 825 ἀκαμάτους
938 755 1159 809 ἀνύεται
1185 769 1201 785 ⁸
1226 757 1402 810 πάντα
1435 756 1542 827 γὰρ
1576 755 1811 830 φθαρτά,
1865 763 1898 831 ἡ

328 849 385 902 δὲ
427 848 572 919 ψυχὴ
606 847 905 908 ἀθάνατος·
945 845 1316 915 προτιμᾶσθαι
1352 848 1531 901 τοίνυν
1579 848 1686 903 τῶν
1724 849 1901 922 φθαρ-

327 937 457 1004 τῶν,
494 938 590 1009 τὴν
620 938 890 990 ἀθάνατον
920 936 1218 1008 προσῆκεν.
1272 924 1275 927 ’

397 1126 461 1180 θ’.
515 1125 839 1197 Ἐτοιμάζου
886 1129 1027 1200 πρὸς
1072 1130 1140 1184 τὰ
1187 1130 1431 1202 λυπηρά,
1464 1134 1557 1187 καὶ
1599 1133 1900 1203 κερδαίνεις

326 1218 393 1277 τὰ
425 1218 665 1272 πλείονα.

401 1315 447 1361 ι’.
501 1310 592 1379 Μὴ
646 1309 797 1379 ζήτει
852 1309 1003 1379 παρὰ
1053 1311 1187 1364 Θεοῦ
1238 1310 1306 1365 τὰ
1352 1313 1502 1383 ἡδέα,
1555 1313 1691 1383 μόνα
1728 1313 1784 1368 δὲ
1829 1314 1898 1368 τὰ

328 1400 696 1470 συμφέροντα,
732 1402 914 1476 ἐκεῖνα
947 1402 1053 1470 γὰρ
1092 1401 1358 1471 αἰτηθεὶς,
1391 1403 1452 1455 οὗ
1489 1401 1723 1469 δίδωσιν,
1756 1404 1803 1456 εί
1840 1404 1895 1456 δὲ

327 1490 421 1542 καὶ
449 1490 639 1561 λάϐῃς.
674 1489 1004 1560 φθείρονται.

399 1586 488 1632 ια’.
529 1579 619 1646 Μὴ
652 1579 864 1649 μέμφου
892 1581 988 1649 τὴν
1021 1582 1230 1645 πενίαν,
1255 1581 1660 1651 ἀπερίσπαστον
1688 1583 1796 1654 γάρ
1818 1584 1895 1655 τῷ

325 1669 474 1738 νόμῳ
501 1670 593 1722 τὸν
622 1670 858 1740 ἀθλητὴν
896 1669 1210 1742 ἐργάζεται.
1461 1726 1470 1735 ,

398 1759 483 1829 ιβ’.
526 1760 617 1829 Μὴ
668 1760 962 1830 εὐφραίνου
1003 1762 1247 1834 πλούτῳ,
1294 1765 1347 1817 αί
1399 1765 1526 1833 περὶ
1573 1762 1682 1832 γὰρ
1727 1760 1891 1815 αὐτοῦ

322 1849 603 1921 φροντίδες
646 1852 971 1921 χωρίζουσιν
1004 1854 1078 1918 ὡς
1122 1855 1188 1908 τά
1219 1855 1410 1918 πολλὰ,
1440 1857 1533 1909 καὶ
1562 1856 1710 1927 παρὰ
1748 1854 1889 1929 γνώο

324 1955 432 2008 μην
458 1938 549 1991 τὸν
583 1938 869 2011 ἄνθρωπον
902 1942 1009 1994 ἀπὸ
1046 1942 1140 1995 τοῦ
1168 1943 1325 1997 θεοῦ.
1718 1994 1731 2007 .

393 2036 481 2097 ιγ’.
535 2031 730 2099 Ἐγγὺς
756 2031 814 2085 τὸ
834 2032 1005 2101 τέλος,
1029 2035 1057 2087 ὁ
1084 2034 1343 2109 ῥᾳθυμῶν
1365 2034 1735 2107 ἑτοιμαζέσθω
1756 2036 1891 2106 πρὸς

323 2117 609 2184 μάστιγας.

394 2208 476 2261 ιδ’.
535 2209 608 2260 0-3
653 2208 868 2279 μακράν
918 2209 977 2262 τὸ
1030 2209 1207 2283 θέρος,
1267 2211 1518 2267 ἀκανθῶν
1572 2214 1751 2268 τοίνυν
1798 2216 1890 2270 τὸν

320 2299 489 2369 ἀγρὸν
518 2299 617 2367 τῆς
649 2299 825 2369 ψυχῆς
854 2300 1268 2370 ἀπαλλάξωμεν.

395 2390 474 2443 ιε’.
518 2391 684 2444 Οὐδὲν
714 2391 962 2445 λανθάνει
990 2393 1082 2446 τὸν
1112 2393 1266 2458 Θεὸν,
1316 2394 1454 2448 ὥστε
1494 2396 1671 2465 μάτην
1697 2396 1884 2452 λανθά-

321 2496 432 2534 νειν
462 2480 865 2551 ἁμαρτάνοντες
899 2483 1223 2551 σπεύδομεν.

394 2569 486 2636 ις’.
531 2573 642 2641 Πρὸ
670 2574 776 2625 τῶν
801 2573 1121 2644 ἀνθρώπων,
1154 2577 1407 2646 αἰτχὺνου
1448 2578 1572 2640 τοὺς
1599 2577 1884 2646 ἀγγέλους·

323 2663 505 2717 πολλοὶ
543 2663 652 2734 γὰρ
694 2667 825 2735 ἡμῖν
859 2666 1103 2735 πάρεισι,
1139 2668 1232 2720 καὶ
1275 2668 1457 2738 πάσης
1491 2670 1721 2742 αἰσχρᾶς
1753 2671 1889 2723 ἁπο-

319 2754 550 2823 χωρίζον
583 2754 854 2825 πράξεως.

306 2840 309 2845 ⁷
390 2841 474 2905 ιζ’.
533 2844 789 2913 Μερίμνα
841 2845 936 2897 τοῦ
984 2846 1187 2915 Κριτοῦ
1242 2848 1332 2900 τὸν
1386 2848 1585 2917 ζυγὸν,
1630 2850 1725 2903 καὶ
1779 2852 1887 2905 πᾶν

317 2932 421 2987 είτι
452 2949 533 2987 σοι
569 2933 818 3005 κίϐδηλον
853 2937 951 3005 τῆς
1001 2937 1196 3008 πείρας
1242 2939 1337 3009 τῆς
1388 2938 1653 3009 βιωτικῆς
1686 2940 1884 2994 ἐκϐάλ-

315 3023 483 3079 λεται.

389 3121 474 3186 ιη’.
517 3116 727 3185 Ζημίαν
754 3112 891 3170 εἶναι
933 3117 1032 3189 τὴν
1080 3118 1293 3188 σχολὴν,
1324 3121 1417 3173 καὶ
1448 3122 1631 3175 ἄνεσιν
1660 3122 1846 3193 νόμιζε
1866 3165 1879 3190 ,

314 3207 402 3258 καὶ
431 3205 626 3259 σπεῦδέ
655 3223 708 3260 τι
735 3208 1014 3277 πράττειν,
1047 3200 1119 3260 ὧν
1149 3209 1494 3265 ἀπαιτεῖσθαι
1524 3212 1808 3284 μέλλομεν.

385 3378 464 3432 ιθ’.
499 3380 610 3430 Ἀεὶ
634 3380 727 3433 τοῦ
751 3380 864 3448 βίον
888 3380 1102 3450 λογίζου
1129 3383 1187 3437 τὸ
1216 3386 1489 3454 ἀϐέϐαιον,
1523 3389 1614 3442 καὶ
1646 3390 1797 3445 οὐδέν
1823 3409 1878 3444 σε

313 3469 421 3526 τῶν
448 3473 504 3523 ὲν
531 3470 677 3541 αὐτῷ
716 3476 1049 3541 περισπᾶσαι
1077 3474 1386 3547 δυνήσεται.

384 3567 451 3614 κ’.
494 3561 572 3613 Τὰ
602 3563 801 3632 φαιδρὰ
833 3579 890 3616 σε
940 3564 1040 3632 τῆς
1066 3566 1168 3636 γῆς
1200 3568 1275 3637 μὴ
1308 3570 1574 3640 τερπὲτω,
1606 3571 1675 3623 τὰ
1714 3573 1879 3644 πρὸς·

313 3650 500 3719 καίρα,
539 3652 809 3724 ἄγκιστρα
852 3654 958 3725 γάρ
1002 3658 1115 3709 ἐστι
1159 3657 1257 3727 τὴν
1294 3657 1470 3728 ψυχὴν
1500 3658 1574 3721 ὼς
1606 3659 1757 3728 ἰχθὺν
1795 3662 1879 3713 δε-

310 3740 586 3806 λεάζοντα,
622 3745 714 3796 καὶ
750 3747 1137 3816 σαγηνεύοντα.

380 3920 485 3967 κα¹.
540 3916 768 3985 ’Λπέχου
799 3919 920 3980 τοὺς
952 3923 1313 3989 πειρασμοὺς,
1345 3924 1421 3985 εἰς
1449 3923 1504 3975 δὲ
1527 3922 1623 3991 τὴν
1657 3923 1876 3995 ἀνδρίαν

306 4002 589 4067 ἐπίδειξον.

376 4092 477 4162 κβ’.
524 4093 806 4163 Μηδέποτε
836 4097 1051 4165 πτωχὸν
1078 4101 1306 4170 παρίδῃς
1331 4103 1652 4173 δακρύοντα,
1688 4106 1775 4160 ἵνα
1802 4108 1874 4178 μὴ

304 4182 556 4253 παροφθῇ
588 4186 684 4253 τῆς
728 4184 825 4253 σῆς
862 4187 1165 4255 προσευχῆς
1194 4191 1259 4239 τὰ
1288 4189 1518 4260 δάκρυα.

372 4280 478 4340 κγ’.
532 4274 595 4324 Ἠ
632 4275 918 4342 φιλοσοφία
963 4277 1146 4346 κτῆμα
1176 4282 1286 4342 τοῖς
1318 4280 1624 4353 ἀνθρώποις
1665 4284 1874 4354 ἐξαίρε-
1908 4281 1953 4337 ῐ)

300 4377 412 4426 τον,
439 4362 573 4414 οὖσα
604 4363 658 4413 δὲ
688 4366 796 4425 τοῖς
825 4364 1130 4435 ἀνθρώποις
1168 4369 1324 4439 μόνη,
1365 4372 1510 4443 μόνῳ
1539 4376 1773 4427 συνεῖναι
1798 4374 1873 4444 τῷ

303 4465 472 4516 κεκτη
483 4451 625 4517 μένῳ
661 4452 925 4519 βούλεται.

376 4539 477 4590 κδ’.
521 4541 698 4595 Χιτὼν
729 4546 761 4614 ἡ
790 4550 956 4621 ἁρετὴ
987 4553 1078 4605 τοῦ
1110 4553 1264 4606 Θεοῦ·
1295 4555 1497 4625 ταύτην
1531 4556 1745 4626 ὕφαινε,
1781 4560 1875 4611 καὶ

305 4627 427 4697 γίνῃ
465 4630 745 4702 στολιστὴς
771 4637 863 4688 τοῦ
890 4641 986 4709 τὴ)
1016 4643 1192 4695 κτίτιν
1223 4646 1518 4709 ὲνδύοντος.

375 4838 472 4883 κε’.
520 4832 658 4886 Ὅσα
713 4837 803 4888 ἐπὶ
852 4838 975 4907 γῆς,
1013 4841 1325 4905 κλέπτεται.
1366 4845 1433 4897 τὰ
1479 4851 1597 4900 κατ’
1647 4852 1872 4919 οὐρανὸν

305 4919 558 4988 ἐργάζου,
596 4925 768 4979 ταῦτα
800 4929 908 4996 γὰρ
945 4932 1068 4994 τοὺς
1105 4933 1210 4985 τῶν
1244 4935 1528 4990 συλώντων
1576 4940 1872 5005 δακτύλους

304 5011 401 5062 οὐκ
431 5014 758 5082 εἰσέρχεται.

372 5109 483 5167 κς¹.
553 5103 941 5173 Παραιτεῖεθαι
1000 5114 1082 5167 δεῖ
1137 5116 1196 5167 το
1252 5121 1494 5188 τρυιρᾷν,
1554 5119 1700 5172 ἕλκει
1766 5122 1872 5192 γάρ

300 5191 383 5254 εἷς
434 5194 696 5261 πράξεις,
753 5200 843 5269 ἀφ’
891 5197 964 5255 ὧν
1026 5209 1319 5278 στεναγμοὶ
1370 5211 1504 5277 μετὰ
1558 5213 1655 5282 τὴν
1715 5212 1872 5282 νῆψιν

302 5282 560 5349 γίνονται.

369 5372 472 5439 κζ’.
534 5377 671 5443 Τοὺς
717 5381 1010 5451 λογισμοὺς
1064 5386 1286 5454 ἄμεινον
1331 5387 1457 5450 τοὺς
1512 5390 1871 5463 φιλοσάρκους

299 5456 698 5533 βδελύττεσθαι,
735 5470 1010 5541 φθείρουσι
1043 5474 1150 5544 γάρ
1181 5473 1240 5525 τὸ
1276 5474 1452 5545 σῶμα,
1505 5479 1598 5532 καὶ
1631 5480 1727 5550 τὴν
1771 5481 1871 5548 ψυ-

301 5550 399 5619 χὴν
433 5555 529 5621 μολ
538 5554 658 5609 ύνον
667 5576 769 5612 σιν.

368 5655 470 5715 κη’.
515 5648 648 5703 Οίδὲ
695 5652 758 5705 τὲι
806 5659 898 5724 τῆς
944 5661 1041 5726 γῆς
1092 5657 1263 5725 me:
1300 5663 1462 5728 χιορῖς
1500 5664 1677 5718 κός-,ων
1722 5664 1868 5717 in}.

2006 485 2185 540 cuisse
2206 495 2490 556 martyres,
2532 487 2969 557 quandoquidem
3007 502 3036 542 a
3073 488 3231 543 nobis
3253 486 3415 551 etiam
3439 504 3575 544 con-

2004 562 2244 627 scientia
2271 576 2637 630 testimonium
2671 576 2994 645 reposcitur.

2072 664 2126 719 8.
2155 666 2276 720 Prae
2323 666 2576 722 omnibus
2608 668 2841 721 animam
2874 667 3106 730 aestima,
3141 667 3329 735 sicque
3354 667 3574 723 virtutis

2003 769 2200 809 cursus
2238 754 2358 809 sine
2395 754 2585 808 labore
2615 755 2931 823 perﬁcitur:
2965 755 3147 808 omnia
3184 770 3417 823 namque
3445 768 3573 809 cor-

2003 844 2277 915 ruptibilia
2308 855 2457 910 sunt,
2492 845 2675 899 anima
2722 860 2851 899 vero
2907 846 3270 909 immortalis;
3323 847 3577 900 convenit

2001 937 2168 1007 igitur
2224 951 2367 1000 eam,
2396 951 2517 1004 quae
2545 935 2739 990 mortis
2766 940 2850 990 est
2891 949 3108 1004 expers,
3157 936 3329 1004 pluris
3393 936 3575 991 facere

2000 1042 2160 1097 quam
2178 1026 2592 1095 ‘corruptibilia.

2068 1116 2120 1171 9.
2153 1119 2404 1186 Praapara
2435 1126 2487 1171 te
2507 1115 2575 1170 ad
2600 1129 2665 1168 ea
2698 1129 2817 1184 qua:
2842 1113 3075 1168 molesta
3103 1121 3251 1175 sunt,
3301 1121 3357 1167 et
3414 1115 3571 1183 plura

1996 1206 2319 1263 lucraberis.

2074 1297 2157 1353 10.
2192 1296 2270 1352 Ne
2300 1312 2514 1366 quaeras
2540 1310 2570 1349 a
2596 1294 2708 1350 Deo
2729 1294 2939 1359 suavia,
2970 1294 3064 1349 sed
3093 1309 3154 1349 ea
3177 1294 3290 1350 sola
3306 1309 3427 1363 qua:
3442 1302 3569 1348 sunt
3607 1305 3617 1313 ”

1998 1389 2185 1455 utilia;
2242 1387 2330 1440 illa
2363 1385 2507 1441 enim
2538 1386 2837 1453 requisitos
2885 1384 3051 1450 Deus,
3081 1399 3190 1439 non
3221 1385 3314 1439 dat
3343 1400 3358 1451 ;
3387 1383 3432 1438 si
3466 1397 3569 1437 au-

2001 1487 2107 1531 tem
2140 1484 2193 1530 et
2230 1473 2524 1544 acceperis,
2562 1482 3006 1542 corrumpuntur.

2063 1586 2151 1640 li.
2185 1584 2263 1641 Ne
2318 1585 2675 1655 conqueraris
2736 1584 2803 1639 de
2856 1592 3195 1654 paupertate,
3234 1582 3396 1655 558
3452 1583 3568 1640 haec

1924 1720 1964 1772 Β
1995 1678 2197 1746 quippe
2230 1685 2555 1732 certatorem
2586 1674 2749 1730 elIicit
2773 1689 2801 1728 a
2835 1674 2949 1745 lege
2978 1674 3381 1728 iudistractum.

2063 1764 2153 1820 12.
2183 1763 2262 1819 Ne
2290 1764 2578 1820 nblecteris
2630 1762 2869 1828 divitiis;
2933 1777 3058 1816 nam
3111 1777 3256 1817 cura:
3318 1777 3437 1831 qua:
3498 1761 3567 1823 dc

1992 1858 2129 1926 ipsis
2160 1857 2451 1918 habentur,
2493 1864 2547 1907 ut
2580 1856 2872 1924 plurimum
2908 1861 2961 1907 et
2990 1864 3178 1908 contra
3210 1854 3380 1907 animi
3435 1870 3562 1909 sen-

1993 1928 2238 2010 tentiam,
2269 1952 2522 2016 separant
2547 1942 2820 1997 hominem
2849 1959 2878 1996 a
2910 1943 3036 1998 Deo.

2064 2036 2150 2090 l5.
2183 2034 2357 2105 Prope
2383 2043 2467 2090 est
2497 2035 2658 2101 linis;
2691 2033 2783 2103 qui
2815 2033 3056 2103 pigritat,
3092 2031 3158 2086 ad
3193 2031 3361 2102 ﬂagra
3422 2044 3563 2101 prae-

1991 2136 2231 2196 paretur.

2063 2218 2150 2272 H.
2185 2218 2298 2272 Non
2325 2217 2515 2287 procul
2566 2226 2650 2273 est
2678 2227 2872 2284 aestas;
2926 2230 3116 2287 agrum
3148 2214 3312 2285 igitur
3368 2212 3563 2267 animm

1989 2325 2019 2365 e
2045 2310 2217 2379 Spinis
2262 2310 2576 2371 liberemus.

2063 2401 2149 2456 l5.
2184 2399 2326 2453 Nihil
2363 2399 2528 2452 Deum
2558 2399 2710 2462 latet,
2744 2398 2816 2451 ita
2851 2398 3073 2463 ut,dum
3106 2409 3416 2468 peccamus,
3445 2393 3561 2450 fru-

1989 2498 2098 2545 stra
2134 2489 2300 2544 Deum
2329 2489 2494 2543 latere
2519 2489 2856 2543 festinemus.

2061 2579 2151 2634 16.
2182 2579 2299 2634 Prae
2331 2580 2643 2634 hominibus
2701 2577 3069 2633 verecundare
3110 2577 3354 2646 angelos,
3404 2575 3559 2629 multi

1990 2684 2181 2739 nempe
2228 2670 2387 2726 nobis
2438 2677 2653 2737 astant;
2692 2669 2921 2739 ideoque
2980 2668 3049 2723 ab
3076 2670 3229 2724 omni
3275 2667 3561 2738 seiungere

1990 2761 2134 2829 turpi
2167 2760 2401 2813 actione.

2060 2853 2147 2907 l7.
2196 2851 2474 2906 Sollicitus
2505 2860 2623 2906 esto
2653 2849 2720 2905 de
2754 2850 3171 2917 Iance’Judicis,
3214 2859 3269 2904 et
3328 2849 3374 2904 si
3428 2847 3559 2917 quid

1990 2944 2083 2998 tihi
2115 2942 2394 2999 sordidum
2427 2950 2512 2998 est
2567 2943 2887 2998 tentationis
2926 2940 3229 3005 saecularis,
3288 2938 3556 3010 ejicietur.

2059 3134 2144 3189 l8.
2179 3132 2339 3197 Puta,
2369 3134 2564 3195 otium,
2602 3139 2655 3184 et
2688 3130 2930 3199 requiem
2992 3142 3112 3184 esse
3142 3129 3402 3183 damnum
3424 3167 3440 3192 .
3503 3138 3560 3184 et

1975 3222 2181 3278 festina
2216 3222 2393 3278 facere
2438 3221 2719 3293 quidpiam
2767 3235 2956 3276 eorum
2989 3235 3111 3290 qua:
3156 3236 3186 3274 a
3218 3220 3375 3276 nobis
3430 3230 3558 3281 sunt

1984 3315 2291 3383 repetenda.

2059 3406 2145 3461 19.
2199 3407 2425 3475 Semper
2450 3407 2625 3475 cogita
2659 3407 3080 3462 inconstantiam
3134 3406 3274 3470 vitae,
3308 3405 3559 3474 nihilque

1986 3497 2202 3551 illorum
2249 3514 2369 3566 qua:
2405 3498 2458 3551 in
2483 3514 2544 3553 ea
2574 3508 2720 3565 sunt,
2752 3507 2805 3553 te
2830 3499 3031 3568 poterit
3060 3499 3385 3554 distrahere.

2050 3590 2139 3644 ‘20.
2194 3590 2483 3658 Splendida
2524 3591 2667 3645 bona
2716 3600 2876 3646 terra:
2907 3608 3251 3663 nequaquam
3309 3600 3360 3647 te
3412 3592 3557 3648 dele-

1981 3689 2148 3743 cteut,
2178 3681 2304 3748 quia
2354 3682 2680 3748 temporaria
2716 3690 2867 3748 sunt,
2923 3682 3070 3736 hami
3112 3698 3349 3753 namque
3401 3685 3555 3739 exsi-

1983 3779 2153 3833 stunt,
2205 3772 2440 3823 animam
2477 3772 2645 3827 veluti
2686 3773 2893 3840 piscem
2926 3774 3275 3842 decipientes,
3332 3785 3385 3829 et
3422 3778 3555 3830 reti-

1982 3857 2084 3913 bus
2118 3859 2474 3914 includentes.

2049 3949 2139 4002 2i.
2170 3949 2396 4004 Abstine
2422 3966 2452 4003 a
2475 3952 2885 4018 tentationibus,
2920 3962 3077 4023 teque
3106 3962 3414 4024 promptum
3452 3972 3551 4011 et-

1983 4043 2106 4096 hihe
2140 4044 2204 4095 ad
2253 4042 2646 4098 fortitudinem.

2042 4134 2130 4187 2'3.
2159 4132 2446 4202 Nunquam
2476 4149 2764 4203 pauperem
2800 4135 3073 4204 despicias
3126 4135 3549 4206 lacrymantem,

1980 4241 2046 4279 ne
2082 4234 2187 4281 tuae
2223 4227 2488 4281 orationis
2531 4226 2781 4294 lacrymaa
2838 4226 3226 4296 despiciantur.

2051 4320 2140 4373 9.5.
2176 4318 2470 4390 Sapientia,
2499 4319 2776 4389 possessio
2823 4328 2906 4375 est
2951 4321 3268 4375 hominibus
3324 4321 3547 4385 eximia,

1981 4427 2213 4480 cumque
2262 4413 2375 4467 sola
2430 4413 2500 4467 sit
2556 4412 2889 4477 hominibus,
2924 4413 3025 4467 soli
3077 4413 3373 4483 pOSsidenti
3439 4413 3551 4467 vult

1981 4504 2258 4571 conjungi.
2680 4508 2681 4511 “

2050 4593 2138 4646 24.
2180 4592 2386 4658 Virtus,
2425 4595 2605 4647 tunica
2643 4593 2731 4648 Dei
2758 4603 2864 4659 est,
2898 4595 3067 4665 ipsam
3124 4605 3267 4659 texe,
3326 4605 3379 4649 et
3429 4595 3550 4664 ejus

1977 4683 2172 4737 evades
2204 4683 2512 4748 vestiarius,
2544 4682 2705 4759 559
2746 4686 2838 4756 qui
2895 4696 3159 4742 terrarum
3226 4686 3401 4740 induit
3459 4701 3549 4740 or-

1979 4772 2122 4825 bent.

2049 4860 2135 4913 9.3.
2172 4861 2514 4929 Qumcunque
2538 4871 2665 4915 sunt
2699 4878 2859 4931 super
2888 4872 3083 4917 terram
3125 4863 3270 4919 furto
3301 4866 3546 4921 suhstra-

1977 4950 2474 5019 huntur;operare
2535 4962 2590 5005 tu
2647 4954 2911 5018 cmlestia,
2948 4954 3049 5009 ista
3101 4956 3301 5025 quippe
3350 4958 3548 5027 digitos

1977 5042 2297 5109 rapientium
2332 5058 2438 5096 non
2464 5044 2714 5099 subeunt.

2053 5134 2139 5185 ﬁt}.
2180 5134 2451 5187 liecnsare
2482 5145 2693 5203 oportet
2725 5137 2967 5202 delicias,
3007 5140 3230 5193 trahunt
3284 5142 3426 5194 enim
3474 5141 3542 5195 ad

1972 5232 2125 5275 actus
2191 5239 2219 5275 a
2273 5223 2491 5291 quibus,
2544 5232 2668 5294 post
2715 5226 3079 5293 sobrietatem,
3126 5230 3357 5298 gemitus
3414 5244 3542 5298 pro-

1972 5322 2195 5365 creaulu
2208 5329 2250 5364 I'.

2036 5403 2127 5456 27.
2170 5400 2360 5456 Melius
2390 5411 2473 5455 est
2504 5402 3173 5474 ahomiuaricogitationcs
3201 5406 3404 5461 amicas
3425 5424 3539 5463 car-

1973 5493 2076 5557 nis,
2113 5504 2471 5562 corrumpunt
2497 5496 2642 5547 enim
2676 5509 2896 5563 corpus,
2929 5504 2985 5549 et
3035 5496 3275 5550 animam
3345 5498 3536 5570 inqui-

1976 5593 2126 5635 Ilfllli.

2045 5674 2129 5725 ‘28.
2166 5672 2345 5742 Neque
2375 5674 2512 5727 bona
2554 5685 2760 5730 terrena
2802 5676 2922 5744 quis
2951 5680 3283 5746 comparabit
3333 5681 3537 5750 absque
