4066 6146
555 316 686 382 1247

2048 312 2108 374 S.
2146 311 2310 371 NILI

3664 286 3812 372 i253

622 429 710 482 69.
755 425 928 494 Super
969 422 1217 493 proximo
1264 428 1522 490 peccante
1553 434 1726 490 geme,
1764 429 1824 475 ut
1871 430 1924 476 et
1954 435 2117 490 super

2290 418 2384 483 50'.
2442 417 2566 470 Ἐπὶ
2622 416 2702 486 τῷ
2759 416 2988 485 πλησίον
3020 416 3393 485 ἁμαρτάνοντι
3435 418 3683 485 στέναξε,
3713 423 3812 474 ἵνα

552 516 724 585 teipso
751 528 956 583 gemas,
984 525 1172 565 omnes
1200 511 1343 564 enim
1383 525 1573 566 sumus
1602 510 1839 579 peccatis
1872 511 2112 565 obnoxii.

623 690 710 742 70.
749 689 1129 744 Commemora
1154 687 1362 745 Iudicis
1391 690 1650 750 amicum,
1677 690 1771 758 qui
1798 691 1983 760 lapsus
2011 701 2115 754 est,

512 821 516 825 .
553 789 816 848 tuumque
845 781 1045 836 illinies
1076 781 1306 846 vulnus;
1348 783 1647 836 remedium
1678 783 1880 852 quippe
1907 784 2118 837 consilii

551 885 842 924 commune
869 879 974 925 est.

619 961 710 1014 7|.
748 959 886 1013 Cum
935 959 1182 1016 dicturus
1232 969 1325 1014 aut
1372 960 1616 1016 facturus
1657 977 1715 1016 es
1749 960 1973 1029 aliquid,
2022 977 2121 1016 cu-

552 1063 668 1100 ram
701 1063 826 1116 gere
862 1046 1194 1103 defensionis
1223 1049 1384 1118 paulo
1413 1059 1526 1117 post
1572 1049 1892 1103 adhibenda:
1931 1049 2122 1120 sicque

553 1157 584 1194 a
612 1141 805 1195 timore
824 1150 1128 1204 correctus,
1155 1143 1264 1195 eris
1295 1151 1629 1210 temperans.

625 1232 713 1285 72.
768 1231 921 1287 Time
972 1234 1176 1302 peccati
1219 1234 1570 1302 supplicium,
1619 1243 1672 1286 et
1729 1233 1966 1287 dedecus
2012 1248 2122 1287 non

557 1323 854 1388 sustineas;
887 1325 1136 1379 molestia
1165 1339 1399 1394 namque
1429 1326 1710 1391 utriusque
1740 1324 2022 1379 immensa.

625 1413 714 1467 73.
754 1411 1080 1469 Futurorum
1115 1417 1402 1478 bonorum,
1427 1423 1480 1469 et
1507 1414 1872 1484 pulchritudo,
1900 1423 1953 1467 et
1983 1413 2123 1467 mul-

558 1504 732 1558 titudo
766 1505 1011 1573 inﬁnita;
1044 1507 1146 1562 ista
1184 1522 1314 1562 vero
1350 1514 1476 1561 sunt
1504 1506 1718 1571 umbra,
1745 1515 1799 1560 et
1833 1504 2037 1570 fumus,
2072 1513 2126 1560 et

557 1596 738 1651 bullae.

630 1687 715 1740 74.
759 1685 836 1741 Ne
861 1687 1094 1742 semines
1125 1688 1286 1752 male,
1319 1688 1446 1758 quia
1469 1703 1637 1758 prope
1666 1686 1910 1742 imminet
1941 1694 2121 1748 aestas,

556 1785 612 1830 et
641 1778 921 1843 spinarum
958 1777 1115 1847 563
1146 1779 1436 1848 agricolam
1473 1779 1612 1849 ignis
1634 1786 1927 1847 exspectat.

631 1867 718 1920 75.
760 1866 1084 1938 Hypocrilze,
1125 1883 1219 1923 seu
1259 1869 1628 1933 simulatores,
1667 1869 1808 1922 avidi
1853 1871 1974 1938 plus
2025 1870 2124 1924 ba-

557 1956 760 2020 bemli,
820 1957 1191 2026 voluptatibus
1255 1957 1465 2022 dediti,
1527 1974 1670 2014 rosae
1726 1968 1855 2014 sunt
1901 1962 2122 2027 saeculi;

557 2048 652 2101 sed
701 2050 973 2103 tantillum
1026 2059 1302 2119 exspecta,
1345 2050 1711 2120 inspiciesque
1749 2053 2125 2107 conculcatam

559 2137 804 2194 herbam.

629 2229 715 2284 76.
758 2230 946 2284 Omnis
981 2232 1126 2285 actio
1169 2231 1309 2285 mala
1345 2230 1615 2285 diabolum
1657 2231 1925 2297 obarmat,
1972 2231 2126 2285 obar-

559 2332 739 2380 matus
767 2333 948 2379 autem
994 2325 1264 2381 molestiis
1293 2324 1464 2382 allicit
1485 2340 1581 2381 eos
1605 2329 1698 2396 qui
1732 2326 1906 2396 ipsum
1938 2341 2122 2381 arma-

555 2421 703 2470 runt.

628 2506 714 2560 77.
757 2505 852 2561 Vis
884 2515 944 2560 ut
976 2506 1231 2562 inimicus
1279 2507 1627 2563 debilitetur?
1677 2517 1955 2576 peccatum
1989 2522 2125 2578 prae-

547 2595 762 2660 grinde,
799 2596 988 2665 sicque
1018 2597 1140 2652 aliis
1165 2597 1472 2652 denudatus
1501 2596 1612 2662 ille,
1638 2598 1802 2653 veluti
1835 2613 2124 2667 passercu-

555 2686 662 2749 lus,
695 2686 989 2740 deluditur.

623 2777 714 2831 78.
757 2774 847 2830 Vae
877 2775 1063 2845 impio,
1090 2774 1241 2844 quia,
1265 2774 1484 2844 quando
1509 2775 1886 2830 illuminantur
1907 2789 2121 2841 omnes,

556 2877 686 2924 tunc
714 2868 803 2923 ille
824 2869 1230 2923 obtenebratur.

628 2960 714 3017 79.
758 2959 851 3015 Var
878 2959 1219 3030 blasphemo,
1269 2959 1521 3030 alligatur
1550 2972 1745 3027 nempe
1773 2957 1878 3026 ipsi
1917 2957 2122 3028 lingua,

2218 510 2315 562 atati.
2349 507 2574 560 σεαυτὸν
2622 507 2904 578 στενάξῃς,
2942 507 3143 570 πάντες
3171 508 3279 583 γάρ
3303 509 3469 578 ἐσμεν
3503 511 3809 580 ἁμαρτίαις

2220 598 2534 652 ὑπεύθυνοι.

2287 695 2348 742 o'.
2395 687 2804 756 Ἀναμίμνησκε
2835 687 2930 739 τοῦ
2975 688 3182 758 Κριτοῦ
3243 689 3336 742 τὸν
3382 690 3539 755 φίλον
3587 691 3812 760 ὀλισθή-

2221 796 2409 844 σαντα,
2436 780 2532 831 καὶ
2560 779 2622 831 τὸ
2657 779 2750 831 σὸν
2781 779 3116 846 ὲμπλάττεις
3163 780 3415 852 τραῦμα,
3471 783 3652 835 κοινὸν
3689 785 3806 850 γὰρ

2218 871 2314 939 τῆς
2338 887 2402 922 συ
2412 869 2653 939 μϐουλῆς
2669 869 2730 922 τὸ
2759 870 3073 939 φάρμακον.

2290 967 2388 1014 οα’.
2425 961 2622 1028 Λέγειν
2650 961 2703 1013 τί
2736 961 2968 1031 μέλλων,
3005 961 3038 1031 ἢ
3070 962 3354 1031 πράττειν,
3402 963 3506 1032 τῆς
3539 964 3678 1032 μετά
3710 982 3807 1033 μι-

2221 1053 2351 1123 κρὸν
2412 1053 2712 1119 ἀπολογίας
2762 1052 3040 1122 φρόντιζε,
3092 1053 3186 1106 καὶ
3219 1057 3517 1124 σωφρονεῖς
3549 1055 3624 1124 τῷ
3649 1057 3806 1126 φόϐῳ

2219 1143 2618 1214 διορθούμενος.

2291 1234 2388 1304 οβ’.
2417 1233 2527 1302 Τῆς
2557 1233 2833 1304 ἁμαρτίας
2855 1235 2956 1302 τὴν
2975 1235 3245 1304 τιμωρίαν
3274 1237 3467 1304 φοϐοῦ,
3486 1238 3587 1308 τὴν
3609 1239 3805 1308 αἰσχύ⁹

2223 1344 2321 1396 νην
2349 1327 2405 1380 δὲ
2431 1327 2627 1396 νάρκα,
2661 1326 2724 1378 τὸ
2765 1326 3004 1394 χαλεπὸν
3049 1327 3157 1396 γὰρ
3203 1329 3485 1400 ἑκατέρων
3531 1331 3799 1402 ἄμετρον.

2292 1423 2394 1485 ογ’.
2433 1417 2554 1469 Τῶν
2579 1417 2884 1486 μελλόντων
2907 1416 3152 1483 ἀγαθῶν,
3203 1421 3298 1472 καὶ
3345 1420 3406 1472 τὸ
3453 1421 3670 1485 κάλλος,
3707 1423 3806 1475 καὶ

2225 1506 2428 1577 πλῆθος
2456 1508 2682 1576 ἄπειρον
2712 1523 2726 1537 ο
2771 1507 2947 1560 ταῦτα
2985 1507 3042 1558 δὲ
3094 1509 3243 1572 σκιά,
3290 1513 3388 1562 καὶ
3437 1513 3669 1578 καπνὸς,
3710 1516 3806 1566 καὶ

2225 1599 2576 1667 πομφόλυγες
2605 1598 2706 1668 (1).

2295 1687 2385 1741 οδ¹.
2418 1691 2509 1758 Μὴ
2542 1692 2732 1759 σπεῖρε
2764 1689 2996 1759 πονηρά,
3035 1689 3097 1740 τὸ
3126 1689 3234 1760 γάρ
3280 1691 3439 1761 θέρος
3485 1696 3680 1762 ἐγγὺς,
3711 1697 3804 1749 καὶ

2155 1757 2198 1812 Β
2225 1778 2286 1831 τὸ
2315 1779 2427 1850 πῦρ
2463 1757 2552 1832 τον
2597 1757 2844 1850 γεωργὸν
2883 1757 2992 1832 τῶν
3018 1757 3271 1834 ἀκανθῶν
3317 1757 3621 1853 ἐκδέχεται.

2296 1878 2386 1924 οε⁹.
2437 1870 2594 1924 Ῥόδα
2618 1871 2712 1924 τοῦ
2750 1870 2867 1940 βίου
2908 1871 3230 1938 ὑποκριταὶ,
3283 1873 3630 1941 πλεονέκται,
3680 1878 3804 1946 φιλο

2226 1957 2432 2027 ήδονοι,
2466 1957 2602 2011 ἀλλά
2637 1960 2834 2030 μικρὸν
2864 1961 3177 2029 καρτερεῖς,
3211 1963 3418 2017 καὶτὸν
3439 1964 3636 2035 χόρτον
3665 1966 3805 2020 θεωο

2230 2049 2340 2116 ρεῖς
2373 2046 2742 2118 πατούμενον.

2295 2227 2401 2292 ος’.
2446 2229 2602 2282 Πᾶσα
2657 2229 2872 2300 πονηρά
2926 2231 3144 2302 πρᾶξις,
3210 2231 3419 2296 ὁπλίζει
3471 2231 3563 2284 τὸν
3621 2233 3806 2286 διάϐο-

2225 2319 2346 2384 λον,
2393 2317 2676 2385 ὀπλισθεὶς
2727 2322 2786 2374 δὲ
2839 2322 3095 2392 χαλεπῶς
3147 2325 3259 2386 τοῖς
3306 2324 3563 2377 ὀπλίσασι
3605 2325 3814 2396 κέχρη-

2225 2426 2335 2462 ται.

2295 2500 2394 2565 οζκ
2427 2502 2618 2556 Βούλει
2660 2503 2751 2556 τὸν
2810 2504 3014 2575 ἐχθρὸν
3041 2506 3326 2571 ἀσθενεῖν,
3373 2507 3472 2578 τὴν
3525 2508 3805 2580 ἁμαρτίαν

2225 2593 2553 2662 περίκοπτε,
2607 2594 2702 2646 κα)⁵
2739 2595 3051 2664 γυμνωθεὶς
3090 2596 3201 2648 τῶν
3235 2597 3473 2668 πτερῶν.
3502 2599 3579 2662 ὡς
3617 2616 3806 2670 στρου-

2226 2680 2360 2745 θίον,
2389 2683 2741 2752 ὲμπαὶζεται.

2293 2780 2393 2841 οη’.
2413 2773 2548 2826 Οὐαὶ
2567 2773 2644 2842 τῷ
2673 2774 2881 2839 ἀσεϐεῖ,
2911 2777 3015 2839 ὅτι,
3043 2775 3169 2828 ὅταν
3201 2776 3405 2841 πάντες
3436 2779 3801 2846 φωτίζωνται,

2225 2863 2345 2914 τότε
2372 2864 2582 2926 ἐκεῖνος
2614 2865 2944 2929 σκοτίζεται.

2295 2953 2390 3006 οθ’.
2424 2955 2561 3008 Οὐαὶ
2588 2955 2666 3026 τῷ
2704 2956 3347 3029 βλασφήμῳ,-δεσμεῖται
3371 2959 3481 3030 γάρ
3502 2961 3602 3031 τὴν
3634 2960 3805 3028 γλῶτ-

554 3064 609 3110 et
634 3053 743 3110 ullo
767 3056 933 3140 modo
952 3067 1011 3108 se
1035 3050 1327 3108 defendere
1353 3049 1495 3121 apud
1524 3048 1770 3105 Judieem
1793 3064 1902 3105 non
1926 3057 2121 3118 potest.

2231 3061 2344 3108 ταν,
2375 3046 2470 3098 καὶ
2499 3046 2616 3111 πῶς
2660 3048 3042 3118 ἀπολογεῖσθαι
3086 3053 3222 3123 πρὸς
3249 3052 3341 3106 τὸν
3382 3053 3594 3124 Κριτὴν
3625 3055 3688 3107 οὐ
3713 3053 3802 3106 δύο

629 3235 716 3300 80.
760 3232 854 3288 Vae
895 3233 1119 3301 iniusto,
1175 3229 1242 3284 ad
1275 3227 1521 3284 Iudicem
1577 3227 1778 3298 quippe
1823 3236 2125 3290 austerum,

555 3327 876 3397 iustumque
904 3324 1018 3377 abit
1042 3304 1430 3392 legislaturem.

631 3417 720 3472 8|.
763 3414 856 3469 Vae
885 3414 1181 3467 alienorum
1219 3410 1396 3471 avido,
1432 3407 1635 3464 divitiae
1673 3406 1848 3477 ipsum
1891 3405 2127 3478 fugiunt,

559 3517 614 3562 et
638 3507 779 3574 ignis
809 3503 1053 3572 suscipit.

629 3595 719 3649 82.
762 3592 854 3647 Va:
892 3592 1088 3662 pigro,
1130 3598 1337 3660 quaeret
1378 3599 1628 3659 tempus,
1670 3590 1813 3659 quod
1871 3589 2011 3644 male
2048 3591 2131 3644 in—

562 3683 813 3753 sumpsit.

633 3777 721 3830 85.
778 3773 868 3830 Va:
912 3773 1170 3844 superbo,
1225 3774 1444 3843 quando
1495 3773 1804 3842 sepulcrum
1853 3771 2132 3841 ingressus

565 3871 748 3934 fuerit,
779 3867 1028 3938 quisnam
1063 3867 1312 3931 exsistat,
1338 3866 1618 3922 educetur.

635 3962 725 4018 84.
765 3961 858 4016 Va:
900 3960 1242 4015 meretricum
1289 3957 1541 4020 amatori,
1588 3954 1891 4023 inquinanti
1929 3963 2131 4010 vestem

567 4056 884 4126 nuptialem,
910 4054 1022 4124 jam
1045 4065 1261 4122 quoque
1291 4064 1321 4103 e
1345 4049 1512 4119 regiis
1532 4048 1738 4119 nuptiis
1763 4047 1984 4116 eiicitur
2010 4062 2132 4103 cum

564 4135 848 4204 dedecore.

635 4239 724 4294 85.
766 4237 858 4291 Vae
888 4233 1301 4294 contumelioso,
1335 4239 1389 4284 et
1415 4245 1538 4284 cum
1564 4230 1681 4299 ipso
1712 4229 1876 4284 simul
1895 4229 2132 4292 ebrioso,

563 4331 692 4400 quia
735 4344 861 4383 cum
899 4324 1184 4380 bomicidis
1214 4323 1570 4384 collocantur,
1621 4329 1675 4374 et
1709 4335 1833 4374 cum
1873 4319 2133 4372 adulteris

563 4424 888 4497 puniuntur.

634 4516 721 4570 86.
765 4511 854 4565 Vae
876 4505 1170 4562 luxurianti
1199 4517 1365 4572 parvo
1398 4509 1660 4569 tempore,
1706 4501 1771 4563 is,
1805 4500 1960 4569 quasi
1990 4500 2132 4554 vitu-

565 4609 652 4663 lus
680 4605 746 4659 ad
771 4600 1100 4657 occisionem
1122 4595 1444 4656 destinatus,
1475 4592 1860 4660 impinguatur.

635 4697 724 4752 87.
760 4693 853 4748 Va:
886 4690 1198 4762 liypocritze,
1234 4702 1330 4741 seu
1367 4684 1696 4747 simulatori,
1748 4691 1928 4751 pastor
1955 4681 2131 4751 ipsum

563 4791 814 4858 abnegat,
850 4793 903 4838 et
931 4785 1109 4850 lupum
1140 4777 1302 4850 564
1327 4777 1493 4848 judex
1526 4777 1880 4830 demonstrat.

634 4881 722 4937 88.
767 4879 980 4942 Beatus,
1031 4876 1126 4944 qui
1172 4888 1266 4942 per
1310 4880 1596 4941 angustam
1642 4868 1783 4922 viam
1833 4867 1936 4920 iter
1985 4863 2134 4928 facit,

567 4987 825 5031 coronam
852 4969 1052 5038 quippe
1080 4974 1298 5036 gestans
1331 4965 1528 5018 caelum
1566 4961 1886 5031 ingreditur.

637 5063 725 5118 89.
779 5061 994 5122 Beatus,
1046 5057 1138 5126 qui
1185 5055 1491 5122 voluptates
1536 5051 1841 5114 conculcat,
1898 5058 2139 5104 tremunt

564 5157 710 5212 enim
738 5153 1013 5207 daemones
1045 5163 1227 5202 coram
1263 5145 1401 5213 ipso.

640 5245 730 5299 90.
773 5242 989 5304 Beatus,
1021 5237 1115 5308 qui
1148 5249 1319 5306 purus
1346 5246 1428 5288 est
1456 5231 1654 5286 virtute
1687 5238 1944 5298 caretque
1967 5230 2138 5282 simu-

573 5335 770 5394 latiunc
818 5334 871 5386 in
916 5333 1120 5394 anima,
1171 5327 1296 5396 quia
1341 5324 1684 5394 judicaturus
1733 5328 1816 5375 est
1853 5320 2136 5382 mundum,

573 5444 682 5483 non
707 5441 832 5480 vero
871 5440 900 5477 a
933 5426 1134 5475 mundo
1162 5417 1506 5488 iudicandus.

644 5520 732 5575 9i.
785 5517 1006 5576 Beatus,
1049 5515 1140 5581 qui
1187 5511 1471 5565 sublimem
1514 5508 1623 5577 agit
1676 5507 1861 5571 vitam,
1917 5519 2137 5558 sensum

2230 3152 2410 3192 ναται.

2302 3235 2376 3282 π’.
2419 3229 2556 3283 Οὐαὶ
2595 3230 2672 3300 τῷ
2721 3234 2934 3304 ἀνόμῳ,
2987 3237 3124 3306 πρὸς
3169 3237 3380 3307 Κριτὴν
3433 3238 3544 3308 γάρ
3596 3238 3804 3307 αὐστη-

2234 3318 2324 3386 ρόν
2373 3336 2432 3373 τε
2471 3321 2564 3372 καὶ
2597 3321 2804 3376 δίκαιον
2838 3325 2932 3378 τὸν
2973 3327 3278 3397 νομοθέτην
3309 3328 3634 3398 ἀπέρχεται.

2306 3416 2416 3464 πα’.
2449 3412 2587 3464 Οὐαὶ
2627 3414 2704 3483 τῷ
2732 3415 3054 3488 πλεονέκτῃ,
3085 3421 3114 3470 ὁ
3144 3419 3372 3483 πλοῦτος
3402 3419 3566 3472 αὑτὸν
3592 3419 3803 3488 φεύγει,

2231 3500 2327 3553 καὶ
2351 3501 2411 3553 τὸ
2441 3502 2552 3574 πῦρ
2581 3505 2927 3575 ὑποδέχεται.

2305 3590 2415 3660 πβ’.
2441 3593 2580 3646 Οὐαὶ
2611 3594 2695 3664 τῷ
2730 3595 2982 3667 ρᾳθύμῳ,
3009 3597 3237 3669 ζητήσει
3267 3599 3357 3654 τὸν
3379 3601 3592 3671 καιρὸν,
3623 3601 3683 3654 ὃν
3709 3619 3806 3657 κα-

2234 3681 2344 3745 κῶς
2376 3683 2739 3755 ἐδαπάνησεν.

2305 3773 2415 3842 πγ⁹.
2442 3777 2580 3829 Οὐαὶ
2614 3777 2690 3846 τῷ
2713 3779 2954 3846 ἀλαζόνι,
2990 3781 3120 3835 ὅταν
3139 3783 3360 3856 εἰσέλθῃ
3388 3783 3480 3836 τὸν
3509 3783 3699 3853 τάφον,
3723 3783 3804 3846 τίς

2234 3866 2469 3937 ὑπάρχει
2505 3869 2842 3924 διδάσκεται.

2305 3960 2409 4011 πδκ
2441 3961 2574 4013 Οὐαὶ
2608 3961 2684 4030 τῷ
2725 3962 3055 4034 φιλοπόρνῳ,
3081 3965 3342 4035 ρυποῦντι
3386 3966 3577 4036 στολὴν
3607 3984 3805 4036 νυμφι-

2234 4049 2356 4120 κὴν,
2388 4051 2484 4104 καὶ
2513 4050 2606 4104 τοῦ
2637 4053 2920 4122 βασιλικοῦ
2950 4056 3129 4125 γάμου
3165 4059 3283 4126 μετ’
3317 4057 3579 4127 αἰσχύνης
3622 4057 3808 4111 ἐκϐάλ-

2234 4138 2405 4193 λεται.

2229 4283 2240 4288 -
2306 4240 2407 4285 πε’.
2451 4233 2586 4286 Οὐαὶ
2615 4233 2693 4303 τῷ
2738 4234 2978 4306 λοιδόρῳ,
3019 4237 3114 4289 καὶ
3154 4238 3250 4290 σὺν
3283 4237 3431 4307 αύτῷ
3453 4237 3530 4309 τῷ
3568 4239 3804 4310 μεθύσῳ,

2233 4324 2314 4376 ὃτι
2352 4324 2488 4393 μετά
2523 4325 2792 4394 φονευτῶν
2816 4327 3118 4392 τάττονται,
3146 4328 3240 4381 καὶ
3272 4329 3412 4399 μετά
3434 4328 3638 4400 μοιχῶν
3654 4329 3807 4384 κολά-

2170 4421 2214 4474 D
2241 4412 2444 4475 ζονται.

2312 4500 2429 4566 πς·’.
2464 4503 2601 4556 Οὐαὶ
2625 4502 2703 4572 τῷ
2736 4504 3012 4574 τρυφῶντι
3034 4483 3242 4575 ’χρόνον
3264 4504 3467 4571 ὀλίγον,
3501 4506 3579 4569 ὡς
3613 4507 3807 4576 μόσχος

2240 4593 2320 4652 είς
2372 4591 2586 4662 σφαγὴν
2619 4591 2985 4660 ἑτοιμασθεὶς,
3025 4593 3317 4647 σιτεύεται.

2310 4680 2420 4744 ττξ’.
2454 4683 2590 4735 Οὐαὶ
2621 4682 2700 4752 τῷ
2730 4684 3025 4754 ὑποκριτῇ,
3060 4686 3088 4736 ὁ
3118 4683 3322 4753 ποιμὴν
3360 4684 3526 4738 αὐτὸν
3543 4687 3804 4754 ἀρνεῖται,

2241 4771 2334 4821 καὶ
2366 4769 2526 4823 λύκον
2556 4772 2584 4822 ὁ
2617 4772 2825 4841 Κριτὴς
2854 4772 3236 4840 ἀποφαίνεται.

2313 4860 2422 4930 πη’.
2453 4861 2738 4932 Μακάριος
2765 4865 2793 4916 ὁ
2819 4863 3012 4933 στενὴν
3062 4864 3262 4917 ὁδεύων
3306 4864 3442 4928 ὁδὸν,
3475 4881 3808 4934 στεφανηφο-

2243 4952 2351 5022 ρῶν
2372 4951 2480 5022 γάρ
2507 4952 2596 5006 τὸν
2616 4953 2843 5023 οὐρανὸν
2865 4956 3193 5026 εἰσέρχεται.
3219 4939 3222 4943 ⁵

2314 5041 2419 5094 πθ’.
2455 5043 2741 5113 Μακάριος
2764 5045 2792 5096 ό
2814 5043 2912 5107 τὰς
2939 5045 3133 5114 ἡδονάς
3161 5045 3368 5109 πατῶν,
3404 5047 3676 5117 τρέμουσι
3706 5047 3810 5116 γὰρ

2245 5135 2380 5205 πρὸς
2407 5135 2568 5189 αὑτὸν
2596 5137 2644 5188 οἱ
2668 5135 2938 5206 δαίμονες.

2316 5230 2386 5293 ὶιν.
2418 5227 2706 5297 Μακάριος
2744 5228 2772 5278 ὁ
2798 5227 2897 5298 τὴν
2923 5228 3124 5299 ἀρετὴν
3169 5228 3407 5298 καθαρὸς
3455 5229 3550 5282 καὶ
3592 5229 3692 5298 τὴν
3720 5230 3814 5298 ψυ·

2247 5319 2348 5389 χὴν
2392 5319 2788 5390 ἀνυπόκριτοςο
2836 5319 3041 5389 κρίνειν
3068 5319 3178 5389 γὰρ
3224 5320 3405 5388 μέλλει
3467 5321 3558 5375 τδν
3591 5321 3815 5391 κόσμον,

2249 5413 2366 5480 οὐχὶ
2391 5411 2447 5464 δὲ
2486 5412 2621 5480 μετά
2651 5409 2744 5463 τοῦ
2769 5411 2972 5481 κόσμου
3000 5411 3298 5478 κρίνεσθαι.

2319 5508 2426 5568 επακ
2457 5501 2741 5572 Μακάριος
2769 5502 2797 5552 ὁ
2831 5504 2922 5553 τὸν
2962 5501 3073 5570 βίον
3111 5499 3250 5567 ἔχων
3299 5500 3521 5570 ὑψηλὸν,
3567 5501 3819 5555 ταπεινὸν

651 5694 726 5756 (ι)
761 5687 911 5755 Apud
949 5687 1202 5740 Ducacum
1237 5699 1503 5737 numerus
1542 5682 1608 5735 73
1644 5682 1693 5734 iu
1724 5680 1862 5734 duas
1900 5677 2201 5733 sententias
2238 5677 2490 5745 partitur.
