4066 6146
509 305 642 372 1251

564 420 651 473 15.
691 418 884 487 Legem
917 414 1211 473 bonorans.
1242 412 1396 481 juxta
1434 411 1605 481 legem
1634 411 1796 466 vires.

561 508 647 561 14.
690 507 898 575 Hospes
931 504 1018 557 ille
1040 513 1141 565 est.
1184 505 1269 557 cui
1302 503 1518 557 sordent
1556 503 1848 557 mundana.

563 598 649 650 15.
691 595 909 651 Invidus
964 594 1199 664 Seipsum
1249 594 1474 659 multat;
1524 594 1614 647 cui
1663 594 1808 647 enim
1873 594 2064 647 adver-

492 702 587 741 sus
641 687 872 741 alterum
930 685 1189 755 loquitur,
1238 686 1475 754 seipsum
1527 683 1736 738 inscius
1789 685 1945 738 malis
1981 684 2064 738 aft

494 776 628 831 ﬁcit.

560 866 650 922 16.
691 866 851 921 Diviti
884 881 1060 935 neque
1090 862 1333 930 adulare,
1374 877 1549 934 neque
1592 864 1840 918 eumdem
1894 863 2065 918 irrita.

563 954 649 1008 l'l.
696 953 893 1009 Vinum
940 955 1163 1009 roborat
1196 968 1418 1023 corpus,
1464 952 1703 1006 animam
1735 961 1917 1006 autem
1943 967 2066 1006 ver-

492 1048 620 1101 bum
655 1046 770 1099 Dei.

563 1136 647 1190 18.
688 1136 839 1191 Cibis
866 1144 1019 1190 utere
1052 1151 1159 1189 non
1192 1132 1464 1198 dulcibus,
1489 1133 1582 1188 sed
1605 1133 1952 1188 salutaribus.

565 1225 651 1281 l9.
693 1226 750 1279 Si
799 1226 1015 1281 conaris
1052 1226 1265 1295 placere
1296 1225 1478 1294 vulgo,
1509 1225 1668 1295 vulgo
1716 1225 1909 1280 similis
1940 1224 2057 1279 fias.

561 1401 631 1455 20
691 1401 863 1468 Super
893 1401 1075 1455 omnia
1110 1408 1292 1455 autem
1339 1402 1601 1456 mortifica
1646 1415 1845 1469 corpus
1888 1410 2063 1453 tuum.

563 1493 653 1547 2i.
698 1493 788 1547 Ille
816 1493 1121 1547 laboriosus
1158 1501 1260 1555 est,
1300 1492 1386 1545 cui
1434 1507 1539 1545 non
1577 1500 1792 1560 tempus
1823 1500 2062 1558 superat.

560 1583 649 1636 Ἡ.
691 1581 769 1636 Ne
811 1584 1035 1651 recipito
1070 1582 1364 1638 Christiani
1419 1582 1653 1636 hominis
1687 1582 1917 1635 formam
1950 1590 2068 1634 tan-

495 1684 629 1735 tum.
670 1674 764 1728 sed
795 1674 991 1727 animae
1015 1674 1196 1741 potius
1227 1673 1590 1741 prudentiam.

1989 302 2048 361 S.
2088 293 2247 361 NILI

2085 429 2128 483 Α
2229 414 2409 482 Νόμον
2436 411 2633 481 τιμῶν,
2667 409 2809 465 κατᾶ
2835 409 2997 479 νόμον
3021 410 3226 479 ζήσεις.

3608 292 3747 358 1252

2237 505 2395 568 Ξένος
2428 505 2652 565 ἐκεῖνος,
2689 493 2733 568 ᾧ
2765 501 2889 565 ξένα
2923 500 2990 553 τὰ
3032 500 3127 553 τοῦ
3156 498 3383 566 κόσμου.

2249 599 2307 650 Ὀ
2336 594 2547 663 φθονῶν
2589 593 2781 645 ἑαυτὸν
2811 592 3000 661 ζημιοῖ
3017 604 3032 619 ⁸
3053 590 3082 641 ό
3106 588 3214 657 γὰρ
3247 586 3366 640 κατ’
3390 584 3551 639 ἄλλου
3575 583 3744 652 φθεγ-

2164 688 2415 758 γόμενος,
2451 686 2641 754 φθάνει
2675 684 2902 753 πάσχων
2943 682 3033 750 ὑφ’
3066 679 3261 735 ἑαυτοῦ
3289 677 3498 741 κακῶς.

2237 865 2497 917 Πλούσιον
2528 862 2667 931 μήτε
2696 859 2980 921 κολάκευε,
3024 858 3163 927 μήτε
3202 854 3494 926 παρόξυνε.

2246 950 2507 1007 Ῥώννυσι
2546 952 2644 1004 μὲν
2676 946 2818 1013 οἶνος
2845 949 2905 1003 τὸ
2949 948 3131 1018 σῶμα,
3163 947 3263 1016 τὴν
3291 945 3348 998 δὲ
3371 943 3551 1014 ψυχὴν
3586 942 3745 1009 λόγος

2161 1045 2324 1100 Θεοῦ.

2236 1137 2433 1197 Σιτίοις
2461 1134 2595 1204 χρῶ,
2620 1135 2679 1186 οὐ
2713 1134 2824 1196 τοῖς
2850 1128 3055 1200 ἡδέσιν,
3094 1128 3229 1183 ἀλλὰ
3260 1129 3373 1189 τοῖς
3417 1124 3744 1193 ὠφελίμοις.

2235 1229 2359 1289 Τοῖς
2414 1226 2592 1295 ὄχλοις
2664 1224 3006 1293 πειρώμενος
3066 1220 3347 1290 ἀρέσκειν,
3405 1216 3513 1268 τῶν
3568 1212 3747 1281 ὄχλων

2162 1317 2345 1385 ὅμοιος
2377 1316 2484 1368 ἔσο.

2250 1408 2419 1475 ’Υπὲρ
2449 1406 2625 1459 πάντα
2653 1403 2915 1473 καταχρῶ
2940 1401 3019 1470 τῷ
3046 1399 3257 1470 σώματί
3285 1410 3402 1452 σου.

2234 1496 2523 1558 Φιλόπονος
2557 1495 2784 1556 ἐκεῖνος,
2811 1486 2855 1560 ᾧ
2886 1493 3078 1562 χρόνος
3107 1492 3172 1544 οὐ
3220 1487 3562 1561 περισσεύει.

2236 1585 2563 1656 Χριστιανοῦ
2603 1584 2903 1655 ἁνδρὸς“μὴ
2950 1584 3011 1635 τὸ
3044 1584 3231 1652 σχῆμα
3282 1580 3570 1649 ἀποδέχου,
3606 1576 3750 1631 ἀλλὰ

2165 1678 2226 1731 τδ
2258 1682 2354 1748 τῆς
2382 1678 2561 1746 ψυχῆς
2583 1675 2861 1745 φρόνημα-

560 1765 651 1819 25.
695 1765 918 1833 Culpam
946 1764 1243 1818 transferre
1278 1764 1329 1817 iu
1369 1764 1534 1818 Delum
1571 1781 1676 1819 non
1707 1763 2058 1833 culpandum,

2231 1768 2438 1835 Ψέγειν
2464 1766 2830 1835 ἀνεπίληπτον
2857 1765 2938 1826 εἰς
2970 1761 3103 1815 Θεὸν
3132 1763 3401 1833 ἁμαρτία.

492 1865 769 1923 peccatum
805 1866 905 1909 est.

564 1946 653 1999 ει.
692 1946 918 1998 Aurium
951 1955 1004 1998 et
1034 1946 1229 2013 lingua:
1262 1961 1518 2013 magnum
1554 1953 1635 1999 est
1659 1946 1984 2014 periculum.

561 2035 652 2088 25.
692 2035 962 2089 Timorem
1000 2044 1059 2089 et
1095 2036 1424 2089 desiderium
1475 2032 1566 2089 Dei
1599 2036 1812 2100 habeto,
1838 2044 1893 2089 et
1928 2050 2064 2104 puro

492 2124 841 2179 conscientiae
871 2125 1187 2178 testimonio
1215 2141 1341 2197 erga
1375 2140 1566 2180 omnes
1599 2135 1769 2180 utere.

561 2214 651 2269 26.
694 2214 860 2269 Deum
902 2215 1079 2283 ipsum
1129 2231 1341 2286 semper
1378 2226 1695 2286 prwscntem
1726 2216 1915 2270 adesse
1944 2216 2063 2271 exi-

493 2308 679 2367 stima,
714 2306 766 2359 in
802 2306 1056 2360 omnibus
1084 2323 1208 2376 qua:
1237 2308 1377 2377 agis.

560 2397 649 2450 27.
693 2396 884 2466 Fugito
909 2396 1144 2459 laudem,
1174 2408 1227 2450 et
1247 2405 1438 2450 caveto
1460 2395 1805 2466 vituperium.

561 2488 652 2544 28.
689 2489 872 2544 Gaude
910 2490 1130 2558 quando
1181 2488 1433 2544 virtutem
1480 2504 1739 2543 exerces:
1774 2504 1959 2542 verum
1999 2503 2066 2542 nc

492 2577 753 2644 efferaris,
778 2580 1067 2647 nequando
1102 2581 1155 2633 in
1186 2590 1341 2647 portu
1379 2580 1720 2649 naufragium
1756 2578 1941 2633 facias.

560 2668 650 2722 29.
693 2668 906 2731 Quanto
938 2667 1107 2736 magis
1137 2669 1191 2721 in
1224 2668 1341 2736 legc
1364 2669 1605 2736 prolicis,
1641 2676 1792 2721 tanto
1822 2669 1991 2737 magis
2017 2677 2068 2721 te

494 2758 684 2811 abesse
717 2772 746 2810 a
773 2755 1103 2826 perfectione
1131 2757 1417 2827 intelliges.

563 2847 651 2900 30.
696 2846 1137 2916 Uniuscnjusque
1186 2847 1261 2901 rei
1321 2847 1479 2900 linem
1527 2857 1651 2901 ante
1697 2846 1911 2900 initium
1936 2860 2070 2901 con-

493 2937 691 2991 sidera.

560 3027 648 3081 51.
706 3026 805 3081 Diu
857 3037 1128 3097 noctuque
1183 3028 1247 3081 ad
1307 3027 1548 3081 ultimam
1598 3030 1786 3082 horam
1838 3029 2063 3099 respice.

564 3201 651 3259 52.
696 3202 773 3257 Ne
827 3202 1164 3258 converscris
1217 3203 1346 3269 isti,
1409 3218 1571 3273 quem
1628 3219 1659 3257 a
1708 3205 1865 3260 bonis
1918 3205 2071 3260 vides

476 3292 722 3363 ’culpari.

566 3387 654 3439 55.
698 3384 928 3438 Studeas
975 3384 1178 3438 nemini
1224 3386 1483 3441 damnum
1520 3386 1672 3452 dare,
1712 3387 1798 3442 his
1829 3404 1949 3458 quae
1975 3404 2066 3443 seu

495 3477 653 3537 facis,
689 3491 784 3528 seu
815 3474 972 3538 dicis,
998 3490 1093 3530 seu
1127 3478 1354 3546 cogitas.

572 3565 663 3620 τι.
705 3563 781 3617 Ne
826 3565 1023 3620 laeteris
1081 3565 1287 3621 ﬂoridis
1336 3567 1459 3623 vita
1498 3585 1510 3621 :
1560 3567 1660 3623 llos
1684 3568 1828 3623 enim
1868 3570 2068 3639 grami-

497 3671 654 3719 ncus,
684 3671 806 3709 cum
841 3659 1233 3720 attreCtaveris,
1269 3656 1556 3714 ﬂaccescit.

566 3746 655 3800 55.
696 3744 752 3799 In
795 3746 1041 3802 tristibus
1090 3749 1292 3818 gratias
1324 3766 1443 3821 age,
1490 3761 1544 3805 et
1586 3750 1777 3825 iugum
1829 3749 2071 3806 afﬂictio-

498 3852 626 3889 ttnm
659 3836 772 3890 leve
800 3839 923 3890 crit.

565 3924 753 3981 36.1n
820 3928 1212 3983 tentatiouibus
1281 3929 1358 3984 sis

496 4014 657 4067 etiam
688 4014 954 4080 maiorum
976 4025 1293 4086 arguerunt.

566 4106 653 4157 57.
695 4103 772 4159 Ne
823 4106 1012 4162 iucusa
1052 4106 1148 4162 Dei
1202 4108 1663 4179 longanimitatem
1707 4129 1721 4165 :

494 4195 640 4248 enim
681 4205 764 4250 est
800 4198 1179 4266 pharmacum.

1422 3928 1624 3984 fortis:
1670 3930 1868 3986 multos
1923 3932 2066 3987 enim

1779 4126 2067 4165 commune

565 4307 652 4362 38.
695 4308 1113 4377 Inaequalitatem
1143 4312 1267 4365 vita;
1292 4311 1420 4365 odio
1454 4327 1802 4381 prosequere,
1846 4323 2064 4382 propter

495 4414 615 4451 ram
637 4414 765 4452 vero
797 4398 963 4453 Deum
997 4415 1063 4454 ne
1094 4401 1433 4454 criminator.

563 4511 652 4565 59.
694 4511 1047 4565 Attendamus
1094 4512 1248 4565 nobis
1301 4511 1467 4579 ipsis,
1520 4523 1573 4567 ct
1647 4513 1782 4568 alios
1825 4529 1931 4568 non
1979 4530 2069 4569 re-

498 4602 893 4671 prehendemus
904 4640 918 4653 .

568 4714 657 4768 όθ.
697 4712 860 4767 Multa
902 4714 1046 4768 enim
1079 4715 1132 4768 in
1163 4716 1327 4771 nobis
1359 4726 1507 4781 sunt,
1536 4727 1755 4787 propter
1778 4736 1899 4789 quae
1930 4689 2067 4774 alios

498 4813 765 4858 taxamus.

567 4915 655 4969 41.
698 4915 945 4972 Psalmus
973 4919 1297 4987 precationis
1326 4920 1396 4980 sit
1430 4920 1523 4975 tibi
1553 4922 1604 4975 in
1640 4937 1733 4976 ore
1764 4932 1857 4976 tuo
1883 4940 1895 4975 :
1928 4921 2067 4976 Deus

497 5008 639 5061 enim
668 5008 978 5065 nominatus
1017 5009 1163 5081 fugat
1197 5012 1489 5067 daemones.

566 5121 655 5175 42..
696 5123 880 5177 Oratio
934 5141 1055 5178 cum
1091 5125 1383 5179 sobrietate
1429 5128 1540 5191 fiat,
1596 5142 1664 5179 ue
1694 5142 1724 5179 a
1760 5126 1871 5193 Deo
1916 5136 2067 5195 peta-

498 5223 619 5262 mus
650 5228 769 5279 quae.
808 5215 911 5281 ipsi
943 5231 1047 5267 mm
1080 5227 1233 5283 grata
1265 5226 1410 5270 Sunt.

566 5320 652 5373 45.
695 5322 919 5391 Semper
950 5327 1234 5380 recordare
1290 5326 1405 5388 Dei,
1457 5335 1511 5380 et
1553 5326 1750 5379 malum
1805 5327 1874 5379 sit
1914 5327 2064 5396 cogi-

498 5412 630 5465 tatio
665 5421 776 5466 tua.

565 5523 652 5574 44.
690 5522 897 5575 Cohibe
931 5526 1190 5583 oculum:
1227 5542 1350 5584 cum
1399 5530 1542 5584 enim
1587 5544 1692 5583 non
1737 5531 2062 5597 attenderis,

498 5608 959 5667 circumvolvitur.

2237 1941 2411 1993 Ὥτων
2433 1940 2527 1992 καὶ
2551 1938 2820 2007 γλώσσης,
2860 1938 3033 2008 μέγας
3066 1939 3093 1990 ὁ
3120 1934 3383 1998 κίνδυνος.

2230 2032 2395 2086 Φόϐον
2438 2031 2527 2103 ἔχε
2564 2031 2724 2095 Θεοῦ,
2765 2030 2858 2083 καὶ
2909 2030 3093 2095 πόθον,
3158 2031 3252 2083 καὶ
3290 2028 3562 2100 ικαθαρὸν
3605 2029 3751 2100 πρὸς

2165 2124 2371 2186 πάντας
2400 2126 2476 2193 τῷ
2505 2124 2787 2195 μαρτυρίῳ
2815 2122 2910 2177 τοῦ
2947 2121 3244 2185 συνειδότος
3271 2122 3529 2194 κέχρησο.

2233 2215 2404 2268 Αὑτὸν
2436 2214 2729 2282 ἐφεστάναι
2756 2214 2848 2267 τὸν
2882 2213 3016 2266 Θεὸν
3066 2214 3315 2275 πίστευε,
3358 2218 3419 2266 ὲν
3451 2207 3533 2277 οἷς
3564 2213 3747 2284 πράτι-

2163 2323 2275 2368 τεις
2306 2307 2582 2362 ἑκάστοτε.

2235 2397 2409 2464 Φεῦγε
2438 2397 2564 2460 τοὺς
2591 2397 2865 2462 ἐπαίνους,
2899 2397 3154 2467 αἰσχύνου
3183 2397 3239 2451 δὲ
3260 2398 3387 2457 τοὺς
3414 2395 3616 2465 ψόγους

2235 2486 2462 2556 Χαξρου,
2502 2486 2601 2558 τὴν
2653 2487 2854 2560 ἀρετὴν
2912 2490 3080 2558 ἡνίκα
3129 2487 3432 2559 πράττεις·
3480 2483 3617 2539 ἀλλὰ
3668 2488 3751 2559 {pi

2175 2577 2429 2646 ἐπαίρου,
2466 2579 2676 2648 μήποτε
2703 2578 2765 2631 τὸ
2787 2581 3043 2646 ναυάγιον
3077 2582 3133 2632 ὲν
3159 2578 3238 2649 τῷ
3270 2579 3451 2647 λιμένι
3494 2579 3742 2647 γένηται.

2238 2666 2400 2719 Ὅσον
2431 2668 2489 2719 ὲν
2531 2667 2613 2736 τῷ
2636 2668 2785 2738 νόμῳ
2829 2669 3178 2739 προκόπτεις,
3227 2666 3615 2720 ἀπολείπεσθαι
3644 2668 3744 2735 τῆς

2166 2755 2505 2827 τελειότητος
2531 2759 2789 2825 γίνωσκε.

2237 2845 2424 2916 Πάσης
2457 2846 2710 2917 πράξεως
2744 2848 2804 2901 τὸ
2825 2849 2977 2913 τέλος
3020 2848 3123 2920 πρὸ
3153 2848 3254 2918 τῆς
3284 2849 3459 2918 ἀρχῇς
3499 2844 3740 2912 ἐξέταζε.

2240 3024 2472 3095 Νύκτωρ
2525 3028 2619 3079 καὶ
2675 3026 2993 3098 μεθημὲραν
3049 3027 3184 3097 πρὸς
3236 3026 3334 3097 τὴν
3386 3027 3601 3097 ἡμέραν
3641 3026 3741 3095 τὴν

2174 3113 2406 3185 ἐσχάτην
2430 3113 2723 3168 ἀπόϐλεπε.

2241 3206 2331 3276 Μὴ
2358 3207 2695 3277 ἀνιμίγνυτο
2722 3209 2917 3278 τούτῳ,
2949 3209 3008 3262 ὃν
3036 3207 3187 3278 παρὰ
3214 3207 3321 3261 τῶν
3353 3207 3576 3277 ἀγαθῶν
3607 3207 3741 3261 θεωο

2174 3301 2287 3368 ρεῖς
2312 3298 2721 3371 λοιδορούμενον

2244 3388 2447 3442 Σπεῦδε
2478 3390 2665 3460 μηδενὶ
2691 3389 2917 3462 βλάϐην,
2959 3394 3015 3445 ἐν
3038 3388 3118 3455 οἷς
3163 3393 3443 3461 πράττεις,
3474 3392 3507 3464 ἦ
3538 3392 3739 3459 λέγεις,

2170 3480 2203 3549 ἢ
2234 3480 2564 3550 φιλοσοφεῖς.
2601 3482 2868 3549 γενέσθαι.
3030 3535 3048 3552 ,

2241 3570 2675 3641 Μὴ,εὑφραίνου
2736 3575 2847 3636 τοῖς
2892 3572 3147 3644 ἀνθηροῖς
3192 3571 3287 3625 τοῦ
3336 3572 3453 3642 βίου
3482 3589 3498 3604 °
3530 3571 3592 3641 τὸ
3632 3572 3743 3641 γὰρ

2170 3660 2413 3731 χόρτινον
2440 3662 2619 3727 ἄνθος,
2650 3663 2725 3727 ὼς
2753 3663 3030 3734 ψηλαφᾷς.
3069 3664 3416 3734 μαραίνεται.

2253 3754 2341 3806 Ἐν
2380 3756 2490 3816 τοῖς
2527 3754 2789 3823 λυπηροῖς
2821 3756 3159 3827 εὐχαρίστει,
3209 3755 3301 3807 καὶ
3348 3756 3377 3807 ὁ
3422 3753 3585 3823 ζυγὸς
3631 3753 3745 3807 τῶν

2171 3844 2450 3914 ἁμαρτιῶν
2476 3844 2810 3912 κουφίζεται.
3028 3850 3035 3856 ’

2248 3932 2338 3985 Ἓν
2373 3938 2486 3997 τοῖς
2510 3938 2833 4005 πειρασμοῖς
2876 3936 3171 4006 άσφαλίζου
3197 3953 3209 3966 ·
3262 3934 3489 4000 πολλοὺς
3518 3938 3625 4007 γὰρ
3647 3937 3743 3990 καὶ

2171 4023 2430 4093 μειζόνων
2460 4024 2711 4094 ῆλεγξαν.

2237 4115 2327 4183 Μὴ
2371 4116 2587 4184 μέμφου
2634 4114 2737 4186 τὴν
2773 4115 2867 4171 τοῦ
2910 4118 3045 4173 Θεοῦ
3080 4120 3462 4191 μακροθυμίαν
3488 4137 3501 4149 ·
3562 4120 3741 4173 κοινὸν

2167 4202 2276 4270 γάρ
2311 4203 2425 4255 ἐστι
2460 4203 2768 4274 φάρμακον.

2234 4314 2397 4367 Μίσει
2426 4315 2486 4367 τὸ
2514 4316 2798 4385 ἀνώμαλον
2831 4317 2925 4370 τοῦ
2962 4316 3101 4387 βίου,
3137 4320 3225 4373 ἐπ’
3246 4319 3379 4372 αὐτὸ
3398 4320 3456 4372 δὲ
3489 4320 3579 4371 τὸν
3607 4318 3740 4371 Θεὸν

2100 4386 2140 4439 D
2172 4402 2245 4474 μὴ
2281 4404 2549 4459 διάϐαλλε.
2646 4412 2657 4419 ’

2241 4516 2603 4587 Προσέχωμεν
2651 4519 2885 4582 ἑαυτοῖς,
2937 4520 3033 4573 καὶ
3065 4520 3256 4584 ἄλλους
3314 4523 3375 4574 οὐ
3425 4522 3737 4592 σκὼψομεν.

2240 4715 2415 4768 Πολλᾶ
2444 4707 2645 4786 γὰρ’ὲν
2679 4720 2834 4786 ἡμῖν,
2868 4718 2961 4787 ἀφ’
2996 4712 3072 4772 ὧν
3098 4722 3223 4782 τοὺς
3250 4720 3444 4783 ἄλλους
3488 4720 3738 4774 σκώπτο-

2172 4826 2290 4878 μεν.

2236 4918 2463 4990 Ψαλμὸς
2492 4920 2630 4975 ἔστω
2661 4937 2741 4973 σοι
2787 4922 2951 4991 εὐχῆς
2983 4924 3039 4974 ἐν
3068 4922 3145 4993 τῷ
3178 4924 3406 4993 στόματί
3437 4941 3530 4978 σου
3557 4944 3570 4957 ·
3611 4926 3743 4989 Θεὸς

2169 5011 2277 5081 γὰρ
2305 5010 2705 5081 ὀνομαζόμενος
2740 5012 3036 5081 φυγαδεύει
3074 5015 3202 5078 τοὺς
3244 5015 3528 5085 δαίμονας.

2240 5123 2522 5193 Προσευχὴ
2584 5122 2723 5191 μετὰ
2758 5123 2971 5193 νήψεως
3034 5124 3312 5192 γενέσθω,
3375 5125 3464 5179 ἵνα
3516 5125 3595 5196 μὴ
3651 5126 3743 5177 τὸν

2169 5212 2299 5266 Θεὸν
2334 5214 2617 5282 αἰτοῦμεν,
2648 5209 2731 5276 οἷς
2752 5216 2915 5279 αὐτὸς
2956 5217 3055 5269 οὐκ
3085 5218 3400 5284 ἀρέσκεται.

2249 5326 2361 5379 Ἀεὶ
2392 5330 2696 5397 μνημόνευε
2729 5329 2823 5382 τοῦ
2863 5329 3019 5396 Θεοῦ,
3046 5332 3138 5383 καὶ
3194 5330 3422 5398 οὐρανὸς
3464 5331 3496 5400 ἡ
3535 5329 3743 5383 διάνοια

2168 5434 2260 5469 σου
2299 5418 2539 5485 γίνηται.
3358 5434 3375 5443 ’

2236 5528 2467 5583 Χαλίνου
2496 5530 2587 5583 τὸν
2635 5529 2909 5601 ὀφθαλμόν
2934 5549 2948 5563 ·
2982 5532 3057 5593 ὡς
3110 5531 3217 5599 γὰρ
3264 5531 3361 5583 οὒκ
3409 5524 3584 5593 οἶδας.
3610 5529 3745 5599 ῥέμ-

2166 5618 2336 5672 ὕεται.
