4066 6146
377 251 398 318 1
409 253 512 319 253

440 361 624 414 Φείδου
684 360 781 431 τῆς
839 356 1083 429 γλώττης
1112 373 1125 388 ³

370 452 512 521 ἅπερ
541 452 762 522 ἄμεινον
789 449 1139 520 κρύπτεσθαι.

439 563 679 635 Γεώργει
699 567 765 634 τῇ
787 563 981 633 μελέτῃ
1005 560 1095 613 τοῦ
1118 560 1307 629 νόμου,
1338 562 1436 631 τὴν
1456 560 1694 614 διάνοιαν
1721 578 1732 590 ·
1761 561 1941 615 ἐκτίλ-

368 654 447 707 λει
480 654 590 725 γὰρ
616 653 726 722 τῶν
749 652 1024 721 λογισμῶν
1053 652 1179 714 τοὺς
1226 652 1517 721 πονηροὺς,
1562 652 1805 722 συνεχῶς
1844 668 1942 723 με·

371 736 697 812 λετώμενος.
1448 792 1451 795 λ

382 828 385 837 ’
440 834 551 895 Τὰς
578 831 781 902 ἀρετὰς
812 829 1021 899 κρύπτε
1050 846 1063 858 ·
1108 828 1393 898 μάρτυρας
1420 828 1477 882 δὲ
1518 828 1611 881 τοῦ
1663 829 1779 899 βίου
1809 830 1939 883 πολ-

366 924 491 986 λοὺς
514 924 798 992 κέκτησαι.

432 1011 597 1066 Μίσει
624 1009 726 1072 τὰς
751 1007 947 1079 ἡδονὰς
976 1006 1080 1076 τῆς
1111 1007 1314 1077 σαρκός
1341 1023 1354 1036 ·
1385 1007 1639 1079 ῥυπαρὰν
1666 1006 1774 1076 γὰρ
1801 1005 1940 1077 μετὰ

359 1102 454 1156 τοῦ
486 1099 737 1169 σώματος
775 1097 874 1168 τὴν
910 1097 1089 1168 ψυχὴν
1115 1096 1455 1167 ἐργάζονται.

437 1187 588 1242 Movet.
637 1187 781 1240 δίδου
804 1189 870 1258 τῇ
899 1187 1064 1257 σαρκὶ
1111 1188 1211 1239 ὅσα
1239 1186 1434 1259 χρῄζει
1475 1185 1678 1251 λαϐεῖν,
1709 1186 1807 1256 οὐχ
1836 1186 1937 1239 ὅσα

362 1274 629 1345 βούλεται.

431 1365 519 1436 Μὴ
554 1367 744 1434 ἀγάπα
782 1363 844 1417 τὸ
877 1368 1090 1436 τρυφᾷν
1124 1381 1137 1396 ·
1173 1365 1357 1434 φιλίαν
1395 1365 1503 1436 γὰρ
1539 1366 1673 1435 πρὸς
1708 1367 1797 1420 τὸν
1821 1366 1935 1436 βίον

361 1456 593 1525 ἐμποιεῖ,
621 1454 791 1525 ἔχθρα
822 1455 879 1507 δὲ
916 1455 1053 1525 πρὸς
1078 1456 1171 1509 τὸν
1208 1455 1338 1508 Θεὸν
1367 1456 1633 1527 ἐκατέρου
1666 1456 1931 1510 τίκτεται.

442 1631 807 1702 Ἀποστρέφου
855 1633 954 1701 τὴν
999 1635 1057 1685 ὲν
1086 1632 1164 1703 τῷ
1215 1633 1317 1704 βίῳ
1351 1636 1525 1706 χαράν
1558 1654 1572 1668 ·
1631 1635 1769 1706 αὕτη
1824 1636 1932 1707 γὰρ

358 1721 650 1775 ὀλισθαίνει
684 1724 777 1775 καὶ
800 1724 1036 1788 σκελίζει
1068 1727 1197 1789 τοὺς
1237 1727 1552 1797 τρέχοντας.

429 1811 667 1864 Πλοῦτον
716 1815 763 1866 εἰ
803 1813 900 1883 μὲν
937 1814 1101 1883 ἔχεις,
1149 1816 1430 1886 σκόρπιζε.
1464 1816 1526 1869 Εἰ
1555 1815 1600 1868 δ’
1624 1815 1722 1869 οὐκ
1761 1814 1928 1886 ἔχεις,

376 1902 452 1971 μὴ
489 1902 708 1970 σύναγε.

428 1994 629 2045 Ὅπλον
673 1994 806 2063 ἡγοῦ
842 1995 941 2064 τὴν
1006 1996 1281 2066 νηστείαν,
1328 1996 1422 2048 καὶ
1464 1996 1563 2067 τὴν
1625 1997 1932 2068 προσευχὴν

354 2085 551 2152 τεῖχος,
576 2083 670 2136 καὶ
699 2084 937 2154 λουτῆρα
966 2084 1035 2138 τὰ
1063 2085 1297 2155 δάκρυα.

428 2176 568 2226 Ὅσα
586 2172 678 2245 ὲξή
688 2191 911 2244 μαρτες.
939 2176 1117 2228 πάντα
1137 2175 1273 2245 μετὰ
1294 2176 1614 2242 στεναγμῶν
1651 2178 1896 2248 μέμνησο
1912 2196 1925 2210 ·

354 2261 563 2330 γίνεται
591 2264 702 2333 γὰρ
735 2250 986 2318 ἐντεῦθεν
1019 2268 1083 2335 τῇ
1123 2267 1268 2337 ψυχῇ
1313 2265 1569 2337 διηνεκὴς
1613 2269 1924 2334 κατάνυξις.

424 2436 717 2509 Περιποιοῦ
772 2438 897 2501 τοὺς
949 2438 1231 2508 πτωχούς·
1285 2434 1433 2493 οὗτοι
1488 2438 1597 2509 γὰρ
1649 2440 1780 2510 ἡμῖν
1834 2441 1927 2494 τὸν

353 2528 562 2601 Κριτὴν
596 2529 1049 2583 καταλλάσσουσι.

421 2620 552 2684 Ταῖς
574 2621 786 2691 χρείαις
816 2621 922 2674 τῶν
949 2621 1120 2688 ἁγίων
1153 2621 1400 2674 κοινώνει
1426 2639 1438 2652 ο
1483 2620 1551 2674 δι’
1596 2621 1778 2675 αὐτῶν
1815 2623 1923 2693 γάρ

353 2728 434 2764 σοι
461 2711 716 2765 κοινωνία
742 2711 877 2781 πρὸς
913 2712 1004 2764 τὸν
1033 2712 1165 2767 Θεὸν
1194 2714 1426 2780 γίνεται.

418 2804 529 2874 Τὴν
559 2803 851 2874 ἐκκλησίαν
903 2803 976 2867 ὡς
1015 2805 1241 2874 οὐρανὸν
1274 2807 1436 2860 πάτει
1464 2822 1479 2838 ο
1510 2808 1606 2860 καὶ
1665 2807 1832 2878 μηδὲν
1864 2809 1923 2862 ὲν

349 2893 486 2963 αὐτῇ
519 2893 651 2963 μηδὲ
674 2894 822 2960 λέγε,
853 2895 984 2963 μηδὲ
1012 2895 1225 2961 λογίζου
1258 2898 1465 2966 γήϊνον.

1584 250 1849 310 CAPITA
1890 245 2376 311 PARENETICA

1177 356 1434 418 πολλάκις
1486 357 1593 427 γὰρ
1656 358 1917 441 προφέρει

2028 392 2033 399 ι
2116 357 2206 411 45.
2243 357 2413 413 Parce
2441 368 2590 417 utere
2616 362 2795 434 lingua
2826 379 3012 436 :smpe
3055 368 3198 422 enim
3240 369 3606 440 proferuntur,

3472 267 3605 331 πεδί

2046 464 2165 517 quae
2195 451 2387 506 melius
2413 450 2604 509 fuisset
2629 456 2830 511 caalari.

2114 559 2203 614 46.
2244 561 2587 621 Meditatione
2636 564 2774 639 legis
2816 579 3050 624 mentem
3095 570 3263 627 colito
3296 590 3310 628 :
3350 575 3611 647 exstirpat

2034 633 2186 709 ‘enim
2220 659 2392 714 malas
2414 660 2795 730 cogitationes,
2821 664 3078 719 continue
3107 664 3469 736 frequentem.

2111 828 2201 886 47.
2247 829 2486 889 Virtutes
2540 844 2660 891 tuas
2706 838 2933 893 caelato:
2966 848 3128 896 testes
3164 856 3294 898 vero
3344 844 3466 899 vitae
3506 852 3611 901 tuae

2041 923 2241 976 multos
2273 925 2558 993 acquirere
2588 929 2765 985 stude.

2109 1013 2198 1067 48.
2236 1015 2368 1069 Odio
2389 1031 2719 1088 prosequere
2746 1020 2928 1076 carnis
2950 1022 3253 1093 voluptates
3283 1045 3296 1079 :
3337 1028 3606 1085 sordidam

2039 1099 2183 1154 enim
2218 1099 2457 1159 animam
2489 1121 2609 1161 cum
2646 1122 2874 1178 corpore
2896 1109 3160 1166 efﬁciunt.

2106 1191 2198 1246 49.
2235 1192 2468 1263 Corpori
2520 1196 2698 1252 solum
2743 1208 3009 1268 quantum
3062 1202 3284 1274 indiget,
3330 1204 3606 1276 impende,

2036 1294 2146 1334 nor.
2169 1293 2430 1350 quantum
2466 1286 2634 1355 cupit.
3524 1294 3532 1297 ’

2105 1369 2194 1425 50.
2238 1369 2476 1428 Delicate
2507 1376 2686 1431 vivere
2709 1393 2778 1432 ne
2807 1379 3008 1452 eligas:
3043 1396 3284 1438 amorem
3317 1384 3462 1440 enim
3500 1386 3603 1439 bu-

2030 1459 2121 1528 jus
2154 1460 2277 1514 vita:
2302 1463 2554 1518 conciliat
2580 1483 2593 1518 :
2622 1465 2899 1524 inimicitia
2928 1479 3111 1525 autem
3144 1472 3405 1527 adversus
3432 1473 3603 1529 Deum

2034 1565 2095 1604 ex
2134 1560 2361 1622 utroque
2391 1556 2658 1610 nascitur.
3232 1619 3238 1625 _

2104 1642 2192 1696 51.
2234 1644 2535 1701 Adversare
2589 1648 2642 1701 in
2691 1649 2799 1703 vita
2853 1652 3109 1721 gaudium
3165 1673 3178 1708 :
3231 1654 3406 1724 ipsum
3460 1657 3602 1713 enim

2037 1730 2302 1787 lubricum
2329 1743 2429 1801 est,
2452 1745 2504 1789 et
2534 1737 2836 1807 praecipitat
2872 1742 3226 1797 exsultantes.

2103 1821 2191 1877 52.
2228 1822 2451 1880 Divitias
2484 1827 2529 1880 si
2567 1827 2755 1892 habes,
2787 1830 3093 1888 distribue:
3130 1833 3176 1888 si
3207 1849 3336 1891 vero
3364 1852 3471 1892 non
3505 1837 3603 1893 ha-

2035 1908 2149 1975 bes,
2177 1925 2245 1966 ne
2268 1913 2479 1984 collige.

2104 1999 2192 2053 5'5.
2232 2000 2576 2059 Armaturam
2625 2008 2769 2062 enim
2812 2009 3103 2080 jejunium,
3150 2016 3450 2074 orationem
3480 2035 3602 2076 mu-

2032 2105 2172 2156 rum,
2207 2103 2256 2148 et
2294 2094 2544 2150 balneum
2569 2098 2836 2170 lacrymas
2863 2116 2985 2159 esse
3007 2115 3214 2174 putato.

2104 2182 2193 2237 54.
2239 2182 2585 2255 Quaecunque
2616 2189 2801 2260 inique
2831 2190 3037 2261 fecisti,
3074 2198 3256 2253 omnia
3286 2214 3408 2254 cum
3437 2205 3601 2271 gemi-

2032 2272 2174 2328 tibus
2209 2277 2524 2346 recordare;
2548 2279 2723 2334 oritur
2764 2281 2910 2337 enim
2958 2283 3086 2340 hinc
3116 2287 3314 2345 anima:
3340 2293 3599 2348 continua

2030 2367 2394 2434 compunctio.
3167 2358 3173 2365 ’

2097 2454 2185 2510 55.
2225 2457 2499 2528 Pauperes
2553 2459 2733 2518 foveto
2761 2481 2774 2516 :
2807 2463 2907 2533 ipsi
2955 2467 3098 2521 enim
3138 2469 3376 2540 judicem
3439 2473 3598 2530 nobis

2028 2547 2337 2603 conciliant.

2101 2639 2188 2693 56.
2228 2639 2427 2710 Inopia:
2486 2654 2799 2701 sanctorum
2859 2649 3129 2706 subveni:
3167 2667 3262 2722 per
3308 2669 3402 2712 eos
3452 2657 3596 2711 enim

2026 2726 2121 2781 tibi
2146 2743 2268 2782 cum
2304 2727 2416 2783 Deo
2454 2733 2679 2803 contigit
2721 2737 2973 2792 societas.

2094 2818 2182 2873 57.
2225 2818 2518 2877 Ecclesiam
2560 2839 2667 2878 non
2710 2840 2868 2882 secus
2917 2844 2983 2883 ac
3028 2831 3225 2886 ctelum
3272 2833 3592 2905 frequenta:

2025 2908 2269 2978 nihilque
2313 2910 2367 2963 in
2407 2911 2518 2979 ipsa
2553 2927 2648 2966 seu
2683 2914 2924 2983 loquere,
2955 2935 3050 2974 seu
3085 2924 3258 2991 cogita
3297 2935 3591 2984 terrenum.

432 2985 759 3052 Ἀναγκαῖαν
813 2984 1001 3053 νόμιζε
1050 2985 1148 3054 τὴν
1192 2987 1550 3057 αὐτάρκειαν,
1592 2988 1917 3060 παραχώρει

2090 2998 2177 3052 58.
2220 2998 2595 3056 Necessarium
2628 3005 2904 3071 existima,
2937 3011 3051 3064 suis
3089 3013 3253 3068 rebus
3281 3026 3594 3073 contentum

345 3074 405 3127 δὲ
425 3074 501 3144 τῷ
531 3074 649 3145 Θεῷ
675 3076 775 3144 τὴν
807 3075 946 3146 ὑπὲρ
971 3076 1174 3145 ταύτης
1210 3078 1498 3147 μέριμναν.

417 3164 601 3217 Κύλλα
656 3164 752 3235 τὴν
791 3165 968 3236 σάρκα
1014 3166 1238 3233 ἀγαθοῖς
1292 3169 1505 3234 πόνοις,
1553 3168 1834 3233 παντελῶς
1865 3171 1921 3223 δὲ

345 3253 515 3325 αὐτὴν
546 3255 619 3325 μὴ
647 3259 973 3309 καταπεσεῖν
1008 3256 1282 3327 φρόντιζε.

419 3347 544 3398 Πίνε
578 3346 670 3399 τὸν
714 3343 855 3398 οἶνον
907 3346 1225 3416 ἐλάχιστονσ
1260 3348 1384 3400 ὅσον
1431 3347 1540 3418 γὰρ
1582 3347 1917 3410 κολοϐοὔται,

344 3439 626 3506 εὐεργετεί
651 3437 774 3498 τοὺς
809 3437 1080 3499 πίνοντας.

414 3549 623 3613 Κόλαζε
654 3549 742 3601 τὴν
773 3548 941 3619 θυμόν
967 3567 981 3582 ·
1017 3545 1214 3620 μανίας
1237 3550 1348 3620 γάρ
1368 3551 1486 3604 ἐστι
1515 3552 1717 3622 πατὴρ,
1740 3553 1800 3605 τὸ
1825 3552 1918 3621 μέ-

342 3654 467 3707 τρον
497 3638 874 3708 ἐξερχόμενος.

423 3752 509 3804 Ἐν
531 3754 650 3814 ταῖς
697 3752 892 3818 νόσοις,
917 3756 980 3822 τῇ
1007 3755 1282 3824 προσευχῇ
1335 3751 1440 3822 πρὸ
1470 3752 1576 3805 τῶν
1601 3752 1800 3823 ἰατρῶν
1824 3755 1914 3806 καὶ

342 3843 641 3913 φαρμάκων
674 3844 929 3914 κέχρησθ.

407 3954 543 4016 Τοὺς
598 3958 762 4023 ἱερεῖς
815 3956 1021 4019 πάντας
1070 3956 1168 4026 μὲν
1212 3956 1369 4026 τίμα,
1423 3958 1533 4017 τοῖς
1584 3954 1807 4023 ἀγαθοῖς
1857 3956 1910 4009 δὲ

339 4044 663 4115 πρὸστρεχε.

419 4157 632 4222 Ἀγάπα
659 4157 753 4210 τοῦ
795 4157 929 4211 Θεοῦ
959 4159 1085 4221 τοὺς
1111 4157 1313 4222 οἴκους,
1344 4154 1491 4210 οἷκον
1531 4158 1602 4211 δὲ
1631 4159 1767 4211 Θεοῦ
1816 4162 1909 4213 καὶ

339 4249 532 4299 σαυτὸν
560 4249 991 4303 κατασκεύασον.

2028 3101 2186 3143 esse:
2227 3091 2475 3158 permitte
2513 3101 2693 3146 autem
2725 3095 2836 3150 Deo
2867 3098 2985 3167 ejus
3020 3100 3097 3154 rei
3135 3116 3345 3159 curam.

2096 3180 2183 3234 59.
2225 3180 2455 3235 Carnem
2481 3192 2627 3237 tuam
2656 3183 2935 3242 debilitate
2967 3190 3125 3246 bonis
3153 3192 3469 3264 laboribus;
3500 3214 3592 3267 pe-

2027 3271 2173 3326 nitus
2198 3287 2327 3326 vero
2351 3289 2468 3327 eam
2502 3290 2609 3329 non
2634 3275 2847 3332 domari
2876 3295 3038 3348 posse
3066 3283 3340 3339 existima.

2094 3359 2184 3414 60.
2223 3359 2420 3416 Vinum
2472 3363 2596 3417 bibe
2630 3365 2785 3419 valde
2816 3369 3115 3435 modicum,
3151 3381 3416 3440 quantum
3446 3374 3592 3429 enim

2025 3449 2263 3519 offendit,
2295 3460 2501 3509 tantum
2520 3455 2690 3511 etiam
2716 3459 3035 3515 corroborat
3078 3462 3343 3519 bibentes.

2093 3559 2180 3615 6!.
2222 3561 2362 3616 Iram
2410 3579 2728 3636 compesce:
2770 3567 3037 3625 insaniam
3083 3575 3230 3629 enim
3278 3578 3439 3647 parit,
3479 3599 3589 3638 nn-

2022 3657 2150 3710 dum
2181 3659 2471 3715 excedens.

2088 3766 2178 3820 62.
2221 3769 2277 3821 in
2335 3771 2575 3835 morbis,
2620 3774 2862 3829 oratione
2906 3778 3225 3849 priusquam
3274 3790 3495 3846 medicis
3538 3802 3590 3847 ct

2020 3858 2330 3926 pharmacis
2368 3869 2542 3918 utere.

2088 3972 2176 4026 63.
2216 3973 2538 4028 Sacerdotes
2586 3989 2776 4030 omnes
2830 3978 3056 4044 honora,
3108 3984 3268 4040 bonis
3302 4004 3431 4043 vero
3468 4000 3585 4044 tax:-

2025 4072 2140 4129 tum
2180 4078 2524 4120 convcrsare.

2085 4176 2171 4230 64.
2218 4177 2485 4235 Venerare
2519 4180 2611 4237 Dei
2640 4183 2856 4253 domus,
2890 4185 3109 4241 domum
3142 4204 3267 4243 vero
3297 4189 3390 4246 Dei
3424 4194 3579 4248 etiam

2016 4267 2242 4335 teipsqu
2273 4268 2445 4323 el'lice.

404 4360 495 4422 Ei;
528 4359 628 4429 τὴν
677 4360 973 4430 ἐκκλησίαν
1007 4360 1236 4429 σύχναζε
1267 4377 1280 4391 ·
1327 4360 1573 4432 θορύϐων
1616 4361 1726 4433 γὰρ
1757 4363 1902 4433 ἡμᾶς

2074 4376 2162 4430 65.
2200 4378 2256 4432 lu
2292 4380 2575 4436 ecclesiam
2634 4382 2949 4455 frequenter
2982 4388 3206 4442 venias:
3244 4403 3275 4442 a
3303 4391 3582 4458 perturba-

335 4450 428 4502 γαὶ
456 4449 622 4518 ζάλης
644 4449 975 4504 ἀπαλλάττει
1007 4451 1114 4503 τῶν
1152 4451 1375 4517 ἔξωθεν.

403 4649 542 4702 Ὅσα
582 4652 639 4702 ὲν
664 4654 728 4721 τῇ
768 4654 860 4722 γῇ,
918 4651 1229 4723 πρόσκαιρα
1255 4669 1267 4685 ι
1311 4655 1384 4724 μή
1419 4671 1478 4706 σε
1525 4654 1620 4708 νῦν
1653 4656 1814 4709 λύπει
1845 4658 1907 4710 τὸ

329 4741 714 4813 χωριζόμενον.

399 4944 568 4997 Ὅταν
629 4964 710 4998 σοι
759 4946 1021 5014 λογισμὸς
1053 4947 1146 5017 ὴδυ
1160 4945 1403 5009 παοείας,
1432 4947 1748 5017 ἐγγένηται,
1779 4953 1907 5006 ἀντ-

329 5035 544 5106 ίστησον
591 5037 739 5106 αὐτῷ
792 5038 890 5107 τὴν
926 5037 1033 5088 τῶν
1098 5036 1404 5104 ἀνθρώπων
1452 5037 1756 5106 αἰσχύνην,
1814 5043 1907 5094 καὶ

323 5112 421 5194 τὴν
446 5126 536 5178 τοῦ
567 5114 700 5179 Θεοῦ
737 5128 1131 5200 πρόσκρουσιν.

406 5238 732 5306 ’Λσιραλίζου
786 5240 886 5308 τὴν
911 5240 1081 5310 ἀκοὴν
1126 5242 1222 5294 καὶ
1264 5244 1391 5304 τοὺς
1448 5241 1764 5310 ὀφθαλμούς
1796 5258 1807 5269 ⁸
1840 5242 1907 5293 δι’

323 5326 497 5377 abi-Gr;
526 5328 632 5398 γὰρ
664 5328 840 5382 πάντα
865 5331 932 5381 τὰ
965 5329 1089 5400 βέλη
1124 5333 1222 5399 τῆς
1246 5333 1445 5394 κακίας
1474 5331 1833 5401 εἰσέρχονται.

405 5437 596 5492 Ἠνίκα
625 5441 904 5512 προσεύχῃ
933 5484 946 5506 ,
1008 5444 1098 5494 τὸν
1139 5443 1400 5509 λογισμὸν
1456 5442 1595 5511 πρδς
1647 5440 1778 5491 Θεὸν
1816 5442 1908 5493 ἁν-

321 5527 495 5597 ἁγαγε
526 5571 540 5596 ,
578 5534 681 5586 κᾶν
716 5533 1115 5603 περισπασθεὶς
1142 5533 1404 5602 κατέλθῃ,
1440 5532 1602 5585 πάλιν
1629 5528 1789 5582 αὑτὸν
1816 5532 1909 5585 ἀν-

321 5618 426 5684 άγα
434 5637 491 5686 γε
502 5660 514 5673 .

2014 4466 2252 4523 tionibus
2283 4472 2427 4526 enim
2480 4482 2534 4528 et
2577 4472 3025 4533 ﬂuctuationibus
3057 4479 3418 4537 exterioribus
3447 4481 3579 4535 libe-

2014 4571 2137 4611 rare
2169 4574 2272 4614 nos
2304 4562 2461 4616 solet.

2081 4671 2168 4725 66.
2210 4672 2556 4744 Qutecunque
2593 4677 2645 4731 in
2692 4685 2831 4733 terra
2875 4689 3021 4744 sunt,
3056 4691 3398 4752 temporanea
3439 4684 3579 4739 exsi-

2012 4767 2199 4815 stunt:
2235 4777 2301 4817 ne
2326 4772 2377 4818 te
2406 4778 2534 4834 ergo
2572 4768 2871 4835 perturbet,
2902 4770 3041 4837 quod
3077 4771 3173 4824 tibi
3212 4772 3472 4825 aufertur.

2082 4955 2168 5008 67.
2206 4955 2436 5021 Quando
2470 4968 2521 5015 te
2557 4961 2850 5029 voluptatis
2885 4962 3110 5017 affectus
3161 4965 3437 5031 invaserit,
3481 4983 3577 5038 0p—

2010 5061 2150 5113 pone
2182 5048 2283 5115 ipsi
2316 5058 2517 5103 metum
2560 5051 2861 5114 hominum,
2889 5061 2939 5104 et
2974 5054 3062 5105 Dei
3089 5054 3364 5108 oﬂ'ensam.

2080 5161 2166 5215 68.
2211 5161 2419 5215 Munito
2462 5165 2741 5230 auditum,
2794 5175 2847 5217 et
2885 5165 3115 5218 oculos:
3158 5182 3248 5234 per
3298 5168 3383 5221 illa
3431 5169 3576 5226 enim

2010 5252 2191 5304 omnia
2220 5253 2321 5305 tela
2353 5254 2572 5306 malitia:
2607 5254 3000 5323 ingrediuntur.

2080 5446 2166 5498 69.
2208 5448 2340 5500 Cum
2379 5452 2640 5514 oraveris,
2673 5460 2900 5505 mentem
2949 5453 3013 5503 ad
3058 5452 3224 5506 Deum
3264 5457 3447 5511 attolle
3480 5475 3492 5511 :
3522 5468 3575 5513 et

2008 5536 2218 5589 etiamsi
2274 5538 2396 5590 inde
2448 5542 2717 5595 abstracta
2755 5543 3109 5609 descenderit,
3150 5544 3342 5602 iterum
3396 5558 3570 5608 tamen

2011 5628 2179 5695 ipsam
2211 5628 2483 5697 recollige.
