4066 6146
849 236 886 259 π

528 318 671 392 1255

2006 310 2068 377 S.
2101 308 2265 376 NILI

3619 308 3748 379 1256

590 442 676 495 70.
721 438 872 494 Meus
911 439 1145 491 humana
1193 450 1299 489 non
1334 449 1572 503 unquam
1611 445 1789 490 cessat
1821 448 2080 506 generare

2253 433 2327 485 Ού
2359 432 2593 486 παύεται
2623 432 2655 503 ὴ
2699 431 2905 491 διάνοια
2953 430 3214 485 τίκτουσα
3244 444 3255 458 ·
3294 431 3357 483 σὺ
3379 430 3435 483 δὲ
3469 430 3596 494 τοὺς
3652 435 3753 502 μὲν

519 531 872 604 cogitationes
904 545 918 579 :
958 537 1015 581 tu
1039 541 1167 582 vero
1197 526 1367 581 malas
1397 526 1613 595 quidem
1641 528 1868 597 expelle,
1914 528 2084 580 bonas

2197 522 2422 593 patulae;
2450 522 2678 587 ἐκτειλε,
2710 524 2834 586 τοὺς
2866 522 2921 575 δὲ
2955 522 3198 590 ἀγαθοὺς
3231 519 3574 591 γειῦργησον.

518 636 646 677 vero
680 618 905 673 colendo
935 630 1149 673 exerce.

588 733 673 785 71.
712 730 1024 785 Hutnilitate
1063 731 1268 798 gaude:
1302 730 1528 785 altitudo
1563 729 1707 784 enim
1753 728 1875 798 ejus
1931 727 2085 781 firma

517 833 619 888 est,
652 837 750 876 nec
775 837 931 876 ruere
955 829 1152 890 potest.

588 935 676 987 72.
718 933 792 987 Ita
827 949 1018 988 exerce
1049 948 1269 1003 corpus,
1306 941 1365 987 ut
1404 946 1722 1002 compescas
1752 931 1933 986 carnis
1956 945 2086 984 mo-

2253 722 2425 794 Χαίρε
2444 725 2510 793 τῇ
2538 721 2862 775 ταπεινώσει
2886 737 2899 750 ·
2927 720 2987 773 τὸ
3014 721 3122 791 γάρ
3151 719 3211 784 ἐξ
3238 720 3407 791 αὐτῆς
3440 718 3574 790 ὕψος
3595 722 3753 786 πολὺ,

2185 814 2280 867 καὶ
2306 816 2490 864 πεσεῖν
2533 813 2607 882 μὴ
2639 812 2955 881 δυνάμενον.

2260 921 2454 973 Ἀσκει
2479 918 2753 983 τοσοῦτον,
2799 919 2922 970 ὅσον
2954 917 3185 986 χαλάσαι
3227 917 3323 986 τῆς
3350 917 3556 987 σαρκὸς
3580 918 3649 971 τά
3674 935 3760 970 κι-

518 1036 645 1081 tus:
685 1036 739 1081 et
787 1026 835 1081 si
867 1041 1009 1097 aeger
1055 1025 1244 1086 fueris,
1279 1040 1477 1093 corpus
1505 1038 1656 1088 cura,
1693 1032 1752 1076 ut
1797 1021 2082 1076 sanitatem

2197 1011 2402 1079 νήματα
2434 1024 2445 1037 ·
2498 1009 2599 1062 κᾶν
2622 1008 2915 1081 ἀσθενήσῃ,
2964 1009 3101 1078 πρὸς
3142 1008 3333 1076 ὑγείαν
3363 1013 3424 1062 τὸ
3456 1008 3639 1079 σῶμα,
3683 1010 3758 1078 μὴ

520 1117 872 1187 adipiscatur,
900 1132 1007 1169 non
1039 1116 1323 1170 utdeliciis
1356 1122 1660 1168 enervetur.

589 1230 675 1284 '75.
715 1231 917 1286 Pravas
942 1227 1298 1298 cogitationes
1333 1225 1458 1280 aliis
1499 1221 1921 1293 cogitationibus
1970 1233 2084 1273 me-

518 1322 746 1376 lioribus
771 1320 945 1389 abige.

592 1432 677 1485 74.
718 1431 1015 1486 Considera
1064 1432 1365 1486 caelestium
1417 1426 1687 1485 bonorum
1734 1426 2007 1490 decorem,
2035 1434 2089 1479 et

2188 1101 2324 1170 πρὸς
2352 1100 2564 1170 τρυφὴν
2591 1099 2947 1170 θεράπευσον.

2258 1212 2396 1274 Τοὺς
2425 1212 2696 1280 πονηροὺς
2725 1208 2836 1263 τῶν
2885 1208 3183 1279 λογισμῶν,
3236 1208 3517 1279 λογισμοῖς
3550 1207 3763 1278 ἑτέροις

2186 1304 2541 1373 ἀναμόχλευε.

2260 1417 2492 1486 Λογίζου
2532 1417 2640 1470 τῶν
2670 1416 2915 1488 οὐρανῶν
2958 1414 3180 1483 ἀγαθῶν
3222 1415 3321 1485 τὴν
3373 1414 3719 1483 εὐπρέπειαν
3746 1429 3760 1442 ο

520 1525 730 1578 nullum
775 1535 825 1579 te
865 1525 1042 1593 capiet
1063 1524 1392 1580 desiderium
1422 1532 1596 1586 terrae,
1633 1536 1733 1575 nec
1760 1518 1903 1573 aliud
1932 1533 1998 1572 ex
2026 1533 2088 1571 ea

2197 1511 2290 1562 καὶ
2321 1511 2495 1573 πάθος
2524 1510 2680 1562 οὐδέν
2716 1527 2798 1562 σοι
2826 1508 2928 1577 τῆς
2955 1509 3076 1578 γῆς,
3112 1507 3145 1575 ἢ
3176 1507 3284 1560 τῶν
3322 1508 3387 1559 ἐκ
3414 1506 3616 1575 ταύτης
3639 1521 3765 1575 τερ-

519 1615 782 1669 dulcium.
885 1632 890 1637 ‘

592 1728 678 1782 75.
721 1727 951 1793 Quando
993 1720 1086 1780 tibi
1137 1720 1319 1795 aliqua
1371 1724 1438 1780 de
1480 1725 1589 1778 Deo
1627 1726 1774 1780 subit
1815 1723 2088 1794 cogitatio,
2125 1756 2167 1811 Β

2195 1601 2343 1654 τινῶν
2371 1601 2778 1673 ἐπεισέρχεται.

2274 1710 2467 1767 Ἢνίκα
2506 1729 2558 1765 τι
2593 1712 2722 1781 περί
2767 1712 2902 1765 Θεοῦ
2950 1712 3242 1783 ἐπέρχεταί
3267 1728 3348 1764 σοι
3370 1711 3533 1772 νοεῖν,
3568 1709 3646 1779 μὴ
3674 1708 3768 1761 τὸν

448 1833 471 1849 θ
521 1836 629 1874 non
662 1820 852 1881 Deum,
901 1819 992 1870 sed
1032 1819 1262 1886 teipsum
1307 1818 1501 1886 cegita.
1545 1813 1687 1869 Nihil
1725 1815 1865 1869 enim
1915 1823 2086 1867 tutum

2197 1800 2350 1866 Θεὸν,
2404 1800 2540 1854 ἀλλὰ
2571 1801 2803 1853 σαυτόν’
2850 1801 3001 1854 οὐδὲν
3057 1802 3167 1872 γάρ
3211 1798 3475 1868 ἀσφαλὲς,
3533 1799 3675 1869 ὑπὲρ
3710 1798 3769 1849 τὸ

521 1909 767 1976 estquod
813 1905 1034 1960 modum
1085 1907 1316 1968 excedit,
1351 1921 1510 1974 quem
1563 1920 1782 1959 servare
1817 1903 2089 1957 convenit.

591 2020 679 2074 76.
721 2020 921 2075 Pravas
973 2019 1325 2089 cogitationes
1365 2034 1550 2072 semen
1589 2033 1711 2072 esse
1742 2018 1945 2071 diaboli
1974 2016 2091 2069 exi-

524 2110 725 2175 stima;
757 2112 836 2164 sic
862 2109 1011 2165 enim
1056 2109 1189 2178 ipsa;
1231 2109 1519 2173 desinunt;
1544 2109 1766 2178 ipseque
1799 2106 2093 2161 seminator

524 2200 897 2256 confunditur.

595 2312 683 2367 77.
724 2311 1022 2366 Excessum
1077 2312 1223 2367 risus
1273 2312 1485 2383 fugito:
1522 2322 1738 2368 enervat
1783 2313 1925 2366 enim
1965 2311 2094 2364 ani-

523 2415 685 2453 mam.
719 2399 917 2454 Anima
969 2414 1097 2455 vero
1145 2411 1429 2465 enervata,
1483 2400 1641 2454 facile
1688 2417 1717 2455 a
1761 2403 1914 2455 freno
1962 2400 2094 2470 legis

523 2494 759 2546 exuitur.

598 2604 685 2658 78.
728 2602 786 2657 In
817 2604 1032 2659 labores
1066 2614 1121 2658 et
1157 2606 1432 2659 orationes
1463 2613 1678 2675 oportet
1710 2605 1946 2659 animam
1972 2619 2095 2674 par-

526 2695 654 2749 tiri:
690 2695 769 2749 sic
788 2697 932 2750 cutim
978 2712 1085 2752 non
1117 2699 1316 2751 multos
1351 2698 1405 2751 in
1452 2698 1609 2753 nobis
1654 2699 1911 2752 introitus
1942 2696 2094 2751 iuve-

527 2785 640 2839 niet
668 2784 941 2840 diabolus.

599 2895 684 2952 79.
725 2894 992 2952 Laborem
1034 2912 1155 2955 esse
1211 2914 1318 2954 non
1376 2900 1701 2955 mediocrem
1741 2911 1931 2969 putato
1963 2901 2097 2973 legis

529 2989 965 3044 meditationem:
995 2991 1213 3060 quando
1258 3006 1412 3047 mens
1458 2992 1619 3046 simul
1667 3002 1722 3048 et
1772 2994 1955 3063 lingua
2011 3009 2099 3049 co-

2201 1897 2422 1965 μέτρον,
2454 1894 2589 1964 ὅπερ
2618 1893 2798 1962 χωροῦ
2807 1910 2924 1961 μεν,
2949 1893 3256 1963 ἐπέρχεται.

2269 2006 2381 2068 Τὰς
2431 2005 2669 2074 φαύλους
2708 2004 3031 2075 ἐνθυμήσεις
3060 2005 3262 2076 σπόρον
3288 2000 3426 2057 εἶναι
3458 2004 3553 2057 τοῦ
3582 2003 3770 2057 διαϐό-

2197 2096 2289 2148 λου
2318 2098 2540 2149 πίστευε
2559 2112 2573 2125 ·
2599 2095 2741 2150 οὕτω
2769 2099 2877 2167 γὰρ
2895 2096 3055 2149 αὑταὶ
3081 2096 3346 2150 παύονται
3390 2096 3419 2147 ὀ
3448 2095 3505 2147 δὲ
3532 2096 3774 2164 empse;

2199 2187 2533 2256 αἰσχύνεται.

2267 2296 2457 2350 Φείδου
2481 2297 2547 2349 τὰ
2584 2296 2755 2350 πολλὰ
2778 2296 3016 2365 γέλωτος
3041 2310 3054 2323 ·
3083 2296 3272 2366 χαυνοῖ
3293 2295 3402 2367 γὰρ
3425 2294 3525 2365 τὴν
3564 2292 3770 2362 ψυχήν.

2200 2388 2554 2442 Χαυνωθεῖσα
2598 2388 2657 2441 δὲ
2692 2387 2770 2457 τῷ
2798 2387 2891 2440 τοῦ
2938 2388 3102 2457 νόμου
3130 2386 3333 2457 χαλινῷ
3361 2382 3602 2455 εὐχερῶς
3633 2384 3776 2437 ἁπο-

2199 2478 2401 2534 δύεται.

2272 2591 2366 2654 Είς
2423 2589 2560 2660 ἔργα
2585 2590 2666 2642 δεῖ
2692 2589 2790 2661 τὴν
2835 2587 3011 2659 ψυχὴν
3055 2588 3148 2641 καὶ
3186 2587 3497 2658 προσευχὰς
3551 2584 3774 2657 μερίζε-

2204 2682 2329 2736 σθαι
2353 2699 2367 2714 °
2398 2681 2541 2735 οὕτω
2557 2682 2667 2752 γὰρ
2697 2682 2758 2735 οὐ
2788 2681 2983 2744 πολλάς
3019 2679 3267 2750 εὑρίσκει
3298 2678 3437 2748 πρὸς
3492 2679 3645 2747 ἡμᾶς
3678 2678 3773 2740 τὰς

2201 2774 2439 2837 εἰσόδους
2466 2776 2495 2826 ὁ
2525 2772 2791 2835 διάϐολος.

2274 2889 2478 2959 Ἔργον
2518 2868 2656 2941 εἶναι
2707 2886 2802 2957 τοῦ
2832 2886 2997 2957 νόμου
3053 2884 3152 2955 τὴν
3196 2883 3519 2950 ἀνάγνωσιν
3561 2880 3772 2949 νόμιζε,

2202 2979 2328 3032 ὅταν
2369 2978 2510 3049 μετὰ
2542 2979 2642 3049 τῆς
2675 2976 2922 3047 γλώττης
2944 2979 2972 3028 ὁ
3009 2976 3131 3039 νοῦς
3176 2974 3450 3044 τρυγήσαί
3480 2991 3536 3026 τι
3579 2971 3773 3034 θέλων,

529 3095 789 3148 gnoscere
838 3080 970 3150 quid
1005 3083 1225 3146 volens,
1268 3082 1322 3135 in
1363 3082 1518 3137 libris
1568 3098 1694 3139 cum
1742 3084 1926 3139 labore
1975 3099 2094 3139 ver-

2202 3072 2260 3123 ὲν
2287 3070 2405 3133 ταῖς
2431 3068 2632 3140 βίϐλοις
2665 3069 2986 3140 ἐργάζηται.

528 3176 699 3223 satur.

599 3278 686 3336 80.
726 3282 864 3338 Cum
913 3282 981 3337 ad
1038 3283 1251 3338 labores
1311 3299 1534 3338 manum
1589 3285 1860 3349 moveris,
1919 3285 2099 3350 lingua

531 3372 726 3442 psallat
769 3382 823 3427 et
873 3390 1024 3430 mens
1076 3383 1215 3429 oret.
1258 3376 1435 3444 Exigit
1487 3375 1632 3429 enim
1692 3374 1833 3430 Deus
1882 3385 1942 3430 ut
1979 3376 2100 3447 ejus

531 3479 744 3533 semper
765 3480 1037 3520 memores
1059 3468 1253 3519 simus.

600 3574 689 3627 8|.
728 3576 904 3630 Omne
919 3577 1062 3645 quod
1097 3577 1233 3647 agis,
1265 3577 1511 3631 oratione
1529 3578 1849 3650 obsignato:
1889 3581 1943 3636 id
1971 3594 2099 3636 vero

533 3665 768 3719 maxime
814 3666 1020 3736 dequo
1041 3680 1277 3723 mentem
1309 3670 1460 3726 vides
1493 3672 1851 3726 dubitantem.

602 3858 690 3913 82.
732 3859 788 3913 Si
832 3861 913 3917 vis
970 3879 1229 3920 manuum
1273 3876 1488 3923 tuarum
1536 3868 1751 3924 labores
1803 3869 2017 3924 divinos
2046 3877 2101 3924 et

532 3960 639 3999 non
669 3955 912 4004 terrenos
964 3950 1101 4019 ﬁeri,
1144 3954 1392 4023 quadam
1444 3971 1510 4010 ex
1565 3956 1632 4012 iis
1672 3957 2101 4012 communicabis

532 4051 654 4092 cum
685 4041 983 4108 egentibus.

603 4154 691 4211 85.
725 4156 910 4213 Gaude
977 4170 1292 4218 sanctorum
1347 4164 1657 4234 colloquio:
1700 4180 1794 4234 per
1821 4179 1914 4221 eos
1952 4166 2097 4221 enim

536 4243 680 4301 Deus
706 4247 801 4302 tibi
830 4251 1236 4308 manifestatur.

604 4357 693 4411 81.
737 4360 872 4416 Vere
930 4375 1147 4421 sanctos
1192 4367 1262 4421 ab
1314 4368 1568 4436 operibus
1620 4368 1898 4439 dignosce.
1954 4370 2101 4426 Una-

534 4466 761 4520 quchue
797 4468 1031 4525 namque
1065 4459 1228 4511 arbor
1257 4474 1287 4512 e
1324 4458 1502 4514 fructu
1540 4461 1893 4532 dignoscitur.

606 4562 695 4617 85.
738 4563 962 4634 Semper
996 4566 1190 4622 lucrari
1235 4570 1435 4639 aliquid
1470 4573 1628 4628 stude
1674 4589 1742 4628 ex
1785 4584 2101 4631 sanctorum

535 4655 1007 4722 contemplatione.
1041 4657 1278 4713 Observa
1304 4676 1431 4715 vero
1471 4663 1710 4733 ipsorum
1748 4677 2023 4736 aspectum
2048 4676 2101 4722 et

536 4743 780 4798 babitnm
809 4761 821 4796 :
852 4754 1143 4817 utrumque
1182 4752 1328 4806 enim
1361 4757 1587 4822 perutile
1615 4765 1720 4812 est.

486 4854 492 4891 ί
605 4856 695 4911 86.
731 4859 935 4915 Exerce
972 4862 1259 4930 puritatem
1297 4866 1350 4920 in
1382 4869 1566 4932 corde,
1602 4879 1654 4923 et
1703 4873 2004 4927 castitatem
2044 4873 2098 4928 in

534 4963 782 5018 corpore.
817 4950 889 5004 Ea
921 4953 1063 5007 enim
1096 4964 1324 5027 utraque
1362 4961 1613 5028 templum
1641 4963 1734 5018 Dei
1771 4972 1820 5018 te
1841 4965 2096 5020 efﬁciunt;

605 5062 693 5116 87.
738 5063 829 5117 Sic
876 5065 1058 5135 itaque
1091 5070 1347 5139 templum
1382 5074 1616 5136 eustodi,
1648 5083 1707 5128 ut
1739 5076 1832 5130 Dei
1871 5078 1963 5145 qui
2003 5093 2101 5131 ex-

534 5156 813 5221 struxerit,
854 5167 909 5212 et
950 5159 1196 5227 judicare
1242 5164 1496 5228 volentis,
1541 5176 1595 5220 et
1632 5166 1922 5235 imaginem
1953 5179 2097 5223 tuam

537 5244 677 5312 (quae
727 5255 810 5299 est
868 5249 1039 5316 ipsius
1094 5251 1288 5322 imago)
1342 5269 1528 5321 puram
1573 5256 1639 5308 ad
1693 5259 1930 5327 regulam
1985 5261 2101 5315 exi-

535 5334 730 5402 gentis.

602 5448 692 5503 88.
733 5449 1084 5506 Saecularium
1135 5458 1581 5513 converszitiones
1625 5470 1861 5515 mentem
1915 5478 1944 5516 a
1992 5463 2098 5518 Deo

534 5540 851 5608 segregarit:
883 5555 1213 5615 quapropter
1232 5548 1378 5619 ipsos
1398 5565 1493 5606 nec
1514 5552 1812 5621 alloquere,
1843 5554 1935 5611 sed
1966 5559 2105 5613 allo.

533 5636 764 5693 quentes
794 5631 1027 5685 declina.

2288 3270 2413 3325 Ἐὰν
2460 3272 2541 3334 εἰς
2568 3269 2705 3341 ἔργα
2739 3269 2838 3338 τὴν
2874 3273 3034 3339 χεῖρα
3082 3271 3257 3339 κινῇς,
3311 3271 3347 3338 ἡ
3394 3269 3616 3337 γλῶττα
3641 3270 3778 3338 ψαλ-

2205 3363 2362 3424 λέτω,
2405 3363 2499 3415 καὶ
2533 3363 2561 3414 ὁ
2608 3362 2734 3423 νοῦς
2784 3359 3174 3430 προσευχέσθω
3200 3376 3215 3391 ·
3260 3362 3486 3415 ἀπαιτεί
3534 3362 3645 3431 γάρ
3692 3361 3779 3415 ἀεὶ

2206 3454 2338 3526 παρ’
2364 3452 2519 3522 ἡμῶν
2552 3457 2581 3506 ὁ
2616 3452 2752 3517 Θεὸς
2787 3452 3244 3524 μνημονεύεσθαι.

2274 3569 2461 3624 Πᾶσαν
2516 3567 2613 3637 μὲν
2653 3564 2863 3637 πρᾶξιν
2926 3566 3013 3619 διὰ
3083 3568 3392 3637 προσευχῆς
3465 3566 3739 3637 σφράγιζε
3762 3583 3776 3597 ’

2205 3661 2406 3731 ταύτην
2462 3660 2520 3714 δὲ
2577 3660 2832 3729 μάλιστα,
2885 3659 2968 3728 ἐφ’
3005 3661 3071 3731 ἣν
3116 3661 3205 3712 τὸν
3254 3659 3517 3737 λογισμὸν
3549 3659 3781 3731 θεωρεῖς

2112 3767 2119 3773 ’
2204 3751 2630 3823 ἀμφιϐάλλοντα.

2276 3864 2339 3917 Εἰ
2378 3864 2557 3933 βούλει
2614 3860 2683 3916 τὰ
2725 3862 2833 3917 τῶν
2881 3861 3080 3932 χειρῶν
3104 3863 3261 3932 ἔργα,
3298 3861 3423 3914 θεῖά
3457 3877 3542 3938 σοι
3575 3862 3672 3915 καὶ
3705 3861 3779 3931 μὴ

2206 3957 2361 4025 χοῖκᾶ
2382 3954 2650 4023 γίνεσθαι,
2687 3955 2844 4007 κοινά
2874 3971 2960 4007 σοι
2982 3955 3048 4006 τὰ
3075 3953 3135 4018 ἐξ
3162 3953 3339 4006 αὐτῶν
3364 3951 3603 4020 γένεσθω
3641 3954 3780 4023 πρὸς

2205 4047 2329 4110 τοὺς
2357 4045 2675 4117 χρῄζοντάς.

2275 4160 2446 4226 Χαῖρε
2476 4160 2542 4229 τῇ
2573 4158 2681 4211 τῶν
2732 4158 2901 4226 ἁγίων
2937 4157 3175 4225 ἐντεύξει
3212 4173 3225 4187 ⁸
3271 4158 3341 4213 δι’
3392 4157 3575 4212 αὐτῶν
3606 4157 3725 4228 γὰρ
3751 4159 3779 4210 ὁ

2206 4251 2361 4326 Θεὸνε
2377 4254 2755 4323 ἐμφανίζεται.

2276 4364 2416 4427 Teii;
2476 4363 2691 4434 ἀληθῶς
2739 4365 2928 4431 ἁγίους
2986 4363 3095 4417 άπὸ
3123 4363 3232 4417 τῶν
3276 4362 3455 4434 ἔργων
3507 4361 3773 4432 διάκρινε.

2132 4433 2177 4486 D
2207 4454 2474 4508 Ἕκαστον
2499 4433 2608 4524 γάρ
2639 4454 2854 4525 δένδρον
2882 4457 2949 4508 ἐκ
2970 4454 3064 4508 τοῦ
3096 4433 3316 4525 καρποῦ
3336 4453 3690 4527 γνωρίζεται.

2288 4568 2401 4621 ’Λεί
2429 4586 2478 4620 τι
2504 4568 2806 4638 κερδαίνειν
2845 4571 2910 4623 ἐκ
2935 4571 3034 4640 τῆς
3063 4569 3298 4640 θεωρίας
3336 4570 3434 4638 τῆς
3460 4570 3567 4623 τῶν
3604 4570 3779 4636 ἁγίων

2209 4660 2474 4724 σπούδαζε
2502 4676 2518 4691 ο
2547 4661 2800 4730 ἐπιτήρει
2830 4660 2885 4712 δὲ
2911 4659 3089 4713 αὐτῶν
3121 4659 3364 4730 βλέμμα,
3415 4661 3512 4714 καὶ
3547 4661 3738 4731 σχῆμα
3761 4676 3774 4687 ·

2207 4751 2483 4818 ἐπωφελὲς
2511 4751 2618 4822 γὰρ
2649 4752 2811 4804 ἐκάτε
2818 4770 2933 4822 ρον.

2290 4863 2551 4916 Ἀκακίαν
2568 4863 2724 4916 ἄσκει
2745 4865 2811 4934 τῇ
2834 4863 3050 4934 καρδίᾳ,
3075 4864 3169 4917 καὶ
3194 4865 3416 4932 ἁγνείαν
3444 4866 3521 4936 τῷ
3541 4866 3777 4936 σώματιο

2207 4955 2378 5008 ταῦτα
2412 4957 2521 5027 γὰρ
2551 4954 2720 5025 ἄμφω
2752 4972 2811 5008 σε
2840 4954 2977 5008 Θεοῦ
3004 4954 3128 5008 ναὸν
3157 4956 3555 5026 ἀπεργάζεται.

2279 5091 2462 5154 Οὕτως
2483 5088 2575 5145 οῦν
2599 5094 2830 5161 φύλαττε
2855 5093 2943 5145 τὸν
2966 5092 3114 5159 ναὸν,
3136 5092 3210 5157 ὡς
3237 5093 3331 5148 τοῦ
3362 5094 3662 5155 κτίσαντος
3685 5094 3785 5147 καὶ

2206 5185 2389 5254 κρίναι
2436 5185 2740 5254 μέλλοντος,
2801 5186 2896 5239 καὶ
2950 5186 3050 5258 τὴν
3082 5188 3269 5241 εἰκόνα
3316 5204 3376 5240 σε
3414 5189 3533 5259 (τὴν
3561 5188 3778 5255 ἑαυτοῦ)

2206 5274 2449 5343 καθαρὰν
2483 5276 2878 5345 μεθοδεύοντος.

2277 5473 2341 5525 Δί
2368 5472 2476 5525 τῶν
2525 5472 2795 5542 βιωτικῶν
2823 5475 3029 5545 ὁμιλίαι
3066 5477 3157 5530 τὸν
3191 5477 3456 5548 λογισμὸν
3487 5478 3595 5532 ἀπὸ
3638 5475 3779 5529 Θεοῦ

2205 5562 2500 5632 χωρίζουσι
2525 5581 2539 5594 ·
2590 5566 2779 5636 διόπερ
2813 5568 3002 5632 αὑταῖς
3061 5569 3195 5639 μηδέ
3235 5570 3506 5638 συλλάλει,
3535 5570 3624 5625 καὶ
3647 5567 3780 5630 τοὺς

2204 5652 2500 5719 λαλοῦντας
2525 5655 2757 5709 ἔκκλινε.
3698 5668 3707 5673 ’
