4066 6146
527 307 669 375 1259

2019 312 2080 368 S.
2113 309 2274 369 NlLl

3638 317 3788 382 1260

597 424 722 480 104.
763 419 1210 491 Quandoquidem
1268 422 1416 477 domi
1477 434 1715 488 nostrae,
1781 423 2092 488 Ecclesiam,

2277 425 2340 478 Ei
2373 425 2703 497 Ἐκκλησίαν
2749 430 2869 481 κατ’
2917 424 3066 484 οἷκον
3122 430 3353 496 ἕκαστος
3399 433 3502 503 τὴν
3537 433 3787 486 διανοιαν

524 526 757 572 mentem
802 515 1033 584 quisque
1069 529 1248 581 suam,
1307 514 1608 569 habemus:
1643 529 1898 585 peragere
1929 513 2091 570 etiam

521 609 781 666 debemus
815 609 867 662 in
903 608 1016 678 ipsa
1048 605 1302 663 Ecclesia:
1333 607 1621 663 sacrilicia.

595 698 718 754 105.
760 699 816 754 Si
849 699 1120 770 peragitur
1163 700 1507 771 congregatio
1543 701 1594 754 in
1641 697 1984 763 Ecclesia,et
2031 709 2090 753 tu

513 789 740 845 adesto:
775 790 820 846 si
861 805 989 844 vero
1032 805 1141 845 non
1199 792 1509 862 peragitur,
1561 802 1617 846 tu
1684 791 1921 861 psallens
1961 807 2092 862 apo-

521 881 772 937 stolicum
805 880 1173 952 Evangelium.
1210 884 1376 936 abito.

592 973 714 1027 106.
741 970 967 1028 Virtutis
987 973 1214 1043 gloriam
1232 982 1542 1028 sam-torum
1561 973 1821 1042 aspicito:
1847 973 2089 1044 ipsorum

518 1064 664 1118 enim
700 1062 868 1134 gloria
905 1065 1232 1119 immortalis
1265 1073 1366 1130 est,
1399 1064 1562 1118 etiam
1597 1073 1718 1132 post
1749 1065 1980 1120 obitum.

588 1243 713 1298 107.
756 1242 910 1299 Tunc
958 1244 1216 1300 malitiam
1255 1244 1490 1300 maxime
1519 1245 1717 1312 oderis,
1749 1245 1967 1316 quando
1998 1261 2090 1301 co-

515 1334 716 1403 gitabis
755 1333 897 1404 quod
949 1335 1255 1390 daemonum
1299 1335 1369 1389 sit
1416 1334 1698 1406 lulgurans
1749 1348 1939 1391 contra
1990 1352 2090 1390 nos

511 1425 749 1494 gladius.

590 1515 710 1570 l08.
753 1512 810 1569 Si
840 1525 1151 1586 peccantem
1185 1515 1464 1581 admones,
1500 1516 1667 1572 misce
1690 1519 2090 1585 compassinnis

515 1605 678 1660 verba
717 1623 731 1658 :
778 1615 831 1659 et
874 1619 1036 1661 aures
1087 1603 1451 1668 emollienmr,
1499 1620 1594 1660 cor
1637 1622 1766 1661 vero
1810 1607 2090 1662 illumina-

513 1698 683 1751 bitur.

585 1790 707 1844 l09.
746 1788 882 1844 Cum
941 1788 1081 1856 inter
1128 1799 1349 1844 sanctos
1397 1788 1655 1858 loqueris,
1701 1805 1824 1860 qua:
1859 1790 2086 1860 spiritus
2121 1779 2164 1836 Β

511 1888 643 1933 sunt
675 1881 910 1949 loquere
937 1897 952 1934 :
982 1880 1028 1935 si
1055 1894 1183 1933 vero
1229 1879 1429 1934 talibus
1482 1895 1588 1934 non
1625 1880 1889 1949 loquaris,
1929 1881 1996 1935 de
2021 1882 2086 1937 iis

517 1987 584 2024 ne
606 1970 928 2040 quidquam.

587 2063 710 2116 lll).
751 2062 977 2131 Semper
1009 2061 1180 2116 bonas
1212 2062 1456 2118 actiones
1488 2079 1641 2133 urge.
1682 2063 1968 2132 nequando
1999 2079 2082 2119 re-

515 2153 660 2208 lictis
689 2153 795 2206 illis
820 2151 1227 2221 semiperfectus
1255 2153 1438 2206 abeas.

587 2245 706 2300 lll.
752 2243 842 2298 Sic
881 2258 1041 2299 curre
1076 2251 1138 2297 ut
1181 2244 1490 2313 assequaris
1534 2259 1756 2314 scopum
1786 2261 1800 2298 :
1830 2244 1935 2299 hoc
1979 2253 2085 2309 cst,

514 2337 905 2392 indesinenter.
961 2335 1187 2406 Oportet
1234 2337 1380 2390 enim
1412 2336 1568 2406 juxta
1601 2337 1856 2391 virtutem
1884 2336 2083 2400 vivere,

511 2427 689 2482 donec
718 2429 841 2480 vitae
873 2426 1108 2482 stadium
1135 2440 1546 2496 cxsuperemus.

584 2518 705 2573 112.
749 2517 826 2572 Ne
873 2517 952 2572 sis
1008 2517 1062 2571 in
1123 2517 1308 2572 studio
1350 2515 1728 2570 mandatorum
1771 2514 1866 2569 Dei
1919 2514 2088 2585 negli-

514 2623 688 2680 gens:
724 2609 924 2664 talibus
971 2607 1117 2662 enim
1163 2607 1316 2661 labor
1364 2607 1577 2672 inanis,
1633 2597 1874 2660 laborem
1921 2619 2088 2674 super

516 2701 752 2755 laborem
787 2701 1015 2770 aggerit.

511 2844 526 2852 -
589 2793 713 2847 H3.
767 2791 1090 2847 Patientiam
1146 2789 1308 2845 etiam
1360 2797 1650 2858 antequam
1710 2798 1934 2840 necesse
1981 2792 2085 2850 est,

515 2897 730 2950 exerce,
782 2891 845 2936 ut
895 2881 1068 2950 ipsius
1121 2887 1455 2935 armaturam
1519 2888 1765 2947 paratam
1819 2875 2086 2942 invenias,

515 2976 679 3031 etiam
703 2975 756 3030 in
794 2973 1138 3029 necessitate.
1999 3037 2026 3056 .

593 3066 714 3119 114.
757 3063 1021 3135 lmprobis
1055 3061 1249 3117 resiste
1271 3057 1715 3131 cogitationibus,
1744 3064 1802 3112 et
1821 3053 2089 3126 responde

521 3160 658 3230 ipsis
686 3175 808 3229 qua:
839 3158 892 3212 in
926 3158 1042 3227 lege
1068 3155 1328 3210 dicuntur

588 3252 710 3308 115.
753 3249 1036 3320 Diligentia
1069 3247 1236 3302 multa
1258 3245 1448 3302 oculos
1475 3259 1504 3298 a
1525 3244 1637 3300 vita
1664 3243 1769 3300 hac
1797 3243 2087 3300 abstrahe:

521 3341 704 3396 luimus
741 3341 884 3394 enim
926 3337 1268 3408 perniciosus
1293 3351 1362 3390 ex
1391 3337 1510 3405 ipsa
1552 3335 1792 3399 veniens,
1818 3333 2090 3388 turbidam

519 3432 694 3487 reddit
725 3431 989 3486 animam.

597 3521 714 3576 116.
754 3519 814 3575 Si
854 3518 1251 3574 consuetudine
1298 3516 1480 3587 aliqua
1525 3515 1667 3570 mala
1693 3513 1947 3572 detentus
1972 3514 2093 3572 fue-

521 3614 618 3679 ris,
664 3611 923 3680 paulatim
974 3623 1093 3662 eam
1152 3607 1401 3663 rescinde
1431 3625 1446 3662 :
1477 3613 1531 3662 et
1564 3607 1684 3663 sine
1728 3606 1840 3662 ullo
1870 3606 2091 3677 negotio

519 3704 589 3758 ab
613 3703 795 3756 anima
819 3699 1031 3770 spinam
1059 3696 1390 3754 eradicabis.

594 3794 714 3850 ll7.
759 3792 925 3847 Deum
959 3805 1154 3861 purum
1179 3789 1558 3854 exsistentem,
1587 3801 1723 3857 pure
1752 3801 1972 3857 quoque
2009 3784 2091 3840 di-

520 3886 665 3954 lige:
701 3891 757 3938 et
787 3895 895 3952 prae
932 3895 1020 3946 eo,
1051 3879 1106 3933 in
1158 3878 1412 3934 omnibus
1467 3877 1650 3932 omnia
1679 3875 1918 3932 secundo
1971 3876 2092 3930 loco

522 3972 764 4028 habenda
800 3986 921 4025 esse
953 3969 1285 4025 existimato.

595 4065 713 4119 ll8.
756 4063 811 4118 Si
833 4061 917 4119 vis
959 4078 1080 4118 esse
1118 4060 1376 4132 templum
1411 4060 1524 4127 Dei,
1576 4057 1915 4127 sacriﬁcium,
1951 4056 2090 4111 assi-

522 4157 740 4212 duitatis
772 4154 1069 4226 (assiduam
1110 4152 1318 4208 scilicet
1363 4151 1690 4222 orationem)
1746 4147 1964 4206 assidue
1985 4149 2089 4219 ipsi

519 4249 735 4305 olferas.

591 4340 711 4394 119.
755 4337 1094 4410 Negligenter
1127 4344 1181 4390 et
1211 4350 1375 4406 prave
1403 4333 1676 4389 viventem
1725 4346 1794 4386 ne
1841 4344 2092 4386 accersas

516 4430 920 4494 consultorem;
987 4425 1145 4480 malis
1199 4425 1343 4479 enim
1399 4423 1673 4493 gaudens,
1726 4420 1869 4476 bona
1925 4420 2089 4476 simul

515 4519 720 4581 odisse,
759 4525 812 4569 et
844 4513 1128 4569 consulere
1149 4512 1333 4567 eadem
1367 4526 1472 4564 non
1503 4518 1700 4580 potest.

590 4608 714 4664 l20.
753 4607 832 4660 Ab
878 4605 1026 4658 omni
1077 4603 1424 4671 corruptione
1479 4602 1712 4670 abstine,
1763 4613 1818 4659 et
1851 4606 2092 4676 mystica:

517 4714 689 4756 cmnue
725 4697 872 4752 omni
925 4695 1014 4750 die
1065 4693 1340 4764 particeps
1394 4693 1535 4750 llas:
1572 4694 1652 4749 sic
1694 4695 1841 4749 enim
1885 4695 2092 4753 Christi

518 4804 720 4857 corpus
745 4795 988 4840 nostrum
1022 4783 1138 4840 ﬁeri
1170 4783 1381 4852 incipit.

591 4879 713 4933 121.
755 4875 812 4930 ln
860 4876 1112 4930 omnibus
1166 4874 1384 4944 quando
1434 4890 1465 4930 a
1525 4874 1634 4932 Deo
1667 4877 1982 4948 corriperis,
2025 4894 2093 4934 ne

521 4983 820 5033 murmura,
850 4967 1081 5038 castigat
1109 4966 1252 5022 enim
1279 4975 1339 5020 ut
1367 4977 1548 5036 pater;
1576 4965 1807 5037 ideoque
1843 4978 1902 5024 ut
1933 4969 2092 5025 bene-

522 5061 695 5117 factor
726 5059 925 5130 dignus
978 5068 1062 5113 est
1099 5065 1158 5111 ut
1184 5056 1480 5127 gratiarum
1529 5058 1742 5114 actione
1769 5060 2090 5116 celebretur.

591 5153 713 5207 122.
755 5149 814 5206 Si
854 5149 1150 5221 ignominia
1198 5148 1422 5204 aﬂ‘ectus
1464 5148 1654 5216 fueris,
1685 5151 1894 5222 gaude:
1920 5153 2094 5223 siqui-

523 5245 643 5301 dem
666 5243 810 5299 enim
834 5243 1053 5313 injuste,
1084 5255 1292 5297 merces
1328 5249 1419 5295 tua
1446 5241 1669 5310 copiosa
1698 5243 1842 5299 erit:
1886 5245 1930 5299 si
1962 5260 2092 5301 vero

521 5335 687 5407 juste,
718 5342 772 5388 et
797 5333 842 5388 si
863 5331 1206 5402 aresipueris,
1241 5330 1353 5400 jam
1392 5329 1655 5384 liberatus
1695 5345 1754 5385 es
1787 5345 1819 5386 a
1855 5331 2090 5403 ﬂagello.

593 5424 718 5479 123.
755 5421 966 5477 Umbra:
991 5430 1044 5476 et
1065 5429 1219 5486 rotae,
1251 5429 1306 5476 et
1341 5419 1517 5475 tristia
1543 5427 1598 5475 et
1625 5419 1744 5474 laeta
1772 5421 1938 5492 hujus
1971 5424 2093 5479 vitae

524 5527 779 5583 compara
807 5531 820 5567 :
850 5527 974 5567 nam
1003 5511 1460 5582 quemadmodum
1482 5509 1675 5565 umbra
1701 5525 1811 5566 non
1839 5523 2090 5585 manent,

525 5613 579 5656 et
606 5615 665 5658 ut
695 5613 810 5659 rota
840 5613 1142 5659 νεειυηιυε.

596 5690 718 5742 124.
760 5689 984 5760 Semper
1015 5691 1274 5761 prolicere
1303 5692 1359 5749 in
1405 5692 1515 5749 Deo
1540 5705 1775 5753 conare:
1812 5695 2088 5754 modicum

2198 515 2421 587 ἔχομεν,
2448 519 2543 570 καὶ
2563 519 2738 573 τελεῖν
2759 521 2816 574 ἑν
2833 521 2971 592 αὐτῇ
2991 523 3114 585 τοὺς
3147 523 3382 593 θεσμοὺς
3403 525 3504 594 τῆς
3543 525 3785 595 Ἐκκληο

2201 607 2320 668 σίας
2351 608 2656 680 ὀφείλομεν.

2269 699 2333 751 Ei
2365 700 2601 753 τελεῖται
2637 701 2861 768 σύναξις
2897 703 2956 756 ὲν
3013 704 3329 777 Ἐκκλησία,
3364 708 3648 776 παραϐαλε
3677 726 3690 740 ·
3727 710 3779 761 εί

2197 786 2254 840 δὲ
2281 789 2356 860 μὴ
2380 789 2636 858 τελεῖται,
2663 793 2726 846 σὺ
2759 791 2979 862 ψάλλων
3021 797 3382 852 ἀποστολικὺν
3416 799 3780 868 Εύαγγέλιον,

2197 881 2422 937 ἄπελθε.

2269 973 2380 1042 Τὴν
2407 973 2515 1028 τῶν
2543 975 2755 1045 ἀρετῶν
2776 977 2935 1043 δόξαν
2969 977 3186 1032 ἐκτῶν
3231 979 3406 1048 ἁγίων
3432 983 3739 1035 κατόπτευε
3762 999 3777 1010 ·

2197 1062 2454 1118 ἀθάνατοι
2509 1065 2618 1136 γάρ
2669 1067 2849 1120 αὐτῶν
2901 1070 2957 1121 al
3005 1070 3178 1138 δόξαι,
3228 1074 3322 1123 καὶ
3353 1073 3493 1141 μετά
3540 1072 3779 1126 θάνατον

2197 1153 2454 1221 γίνονται.

2267 1245 2380 1314 Τὴν
2414 1247 2610 1300 κακίαν
2635 1247 2750 1300 τότε
2782 1249 3059 1319 μισήσεις,
3089 1251 3217 1303 ὅταν
3250 1250 3465 1321 λογίσῃ,
3494 1251 3776 1322 δαιμόνων

2197 1336 2282 1389 ὅτι
2310 1338 2429 1390 ἔστι
2461 1339 2593 1391 καθ’.
2614 1342 2645 1410 ἡ
2657 1340 2772 1410 μῶν
2805 1341 3165 1411 στιλϐουμένη
3188 1343 3454 1412 μάχαιρα.

2266 1511 2328 1564 Ei
2360 1512 2633 1577 νουθετεῖς
2661 1515 2752 1569 τὸν
2811 1517 3141 1582 πταίσαντα,
3191 1518 3404 1602 κρᾶσον
3457 1519 3776 1589 συμπαθείᾳ.

2195 1603 2264 1654 τά
2287 1604 2507 1675 ῥήματα
2527 1621 2542 1637 ·
2568 1608 2664 1660 καὶ
2696 1607 2762 1660 τὰ
2795 1609 2894 1679 μὲν
2916 1603 3029 1662 ὦτα
3064 1610 3456 1681 μαλάσσονται.
3488 1613 3520 1679 ἡ
3558 1612 3616 1664 δὲ
3635 1629 3777 1682 καρ-

2201 1693 2289 1747 δία
2328 1697 2644 1764 φωτίζεται.

2265 1787 2434 1841 Ὅταν
2463 1789 2521 1841 ὲν
2547 1789 2722 1856 ἁγίοις
2755 1789 2957 1854 λαλεῖς,
2994 1790 3174 1862 ἐρώτα
3202 1792 3271 1844 τὰ
3301 1791 3394 1845 τοῦ
3425 1787 3767 1864 πνεύματος·

2189 1876 2316 1931 ὅταν
2347 1876 2402 1930 δὲ
2433 1879 2507 1948 μὴ
2547 1879 2814 1944 τοιούτοις
2839 1881 3038 1944 λαλεῖς,
3067 1883 3127 1934 οὗ
3155 1882 3326 1936 ταῦτα
3351 1882 3521 1936 λάλει.

2260 2056 2373 2120 Τάς
2399 2057 2629 2128 πράξεις
2649 2061 2736 2113 ἀεὶ
2769 2059 2868 2124 τάς
2914 2061 3126 2130 ἀγαθὰς
3166 2060 3483 2126 ἐπίσπευδε,
3517 2061 3593 2132 μή
3636 2079 3771 2116 ποτε

2189 2149 2502 2204 καταλιπὼν
2526 2152 2716 2218 αὐτὰς,
2738 2153 3000 2224 ἡμιτελὴς
3026 2153 3324 2227 summa.

2257 2237 2413 2292 Οὕτω
2437 2241 2621 2311 τρέχε,
2653 2242 2740 2296 ἵνα
2765 2243 3100 2314 καταλάϐῃς,
3127 2243 3407 2298 τουτέστιν
3438 2244 3759 2309 ἀπαύστως.

2187 2331 2280 2381 Δεῖ
2336 2331 2445 2399 γὰρ
2478 2331 2578 2402 τὴν
2614 2334 2817 2403 ἀρετὴν
2847 2335 3084 2405 τρέχειν,
3126 2335 3321 2406 μέχρις
3355 2335 3424 2390 ἂν
3453 2336 3762 2408 ἐξέλθωμεν

2187 2419 2283 2473 τοῦ
2319 2421 2434 2492 βίου
2457 2423 2516 2474 τὸ
2544 2424 2776 2477 στάδιον.

2257 2515 2352 2586 Μὴ
2400 2515 2554 2582 γίνου
2586 2517 2716 2588 περὶ
2756 2518 2855 2586 τὴν
2909 2517 3175 2588 ἐργασίαν
3209 2517 3318 2572 τῶν
3360 2520 3591 2576 ἐντολῶν
3619 2520 3769 2589 όλίγ-

2185 2623 2352 2678 ωρος·
2375 2609 2490 2670 τοῖς
2519 2609 2628 2679 γὰρ
2656 2608 2919 2673 τοιούτοις
2943 2612 2972 2663 ὁ
3001 2611 3170 2675 κόπος
3190 2611 3448 2683 ἀκιρδὴς,
3479 2612 3575 2666 ἐπὶ
3598 2613 3768 2667 κόπον

2188 2699 2565 2770 προστίθεται.

2257 2791 2370 2861 Τὴν
2403 2791 2679 2862 ὑπομονὴν
2716 2792 2813 2847 καὶ
2847 2793 2951 2863 πρὸ
2976 2794 3075 2866 τῆς
3103 2795 3349 2866 ἀνάγκης
3398 2795 3580 2862 ἄσκει,
3615 2797 3765 2861 ὅπως

2186 2883 2357 2954 αὐτῆς
2409 2875 2578 2956 εῖΙρῃς
2627 2885 2722 2939 καὶ
2775 2887 2837 2941 ἐν
2899 2889 2966 2958 τῇ
3029 2888 3246 2961 ἀνάγκῃ
3301 2889 3400 2961 τὴν
3459 2890 3764 2946 πανοπλίαν

2186 2976 2428 3047 ἕτοιμον.

2262 3065 2456 3132 Μάχου
2509 3066 2624 3128 τοῖς
2667 3067 2925 3137 πονηροῖς
2977 3065 3278 3138 λογισμοῖς,
3330 3067 3426 3121 καὶ
3455 3067 3581 3137 λέγε
3626 3067 3765 3138 πρὸς

2193 3157 2394 3218 αὐτοὺς
2423 3159 2523 3210 ὅσα
2549 3155 2628 3227 τῷ
2657 3156 2807 3227 νόμῳ
2835 3156 3096 3211 λαλεῖται.

2263 3249 2474 3319 Σπουδῇ
2506 3247 2678 3319 πολλῇ
2711 3252 2803 3301 τὸν
2827 3249 3102 3318 ὀφθαλμὸν
3129 3249 3192 3303 ἐκ
3214 3250 3309 3305 τοῦ
3341 3251 3456 3322 βίου
3489 3251 3765 3322 μετάστη-

2192 3357 2284 3394 σον
2302 3355 2317 3368 ·
2341 3341 2549 3403 καπνὸς
2573 3340 2682 3411 γὰρ
2715 3340 2774 3405 ἐξ
2798 3340 2963 3395 αὑτοῦ
3000 3344 3252 3414 πονηρὸς,
3285 3343 3442 3415 θολὴν
3466 3343 3764 3416 τὴνψυχὴν

2189 3432 2510 3486 ἀναδίδοται.

2263 3522 2324 3576 Ei
2363 3521 2542 3595 φαύλῃ
2571 3522 2683 3577 τινὶ
2713 3522 2972 3594 συνηθείᾳ
2992 3523 3354 3595 κεκράτησαι,
3390 3525 3531 3596 μετά
3565 3524 3764 3594 μικρὸν

2189 3614 2463 3684 ἀπότεμνε
2494 3627 2509 3644 ⁸
2560 3615 2653 3667 καὶ
2707 3613 2877 3668 κόπου
2932 3614 3126 3668 πολλοῦ
3183 3614 3374 3686 χωρὶς,
3427 3616 3528 3684 τῆς
3585 3613 3768 3685 ψυχῆς

2189 3702 2491 3766 ἀποϐαλεῖς
2518 3702 2618 3774 τὴν
2659 3701 2921 3758 ἄκανθαν.

2260 3794 2515 3866 Καθαρὸν
2543 3795 2674 3849 ὅντα
2706 3793 2799 3847 τὸν
2823 3793 2974 3860 Θεὸν,
3007 3793 3261 3864 καθαρῶς
3289 3794 3480 3864 ἀγάπα
3500 3809 3514 3823 ο
3548 3797 3643 3848 καὶ
3667 3793 3766 3846 τοῦ

2188 3887 2280 3940 ἐπὶ
2307 3887 2545 3953 πάντων,
2574 3886 2753 3940 πάντα
2779 3886 3006 3958 δεύτερα
3035 3886 3246 3957 νόμιζε.

2261 4063 2324 4117 El
2357 4063 2529 4128 θέλεις
2571 4060 2712 4118 εἶναι
2764 4063 2890 4128 ναὸς
2930 4062 3088 4131 Θεοῦ,
3145 4063 3334 4118 θυσίαν
3385 4064 3766 4136 ἐνδελεχισμοῦ

2189 4155 2288 4226 τὴν
2321 4155 2629 4227 προσευχὴν
2658 4155 2805 4226 αὐτῷ
2837 4155 2934 4226 τὴν
2965 4155 3191 4226 διηνεκῆ
3216 4157 3517 4228 πρόσφερε.

2261 4330 2366 4384 Τὸν
2393 4330 2610 4401 ἀμελῶς
2631 4329 2871 4402 βιοῦντα,
2907 4331 2982 4400 μὴ
3006 4331 3393 4402 προσλάμϐανε
3423 4334 3730 4402 σύμϐουλον
3748 4354 3761 4366 ·

2123 4453 2166 4508 D
2191 4420 2221 4474 ό
2251 4421 2360 4492 γὰρ
2396 4425 2510 4484 τοῖς
2561 4425 2751 4485 κακοῖς
2805 4421 3026 4492 χαίρων,
3063 4422 3243 4491 ἀγαθά
3292 4425 3385 4477 καὶ
3446 4428 3630 4495 μισεῖν
3671 4428 3764 4479 καὶ

2194 4510 2584 4581 συμϐουλεύειν
2606 4512 2704 4564 οὐκ
2735 4511 3006 4581 ἀνέχεται.

2263 4605 2448 4676 Πὰσης
2481 4606 2684 4677 ἀπέχου
2717 4605 2942 4674 φθορᾶς,
2978 4605 3070 4658 καὶ
3110 4604 3205 4659 τοῦ
3252 4605 3518 4676 μυστικοῦ
3541 4607 3763 4661 δείπνου

2191 4699 2372 4752 πᾶσαν
2399 4698 2610 4771 ἡμέραν
2644 4698 2861 4768 μέτεχε.
2901 4696 3058 4750 Οὕτω
3083 4698 3191 4770 7&9
3227 4699 3467 4772 Χριστοῦ
3498 4699 3573 4769 τὸ,
3601 4699 3762 4770 σῶμα

2189 4788 2250 4842 τὸ
2281 4789 2550 4860 ἡμέτερον
2577 4788 2805 4858 γίνεται.

2275 4881 2362 4933 Ἐν
2387 4875 2467 4944 οἷς
2525 4883 2752 4955 παιδεύῃ
2805 4884 2956 4955 παρὰ
2985 4882 3138 4948 Θεοῦ,
3183 4881 3259 4954 μὴ
3307 4883 3544 4951 γόγγυζε
3571 4898 3586 4914 ο
3639 4903 3766 4938 παι-

2189 4970 2335 5024 δεύει
2392 4972 2490 5040 μὲν
2530 4973 2640 5044 γὰρ
2687 4975 2762 5038 ὡς
2810 4975 2992 5044 πατήρ
3021 4990 3035 5005 ο
3096 4973 3536 5044 εὐχαριστεῖσθαι
3584 4974 3641 5027 δὲ
3688 4974 3767 5038 ὡς

2191 5063 2484 5133 εὐεργέτης
2515 5065 2663 5116 ἐστὶν
2695 5065 2864 5129 ἄξιος.

2264 5155 2433 5207 Ὅταν
2481 5154 2808 5226 ἀτιμασθῇς,
2859 5158 3052 5225 χαῖρε·
3099 5156 3146 5208 εἰ
3194 5155 3292 5225 μὲν
3327 5155 3435 5225 γάρ
3475 5153 3704 5222 ἀδίκως,
3733 5159 3764 5211 ό

2195 5243 2385 5314 μισθὸς
2417 5238 2580 5306 πολύς
2601 5260 2615 5274 ο
2649 5246 2698 5297 εί
2726 5244 2782 5297 δὲ
2805 5244 3050 5312 δικαίως,
3082 5245 3176 5299 έάν
3227 5248 3512 5316 σωφρονῇς
3540 5246 3770 5316 ἐκουφί-

2194 5336 2324 5404 σθης
2353 5335 2453 5405 τῆς
2488 5335 2770 5405 μάστιγος.

2264 5427 2398 5497 Σκιᾷ
2431 5426 2526 5479 καὶ
2549 5425 2727 5496 τροχῷ
2754 5427 2822 5480 τὰ
2861 5425 3080 5498 λυπηρά
3122 5425 3216 5480 τοῦ
3252 5426 3369 5497 βίου
3397 5427 3493 5480 καὶ
3539 5427 3771 5497 τὰφαι-

2190 5517 2292 5589 δρά
2325 5515 2642 5587 παράϐαλλε
2671 5531 2684 5545 ·
2711 5516 2783 5580 ὡς
2815 5517 2924 5588 γὰρ
2949 5517 3076 5572 σκιά
3105 5517 3164 5571 ού
3197 5516 3374 5586 μένει,
3405 5516 3499 5570 καὶ
3533 5516 3611 5580 ὡς
3641 5533 3768 5586 τρο·

2192 5608 2287 5679 χδς
2323 5607 2593 5663 κυλίεται.

2274 5699 2389 5754 Ἀεὶ
2421 5700 2753 5769 προκόπτειν
2785 5697 2924 5756 κατὰ
2951 5697 3084 5752 Θεὸν
3113 5693 3406 5759 σπούδαζε.
3450 5693 3512 5749 '0
3537 5693 3645 5764 7&9
3668 5712 3764 5764 9.:-
