  <div class='ocr_page' id='page_1' title='image "/cluster/home/n/w/nwhite01/storage/ocr_20150623/79/mdp.39015051890492/658.png"; bbox 0 0 4066 6146; ppageno 0'>
   <div class='ocr_carea' id='block_1_1' title="bbox 387 353 3610 433">
    <p class='ocr_par' dir='ltr' id='par_1_1' title="bbox 387 353 3610 433">
     <span class='ocr_line' id='line_1_1' title="bbox 387 353 3610 433; baseline 0.007 -24"><span class='ocrx_word' id='word_1_1' title='bbox 387 354 512 424; x_wconf 75' lang='lat'><strong>1261</strong></span> <span class='ocrx_word' id='word_1_2' title='bbox 1588 353 1852 414; x_wconf 76' lang='lat' dir='ltr'><strong>CAPITA</strong></span> <span class='ocrx_word' id='word_1_3' title='bbox 1890 355 2404 420; x_wconf 61' lang='lat' dir='ltr'><strong>PARzENETlCA.</strong></span> <span class='ocrx_word' id='word_1_4' title='bbox 3477 367 3610 433; x_wconf 76' lang='lat' dir='ltr'><strong>l262</strong></span> 
     </span>
    </p>
   </div>
   <div class='ocr_carea' id='block_1_2' title="bbox 374 462 1980 546">
    <p class='ocr_par' dir='ltr' id='par_1_2' title="bbox 374 462 1980 546">
     <span class='ocr_line' id='line_1_2' title="bbox 374 462 1980 546; baseline -0.017 -12"><span class='ocrx_word' id='word_1_5' title='bbox 374 475 492 546; x_wconf 77' lang='grc' dir='ltr'><strong>κρῷ</strong></span> <span class='ocrx_word' id='word_1_6' title='bbox 515 475 605 528; x_wconf 72' lang='grc' dir='ltr'><strong>ἐπὶ</strong></span> <span class='ocrx_word' id='word_1_7' title='bbox 635 473 830 546; x_wconf 71' lang='grc' dir='ltr'><strong>μικρὸν</strong></span> <span class='ocrx_word' id='word_1_8' title='bbox 855 467 1166 540; x_wconf 76' lang='grc' dir='ltr'><strong>προστιθεὶς</strong></span> <span class='ocrx_word' id='word_1_9' title='bbox 1189 463 1415 520; x_wconf 83' lang='grc' dir='ltr'><strong>πλοῦτον</strong></span> <span class='ocrx_word' id='word_1_10' title='bbox 1435 462 1596 517; x_wconf 74' lang='grc' dir='ltr'><strong>καλὸν</strong></span> <span class='ocrx_word' id='word_1_11' title='bbox 1620 464 1938 538; x_wconf 47' lang='lat' dir='ltr'><strong>nassam-,5</strong></span> <span class='ocrx_word' id='word_1_12' title='bbox 1967 492 1980 529; x_wconf 53' lang='grc' dir='ltr'><em>λ</em></span> 
     </span>
    </p>
   </div>
   <div class='ocr_carea' id='block_1_3' title="bbox 2083 462 3689 546">
    <p class='ocr_par' dir='ltr' id='par_1_3' title="bbox 2083 469 3689 544">
     <span class='ocr_line' id='line_1_3' title="bbox 2083 469 3689 544; baseline 0.007 -22"><span class='ocrx_word' id='word_1_13' title='bbox 2083 469 2186 524; x_wconf 85' lang='lat' dir='ltr'><strong>uim</strong></span> <span class='ocrx_word' id='word_1_14' title='bbox 2219 470 2432 526; x_wconf 89' lang='lat' dir='ltr'><strong>modico</strong></span> <span class='ocrx_word' id='word_1_15' title='bbox 2474 471 2698 536; x_wconf 81' lang='lat' dir='ltr'><strong>addens,</strong></span> <span class='ocrx_word' id='word_1_16' title='bbox 2734 471 2883 528; x_wconf 88' lang='lat' dir='ltr'><strong>brevi</strong></span> <span class='ocrx_word' id='word_1_17' title='bbox 2919 472 3130 544; x_wconf 77' lang='lat' dir='ltr'><strong>colliget</strong></span> <span class='ocrx_word' id='word_1_18' title='bbox 3157 473 3370 531; x_wconf 79' lang='lat' dir='ltr'><strong>divitias</strong></span> <span class='ocrx_word' id='word_1_19' title='bbox 3393 476 3461 532; x_wconf 90' lang='lat' dir='ltr'><strong>ab</strong></span> <span class='ocrx_word' id='word_1_20' title='bbox 3487 493 3612 533; x_wconf 80' lang='lat' dir='ltr'><strong>om-</strong></span> <span class='ocrx_word' id='word_1_21' title='bbox 3673 501 3689 514; x_wconf 64' lang='grc' dir='ltr'><em>ν</em></span> 
     </span>
    </p>
   </div>
   <div class='ocr_carea' id='block_1_4' title="bbox 378 558 1984 638">
    <p class='ocr_par' dir='ltr' id='par_1_4' title="bbox 378 561 1473 638">
     <span class='ocr_line' id='line_1_4' title="bbox 378 561 1473 638; baseline -0.005 -18"><span class='ocrx_word' id='word_1_22' title='bbox 378 568 646 634; x_wconf 72' lang='grc' dir='ltr'><strong>συλλέγει,</strong></span> <span class='ocrx_word' id='word_1_23' title='bbox 690 566 843 638; x_wconf 74' lang='grc' dir='ltr'><strong>παρὰ</strong></span> <span class='ocrx_word' id='word_1_24' title='bbox 875 564 1092 618; x_wconf 84' lang='grc' dir='ltr'><strong>πάντων</strong></span> <span class='ocrx_word' id='word_1_25' title='bbox 1121 561 1473 632; x_wconf 81' lang='grc' dir='ltr'><strong>ζητούμενον.</strong></span> 
     </span>
    </p>
   </div>
   <div class='ocr_carea' id='block_1_5' title="bbox 910 558 2516 638">
    <p class='ocr_par' dir='ltr' id='par_1_5' title="bbox 910 558 2516 632">
     <span class='ocr_line' id='line_1_5' title="bbox 910 558 2516 632; baseline -0.002 -15"><span class='ocrx_word' id='word_1_26' title='bbox 910 564 1092 618; x_wconf 69' lang='grc' dir='ltr'><strong>πάντων</strong></span> <span class='ocrx_word' id='word_1_27' title='bbox 1121 561 1286 631; x_wconf 80' lang='grc' dir='ltr'><strong>ζητού</strong></span> <span class='ocrx_word' id='word_1_28' title='bbox 1295 577 1473 632; x_wconf 88' lang='grc' dir='ltr'><strong>μενον.</strong></span> <span class='ocrx_word' id='word_1_29' title='bbox 2047 558 2208 612; x_wconf 84' lang='lat' dir='ltr'><strong>nibus</strong></span> <span class='ocrx_word' id='word_1_30' title='bbox 2230 559 2516 627; x_wconf 83' lang='lat' dir='ltr'><strong>expetitas.</strong></span> 
     </span>
    </p>
   </div>
   <div class='ocr_carea' id='block_1_6' title="bbox 453 641 2059 729">
    <p class='ocr_par' dir='ltr' id='par_1_6' title="bbox 453 649 1941 729">
     <span class='ocr_line' id='line_1_6' title="bbox 453 649 1941 729; baseline -0.007 -17"><span class='ocrx_word' id='word_1_31' title='bbox 453 661 512 712; x_wconf 84' lang='grc' dir='ltr'><strong>Εξ</strong></span> <span class='ocrx_word' id='word_1_32' title='bbox 561 658 740 729; x_wconf 78' lang='grc' dir='ltr'><strong>βούλει</strong></span> <span class='ocrx_word' id='word_1_33' title='bbox 789 656 890 726; x_wconf 88' lang='grc' dir='ltr'><strong>τῆς</strong></span> <span class='ocrx_word' id='word_1_34' title='bbox 929 654 1202 716; x_wconf 80' lang='grc' dir='ltr'><strong>κολάσεως</strong></span> <span class='ocrx_word' id='word_1_35' title='bbox 1251 651 1509 722; x_wconf 74' lang='grc' dir='ltr'><strong>ἐκφυγεῖν</strong></span> <span class='ocrx_word' id='word_1_36' title='bbox 1563 650 1624 704; x_wconf 78' lang='grc' dir='ltr'><strong>τὸ</strong></span> <span class='ocrx_word' id='word_1_37' title='bbox 1663 649 1941 715; x_wconf 73' lang='grc' dir='ltr'><strong>ἐπίπονον,</strong></span> 
     </span>
    </p>
   </div>
   <div class='ocr_carea' id='block_1_7' title="bbox 2006 641 3612 729">
    <p class='ocr_par' dir='ltr' id='par_1_7' title="bbox 2115 641 3612 724">
     <span class='ocr_line' id='line_1_7' title="bbox 2115 641 3612 724; baseline 0.008 -22"><span class='ocrx_word' id='word_1_38' title='bbox 2115 648 2237 703; x_wconf 70' lang='grc' dir='ltr'><strong>ηε.</strong></span> <span class='ocrx_word' id='word_1_39' title='bbox 2280 648 2340 704; x_wconf 90' lang='lat' dir='ltr'><strong>Si</strong></span> <span class='ocrx_word' id='word_1_40' title='bbox 2375 649 2456 704; x_wconf 93' lang='lat' dir='ltr'><strong>vis</strong></span> <span class='ocrx_word' id='word_1_41' title='bbox 2495 651 2744 720; x_wconf 76' lang='lat' dir='ltr'><strong>supplicii</strong></span> <span class='ocrx_word' id='word_1_42' title='bbox 2787 651 3024 724; x_wconf 71' lang='lat' dir='ltr'><strong>ed‘ugere</strong></span> <span class='ocrx_word' id='word_1_43' title='bbox 3064 655 3400 722; x_wconf 74' lang='lat' dir='ltr'><strong>molestiam,</strong></span> <span class='ocrx_word' id='word_1_44' title='bbox 3436 641 3612 714; x_wconf 86' lang='lat' dir='ltr'><strong>nemi-</strong></span> 
     </span>
    </p>
   </div>
   <div class='ocr_carea' id='block_1_8' title="bbox 381 741 1987 825">
    <p class='ocr_par' dir='ltr' id='par_1_8' title="bbox 381 741 1944 825">
     <span class='ocr_line' id='line_1_8' title="bbox 381 741 1944 825; baseline -0.009 -19"><span class='ocrx_word' id='word_1_45' title='bbox 381 751 584 825; x_wconf 77' lang='grc' dir='ltr'><strong>μηδένα</strong></span> <span class='ocrx_word' id='word_1_46' title='bbox 610 749 738 802; x_wconf 74' lang='grc' dir='ltr'><strong>ποτὲ</strong></span> <span class='ocrx_word' id='word_1_47' title='bbox 762 746 1099 817; x_wconf 59' lang='grc' dir='ltr'><strong>λοιδορήσῃς</strong></span> <span class='ocrx_word' id='word_1_48' title='bbox 1119 745 1184 798; x_wconf 79' lang='grc' dir='ltr'><strong>ὲκ</strong></span> <span class='ocrx_word' id='word_1_49' title='bbox 1205 743 1394 797; x_wconf 86' lang='grc' dir='ltr'><strong>τούτου</strong></span> <span class='ocrx_word' id='word_1_50' title='bbox 1421 743 1529 812; x_wconf 85' lang='grc' dir='ltr'><strong>γὰρ</strong></span> <span class='ocrx_word' id='word_1_51' title='bbox 1546 741 1605 794; x_wconf 79' lang='grc' dir='ltr'><strong>τὸ</strong></span> <span class='ocrx_word' id='word_1_52' title='bbox 1626 743 1780 794; x_wconf 80' lang='grc' dir='ltr'><strong>Θείον</strong></span> <span class='ocrx_word' id='word_1_53' title='bbox 1805 756 1944 810; x_wconf 77' lang='grc' dir='ltr'><strong>παρ-</strong></span> 
     </span>
    </p>
   </div>
   <div class='ocr_carea' id='block_1_9' title="bbox 2006 741 3612 825">
    <p class='ocr_par' dir='ltr' id='par_1_9' title="bbox 2045 742 3612 810">
     <span class='ocr_line' id='line_1_9' title="bbox 2045 742 3612 810; baseline 0.009 -19"><span class='ocrx_word' id='word_1_54' title='bbox 2045 753 2166 792; x_wconf 89' lang='lat' dir='ltr'><strong>nem</strong></span> <span class='ocrx_word' id='word_1_55' title='bbox 2199 755 2437 810; x_wconf 85' lang='lat' dir='ltr'><strong>unquam</strong></span> <span class='ocrx_word' id='word_1_56' title='bbox 2467 742 2732 798; x_wconf 81' lang='lat' dir='ltr'><strong>conviciis</strong></span> <span class='ocrx_word' id='word_1_57' title='bbox 2763 743 3000 800; x_wconf 64' lang='lat' dir='ltr'><strong>adicies:</strong></span> <span class='ocrx_word' id='word_1_58' title='bbox 3041 759 3108 800; x_wconf 84' lang='lat' dir='ltr'><strong>eo</strong></span> <span class='ocrx_word' id='word_1_59' title='bbox 3132 746 3276 800; x_wconf 87' lang='lat' dir='ltr'><strong>enim</strong></span> <span class='ocrx_word' id='word_1_60' title='bbox 3323 747 3462 802; x_wconf 85' lang='lat' dir='ltr'><strong>Deus</strong></span> <span class='ocrx_word' id='word_1_61' title='bbox 3517 764 3612 804; x_wconf 81' lang='lat' dir='ltr'><strong>ex-</strong></span> 
     </span>
    </p>
   </div>
   <div class='ocr_carea' id='block_1_10' title="bbox 377 841 1983 908">
    <p class='ocr_par' dir='ltr' id='par_1_10' title="bbox 377 842 644 908">
     <span class='ocr_line' id='line_1_10' title="bbox 377 842 644 908; baseline -0.011 -11"><span class='ocrx_word' id='word_1_62' title='bbox 377 842 644 908; x_wconf 81' lang='grc' dir='ltr'><strong>οξύνεται.</strong></span> 
     </span>
    </p>
   </div>
   <div class='ocr_carea' id='block_1_11' title="bbox 735 841 2341 908">
    <p class='ocr_par' dir='ltr' id='par_1_11' title="bbox 2044 841 2341 900">
     <span class='ocr_line' id='line_1_11' title="bbox 2044 841 2341 900; baseline 0.017 -17"><span class='ocrx_word' id='word_1_63' title='bbox 2044 841 2341 900; x_wconf 86' lang='lat' dir='ltr'><strong>asperatur.</strong></span> 
     </span>
    </p>
   </div>
   <div class='ocr_carea' id='block_1_12' title="bbox 452 922 2058 1003">
    <p class='ocr_par' dir='ltr' id='par_1_12' title="bbox 452 923 1945 994">
     <span class='ocr_line' id='line_1_12' title="bbox 452 923 1945 994; baseline -0.004 -12"><span class='ocrx_word' id='word_1_64' title='bbox 452 931 511 982; x_wconf 82' lang='grc' dir='ltr'><strong>Εί</strong></span> <span class='ocrx_word' id='word_1_65' title='bbox 539 929 710 990; x_wconf 82' lang='grc' dir='ltr'><strong>Θέλεις</strong></span> <span class='ocrx_word' id='word_1_66' title='bbox 744 927 807 978; x_wconf 84' lang='grc' dir='ltr'><strong>ὲκ</strong></span> <span class='ocrx_word' id='word_1_67' title='bbox 839 923 933 977; x_wconf 82' lang='grc' dir='ltr'><strong>τοῦ</strong></span> <span class='ocrx_word' id='word_1_68' title='bbox 963 925 1114 978; x_wconf 82' lang='grc' dir='ltr'><strong>οἴκου</strong></span> <span class='ocrx_word' id='word_1_69' title='bbox 1154 939 1245 976; x_wconf 89' lang='grc' dir='ltr'><strong>σου</strong></span> <span class='ocrx_word' id='word_1_70' title='bbox 1285 924 1582 989; x_wconf 77' lang='grc' dir='ltr'><strong>ἀποδιῶξαι.</strong></span> <span class='ocrx_word' id='word_1_71' title='bbox 1627 925 1807 977; x_wconf 78' lang='grc' dir='ltr'><strong>πᾶσαν</strong></span> <span class='ocrx_word' id='word_1_72' title='bbox 1835 924 1945 994; x_wconf 87' lang='grc' dir='ltr'><strong>μά-</strong></span> 
     </span>
    </p>
   </div>
   <div class='ocr_carea' id='block_1_13' title="bbox 2006 922 3612 1003">
    <p class='ocr_par' dir='ltr' id='par_1_13' title="bbox 2115 922 3612 1003">
     <span class='ocr_line' id='line_1_13' title="bbox 2115 922 3612 1003; baseline 0.007 -29"><span class='ocrx_word' id='word_1_73' title='bbox 2115 922 2236 977; x_wconf 72' lang='grc'><strong>126.</strong></span> <span class='ocrx_word' id='word_1_74' title='bbox 2280 923 2334 978; x_wconf 90' lang='lat' dir='ltr'><strong>Si</strong></span> <span class='ocrx_word' id='word_1_75' title='bbox 2379 926 2459 978; x_wconf 84' lang='lat' dir='ltr'><strong>vis</strong></span> <span class='ocrx_word' id='word_1_76' title='bbox 2508 940 2538 979; x_wconf 89' lang='lat' dir='ltr'><strong>e</strong></span> <span class='ocrx_word' id='word_1_77' title='bbox 2587 927 2749 980; x_wconf 78' lang='lat' dir='ltr'><strong>donlo</strong></span> <span class='ocrx_word' id='word_1_78' title='bbox 2782 935 2875 981; x_wconf 87' lang='lat' dir='ltr'><strong>tua</strong></span> <span class='ocrx_word' id='word_1_79' title='bbox 2919 928 3184 996; x_wconf 76' lang='lat' dir='ltr'><strong>expellere</strong></span> <span class='ocrx_word' id='word_1_80' title='bbox 3231 943 3392 984; x_wconf 86' lang='lat' dir='ltr'><strong>omne</strong></span> <span class='ocrx_word' id='word_1_81' title='bbox 3430 929 3612 1003; x_wconf 58' lang='lat' dir='ltr'><strong>ﬂagel-</strong></span> 
     </span>
    </p>
   </div>
   <div class='ocr_carea' id='block_1_14' title="bbox 319 1013 1925 1090">
    <p class='ocr_par' dir='ltr' id='par_1_14' title="bbox 319 1014 1925 1090">
     <span class='ocr_line' id='line_1_14' title="bbox 319 1014 1925 1090; baseline -0.004 -15"><span class='ocrx_word' id='word_1_82' title='bbox 319 1014 328 1029; x_wconf 60' lang='grc'><em>“</em></span> <span class='ocrx_word' id='word_1_83' title='bbox 379 1039 558 1090; x_wconf 79' lang='grc' dir='ltr'><strong>στιγα,</strong></span> <span class='ocrx_word' id='word_1_84' title='bbox 598 1020 672 1090; x_wconf 82' lang='grc' dir='ltr'><strong>μὴ</strong></span> <span class='ocrx_word' id='word_1_85' title='bbox 708 1017 1104 1088; x_wconf 83' lang='grc' dir='ltr'><strong>κακολογήσεις</strong></span> <span class='ocrx_word' id='word_1_86' title='bbox 1125 1016 1398 1086; x_wconf 81' lang='grc' dir='ltr'><strong>ὁμόφυλον</strong></span> <span class='ocrx_word' id='word_1_87' title='bbox 1425 1016 1708 1087; x_wconf 82' lang='grc' dir='ltr'><strong>ἄνθρωπον</strong></span> <span class='ocrx_word' id='word_1_88' title='bbox 1733 1035 1748 1050; x_wconf 80' lang='grc' dir='ltr'><strong>ο</strong></span> <span class='ocrx_word' id='word_1_89' title='bbox 1779 1018 1809 1068; x_wconf 81' lang='grc' dir='ltr'><strong>ὁ</strong></span> <span class='ocrx_word' id='word_1_90' title='bbox 1835 1016 1925 1087; x_wconf 58' lang='grc' dir='ltr'><strong>γάρ</strong></span> 
     </span>
    </p>
   </div>
   <div class='ocr_carea' id='block_1_15' title="bbox 2002 1013 3608 1090">
    <p class='ocr_par' dir='ltr' id='par_1_15' title="bbox 2044 1013 3608 1079">
     <span class='ocr_line' id='line_1_15' title="bbox 2044 1013 3608 1079; baseline 0.008 -14"><span class='ocrx_word' id='word_1_91' title='bbox 2044 1013 2177 1078; x_wconf 90' lang='lat' dir='ltr'><strong>lum,</strong></span> <span class='ocrx_word' id='word_1_92' title='bbox 2206 1031 2273 1069; x_wconf 87' lang='lat' dir='ltr'><strong>ne</strong></span> <span class='ocrx_word' id='word_1_93' title='bbox 2307 1017 2606 1073; x_wconf 74' lang='lat' dir='ltr'><strong>maledictis</strong></span> <span class='ocrx_word' id='word_1_94' title='bbox 2639 1018 2881 1074; x_wconf 84' lang='lat' dir='ltr'><strong>incessas</strong></span> <span class='ocrx_word' id='word_1_95' title='bbox 2903 1019 3261 1075; x_wconf 72' lang='lat' dir='ltr'><strong>contribulem</strong></span> <span class='ocrx_word' id='word_1_96' title='bbox 3294 1022 3567 1079; x_wconf 86' lang='lat' dir='ltr'><strong>hominem</strong></span> <span class='ocrx_word' id='word_1_97' title='bbox 3596 1042 3608 1077; x_wconf 89' lang='lat'><strong>:</strong></span> 
     </span>
    </p>
   </div>
   <div class='ocr_carea' id='block_1_16' title="bbox 377 1103 1983 1185">
    <p class='ocr_par' dir='ltr' id='par_1_16' title="bbox 377 1103 1493 1179">
     <span class='ocr_line' id='line_1_16' title="bbox 377 1103 1493 1179; baseline -0.004 -15"><span class='ocrx_word' id='word_1_98' title='bbox 377 1111 606 1179; x_wconf 82' lang='grc' dir='ltr'><strong>ποιήσας</strong></span> <span class='ocrx_word' id='word_1_99' title='bbox 637 1107 819 1170; x_wconf 69' lang='grc' dir='ltr'><strong>αὑτὸν,</strong></span> <span class='ocrx_word' id='word_1_100' title='bbox 850 1106 1075 1168; x_wconf 74' lang='grc' dir='ltr'><strong>εἰκότως</strong></span> <span class='ocrx_word' id='word_1_101' title='bbox 1105 1103 1493 1176; x_wconf 80' lang='grc' dir='ltr'><strong>παροξύνεται.</strong></span> 
     </span>
    </p>
   </div>
   <div class='ocr_carea' id='block_1_17' title="bbox 2004 1103 3610 1185">
    <p class='ocr_par' dir='ltr' id='par_1_17' title="bbox 2043 1105 3610 1185">
     <span class='ocr_line' id='line_1_17' title="bbox 2043 1105 3610 1185; baseline 0.007 -29"><span class='ocrx_word' id='word_1_102' title='bbox 2043 1105 2134 1172; x_wconf 90' lang='lat' dir='ltr'><strong>qui</strong></span> <span class='ocrx_word' id='word_1_103' title='bbox 2167 1105 2311 1159; x_wconf 88' lang='lat' dir='ltr'><strong>enim</strong></span> <span class='ocrx_word' id='word_1_104' title='bbox 2335 1106 2512 1177; x_wconf 89' lang='lat' dir='ltr'><strong>ipsum</strong></span> <span class='ocrx_word' id='word_1_105' title='bbox 2548 1109 2752 1164; x_wconf 84' lang='lat' dir='ltr'><strong>creavit</strong></span> <span class='ocrx_word' id='word_1_106' title='bbox 2783 1110 2942 1178; x_wconf 85' lang='lat' dir='ltr'><strong>Deus,</strong></span> <span class='ocrx_word' id='word_1_107' title='bbox 2980 1112 3177 1166; x_wconf 89' lang='lat' dir='ltr'><strong>merito</strong></span> <span class='ocrx_word' id='word_1_108' title='bbox 3215 1112 3280 1167; x_wconf 88' lang='lat' dir='ltr'><strong>ad</strong></span> <span class='ocrx_word' id='word_1_109' title='bbox 3309 1113 3445 1168; x_wconf 90' lang='lat' dir='ltr'><strong>iram</strong></span> <span class='ocrx_word' id='word_1_110' title='bbox 3480 1129 3610 1185; x_wconf 86' lang='lat' dir='ltr'><strong>pro-</strong></span> 
     </span>
    </p>
   </div>
   <div class='ocr_carea' id='block_1_18' title="bbox 2043 1205 2287 1250">
    <p class='ocr_par' dir='ltr' id='par_1_18' title="bbox 2043 1205 2287 1250">
     <span class='ocr_line' id='line_1_18' title="bbox 2043 1205 2287 1250; baseline 0.008 -1"><span class='ocrx_word' id='word_1_111' title='bbox 2043 1205 2233 1250; x_wconf 77' lang='lat' dir='ltr'><strong>Vocalu</strong></span> <span class='ocrx_word' id='word_1_112' title='bbox 2245 1213 2287 1250; x_wconf 83' lang='grc' dir='ltr'><strong>Γ.</strong></span> 
     </span>
    </p>
   </div>
   <div class='ocr_carea' id='block_1_19' title="bbox 452 1279 2058 1364">
    <p class='ocr_par' dir='ltr' id='par_1_19' title="bbox 452 1279 1944 1355">
     <span class='ocr_line' id='line_1_19' title="bbox 452 1279 1944 1355; baseline -0.006 -12"><span class='ocrx_word' id='word_1_113' title='bbox 452 1290 516 1343; x_wconf 77' lang='lat' dir='ltr'><strong>Ei</strong></span> <span class='ocrx_word' id='word_1_114' title='bbox 541 1287 716 1348; x_wconf 77' lang='grc' dir='ltr'><strong>Θέλεις</strong></span> <span class='ocrx_word' id='word_1_115' title='bbox 742 1285 924 1355; x_wconf 86' lang='grc' dir='ltr'><strong>πάσης</strong></span> <span class='ocrx_word' id='word_1_116' title='bbox 949 1283 1222 1355; x_wconf 85' lang='grc' dir='ltr'><strong>ἁμαρτίας</strong></span> <span class='ocrx_word' id='word_1_117' title='bbox 1248 1283 1518 1353; x_wconf 85' lang='grc' dir='ltr'><strong>ἁνώτερος</strong></span> <span class='ocrx_word' id='word_1_118' title='bbox 1535 1279 1691 1348; x_wconf 71' lang='grc' dir='ltr'><strong>εἶναι,</strong></span> <span class='ocrx_word' id='word_1_119' title='bbox 1718 1279 1944 1353; x_wconf 76' lang='grc' dir='ltr'><strong>πράξεις</strong></span> 
     </span>
    </p>
   </div>
   <div class='ocr_carea' id='block_1_20' title="bbox 2008 1279 3614 1364">
    <p class='ocr_par' dir='ltr' id='par_1_20' title="bbox 2117 1286 3614 1364">
     <span class='ocr_line' id='line_1_20' title="bbox 2117 1286 3614 1364; baseline 0.01 -26"><span class='ocrx_word' id='word_1_120' title='bbox 2117 1286 2239 1340; x_wconf 71' lang='grc'><strong>127.</strong></span> <span class='ocrx_word' id='word_1_121' title='bbox 2284 1286 2341 1342; x_wconf 92' lang='lat' dir='ltr'><strong>Si</strong></span> <span class='ocrx_word' id='word_1_122' title='bbox 2373 1290 2520 1343; x_wconf 85' lang='lat' dir='ltr'><strong>omni</strong></span> <span class='ocrx_word' id='word_1_123' title='bbox 2570 1302 2793 1360; x_wconf 85' lang='lat' dir='ltr'><strong>peccato</strong></span> <span class='ocrx_word' id='word_1_124' title='bbox 2818 1293 2902 1348; x_wconf 90' lang='lat' dir='ltr'><strong>vis</strong></span> <span class='ocrx_word' id='word_1_125' title='bbox 2926 1308 3046 1349; x_wconf 88' lang='lat' dir='ltr'><strong>esse</strong></span> <span class='ocrx_word' id='word_1_126' title='bbox 3076 1295 3343 1364; x_wconf 79' lang='lat' dir='ltr'><strong>superior,</strong></span> <span class='ocrx_word' id='word_1_127' title='bbox 3377 1312 3464 1352; x_wconf 85' lang='lat' dir='ltr'><strong>res</strong></span> <span class='ocrx_word' id='word_1_128' title='bbox 3484 1298 3614 1355; x_wconf 76' lang='lat' dir='ltr'><strong>alie-</strong></span> 
     </span>
    </p>
   </div>
   <div class='ocr_carea' id='block_1_21' title="bbox 374 1373 1980 1467">
    <p class='ocr_par' dir='ltr' id='par_1_21' title="bbox 374 1373 1940 1448">
     <span class='ocr_line' id='line_1_21' title="bbox 374 1373 1940 1448; baseline -0.005 -14"><span class='ocrx_word' id='word_1_129' title='bbox 374 1377 658 1447; x_wconf 81' lang='grc' dir='ltr'><strong>ἀλλοτρίας</strong></span> <span class='ocrx_word' id='word_1_130' title='bbox 691 1378 765 1448; x_wconf 83' lang='grc' dir='ltr'><strong>μὴ</strong></span> <span class='ocrx_word' id='word_1_131' title='bbox 797 1375 1185 1443; x_wconf 72' lang='grc' dir='ltr'><strong>καταμάνθανε</strong></span> <span class='ocrx_word' id='word_1_132' title='bbox 1207 1389 1223 1403; x_wconf 85' lang='grc'>⁶</span> <span class='ocrx_word' id='word_1_133' title='bbox 1252 1374 1422 1427; x_wconf 71' lang='grc' dir='ltr'><strong>πολλὰ</strong></span> <span class='ocrx_word' id='word_1_134' title='bbox 1449 1373 1558 1443; x_wconf 83' lang='grc' dir='ltr'><strong>γάρ</strong></span> <span class='ocrx_word' id='word_1_135' title='bbox 1589 1374 1726 1427; x_wconf 77' lang='grc' dir='ltr'><strong>εἰσὶν</strong></span> <span class='ocrx_word' id='word_1_136' title='bbox 1750 1378 1807 1428; x_wconf 85' lang='grc' dir='ltr'><strong>ὲν</strong></span> <span class='ocrx_word' id='word_1_137' title='bbox 1837 1375 1940 1440; x_wconf 65' lang='grc' dir='ltr'><strong>σοι,</strong></span> 
     </span>
    </p>
   </div>
   <div class='ocr_carea' id='block_1_22' title="bbox 2003 1373 3609 1467">
    <p class='ocr_par' dir='ltr' id='par_1_22' title="bbox 2045 1380 3609 1467">
     <span class='ocr_line' id='line_1_22' title="bbox 2045 1380 3609 1467; baseline 0.007 -38"><span class='ocrx_word' id='word_1_138' title='bbox 2045 1393 2142 1432; x_wconf 81' lang='lat' dir='ltr'><strong>nas</strong></span> <span class='ocrx_word' id='word_1_139' title='bbox 2170 1395 2238 1433; x_wconf 91' lang='lat' dir='ltr'><strong>ne</strong></span> <span class='ocrx_word' id='word_1_140' title='bbox 2283 1380 2501 1436; x_wconf 87' lang='lat' dir='ltr'><strong>curiose</strong></span> <span class='ocrx_word' id='word_1_141' title='bbox 2548 1383 2849 1454; x_wconf 87' lang='lat' dir='ltr'><strong>inquirito:</strong></span> <span class='ocrx_word' id='word_1_142' title='bbox 2884 1386 3056 1440; x_wconf 88' lang='lat' dir='ltr'><strong>multa</strong></span> <span class='ocrx_word' id='word_1_143' title='bbox 3104 1387 3251 1442; x_wconf 84' lang='lat' dir='ltr'><strong>enim</strong></span> <span class='ocrx_word' id='word_1_144' title='bbox 3289 1387 3344 1441; x_wconf 92' lang='lat' dir='ltr'><strong>in</strong></span> <span class='ocrx_word' id='word_1_145' title='bbox 3375 1397 3426 1467; x_wconf 76' lang='lat' dir='ltr'><strong>te</strong></span> <span class='ocrx_word' id='word_1_146' title='bbox 3461 1397 3609 1455; x_wconf 84' lang='lat' dir='ltr'><strong>sunt,</strong></span> 
     </span>
    </p>
   </div>
   <div class='ocr_carea' id='block_1_23' title="bbox 375 1461 1981 1546">
    <p class='ocr_par' dir='ltr' id='par_1_23' title="bbox 375 1461 1284 1546">
     <span class='ocr_line' id='line_1_23' title="bbox 375 1461 1284 1546; baseline -0.006 -24"><span class='ocrx_word' id='word_1_147' title='bbox 375 1470 465 1537; x_wconf 82' lang='grc' dir='ltr'><strong>ἀφ’</strong></span> <span class='ocrx_word' id='word_1_148' title='bbox 492 1461 566 1521; x_wconf 82' lang='grc' dir='ltr'><strong>ὧν</strong></span> <span class='ocrx_word' id='word_1_149' title='bbox 593 1467 779 1536; x_wconf 76' lang='grc' dir='ltr'><strong>ἓτερον</strong></span> <span class='ocrx_word' id='word_1_150' title='bbox 813 1465 1240 1535; x_wconf 77' lang='grc' dir='ltr'><strong>ὑπολαμϐάνεις.</strong></span> <span class='ocrx_word' id='word_1_151' title='bbox 1265 1545 1284 1546; x_wconf 27' lang='grc' dir='ltr'><em>η</em></span> 
     </span>
    </p>
   </div>
   <div class='ocr_carea' id='block_1_24' title="bbox 1477 1461 3083 1546">
    <p class='ocr_par' dir='ltr' id='par_1_24' title="bbox 2042 1471 3083 1546">
     <span class='ocr_line' id='line_1_24' title="bbox 2042 1471 3083 1546; baseline 0.009 -23"><span class='ocrx_word' id='word_1_152' title='bbox 2042 1471 2109 1524; x_wconf 87' lang='lat' dir='ltr'><strong>de</strong></span> <span class='ocrx_word' id='word_1_153' title='bbox 2131 1472 2330 1541; x_wconf 84' lang='lat' dir='ltr'><strong>quibus</strong></span> <span class='ocrx_word' id='word_1_154' title='bbox 2351 1473 2515 1528; x_wconf 88' lang='lat' dir='ltr'><strong>alium</strong></span> <span class='ocrx_word' id='word_1_155' title='bbox 2552 1487 2865 1546; x_wconf 85' lang='lat' dir='ltr'><strong>suspectum</strong></span> <span class='ocrx_word' id='word_1_156' title='bbox 2897 1477 3083 1534; x_wconf 85' lang='lat' dir='ltr'><strong>babes.</strong></span> 
     </span>
    </p>
   </div>
   <div class='ocr_carea' id='block_1_25' title="bbox 441 1545 2047 1639">
    <p class='ocr_par' dir='ltr' id='par_1_25' title="bbox 441 1545 1943 1626">
     <span class='ocr_line' id='line_1_25' title="bbox 441 1545 1943 1626; baseline -0.005 -17"><span class='ocrx_word' id='word_1_157' title='bbox 441 1557 613 1626; x_wconf 78' lang='grc' dir='ltr'><strong>Φεῦγε</strong></span> <span class='ocrx_word' id='word_1_158' title='bbox 655 1557 755 1625; x_wconf 78' lang='grc' dir='ltr'><strong>τὴν</strong></span> <span class='ocrx_word' id='word_1_159' title='bbox 805 1551 1208 1624; x_wconf 80' lang='grc' dir='ltr'><strong>ὑπερηφανίαν,</strong></span> <span class='ocrx_word' id='word_1_160' title='bbox 1253 1545 1298 1604; x_wconf 81' lang='grc' dir='ltr'><strong>ὦ</strong></span> <span class='ocrx_word' id='word_1_161' title='bbox 1330 1548 1607 1623; x_wconf 79' lang='grc' dir='ltr'><strong>ἄνθρωπε,</strong></span> <span class='ocrx_word' id='word_1_162' title='bbox 1641 1549 1746 1604; x_wconf 86' lang='grc' dir='ltr'><strong>κᾶν</strong></span> <span class='ocrx_word' id='word_1_163' title='bbox 1780 1549 1943 1603; x_wconf 81' lang='grc' dir='ltr'><strong>πλού-</strong></span> 
     </span>
    </p>
   </div>
   <div class='ocr_carea' id='block_1_26' title="bbox 2009 1545 3615 1639">
    <p class='ocr_par' dir='ltr' id='par_1_26' title="bbox 2117 1545 3615 1639">
     <span class='ocr_line' id='line_1_26' title="bbox 2117 1545 3615 1639; baseline 0.009 -23"><span class='ocrx_word' id='word_1_164' title='bbox 2117 1563 2237 1618; x_wconf 62' lang='grc' dir='ltr'><strong>·Ιῖὃ.</strong></span> <span class='ocrx_word' id='word_1_165' title='bbox 2282 1564 2602 1634; x_wconf 85' lang='lat' dir='ltr'><strong>Superbiam</strong></span> <span class='ocrx_word' id='word_1_166' title='bbox 2649 1545 2839 1639; x_wconf 77' lang='lat' dir='ltr'><strong>i‘ugilo,</strong></span> <span class='ocrx_word' id='word_1_167' title='bbox 2877 1586 2910 1626; x_wconf 92' lang='grc' dir='ltr'><strong>ο</strong></span> <span class='ocrx_word' id='word_1_168' title='bbox 2950 1571 3114 1626; x_wconf 87' lang='lat' dir='ltr'><strong>homo</strong></span> <span class='ocrx_word' id='word_1_169' title='bbox 3141 1613 3156 1637; x_wconf 90' lang='lat'><strong>,</strong></span> <span class='ocrx_word' id='word_1_170' title='bbox 3203 1571 3420 1627; x_wconf 89' lang='lat' dir='ltr'><strong>etiamsi</strong></span> <span class='ocrx_word' id='word_1_171' title='bbox 3463 1571 3615 1630; x_wconf 81' lang='lat' dir='ltr'><strong>dives</strong></span> 
     </span>
    </p>
   </div>
   <div class='ocr_carea' id='block_1_27' title="bbox 378 1643 1984 1721">
    <p class='ocr_par' dir='ltr' id='par_1_27' title="bbox 378 1643 1778 1721">
     <span class='ocr_line' id='line_1_27' title="bbox 378 1643 1778 1721; baseline -0.006 -17"><span class='ocrx_word' id='word_1_172' title='bbox 378 1668 488 1712; x_wconf 74' lang='grc' dir='ltr'><strong>σιος</strong></span> <span class='ocrx_word' id='word_1_173' title='bbox 511 1647 566 1721; x_wconf 82' lang='grc' dir='ltr'><strong>ᾗ,</strong></span> <span class='ocrx_word' id='word_1_174' title='bbox 610 1650 816 1719; x_wconf 82' lang='grc' dir='ltr'><strong>μήποτε</strong></span> <span class='ocrx_word' id='word_1_175' title='bbox 839 1646 930 1699; x_wconf 80' lang='grc' dir='ltr'><strong>τὸν</strong></span> <span class='ocrx_word' id='word_1_176' title='bbox 962 1645 1094 1698; x_wconf 84' lang='grc' dir='ltr'><strong>Θεὸν</strong></span> <span class='ocrx_word' id='word_1_177' title='bbox 1123 1643 1582 1714; x_wconf 78' lang='grc' dir='ltr'><strong>ἀντιτασσόμενον</strong></span> <span class='ocrx_word' id='word_1_178' title='bbox 1615 1644 1778 1709; x_wconf 74' lang='grc' dir='ltr'><strong>ἕξεις.</strong></span> 
     </span>
    </p>
   </div>
   <div class='ocr_carea' id='block_1_28' title="bbox 1744 1643 3350 1721">
    <p class='ocr_par' dir='ltr' id='par_1_28' title="bbox 1744 1651 3350 1718">
     <span class='ocr_line' id='line_1_28' title="bbox 1744 1651 3350 1718; baseline 0.006 -12"><span class='ocrx_word' id='word_1_179' title='bbox 1744 1661 1778 1706; x_wconf 75' lang='grc' dir='ltr'><strong>ἶ.</strong></span> <span class='ocrx_word' id='word_1_180' title='bbox 2043 1651 2155 1706; x_wconf 89' lang='lat' dir='ltr'><strong>sis:</strong></span> <span class='ocrx_word' id='word_1_181' title='bbox 2187 1669 2252 1708; x_wconf 91' lang='lat' dir='ltr'><strong>ne</strong></span> <span class='ocrx_word' id='word_1_182' title='bbox 2284 1653 2423 1709; x_wconf 83' lang='lat' dir='ltr'><strong>forte</strong></span> <span class='ocrx_word' id='word_1_183' title='bbox 2467 1655 2634 1711; x_wconf 89' lang='lat' dir='ltr'><strong>Deum</strong></span> <span class='ocrx_word' id='word_1_184' title='bbox 2668 1658 2957 1713; x_wconf 88' lang='lat' dir='ltr'><strong>adversum</strong></span> <span class='ocrx_word' id='word_1_185' title='bbox 2995 1660 3093 1714; x_wconf 87' lang='lat' dir='ltr'><strong>libi</strong></span> <span class='ocrx_word' id='word_1_186' title='bbox 3129 1661 3350 1718; x_wconf 72' lang='lat' dir='ltr'><strong>habeas.</strong></span> 
     </span>
    </p>
   </div>
   <div class='ocr_carea' id='block_1_29' title="bbox 443 1735 2049 1825">
    <p class='ocr_par' dir='ltr' id='par_1_29' title="bbox 443 1735 2014 1825">
     <span class='ocr_line' id='line_1_29' title="bbox 443 1735 2014 1825; baseline -0.003 -32"><span class='ocrx_word' id='word_1_187' title='bbox 443 1741 585 1793; x_wconf 74' lang='grc' dir='ltr'><strong>Φίλει</strong></span> <span class='ocrx_word' id='word_1_188' title='bbox 617 1740 714 1809; x_wconf 86' lang='grc' dir='ltr'><strong>τὴν</strong></span> <span class='ocrx_word' id='word_1_189' title='bbox 746 1737 1265 1808; x_wconf 77' lang='grc' dir='ltr'><strong>ταπεινοφροσύνην,</strong></span> <span class='ocrx_word' id='word_1_190' title='bbox 1298 1736 1401 1790; x_wconf 71' lang='grc' dir='ltr'><strong>κᾶν</strong></span> <span class='ocrx_word' id='word_1_191' title='bbox 1438 1736 1608 1806; x_wconf 82' lang='grc' dir='ltr'><strong>μέγας</strong></span> <span class='ocrx_word' id='word_1_192' title='bbox 1655 1735 1940 1807; x_wconf 79' lang='grc' dir='ltr'><strong>ὑπάρχεις,</strong></span> <span class='ocrx_word' id='word_1_193' title='bbox 1983 1820 2014 1825; x_wconf 33' lang='grc' dir='ltr'><strong>Α</strong></span> 
     </span>
    </p>
   </div>
   <div class='ocr_carea' id='block_1_30' title="bbox 2007 1735 3613 1825">
    <p class='ocr_par' dir='ltr' id='par_1_30' title="bbox 2007 1743 3613 1825">
     <span class='ocr_line' id='line_1_30' title="bbox 2007 1743 3613 1825; baseline 0.011 -32"><span class='ocrx_word' id='word_1_194' title='bbox 2007 1821 2014 1825; x_wconf 13' lang='grc' dir='ltr'><strong>μ</strong></span> <span class='ocrx_word' id='word_1_195' title='bbox 2115 1743 2235 1798; x_wconf 77' lang='grc'><strong>129.</strong></span> <span class='ocrx_word' id='word_1_196' title='bbox 2280 1745 2447 1814; x_wconf 81' lang='lat' dir='ltr'><strong>Dilige</strong></span> <span class='ocrx_word' id='word_1_197' title='bbox 2503 1746 2896 1813; x_wconf 85' lang='lat' dir='ltr'><strong>humilitatem,</strong></span> <span class='ocrx_word' id='word_1_198' title='bbox 2954 1750 3166 1805; x_wconf 85' lang='lat' dir='ltr'><strong>etiamsi</strong></span> <span class='ocrx_word' id='word_1_199' title='bbox 3217 1768 3444 1825; x_wconf 71' lang='lat' dir='ltr'><strong>magnus</strong></span> <span class='ocrx_word' id='word_1_200' title='bbox 3501 1755 3613 1811; x_wconf 86' lang='lat' dir='ltr'><strong>sis:</strong></span> 
     </span>
    </p>
   </div>
   <div class='ocr_carea' id='block_1_31' title="bbox 379 1820 1985 1906">
    <p class='ocr_par' dir='ltr' id='par_1_31' title="bbox 379 1822 1985 1901">
     <span class='ocr_line' id='line_1_31' title="bbox 379 1822 1985 1901; baseline -0.009 -15"><span class='ocrx_word' id='word_1_201' title='bbox 379 1834 463 1886; x_wconf 83' lang='grc' dir='ltr'><strong>ῐνα</strong></span> <span class='ocrx_word' id='word_1_202' title='bbox 487 1832 706 1901; x_wconf 68' lang='grc' dir='ltr'><strong>ύψωθῇς</strong></span> <span class='ocrx_word' id='word_1_203' title='bbox 739 1831 796 1881; x_wconf 85' lang='grc' dir='ltr'><strong>ὲν</strong></span> <span class='ocrx_word' id='word_1_204' title='bbox 831 1830 1013 1900; x_wconf 75' lang='grc' dir='ltr'><strong>ἡμέρᾳ</strong></span> <span class='ocrx_word' id='word_1_205' title='bbox 1045 1828 1299 1898; x_wconf 86' lang='grc' dir='ltr'><strong>κρίσεως.</strong></span> <span class='ocrx_word' id='word_1_206' title='bbox 1983 1822 1985 1871; x_wconf 75' lang='grc' dir='ltr'>ἶ</span> 
     </span>
    </p>
   </div>
   <div class='ocr_carea' id='block_1_32' title="bbox 1232 1820 2838 1906">
    <p class='ocr_par' dir='ltr' id='par_1_32' title="bbox 1232 1820 2838 1906">
     <span class='ocr_line' id='line_1_32' title="bbox 1232 1820 2838 1906; baseline 0.005 -25"><span class='ocrx_word' id='word_1_207' title='bbox 1232 1845 1299 1890; x_wconf 82' lang='grc' dir='ltr'><strong>›ς.</strong></span> <span class='ocrx_word' id='word_1_208' title='bbox 1983 1820 2022 1875; x_wconf 80' lang='grc' dir='ltr'><strong>Β</strong></span> <span class='ocrx_word' id='word_1_209' title='bbox 2050 1843 2108 1887; x_wconf 81' lang='grc' dir='ltr'><strong>ιιι</strong></span> <span class='ocrx_word' id='word_1_210' title='bbox 2131 1834 2382 1888; x_wconf 72' lang='lat' dir='ltr'><strong>exalteris</strong></span> <span class='ocrx_word' id='word_1_211' title='bbox 2419 1836 2471 1889; x_wconf 89' lang='lat' dir='ltr'><strong>in</strong></span> <span class='ocrx_word' id='word_1_212' title='bbox 2508 1835 2596 1890; x_wconf 91' lang='lat' dir='ltr'><strong>die</strong></span> <span class='ocrx_word' id='word_1_213' title='bbox 2625 1836 2838 1906; x_wconf 85' lang='lat' dir='ltr'><strong>judicii.</strong></span> 
     </span>
    </p>
   </div>
   <div class='ocr_carea' id='block_1_33' title="bbox 445 1917 2051 2003">
    <p class='ocr_par' dir='ltr' id='par_1_33' title="bbox 445 1917 1943 1993">
     <span class='ocr_line' id='line_1_33' title="bbox 445 1917 1943 1993; baseline -0.003 -15"><span class='ocrx_word' id='word_1_214' title='bbox 445 1925 535 1993; x_wconf 82' lang='grc' dir='ltr'><strong>Μὴ</strong></span> <span class='ocrx_word' id='word_1_215' title='bbox 564 1923 785 1993; x_wconf 74' lang='grc' dir='ltr'><strong>σκώψῃς</strong></span> <span class='ocrx_word' id='word_1_216' title='bbox 841 1922 1150 1991; x_wconf 67' lang='grc' dir='ltr'><strong>ἄνθρωπον,</strong></span> <span class='ocrx_word' id='word_1_217' title='bbox 1196 1921 1290 1973; x_wconf 77' lang='grc' dir='ltr'><strong>καὶ</strong></span> <span class='ocrx_word' id='word_1_218' title='bbox 1334 1919 1526 1990; x_wconf 81' lang='grc' dir='ltr'><strong>μῶμον</strong></span> <span class='ocrx_word' id='word_1_219' title='bbox 1564 1920 1664 1990; x_wconf 77' lang='grc' dir='ltr'><strong>οὐχ</strong></span> <span class='ocrx_word' id='word_1_220' title='bbox 1708 1917 1850 1985; x_wconf 76' lang='grc' dir='ltr'><strong>ἕξεις</strong></span> <span class='ocrx_word' id='word_1_221' title='bbox 1885 1920 1943 1973; x_wconf 77' lang='grc' dir='ltr'><strong>έν</strong></span> 
     </span>
    </p>
   </div>
   <div class='ocr_carea' id='block_1_34' title="bbox 2011 1917 3617 2003">
    <p class='ocr_par' dir='ltr' id='par_1_34' title="bbox 2120 1922 3617 2003">
     <span class='ocr_line' id='line_1_34' title="bbox 2120 1922 3617 2003; baseline 0.007 -27"><span class='ocrx_word' id='word_1_222' title='bbox 2120 1923 2242 1978; x_wconf 85' lang='grc'><strong>150.</strong></span> <span class='ocrx_word' id='word_1_223' title='bbox 2283 1922 2361 1980; x_wconf 85' lang='lat' dir='ltr'><strong>Ne</strong></span> <span class='ocrx_word' id='word_1_224' title='bbox 2397 1926 2607 1982; x_wconf 88' lang='lat' dir='ltr'><strong>eavillis</strong></span> <span class='ocrx_word' id='word_1_225' title='bbox 2638 1938 2788 1997; x_wconf 84' lang='lat' dir='ltr'><strong>petas</strong></span> <span class='ocrx_word' id='word_1_226' title='bbox 2817 1927 3117 1989; x_wconf 85' lang='lat' dir='ltr'><strong>hominem.</strong></span> <span class='ocrx_word' id='word_1_227' title='bbox 3154 1941 3206 1985; x_wconf 87' lang='lat' dir='ltr'><strong>et</strong></span> <span class='ocrx_word' id='word_1_228' title='bbox 3238 1933 3617 2003; x_wconf 83' lang='lat' dir='ltr'><strong>reprehensio-</strong></span> 
     </span>
    </p>
   </div>
   <div class='ocr_carea' id='block_1_35' title="bbox 376 2013 1982 2084">
    <p class='ocr_par' dir='ltr' id='par_1_35' title="bbox 376 2013 813 2084">
     <span class='ocr_line' id='line_1_35' title="bbox 376 2013 813 2084; baseline -0.005 -16"><span class='ocrx_word' id='word_1_229' title='bbox 376 2015 522 2084; x_wconf 82' lang='grc' dir='ltr'><strong>πάσῃ</strong></span> <span class='ocrx_word' id='word_1_230' title='bbox 557 2013 669 2084; x_wconf 79' lang='grc' dir='ltr'><strong>ζωῇ</strong></span> <span class='ocrx_word' id='word_1_231' title='bbox 701 2031 792 2064; x_wconf 80' lang='grc' dir='ltr'><strong>σου</strong></span> <span class='ocrx_word' id='word_1_232' title='bbox 803 2054 813 2066; x_wconf 94' lang='grc'><strong>.</strong></span> 
     </span>
    </p>
   </div>
   <div class='ocr_carea' id='block_1_36' title="bbox 1532 2013 3138 2084">
    <p class='ocr_par' dir='ltr' id='par_1_36' title="bbox 2049 2015 3138 2074">
     <span class='ocr_line' id='line_1_36' title="bbox 2049 2015 3138 2074; baseline 0.006 -8"><span class='ocrx_word' id='word_1_233' title='bbox 2049 2027 2173 2067; x_wconf 91' lang='lat' dir='ltr'><strong>nem</strong></span> <span class='ocrx_word' id='word_1_234' title='bbox 2203 2028 2310 2068; x_wconf 89' lang='lat' dir='ltr'><strong>non</strong></span> <span class='ocrx_word' id='word_1_235' title='bbox 2346 2015 2594 2070; x_wconf 87' lang='lat' dir='ltr'><strong>incurres</strong></span> <span class='ocrx_word' id='word_1_236' title='bbox 2629 2017 2681 2070; x_wconf 90' lang='lat' dir='ltr'><strong>in</strong></span> <span class='ocrx_word' id='word_1_237' title='bbox 2709 2017 2859 2071; x_wconf 91' lang='lat' dir='ltr'><strong>omni</strong></span> <span class='ocrx_word' id='word_1_238' title='bbox 2890 2019 2996 2073; x_wconf 86' lang='lat' dir='ltr'><strong>vita</strong></span> <span class='ocrx_word' id='word_1_239' title='bbox 3030 2029 3138 2074; x_wconf 90' lang='lat' dir='ltr'><strong>tua.</strong></span> 
     </span>
    </p>
   </div>
   <div class='ocr_carea' id='block_1_37' title="bbox 445 2097 2051 2172">
    <p class='ocr_par' dir='ltr' id='par_1_37' title="bbox 445 2097 1942 2172">
     <span class='ocr_line' id='line_1_37' title="bbox 445 2097 1942 2172; baseline -0.001 -18"><span class='ocrx_word' id='word_1_240' title='bbox 445 2102 619 2154; x_wconf 77' lang='grc' dir='ltr'><strong>Ὅταν</strong></span> <span class='ocrx_word' id='word_1_241' title='bbox 671 2104 726 2153; x_wconf 82' lang='grc' dir='ltr'><strong>ἐν</strong></span> <span class='ocrx_word' id='word_1_242' title='bbox 797 2097 1097 2168; x_wconf 75' lang='grc' dir='ltr'><strong>Ἐκκλησία</strong></span> <span class='ocrx_word' id='word_1_243' title='bbox 1142 2098 1434 2169; x_wconf 77' lang='grc' dir='ltr'><strong>ὑπάρχεις,</strong></span> <span class='ocrx_word' id='word_1_244' title='bbox 1466 2098 1541 2170; x_wconf 79' lang='grc' dir='ltr'><strong>μὴ</strong></span> <span class='ocrx_word' id='word_1_245' title='bbox 1568 2099 1901 2172; x_wconf 73' lang='grc' dir='ltr'><strong>μετεωρίζου</strong></span> <span class='ocrx_word' id='word_1_246' title='bbox 1928 2117 1942 2130; x_wconf 89' lang='grc'><strong>·</strong></span> 
     </span>
    </p>
   </div>
   <div class='ocr_carea' id='block_1_38' title="bbox 2013 2097 3619 2172">
    <p class='ocr_par' dir='ltr' id='par_1_38' title="bbox 2121 2100 3619 2171">
     <span class='ocr_line' id='line_1_38' title="bbox 2121 2100 3619 2171; baseline 0.01 -16"><span class='ocrx_word' id='word_1_247' title='bbox 2121 2100 2241 2157; x_wconf 76' lang='grc'><strong>151.</strong></span> <span class='ocrx_word' id='word_1_248' title='bbox 2282 2101 2418 2157; x_wconf 88' lang='lat' dir='ltr'><strong>Cum</strong></span> <span class='ocrx_word' id='word_1_249' title='bbox 2441 2104 2661 2160; x_wconf 79' lang='lat' dir='ltr'><strong>exsistis</strong></span> <span class='ocrx_word' id='word_1_250' title='bbox 2697 2105 2750 2159; x_wconf 91' lang='lat' dir='ltr'><strong>in</strong></span> <span class='ocrx_word' id='word_1_251' title='bbox 2775 2108 3023 2171; x_wconf 83' lang='lat' dir='ltr'><strong>ecclesia,</strong></span> <span class='ocrx_word' id='word_1_252' title='bbox 3053 2125 3120 2164; x_wconf 89' lang='lat' dir='ltr'><strong>ne</strong></span> <span class='ocrx_word' id='word_1_253' title='bbox 3141 2110 3269 2164; x_wconf 79' lang='lat' dir='ltr'><strong>elcv.</strong></span> <span class='ocrx_word' id='word_1_254' title='bbox 3292 2111 3366 2167; x_wconf 84' lang='lat' dir='ltr'><strong>ris</strong></span> <span class='ocrx_word' id='word_1_255' title='bbox 3392 2130 3404 2165; x_wconf 89' lang='lat'><strong><em>:</em></strong></span> <span class='ocrx_word' id='word_1_256' title='bbox 3434 2129 3619 2170; x_wconf 85' lang='lat' dir='ltr'><strong>coram</strong></span> 
     </span>
    </p>
   </div>
   <div class='ocr_carea' id='block_1_39' title="bbox 376 2189 1982 2273">
    <p class='ocr_par' dir='ltr' id='par_1_39' title="bbox 376 2189 1942 2262">
     <span class='ocr_line' id='line_1_39' title="bbox 376 2189 1942 2262; baseline -0.001 -17"><span class='ocrx_word' id='word_1_257' title='bbox 376 2193 605 2245; x_wconf 73' lang='grc' dir='ltr'><strong>ἐνώπιον</strong></span> <span class='ocrx_word' id='word_1_258' title='bbox 651 2193 759 2262; x_wconf 67' lang='grc' dir='ltr'><strong>γὰρ</strong></span> <span class='ocrx_word' id='word_1_259' title='bbox 795 2190 1055 2260; x_wconf 69' lang='grc' dir='ltr'><strong>βασιλέως</strong></span> <span class='ocrx_word' id='word_1_260' title='bbox 1100 2191 1149 2244; x_wconf 87' lang='grc' dir='ltr'><strong>οἱ</strong></span> <span class='ocrx_word' id='word_1_261' title='bbox 1201 2189 1470 2257; x_wconf 77' lang='grc' dir='ltr'><strong>ἑστῶτες,</strong></span> <span class='ocrx_word' id='word_1_262' title='bbox 1521 2191 1645 2243; x_wconf 73' lang='grc' dir='ltr'><strong>οὔτε</strong></span> <span class='ocrx_word' id='word_1_263' title='bbox 1693 2191 1942 2260; x_wconf 79' lang='grc' dir='ltr'><strong>γελῶσιν,</strong></span> 
     </span>
    </p>
   </div>
   <div class='ocr_carea' id='block_1_40' title="bbox 2007 2189 3613 2273">
    <p class='ocr_par' dir='ltr' id='par_1_40' title="bbox 2049 2195 3613 2273">
     <span class='ocr_line' id='line_1_40' title="bbox 2049 2195 3613 2273; baseline 0.008 -26"><span class='ocrx_word' id='word_1_264' title='bbox 2049 2207 2174 2263; x_wconf 76' lang='lat' dir='ltr'><strong>rege</strong></span> <span class='ocrx_word' id='word_1_265' title='bbox 2207 2195 2352 2248; x_wconf 87' lang='lat' dir='ltr'><strong>enim</strong></span> <span class='ocrx_word' id='word_1_266' title='bbox 2401 2205 2606 2252; x_wconf 87' lang='lat' dir='ltr'><strong>stantes</strong></span> <span class='ocrx_word' id='word_1_267' title='bbox 2633 2213 2810 2266; x_wconf 87' lang='lat' dir='ltr'><strong>neque</strong></span> <span class='ocrx_word' id='word_1_268' title='bbox 2839 2198 3036 2267; x_wconf 89' lang='lat' dir='ltr'><strong>rident,</strong></span> <span class='ocrx_word' id='word_1_269' title='bbox 3068 2216 3242 2271; x_wconf 88' lang='lat' dir='ltr'><strong>neque</strong></span> <span class='ocrx_word' id='word_1_270' title='bbox 3274 2205 3613 2273; x_wconf 78' lang='lat' dir='ltr'><strong>superbiam.</strong></span> 
     </span>
    </p>
   </div>
   <div class='ocr_carea' id='block_1_41' title="bbox 375 2280 2764 2353">
    <p class='ocr_par' dir='ltr' id='par_1_41' title="bbox 375 2280 2764 2353">
     <span class='ocr_line' id='line_1_41' title="bbox 375 2280 2764 2353; baseline -0.015 -15"><span class='ocrx_word' id='word_1_271' title='bbox 375 2283 496 2338; x_wconf 71' lang='grc' dir='ltr'><strong>οὔτε</strong></span> <span class='ocrx_word' id='word_1_272' title='bbox 530 2280 969 2353; x_wconf 72' lang='grc' dir='ltr'><strong>μετεωρίζονται.</strong></span> <span class='ocrx_word' id='word_1_273' title='bbox 1262 2307 1270 2314; x_wconf 90' lang='lat'><strong><em>-</em></strong></span> <span class='ocrx_word' id='word_1_274' title='bbox 2129 2349 2214 2353; x_wconf 35' lang='grc' dir='ltr'><strong>-μ</strong></span> <span class='ocrx_word' id='word_1_275' title='bbox 2285 2349 2330 2353; x_wconf 48' lang='grc' dir='ltr'><strong><em>υ</em></strong></span> <span class='ocrx_word' id='word_1_276' title='bbox 2513 2351 2540 2353; x_wconf 19' lang='grc' dir='ltr'><em>Α</em></span> <span class='ocrx_word' id='word_1_277' title='bbox 2759 2295 2764 2301; x_wconf 93' lang='grc'><strong>.</strong></span> 
     </span>
    </p>
   </div>
   <div class='ocr_carea' id='block_1_42' title="bbox 453 2349 2059 2448">
    <p class='ocr_par' dir='ltr' id='par_1_42' title="bbox 453 2349 1947 2448">
     <span class='ocr_line' id='line_1_42' title="bbox 453 2349 1947 2448; baseline -0.003 -17"><span class='ocrx_word' id='word_1_278' title='bbox 453 2349 544 2448; x_wconf 55' lang='lat' dir='ltr'><strong>mi</strong></span> <span class='ocrx_word' id='word_1_279' title='bbox 596 2349 926 2443; x_wconf 80' lang='grc' dir='ltr'><strong>καταφρόνει</strong></span> <span class='ocrx_word' id='word_1_280' title='bbox 988 2373 1085 2444; x_wconf 80' lang='grc' dir='ltr'><strong>τῆς</strong></span> <span class='ocrx_word' id='word_1_281' title='bbox 1115 2371 1258 2440; x_wconf 77' lang='grc' dir='ltr'><strong>ζωῆς</strong></span> <span class='ocrx_word' id='word_1_282' title='bbox 1317 2386 1434 2437; x_wconf 89' lang='grc' dir='ltr'><strong>σου,</strong></span> <span class='ocrx_word' id='word_1_283' title='bbox 1471 2373 1566 2424; x_wconf 77' lang='grc' dir='ltr'><strong>καὶ</strong></span> <span class='ocrx_word' id='word_1_284' title='bbox 1639 2371 1947 2444; x_wconf 76' lang='grc' dir='ltr'><strong>ἀδιαφόρως</strong></span> 
     </span>
    </p>
   </div>
   <div class='ocr_carea' id='block_1_43' title="bbox 2013 2349 3619 2448">
    <p class='ocr_par' dir='ltr' id='par_1_43' title="bbox 2121 2349 3619 2422">
     <span class='ocr_line' id='line_1_43' title="bbox 2121 2349 3619 2422; baseline 0.007 -18"><span class='ocrx_word' id='word_1_285' title='bbox 2121 2349 2243 2405; x_wconf 70' lang='grc'><strong>152.</strong></span> <span class='ocrx_word' id='word_1_286' title='bbox 2285 2349 2364 2404; x_wconf 82' lang='lat' dir='ltr'><strong>Ne</strong></span> <span class='ocrx_word' id='word_1_287' title='bbox 2403 2351 2733 2421; x_wconf 75' lang='lat' dir='ltr'><strong>negligenter</strong></span> <span class='ocrx_word' id='word_1_288' title='bbox 2759 2352 2960 2408; x_wconf 87' lang='lat' dir='ltr'><strong>habeas</strong></span> <span class='ocrx_word' id='word_1_289' title='bbox 2991 2363 3156 2409; x_wconf 74' lang='grc' dir='ltr'><strong>νιιιιιιι</strong></span> <span class='ocrx_word' id='word_1_290' title='bbox 3197 2366 3366 2422; x_wconf 89' lang='lat' dir='ltr'><strong>tuam,</strong></span> <span class='ocrx_word' id='word_1_291' title='bbox 3405 2371 3504 2414; x_wconf 89' lang='lat' dir='ltr'><strong>nec</strong></span> <span class='ocrx_word' id='word_1_292' title='bbox 3537 2367 3619 2414; x_wconf 90' lang='lat' dir='ltr'><strong>te-</strong></span> 
     </span>
    </p>
   </div>
   <div class='ocr_carea' id='block_1_44' title="bbox 378 2441 1984 2544">
    <p class='ocr_par' dir='ltr' id='par_1_44' title="bbox 378 2441 1948 2538">
     <span class='ocr_line' id='line_1_44' title="bbox 378 2441 1948 2538; baseline -0.004 -15"><span class='ocrx_word' id='word_1_293' title='bbox 378 2441 584 2538; x_wconf 71' lang='grc' dir='ltr'><strong>πρὲιττε</strong></span> <span class='ocrx_word' id='word_1_294' title='bbox 636 2441 793 2534; x_wconf 63' lang='grc' dir='ltr'><strong>πςιιρά⁷</strong></span> <span class='ocrx_word' id='word_1_295' title='bbox 839 2465 930 2518; x_wconf 79' lang='grc' dir='ltr'><strong>τὸν</strong></span> <span class='ocrx_word' id='word_1_296' title='bbox 977 2441 1159 2533; x_wconf 87' lang='grc' dir='ltr'><strong>νόμον,</strong></span> <span class='ocrx_word' id='word_1_297' title='bbox 1198 2463 1284 2516; x_wconf 85' lang='grc' dir='ltr'><strong>ἵνα</strong></span> <span class='ocrx_word' id='word_1_298' title='bbox 1321 2463 1395 2534; x_wconf 79' lang='grc' dir='ltr'><strong>μὴ</strong></span> <span class='ocrx_word' id='word_1_299' title='bbox 1440 2462 1590 2534; x_wconf 72' lang='grc' dir='ltr'><strong>παρὰ</strong></span> <span class='ocrx_word' id='word_1_300' title='bbox 1635 2441 1801 2534; x_wconf 81' lang='grc' dir='ltr'><strong>νόμον</strong></span> <span class='ocrx_word' id='word_1_301' title='bbox 1836 2441 1948 2534; x_wconf 67' lang='grc' dir='ltr'><strong>τὴν</strong></span> 
     </span>
    </p>
   </div>
   <div class='ocr_carea' id='block_1_45' title="bbox 2011 2441 3617 2544">
    <p class='ocr_par' dir='ltr' id='par_1_45' title="bbox 2049 2441 3617 2517">
     <span class='ocr_line' id='line_1_45' title="bbox 2049 2441 3617 2517; baseline 0.007 -23"><span class='ocrx_word' id='word_1_302' title='bbox 2049 2454 2198 2495; x_wconf 88' lang='lat' dir='ltr'><strong>mero</strong></span> <span class='ocrx_word' id='word_1_303' title='bbox 2229 2449 2414 2495; x_wconf 84' lang='lat' dir='ltr'><strong>contra</strong></span> <span class='ocrx_word' id='word_1_304' title='bbox 2444 2441 2614 2511; x_wconf 76' lang='lat' dir='ltr'><strong>legem</strong></span> <span class='ocrx_word' id='word_1_305' title='bbox 2634 2441 2833 2497; x_wconf 80' lang='lat' dir='ltr'><strong>facito:</strong></span> <span class='ocrx_word' id='word_1_306' title='bbox 2862 2458 2933 2498; x_wconf 90' lang='lat' dir='ltr'><strong>ne</strong></span> <span class='ocrx_word' id='word_1_307' title='bbox 2960 2454 3151 2500; x_wconf 85' lang='lat' dir='ltr'><strong>contra</strong></span> <span class='ocrx_word' id='word_1_308' title='bbox 3190 2447 3357 2517; x_wconf 75' lang='lat' dir='ltr'><strong>legem</strong></span> <span class='ocrx_word' id='word_1_309' title='bbox 3388 2447 3617 2516; x_wconf 79' lang='lat' dir='ltr'><strong>faciens,</strong></span> 
     </span>
    </p>
   </div>
   <div class='ocr_carea' id='block_1_46' title="bbox 376 2546 1982 2619">
    <p class='ocr_par' dir='ltr' id='par_1_46' title="bbox 376 2555 841 2619">
     <span class='ocr_line' id='line_1_46' title="bbox 376 2555 841 2619; baseline -0.013 -8"><span class='ocrx_word' id='word_1_310' title='bbox 376 2557 652 2611; x_wconf 79' lang='grc' dir='ltr'><strong>ἀπώλειαν</strong></span> <span class='ocrx_word' id='word_1_311' title='bbox 677 2555 841 2619; x_wconf 73' lang='grc' dir='ltr'><strong>ἔξεις.</strong></span> 
     </span>
    </p>
   </div>
   <div class='ocr_carea' id='block_1_47' title="bbox 1031 2546 2637 2619">
    <p class='ocr_par' dir='ltr' id='par_1_47' title="bbox 2047 2546 2637 2600">
     <span class='ocr_line' id='line_1_47' title="bbox 2047 2546 2637 2600; baseline 0.008 -17"><span class='ocrx_word' id='word_1_312' title='bbox 2047 2546 2342 2600; x_wconf 75' lang='lat' dir='ltr'><strong>perniciem</strong></span> <span class='ocrx_word' id='word_1_313' title='bbox 2369 2547 2637 2595; x_wconf 77' lang='lat' dir='ltr'><strong>Incurras.</strong></span> 
     </span>
    </p>
   </div>
   <div class='ocr_carea' id='block_1_48' title="bbox 444 2621 2050 2715">
    <p class='ocr_par' dir='ltr' id='par_1_48' title="bbox 444 2640 1941 2715">
     <span class='ocr_line' id='line_1_48' title="bbox 444 2640 1941 2715; baseline -0.004 -13"><span class='ocrx_word' id='word_1_314' title='bbox 444 2648 593 2703; x_wconf 79' lang='grc' dir='ltr'><strong>Μετὰ</strong></span> <span class='ocrx_word' id='word_1_315' title='bbox 623 2647 801 2715; x_wconf 81' lang='grc' dir='ltr'><strong>πάσης</strong></span> <span class='ocrx_word' id='word_1_316' title='bbox 832 2643 1132 2711; x_wconf 80' lang='grc' dir='ltr'><strong>ἀσφαλείας</strong></span> <span class='ocrx_word' id='word_1_317' title='bbox 1155 2641 1458 2712; x_wconf 80' lang='grc' dir='ltr'><strong>μνημόνευε</strong></span> <span class='ocrx_word' id='word_1_318' title='bbox 1480 2640 1588 2695; x_wconf 86' lang='grc' dir='ltr'><strong>τῶν</strong></span> <span class='ocrx_word' id='word_1_319' title='bbox 1613 2641 1941 2713; x_wconf 73' lang='grc' dir='ltr'><strong>εἰρημένων,</strong></span> 
     </span>
    </p>
   </div>
   <div class='ocr_carea' id='block_1_49' title="bbox 2013 2621 3619 2715">
    <p class='ocr_par' dir='ltr' id='par_1_49' title="bbox 2120 2621 3619 2698">
     <span class='ocr_line' id='line_1_49' title="bbox 2120 2621 3619 2698; baseline 0.007 -22"><span class='ocrx_word' id='word_1_320' title='bbox 2120 2623 2243 2677; x_wconf 85' lang='grc'><strong>155.</strong></span> <span class='ocrx_word' id='word_1_321' title='bbox 2283 2621 2491 2680; x_wconf 80' lang='lat' dir='ltr'><strong>Memor</strong></span> <span class='ocrx_word' id='word_1_322' title='bbox 2537 2625 2615 2690; x_wconf 88' lang='lat' dir='ltr'><strong>sis</strong></span> <span class='ocrx_word' id='word_1_323' title='bbox 2651 2625 2846 2681; x_wconf 87' lang='lat' dir='ltr'><strong>horum</strong></span> <span class='ocrx_word' id='word_1_324' title='bbox 2894 2637 3282 2698; x_wconf 62' lang='lat' dir='ltr'><strong>praceptorum</strong></span> <span class='ocrx_word' id='word_1_325' title='bbox 3313 2645 3436 2686; x_wconf 90' lang='lat' dir='ltr'><strong>cum</strong></span> <span class='ocrx_word' id='word_1_326' title='bbox 3470 2633 3619 2688; x_wconf 91' lang='lat' dir='ltr'><strong>omni</strong></span> 
     </span>
    </p>
   </div>
   <div class='ocr_carea' id='block_1_50' title="bbox 380 2713 1986 2810">
    <p class='ocr_par' dir='ltr' id='par_1_50' title="bbox 380 2713 1499 2810">
     <span class='ocr_line' id='line_1_50' title="bbox 380 2713 1499 2810; baseline -0.007 -16"><span class='ocrx_word' id='word_1_327' title='bbox 380 2743 468 2796; x_wconf 77' lang='grc' dir='ltr'><strong>ἴνα</strong></span> <span class='ocrx_word' id='word_1_328' title='bbox 501 2758 560 2794; x_wconf 86' lang='grc' dir='ltr'><strong>σε</strong></span> <span class='ocrx_word' id='word_1_329' title='bbox 600 2713 854 2810; x_wconf 71' lang='grc' dir='ltr'><strong>λαμπρὸν</strong></span> <span class='ocrx_word' id='word_1_330' title='bbox 881 2736 959 2806; x_wconf 85' lang='grc' dir='ltr'><strong>τῷ</strong></span> <span class='ocrx_word' id='word_1_331' title='bbox 991 2736 1090 2806; x_wconf 85' lang='grc' dir='ltr'><strong>βίῳ</strong></span> <span class='ocrx_word' id='word_1_332' title='bbox 1128 2733 1499 2799; x_wconf 81' lang='grc' dir='ltr'><strong>ἀναδείξωσιν.</strong></span> 
     </span>
    </p>
   </div>
   <div class='ocr_carea' id='block_1_51' title="bbox 1547 2713 3153 2810">
    <p class='ocr_par' dir='ltr' id='par_1_51' title="bbox 2047 2713 3153 2782">
     <span class='ocr_line' id='line_1_51' title="bbox 2047 2713 3153 2782; baseline 0.004 -14"><span class='ocrx_word' id='word_1_333' title='bbox 2047 2713 2251 2782; x_wconf 84' lang='lat' dir='ltr'><strong>studio,</strong></span> <span class='ocrx_word' id='word_1_334' title='bbox 2282 2722 2342 2770; x_wconf 83' lang='lat' dir='ltr'><strong>ut</strong></span> <span class='ocrx_word' id='word_1_335' title='bbox 2366 2725 2419 2772; x_wconf 87' lang='lat' dir='ltr'><strong>te</strong></span> <span class='ocrx_word' id='word_1_336' title='bbox 2445 2716 2655 2771; x_wconf 88' lang='lat' dir='ltr'><strong>clarum</strong></span> <span class='ocrx_word' id='word_1_337' title='bbox 2683 2717 2738 2771; x_wconf 89' lang='lat' dir='ltr'><strong>in</strong></span> <span class='ocrx_word' id='word_1_338' title='bbox 2765 2717 2876 2772; x_wconf 86' lang='lat' dir='ltr'><strong>vita</strong></span> <span class='ocrx_word' id='word_1_339' title='bbox 2909 2718 3153 2774; x_wconf 84' lang='lat' dir='ltr'><strong>reddant.</strong></span> 
     </span>
    </p>
   </div>
   <div class='ocr_carea' id='block_1_52' title="bbox 449 2805 2055 2903">
    <p class='ocr_par' dir='ltr' id='par_1_52' title="bbox 449 2805 1944 2903">
     <span class='ocr_line' id='line_1_52' title="bbox 449 2805 1944 2903; baseline -0.005 -16"><span class='ocrx_word' id='word_1_340' title='bbox 449 2805 698 2903; x_wconf 75' lang='grc' dir='ltr'><strong>Ζήλωσον</strong></span> <span class='ocrx_word' id='word_1_341' title='bbox 747 2805 862 2899; x_wconf 67' lang='grc' dir='ltr'><strong>βίον</strong></span> <span class='ocrx_word' id='word_1_342' title='bbox 908 2805 1127 2899; x_wconf 57' lang='lat' dir='ltr'><strong>sema»,</strong></span> <span class='ocrx_word' id='word_1_343' title='bbox 1179 2827 1264 2880; x_wconf 80' lang='grc' dir='ltr'><strong>ἵνα</strong></span> <span class='ocrx_word' id='word_1_344' title='bbox 1301 2825 1453 2897; x_wconf 75' lang='grc' dir='ltr'><strong>ἔχεις</strong></span> <span class='ocrx_word' id='word_1_345' title='bbox 1476 2823 1793 2897; x_wconf 74' lang='grc' dir='ltr'><strong>παρρησίαν</strong></span> <span class='ocrx_word' id='word_1_346' title='bbox 1822 2827 1944 2880; x_wconf 62' lang='grc' dir='ltr'><strong>ἐπιμ-</strong></span> 
     </span>
    </p>
   </div>
   <div class='ocr_carea' id='block_1_53' title="bbox 2008 2805 3614 2903">
    <p class='ocr_par' dir='ltr' id='par_1_53' title="bbox 2119 2805 3614 2874">
     <span class='ocr_line' id='line_1_53' title="bbox 2119 2805 3614 2874; baseline 0.005 -14"><span class='ocrx_word' id='word_1_347' title='bbox 2119 2805 2242 2864; x_wconf 69' lang='grc'><strong>154.</strong></span> <span class='ocrx_word' id='word_1_348' title='bbox 2282 2806 2478 2862; x_wconf 80' lang='lat' dir='ltr'><strong>Puram</strong></span> <span class='ocrx_word' id='word_1_349' title='bbox 2527 2808 2813 2863; x_wconf 74' lang='lat' dir='ltr'><strong>aemulator</strong></span> <span class='ocrx_word' id='word_1_350' title='bbox 2841 2807 3029 2874; x_wconf 85' lang='lat' dir='ltr'><strong>vitam,</strong></span> <span class='ocrx_word' id='word_1_351' title='bbox 3059 2819 3118 2865; x_wconf 89' lang='lat' dir='ltr'><strong>ut</strong></span> <span class='ocrx_word' id='word_1_352' title='bbox 3154 2810 3356 2868; x_wconf 85' lang='lat' dir='ltr'><strong>habeas</strong></span> <span class='ocrx_word' id='word_1_353' title='bbox 3389 2813 3614 2870; x_wconf 88' lang='lat' dir='ltr'><strong>liberam</strong></span> 
     </span>
    </p>
   </div>
   <div class='ocr_carea' id='block_1_54' title="bbox 382 2899 1988 2996">
    <p class='ocr_par' dir='ltr' id='par_1_54' title="bbox 382 2899 1248 2996">
     <span class='ocr_line' id='line_1_54' title="bbox 382 2899 1248 2996; baseline -0.005 -18"><span class='ocrx_word' id='word_1_354' title='bbox 382 2899 630 2996; x_wconf 73' lang='grc' dir='ltr'><strong>στρέφειν</strong></span> <span class='ocrx_word' id='word_1_355' title='bbox 658 2923 787 2986; x_wconf 78' lang='grc' dir='ltr'><strong>τοὺς.</strong></span> <span class='ocrx_word' id='word_1_356' title='bbox 812 2922 1248 2994; x_wconf 74' lang='grc' dir='ltr'><strong>ἁμαρτάνοντας.</strong></span> 
     </span>
    </p>
   </div>
   <div class='ocr_carea' id='block_1_55' title="bbox 1443 2899 3049 2996">
    <p class='ocr_par' dir='ltr' id='par_1_55' title="bbox 2046 2899 3049 2968">
     <span class='ocr_line' id='line_1_55' title="bbox 2046 2899 3049 2968; baseline 0.003 -15"><span class='ocrx_word' id='word_1_357' title='bbox 2046 2904 2367 2966; x_wconf 72' lang='lat' dir='ltr'><strong>petestatem</strong></span> <span class='ocrx_word' id='word_1_358' title='bbox 2394 2899 2712 2968; x_wconf 85' lang='lat' dir='ltr'><strong>increpandi</strong></span> <span class='ocrx_word' id='word_1_359' title='bbox 2741 2908 3049 2968; x_wconf 83' lang='lat' dir='ltr'><strong>peccantes.</strong></span> 
     </span>
    </p>
   </div>
   <div class='ocr_carea' id='block_1_56' title="bbox 461 2988 2067 3084">
    <p class='ocr_par' dir='ltr' id='par_1_56' title="bbox 461 2988 1940 3084">
     <span class='ocr_line' id='line_1_56' title="bbox 461 2988 1940 3084; baseline -0.003 -17"><span class='ocrx_word' id='word_1_360' title='bbox 461 2988 784 3084; x_wconf 75' lang='grc' dir='ltr'><strong>Ἀσφαλίζου</strong></span> <span class='ocrx_word' id='word_1_361' title='bbox 831 2988 945 3083; x_wconf 47' lang='grc' dir='ltr'><strong>τῆν’</strong></span> <span class='ocrx_word' id='word_1_362' title='bbox 988 3010 1296 3075; x_wconf 80' lang='grc' dir='ltr'><strong>αὐθάδειαν,</strong></span> <span class='ocrx_word' id='word_1_363' title='bbox 1341 3008 1417 3080; x_wconf 72' lang='grc' dir='ltr'><strong>μὴ</strong></span> <span class='ocrx_word' id='word_1_364' title='bbox 1447 3006 1764 3076; x_wconf 76' lang='grc' dir='ltr'><strong>ἐπιπλήξεις</strong></span> <span class='ocrx_word' id='word_1_365' title='bbox 1816 3008 1940 3076; x_wconf 78' lang='grc' dir='ltr'><strong>τινὶ,</strong></span> 
     </span>
    </p>
   </div>
   <div class='ocr_carea' id='block_1_57' title="bbox 2011 2988 3617 3084">
    <p class='ocr_par' dir='ltr' id='par_1_57' title="bbox 2118 2988 3617 3063">
     <span class='ocr_line' id='line_1_57' title="bbox 2118 2988 3617 3063; baseline 0.004 -22"><span class='ocrx_word' id='word_1_366' title='bbox 2118 2988 2240 3047; x_wconf 73' lang='grc'><strong>155.</strong></span> <span class='ocrx_word' id='word_1_367' title='bbox 2280 2989 2452 3060; x_wconf 70' lang='lat' dir='ltr'><strong>Abige</strong></span> <span class='ocrx_word' id='word_1_368' title='bbox 2507 3005 2538 3044; x_wconf 83' lang='lat' dir='ltr'><strong>a</strong></span> <span class='ocrx_word' id='word_1_369' title='bbox 2589 2999 2639 3044; x_wconf 86' lang='lat' dir='ltr'><strong>te</strong></span> <span class='ocrx_word' id='word_1_370' title='bbox 2688 2992 3114 3056; x_wconf 84' lang='lat' dir='ltr'><strong>contumaciam,</strong></span> <span class='ocrx_word' id='word_1_371' title='bbox 3172 3007 3348 3062; x_wconf 82' lang='lat' dir='ltr'><strong>neque</strong></span> <span class='ocrx_word' id='word_1_372' title='bbox 3399 2992 3617 3063; x_wconf 82' lang='lat' dir='ltr'><strong>increpa</strong></span> 
     </span>
    </p>
   </div>
   <div class='ocr_carea' id='block_1_58' title="bbox 381 3082 1987 3227">
    <p class='ocr_par' dir='ltr' id='par_1_58' title="bbox 381 3082 1987 3206">
     <span class='ocr_line' id='line_1_58' title="bbox 381 3082 1987 3206; baseline -0.004 -46"><span class='ocrx_word' id='word_1_373' title='bbox 381 3106 466 3160; x_wconf 67' lang='grc' dir='ltr'><strong>ἵνα</strong></span> <span class='ocrx_word' id='word_1_374' title='bbox 508 3082 583 3177; x_wconf 69' lang='grc' dir='ltr'><strong>μή</strong></span> <span class='ocrx_word' id='word_1_375' title='bbox 614 3082 948 3175; x_wconf 68' lang='grc' dir='ltr'><strong>κατακριθῇς</strong></span> <span class='ocrx_word' id='word_1_376' title='bbox 978 3103 1054 3166; x_wconf 84' lang='grc' dir='ltr'><strong>ὡς</strong></span> <span class='ocrx_word' id='word_1_377' title='bbox 1077 3100 1544 3172; x_wconf 82' lang='grc' dir='ltr'><strong>ὑψηλοφρονήσας.</strong></span> <span class='ocrx_word' id='word_1_378' title='bbox 1970 3147 1987 3206; x_wconf 46' lang='grc' dir='ltr'>ε</span> 
     </span>
    </p>
   </div>
   <div class='ocr_carea' id='block_1_59' title="bbox 2014 3082 3620 3227">
    <p class='ocr_par' dir='ltr' id='par_1_59' title="bbox 2014 3082 3620 3227">
     <span class='ocr_line' id='line_1_59' title="bbox 2014 3082 3620 3158; baseline 0.003 -24"><span class='ocrx_word' id='word_1_379' title='bbox 2014 3094 2374 3158; x_wconf 74' lang='lat' dir='ltr'><strong>quemquam</strong></span> <span class='ocrx_word' id='word_1_380' title='bbox 2412 3089 2632 3145; x_wconf 83' lang='lat' dir='ltr'><strong>temere,</strong></span> <span class='ocrx_word' id='word_1_381' title='bbox 2679 3096 2750 3136; x_wconf 89' lang='lat' dir='ltr'><strong>ne</strong></span> <span class='ocrx_word' id='word_1_382' title='bbox 2793 3082 3174 3137; x_wconf 85' lang='lat' dir='ltr'><strong>condemneris</strong></span> <span class='ocrx_word' id='word_1_383' title='bbox 3215 3092 3273 3137; x_wconf 92' lang='lat' dir='ltr'><strong>ut</strong></span> <span class='ocrx_word' id='word_1_384' title='bbox 3305 3085 3620 3155; x_wconf 72' lang='lat' dir='ltr'><strong>arrOgantia</strong></span> 
     </span>
     <span class='ocr_line' id='line_1_60' title="bbox 2014 3170 2282 3227; baseline 0 -1"><span class='ocrx_word' id='word_1_385' title='bbox 2014 3192 2016 3205; x_wconf 63' lang='grc' dir='ltr'><strong>ι</strong></span> <span class='ocrx_word' id='word_1_386' title='bbox 2045 3170 2282 3227; x_wconf 80' lang='lat' dir='ltr'><strong>inﬂatus.</strong></span> 
     </span>
    </p>
   </div>
   <div class='ocr_carea' id='block_1_60' title="bbox 449 3234 2055 3352">
    <p class='ocr_par' dir='ltr' id='par_1_60' title="bbox 449 3234 1946 3352">
     <span class='ocr_line' id='line_1_61' title="bbox 449 3234 1946 3352; baseline -0.005 -16"><span class='ocrx_word' id='word_1_387' title='bbox 449 3282 539 3351; x_wconf 80' lang='grc' dir='ltr'><strong>Μὴ</strong></span> <span class='ocrx_word' id='word_1_388' title='bbox 567 3280 802 3352; x_wconf 81' lang='grc' dir='ltr'><strong>γελάσῃς</strong></span> <span class='ocrx_word' id='word_1_389' title='bbox 833 3279 925 3332; x_wconf 69' lang='grc' dir='ltr'><strong>ἐπὶ</strong></span> <span class='ocrx_word' id='word_1_390' title='bbox 953 3278 1201 3349; x_wconf 82' lang='grc' dir='ltr'><strong>πτώματι</strong></span> <span class='ocrx_word' id='word_1_391' title='bbox 1223 3234 1436 3348; x_wconf 75' lang='grc' dir='ltr'><strong>ἑτέρου,</strong></span> <span class='ocrx_word' id='word_1_392' title='bbox 1466 3275 1553 3331; x_wconf 81' lang='grc' dir='ltr'><strong>ἵνα</strong></span> <span class='ocrx_word' id='word_1_393' title='bbox 1577 3277 1652 3348; x_wconf 76' lang='grc' dir='ltr'><strong>μὴ</strong></span> <span class='ocrx_word' id='word_1_394' title='bbox 1677 3275 1946 3347; x_wconf 57' lang='lat' dir='ltr'><strong>nmen;</strong></span> 
     </span>
    </p>
   </div>
   <div class='ocr_carea' id='block_1_61' title="bbox 2013 3234 3619 3352">
    <p class='ocr_par' dir='ltr' id='par_1_61' title="bbox 2119 3262 3619 3333">
     <span class='ocr_line' id='line_1_62' title="bbox 2119 3262 3619 3333; baseline 0.005 -15"><span class='ocrx_word' id='word_1_395' title='bbox 2119 3263 2242 3318; x_wconf 85' lang='grc'><strong>156.</strong></span> <span class='ocrx_word' id='word_1_396' title='bbox 2280 3262 2338 3317; x_wconf 84' lang='lat' dir='ltr'><strong>lu</strong></span> <span class='ocrx_word' id='word_1_397' title='bbox 2360 3265 2586 3324; x_wconf 85' lang='lat' dir='ltr'><strong>alterius</strong></span> <span class='ocrx_word' id='word_1_398' title='bbox 2621 3262 2922 3320; x_wconf 71' lang='lat' dir='ltr'><strong>infortunio</strong></span> <span class='ocrx_word' id='word_1_399' title='bbox 2951 3279 3017 3319; x_wconf 88' lang='lat' dir='ltr'><strong>ne</strong></span> <span class='ocrx_word' id='word_1_400' title='bbox 3041 3265 3240 3333; x_wconf 85' lang='lat' dir='ltr'><strong>rideas,</strong></span> <span class='ocrx_word' id='word_1_401' title='bbox 3282 3281 3351 3322; x_wconf 84' lang='lat' dir='ltr'><strong>ne</strong></span> <span class='ocrx_word' id='word_1_402' title='bbox 3390 3267 3619 3325; x_wconf 86' lang='lat' dir='ltr'><strong>ridearis</strong></span> 
     </span>
    </p>
   </div>
   <div class='ocr_carea' id='block_1_62' title="bbox 377 3355 1983 3438">
    <p class='ocr_par' dir='ltr' id='par_1_62' title="bbox 377 3365 876 3438">
     <span class='ocr_line' id='line_1_63' title="bbox 377 3365 876 3438; baseline -0.006 -12"><span class='ocrx_word' id='word_1_403' title='bbox 377 3372 467 3438; x_wconf 76' lang='grc' dir='ltr'><strong>ὑφ’</strong></span> <span class='ocrx_word' id='word_1_404' title='bbox 487 3365 562 3426; x_wconf 81' lang='grc' dir='ltr'><strong>ὧν</strong></span> <span class='ocrx_word' id='word_1_405' title='bbox 592 3372 653 3425; x_wconf 86' lang='grc' dir='ltr'><strong>ού</strong></span> <span class='ocrx_word' id='word_1_406' title='bbox 685 3371 876 3433; x_wconf 82' lang='grc' dir='ltr'><strong>θέλεις.</strong></span> 
     </span>
    </p>
   </div>
   <div class='ocr_carea' id='block_1_63' title="bbox 1029 3355 2635 3438">
    <p class='ocr_par' dir='ltr' id='par_1_63' title="bbox 2047 3355 2635 3425">
     <span class='ocr_line' id='line_1_64' title="bbox 2047 3355 2635 3425; baseline 0.002 -17"><span class='ocrx_word' id='word_1_407' title='bbox 2047 3369 2079 3408; x_wconf 86' lang='lat' dir='ltr'><strong>a</strong></span> <span class='ocrx_word' id='word_1_408' title='bbox 2100 3355 2302 3425; x_wconf 86' lang='lat' dir='ltr'><strong>quibus</strong></span> <span class='ocrx_word' id='word_1_409' title='bbox 2326 3371 2436 3412; x_wconf 91' lang='lat' dir='ltr'><strong>non</strong></span> <span class='ocrx_word' id='word_1_410' title='bbox 2476 3357 2635 3413; x_wconf 81' lang='lat' dir='ltr'><strong>velis.</strong></span> 
     </span>
    </p>
   </div>
   <div class='ocr_carea' id='block_1_64' title="bbox 448 3442 2054 3526">
    <p class='ocr_par' dir='ltr' id='par_1_64' title="bbox 448 3448 1948 3526">
     <span class='ocr_line' id='line_1_65' title="bbox 448 3448 1948 3526; baseline -0.003 -11"><span class='ocrx_word' id='word_1_411' title='bbox 448 3461 690 3514; x_wconf 78' lang='grc' dir='ltr'><strong>Φύλασσε</strong></span> <span class='ocrx_word' id='word_1_412' title='bbox 709 3459 808 3523; x_wconf 79' lang='grc' dir='ltr'><strong>τὰς</strong></span> <span class='ocrx_word' id='word_1_413' title='bbox 837 3458 1182 3526; x_wconf 78' lang='grc' dir='ltr'><strong>παραινέσεις</strong></span> <span class='ocrx_word' id='word_1_414' title='bbox 1206 3457 1432 3522; x_wconf 86' lang='grc' dir='ltr'><strong>ταύτας,</strong></span> <span class='ocrx_word' id='word_1_415' title='bbox 1464 3448 1551 3511; x_wconf 75' lang='grc' dir='ltr'><strong>ἵνα</strong></span> <span class='ocrx_word' id='word_1_416' title='bbox 1575 3456 1838 3526; x_wconf 76' lang='grc' dir='ltr'><strong>στέφανον</strong></span> <span class='ocrx_word' id='word_1_417' title='bbox 1859 3456 1948 3510; x_wconf 78' lang='grc' dir='ltr'><strong>δο-</strong></span> 
     </span>
    </p>
   </div>
   <div class='ocr_carea' id='block_1_65' title="bbox 2012 3442 3618 3526">
    <p class='ocr_par' dir='ltr' id='par_1_65' title="bbox 2121 3442 3618 3515">
     <span class='ocr_line' id='line_1_66' title="bbox 2121 3442 3618 3515; baseline 0.005 -19"><span class='ocrx_word' id='word_1_418' title='bbox 2121 3442 2241 3498; x_wconf 85' lang='grc'><strong>157.</strong></span> <span class='ocrx_word' id='word_1_419' title='bbox 2283 3442 2519 3500; x_wconf 86' lang='lat' dir='ltr'><strong>Observa</strong></span> <span class='ocrx_word' id='word_1_420' title='bbox 2549 3443 2954 3509; x_wconf 78' lang='lat' dir='ltr'><strong>admomttoncs</strong></span> <span class='ocrx_word' id='word_1_421' title='bbox 2982 3447 3134 3515; x_wconf 87' lang='lat' dir='ltr'><strong>istas,</strong></span> <span class='ocrx_word' id='word_1_422' title='bbox 3163 3460 3219 3505; x_wconf 90' lang='lat' dir='ltr'><strong>ut</strong></span> <span class='ocrx_word' id='word_1_423' title='bbox 3241 3465 3498 3506; x_wconf 86' lang='lat' dir='ltr'><strong>coronam</strong></span> <span class='ocrx_word' id='word_1_424' title='bbox 3521 3449 3618 3506; x_wconf 90' lang='lat' dir='ltr'><strong>tibi</strong></span> 
     </span>
    </p>
   </div>
   <div class='ocr_carea' id='block_1_66' title="bbox 296 3530 1902 3622">
    <p class='ocr_par' dir='ltr' id='par_1_66' title="bbox 296 3549 1000 3622">
     <span class='ocr_line' id='line_1_67' title="bbox 296 3549 1000 3622; baseline -0.001 -19"><span class='ocrx_word' id='word_1_425' title='bbox 296 3587 300 3590; x_wconf 94' lang='lat'><strong><em>-</em></strong></span> <span class='ocrx_word' id='word_1_426' title='bbox 381 3552 477 3622; x_wconf 77' lang='grc' dir='ltr'><strong>ξης</strong></span> <span class='ocrx_word' id='word_1_427' title='bbox 502 3549 870 3621; x_wconf 79' lang='grc' dir='ltr'><strong>προξενήσωσί</strong></span> <span class='ocrx_word' id='word_1_428' title='bbox 899 3565 1000 3603; x_wconf 82' lang='grc' dir='ltr'><strong>σοι.</strong></span> 
     </span>
    </p>
   </div>
   <div class='ocr_carea' id='block_1_67' title="bbox 977 3530 2583 3622">
    <p class='ocr_par' dir='ltr' id='par_1_67' title="bbox 977 3530 2583 3603">
     <span class='ocr_line' id='line_1_68' title="bbox 977 3530 2583 3603; baseline -0.01 -3"><span class='ocrx_word' id='word_1_429' title='bbox 977 3586 1000 3603; x_wconf 90' lang='grc'><strong>..</strong></span> <span class='ocrx_word' id='word_1_430' title='bbox 2049 3530 2237 3599; x_wconf 70' lang='lat' dir='ltr'><strong>gloriae</strong></span> <span class='ocrx_word' id='word_1_431' title='bbox 2263 3532 2583 3588; x_wconf 85' lang='lat' dir='ltr'><strong>concilient.</strong></span> 
     </span>
    </p>
   </div>
   <div class='ocr_carea' id='block_1_68' title="bbox 451 3618 2057 3712">
    <p class='ocr_par' dir='ltr' id='par_1_68' title="bbox 451 3618 1947 3712">
     <span class='ocr_line' id='line_1_69' title="bbox 451 3618 1947 3712; baseline -0.003 -18"><span class='ocrx_word' id='word_1_432' title='bbox 451 3618 614 3694; x_wconf 80' lang='grc' dir='ltr'><strong>Γενοῦ</strong></span> <span class='ocrx_word' id='word_1_433' title='bbox 645 3618 916 3712; x_wconf 68' lang='grc' dir='ltr'><strong>ἐγκρατὴς</strong></span> <span class='ocrx_word' id='word_1_434' title='bbox 969 3639 1078 3695; x_wconf 87' lang='grc' dir='ltr'><strong>τῶν</strong></span> <span class='ocrx_word' id='word_1_435' title='bbox 1120 3639 1351 3694; x_wconf 66' lang='grc' dir='ltr'><strong>ἐντολῶν</strong></span> <span class='ocrx_word' id='word_1_436' title='bbox 1399 3638 1623 3703; x_wconf 85' lang='grc' dir='ltr'><strong>τούτων,</strong></span> <span class='ocrx_word' id='word_1_437' title='bbox 1651 3639 1738 3692; x_wconf 71' lang='grc' dir='ltr'><strong>ἵνα</strong></span> <span class='ocrx_word' id='word_1_438' title='bbox 1778 3654 1947 3707; x_wconf 83' lang='grc' dir='ltr'><strong>προσ-</strong></span> 
     </span>
    </p>
   </div>
   <div class='ocr_carea' id='block_1_69' title="bbox 2012 3618 3618 3712">
    <p class='ocr_par' dir='ltr' id='par_1_69' title="bbox 2121 3618 3618 3698">
     <span class='ocr_line' id='line_1_70' title="bbox 2121 3618 3618 3698; baseline 0.006 -25"><span class='ocrx_word' id='word_1_439' title='bbox 2121 3619 2245 3675; x_wconf 77' lang='grc'><strong>158.</strong></span> <span class='ocrx_word' id='word_1_440' title='bbox 2283 3618 2371 3676; x_wconf 87' lang='lat' dir='ltr'><strong>Sis</strong></span> <span class='ocrx_word' id='word_1_441' title='bbox 2409 3621 2707 3678; x_wconf 85' lang='lat' dir='ltr'><strong>observans</strong></span> <span class='ocrx_word' id='word_1_442' title='bbox 2757 3623 2953 3679; x_wconf 88' lang='lat' dir='ltr'><strong>horum</strong></span> <span class='ocrx_word' id='word_1_443' title='bbox 3006 3635 3423 3698; x_wconf 58' lang='lat' dir='ltr'><strong>praceptorum,</strong></span> <span class='ocrx_word' id='word_1_444' title='bbox 3466 3637 3523 3682; x_wconf 87' lang='lat' dir='ltr'><strong>ut</strong></span> <span class='ocrx_word' id='word_1_445' title='bbox 3566 3635 3618 3682; x_wconf 88' lang='lat' dir='ltr'><strong>te</strong></span> 
     </span>
    </p>
   </div>
   <div class='ocr_carea' id='block_1_70' title="bbox 381 3710 1987 3802">
    <p class='ocr_par' dir='ltr' id='par_1_70' title="bbox 381 3710 1950 3802">
     <span class='ocr_line' id='line_1_71' title="bbox 381 3710 1950 3802; baseline -0.004 -18"><span class='ocrx_word' id='word_1_446' title='bbox 381 3731 550 3796; x_wconf 75' lang='grc' dir='ltr'><strong>άξωσί</strong></span> <span class='ocrx_word' id='word_1_447' title='bbox 580 3748 638 3784; x_wconf 85' lang='grc' dir='ltr'><strong>σε</strong></span> <span class='ocrx_word' id='word_1_448' title='bbox 681 3710 896 3802; x_wconf 79' lang='grc' dir='ltr'><strong>ἐμφανῆ</strong></span> <span class='ocrx_word' id='word_1_449' title='bbox 940 3732 1051 3794; x_wconf 83' lang='grc' dir='ltr'><strong>τοῖς</strong></span> <span class='ocrx_word' id='word_1_450' title='bbox 1073 3729 1399 3801; x_wconf 83' lang='grc' dir='ltr'><strong>ἀνθρώποις,</strong></span> <span class='ocrx_word' id='word_1_451' title='bbox 1432 3729 1527 3783; x_wconf 73' lang='grc' dir='ltr'><strong>καὶ</strong></span> <span class='ocrx_word' id='word_1_452' title='bbox 1556 3729 1844 3797; x_wconf 75' lang='grc' dir='ltr'><strong>εὐάρεστον</strong></span> <span class='ocrx_word' id='word_1_453' title='bbox 1873 3727 1950 3799; x_wconf 84' lang='grc' dir='ltr'><strong>τῷ</strong></span> 
     </span>
    </p>
   </div>
   <div class='ocr_carea' id='block_1_71' title="bbox 2012 3710 3618 3802">
    <p class='ocr_par' dir='ltr' id='par_1_71' title="bbox 2051 3710 3618 3788">
     <span class='ocr_line' id='line_1_72' title="bbox 2051 3710 3618 3788; baseline 0.005 -22"><span class='ocrx_word' id='word_1_454' title='bbox 2051 3711 2259 3766; x_wconf 85' lang='lat' dir='ltr'><strong>clarum</strong></span> <span class='ocrx_word' id='word_1_455' title='bbox 2308 3710 2546 3768; x_wconf 80' lang='lat' dir='ltr'><strong>efﬁciant</strong></span> <span class='ocrx_word' id='word_1_456' title='bbox 2593 3713 2929 3781; x_wconf 78' lang='lat' dir='ltr'><strong>hominibus,</strong></span> <span class='ocrx_word' id='word_1_457' title='bbox 2963 3724 3015 3770; x_wconf 88' lang='lat' dir='ltr'><strong>et</strong></span> <span class='ocrx_word' id='word_1_458' title='bbox 3042 3726 3328 3788; x_wconf 89' lang='lat' dir='ltr'><strong>acceptum</strong></span> <span class='ocrx_word' id='word_1_459' title='bbox 3369 3718 3618 3775; x_wconf 88' lang='lat' dir='ltr'><strong>Deo:sic</strong></span> 
     </span>
    </p>
   </div>
   <div class='ocr_carea' id='block_1_72' title="bbox 380 3802 1986 3892">
    <p class='ocr_par' dir='ltr' id='par_1_72' title="bbox 380 3816 1952 3892">
     <span class='ocr_line' id='line_1_73' title="bbox 380 3816 1952 3892; baseline -0.002 -19"><span class='ocrx_word' id='word_1_460' title='bbox 380 3819 496 3891; x_wconf 83' lang='grc' dir='ltr'><strong>Θεῴ</strong></span> <span class='ocrx_word' id='word_1_461' title='bbox 526 3839 539 3851; x_wconf 93' lang='grc'><strong>·</strong></span> <span class='ocrx_word' id='word_1_462' title='bbox 566 3819 708 3874; x_wconf 78' lang='grc' dir='ltr'><strong>οὕτω</strong></span> <span class='ocrx_word' id='word_1_463' title='bbox 731 3822 837 3892; x_wconf 85' lang='grc' dir='ltr'><strong>γὰρ</strong></span> <span class='ocrx_word' id='word_1_464' title='bbox 859 3821 1048 3891; x_wconf 80' lang='grc' dir='ltr'><strong>ἥδεται</strong></span> <span class='ocrx_word' id='word_1_465' title='bbox 1073 3820 1134 3874; x_wconf 86' lang='grc' dir='ltr'><strong>τὺ</strong></span> <span class='ocrx_word' id='word_1_466' title='bbox 1153 3819 1306 3874; x_wconf 82' lang='grc' dir='ltr'><strong>Θεῖον</strong></span> <span class='ocrx_word' id='word_1_467' title='bbox 1355 3819 1448 3874; x_wconf 74' lang='grc' dir='ltr'><strong>καὶ</strong></span> <span class='ocrx_word' id='word_1_468' title='bbox 1466 3816 1724 3881; x_wconf 88' lang='grc' dir='ltr'><strong>τοιούτοις</strong></span> <span class='ocrx_word' id='word_1_469' title='bbox 1755 3831 1952 3888; x_wconf 79' lang='grc' dir='ltr'><strong>κατορ-</strong></span> 
     </span>
    </p>
   </div>
   <div class='ocr_carea' id='block_1_73' title="bbox 2015 3802 3621 3892">
    <p class='ocr_par' dir='ltr' id='par_1_73' title="bbox 2051 3802 3621 3880">
     <span class='ocr_line' id='line_1_74' title="bbox 2051 3802 3621 3880; baseline 0.007 -23"><span class='ocrx_word' id='word_1_470' title='bbox 2051 3803 2196 3858; x_wconf 89' lang='lat' dir='ltr'><strong>enim</strong></span> <span class='ocrx_word' id='word_1_471' title='bbox 2218 3804 2424 3874; x_wconf 71' lang='lat' dir='ltr'><strong>gaudio</strong></span> <span class='ocrx_word' id='word_1_472' title='bbox 2461 3802 2692 3860; x_wconf 67' lang='lat' dir='ltr'><strong>amcitur</strong></span> <span class='ocrx_word' id='word_1_473' title='bbox 2733 3805 2892 3872; x_wconf 82' lang='lat' dir='ltr'><strong>Deus,</strong></span> <span class='ocrx_word' id='word_1_474' title='bbox 2928 3814 2983 3861; x_wconf 91' lang='lat' dir='ltr'><strong>et</strong></span> <span class='ocrx_word' id='word_1_475' title='bbox 3024 3806 3336 3878; x_wconf 84' lang='lat' dir='ltr'><strong>bujusmodi</strong></span> <span class='ocrx_word' id='word_1_476' title='bbox 3366 3812 3621 3880; x_wconf 87' lang='lat' dir='ltr'><strong>operibus</strong></span> 
     </span>
    </p>
   </div>
   <div class='ocr_carea' id='block_1_74' title="bbox 379 3893 1985 3981">
    <p class='ocr_par' dir='ltr' id='par_1_74' title="bbox 379 3910 1217 3981">
     <span class='ocr_line' id='line_1_75' title="bbox 379 3910 1217 3981; baseline 0 -17"><span class='ocrx_word' id='word_1_477' title='bbox 379 3912 595 3981; x_wconf 85' lang='grc' dir='ltr'><strong>θώμασι</strong></span> <span class='ocrx_word' id='word_1_478' title='bbox 620 3911 979 3979; x_wconf 81' lang='grc' dir='ltr'><strong>θεραπεύεται</strong></span> <span class='ocrx_word' id='word_1_479' title='bbox 1012 3911 1042 3964; x_wconf 82' lang='grc' dir='ltr'>ὁ</span> <span class='ocrx_word' id='word_1_480' title='bbox 1061 3910 1217 3974; x_wconf 76' lang='grc' dir='ltr'><strong>θεός.</strong></span> 
     </span>
    </p>
   </div>
   <div class='ocr_carea' id='block_1_75' title="bbox 837 3893 2443 3981">
    <p class='ocr_par' dir='ltr' id='par_1_75' title="bbox 837 3893 2443 3974">
     <span class='ocr_line' id='line_1_76' title="bbox 837 3893 2443 3974; baseline -0.009 -11"><span class='ocrx_word' id='word_1_481' title='bbox 837 3911 979 3965; x_wconf 69' lang='grc' dir='ltr'><strong>ὄεται</strong></span> <span class='ocrx_word' id='word_1_482' title='bbox 1012 3910 1217 3974; x_wconf 76' lang='grc' dir='ltr'><strong>ὁθεός.</strong></span> <span class='ocrx_word' id='word_1_483' title='bbox 2052 3893 2248 3948; x_wconf 83' lang='lat' dir='ltr'><strong>colitur</strong></span> <span class='ocrx_word' id='word_1_484' title='bbox 2285 3895 2443 3950; x_wconf 89' lang='lat' dir='ltr'><strong>Deus.</strong></span> 
     </span>
    </p>
   </div>
   <div class='ocr_carea' id='block_1_76' title="bbox 464 3985 2070 4069">
    <p class='ocr_par' dir='ltr' id='par_1_76' title="bbox 464 3996 1948 4069">
     <span class='ocr_line' id='line_1_77' title="bbox 464 3996 1948 4069; baseline -0.003 -17"><span class='ocrx_word' id='word_1_485' title='bbox 464 4001 574 4054; x_wconf 72' lang='grc' dir='ltr'><strong>Ἀεὶ</strong></span> <span class='ocrx_word' id='word_1_486' title='bbox 602 4002 928 4069; x_wconf 75' lang='grc' dir='ltr'><strong>προκόπτειν</strong></span> <span class='ocrx_word' id='word_1_487' title='bbox 957 4003 1016 4054; x_wconf 76' lang='grc' dir='ltr'><strong>ὲν</strong></span> <span class='ocrx_word' id='word_1_488' title='bbox 1043 4003 1156 4063; x_wconf 86' lang='grc' dir='ltr'><strong>τοῖς</strong></span> <span class='ocrx_word' id='word_1_489' title='bbox 1183 3999 1408 4068; x_wconf 83' lang='grc' dir='ltr'><strong>άγαθοτς</strong></span> <span class='ocrx_word' id='word_1_490' title='bbox 1435 3998 1615 4069; x_wconf 69' lang='grc' dir='ltr'><strong>ἔργοις</strong></span> <span class='ocrx_word' id='word_1_491' title='bbox 1645 3996 1910 4062; x_wconf 78' lang='grc' dir='ltr'><strong>σπούδαζε</strong></span> <span class='ocrx_word' id='word_1_492' title='bbox 1934 4014 1948 4029; x_wconf 77' lang='grc' dir='ltr'><strong>ο</strong></span> 
     </span>
    </p>
   </div>
   <div class='ocr_carea' id='block_1_77' title="bbox 2013 3985 3619 4069">
    <p class='ocr_par' dir='ltr' id='par_1_77' title="bbox 2124 3985 3619 4062">
     <span class='ocr_line' id='line_1_78' title="bbox 2124 3985 3619 4062; baseline 0.005 -23"><span class='ocrx_word' id='word_1_493' title='bbox 2124 3985 2246 4040; x_wconf 82' lang='grc'><strong>159.</strong></span> <span class='ocrx_word' id='word_1_494' title='bbox 2291 3987 2515 4056; x_wconf 82' lang='lat' dir='ltr'><strong>Semper</strong></span> <span class='ocrx_word' id='word_1_495' title='bbox 2562 3986 2827 4056; x_wconf 81' lang='lat' dir='ltr'><strong>proﬁcere</strong></span> <span class='ocrx_word' id='word_1_496' title='bbox 2881 3988 2936 4043; x_wconf 86' lang='lat' dir='ltr'><strong>in</strong></span> <span class='ocrx_word' id='word_1_497' title='bbox 2983 3989 3139 4045; x_wconf 88' lang='lat' dir='ltr'><strong>bonis</strong></span> <span class='ocrx_word' id='word_1_498' title='bbox 3193 3991 3452 4062; x_wconf 84' lang='lat' dir='ltr'><strong>operibus</strong></span> <span class='ocrx_word' id='word_1_499' title='bbox 3501 4001 3619 4048; x_wconf 87' lang='lat' dir='ltr'><strong>stu-</strong></span> 
     </span>
    </p>
   </div>
   <div class='ocr_carea' id='block_1_78' title="bbox 381 4076 1987 4162">
    <p class='ocr_par' dir='ltr' id='par_1_78' title="bbox 381 4090 1462 4162">
     <span class='ocr_line' id='line_1_79' title="bbox 381 4090 1462 4162; baseline 0.001 -18"><span class='ocrx_word' id='word_1_500' title='bbox 381 4090 497 4153; x_wconf 83' lang='grc' dir='ltr'><strong>ὀδὸς</strong></span> <span class='ocrx_word' id='word_1_501' title='bbox 525 4090 633 4160; x_wconf 79' lang='grc' dir='ltr'><strong>γάρ</strong></span> <span class='ocrx_word' id='word_1_502' title='bbox 653 4093 730 4154; x_wconf 82' lang='grc' dir='ltr'><strong>εἰς</strong></span> <span class='ocrx_word' id='word_1_503' title='bbox 753 4092 948 4162; x_wconf 75' lang='grc' dir='ltr'><strong>ἀρετὴν</strong></span> <span class='ocrx_word' id='word_1_504' title='bbox 968 4093 1001 4160; x_wconf 77' lang='grc' dir='ltr'>ἡ</span> <span class='ocrx_word' id='word_1_505' title='bbox 1024 4090 1118 4145; x_wconf 82' lang='grc' dir='ltr'><strong>τοῦ</strong></span> <span class='ocrx_word' id='word_1_506' title='bbox 1146 4090 1260 4160; x_wconf 82' lang='grc' dir='ltr'><strong>βίου</strong></span> <span class='ocrx_word' id='word_1_507' title='bbox 1295 4091 1462 4160; x_wconf 82' lang='grc' dir='ltr'><strong>φυγή.</strong></span> 
     </span>
    </p>
   </div>
   <div class='ocr_carea' id='block_1_79' title="bbox 2009 4076 3615 4162">
    <p class='ocr_par' dir='ltr' id='par_1_79' title="bbox 2053 4076 3615 4152">
     <span class='ocr_line' id='line_1_80' title="bbox 2053 4076 3615 4152; baseline 0.003 -20"><span class='ocrx_word' id='word_1_508' title='bbox 2053 4077 2216 4132; x_wconf 81' lang='lat' dir='ltr'><strong>(leto:</strong></span> <span class='ocrx_word' id='word_1_509' title='bbox 2251 4076 2434 4133; x_wconf 71' lang='lat' dir='ltr'><strong>saeculi</strong></span> <span class='ocrx_word' id='word_1_510' title='bbox 2477 4077 2624 4132; x_wconf 87' lang='lat' dir='ltr'><strong>enim</strong></span> <span class='ocrx_word' id='word_1_511' title='bbox 2653 4076 2798 4152; x_wconf 80' lang='lat' dir='ltr'><strong>fuga,</strong></span> <span class='ocrx_word' id='word_1_512' title='bbox 2830 4079 2914 4134; x_wconf 92' lang='lat' dir='ltr'><strong>via</strong></span> <span class='ocrx_word' id='word_1_513' title='bbox 2951 4088 3035 4135; x_wconf 86' lang='lat' dir='ltr'><strong>est</strong></span> <span class='ocrx_word' id='word_1_514' title='bbox 3061 4080 3128 4135; x_wconf 88' lang='lat' dir='ltr'><strong>ad</strong></span> <span class='ocrx_word' id='word_1_515' title='bbox 3175 4081 3452 4149; x_wconf 74' lang='lat' dir='ltr'><strong>virtutem,</strong></span> <span class='ocrx_word' id='word_1_516' title='bbox 3488 4091 3615 4147; x_wconf 89' lang='lat' dir='ltr'><strong>etc.,</strong></span> 
     </span>
    </p>
   </div>
   <div class='ocr_carea' id='block_1_80' title="bbox 2062 4170 3269 4241">
    <p class='ocr_par' dir='ltr' id='par_1_80' title="bbox 2062 4170 3269 4241">
     <span class='ocr_line' id='line_1_81' title="bbox 2062 4170 3269 4241; baseline 0.002 -18"><span class='ocrx_word' id='word_1_517' title='bbox 2062 4181 2118 4223; x_wconf 84' lang='grc' dir='ltr'><strong>ιιι</strong></span> <span class='ocrx_word' id='word_1_518' title='bbox 2137 4187 2296 4236; x_wconf 72' lang='lat' dir='ltr'><strong>supra</strong></span> <span class='ocrx_word' id='word_1_519' title='bbox 2325 4170 2427 4225; x_wconf 77' lang='lat' dir='ltr'><strong>col.</strong></span> <span class='ocrx_word' id='word_1_520' title='bbox 2465 4170 2603 4225; x_wconf 71' lang='lat'><strong>1259</strong></span> <span class='ocrx_word' id='word_1_521' title='bbox 2632 4171 2674 4226; x_wconf 90' lang='lat' dir='ltr'><strong><em>C</em></strong></span> <span class='ocrx_word' id='word_1_522' title='bbox 2707 4185 2879 4241; x_wconf 86' lang='lat' dir='ltr'><strong>usque</strong></span> <span class='ocrx_word' id='word_1_523' title='bbox 2907 4173 2973 4227; x_wconf 85' lang='lat' dir='ltr'><strong>ad</strong></span> <span class='ocrx_word' id='word_1_524' title='bbox 3006 4187 3157 4226; x_wconf 91' lang='lat' dir='ltr'><strong>num.</strong></span> <span class='ocrx_word' id='word_1_525' title='bbox 3181 4171 3269 4227; x_wconf 83' lang='lat'><strong>98.</strong></span> 
     </span>
    </p>
   </div>
   <div class='ocr_carea' id='block_1_81' title="bbox 877 4305 3118 4377">
    <p class='ocr_par' dir='ltr' id='par_1_81' title="bbox 877 4305 3118 4377">
     <span class='ocr_line' id='line_1_82' title="bbox 877 4305 3118 4377; baseline -0.001 -16"><span class='ocrx_word' id='word_1_526' title='bbox 877 4305 1154 4375; x_wconf 66' lang='lat' dir='ltr'><strong>Sequente;</strong></span> <span class='ocrx_word' id='word_1_527' title='bbox 1181 4319 1296 4363; x_wconf 87' lang='lat' dir='ltr'><strong>octo</strong></span> <span class='ocrx_word' id='word_1_528' title='bbox 1327 4308 1610 4362; x_wconf 79' lang='lat' dir='ltr'><strong>sententias</strong></span> <span class='ocrx_word' id='word_1_529' title='bbox 1643 4307 1801 4362; x_wconf 79' lang='lat' dir='ltr'><strong>edidit</strong></span> <span class='ocrx_word' id='word_1_530' title='bbox 1840 4306 2122 4362; x_wconf 76' lang='lat' dir='ltr'><strong>Suaresius</strong></span> <span class='ocrx_word' id='word_1_531' title='bbox 2154 4307 2207 4360; x_wconf 83' lang='lat' dir='ltr'><strong>in</strong></span> <span class='ocrx_word' id='word_1_532' title='bbox 2246 4305 2467 4360; x_wconf 69' lang='lat' dir='ltr'><strong>Dium.</strong></span> <span class='ocrx_word' id='word_1_533' title='bbox 2495 4306 2556 4360; x_wconf 81' lang='lat' dir='ltr'><strong>de</strong></span> <span class='ocrx_word' id='word_1_534' title='bbox 2584 4321 2706 4376; x_wconf 85' lang='lat' dir='ltr'><strong>opp.</strong></span> <span class='ocrx_word' id='word_1_535' title='bbox 2743 4305 2881 4374; x_wconf 80' lang='lat' dir='ltr'><strong>Nili,</strong></span> <span class='ocrx_word' id='word_1_536' title='bbox 2909 4321 2960 4377; x_wconf 90' lang='lat' dir='ltr'><strong>p.</strong></span> <span class='ocrx_word' id='word_1_537' title='bbox 2995 4305 3118 4362; x_wconf 75' lang='lat'><strong>625.</strong></span> 
     </span>
    </p>
   </div>
   <div class='ocr_carea' id='block_1_82' title="bbox 454 4409 2060 4519">
    <p class='ocr_par' dir='ltr' id='par_1_82' title="bbox 454 4409 2026 4519">
     <span class='ocr_line' id='line_1_83' title="bbox 454 4409 2026 4519; baseline 0.001 -21"><span class='ocrx_word' id='word_1_538' title='bbox 454 4445 735 4515; x_wconf 81' lang='grc' dir='ltr'><strong>Μακάριος</strong></span> <span class='ocrx_word' id='word_1_539' title='bbox 765 4447 795 4499; x_wconf 80' lang='grc' dir='ltr'>ὁ</span> <span class='ocrx_word' id='word_1_540' title='bbox 827 4445 918 4499; x_wconf 81' lang='grc' dir='ltr'><strong>τὸν</strong></span> <span class='ocrx_word' id='word_1_541' title='bbox 960 4445 1072 4514; x_wconf 88' lang='grc' dir='ltr'><strong>βίον</strong></span> <span class='ocrx_word' id='word_1_542' title='bbox 1101 4409 1326 4518; x_wconf 54' lang='lat' dir='ltr'><strong>tenta»,</strong></span> <span class='ocrx_word' id='word_1_543' title='bbox 1378 4446 1539 4519; x_wconf 72' lang='grc' dir='ltr'><strong>ἔχων,</strong></span> <span class='ocrx_word' id='word_1_544' title='bbox 1592 4446 1846 4502; x_wconf 82' lang='grc' dir='ltr'><strong>ταπεινὸν</strong></span> <span class='ocrx_word' id='word_1_545' title='bbox 1889 4447 1948 4501; x_wconf 67' lang='grc' dir='ltr'><strong>δὲ</strong></span> <span class='ocrx_word' id='word_1_546' title='bbox 1979 4445 2026 4500; x_wconf 90' lang='lat' dir='ltr'><strong>D</strong></span> 
     </span>
    </p>
   </div>
   <div class='ocr_carea' id='block_1_83' title="bbox 2016 4409 3622 4519">
    <p class='ocr_par' dir='ltr' id='par_1_83' title="bbox 2016 4444 3622 4517">
     <span class='ocr_line' id='line_1_84' title="bbox 2016 4444 3622 4517; baseline 0.002 -17"><span class='ocrx_word' id='word_1_547' title='bbox 2016 4449 2026 4494; x_wconf 82' lang='lat' dir='ltr'><strong>l</strong></span> <span class='ocrx_word' id='word_1_548' title='bbox 2123 4445 2340 4512; x_wconf 87' lang='lat' dir='ltr'><strong>Beatus,</strong></span> <span class='ocrx_word' id='word_1_549' title='bbox 2362 4446 2457 4517; x_wconf 89' lang='lat' dir='ltr'><strong>qui</strong></span> <span class='ocrx_word' id='word_1_550' title='bbox 2483 4446 2647 4500; x_wconf 90' lang='lat' dir='ltr'><strong>vitam</strong></span> <span class='ocrx_word' id='word_1_551' title='bbox 2681 4445 2844 4501; x_wconf 88' lang='lat' dir='ltr'><strong>habet</strong></span> <span class='ocrx_word' id='word_1_552' title='bbox 2868 4444 3178 4512; x_wconf 88' lang='lat' dir='ltr'><strong>sublimem,</strong></span> <span class='ocrx_word' id='word_1_553' title='bbox 3205 4445 3464 4501; x_wconf 91' lang='lat' dir='ltr'><strong>humllem</strong></span> <span class='ocrx_word' id='word_1_554' title='bbox 3490 4461 3622 4504; x_wconf 84' lang='lat' dir='ltr'><strong>vero</strong></span> 
     </span>
    </p>
   </div>
   <div class='ocr_carea' id='block_1_84' title="bbox 387 4535 1993 4608">
    <p class='ocr_par' dir='ltr' id='par_1_84' title="bbox 387 4535 1955 4608">
     <span class='ocr_line' id='line_1_85' title="bbox 387 4535 1955 4608; baseline 0.001 -19"><span class='ocrx_word' id='word_1_555' title='bbox 387 4537 662 4608; x_wconf 83' lang='grc' dir='ltr'><strong>φρόνημα.</strong></span> <span class='ocrx_word' id='word_1_556' title='bbox 689 4536 920 4605; x_wconf 79' lang='grc' dir='ltr'><strong>Χριστὸν</strong></span> <span class='ocrx_word' id='word_1_557' title='bbox 957 4539 1066 4608; x_wconf 60' lang='grc' dir='ltr'><strong>γὰρ</strong></span> <span class='ocrx_word' id='word_1_558' title='bbox 1102 4539 1369 4608; x_wconf 84' lang='grc' dir='ltr'><strong>μιμεῖται,</strong></span> <span class='ocrx_word' id='word_1_559' title='bbox 1396 4538 1490 4592; x_wconf 75' lang='grc' dir='ltr'><strong>καὶ</strong></span> <span class='ocrx_word' id='word_1_560' title='bbox 1533 4537 1681 4608; x_wconf 82' lang='grc' dir='ltr'><strong>αὐτῷ</strong></span> <span class='ocrx_word' id='word_1_561' title='bbox 1719 4535 1955 4605; x_wconf 68' lang='grc' dir='ltr'><strong>συγκαθη</strong></span> 
     </span>
    </p>
   </div>
   <div class='ocr_carea' id='block_1_85' title="bbox 2017 4535 3623 4608">
    <p class='ocr_par' dir='ltr' id='par_1_85' title="bbox 2055 4535 3623 4603">
     <span class='ocr_line' id='line_1_86' title="bbox 2055 4535 3623 4603; baseline 0.001 -11"><span class='ocrx_word' id='word_1_562' title='bbox 2055 4536 2222 4594; x_wconf 89' lang='lat' dir='ltr'><strong>animi</strong></span> <span class='ocrx_word' id='word_1_563' title='bbox 2269 4550 2511 4593; x_wconf 86' lang='lat' dir='ltr'><strong>sensum.</strong></span> <span class='ocrx_word' id='word_1_564' title='bbox 2562 4535 2839 4590; x_wconf 86' lang='lat' dir='ltr'><strong>Christum</strong></span> <span class='ocrx_word' id='word_1_565' title='bbox 2891 4535 3036 4592; x_wconf 86' lang='lat' dir='ltr'><strong>enim</strong></span> <span class='ocrx_word' id='word_1_566' title='bbox 3083 4535 3347 4603; x_wconf 82' lang='lat' dir='ltr'><strong>imitatur,</strong></span> <span class='ocrx_word' id='word_1_567' title='bbox 3393 4545 3449 4592; x_wconf 89' lang='lat' dir='ltr'><strong>et</strong></span> <span class='ocrx_word' id='word_1_568' title='bbox 3497 4552 3623 4593; x_wconf 89' lang='lat' dir='ltr'><strong>cum</strong></span> 
     </span>
    </p>
   </div>
   <div class='ocr_carea' id='block_1_86' title="bbox 392 4625 1998 4698">
    <p class='ocr_par' dir='ltr' id='par_1_86' title="bbox 392 4630 588 4683">
     <span class='ocr_line' id='line_1_87' title="bbox 392 4630 588 4683; baseline 0 0"><span class='ocrx_word' id='word_1_569' title='bbox 392 4630 588 4683; x_wconf 86' lang='grc' dir='ltr'><strong>ίσεται.</strong></span> 
     </span>
    </p>
   </div>
   <div class='ocr_carea' id='block_1_87' title="bbox 929 4625 2535 4698">
    <p class='ocr_par' dir='ltr' id='par_1_87' title="bbox 2056 4625 2535 4698">
     <span class='ocr_line' id='line_1_88' title="bbox 2056 4625 2535 4698; baseline 0 -18"><span class='ocrx_word' id='word_1_570' title='bbox 2056 4629 2171 4698; x_wconf 86' lang='lat' dir='ltr'><strong>ipso</strong></span> <span class='ocrx_word' id='word_1_571' title='bbox 2210 4625 2535 4682; x_wconf 80' lang='lat' dir='ltr'><strong>eonsidehit.</strong></span> 
     </span>
    </p>
   </div>
   <div class='ocr_carea' id='block_1_88' title="bbox 458 4712 2064 4792">
    <p class='ocr_par' dir='ltr' id='par_1_88' title="bbox 458 4712 1950 4792">
     <span class='ocr_line' id='line_1_89' title="bbox 458 4712 1950 4792; baseline -0.003 -18"><span class='ocrx_word' id='word_1_572' title='bbox 458 4721 741 4792; x_wconf 79' lang='grc' dir='ltr'><strong>Μακάριος</strong></span> <span class='ocrx_word' id='word_1_573' title='bbox 774 4712 834 4773; x_wconf 75' lang='grc' dir='ltr'><strong>οὗ</strong></span> <span class='ocrx_word' id='word_1_574' title='bbox 859 4720 955 4790; x_wconf 86' lang='grc' dir='ltr'><strong>τῆς</strong></span> <span class='ocrx_word' id='word_1_575' title='bbox 984 4720 1226 4788; x_wconf 86' lang='grc' dir='ltr'><strong>γλώττης</strong></span> <span class='ocrx_word' id='word_1_576' title='bbox 1257 4720 1286 4772; x_wconf 81' lang='grc' dir='ltr'><strong>ὁ</strong></span> <span class='ocrx_word' id='word_1_577' title='bbox 1314 4719 1476 4790; x_wconf 84' lang='grc' dir='ltr'><strong>νόμος</strong></span> <span class='ocrx_word' id='word_1_578' title='bbox 1505 4721 1604 4774; x_wconf 81' lang='grc' dir='ltr'><strong>οὐκ</strong></span> <span class='ocrx_word' id='word_1_579' title='bbox 1631 4719 1950 4790; x_wconf 70' lang='grc' dir='ltr'><strong>ἀφίσταται*</strong></span> 
     </span>
    </p>
   </div>
   <div class='ocr_carea' id='block_1_89' title="bbox 2020 4712 3626 4792">
    <p class='ocr_par' dir='ltr' id='par_1_89' title="bbox 2127 4717 3626 4792">
     <span class='ocr_line' id='line_1_90' title="bbox 2127 4717 3626 4792; baseline 0.001 -19"><span class='ocrx_word' id='word_1_580' title='bbox 2127 4719 2346 4782; x_wconf 86' lang='lat' dir='ltr'><strong>Beatus,</strong></span> <span class='ocrx_word' id='word_1_581' title='bbox 2393 4717 2552 4788; x_wconf 84' lang='lat' dir='ltr'><strong>cujus</strong></span> <span class='ocrx_word' id='word_1_582' title='bbox 2596 4733 2628 4772; x_wconf 90' lang='lat' dir='ltr'><strong>a</strong></span> <span class='ocrx_word' id='word_1_583' title='bbox 2675 4718 2858 4790; x_wconf 75' lang='lat' dir='ltr'><strong>lingua</strong></span> <span class='ocrx_word' id='word_1_584' title='bbox 2903 4719 2988 4774; x_wconf 84' lang='lat' dir='ltr'><strong>lex</strong></span> <span class='ocrx_word' id='word_1_585' title='bbox 3020 4734 3125 4775; x_wconf 91' lang='lat' dir='ltr'><strong>non</strong></span> <span class='ocrx_word' id='word_1_586' title='bbox 3164 4718 3368 4782; x_wconf 82' lang='lat' dir='ltr'><strong>delicit,</strong></span> <span class='ocrx_word' id='word_1_587' title='bbox 3397 4718 3467 4773; x_wconf 89' lang='lat' dir='ltr'><strong>ab</strong></span> <span class='ocrx_word' id='word_1_588' title='bbox 3503 4719 3626 4792; x_wconf 87' lang='lat' dir='ltr'><strong>ejus</strong></span> 
     </span>
    </p>
   </div>
   <div class='ocr_carea' id='block_1_90' title="bbox 386 4809 1992 4881">
    <p class='ocr_par' dir='ltr' id='par_1_90' title="bbox 386 4809 1706 4881">
     <span class='ocr_line' id='line_1_91' title="bbox 386 4809 1706 4881; baseline 0.002 -19"><span class='ocrx_word' id='word_1_589' title='bbox 386 4811 574 4865; x_wconf 87' lang='grc' dir='ltr'><strong>τούτου</strong></span> <span class='ocrx_word' id='word_1_590' title='bbox 613 4813 720 4881; x_wconf 77' lang='grc' dir='ltr'><strong>γάρ</strong></span> <span class='ocrx_word' id='word_1_591' title='bbox 751 4811 848 4881; x_wconf 78' lang='grc' dir='ltr'><strong>τῆς</strong></span> <span class='ocrx_word' id='word_1_592' title='bbox 874 4811 1076 4880; x_wconf 83' lang='grc' dir='ltr'><strong>σκηνῆς</strong></span> <span class='ocrx_word' id='word_1_593' title='bbox 1097 4811 1124 4862; x_wconf 83' lang='grc' dir='ltr'><strong>ὁ</strong></span> <span class='ocrx_word' id='word_1_594' title='bbox 1151 4809 1281 4872; x_wconf 78' lang='grc' dir='ltr'><strong>Θεὸς</strong></span> <span class='ocrx_word' id='word_1_595' title='bbox 1307 4811 1368 4865; x_wconf 87' lang='grc' dir='ltr'><strong>οὐ</strong></span> <span class='ocrx_word' id='word_1_596' title='bbox 1398 4811 1706 4880; x_wconf 75' lang='grc' dir='ltr'><strong>χωρίζεται.</strong></span> 
     </span>
    </p>
   </div>
   <div class='ocr_carea' id='block_1_91' title="bbox 1609 4809 3215 4881">
    <p class='ocr_par' dir='ltr' id='par_1_91' title="bbox 1609 4809 3215 4880">
     <span class='ocr_line' id='line_1_92' title="bbox 1609 4809 3215 4880; baseline -0.001 -16"><span class='ocrx_word' id='word_1_597' title='bbox 1609 4829 1706 4865; x_wconf 76' lang='grc' dir='ltr'><strong>ται.</strong></span> <span class='ocrx_word' id='word_1_598' title='bbox 2053 4810 2202 4868; x_wconf 88' lang='lat' dir='ltr'><strong>enim</strong></span> <span class='ocrx_word' id='word_1_599' title='bbox 2235 4810 2582 4865; x_wconf 85' lang='lat' dir='ltr'><strong>tabernaculo</strong></span> <span class='ocrx_word' id='word_1_600' title='bbox 2608 4809 2747 4865; x_wconf 86' lang='lat' dir='ltr'><strong>Deus</strong></span> <span class='ocrx_word' id='word_1_601' title='bbox 2776 4825 2886 4864; x_wconf 88' lang='lat' dir='ltr'><strong>non</strong></span> <span class='ocrx_word' id='word_1_602' title='bbox 2913 4818 3215 4880; x_wconf 80' lang='lat' dir='ltr'><strong>separatur.</strong></span> 
     </span>
    </p>
   </div>
   <div class='ocr_carea' id='block_1_92' title="bbox 456 4895 2062 4972">
    <p class='ocr_par' dir='ltr' id='par_1_92' title="bbox 456 4895 1956 4972">
     <span class='ocr_line' id='line_1_93' title="bbox 456 4895 1956 4972; baseline -0.002 -18"><span class='ocrx_word' id='word_1_603' title='bbox 456 4902 741 4972; x_wconf 83' lang='grc' dir='ltr'><strong>Μακάριος</strong></span> <span class='ocrx_word' id='word_1_604' title='bbox 761 4904 789 4955; x_wconf 83' lang='grc' dir='ltr'>ὁ</span> <span class='ocrx_word' id='word_1_605' title='bbox 813 4901 1034 4962; x_wconf 78' lang='grc' dir='ltr'><strong>πολλοὺς</strong></span> <span class='ocrx_word' id='word_1_606' title='bbox 1059 4898 1312 4952; x_wconf 69' lang='grc' dir='ltr'><strong>εὐποιῶν·</strong></span> <span class='ocrx_word' id='word_1_607' title='bbox 1338 4899 1561 4961; x_wconf 73' lang='grc' dir='ltr'><strong>πολλοὺς</strong></span> <span class='ocrx_word' id='word_1_608' title='bbox 1583 4901 1694 4970; x_wconf 70' lang='grc' dir='ltr'><strong>γὰρ</strong></span> <span class='ocrx_word' id='word_1_609' title='bbox 1710 4895 1956 4970; x_wconf 81' lang='grc' dir='ltr'><strong>εὑρίσκει</strong></span> 
     </span>
    </p>
   </div>
   <div class='ocr_carea' id='block_1_93' title="bbox 2017 4895 3623 4972">
    <p class='ocr_par' dir='ltr' id='par_1_93' title="bbox 2126 4896 3623 4967">
     <span class='ocr_line' id='line_1_94' title="bbox 2126 4896 3623 4967; baseline 0.003 -17"><span class='ocrx_word' id='word_1_610' title='bbox 2126 4896 2340 4963; x_wconf 88' lang='lat' dir='ltr'><strong>Beatus,</strong></span> <span class='ocrx_word' id='word_1_611' title='bbox 2378 4897 2470 4967; x_wconf 91' lang='lat' dir='ltr'><strong>qui</strong></span> <span class='ocrx_word' id='word_1_612' title='bbox 2515 4898 2702 4953; x_wconf 88' lang='lat' dir='ltr'><strong>multis</strong></span> <span class='ocrx_word' id='word_1_613' title='bbox 2732 4897 3032 4952; x_wconf 82' lang='lat' dir='ltr'><strong>beneﬁcum</strong></span> <span class='ocrx_word' id='word_1_614' title='bbox 3063 4912 3122 4952; x_wconf 91' lang='lat' dir='ltr'><strong>se</strong></span> <span class='ocrx_word' id='word_1_615' title='bbox 3152 4904 3390 4966; x_wconf 54' lang='lat' dir='ltr'><strong>pra‘slat,</strong></span> <span class='ocrx_word' id='word_1_616' title='bbox 3425 4898 3623 4955; x_wconf 87' lang='lat' dir='ltr'><strong>multos</strong></span> 
     </span>
    </p>
   </div>
   <div class='ocr_carea' id='block_1_94' title="bbox 388 4983 1994 5060">
    <p class='ocr_par' dir='ltr' id='par_1_94' title="bbox 388 4990 1088 5060">
     <span class='ocr_line' id='line_1_95' title="bbox 388 4990 1088 5060; baseline 0.001 -19"><span class='ocrx_word' id='word_1_617' title='bbox 388 4993 717 5058; x_wconf 81' lang='grc' dir='ltr'><strong>συνηγόρους</strong></span> <span class='ocrx_word' id='word_1_618' title='bbox 751 4990 1088 5060; x_wconf 73' lang='grc' dir='ltr'><strong>κρινόμενος.</strong></span> 
     </span>
    </p>
   </div>
   <div class='ocr_carea' id='block_1_95' title="bbox 1699 4983 3305 5060">
    <p class='ocr_par' dir='ltr' id='par_1_95' title="bbox 2007 4983 3305 5054">
     <span class='ocr_line' id='line_1_96' title="bbox 2007 4983 3305 5054; baseline 0.001 -16"><span class='ocrx_word' id='word_1_619' title='bbox 2007 5007 2014 5009; x_wconf 28' lang='grc' dir='ltr'><em>Α</em></span> <span class='ocrx_word' id='word_1_620' title='bbox 2059 4987 2255 5054; x_wconf 86' lang='lat' dir='ltr'><strong>quippe</strong></span> <span class='ocrx_word' id='word_1_621' title='bbox 2284 4983 2488 5038; x_wconf 86' lang='lat' dir='ltr'><strong>invenit</strong></span> <span class='ocrx_word' id='word_1_622' title='bbox 2511 4985 2822 5049; x_wconf 85' lang='lat' dir='ltr'><strong>advocatos,</strong></span> <span class='ocrx_word' id='word_1_623' title='bbox 2852 4983 2979 5038; x_wconf 87' lang='lat' dir='ltr'><strong>dum</strong></span> <span class='ocrx_word' id='word_1_624' title='bbox 3008 4983 3305 5054; x_wconf 73' lang='lat' dir='ltr'><strong>iudicatur.</strong></span> 
     </span>
    </p>
   </div>
   <div class='ocr_carea' id='block_1_96' title="bbox 457 5072 2063 5152">
    <p class='ocr_par' dir='ltr' id='par_1_96' title="bbox 457 5079 1961 5152">
     <span class='ocr_line' id='line_1_97' title="bbox 457 5079 1961 5152; baseline -0.001 -17"><span class='ocrx_word' id='word_1_625' title='bbox 457 5080 741 5152; x_wconf 73' lang='grc' dir='ltr'><strong>Μακάριος</strong></span> <span class='ocrx_word' id='word_1_626' title='bbox 786 5083 814 5134; x_wconf 87' lang='grc' dir='ltr'>ὁ</span> <span class='ocrx_word' id='word_1_627' title='bbox 849 5081 925 5152; x_wconf 80' lang='grc' dir='ltr'><strong>μὴ</strong></span> <span class='ocrx_word' id='word_1_628' title='bbox 956 5081 1188 5134; x_wconf 86' lang='grc' dir='ltr'><strong>νοθεύων</strong></span> <span class='ocrx_word' id='word_1_629' title='bbox 1229 5080 1448 5152; x_wconf 80' lang='grc' dir='ltr'><strong>ἀρετήν·</strong></span> <span class='ocrx_word' id='word_1_630' title='bbox 1478 5081 1570 5132; x_wconf 83' lang='grc' dir='ltr'><strong>τού</strong></span> <span class='ocrx_word' id='word_1_631' title='bbox 1620 5079 1807 5150; x_wconf 72' lang='grc' dir='ltr'><strong>κριτοῦ</strong></span> <span class='ocrx_word' id='word_1_632' title='bbox 1858 5080 1961 5150; x_wconf 76' lang='grc' dir='ltr'><strong>γὰρ</strong></span> 
     </span>
    </p>
   </div>
   <div class='ocr_carea' id='block_1_97' title="bbox 2018 5072 3624 5152">
    <p class='ocr_par' dir='ltr' id='par_1_97' title="bbox 2128 5072 3624 5148">
     <span class='ocr_line' id='line_1_98' title="bbox 2128 5072 3624 5148; baseline 0.004 -20"><span class='ocrx_word' id='word_1_633' title='bbox 2128 5072 2359 5140; x_wconf 89' lang='lat' dir='ltr'><strong>Beatus,</strong></span> <span class='ocrx_word' id='word_1_634' title='bbox 2411 5076 2503 5146; x_wconf 91' lang='lat' dir='ltr'><strong>qui</strong></span> <span class='ocrx_word' id='word_1_635' title='bbox 2564 5091 2671 5132; x_wconf 91' lang='lat' dir='ltr'><strong>non</strong></span> <span class='ocrx_word' id='word_1_636' title='bbox 2733 5077 3034 5147; x_wconf 86' lang='lat' dir='ltr'><strong>corrumpit</strong></span> <span class='ocrx_word' id='word_1_637' title='bbox 3081 5076 3372 5142; x_wconf 90' lang='lat' dir='ltr'><strong>virtutem,</strong></span> <span class='ocrx_word' id='word_1_638' title='bbox 3420 5077 3624 5148; x_wconf 86' lang='lat' dir='ltr'><strong>judicis</strong></span> 
     </span>
    </p>
   </div>
   <div class='ocr_carea' id='block_1_98' title="bbox 386 5167 1992 5244">
    <p class='ocr_par' dir='ltr' id='par_1_98' title="bbox 386 5171 1132 5244">
     <span class='ocr_line' id='line_1_99' title="bbox 386 5171 1132 5244; baseline 0.001 -20"><span class='ocrx_word' id='word_1_639' title='bbox 386 5174 446 5225; x_wconf 89' lang='grc' dir='ltr'><strong>τὸ</strong></span> <span class='ocrx_word' id='word_1_640' title='bbox 474 5171 638 5226; x_wconf 86' lang='grc' dir='ltr'><strong>πτύον</strong></span> <span class='ocrx_word' id='word_1_641' title='bbox 663 5174 761 5225; x_wconf 85' lang='grc' dir='ltr'><strong>ούκ</strong></span> <span class='ocrx_word' id='word_1_642' title='bbox 785 5174 1132 5244; x_wconf 72' lang='grc' dir='ltr'><strong>ὲμπαίξεται.</strong></span> 
     </span>
    </p>
   </div>
   <div class='ocr_carea' id='block_1_99' title="bbox 1863 5167 3469 5244">
    <p class='ocr_par' dir='ltr' id='par_1_99' title="bbox 2060 5167 3469 5225">
     <span class='ocr_line' id='line_1_100' title="bbox 2060 5167 3469 5225; baseline 0.001 -3"><span class='ocrx_word' id='word_1_643' title='bbox 2060 5168 2201 5222; x_wconf 81' lang='lat' dir='ltr'><strong>enim</strong></span> <span class='ocrx_word' id='word_1_644' title='bbox 2237 5167 2593 5225; x_wconf 85' lang='lat' dir='ltr'><strong>ventilabrum</strong></span> <span class='ocrx_word' id='word_1_645' title='bbox 2625 5185 2733 5224; x_wconf 88' lang='lat' dir='ltr'><strong>non</strong></span> <span class='ocrx_word' id='word_1_646' title='bbox 2763 5169 3024 5224; x_wconf 90' lang='lat' dir='ltr'><strong>illuditur.</strong></span> <span class='ocrx_word' id='word_1_647' title='bbox 3463 5168 3469 5173; x_wconf 84' lang='grc'><em>’</em></span> 
     </span>
    </p>
   </div>
   <div class='ocr_carea' id='block_1_100' title="bbox 457 5259 2063 5338">
    <p class='ocr_par' dir='ltr' id='par_1_100' title="bbox 457 5261 1960 5338">
     <span class='ocr_line' id='line_1_101' title="bbox 457 5261 1960 5338; baseline -0.005 -19"><span class='ocrx_word' id='word_1_648' title='bbox 457 5266 743 5338; x_wconf 82' lang='grc' dir='ltr'><strong>Μακάριος</strong></span> <span class='ocrx_word' id='word_1_649' title='bbox 802 5265 832 5316; x_wconf 81' lang='grc' dir='ltr'>ὁ</span> <span class='ocrx_word' id='word_1_650' title='bbox 895 5265 991 5329; x_wconf 86' lang='grc' dir='ltr'><strong>τὰς</strong></span> <span class='ocrx_word' id='word_1_651' title='bbox 1054 5265 1250 5320; x_wconf 81' lang='grc' dir='ltr'><strong>ἑαυτοῦ</strong></span> <span class='ocrx_word' id='word_1_652' title='bbox 1281 5263 1506 5338; x_wconf 79' lang='grc' dir='ltr'><strong>πράξεις</strong></span> <span class='ocrx_word' id='word_1_653' title='bbox 1561 5261 1960 5331; x_wconf 61' lang='grc' dir='ltr'><strong>κατακοσμῶν</strong></span> 
     </span>
    </p>
   </div>
   <div class='ocr_carea' id='block_1_101' title="bbox 2018 5259 3624 5338">
    <p class='ocr_par' dir='ltr' id='par_1_101' title="bbox 2135 5259 3624 5333">
     <span class='ocr_line' id='line_1_102' title="bbox 2135 5259 3624 5333; baseline 0.001 -18"><span class='ocrx_word' id='word_1_654' title='bbox 2135 5259 2352 5326; x_wconf 86' lang='lat' dir='ltr'><strong>Beatus,</strong></span> <span class='ocrx_word' id='word_1_655' title='bbox 2380 5261 2475 5333; x_wconf 91' lang='lat' dir='ltr'><strong>qui</strong></span> <span class='ocrx_word' id='word_1_656' title='bbox 2504 5276 2632 5316; x_wconf 92' lang='lat' dir='ltr'><strong>suos</strong></span> <span class='ocrx_word' id='word_1_657' title='bbox 2653 5269 2809 5316; x_wconf 90' lang='lat' dir='ltr'><strong>actus</strong></span> <span class='ocrx_word' id='word_1_658' title='bbox 2835 5260 3083 5333; x_wconf 82' lang='lat' dir='ltr'><strong>adornat,</strong></span> <span class='ocrx_word' id='word_1_659' title='bbox 3123 5261 3451 5316; x_wconf 85' lang='lat' dir='ltr'><strong>accendetur</strong></span> <span class='ocrx_word' id='word_1_660' title='bbox 3481 5261 3624 5317; x_wconf 90' lang='lat' dir='ltr'><strong>enim</strong></span> 
     </span>
    </p>
   </div>
   <div class='ocr_carea' id='block_1_102' title="bbox 389 5350 1995 5431">
    <p class='ocr_par' dir='ltr' id='par_1_102' title="bbox 389 5352 1957 5431">
     <span class='ocr_line' id='line_1_103' title="bbox 389 5352 1957 5431; baseline -0.001 -21"><span class='ocrx_word' id='word_1_661' title='bbox 389 5356 574 5427; x_wconf 80' lang='grc' dir='ltr'><strong>μέλλει</strong></span> <span class='ocrx_word' id='word_1_662' title='bbox 618 5360 726 5429; x_wconf 74' lang='grc' dir='ltr'><strong>γὰρ</strong></span> <span class='ocrx_word' id='word_1_663' title='bbox 772 5357 884 5431; x_wconf 80' lang='grc' dir='ltr'><strong>πῦρ</strong></span> <span class='ocrx_word' id='word_1_664' title='bbox 948 5357 1278 5428; x_wconf 80' lang='grc' dir='ltr'><strong>ἀναφθῆναι,</strong></span> <span class='ocrx_word' id='word_1_665' title='bbox 1327 5352 1371 5423; x_wconf 85' lang='grc' dir='ltr'>ᾧ</span> <span class='ocrx_word' id='word_1_666' title='bbox 1412 5358 1481 5410; x_wconf 81' lang='grc' dir='ltr'><strong>τὰ</strong></span> <span class='ocrx_word' id='word_1_667' title='bbox 1514 5358 1692 5412; x_wconf 83' lang='grc' dir='ltr'><strong>πάντα</strong></span> <span class='ocrx_word' id='word_1_668' title='bbox 1728 5355 1957 5424; x_wconf 81' lang='grc' dir='ltr'><strong>δοκιμά-</strong></span> 
     </span>
    </p>
   </div>
   <div class='ocr_carea' id='block_1_103' title="bbox 1305 5350 2911 5431">
    <p class='ocr_par' dir='ltr' id='par_1_103' title="bbox 1327 5350 2911 5424">
     <span class='ocr_line' id='line_1_104' title="bbox 1327 5350 2911 5424; baseline -0.004 -14"><span class='ocrx_word' id='word_1_669' title='bbox 1327 5352 1371 5423; x_wconf 86' lang='grc' dir='ltr'>ᾧ</span> <span class='ocrx_word' id='word_1_670' title='bbox 1412 5358 1481 5410; x_wconf 81' lang='grc' dir='ltr'><strong>τὰ</strong></span> <span class='ocrx_word' id='word_1_671' title='bbox 1514 5358 1692 5412; x_wconf 83' lang='grc' dir='ltr'><strong>πάντα</strong></span> <span class='ocrx_word' id='word_1_672' title='bbox 1728 5355 1957 5424; x_wconf 75' lang='grc' dir='ltr'><strong>δοκιμάο</strong></span> <span class='ocrx_word' id='word_1_673' title='bbox 2065 5350 2225 5422; x_wconf 76' lang='lat' dir='ltr'><strong>ignis,</strong></span> <span class='ocrx_word' id='word_1_674' title='bbox 2245 5367 2354 5422; x_wconf 90' lang='lat' dir='ltr'><strong>quo</strong></span> <span class='ocrx_word' id='word_1_675' title='bbox 2383 5352 2680 5421; x_wconf 87' lang='lat' dir='ltr'><strong>probantur</strong></span> <span class='ocrx_word' id='word_1_676' title='bbox 2709 5351 2911 5406; x_wconf 88' lang='lat' dir='ltr'><strong>omnia.</strong></span> 
     </span>
    </p>
   </div>
   <div class='ocr_carea' id='block_1_104' title="bbox 421 5466 561 5503">
    <p class='ocr_par' dir='ltr' id='par_1_104' title="bbox 421 5466 561 5503">
     <span class='ocr_line' id='line_1_105' title="bbox 421 5466 561 5503; baseline 0.007 -1"><span class='ocrx_word' id='word_1_677' title='bbox 421 5466 561 5503; x_wconf 88' lang='grc' dir='ltr'><strong>εται.</strong></span> 
     </span>
    </p>
   </div>
   <div class='ocr_carea' id='block_1_105' title="bbox 386 5450 1992 5612">
    <p class='ocr_par' dir='ltr' id='par_1_105' title="bbox 386 5450 1964 5612">
     <span class='ocr_line' id='line_1_106' title="bbox 386 5450 561 5515; baseline 0.006 -13"><span class='ocrx_word' id='word_1_678' title='bbox 386 5450 561 5515; x_wconf 62' lang='lat' dir='ltr'><strong>(erat.</strong></span> 
     </span>
     <span class='ocr_line' id='line_1_107' title="bbox 457 5533 1964 5612; baseline -0.004 -19"><span class='ocrx_word' id='word_1_679' title='bbox 457 5542 744 5612; x_wconf 72' lang='grc' dir='ltr'><strong>Μακάριος</strong></span> <span class='ocrx_word' id='word_1_680' title='bbox 770 5542 798 5594; x_wconf 81' lang='grc' dir='ltr'>ὁ</span> <span class='ocrx_word' id='word_1_681' title='bbox 831 5540 1075 5594; x_wconf 84' lang='grc' dir='ltr'><strong>σπεύδων</strong></span> <span class='ocrx_word' id='word_1_682' title='bbox 1105 5540 1242 5612; x_wconf 77' lang='grc' dir='ltr'><strong>πρὸς</strong></span> <span class='ocrx_word' id='word_1_683' title='bbox 1286 5539 1383 5608; x_wconf 81' lang='grc' dir='ltr'><strong>τὴν</strong></span> <span class='ocrx_word' id='word_1_684' title='bbox 1425 5535 1568 5608; x_wconf 78' lang='grc' dir='ltr'><strong>ζωὴν</strong></span> <span class='ocrx_word' id='word_1_685' title='bbox 1608 5537 1708 5606; x_wconf 74' lang='grc' dir='ltr'><strong>τὴν</strong></span> <span class='ocrx_word' id='word_1_686' title='bbox 1740 5533 1964 5604; x_wconf 75' lang='grc' dir='ltr'><strong>μέλλου-</strong></span> 
     </span>
    </p>
   </div>
   <div class='ocr_carea' id='block_1_106' title="bbox 2017 5450 3623 5612">
    <p class='ocr_par' dir='ltr' id='par_1_106' title="bbox 2135 5525 3623 5598">
     <span class='ocr_line' id='line_1_108' title="bbox 2135 5525 3623 5598; baseline 0.005 -19"><span class='ocrx_word' id='word_1_687' title='bbox 2135 5527 2332 5582; x_wconf 87' lang='lat' dir='ltr'><strong>Beatus</strong></span> <span class='ocrx_word' id='word_1_688' title='bbox 2363 5529 2454 5598; x_wconf 86' lang='lat' dir='ltr'><strong>qui</strong></span> <span class='ocrx_word' id='word_1_689' title='bbox 2501 5528 2719 5584; x_wconf 80' lang='lat' dir='ltr'><strong>festinat</strong></span> <span class='ocrx_word' id='word_1_690' title='bbox 2762 5529 2828 5583; x_wconf 87' lang='lat' dir='ltr'><strong>ad</strong></span> <span class='ocrx_word' id='word_1_691' title='bbox 2861 5525 3025 5580; x_wconf 85' lang='lat' dir='ltr'><strong>vitam</strong></span> <span class='ocrx_word' id='word_1_692' title='bbox 3066 5527 3340 5594; x_wconf 80' lang='lat' dir='ltr'><strong>futuram,</strong></span> <span class='ocrx_word' id='word_1_693' title='bbox 3383 5529 3623 5587; x_wconf 83' lang='lat' dir='ltr'><strong>redolent</strong></span> 
     </span>
    </p>
   </div>
   <div class='ocr_carea' id='block_1_107' title="bbox 387 5618 1993 5708">
    <p class='ocr_par' dir='ltr' id='par_1_107' title="bbox 387 5626 1963 5708">
     <span class='ocr_line' id='line_1_109' title="bbox 387 5626 1963 5708; baseline -0.005 -20"><span class='ocrx_word' id='word_1_694' title='bbox 387 5651 508 5688; x_wconf 85' lang='grc' dir='ltr'><strong>σαν·</strong></span> <span class='ocrx_word' id='word_1_695' title='bbox 545 5635 612 5689; x_wconf 80' lang='grc' dir='ltr'><strong>τὰ</strong></span> <span class='ocrx_word' id='word_1_696' title='bbox 640 5635 883 5708; x_wconf 78' lang='grc' dir='ltr'><strong>παρόντα</strong></span> <span class='ocrx_word' id='word_1_697' title='bbox 915 5635 1021 5705; x_wconf 68' lang='grc' dir='ltr'><strong>γάρ</strong></span> <span class='ocrx_word' id='word_1_698' title='bbox 1044 5633 1156 5699; x_wconf 73' lang='grc' dir='ltr'><strong>ὄζει</strong></span> <span class='ocrx_word' id='word_1_699' title='bbox 1194 5631 1287 5702; x_wconf 62' lang='grc' dir='ltr'><strong>φοι</strong></span> <span class='ocrx_word' id='word_1_700' title='bbox 1301 5633 1416 5702; x_wconf 83' lang='grc' dir='ltr'><strong>ρᾶς,</strong></span> <span class='ocrx_word' id='word_1_701' title='bbox 1449 5631 1540 5685; x_wconf 76' lang='grc' dir='ltr'><strong>καὶ</strong></span> <span class='ocrx_word' id='word_1_702' title='bbox 1572 5628 1709 5698; x_wconf 84' lang='grc' dir='ltr'><strong>πρὸς</strong></span> <span class='ocrx_word' id='word_1_703' title='bbox 1739 5626 1963 5680; x_wconf 79' lang='grc' dir='ltr'><strong>θάνατον</strong></span> 
     </span>
    </p>
   </div>
   <div class='ocr_carea' id='block_1_108' title="bbox 2021 5618 3627 5708">
    <p class='ocr_par' dir='ltr' id='par_1_108' title="bbox 2065 5618 3627 5689">
     <span class='ocr_line' id='line_1_110' title="bbox 2065 5618 3627 5689; baseline 0.007 -18"><span class='ocrx_word' id='word_1_704' title='bbox 2065 5634 2269 5688; x_wconf 85' lang='lat' dir='ltr'><strong>qu;ppc</strong></span> <span class='ocrx_word' id='word_1_705' title='bbox 2317 5620 2602 5689; x_wconf 75' lang='lat' dir='ltr'><strong>przesentia</strong></span> <span class='ocrx_word' id='word_1_706' title='bbox 2652 5618 3088 5689; x_wconf 89' lang='lat' dir='ltr'><strong>corruptionem,</strong></span> <span class='ocrx_word' id='word_1_707' title='bbox 3161 5628 3213 5676; x_wconf 81' lang='lat' dir='ltr'><strong>et</strong></span> <span class='ocrx_word' id='word_1_708' title='bbox 3271 5621 3337 5677; x_wconf 88' lang='lat' dir='ltr'><strong>ad</strong></span> <span class='ocrx_word' id='word_1_709' title='bbox 3402 5632 3627 5681; x_wconf 88' lang='lat' dir='ltr'><strong>mortem</strong></span> 
     </span>
    </p>
   </div>
   <div class='ocr_carea' id='block_1_109' title="bbox 387 5718 1993 5785">
    <p class='ocr_par' dir='ltr' id='par_1_109' title="bbox 387 5727 556 5785">
     <span class='ocr_line' id='line_1_111' title="bbox 387 5727 556 5785; baseline 0.018 -4"><span class='ocrx_word' id='word_1_710' title='bbox 387 5727 556 5785; x_wconf 68' lang='grc' dir='ltr'><strong>ἕλκει.</strong></span> 
     </span>
    </p>
   </div>
   <div class='ocr_carea' id='block_1_110' title="bbox 704 5718 2310 5785">
    <p class='ocr_par' dir='ltr' id='par_1_110' title="bbox 2067 5718 2310 5771">
     <span class='ocr_line' id='line_1_112' title="bbox 2067 5718 2310 5771; baseline -0.012 0"><span class='ocrx_word' id='word_1_711' title='bbox 2067 5718 2310 5771; x_wconf 83' lang='lat' dir='ltr'><strong>trahunt.</strong></span> 
     </span>
    </p>
   </div>
  </div>
