4066 6146
396 351 534 416 1265

1887 352 2163 415 SERMO.

3508 348 3645 415 120.6

392 476 502 515 των
546 459 760 530 κτῆσιν,
813 460 1120 532 προκόψασι
1158 460 1236 525 δὲ,
1284 462 1376 514 καὶ
1405 461 1502 532 τὴν
1538 461 1741 515 τούτων
1784 459 1972 515 λοιπὸν

2106 461 2236 527 iam,
2285 459 2489 516 talibus
2528 462 2796 517 emulceat
2838 459 3014 515 verbis
3045 460 3190 515 eﬂ'ati
3240 458 3643 532 dilﬁeultatenr;

395 552 497 607 οὐκ
529 552 933 624 ἐπιδεχομένοις
965 551 1188 623 βλάϐην,
1234 553 1518 625 ἐπιτρέπει
1550 554 1758 618 τούτοις
1803 553 1974 617 ἀδεῶς

398 642 558 711 αὖθις
585 648 904 719 κεχρῆσθαι,
945 648 1044 702 οὐκ
1072 647 1150 701 ἔτι
1181 648 1323 703 κατά
1351 649 1477 712 τοὺς
1510 648 1738 713 πολλοὺς
1762 646 1843 721 τῷ
1871 651 1975 719 ἀρ-

402 740 577 811 γυρίῳ
612 741 1098 810 προπάσχοντας,
1144 740 1263 794 οὐδὲ
1324 740 1659 812 νικωμένους
1711 741 1977 810 φιλαργυ-

405 831 528 904 ρίας
557 832 763 905 ἀπάτῃ,
809 833 974 902 φησιν
1022 832 1155 885 καί·
1212 850 1231 884 ι
1270 832 1439 887 Ὅταν
1487 831 1783 886 ἀπέστειλα
1835 831 1978 905 ὑμᾶς

405 923 574 995 χωρὶς
602 922 885 993 βαλαντίου
926 923 1020 976 καὶ
1051 923 1255 994 πήρας,
1311 924 1385 996 μή
1420 941 1564 988 τινος
1599 923 1975 995 ὑ’στερήσατε;

407 1010 500 1065 νῦν
527 1011 585 1064 δέ
612 1010 754 1078 λέγω
780 1012 929 1082 ὑμῖν⁹
973 1011 1037 1065 Ὁ
1077 1012 1218 1083 ἔχων
1248 1011 1553 1083 βαλάντιον,
1598 1010 1834 1077 λαϐέτω,
1884 1008 1980 1064 καὶ

407 1103 591 1173 πήραν
639 1102 859 1173 ὁμοίως.
900 1123 921 1154 ι
964 1104 1113 1159 Ἔδει
1145 1104 1256 1175 γὰρ
1283 1104 1478 1167 αὖτοὺς
1516 1106 1573 1157 ἐν
1620 1103 1775 1174 ἀρχῇ
1814 1102 1981 1173 μηδὲν

407 1194 870 1264 ἐπιφερομένους,
918 1198 1114 1267 πεῖραν
1160 1194 1347 1249 λαϐεῖν
1376 1195 1475 1266 τῆς
1515 1193 1610 1249 τοῦ
1658 1193 1981 1248 διδασκάλου

407 1285 707 1355 δυνάμεως,
757 1287 1144 1359 σχεδιαζούσης
1183 1288 1367 1351 αὐτοῖς
1407 1287 1755 1356 καθεκάστην
1784 1286 1983 1358 ἀμερί-

413 1393 559 1447 μνως
588 1376 689 1447 τὴν
721 1378 912 1448 χρείαν
948 1378 1043 1432 τοῦ
1093 1379 1361 1449 σώματος.
1414 1381 1489 1434 Οὐ
1525 1380 1685 1449 μόνον
1712 1379 1769 1432 δέ
1800 1380 1983 1444 τοῦτο,

409 1468 544 1523 ἀλλὰ
590 1469 683 1523 καὶ
731 1470 792 1523 τὸ
823 1470 930 1541 πρὸ
981 1471 1178 1542 μικροῦ
1222 1473 1534 1543 εἰρημένον,
1580 1472 1667 1524 ἵνα
1703 1473 1984 1541 ἐγγυμνα-

413 1560 630 1623 σθέντες
660 1562 728 1630 τῇ
759 1560 1131 1633 ἀκτημοσύνῃ,
1160 1561 1275 1626 ἕξιν
1307 1560 1511 1631 ταύτης
1549 1560 1757 1615 λάϐωσι
1784 1560 1985 1632 δυσμε-

410 1650 718 1722 τακίνητον,
748 1652 807 1706 τὸ
826 1652 1177 1723 ἀπροσπαθὲς
1200 1654 1560 1718 ἐαυτοίς·κατ⁹
1585 1653 1762 1721 ὀλίγον
1791 1668 1987 1723 κατορο

414 1742 703 1809 θώσαντες,
732 1743 820 1798 διὰ
843 1743 942 1815 τὴν
971 1743 1199 1808 πολλοὺς
1227 1745 1572 1798 ἀπολέσασαν
1594 1743 1981 1814 φιλαργυρίαν.

412 1833 558 1905 Αὕτη
605 1798 742 1906 γάῤ,
779 1798 1018 1890 κάλ’τδν
1070 1798 1273 1890 Ἰούδαν
1321 1837 1403 1899 εἰς
1446 1835 1508 1890 τὸ
1553 1798 1653 1906 της
1697 1798 1987 1906 τὲρὲδὲσιαξ
2017 1798 2060 1853 Β

414 1922 681 1979 κατέϐαλε
729 1923 1038 1996 βάραθρον,
1082 1925 1400 1979 ἐνεθίσαντα
1452 1928 1564 1988 τοῖς
1601 1925 1878 1995 χρήμασιν
1921 1927 1990 1979 ἐκ

412 2013 504 2067 τοῦ
539 2015 894 2070 πεπιστεῦθαι
918 2016 981 2070 τὸ
1009 2015 1110 2086 τῆς
1138 2015 1411 2079 διακονίας
1436 2017 1781 2071 τῶνπιστῶν
1807 2017 2006 2087 γλωσ-·

414 2105 668 2175 σόκομον.

2074 554 2222 624 quod
2269 552 2476 607 scilicet
2523 553 2783 624 apostolis
2832 553 3217 624 incipientibus
3261 553 3480 624 quidem
3535 559 3649 628 pie.

2077 644 2203 699 tatis
2257 643 2548 713 cultusque
2587 643 2756 698 divini
2786 643 3026 699 studium
3074 641 3337 698 Dominus
3365 654 3648 713 pauperta-

2076 741 2186 790 tem
2220 731 2522 798 mandavit,
2568 732 2755 788 volens
2807 741 2868 787 ut
2895 732 2997 787 soli
3038 743 3297 789 vacarent
3340 732 3675 788 divinarum-

2076 822 2493 894 disciplinarum
2541 820 2902 888 meditationi,
2956 820 3246 893 sciensque
3280 822 3648 893 imperfectiu-

2075 914 2232 972 rib‘us
2260 914 2624 985 periculosam
2662 928 2782 971 esse
2823 915 3174 984 pecuniarum
3218 914 3687 985 possessionem:-

2078 1019 2136 1066 at
2170 1009 2282 1080 jam
2311 1022 2661 1079 progressum
2699 1006 3045 1075 facientibus,
3086 1021 3399 1078 noxamque
3425 1021 3492 1062 ex
3542 1007 3652 1062 illis

2080 1101 2148 1158 de
2179 1109 2387 1156 caetero.
2410 1100 2613 1155 nullam
2649 1099 3083 1166 admittentibus,
3114 1100 3400 1171 permittit,
3432 1109 3491 1153 ut
3520 1098 3652 1169 ipsis

2082 1195 2308 1249 licenter
2362 1192 2692 1261 impuneque
2746 1191 2944 1246 iterum
3006 1198 3251 1257 utantur,
3299 1199 3488 1261 utpote
3559 1189 3653 1259 qui

2085 1299 2195 1338 non
2226 1282 2460 1353 amplius
2488 1281 2573 1352 (ut
2601 1281 2756 1336 multi
2782 1282 3042 1352 assolent)
3072 1290 3296 1351 argento
3320 1282 3658 1336 adhreresee-

2085 1376 2216 1431 bant
2264 1387 2387 1430 cum
2430 1372 2706 1444 passione,
2745 1386 2922 1442 neque
2950 1372 3020 1426 ab
3063 1370 3307 1427 avaritiae
3336 1370 3658 1440 deceptione

2084 1464 2480 1529 vincebantur;
2507 1470 2562 1517 et
2597 1461 2707 1516 ait:
2765 1480 2784 1513 ι
2812 1460 3043 1528 Quando
3090 1461 3215 1515 misi
3247 1474 3342 1515 vos
3376 1459 3495 1515 sine
3532 1474 3659 1514 sac-

2084 1554 2210 1610 culo
2263 1560 2318 1608 et
2347 1567 2497 1623 pera,
2533 1551 2781 1622 nunquid
2824 1551 3028 1621 aliquid
3067 1549 3241 1605 defuit
3288 1550 3480 1605 vobis?
3510 1564 3660 1603 nunc

2086 1652 2267 1699 autem
2307 1643 2430 1698 dico
2469 1641 2648 1706 vobis,
2679 1640 2774 1711 qui
2820 1639 2984 1695 habet
3028 1638 3307 1713 sacculum
3347 1638 3581 1707 accipiat
3608 1645 3673 1691 et

2091 1751 2275 1806 peram
2303 1733 2642 1792 similiter”.
2663 1751 2682 1785 ι
2700 1732 3208 1803 Oportebatquippe
3226 1732 3372 1800 ipsos
3398 1730 3663 1788 initioni:

2096 1826 2170 1881 hil
2227 1824 2699 1889 circumferendo,
2744 1823 3133 1893 experientiam
3181 1821 3361 1877 facere
3421 1819 3684 1889 Magistri.

2092 1916 2381 1987 potentiae,
2425 1930 2548 1985 qute
2589 1914 2722 1986 ipsis
2765 1928 3107 1984 quaecunque
3142 1902 3298 1968 erant
3325 1911 3568 1983 quotidie
3598 1911 3665 1964 ad

2092 2012 2340 2082 corporis
2369 2007 2719 2079 indigentiam
2748 2005 3095 2072 necessaria,
3120 2003 3570 2060 subministrabat
3600 2016 3689 2054 ex.

2093 2115 2356 2174 tempore.
2388 2099 2588 2155 Verum
2613 2113 2722 2153 non
2747 2097 2925 2153 solum
2961 2097 3083 2162 hoc,
3118 2095 3211 2153 sed
3243 2102 3298 2151 et
3333 2093 3476 2165 quod
3511 2092 3672 2162 pallia

413 2205 540 2250 ante
576 2196 783 2253 dictum
817 2197 938 2262 fuit,
971 2206 1031 2253 ut
1071 2199 1328 2253 nimirum
1359 2199 1695 2267 paupertatis
1727 2200 1988 2256 exercitio
2021 2198 2258 2272 probati,
2287 2193 2452 2266 hujus
2502 2190 2750 2246 habitum
2788 2197 3188 2259 compararent,
3217 2187 3312 2256 qui
3374 2186 3665 2244 dillicultcr

416 2289 612 2345 minari
669 2299 874 2360 posset,
929 2290 1284 2362 sibimetipsis
1332 2290 1586 2361 paulatim
1638 2291 1983 2361 perﬁcientcs
2023 2291 2343 2364 passionum
2372 2284 2695 2352 carentiam,
2731 2291 2950 2354 propter
3006 2281 3318 2343 avaritiam,
3360 2295 3482 2348 quae
3557 2282 3670 2349 plu-

418 2381 589 2434 rimos
671 2381 935 2450 perdidit;
1001 2382 1125 2450 ipsa
1143 2395 1375 2451 namque
1412 2391 1468 2436 et
1498 2379 1695 2435 Judam
1742 2382 1799 2436 in
1846 2381 2055 2438 foveam
2095 2378 2418 2454 proditionis
2452 2376 2561 2447 egit
2607 2373 2959 2446 przecipitem,
2995 2373 3242 2444 pecuniis
3265 2374 3660 2437 assuefactunr,

416 2487 480 2527 ex
505 2488 573 2526 eo
600 2471 745 2542 quod
774 2470 875 2539 ipsi
901 2471 1239 2541 marsupium
1262 2470 1553 2526 ministerii
1582 2471 1822 2527 lidelium
1851 2472 2045 2530 fuisset
2070 2468 2467 2528 concreditum.

1022 2606 1269 2660 ΚΕΦᾹΛ.
1298 2606 1373 2662 B'.

488 2748 602 2802 Ούκ
621 2742 737 2801 οἶδα
764 2746 821 2799 δὲ
844 2745 1051 2807 λοιπὸν,
1082 2744 1213 2815 περὶ
1240 2744 1354 2807 τοῦ,
1391 2766 1409 2799 ι
1450 2746 1510 2799 ὐ
1542 2745 1681 2817 ἔχων
1709 2746 1986 2818 μάχαιραν

421 2839 650 2897 λαϐέτω.
683 2838 778 2891 καὶ
802 2839 830 2890 ὁ
861 2838 934 2907 μὴ
961 2836 1099 2905 ἔχων
1133 2836 1444 2907 πωλησάτω
1485 2838 1549 2891 τὸ
1619 2838 1832 2908 ἱμάτιον
1888 2838 1988 2891 αύ-

423 2928 541 2993 τοῦ,
581 2929 672 2982 καὶ
691 2928 1014 2998 ἀτορασάτω
1046 2929 1341 2998 μάχαιραν,
1391 2947 1410 2980 ι
1443 2928 1558 2992 πῶς
1586 2930 1987 2999 ἀπολογήσεται

2708 2595 2935 2653 CAPUT
2999 2593 3065 2651 ll.

2164 2736 2430 2797 Caeterum
2482 2732 2659 2807 [circa
2723 2734 2867 2794 huc,
2906 2744 2927 2777 ι
2999 2723 3105 2795 Qui
3178 2723 3341 2779 habet
3390 2720 3668 2795 gladium,

2094 2836 2360 2894 assumat,
2418 2832 2477 2881 et
2532 2822 2627 2893 qui
2704 2836 2811 2875 non
2877 2817 3060 2883 habet,
3121 2814 3323 2871 vendat
3377 2814 3674 2870 vestimen-

2095 2930 2212 2977 tum
2253 2932 2414 2973 suum
2435 2953 2452 2981 ,
2484 2922 2540 2970 et
2591 2919 2739 2968 emat
2780 2909 3015 2983 gladium
3042 2948 3058 2975 ,
3092 2926 3112 2960 ι
3136 2907 3323 2963 nescio
3380 2920 3677 2977 quamnam

424 3022 453 3073 6
476 3020 575 3088 τῆς
627 2996 868 3089 ἱστορίας
912 2996 1309 3089 προϊστάμενος
1351 3019 1661 3090 εἰρηνικοὺς
1703 2996 1844 3073 εἶναι
1893 3018 1986 3072 τοῦ

2099 3009 2425 3067 defensivam
2503 3002 2914 3073 responsionem
3004 2999 3193 3065 dabit,
3265 2996 3359 3069 qui
3434 2996 3678 3051 litteram

430 3110 656 3181 Κυρίου,
716 3110 813 3163 καὶ
857 3110 1123 3173 ἐπιεικεῖς
1169 3110 1445 3179 πανταχοῦ
1497 3109 1984 3180 βουλομένουλτοὺς
2034 3122 2039 3123 ⁷

429 3201 700 3272 μαθητάς.
718 3201 862 3272 -Φέρε
890 3200 955 3271 δὴ
978 3197 1073 3254 οὖν
1093 3199 1312 3270 ἴδωμεν,
1348 3200 1465 3264 πῶς
1504 3201 1565 3255 τὸ
1600 3201 1732 3257 αὐτὸ
1758 3200 1992 3278 ⁴ιτρόστα⁴

424 3306 562 3359 γμα,
596 3287 926 3358 σωματικῶς
961 3289 1081 3359 μὲν,
1111 3288 1206 3342 καὶ
1231 3289 1369 3359 πρὸς
1408 3288 1557 3356 λέξιν
1610 3288 1761 3342 ἐστὶν
1791 3286 1991 3342 ἀδύνα-

424 3397 537 3448 τον,
565 3379 949 3451 πνευματικῶς
997 3379 1056 3433 δέ
1102 3381 1200 3433 καὶ
1243 3379 1494 3446 δυνατὸν,
1549 3380 1646 3436 καὶ
1694 3379 1991 3449 ὠφέλιμον.

440 3473 635 3541 Ἑγγὺς
665 3472 757 3526 τοῦ
782 3472 989 3536 πάθους
1016 3471 1305 3542 γενόμενος
1332 3472 1363 3525 ὁ
1391 3470 1621 3543 Κύριος,
1650 3471 1744 3529 καὶ
1785 3470 1996 3542 μέλλων

428 3566 508 3635 τῷ
547 3564 764 3635 σταυρῷ
794 3563 1218 3635 προσέρχεσθαι,
1263 3564 1522 3634 ἐπιϐουλῇ
1562 3563 1662 3634 μὶν
1700 3562 1808 3617 τῶν
1861 3563 1995 3615 Ἰου-

429 3655 613 3717 δαίων,
640 3654 834 3727 γνώμῃ
851 3654 912 3708 δὲ
928 3653 1103 3725 οἰκείᾳ
1117 3653 1207 3709 διὰ
1231 3653 1329 3724 τὴν
1359 3654 1629 3724 σωτήριον
1658 3652 1996 3723 οἰκονομίαν,

429 3746 599 3802 ταῦτά
660 3762 848 3818 φησιν,
896 3742 1336 3816 παρασκευάζων
1412 3744 1551 3815 πρὸς
1629 3743 1808 3814 μάχην
1865 3743 1995 3805 τοὺς

431 3837 703 3909 μαθητὰς,
760 3835 870 3890 τῶν
928 3835 1558 3907 ἀντιπαρατασσομένων
1603 3835 1673 3906 τῇ
1730 3831 1996 3903 ἀληθείᾳ,

433 3932 611 4000 μάχην
676 3929 779 3982 οὐκ
834 3926 1156 3999 ἐρέσχελον,
1209 3924 1447 3980 διάθεσιν
1519 3920 2001 3993 στρατηγουμένην

431 4020 607 4091 θυμῷ,
653 4019 767 4073 ἀλλ’
824 4019 1040 4087 ἀγῶνος
1111 4017 1348 4089 ἅμιλλαν
1418 4014 1631 4079 ἐνθέου,
1689 4017 1785 4066 καὶ
1843 4009 2003 4081 ζῆλον

432 4111 742 4174 θεοσεϐείας
767 4109 993 4180 ἔχουσαν
1018 4107 1436 4180 πεπυρωμένον
1461 4104 1608 4178 ἐώρα
1632 4104 1740 4178 γὰρ
1762 4105 1863 4176 ἠδη
1880 4103 2004 4167 τοὺς

433 4203 673 4265 ἀναιδεῖς
692 4202 859 4265 κύνας
894 4201 1180 4264 Ἰουδαίους
1200 4200 1527 4263 λυσσῶντας
1561 4196 1703 4252 κατὰ
1732 4197 1832 4266 τῆς
1857 4190 2006 4258 θείας

433 4291 802 4354 διδασκαλίας,
830 4291 925 4344 καὶ
946 4291 1240 4345 καταλύειν
1280 4287 1611 4350 σπεύδοντας
1642 4286 1704 4340 τὸ
1736 4286 2003 4355 σωτήριον

2096 3103 2304 3153 tutatur
2365 3089 2719 3155 historicam;
2786 3102 2910 3142 cum
2969 3084 3232 3140 Dominus
3274 3082 3673 3153 velit,'pacitl-

2093 3203 2187 3244 cos
2236 3193 2290 3241 et
2342 3182 2604 3252 benignos
2646 3194 2767 3235 esse
2805 3177 2970 3251 578
3008 3175 3306 3247 discipulos
3339 3173 3671 3243 ubicunque.

2098 3281 2212 3350 Age
2234 3276 2397 3349 igitur
2426 3274 2725 3336 videamus,
2748 3270 2891 3342 quod
2918 3274 3252 3341 praeceptum
3277 3266 3383 3321 hoc
3417 3279 3675 3335 corpora-

2096 3373 2242 3438 liter,
2266 3379 2319 3426 et
2346 3368 2414 3425 ad
2444 3365 2668 3423 verbum
2703 3366 2776 3421 sit
2807 3360 3166 3433 impossibile,
3196 3357 3554 3430 spiritualiter
3574 3372 3675 3412 auo

2097 3476 2229 3531 tem,
2246 3472 2302 3519 et
2324 3460 2605 3534 possibile.
2626 3466 2682 3514 et
2703 3456 2858 3512 utile.
2885 3453 3150 3509 Dominus
3175 3467 3296 3508 cum
3321 3466 3434 3507 sum
3454 3444 3675 3520 propin-

2096 3570 2239 3624 qnus
2254 3559 2403 3609 esset
2421 3546 2687 3621 passioni,
2714 3556 2768 3601 et
2788 3543 2855 3600 ad
2877 3558 3095 3599 erucem
3123 3555 3446 3624 accessurus
3466 3537 3678 3616 Judreu.

2102 3661 2222 3702 rum
2246 3643 2467 3715 quidem
2503 3639 2739 3702 insidiis,
2766 3645 2823 3693 at
2853 3653 2920 3693 ex
2959 3624 3166 3707 prOprii
3208 3616 3375 3689 animi
3408 3629 3681 3687 sententia

2102 3742 2324 3806 propter
2368 3730 2595 3787 humani
2642 3726 2855 3799 generis
2897 3728 3137 3782 salutare
3179 3723 3536 3795 mysterium,
3565 3720 3684 3774 haec

2103 3826 2259 3892 dicit,
2308 3836 2619 3894 praeparans
2659 3818 2727 3874 ad
2773 3818 3016 3889 praelium
3079 3816 3375 3885 discipulos
3425 3814 3683 3866 adversus

2103 3931 2199 3972 eos
2258 3913 2353 3984 qui
2401 3920 2589 3969 contra
2652 3909 2933 3964 veritatem
2992 3907 3255 3962 instructa
3310 3905 3683 3960 consistebant

2106 4007 2262 4074 acie;
2306 4002 2551 4076 praelium
2606 3999 2874 4074 (inquam)
2931 4014 3037 4053 non
3093 3998 3359 4063 rixosum,
3404 3995 3548 4067 quod
3602 4008 3685 4049 est

2107 4098 2331 4154 aﬂ‘ectus
2364 4094 2435 4150 ab
2466 4094 2546 4148 ira
2571 4134 2587 4159 ,
2619 4100 2878 4160 tanquam
2913 4089 3083 4154 duce,
3117 4087 3391 4150 directus,
3427 4084 3517 4140 sed
3547 4098 3684 4153 prm-

2112 4188 2246 4242 lium
2275 4184 2482 4239 habens
2515 4177 2878 4235 contentionis
2905 4177 3102 4231 divinae
3135 4173 3679 4244 studium'quoddani

2113 4279 2439 4345 virtuosum,
2485 4273 2770 4342 zelumque
2812 4271 2991 4324 cultus
3045 4267 3213 4323 divini
3256 4266 3439 4321 studio
3475 4263 3686 4321 indamn-

436 4386 719 4455 κήρυγμα,
746 4383 828 4437 διδ
856 4382 990 4453 πρὸς
1012 4383 1103 4435 τὸν
1130 4384 1248 4437 κατ’
1288 4381 1516 4436 ἐκείνων
1538 4379 1737 4442 αὐτοὺς
1779 4377 1997 4447 διαίρων

2113 4384 2319 4427 matqu
2349 4388 2367 4428 :
2402 4367 2626 4451 videbat
2654 4365 2851 4436 quippe
2893 4360 3236 4432 impudentes
3275 4372 3438 4415 canes
3468 4355 3637 4412 Judaei
3661 4373 3698 4409 s

438 4477 649 4544 ἀγῶνα,
678 4477 898 4545 ἀφεῖναι
920 4476 1016 4546 μὲν
1036 4474 1247 4528 κελεύει
1266 4474 1364 4547 τὴν
1383 4471 1654 4545 προτέραν
1682 4469 2005 4533 ἐπιείκειαν,

438 4567 634 4634 χωρεῖν
669 4564 731 4617 δὲ
760 4564 900 4635 πρὸς
930 4564 1153 4635 ἔλεγχον
1201 4565 1308 4618 τῶν
1353 4563 1681 4634 ἀνατρέπειν
1734 4559 2008 4629 πειρωμέ-

439 4672 545 4708 νων
572 4655 669 4724 τὴν
700 4655 960 4725 ἀλήθειαν
994 4657 1364 4726 μαχιμωτέρῳ
1396 4656 1560 4727 λόγῳ.
1582 4654 1753 4724 Χρεία
1776 4653 1874 4723 μὲν
1900 4651 2008 4721 γὰρ

442 4744 518 4816 τῷ
552 4744 861 4816 Χριστιανῴ
897 4746 1003 4815 πρό
1025 4762 1089 4812 γε
1113 4746 1393 4807 ἁπάντων,
1441 4744 1739 4821 ἀναγκαίου
1777 4740 2011 4811 ἐνδύμα-

439 4854 550 4900 τος,
603 4838 704 4907 τῆς
764 4837 1151 4906 προσηκούσης
1201 4835 1279 4906 τῷ
1329 4834 1551 4903 ὀνόματι
1596 4832 2005 4897 καταστάσεως.

440 4927 654 4996 Κοσμεῖ
677 4926 787 4996 γὰρ
808 4924 1107 4994 ἐνδύματος
1123 4924 1221 4977 οὐκ
1244 4922 1463 4976 ἔλαττον
1483 4922 1657 4993 σεμνὴ
1679 4910 2009 4991 καταστολὴ,

440 5019 537 5070 καὶ
560 5013 687 5087 ἦθος
714 5016 953 5079 ἐπιεικὲς
974 5015 1063 5069 τὸν
1092 5013 1439 5088 Χριστιανὸν,
1460 5013 1616 5083 χρεία
1637 5012 1694 5065 δὲ
1724 5012 1820 5066 καὶ
1838 5012 2012 5081 λόγων

447 5110 793 5178 ἀμυντηρίων
841 5109 898 5162 ὲν
938 5098 1126 5178 καιρῷ
1163 5106 1263 5175 τῆς
1309 5103 1442 5175 πρὸς
1489 5103 1614 5166 τοὺς
1666 5102 2011 5174 ἐναντιουμέ-

442 5216 567 5262 νους
600 5200 801 5270 μάχης,
843 5200 931 5252 Ἐν
964 5199 1062 5269 μὲν
1090 5194 1182 5252 οὖν
1219 5196 1295 5267 τῷ
1348 5195 1544 5267 καιρῷ,
1578 5196 1739 5265 φησιν
1765 5235 1780 5262 ,
1824 5188 1868 5263 ᾧ
1902 5195 2016 5270 ’ἀπ-

442 5291 658 5345 ἐστειλα
680 5268 832 5360 ύμᾶς
862 5293 920 5343 ἐν
1078 5289 1295 5360 Ἰσραὴλ
1340 5286 1690 5349 διδασκάλους
1716 5268 1907 5350 καλῶς
1934 5285 2014 5338 εί-

447 5384 674 5453 ρηνικὴν
747 5383 1129 5436 ἐπεδείκνυσθε
1179 5380 1530 5443 κατάστασιν,
1587 5377 1724 5446 πρὸς
1769 5376 2015 5446 ὑπακοὴν

444 5474 569 5537 τοὺς
592 5473 836 5536 ἀπειθεῖς
880 5474 967 5528 διὰ
1004 5477 1100 5544 τῆς
1128 5472 1382 5540 τοιαύτης
1425 5469 1676 5529 ἕλκοντες
1718 5466 2013 5531 πολιτείας,

446 5565 541 5620 κα)⁵
575 5550 915 5637 ὐπαγδμενοι
943 5568 1080 5638 πρὸς
1121 5564 1180 5618 τὸ
1214 5561 1462 5622 εὐπειθὲς
1494 5556 1691 5618 αὐτοὺς
1720 5557 1785 5626 τῇ
1819 5554 2014 5628 ἡμερὸ-

554 5725 597 5757 ⁵⁵
633 5733 761 5788 Luc.
796 5749 927 5795 uti,
969 5730 1055 5783 '53.
1191 5722 1234 5755 ⁸⁸
1256 5724 1444 5781 Matth.
1483 5741 1533 5778 κ.
1568 5727 1649 5779 ηιξ.

2110 4465 2224 4534 jam
2252 4472 2404 4520 actos
2451 4463 2598 4518 rabie
2633 4461 2895 4517 adversus
2937 4456 3173 4512 divinam
3216 4451 3521 4508 doctrinam
3548 4463 3686 4518 prac-

2116 4555 2442 4625 coniumque
2491 4553 2732 4607 salutare
2772 4549 3014 4607 evertere
3058 4545 3411 4608 festinantes;
3461 4540 3580 4594 ideo
3619 4539 3702 4592 ad:

2118 4627 2249 4698 illud
2277 4655 2464 4698 contra
2503 4657 2598 4697 eos
2634 4634 2925 4697 certamen,
2957 4651 3086 4693 suos
3110 4682 3111 4687 η
3135 4635 3368 4706 erigens,
3414 4630 3687 4686 dimittere

2116 4737 2333 4806 quidem
2359 4735 2516 4805 jubet
2562 4736 2792 4803 prlmam
2835 4727 3331 4788 mansuetudinem,
3380 4735 3434 4776 et
3474 4722 3688 4789 prodire

2118 4827 2188 4883 ad
2219 4825 2541 4899 arguendos
2580 4839 2694 4887 eos,
2732 4822 2827 4893 qui
2875 4818 3191 4891 pugnaciori
3234 4828 3487 4870 somnone
3523 4827 3688 4867 cona-

2117 4917 2317 4973 bantur
2332 4915 2612 4971 destruere
2638 4910 2941 4967 veritatem.
2961 4907 3169 4961 Etenim
3197 4912 3321 4957 ante
3343 4902 3527 4957 omnia
3549 4915 3689 4970 opus

2118 5014 2203 5061 est
2230 5004 2540 5060 Christiano
2577 5001 2895 5058 indumento
2927 4994 3236 5050 necessario
3256 5032 3271 5059 ,
3303 4990 3458 5061 quod
3476 4990 3686 5045 nomini

2119 5096 2451 5154 conditionis
2491 5091 2812 5155 conveniat;
2865 5095 3026 5141 ornat
3053 5087 3251 5156 quippe
3290 5083 3686 5147 Christianum,

2122 5205 2233 5243 non
2297 5187 2477 5241 minus
2511 5183 2729 5245 vestitu,
2772 5181 3001 5233 honesta
3051 5179 3104 5231 in
3158 5176 3343 5230 habitu
3399 5175 3687 5239 modestia,

2122 5293 2410 5350 moresque
2462 5272 2707 5330 benevoli
2761 5285 2824 5324 ac
2880 5267 3148 5322 mansueti
3200 5284 3214 5320 :
3264 5266 3357 5320 sed
3411 5275 3466 5320 et
3520 5264 3689 5332 praelii

2122 5379 2365 5439 tempore
2410 5371 2599 5419 contra
2649 5360 2925 5431 oppositos
2971 5357 3387 5427 propulsaturiis
3419 5354 3690 5411 sermoni-

2122 5458 2223 5513 bus
2250 5473 2385 5527 opus
2419 5465 2521 5511 est.
2558 5454 2768 5507 Etenim
2813 5459 3050 5518 tempore
3085 5449 3282 5518 (inquit
3315 5447 3383 5519 ⁸⁸)
3415 5460 3528 5517 quo
3566 5442 3685 5498 misi

2123 5565 2218 5605 vos
2247 5549 2299 5603 in
2332 5546 2493 5602 Israel
2522 5546 2804 5637 doctores,
2841 5541 2976 5595 bene
3028 5538 3689 5609 paciﬁcumdemonstra-
