4066 6146
469 277 602 342 1:267

1962 282 2023 341 S.
2073 282 2236 344 NlLI

3593 295 3732 360 1263

462 399 565 454 stis
606 406 833 463 statum,
879 398 946 453 ad
989 398 1350 455 obedientiam
1401 399 1778 456 inobedientes
1812 416 1907 472 per
1945 403 2038 458 hu-

2153 422 2275 475 τητι
2323 403 2752 475 (ἀνυσιμώτερος
2793 404 2902 476 γάρ
2947 404 3051 475 τῆς
3089 405 3198 458 τῶν
3221 405 3392 476 λόγων
3423 409 3730 480 δεινότητος

459 490 768 562 juscetnodi
809 490 1076 545 trahendo
1120 491 1454 556 institutum,
1487 491 1744 561 ipsosque
1781 508 2041 549 mansue-

463 582 655 637 tudine
705 579 1024 635 inducentes
1063 582 1128 635 ad
1173 581 1656 650 obtemperandum
1703 580 1869 652 579
1907 582 2043 652 (vita

393 705 404 714 ς
463 687 702 742 namque
755 679 902 726 recta
940 671 1007 725 ad
1057 670 1496 742 persuadendum
1543 681 1626 726 est
1667 670 1943 727 efficacior
1990 674 2040 727 vi

462 765 775 829 verborum,
809 763 1044 833 seipsam
1079 763 1262 832 agnito
1301 764 1497 835 cuique
1535 761 1820 834 proferens
1849 778 2042 819 exora-

462 857 668 910 tionem
731 854 836 908 fide
894 856 1174 925 dignam):
1238 857 1330 912 sed
1380 857 1641 927 quoniam
1694 865 1820 926 post
1864 872 2042 912 meam

465 946 828 1002 ascensionen
867 947 1111 1004 veritatis
1147 949 1330 1004 hostes
1369 948 1512 1005 hanc
1566 949 1845 1012 invadent,
1877 951 2040 1020 quili-

463 1035 576 1100 bet,
613 1035 710 1105 qui
751 1037 974 1094 moralis
1022 1047 1196 1094 status
1230 1054 1418 1094 curam
1473 1040 1641 1112 gerit,
1693 1049 1853 1095 exeat
1887 1055 1917 1095 e
1947 1042 2039 1096 tali

465 1128 666 1195 studio,
715 1139 770 1185 et
812 1130 878 1184 ad
932 1136 1204 1184 certamen
1247 1140 1599 1200 praeparetur.
1660 1129 1847 1202 Neque
1893 1132 2038 1187 enim

464 1221 764 1277 absurdum
794 1231 900 1289 est,
928 1233 1150 1292 propter
1175 1223 1445 1294 praecipua
1492 1225 1905 1294 przetermittere
1937 1226 2039 1279 nti-

466 1330 599 1369 nora
626 1317 693 1371 ad
735 1326 973 1386 tempus,
1012 1325 1068 1372 et
1115 1317 1589 1372 mansuetudinem
1636 1319 2039 1388 transponeudo

465 1407 694 1464 evadere
723 1406 1060 1465 bellatorem.

1065 1519 1296 1577 CAPUT
1355 1519 1440 1575 Ill.

538 1630 652 1688 Hoc
679 1633 823 1688 enim
853 1633 1108 1689 admonet
1139 1633 1302 1690 etiam
1349 1635 1612 1706 propheta
1643 1635 1866 1691 dicens:
1899 1635 2040 1692 Mitis

2145 496 2285 566 πρὸς
2333 496 2395 549 τὸ
2430 498 2613 550 πεῖσαι
2665 495 2780 566 βίος
2825 495 3015 568 ὀρθὸς,
3057 496 3368 564 ἀξιόπιστον
3420 500 3726 572 δυσώπημα

2145 589 2338 644 ἐαυτὸν
2363 588 2442 660 τῷ
2471 589 2730 660 γνωρίμῳ
2759 588 3126 660 προσφέρων),
3151 591 3339 662 ἐπειδὴ
3369 592 3423 646 δὲ
3459 594 3598 662 μετὰ
3627 595 3722 668 τὴν

2145 679 2284 752 ἐμὴν
2319 680 2586 751 ἀνάληψιν
2624 682 2673 734 οἱ
2709 679 2895 751 ἐχθροὶ
2944 683 3044 752 τῆς
3073 679 3330 752 ἀληθείας
3369 683 3722 754 ἐπιθήσονται

2143 772 2339 845 ταύτῃ,
2371 771 2603 836 ἕκαστος
2631 771 2739 825 τῶν
2770 771 3221 842 ἐπιμελουμένων
3245 773 3344 844 τῆς
3388 774 3588 845 ήθικῆς
3623 795 3719 832 κα-

2142 867 2457 930 ταστάσεως
2485 864 2784 918 ἐκδαινέτω
2810 866 2910 934 τῆς
2943 865 3176 936 σπουδῆς
3201 867 3426 938 ταύτης,
3465 868 3560 921 καὶ
3589 869 3718 936 πρὸς

2143 956 2378 1028 ἅμιλλαν
2423 956 2948 1028 παρασκευαζέσθω.
3001 957 3165 1010 Οὐδὲν
3209 957 3320 1028 γὰρ
3367 959 3566 1013 ἄτοπον
3613 959 3720 1013 τῶν

2141 1048 2573 1120 προηγουμένων
2632 1048 2821 1101 ἕνεκεν
2883 1047 3171 1102 ἀπολιπεῖν
3219 1049 3356 1119 πρὸς
3402 1051 3594 1121 καιρὸν
3650 1053 3717 1105 τὰ

2140 1141 2364 1213 ἥττονα.
2412 1141 2507 1194 καὶ
2554 1141 2653 1212 τὴν
2702 1141 2992 1213 πραΰτητα
3050 1141 3438 1213 μεταθέμενον,
3466 1144 3716 1212 γενέσθαι

2143 1231 2269 1286 πολε
2279 1233 2494 1304 μεστήν.

2756 1523 3007 1578 ΚΕΦΔΛ.
3049 1523 3124 1577 Γν.

2217 1638 2390 1692 Τοῦτο
2419 1639 2529 1707 γὰρ
2575 1636 2670 1691 καὶ
2711 1639 2741 1691 6
2785 1638 3070 1709 προφήτης
3107 1637 3365 1708 παραινεῖ
3407 1635 3615 1704 λέγων·
3659 1635 3720 1687 ⁸0

466 1724 538 1780 sit
583 1732 886 1795 pugnator;
945 1733 1000 1784 et
1026 1726 1167 1782 sicut
1208 1726 1589 1797 propheticum
1641 1725 1773 1781 illud
1817 1726 2038 1782 effatum

2143 1731 2318 1799 πρᾶος
2347 1729 2487 1782 ἔστω
2516 1727 2788 1800 μαχητὴς,
2823 1727 2918 1781 καὶ
2956 1726 3148 1798 ὥσπερ
3179 1726 3243 1779 τὸ
3276 1725 3614 1796 προφητικὸν
3659 1726 3720 1778 τὸ

466 1816 572 1870 ait:
600 1833 618 1867 ι
647 1815 948 1872 Concident
976 1817 1186 1888 gladios
1204 1832 1336 1873 suos
1363 1819 1417 1873 iu
1445 1827 1647 1884 aratra,
1672 1826 1726 1872 et
1747 1817 1965 1872 lanceas
1984 1818 2039 1873 in

469 1904 636 1962 falces
665 1908 734 1972 ",
779 1927 798 1959 ι
842 1908 993 1974 dum,
1036 1909 1175 1964 bello
1205 1909 1488 1964 desinente
1523 1909 1789 1965 adversus
1833 1908 2042 1981 passio-

469 2014 585 2064 nes,
619 1998 760 2054 vires
780 1999 975 2054 animae
1005 2000 1142 2055 fiunt
1174 2001 1519 2072 agricultura:
1543 2001 1938 2068 instrumenta;
1962 2001 2042 2056 sic

464 2104 496 2143 e
519 2091 794 2146 contrario
825 2091 1026 2146 bonum
1074 2101 1191 2156 est,
1225 2091 1637 2148 convenientem
1670 2098 1923 2146 ornatum
1958 2090 2043 2145 di-

468 2183 704 2248 mittere,
731 2193 803 2250 ει,
839 2183 884 2238 si
913 2183 1111 2239 bellum
1142 2183 1418 2240 advocans
1447 2183 1612 2249 adsit,
1652 2183 1940 2255 praeparari
1972 2183 2042 2239 ad

465 2289 724 2344 pugnam,
763 2273 1112 2346 gladiumque
1150 2289 1249 2344 pro
1301 2274 1597 2330 Dominicis
1639 2275 1920 2344 praeceptis
1945 2290 2042 2344 ap-

465 2362 837 2446 prchendere,
875 2374 1080 2421 vestem
1117 2365 1404 2420 muralium
1451 2365 1700 2421 exuendo
1741 2365 2039 2431 virtutum,

464 2458 567 2512 etsi
591 2465 860 2526 oporteat,
896 2458 1104 2512 nudum
1147 2455 1380 2522 bellare;
1427 2456 1555 2526 quia
1591 2453 1846 2510 fortassis
1883 2469 2040 2510 secu-

465 2549 579 2605 rius
619 2549 740 2613 iste,
767 2564 933 2618 quam
975 2549 1068 2618 qui
1111 2547 1340 2603 vestitus
1369 2555 1473 2611 est,
1513 2545 1853 2617 belligerabit
1887 2563 1900 2600 :
1933 2546 2040 2602 hoc

465 2656 703 2710 namque
746 2641 1006 2710 propheta
1037 2639 1128 2694 ille
1163 2637 1435 2710 signiﬁcat
1463 2636 1658 2710 (aiens)
1703 2654 1718 2692 :
1771 2653 1792 2688 ι
1834 2635 2038 2692 Perihit

466 2733 590 2802 fuga
622 2747 651 2786 a
680 2731 890 2796 veloce,
925 2737 980 2785 et
1024 2729 1180 2786 fortis
1219 2744 1326 2785 non
1357 2728 1613 2783 retinebit
1643 2727 1815 2783 robur
1853 2742 2034 2794 suum,

461 2835 518 2880 et
541 2833 808 2895 pugnator
855 2822 1079 2878 minime
1115 2821 1344 2878 salvabit
1380 2820 1615 2875 animam
1655 2833 1833 2885 suam,
1859 2827 1913 2875 et
1943 2833 2038 2874 ve-

463 2917 550 2972 lox
600 2917 830 2988 pedibus
876 2915 991 2972 suis
1046 2929 1390 2986 nequaquam
1442 2912 1744 2968 salvabitur
1790 2913 1860 2967 ³⁸.
1895 2929 1914 2965 ι
1969 2909 2040 2966 Ει

461 3010 686 3066 subdit:
726 3029 745 3062 ι
783 3007 970 3065 Nudus
1000 3007 1057 3065 in
1085 3007 1177 3064 illa
1199 3006 1288 3063 die
1316 3012 1672 3078 persequetur
1693 3007 1779 3071 ⁸⁹;
1819 3023 1837 3058 ι
1875 3003 2035 3060 talem

464 3101 670 3156 nudum
700 3101 866 3156 etiam
908 3116 1033 3157 esse
1065 3099 1178 3156 vult
1209 3101 1528 3156 vendentem
1556 3100 1955 3165 vestimentum,
1985 3105 2039 3152 et
2065 3085 2108 3142 C

461 3203 730 3250 ementem
763 3194 1036 3265 gladium,
1064 3209 1165 3248 nec
1195 3201 1532 3248 recusantem
1565 3191 1639 3257 id,
1668 3191 1812 3261 qttod
1852 3191 1917 3245 ad
1948 3189 2038 3243 lit-

461 3294 635 3342 teram
697 3285 955 3340 indecens
1006 3285 1252 3350 videtur,
1313 3293 1535 3354 propter
1614 3282 1891 3334 veritatem
1958 3278 2035 3332 rei

462 3377 801 3447 significata.
853 3375 1051 3430 Volt-ns
1087 3390 1360 3444 namque,
1415 3383 1475 3427 ttt
1525 3372 1770 3426 homines
1823 3383 2038 3438 semper

460 3469 943 3522 accommodentur
976 3467 1080 3532 his,
1118 3481 1239 3535 quae
1277 3464 1616 3534 contingunt,
1647 3462 1844 3530 saepius
1871 3461 2034 3514 etiam

461 3558 736 3614 contraria
771 3557 1042 3624 consulit;
1083 3556 1248 3627 580
1275 3564 1328 3610 et
1361 3568 1750 3623 nonnunquam
1791 3554 2033 3624 quidem.

462 3661 545 3716 (ut
567 3651 680 3719 jam
711 3648 970 3710 diximus)
1003 3649 1133 3704 caedi
1183 3643 1426 3718 colaphis
1447 3688 1460 3709 ,
1493 3654 1546 3700 et
1579 3660 1918 3715 nequaquam
1953 3647 2037 3700 in-

459 3743 671 3812 dignari
689 3742 876 3807 docet,
918 3743 1186 3797 interdum
1219 3757 1350 3796 vero
1391 3739 1627 3812 gladiunt
1659 3747 1892 3810 geStare,
1924 3737 2037 3794 bel-

459 3836 624 3892 licum
658 3834 900 3890 habitum
956 3850 1020 3889 ac
1062 3832 1454 3905 professionem
1486 3831 1813 3898 exhibendo,
1837 3838 1890 3884 et
1919 3829 2036 3883 solo

463 3926 682 3998 aspectu
749 3937 873 3982 ante
930 3937 1186 3983 conatum
1245 3926 1426 3980 hostes
1473 3924 1828 3996 percellendo.
1892 3922 2033 3989 Quin

462 4009 625 4077 etiat'n
658 4021 987 4092 prascipieuti
1013 4019 1178 4089 paulo
1199 4027 1324 4072 ante
1355 4017 1646 4088 prophetae,
1675 4029 1824 4071 arma
1849 4014 2034 4069 bellica

457 4119 670 4166 vertere
722 4110 776 4164 in
821 4107 1057 4164 aratoria
1090 4107 1452 4162 instrumenta
1478 4146 1492 4170 ,
1522 4105 1858 4160 contrarium
1902 4105 2037 4157 alter

456 4201 720 4273 propheta
745 4200 922 4270 jubet,
943 4207 1003 4253 ut
1037 4198 1291 4252 nimirum
1315 4195 1658 4268 agriculturre
1675 4198 2035 4249 instrumenta

458 4291 725 4348 faciamus
761 4293 976 4348 bellica.
1009 4289 1100 4344 Ille
1125 4289 1342 4360 quidem
1374 4288 1450 4342 ait
1482 4307 1496 4341 :
1533 4305 1551 4338 t
1585 4285 1896 4340 Exscittdite
1924 4285 2038 4354 gla-

458 4383 578 4438 dios
611 4393 816 4436 vestros
855 4381 908 4435 iu
962 4394 1231 4444 vomeres,
1270 4387 1325 4430 ct
1363 4378 1582 4431 lanceas
1623 4375 1677 4428 iu
1709 4373 1875 4433 falces
1907 4376 1975 4438 δ’,
2011 4395 2028 4423 ι

2143 1821 2321 1890 λέγοιθ’
2355 1841 2375 1873 ι
2410 1820 2749 1890 Συγκόψουσι
2767 1819 2866 1882 τὰς
2885 1818 3160 1890 μαχαίρας
3178 1817 3361 1872 αὐτῶν
3385 1819 3466 1879 εῑς
3485 1817 3716 1888 ἄροτρα,

2141 1914 2235 1966 καὶ
2269 1910 2368 1974 τάς
2400 1909 2626 1976 ζιδύνας
2663 1911 2745 1970 εἰς
2779 1909 3046 1982 δρέπανα,
3079 1928 3096 1960 ι
3131 1908 3193 1960 ἐν
3223 1908 3304 1980 τῷ
3329 1909 3430 1971 τὰς
3459 1908 3719 1978 δυνάμεις

2090 2071 2092 2074 ν
2140 2007 2240 2076 τῆς
2271 2003 2451 2075 ψυχῆς
2478 2003 2652 2056 ποιεῖν
2679 2001 2846 2073 σκεύη
2887 2002 3188 2072 γεωργικὰ,
3235 2001 3590 2073 παυσαμένου
3620 1997 3716 2053 τοῦ

2141 2097 2280 2168 πρὸς
2299 2097 2368 2150 τά
2394 2095 2542 2166 πάθη
2571 2094 2833 2167 πολέμου,
2864 2093 3035 2157 οὕτως
3064 2093 3226 2147 πάλιν
3258 2096 3323 2148 ἐκ
3345 2093 3440 2148 τοῦ
3470 2093 3716 2146 ἐναντίου

2141 2188 2306 2242 καλὸν
2365 2189 2586 2257 ἀφεῖναι
2629 2187 2722 2240 τὸν
2771 2189 3119 2257 προσήκοντα
3159 2185 3388 2256 κόσμον,
3445 2187 3540 2240 καὶ
3577 2184 3718 2254 πρὸς

2145 2281 2326 2353 μάχην
2377 2277 2784 2350 ἑτοιμάζεσθαι,
2832 2279 2960 2332 ὅταν
3001 2277 3236 2348 πόλεμος
3269 2278 3299 2330 6
3329 2275 3510 2330 καλῶν
3532 2271 3592 2346 ᾗ,
3621 2275 3717 2327 καὶ

2145 2374 2424 2446 μάχαιραν
2473 2370 2950 2442 μεταχειρίζεσθαι
3002 2369 3144 2439 ὑπὲρ
3206 2368 3315 2422 τῶν
3369 2365 3717 2420 Δεσποτικῶν

2141 2464 2391 2530 ἐντολῶν,
2410 2463 2782 2532 ἀποδυόμενον
2797 2461 2858 2516 τὸ
2878 2460 2988 2515 τῶν
3007 2461 3217 2532 ἠθικῶν
3233 2458 3446 2531 ἀρετῶν
3479 2457 3715 2528 ἱμάτιον,

2141 2557 2244 2612 κᾶν
2263 2556 2469 2626 γυμνὸν
2497 2555 2592 2628 δέῃ
2615 2554 2893 2624 πολεμεῖν.
2925 2553 3081 2623 Τάχα
3122 2551 3181 2605 δέ
3233 2551 3433 2622 μᾶλλον
3484 2547 3717 2618 ἀσφαλέ-

2144 2664 2334 2718 στερον
2361 2641 2517 2710 οὗτος
2545 2645 2639 2699 τοῦ
2679 2645 2858 2699 ἐνδεδυ
2868 2644 3028 2716 μένου
3060 2643 3380 2714 πολεμήσει.
3406 2641 3579 2694 Τοῦτο
3606 2639 3715 2710 γὰρ

2141 2742 2170 2795 6
2193 2741 2478 2811 προφήτης
2508 2737 2678 2811 δηλοῖο
2721 2757 2740 2791 ι
2789 2737 3096 2791 Ἀπολεῑται
3140 2734 3288 2806 φυγὴ
3323 2737 3387 2788 ἐκ
3427 2732 3708 2804 δρομαίου,

2142 2833 2236 2886 καὶ
2265 2833 2295 2884 6
2319 2832 2576 2902 κραταιὸς
2607 2831 2668 2884 οὐ
2716 2830 2790 2902 μὴ
2824 2831 3078 2902 κρατήσῃ
3131 2829 3233 2898 τῆς
3285 2827 3467 2897 ἰσχύος
3523 2823 3711 2886 αὑτοῦ,

2141 2925 2236 2977 καὶ
2263 2925 2292 2978 6
2321 2922 2566 2993 μαχητὴς
2617 2922 2678 2974 οὐ
2713 2921 2787 2993 μὴ
2835 2920 2982 2992 σώσῃ
3015 2920 3113 2991 τὴν
3149 2919 3332 2990 ψυχὴν
3351 2917 3540 2981 αὑτοῦ,
3569 2916 3662 2968 καὶ
3686 2916 3716 2966 6

2141 3013 2266 3081 ὀξὺς
2291 3015 2403 3077 τοῖς
2435 3013 2594 3076 ποσὶν
2646 3012 2708 3066 ού
2755 3013 2830 3082 μὴ
2857 3012 3115 3082 διασωθῇ.
3146 3011 3257 3064 Καὶ
3281 3009 3550 3079 ἐπιφέρει·
3586 3026 3605 3059 ι
3653 3006 3713 3059 Ὀ

2143 3105 2348 3176 γυμνὸς
2360 3103 2608 3171 διώξεται
2623 3105 2680 3157 ἐν
2692 3105 2874 3176 ἐκείνῃ
2890 3106 2956 3174 τῇ
2973 3106 3005 3173 ή
3015 3103 3177 3174 μέρα.
3197 3121 3215 3154 ι
3240 3101 3495 3154 Τοιοῦτον
3509 3099 3713 3169 γυμνὸν

2145 3192 2286 3251 εἶναι
2332 3195 2606 3267 βούλεται,
2656 3194 2752 3250 καὶ
2781 3194 2874 3248 τὸν
2920 3193 3205 3248 πωλοῦντα
3231 3193 3294 3246 τδ
3329 3193 3566 3262 ἱμάτιον,
3614 3192 3710 3243 κιιᾶ⁸

2144 3287 2486 3358 ἀγοράζοντα
2538 3286 2836 3358 μάχαιραν,
2883 3286 2958 3358 μὴ
2990 3284 3430 3355 παραιτούμεαον
3475 3283 3537 3336 τὸ
3574 3281 3716 3335 κατά

2141 3376 2241 3448 τὴν
2272 3375 2418 3442 λέξιν
2459 3375 2650 3431 δοκοῦν
2682 3375 2950 3447 ἀπρεπὲς,
2980 3376 3070 3430 διὰ
3094 3375 3196 3446 τὴν
3238 3373 3332 3428 τοῦ
3377 3371 3716 3444 σημαινομέ-

2143 3484 2237 3521 νου
2259 3467 2538 3539 ἀλήθειαν.
2573 3467 2697 3531 Τοῖς
2734 3469 2846 3540 γὰρ
2887 3467 3281 3537 συμϐαίνουσιν
3323 3465 3412 3519 ἀεὶ
3443 3465 3568 3528 τοὺς
3617 3463 3716 3516 ἀν-

2145 3559 2398 3632 θρώπους
2427 3559 2762 3631 ἁρμόζεσθαι
2797 3559 2988 3625 θέλων,
3021 3558 3304 3622 πολλάκις,
3334 3557 3429 3610 καὶ
3455 3555 3526 3608 τὰ
3555 3558 3683 3608 ἐναν
3701 3580 3714 3591 -

2143 3651 2233 3705 τία
2269 3651 2664 3721 ωμὸουλεύει·
2695 3651 2791 3703 καὶ
2835 3650 2963 3704 ποτέ
3001 3652 3121 3720 μὲν,
3150 3649 3226 3714 ὡς
3271 3650 3372 3720 ήδη
3410 3647 3718 3716 φθάσαντες

2145 3738 2402 3811 εἴπαμεν,
2434 3739 2780 3810 ῥαπίζεσθαι,
2806 3739 2899 3792 καὶ
2957 3739 3032 3810 μὴ
3083 3740 3413 3807 ἀγανακτεῖν
3443 3737 3712 3797 διδάσκει,

2144 3834 2276 3888 ποτέ
2309 3834 2363 3887 δὲ
2387 3834 2666 3904 μάχαιραν
2690 3835 2898 3903 φορεῖν,
2919 3834 3211 3903 πολεμικὸν
3242 3830 3716 3898 ἐπιδεικνυμένους

2145 3923 2330 3994 σχῆμα
2397 3924 2491 3976 καὶ
2542 3922 2885 3991 ἐπάγγελμα,
2949 3925 3014 3993 τῇ
3067 3920 3191 3990 ὕψει
3226 3919 3335 3990 πρὸ
3372 3920 3470 3989 τῆς
3517 3918 3714 3988 πείρας

2145 4013 2626 4084 καταπλήττοντας
2649 4015 2775 4076 τοὺς
2819 4012 3133 4082 πολεμίους.
3190 4011 3301 4063 Καὶ
3355 4010 3436 4079 τῷ
3484 4009 3712 4062 ἐπιτάσ-

2143 4122 2290 4159 σοντι
2327 4104 2383 4158 δέ
2430 4104 2537 4175 πρὸ
2589 4104 2774 4173 ὀλίγου
2821 4104 3100 4174 προφήτῃ,
3140 4103 3211 4154 τὰ
3255 4099 3530 4170 πολεμικὰ
3571 4098 3714 4151 ὅπλα

2143 4201 2318 4252 ποιεῖν
2352 4196 2520 4268 σκεύη
2567 4195 2871 4268 γεωργικὰ,
2920 4196 2981 4248 τὸ
3037 4193 3280 4248 ἐναντίον
3344 4194 3532 4262 ἕτερος
3580 4207 3714 4260 προ-

2144 4293 2321 4361 φήτης
2350 4289 2663 4360 παρεγγυᾷ,
2702 4288 2772 4342 τά
2812 4287 3093 4358 γεωργικά
3150 4286 3378 4355 ποιῆσαι
3421 4281 3709 4353 πολεμικά.

2155 4385 2214 4436 '0
2254 4384 2349 4453 μὲν
2374 4383 2481 4454 γάρ
2513 4397 2672 4452 φησι·
2703 4399 2721 4432 ι
2764 4380 3086 4450 Συγκόψατε
3116 4378 3215 4440 τὰς
3239 4377 3517 4447 μαχαίρας
3554 4372 3708 4442 ὑμῶν

460 4476 566 4532 iste
598 4490 762 4530 vero:
805 4494 821 4525 t
867 4471 1150 4528 Concidite
1177 4478 1359 4525 aratra
1408 4479 1585 4522 vestra
1628 4468 1680 4522 in
1711 4467 1940 4538 gladios,
1981 4477 2035 4523 et

2140 4478 2219 4540 είς
2246 4476 2473 4548 ἄροτρα,
2503 4477 2597 4530 καὶ
2621 4475 2716 4536 τὰς
2750 4474 2972 4538 ζιὸύνας
3018 4476 3095 4536 είς
3153 4472 3420 4543 δρέπανα.
3460 4488 3479 4522 ι
3529 4469 3589 4524 '0
3630 4467 3709 4531 δὲ,

455 4567 626 4623 falces
655 4574 864 4620 vestras
897 4564 951 4618 in
980 4561 1161 4632 jacula
1187 4562 1268 4629 “;
1319 4579 1336 4611 ι
1381 4561 1473 4632 qui
1508 4559 1783 4615 contraria
1814 4558 2032 4628 quidem

457 4655 782 4718 consulunt,
827 4651 1127 4708 Secundum
1171 4651 1487 4717 dictionem,
1545 4650 1636 4705 sed
1686 4666 2033 4720 nequaquam

465 4745 940 4816 contraria.juxta
992 4743 1400 4815 intelligentiam
1437 4764 1447 4796 :
1481 4742 1570 4797 hic
1595 4743 1739 4798 enim
1770 4742 2033 4812 incipien.

459 4842 606 4897 tibus
642 4838 841 4894 bellum
867 4837 1129 4892 adversus
1159 4835 1476 4906 passiones,
1519 4835 1607 4890 ille
1631 4851 1759 4890 vero
1789 4834 1897 4898 his,
1937 4835 2029 4904 qui

459 4939 741 4986 verterunt
772 4929 953 4982 hostes
987 4927 1036 4979 in
1075 4926 1279 4998 fugam,
1308 4931 1548 4998 suggerit
1578 4926 1707 4997 quid
1736 4929 1806 4980 sit
1834 4925 2037 4979 facien-

455 5023 608 5079 dum.
644 5021 724 5077 Ad
773 5022 982 5092 tempus
1030 5021 1214 5091 igitur,
1264 5029 1318 5074 et
1365 5020 1612 5074 indutum
1659 5033 1781 5074 esse
1829 5017 2035 5073 bonum

453 5125 560 5181 est,
594 5124 648 5170 et
676 5128 708 5168 e
750 5113 988 5180 diverso,
1039 5113 1188 5177 exui,
1238 5112 1456 5182 quando
1499 5110 1738 5182 gladium
1785 5119 2038 5179 Oporteat

454 5221 556 5276 pro
611 5212 762 5260 veste
810 5219 1163 5275 comparare;
1217 5217 1317 5258 nec
1360 5202 1507 5257 enim
1565 5208 1775 5255 tantum
1823 5199 2036 5255 confert

455 5297 645 5363 vestis,
697 5306 960 5367 quantum
1033 5296 1244 5366 gladius
1305 5295 1358 5349 in
1422 5293 1634 5348 ratione
1685 5292 2030 5359 securitatis;

456 5392 621 5448 vestis
649 5390 796 5446 enim
857 5401 940 5446 est
965 5388 1185 5460 quidem
1234 5399 1639 5452 ornamentum,
1677 5387 1769 5442 sed
1803 5402 1909 5442 non
1945 5402 2033 5442 sc-

455 5483 694 5550 curitas;
763 5481 975 5553 gladius
1021 5497 1148 5537 vero
1193 5482 1482 5551 plunimam
1525 5481 1728 5550 przehet
1770 5478 2035 5548 pugnanti

455 5574 782 5628 custodiam.
816 5573 882 5628 Et
911 5573 1053 5644 quod
1088 5573 1155 5628 ad
1187 5581 1400 5643 tempus
1437 5572 1585 5627 utilis
1616 5571 1688 5627 sit
1720 5571 2032 5640 huiusmodi

534 5726 576 5761 "
619 5724 720 5784 [δεῖ.
754 5743 814 5794 ιι,
856 5728 908 5782 4.
994 5729 1036 5757 ⁵⁸
1063 5729 1230 5784 Amos
1299 5731 1467 5798 tt,ll,
1500 5731 1583 5786 i3.

2145 4589 2163 4622 ι
2201 4568 2518 4637 Συγκὸψατε
2545 4567 2610 4620 τὰ
2643 4567 2850 4638 ἄροτρα
2882 4565 3034 4636 ὑμῶν
3067 4567 3147 4627 εἰς
3187 4562 3484 4634 ῥομφαίας,
3518 4561 3612 4613 καὶ
3641 4558 3709 4611 τὰ

2138 4659 2381 4730 δρέπανα
2420 4659 2500 4721 εἰς
2546 4658 2941 4729 σειρομάστας·
2979 4676 2998 4707 ι
3038 4655 3256 4708 ἐναντία
3297 4654 3396 4724 μὲν
3465 4651 3701 4722 συμϐου-

2137 4751 2387 4814 λεύοντες
2419 4751 2561 4803 κατὰ
2586 4749 2685 4818 τὴν
2717 4748 2884 4814 λέξιν,
2911 4747 3026 4802 ἀλλ’
3049 4749 3149 4802 οὐκ
3172 4747 3392 4800 ἐναντία
3426 4747 3568 4798 κατὰ
3610 4743 3709 4812 τὴν

2137 4840 2396 4896 διάνοιαν.
2442 4840 2503 4893 '0
2539 4840 2638 4909 μὲν
2670 4839 2780 4911 γὰρ
2806 4839 3132 4912 ἀρχομένοις
3159 4836 3256 4892 τοῦ
3288 4837 3425 4909 πρὸς
3450 4835 3520 4888 τὰ
3561 4834 3705 4902 πάθη

2134 4934 2396 5004 πολέμου,
2451 4931 2478 4984 6
2507 4933 2564 4986 δὲ
2626 4933 3070 5004 τροπωσαμένοις
3131 4930 3260 4994 τοὺς
3312 4927 3605 4996 πολεμίους
3649 4927 3710 4979 τὸ

2135 5024 2408 5094 πρακτέον
2461 5021 2796 5078 ὑποτίθεται.
2853 5023 3001 5084 Ἕως
3058 5019 3256 5092 καιροῦ
3337 5019 3557 5084 τοίνυν,
3615 5016 3707 5069 καὶ

2135 5116 2501 5188 ἐνδεδυμένον,
2527 5113 2666 5169 εἶναι
2685 5115 2872 5180 καλὸν,
2895 5115 2990 5167 καὶ
3017 5113 3184 5168 πάλιν
3205 5111 3560 5174 ἀποδύεσθαι,
3579 5110 3706 5162 ὅταν

2137 5209 2415 5280 μάχαιραν
2455 5209 2574 5262 ἀντὶ
2605 5207 2822 5278 ἱματίου
2870 5205 3178 5278 κτήσασθαι
3232 5203 3365 5257 δέοι.
3399 5200 3540 5256 Οὔτε
3598 5199 3703 5268 γὰρ

2133 5297 2393 5351 τοσοῦτον
2426 5298 2644 5370 ἱμάτιον
2667 5299 2790 5351 ὅσον
2812 5297 3054 5368 μάχαιρα
3083 5297 3161 5358 είς
3189 5291 3490 5362 ἀσφαλείας
3520 5289 3702 5356 λόγον⁹

2139 5388 2354 5460 ἱμάτιον
2406 5389 2538 5461 γὰρ,
2601 5390 2806 5460 κόσμος
2844 5388 2962 5458 μὲν,
3020 5387 3081 5440 οὐ
3136 5385 3244 5457 μὴν
3283 5385 3376 5440 καὶ
3415 5382 3701 5450 ἀσφάλεια,

2143 5481 2391 5552 μάχαιρα
2420 5479 2477 5532 δὲ
2514 5479 2713 5551 πολλὴν
2742 5478 2820 5549 τῷ
2852 5478 3143 5549 μαχομένῳ
3191 5476 3423 5546 παρέχει
3478 5474 3576 5544 τὴν
3608 5489 3703 5540 φυ-

2136 5571 2332 5641 λακήν.
2385 5572 2495 5625 Καὶ
2543 5573 2628 5624 ὅτι
2659 5571 2764 5634 ἓως
2809 5569 3003 5640 καιροῦ
3043 5570 3314 5640 χρήσιμον
3362 5566 3426 5618 τὸ
3468 5561 3702 5617 τοιοῦτον

1662 5733 1705 5763 ⁸⁸
1747 5729 1880 5785 ibid.
1922 5731 1984 5784 16
2084 5729 2126 5759 ⁶⁰
2157 5729 2254 5787 isn.
2292 5729 2425 5795 tt,-l.
2493 5718 2548 5757 ⁶¹
2584 5727 2697 5782 Joel
2747 5744 2824 5790 ιιι,
2868 5730 2942 5781 ιιι.
