4066 6146
449 225 579 288 im
1942 225 2002 282 S.

2137 224 2203 280 ιι
3562 230 3688 293 1972

429 345 584 409 latio,
609 344 837 411 ejusque
858 341 1094 406 labores,
1120 350 1177 396 ut
1197 341 1428 412 pretium
1459 341 1842 398 reidivenditae
1865 355 2016 396 com-

2137 339 2372 405 ινασίαν,
2425 340 2518 394 καί
2554 340 2679 404 tab;
2723 341 2940 411 ἐκείνης
2999 341 3215 408 πόνους,
3255 340 3330 406 ὣς
3380 343 3552 414 τιμῆς
3594 347 3687 399 τοῦ

430 435 703 502 parandus
719 442 802 488 est
813 433 1023 503 pietatis
1038 433 1270 502 gladius,
1290 433 1383 503 qui
1422 434 1568 489 utilis
1589 435 1690 488 erit
1704 433 1769 488 ad
1791 433 2013 488 faculta-

430 537 543 580 tum
567 527 946 589 bonorumque
968 524 1270 579 custodiam
1293 533 1346 578 et
1368 525 1744 591 securitatem;
1779 525 1866 578 hic
1897 524 2012 594 gla-

429 617 554 668 dius
577 614 636 668 ﬁt
657 615 819 667 etiam
847 613 1112 682 gloriatio,
1131 614 1400 684 gloriatio,
1422 616 1667 684 inquam,
1691 630 1800 669 non
1825 630 2015 682 super-

354 732 365 764 :
431 701 635 759 bientis
665 701 976 758 stoliditatis
1016 701 1254 758 exitialis
1288 703 1481 767 fastus,
1512 704 1606 760 sed
1631 703 1840 760 alieetio
1866 718 2014 774 quae-

357 782 361 790 ’
436 789 562 842 dam
596 788 799 858 gratias
833 804 1136 859 agnoscens
1167 791 1352 846 auxilii
1399 792 1491 846 Dei
1520 809 1534 857 ;
1573 793 1649 847 uti
1677 793 1880 847 dictum
1912 791 2015 846 fuit

433 880 502 943 ad
541 880 826 952 quemdam
863 899 877 936 :
931 899 948 932 ι
985 879 1353 951 Propugnabit
1401 883 1780 951 adjutortuus,
1827 893 1880 938 et
1900 885 2014 954 gla-

434 970 560 1027 dius
610 970 862 1041 gloriatio
903 979 1015 1037 tua,
1065 973 1355 1044 l'allentque
1400 985 1449 1028 te
1485 975 1690 1035 inimici
1735 975 1835 1041 tui,
1872 983 1925 1028 et
1957 983 2014 1034 tu

433 1077 599 1133 super
657 1061 794 1116 colla
852 1077 1040 1117 eorum
1098 1064 1358 1118 ascendes
1397 1065 1458 1117 “.
1508 1083 1526 1116 ι
1575 1064 1665 1119 Sic
1705 1063 2018 1125 divenditur

434 1154 839 1217 vestimentum,
887 1153 1075 1224 sicque
1120 1156 1322 1210 emitur
1368 1156 1612 1226 gladius,
1667 1158 1811 1227 quod
1848 1158 2015 1210 vesti-

436 1251 680 1296 mentum
734 1251 847 1295 tum
901 1244 1099 1311 prteliet
1150 1244 1270 1314 ejus
1316 1248 1390 1300 rei
1431 1246 1852 1315 possessionem,
1898 1263 2019 1316 qua:

438 1331 599 1408 583
641 1333 790 1402 prius
822 1349 929 1387 non
976 1335 1294 1401 habebatur,
1338 1345 1449 1392 tum
1489 1353 1575 1392 res
1616 1339 1734 1407 ipsa
1767 1339 2020 1408 perdurat

439 1441 536 1492 per
563 1427 826 1492 habitum,
857 1427 981 1482 licet
1011 1428 1230 1498 provide
1263 1442 1412 1484 vacet
1437 1430 1762 1500 operationi.
1796 1429 2020 1491 Habitus

439 1512 662 1584 quippe,
700 1513 826 1568 licet
858 1524 982 1585 agat
1016 1516 1188 1572 otium
1232 1516 1300 1572 ab
1347 1519 1661 1587 Operatione
1699 1519 1882 1588 aliquo
1906 1529 2022 1574 ten-

439 1603 630 1666 dente,
675 1611 948 1671 attamen,
984 1621 1107 1660 cum
1165 1607 1309 1663 vires
1355 1608 1545 1664 habent
1597 1609 2018 1674 corroboratus,

2119 429 2496 500 πεπραμένοι),
2527 427 2625 499 τὴν
2655 429 2753 498 τῆς
2781 430 3067 494 εὐσεϐείας
3101 431 3333 501 κτητέον
3380 433 3684 502 μάχαιραν,

2119 527 2398 598 χρησίμην
2433 525 2700 595 ἐσομένην
2730 523 2866 594 πρὸς
2916 523 3168 594 φυλακὴν
3201 522 3311 576 τῶν
3338 523 3698 594 ὑπαρχόντων

2121 620 2214 670 καὶ
2260 618 2581 686 ἀσφάλειαν.
2631 614 2776 684 Λῦτη
2822 613 3222 684 καὶ-καύχημα
3256 613 3469 681 γίνεται
3518 615 3551 684 ή
3589 613 3694 686 μάο

2119 727 2304 780 χαιρα,
2333 707 2593 777 καύχημα
2613 707 2714 759 οὐκ
2756 705 3088 774 ἁλαζονικῆς
3139 704 3401 767 ἀπονοίας
3448 703 3694 775 ὀλέθριον

2122 799 2410 868 φρύαγμα,
2450 796 2704 866 βοηθείας
2751 795 2809 849 δέ
2865 795 3004 848 Θεοῦ
3059 794 3383 864 εὐχάριστος
3428 794 3689 857 διάθεσις,

2121 889 2196 950 ὡς
2225 887 2437 958 εἴρηται
2469 886 2606 956 πρός
2640 901 2784 939 τιναο
2816 904 2834 937 ι
2883 883 3248 955 Ὑπερασπιεῖ
3277 886 3305 936 ό
3329 884 3523 955 βοηθός
3573 902 3691 948 σου,

2123 977 2276 1050 καὶὴ
2311 978 2550 1048 μάχαιρα
2576 975 2840 1047 καύχημά
2881 992 2999 1041 σου,
3054 975 3152 1028 καὶ
3197 975 3494 1044 ψεύσονται
3525 993 3582 1028 σε
3644 977 3693 1028 οί

2125 1067 2308 1143 ἐχθροί
2337 1084 2452 1129 σου,
2485 1067 2580 1120 καὶ
2611 1066 2675 1120 σὺ
2720 1067 2814 1120 ἐπὶ⁵
2843 1067 2968 1129 τοὺς
3005 1066 3311 1138 τραχήλους
3347 1067 3527 1119 αὐτῶν
3572 1069 3694 1119 ἐπι-

2127 1161 2288 1230 ϐἧσῃ.
2319 1179 2338 1211 ι
2371 1159 2558 1222 Ούτως
2590 1158 2845 1213 πωλεῖται
2877 1157 2936 1212 τὸ
2974 1158 3206 1227 ἱμάτιον,
3244 1159 3338 1212 καὶ
3369 1157 3540 1222 οὕτως
3564 1161 3695 1226 ἁγο-

2129 1249 2347 1321 ράζεται
2377 1251 2409 1320 ἡ
2441 1250 2685 1320 μάχαιρα
2730 1249 2824 1302 καὶ
2858 1249 3050 1302 τούτου
3097 1250 3195 1320 τὴν
3229 1250 3422 1318 κτῆσιν
3457 1250 3696 1319 παρέχον

2125 1342 2224 1414 οὐχ
2244 1342 2594 1411 ὑπάρχουσαν
2616 1339 2900 1412 πρότερον,
2927 1341 3020 1393 καὶ
3045 1341 3173 1393 αὐτὸ
3210 1342 3526 1410 παραμένον
3572 1339 3695 1392 καθ’

2125 1433 2273 1496 ἕξιν,
2297 1431 2399 1483 κᾶν
2445 1429 2802 1500 οἰκονομικῶς
2835 1428 3069 1499 σχολάζῃ
3105 1431 3172 1499 τῇ
3214 1429 3488 1497 ἐνεργείᾳ.
3539 1425 3694 1490 Ἕξις

2127 1523 2235 1591 γὰρ
2265 1521 2370 1574 κᾶν
2417 1521 2617 1592 ἀργίαν
2664 1520 2788 1589 ἀγοι
2837 1520 2939 1590 τῆς
2973 1518 3372 1588 ἐπιϐαλλούσης
3413 1515 3695 1588 ἐργασίας⁴

2129 1613 2385 1682 ἀλλοῦνγε
2410 1612 2507 1683 τὴν
2539 1612 2764 1683 δύναμιν
2783 1611 2981 1682 ἔχουσα
3006 1611 3357 1683 ἐρρωμένην,
3392 1611 3480 1662 ὅτε
3513 1608 3699 1680 βούλε-

440 1692 662 1762 quando
699 1695 814 1749 vult
849 1697 1084 1766 operari,
1109 1715 1136 1750 a
1162 1709 1352 1754 natura
1396 1709 1765 1770 comparatam
1792 1699 2023 1753 obtinuit

2137 1723 2211 1758 ται
2252 1705 2493 1774 ἐνεργεῖν
2521 1703 2914 1772 ἀνεμπόδιστος
2943 1703 3190 1771 πέφυκεν
3215 1742 3229 1765 ,
3269 1701 3518 1770 τεχνίτου
3543 1700 3699 1770 δίκην

441 1785 811 1852 impedimenti
841 1787 1158 1852 carentiam,
1192 1789 1417 1844 artiﬁcis
1453 1791 1641 1857 instar,
1680 1790 1731 1843 in
1782 1791 2022 1844 materiis

441 1875 782 1932 ostendentis
818 1877 1056 1933 scientiae
1090 1896 1202 1934 suae
1230 1881 1552 1936 industriam
1577 1923 1588 1944 ,
1617 1882 1774 1951 cuju‘s
1797 1884 2023 1952 scientia

443 1970 733 2038 quiescens
756 1970 977 2026 minime
1020 1971 1285 2038 aboletur,
1319 1973 1362 2028 si
1402 1973 1516 2046 ipse
1567 1985 1788 2044 proliter
1835 1989 2021 2027 earum

444 2060 726 2128 penuriam
775 2060 995 2117 otietur.
1042 2060 1254 2115 Etenim
1305 2063 1415 2126 illa,
1447 2078 1566 2132 qua:
1617 2064 1721 2117 tale
1756 2064 1907 2116 exuit
1937 2079 2025 2116 ve-

444 2152 792 2220 stimentum,
835 2153 1133 2224 eodemque
1187 2152 1368 2212 denuo
1416 2155 1628 2225 cogitur
1685 2156 1760 2208 uti
1810 2166 2028 2224 propter

442 2243 990 2298 condescendenliam
1023 2243 1089 2300 ad
1123 2243 1572 2314 imperfectiores,
1600 2245 1876 2314 quomodo
1900 2245 1976 2300 ait
2010 2259 2024 2295 :

449 2354 468 2383 ι
497 2334 805 2404 Exspoliavi
831 2349 916 2392 me
939 2335 1121 2391 tunica
1145 2351 1284 2399 mea,
1309 2335 1585 2414 quomodo
1613 2337 1807 2392 induar
1834 2353 1896 2392 ea
1917 2337 1985 2390 “7?
2006 2356 2022 2387 ι

442 2424 561 2480 Nisi
588 2426 712 2483 talis
739 2427 926 2493 vestis,
951 2427 1113 2481 etiam
1140 2427 1384 2498 deposita
1427 2437 1785 2498 permaneret,
1825 2444 2029 2485 vacans

445 2519 768 2587 operationi,
831 2535 895 2576 ac
949 2536 1042 2590 per
1077 2519 1294 2577 habitus
1332 2519 1631 2589 potentiam
1693 2521 2026 2581 subsistens.

447 2608 639 2676 Itaque
670 2608 761 2677 qui
791 2619 992 2666 vestem
1026 2608 1288 2674 divendit,
1337 2608 1564 2663 omnino
1595 2608 1835 2682 gladium
1875 2611 2026 2674 emit,

450 2708 565 2750 tum
601 2698 744 2755 illam
783 2699 1008 2759 minime
1035 2698 1293 2758 amittens
1318 2739 1333 2761 ,
1366 2707 1479 2752 tum
1512 2700 1673 2754 istum
1720 2701 2028 2769 acquiretts.

2130 1799 2186 1852 ἐν
2235 1799 2356 1859 ταῖς
2407 1795 2563 1860 ὕλαις
2603 1793 3047 1864 ἐπιδεικνυμένου
3094 1792 3191 1864 τὴν
3238 1792 3340 1862 τῆς
3385 1791 3698 1860 ἐπιστήμης

2128 1888 2430 1961 ἀκρίϐειαν,
2458 1887 2661 1958 ἀπορία
2699 1887 2756 1940 δὲ
2797 1885 3001 1939 τούτων
3032 1884 3351 1956 ἀργοῦντος,
3381 1880 3691 1954 ἡσυχαζού-

2131 1995 2251 2047 σης,
2281 1979 2380 2030 οὐκ
2400 1975 2802 2046 ἀφανιζομένης
2827 1974 2928 2043 τῆς
2973 1974 3303 2043 ἐπιστήμης.
3358 1971 3484 2034 Πῶς
3526 1971 3636 2041 γὰρ
3667 1972 3700 2040 ἡ

2127 2067 2189 2120 τὸ
2225 2067 2462 2121 τοιοῦτον
2490 2065 2877 2136 ἀποδυσαμένη
2916 2065 3153 2134 ἱμάτιον,
3201 2064 3295 2116 καὶ
3339 2063 3501 2115 πάλιν
3547 2061 3698 2132 αύτῷ

2131 2158 2433 2230 κεχρῆσθαι
2469 2156 2558 2210 διὰ
2594 2156 2692 2228 τὴν
2732 2155 2870 2225 πρὸς
2893 2155 3020 2217 τοὺς
3048 2154 3437 2224 ἀτελεστέρους
3488 2170 3696 2215 συγκα-

2129 2249 2361 2303 τάὁασιν
2391 2231 2834 2318 ἀναγκαζομένη,
2874 2246 3072 2316 φησίν·
3112 2265 3131 2297 ι
3186 2245 3563 2314 Ἐξεδυσάμην
3605 2243 3698 2296 τὸν

2131 2337 2333 2408 χιτῶνά
2357 2351 2479 2406 μου,
2519 2336 2634 2398 πῶς
2656 2335 2957 2404 ὲνδύσωμαι
2980 2333 3168 2386 αὐτόν·
3206 2351 3224 2384 t
3265 2335 3317 2414 εί
3345 2333 3418 2403 μὴ
3451 2333 3544 2386 καὶ
3571 2349 3705 2398 παρ’

2134 2430 2293 2496 έμενε
2320 2426 2381 2479 τὸ
2409 2425 2645 2480 τοιοῦτον
2670 2425 2906 2494 ἱμάτιον,
2933 2423 3190 2495 σχολάζον
3221 2427 3287 2495 τῇ
3319 2424 3573 2494 ἐνεργείᾳ
3615 2424 3704 2477 καὶ

2132 2520 2374 2590 ὑπάρχον
2417 2516 2642 2588 δυνάμει
2707 2517 2806 2588 τῆς
2853 2516 3048 2583 ἐξεωςς
3102 2517 3160 2570 ’0
3194 2510 3286 2571 οὖν
3327 2517 3590 2585 πωλήσας
3640 2516 3698 2568 τὸ

2135 2612 2349 2680 ίμάτιον
2375 2609 2592 2662 ὠνεῖται
2629 2606 2848 2670 πάντως
2886 2607 2986 2678 τήν
3031 2605 3329 2677 μάχαιραν,
3377 2608 3602 2658 κακεῖνο
3631 2605 3702 2675 μὴ

2133 2703 2459 2772 ἐκποιήσας,
2509 2700 2606 2753 καὶ
2655 2698 2812 2752 τοῦτο
2882 2697 3248 2769 κτησάμενος.
3298 2697 3592 2767 Μάχαιραν
3644 2697 3699 2749 δέ

456 2786 656 2842 Verum
711 2788 928 2860 qualem
987 2788 1224 2856 gladium
1263 2790 1439 2848 emit?
1482 2791 1560 2844 An
1608 2790 1779 2855 illum,
1815 2790 1882 2845 de
1923 2807 2031 2861 quo

2137 2795 2387 2864 ἠγόρασε,
2411 2791 2602 2856 ποίαν,
2651 2789 2685 2861 ἢ
2733 2789 2860 2860 περὶ
2888 2784 2956 2860 ἧς
2993 2789 3022 2840 ό
3051 2787 3286 2858 Χριστός
3315 2803 3502 2857 φησιν’
3539 2805 3558 2837 ι
3594 2785 3703 2838 Ούκ

450 2881 703 2940 Christus
727 2881 802 2938 ait
842 2897 855 2934 :
889 2899 908 2931 ι
943 2879 1057 2936 Non
1090 2881 1210 2935 veni
1262 2881 1475 2937 mittere
1523 2898 1731 2950 pacem,
1773 2883 1864 2936 sed
1912 2883 2029 2953 gla-

2137 2882 2292 2957 ἧλθον
2325 2885 2503 2954 βαλεῖν
2535 2883 2781 2953 εἰρήνην,
2837 2879 2972 2933 ἀλλά
3005 2880 3322 2950 μάχαιραν;
3362 2897 3380 2930 ι
3430 2877 3708 2949 μάχαιραν

452 2972 603 3028 dium
635 2972 717 3032 "‘2
763 2991 782 3023 ι
835 2970 1074 3042 gladium
1118 2986 1317 3026 vocans
1363 2972 1767 3042 praedicationis
1821 2990 2031 3031 sermo-

2137 2976 2316 3031 καλῶν
2354 2976 2475 3061 τὸν.
2489 2972 2581 3028 τοῦ
2605 2973 2961 3045 κηρύγματος
2981 2971 3139 3040 λόγον
3161 2987 3174 2999 ·
3194 2969 3270 3033 ὡς
3285 2969 3393 3040 γὰρ
3411 2971 3443 3038 ή
3467 2969 3706 3039 μάχαιρα

453 3081 602 3121 nem.
638 3063 708 3125 Ut
742 3066 885 3125 enim
915 3064 1136 3136 gladius
1156 3065 1350 3126 dividit
1377 3080 1438 3120 ea
1467 3049 1810 3136 quaeinutuo
1835 3076 1964 3123 sunt
2003 3083 2031 3122 a

2137 3066 2338 3136 διαιρεῖ
2367 3049 2887 3133 τά’συμπεφυκότα,
2922 3060 3017 3115 καὶ
3045 3060 3106 3113 τὸ
3130 3058 3352 3129 συνεχὲς
3395 3057 3552 3128 σῶμα
3590 3057 3705 3110 διαο

453 3165 651 3220 natura
693 3172 960 3222 connexa,
989 3165 1045 3211 et
1087 3171 1287 3226 corpus
1337 3157 1661 3214 continuum
1718 3158 1951 3214 dissecat
1983 3157 2031 3210 in

2137 3157 2324 3226 τέμνει
2352 3157 2431 3219 εἰς
2467 3153 2634 3225 μέρη,
2665 3152 2838 3216 οὕτως
2875 3153 2905 3206 ό
2936 3149 3030 3205 τοῦ
3069 3150 3426 3222 κηρύγματος
3452 3149 3609 3217 λόγος
3631 3151 3706 3210 είς

456 3259 674 3321 partes;
718 3250 791 3308 ita
832 3264 1016 3306 sermo
1055 3249 1461 3320 praedicationis
1497 3249 1552 3305 in
1593 3265 2037 3320 unamquamque

457 3344 680 3404 domum
721 3343 982 3402 accedens
1015 3384 1030 3408 ,
1089 3350 1217 3400 tunc
1250 3356 1364 3408 eos,
1411 3343 1502 3412 qui
1538 3342 1677 3398 male
1718 3351 1872 3396 erant
1898 3342 2034 3397 uniti

460 3452 558 3507 per
585 3435 978 3500 inﬁdelitatem,
1006 3435 1072 3490 ab
1103 3433 1336 3491 invicem
1367 3433 1650 3499 discindit,
1682 3433 1854 3488 ﬁlium
1886 3449 1914 3489 a
1941 3449 2037 3502 pa-

460 3536 486 3583 t
516 3543 568 3588 e,
593 3526 758 3579 tiliam
789 3540 821 3582 a
849 3535 1042 3590 matre,
1075 3535 1128 3579 et
1152 3537 1408 3595 sponsam
1452 3537 1483 3578 a
1536 3537 1697 3578 socru
1734 3523 2039 3579 dirimendo

463 3637 530 3677 ac
593 3620 988 3685 dissociando,
1057 3619 1340 3690 ipsamque
1408 3627 1657 3674 naturam
1717 3617 2039 3673 dissecando

464 3710 876 3769 demonstrabat
902 3713 1064 3768 ﬁnem
1094 3711 1497 3784 praedicationis
1529 3709 1825 3766 Dominicae
1851 3751 1865 3776 ,
1893 3710 2040 3780 quod

466 3804 623 3859 valde
648 3803 852 3860 utiliter
909 3812 964 3858 et
990 3802 1057 3860 ad
1088 3802 1370 3857 hominum
1402 3799 1749 3856 commodum
1775 3800 2038 3870 iusserat,

466 3904 529 3951 ut
550 3895 780 3971 apostoli
811 3894 1048 3966 gladium
1082 3895 1407 3964 accipereut,

1075 4007 1300 4065 CAPUT
1361 4007 1444 4064 VI.

542 4123 736 4180 Statim
769 4124 933 4194 igitur
971 4121 1166 4177 Petrus
1199 4121 1496 4190 respondit,
1545 4122 1682 4176 duos
1730 4123 1916 4175 dit-ens
1947 4124 2042 4174 Ιιςιη

469 4217 600 4272 here
635 4216 863 4284 gladios,
891 4229 1030 4284 quos
1061 4223 1114 4268 et
1140 4213 1464 4268 sufﬁcientes
1498 4228 1618 4267 esse
1641 4213 1704 4266 ad
1737 4212 1901 4284 584
1929 4228 2046 4266 cer-

475 4317 678 4370 tamen,
707 4305 849 4374 quod
901 4303 1158 4367 instabat,
1188 4300 1325 4354 dixit
1364 4299 1626 4353 Dominus
1657 4298 1723 4352 ⁸⁸.
1772 4299 1878 4366 Ipsi
1916 4313 2043 4351 vero

2138 3249 2377 3318 ἑκάστην
2405 3245 2664 3317 χωρήσας
2691 3243 2892 3310 οἰκίαν,
2940 3243 3064 3296 τότε
3112 3244 3241 3305 τοὺς
3289 3240 3479 3300 κακῶς
3521 3243 3582 3293 ὲν
3636 3241 3703 3309 τῇ

2138 3339 2366 3410 ἀπιστίᾳ
2397 3337 2708 3409 ἡνωμένους
2737 3335 2829 3389 ἀπ’
2861 3334 3109 3405 ἀλλήλων
3136 3334 3409 3404 διέτεμεν,
3443 3331 3557 3386 υίδν
3601 3331 3708 3385 ἀπὸ

2141 3432 2370 3502 πατρὸς,
2427 3427 2704 3498 θυγατέρα
2738 3426 2846 3481 ἀπὺ
2893 3425 3128 3496 μητρὸς,
3191 3425 3287 3478 καὶ
3338 3424 3560 3494 νύμφην
3602 3421 3709 3475 ἀπὸ

2140 3523 2406 3593 πενθερᾶς
2430 3519 2781 3591 ἀπώιαιρῶν,
2819 3518 2990 3589 αὐτὴν
3011 3516 3371 3586 κατατέμνων
3395 3516 3493 3586 τὴν
3546 3513 3711 3582 φύσιν

2139 3614 2379 3667 ἐδείκνυε
2403 3612 2464 3665 τὸ
2497 3612 2670 3683 πέρας
2694 3611 2794 3681 τῆς
2813 3607 2907 3663 τοῦ
2939 3609 3150 3680 Κυρίου
3183 3605 3589 3678 παραγγελίας,
3629 3605 3710 3657 ὅτι

2142 3705 2344 3775 σφόδρα
2373 3703 2678 3775 χρησίμως,
2695 3703 2789 3756 καὶ
2805 3701 2898 3755 ἐπὶ
2918 3700 3249 3772 συμφέροντι
3273 3698 3382 3752 τῶν
3409 3698 3506 3751 ἀνθ
3514 3696 3712 3769 ρώπων

2145 3799 2416 3870 μάχαιραν
2439 3793 2620 3848 λαϐεῖν
2649 3793 2778 3857 τοὺς
2803 3792 3135 3855 ἀποστόλους
3188 3789 3498 3844 ἐκέλευσεν.

2738 3991 2989 4045 ΚΕΦΑΛ.
3031 3991 3122 4058 cr.

2215 4107 2428 4171 Εὐθέως
2477 4104 2570 4160 οὖν
2591 4108 2618 4156 ὁ
2644 4106 2845 4176 Πέτρος
2875 4103 3230 4174 ἀποκρίνεται
3259 4100 3350 4154 δύο
3371 4099 3546 4167 λέγων
3572 4097 3715 4165 ἔχειν

2148 4199 2438 4271 μαχαίρας.
2469 4197 2536 4261 ἃς
2564 4197 2658 4249 καὶ
2689 4195 2880 4259 ἱκανὰς
2912 4195 3047 4269 πρὸς
3069 4194 3160 4247 τὸν
3195 4190 3550 4263 προκείμενον
3581 4187 3716 4256 ἔφη·

2147 4309 2239 4343 σ;ν
2262 4290 2445 4357 ἀγῶνα
2473 4291 2501 4342 ό
2533 4289 2734 4358 Κύριος
2761 4280 2919 4338 εἶναι.
2956 4276 3128 4337 Αύται
3176 4283 3232 4336 δέ
3259 4284 3417 4342 εἰσιν,
3454 4279 3527 4342 ὣς
3554 4293 3718 4347 φησιν

475 4405 623 4461 sunt,
658 4357 815 4449 utjait
859 4392 1174 4463 Apostolus,
1211 4391 1466 4444 nimirum
1510 4389 1823 4459 redargutio
1869 4403 2031 4457 Oppo-

2148 4386 2176 4437 ὁ
2228 4380 2572 4442 Ἀπόστολος,
2620 4357 2840 4448 ἐλεγχος
2878 4376 2986 4429 τῶν
3046 4371 3571 4441 ἀντιδιατιθεμένων,
3627 4367 3720 4421 καὶ

476 4492 787 4554 ιιίιοτιιιιι,ει
806 4486 1112 4543 exhortatio
1151 4483 1424 4548 ﬁdelium;
1463 4483 1541 4537 sic
1573 4482 1718 4536 enim
1755 4479 1878 4535 Tito
1909 4482 2044 4536 seri-

476 4579 632 4641 hens,
677 4579 777 4631 hos
821 4575 875 4630 in
923 4587 1118 4627 manus
1164 4571 1326 4624 tradit
1373 4569 1708 4632 doctoribus,
1759 4571 1887 4623 dum
1928 4571 2035 4626 ait:

483 4692 503 4724 ι
536 4671 598 4727 Ut
631 4679 821 4740 potens
851 4669 920 4723 sit
943 4675 998 4720 et
1024 4666 1074 4719 in
1100 4664 1344 4717 dot-trina
1369 4664 1665 4724 exhortari,
1693 4671 1746 4715 et
1778 4663 2048 4715 contradi-

480 4782 526 4817 ci
547 4769 667 4817 nies
695 4774 924 4830 arguere
947 4758 1027 4822 7°;
1064 4776 1080 4807 ι
1115 4769 1422 4810 sermonem
1470 4754 1521 4806 in
1549 4757 1755 4822 species
1794 4753 1932 4806 duas
1965 4753 2047 4804 di-

481 4851 795 4920 stinguens;
835 4847 937 4902 alia
978 4854 1061 4900 est
1103 4846 1249 4898 enim
1274 4843 1482 4911 species
1533 4842 1793 4896 doctrina:
1829 4857 1954 4911 erga
1989 4840 2050 4894 ﬁ-

482 4945 652 5005 deles,
695 4953 748 4996 et
785 4940 887 4993 alia
918 4949 1105 4991 multa
1139 4937 1380 4989 veritatis
1416 4935 1708 4998 inimicos;
1751 4934 1862 4987 lucc
1903 4934 2050 4986 enim

483 5046 566 5092 est
603 5033 910 5102 redargutio
951 5030 1226 5092 falsitatis,
1260 5029 1346 5081 illa
1383 5044 1507 5080 vero
1539 5026 1880 5080 conﬁrmatio
1909 5025 2052 5078 veri-

484 5129 631 5184 tatis.
657 5127 811 5192 ρειοά
847 5134 1025 5180 autem
1064 5137 1369 5178 sermonem
1408 5130 1562 5174 vocet
1606 5119 1879 5188 gladium,
1940 5133 2055 5169 ina-

487 5219 742 5275 uifestum
765 5226 847 5273 est
882 5216 1137 5271 omnibus
1156 5255 1171 5278 ,
1199 5229 1322 5266 cum
1353 5228 1415 5266 ea
1445 5211 1611 5266 dictio
1659 5210 1780 5263 trita
1809 5207 2054 5269 exsistat,

487 5326 554 5364 eo
579 5311 723 5380 quod
776 5309 849 5362 sit
890 5308 954 5361 ad
999 5321 1218 5360 manum
1249 5305 1370 5366 sita,
1421 5319 1542 5371 quae
1584 5301 1752 5355 dicit:
1803 5319 1821 5352 ι
1858 5297 2056 5351 Vivens

491 5402 686 5471 quippe
716 5413 895 5455 sermo
932 5396 1044 5460 Dei,
1075 5405 1130 5449 et
1157 5393 1365 5456 elﬁcax,
1397 5403 1448 5445 ct
1480 5389 1867 5460 peuctrabilior
1892 5402 2056 5454 super

491 5507 708 5550 omnem
752 5490 989 5562 gladium
1041 5486 1330 5554 ancipitem
1371 5484 1437 5535 τι.
1478 5502 1495 5532 ι
1550 5481 1645 5536 llic
1701 5493 1936 5548 namque
1978 5477 2048 5530 bi-

2151 4473 2495 4544 παράκλησις
2510 4471 2619 4524 τῶν
2641 4469 2859 4523 πιστῶν·
2876 4469 3048 4531 οὕτως
3069 4467 3178 4538 γὰρ
3197 4465 3273 4536 τῷ
3298 4465 3444 4534 Τίτῳ
3463 4462 3711 4533 γράφων,

2153 4565 2352 4626 ταύτας
2389 4561 2678 4636 ἐγχειρίζει
2713 4562 2822 4622 τοῖς
2851 4557 3214 4617 διδασκάλοις,
3271 4555 3478 4622 λέγων’
3529 4571 3547 4604 ι
3605 4552 3722 4604 Ἵνα

2154 4653 2377 4714 δυνατὸς
2473 4651 2567 4702 καὶ
2586 4647 2928 4720 παρακαλεῖν
2954 4648 3010 4698 ἐν
3029 4648 3094 4715 τῇ
3117 4641 3433 4712 διδασκαλία
3449 4643 3514 4711 τῇ
3541 4641 3720 4706 ὑγιαιο

2151 4744 2336 4814 νούσῃ.
2374 4740 2468 4795 καὶ
2505 4741 2631 4802 τοὺς
2671 4737 3050 4805 ἀντιλέγοντας
3101 4735 3362 4804 ἐλέγχειν,
3403 4751 3420 4782 ι
3454 4731 3722 4797 τὸνλόγον

2152 4838 2232 4899 εἰς
2254 4833 2368 4902 εἴδη
2393 4831 2488 4885 δύο
2510 4829 2753 4899 διαιρῶνο
2777 4827 2902 4882 ἄλλο
2928 4826 3037 4896 γὰρ
3057 4820 3195 4887 εἶδος
3223 4824 3283 4877 τὸ
3307 4823 3403 4892 τῆς
3435 4821 3569 4892 πρὸς
3600 4820 3723 4880 τοὺς

2157 4926 2376 4988 πιστοὺς
2403 4923 2769 4984 διδασκαλίας,
2799 4920 2893 4974 καὶ
2915 4919 3042 4973 ἄλλο
3071 4918 3208 4988 πρὸς
3229 4917 3356 4979 τοὺς
3384 4914 3610 4984 ἐχθροὺς
3628 4912 3722 4980 τῆς

2157 5015 2430 5085 ἀληθείας.
2469 5012 2543 5064 Τὸ
2601 5011 2698 5080 μέν
2734 5011 2843 5079 γάρ
2899 5010 3047 5061 ἐστιν
3099 5007 3321 5074 ἔλεγχος
3365 5001 3617 5073 ψεύδους,
3665 4997 3724 5052 τὸ

2159 5109 2216 5160 δὲ
2244 5107 2342 5175 τῆς
2394 5102 2652 5173 ἀληθείας
2707 5099 3019 5171 βεϐαίωσις.
3049 5099 3171 5152 Ὅτι
3219 5097 3272 5150 δὲ
3323 5096 3595 5166 μάχαιραν
3637 5091 3724 5145 τὸν

2162 5197 2319 5264 λόγον
2360 5195 2532 5259 καλεῖ,
2566 5193 2700 5248 πᾶσι
2753 5190 2932 5259 δῆλον,
2980 5189 3349 5260 τετριμμένης
3383 5185 3470 5238 διὰ
3497 5185 3560 5238 τὸ
3596 5181 3721 5252 πρό-

2165 5304 2347 5358 χειρον
2385 5286 2484 5353 τῆς
2519 5283 2798 5354 Γραφικῆς
2848 5281 3046 5346 λέξεως
3082 5281 3179 5350 τῆς
3221 5278 3508 5347 λεγούσης·
3557 5294 3576 5326 ι
3613 5273 3722 5328 Ζῶν

2165 5383 2272 5451 γὰρ
2297 5382 2325 5433 ό
2351 5380 2504 5447 λόγος
2533 5377 2626 5430 τοῦ
2663 5375 2819 5440 Θεοῦ,
2869 5373 2965 5427 καὶ
2995 5372 3242 5441 ἐνεργὴς,
3299 5369 3393 5422 καὶ
3423 5365 3721 5451 τομώτερος

2339 5475 2518 5526 πᾶσαν
2555 5469 2830 5540 μάχαιραν
2863 5465 3136 5534 δίστομον.
3182 5480 3200 5512 ι
3242 5457 3509 5514 Ἐνταῦθα
3538 5455 3638 5525 γὰρ
3667 5449 3722 5503 τὸ

571 5667 614 5697 ⁸⁸
643 5665 798 5725 Deut.
831 5681 1022 5726 xum,
1055 5665 1141 5717 20.
1218 5666 1257 5694 ⁸⁷
1285 5665 1421 5714 (lant
1478 5678 1527 5727 v,
1555 5663 1603 5714 5.
1685 5661 1726 5693 °'
1760 5658 1948 5713 Matth.
1982 5673 2031 5722 ι,

2145 5695 2154 5708 .
2237 5655 2277 5685 θ’
2315 5652 2445 5706 Luc.
2491 5665 2622 5709 XXII,
2652 5648 2738 5702 58.
2817 5647 2858 5678 ⁷ο
2895 5643 2998 5699 Tit.
3050 5659 3086 5706 ι,
3114 5639 3165 5693 9.
3242 5640 3282 5670 ⁷⁸
3316 5636 3478 5692 Hebr.
3511 5651 3583 5692 tv.
3615 5629 3693 5686 l9.
