4066 6146
426 295 492 362 1‘2
505 295 567 360 i3

1902 302 2180 363 SERMO.

3547 308 3680 371 1271

422 415 700 484 ἄμφηκες,
738 411 813 471 ὡς
843 414 1057 487 εἴρηται
1089 415 1175 469 διὰ
1201 415 1293 469 τοῦ
1341 416 1519 486 λόγου.
1548 416 1781 471 Δύναται
1809 417 1867 470 δέ
1905 434 1976 481 τις

2095 432 2243 486 crps,
2269 431 2360 473 seu
2398 418 2651 474 scindens
2681 420 2953 488 utrinque,
2983 432 3042 475 ut
3069 421 3273 477 dictum
3307 433 3411 490 cst,
3448 425 3678 480 demon-

418 502 513 556 δύο
546 502 821 574 μαχαίρας
841 504 1021 573 λέγειν
1052 507 1348 577 σαφήνειαν
1386 508 1480 561 καὶ
1502 509 1780 579 ἀλήθειαν.
1814 503 1983 564 Αὗται

420 594 549 666 γὰρ,
575 595 706 650 ὅταν
735 590 836 649 ὦσι
859 597 1294 668 παρεζευγμὲναι
1454 600 1618 671 λόγῳ,
1649 602 1851 666 ἱκανῶς
1870 620 1988 673 xst-

423 682 642 755 ροῦνται.
695 686 822 749 τοὺς
872 687 1416 757 ἀντιδιατιθεμένους.
1475 691 1573 744 Διὰ
1615 691 1774 745 τοῦτο
1816 694 1909 746 καὶ
1959 695 1989 746 ὁ

419 777 707 848 ἀρχιερεὺς
738 777 831 830 ἐπὶ
862 778 960 840 τὰς
988 777 1084 832 τοῦ
1116 780 1244 849 περὶ
1278 780 1476 852 στέρνα
1502 782 1683 850 λογίου
1708 785 1986 853 μυστικῶς

419 863 769 934 ἐπικειμένας
817 859 932 935 εἶχε
983 866 1217 937 δήλωσιν
1264 869 1363 923 καὶ
1417 870 1701 943 ἀλήθειαν,
1754 872 1986 944 δήλωσιν

416 954 553 1024 πρὸς
582 956 881 1024 σαφήνειαν
928 955 1040 1010 τῶν
1071 956 1404 1028 λεγομένων,
1463 962 1558 1015 καὶ
1585 962 1726 1033 πρὸς
1754 962 1986 1033 ἀνατρο-

413 1044 527 1113 πὴν
566 1042 795 1113 ψεύδους
843 1044 1125 1115 ἀλήθειαν.
1162 1047 1415 1101 Φαίνεται
1434 1045 1529 1103 οὖν
1557 1051 1585 1102 ὁ
1624 1049 1852 1121 Πέτρος,
1888 1048 1985 1103 καὶ

410 1136 755 1206 χρησάμενος
787 1139 854 1206 τῇ
895 1138 1140 1209 μαχαίρᾳ
1196 1139 1403 1208 σαφῶς,
1431 1140 1519 1193 ὅτε
1562 1141 1623 1194 τὸ
1660 1141 1824 1196 ὠτίον
1875 1144 1983 1194 ἁπ-

413 1226 580 1295 ἑκοψε
607 1226 701 1280 τοῦ
722 1228 910 1282 δούλου
935 1228 1027 1282 τοῦ
1049 1229 1369 1301 ἀρχιερέως,
1396 1232 1671 1285 καὶτοῦτο
1699 1232 1980 1302 μυστικῶς

410 1315 546 1386 ἅμα,
586 1318 682 1370 καὶ
732 1318 1078 1387 συμϐολικῶς
1106 1319 1371 1374 ἐπιτελῶν
1392 1336 1407 1350 ο
1461 1321 1518 1373 ὲν
1543 1322 1684 1391 ἀρχῇ
1739 1322 1838 1392 μὲν
1870 1321 1980 1394 γὰρ

405 1407 501 1460 τοῦ
572 1407 951 1482 κηρύγματος⁸
989 1411 1040 1463 οί
1098 1410 1408 1477 ἀπόστολοι,
1480 1411 1577 1465 καὶ
1631 1396 1692 1464 ab
1761 1411 1982 1482 νομικὸν

404 1497 625 1552 ἐποίουν
677 1499 1045 1571 προσάγοντες
1075 1503 1143 1571 τῇ
1190 1500 1330 1573 θύρᾳ
1374 1502 1452 1572 τῷ
1513 1503 1744 1568 εἰπῦντι,
1772 1522 1790 1556 ι
1838 1502 1979 1571 Ἑγὼ

404 1589 519 1659 είμι
546 1590 580 1659 ὴ
607 1588 767 1661 θύρα,
806 1609 824 1642 ι
871 1592 1000 1656 τοὺς
1046 1592 1302 1661 λέγοντας
1342 1594 1693 1664 ἠγαπηκέναι
1741 1594 1840 1665 τὴν
1882 1593 1977 1648 τοῦ

403 1682 570 1751 νόμου
618 1682 956 1750 δεσποτείαν,
1011 1686 1107 1739 καὶ
1164 1686 1229 1739 τὸ
1272 1686 1370 1757 τῆς
1425 1686 1675 1749 παιδείας
1726 1685 1981 1751 λαϐόντες

403 1770 649 1842 ὀπήτιον,
675 1773 975 1846 ἐπειρῶντο
1003 1776 1103 1847 τὴν
1148 1776 1403 1848 δουλικὴν
1437 1777 1606 1848 ἀκοὴν
1648 1779 1979 1850 μετατιτρᾷν

403 1861 482 1924 εἰς
510 1861 824 1934 ἐλευθερίας
866 1865 1134 1938 ὑπακοήν.
1179 1867 1308 1921 Ὅτε
1351 1866 1413 1920 δὲ
1457 1866 1710 1932 ἀναξίους
1760 1866 1980 1938 ἔκριναν

404 1949 627 2014 ἑαυτοὺς
651 1954 701 2007 oi
724 1953 963 2008 Ἰουδαῖοι
994 1956 1094 2025 τῆς
1112 1956 1334 2015 αἰωνίου
1359 1956 1527 2026 ζωῆς,
1551 1959 1646 2010 καὶ
1665 1952 1732 2027 ἦν
1765 1959 1979 2029 ἀνάγκη

404 2042 710 2112 στραφῆναι
740 2043 925 2099 λοιπὸν
957 2047 1039 2110 είς
1066 2046 1134 2101 τὰ
1166 2046 1316 2117 ἔθνη,
1352 2047 1475 2101 τότε
1508 2046 1589 2119 τῷ
1629 2049 1845 2119 ῥήματι
1882 2049 1977 2103 τοῦ

402 2133 717 2202 Πνεύματος
746 2136 1111 2192 ἀποκόπτουσι
1144 2138 1324 2193 τέλεον
1342 2139 1523 2193 αὐτῶν
1551 2139 1649 2211 τὴν
1679 2140 1872 2211 ἀκοὴν,
1904 2142 1979 2204 ὡς

401 2223 502 2277 οὐκ
530 2225 611 2279 ἔτι
642 2224 810 2290 ἀξίων
839 2227 1007 2282 ὄντων
1036 2229 1122 2283 διὰ
1148 2231 1245 2300 τὴν
1272 2212 1561 2285 ἀπείθειαν
1583 2229 1679 2283 τοῦ
1700 2230 1801 2301 τῆς
1829 2231 1981 2286 ἐλευ-

404 2313 591 2386 θερίας
617 2316 796 2385 λόγου·
822 2318 882 2373 τὸ
909 2319 1015 2390 γὰρ
1048 2321 1222 2374 εἰπεῖν
1240 2337 1256 2353 ο
1295 2340 1314 2374 ι
1371 2322 1532 2393 Ὑμῖν
1559 2320 1628 2396 ἦν
1680 2326 1980 2394 ἀναγκαῖον

402 2406 619 2476 πρῶτον
673 2407 970 2480 λαληθῆναι
999 2411 1091 2464 τὸν
1128 2411 1284 2482 λόγον
1326 2412 1422 2466 τοῦ
1464 2413 1622 2480 Θεοῦ,
1673 2433 1693 2467 ι
1749 2433 1976 2486 μετατι-

401 2499 537 2567 τρᾷν
583 2493 653 2570 ἦν
683 2500 782 2570 τὴν
831 2501 1081 2573 δουλικὴν
1125 2503 1294 2575 ἀκοὴν
1332 2507 1414 2569 είς
1459 2506 1801 2578 ἐλευθερίαν*
1824 2511 1887 2565 τὸ
1919 2512 1977 2565 δὲ

400 2588 565 2643 πάλιν
591 2591 888 2663 ὲπιφῆσαι·
930 2611 949 2645 ι
1004 2594 1127 2648 Ὅτι
1161 2595 1410 2663 ἀναξίους
1444 2597 1697 2668 ἐκρίνατε
1750 2600 1978 2666 ἑαυτοὺς

399 2681 499 2750 τῆς
528 2682 747 2736 σίωνίου
790 2683 954 2755 ζωῆς,
992 2686 1337 2757 στρεφόμεθα
1377 2688 1460 2753 είς
1489 2688 1560 2744 τὰ
1589 2688 1742 2761 ἔθνη,
1775 2691 1977 2747 ἀποκὸο

398 2772 495 2843 ψαι
520 2768 586 2845 ἦν
609 2773 789 2831 τέλεον
825 2775 1003 2830 αὐτῶν
1028 2776 1128 2848 τὴν
1147 2777 1340 2851 ἀκοήν.

1001 3063 1255 3121 ΚΕΦΔΔ.
1300 3068 1375 3121 Z'.

468 3174 578 3228 Kal.
614 3174 642 3226 ὁ
675 3171 889 3235 Παῦλος
918 3171 980 3227 τὸ
1006 3172 1141 3227 αὐτό
1174 3191 1342 3245 φησιν
1370 3175 1557 3241 αὐτοῖς
1587 3175 1785 3246 λέγων’
1820 3197 1840 3232 ι
1881 3180 1976 3234 0!-

396 3266 635 3332 ewecév
666 3265 816 3337 νόμῳ
846 3264 1163 3320 δικαιοῦσθε
1208 3268 1310 3338 τῆς
1340 3268 1562 3340 χάριτος
1598 3269 1917 3335 ἐξεπέσατε.
1949 3290 1968 3324 ι

397 3357 471 3410 Τ)
507 3357 617 3429 γὰρ
663 3358 916 3412 ἐκπεσεῖν
947 3357 1049 3427 τῆς
1079 3358 1305 3429 χάριτος
1343 3358 1507 3414 τοῦτο
1536 3356 1627 3433 ἦν,
1663 3361 1726 3416 τὸ
1768 3362 1975 3417 ἀποκο-

401 3450 566 3516 πῆναι
616 3448 712 3502 τοῦ
745 3449 844 3519 τῆς
886 3448 1200 3518 ἐλευθερίας
1234 3449 1414 3520 λόγου.
1455 3451 1558 3504 Διὰ
1608 3452 1771 3507 τοῦτο
1820 3454 1917 3508 καὶ
1943 3454 1975 3508 ὁ

400 3540 601 3610 Κύριός
632 3556 816 3609 φησιν·
855 3559 874 3592 ι
904 3540 1269 3611 Πορευθέντες
1300 3541 1679 3613 μαθητεύσατε
1703 3545 1881 3598 πάντα
1906 3544 1977 3599 τὰ

399 3632 524 3701 ἔθνη
573 3651 591 3684 ι
620 3632 758 3704 μετὰ
777 3632 877 3703 τὴν
898 3632 1183 3705 ἀποκοπὴν
1209 3632 1304 3686 τοῦ
1331 3633 1555 3688 ἐκείνων
1581 3635 1764 3700 ὠτίου,
1784 3637 1845 3690 τὸ
1865 3636 1975 3690 τῶν

398 3723 567 3777 ἐθνῶν
598 3723 734 3793 πρὸς
785 3723 1034 3792 ὑπακοὴν
1085 3723 1320 3791 ἀνοίγων
1370 3723 1553 3779 ὠτίον.
1600 3725 1771 3779 Τοῦτο
1818 3729 1973 3800 καὶὴ

398 3814 606 3869 Παλαιὰ
636 3813 827 3887 Γραφὴ
878 3814 985 3884 πρὸ
1009 3814 1205 3867 πολλοῦ
1236 3815 1330 3868 καὶ
1356 3813 1566 3868 ἄνωθεν
1599 3815 1966 3889 μαρτύρεται,

400 3907 688 3979 ἀμφότερα
737 3905 1032 3979 διαρρήδην
1086 3904 1529 3976 προφητεύουσα,
1583 3907 1667 3960 ὅτι
1702 3908 1975 3963 κάκείνων

402 4000 816 4069 ἁποκοπήσεται
844 3999 903 4051 τὸ
924 3998 1106 4062 ὠτίον,
1134 3998 1229 4052 καὶ
1251 3999 1332 4052 ὅτι
1364 4000 1798 4071 προστεθήσεται
1816 4003 1976 4065 τοῦτο

402 4093 513 4153 τοῖς
541 4089 739 4143 ἔθνεσι.
774 4087 916 4159 Πρὸς
954 4088 1054 4158 μὲν
1100 4088 1209 4159 γὰρ
1240 4086 1337 4157 τὴν
1378 4089 1711 4160 Συναγωγὴν
1742 4091 1772 4144 ὁ
1806 4090 1976 4157 ·Ἰεζε·

403 4180 527 4251 κιήλ
552 4194 707 4249 φησιο
737 4197 755 4229 ι
786 4178 968 4241 Ῥῖνας
1001 4194 1096 4231 σου
1129 4177 1225 4231 καὶ
1250 4171 1366 4232 ὦτά
1405 4194 1499 4231 σου
1524 4180 1918 4251 ἀποκόψουσινο
1950 4201 1969 4236 ι

397 4273 521 4326 οὔτε
555 4272 664 4342 γὰρ
687 4270 787 4340 τῆς
813 4270 1044 4332 εὐωδίας
1071 4270 1180 4324 τῶν
1226 4270 1415 4342 μύρων
1452 4271 1809 4327 ἀντελάὸοντο
1837 4276 1973 4346 Χρι-

2091 513 2294 557 stratur
2334 520 2430 574 per
2482 521 2605 560 esse
2651 523 2851 577 anceps
2897 511 3191 566 sermonis.
3259 513 3448 570 Posset
3491 524 3676 570 autem

2089 596 2285 664 aliquis
2315 599 2453 652 duos
2478 599 2683 668 gladios
2728 600 2931 665 dicere,
2988 602 3427 671 exp!anationcm
3490 622 3557 661 ac
3586 622 3685 662 ve-

2089 687 2321 742 ritatem.
2346 686 2454 742 Illae
2480 704 2690 759 nempe.
2709 691 2927 759 quando
2957 693 3199 747 sermoni
3229 703 3359 747 sunt
3385 709 3670 758 connexa,

2087 778 2417 833 sufﬁcienter
2428 780 2643 833 domant
2666 782 2944 850 oppositos
2964 799 2979 844 ;
2999 782 3200 837 idcirco
3212 785 3464 852 princeps
3481 800 3671 839 sacer-

2085 869 2273 922 dotum
2297 869 2349 921 in
2365 868 2617 923 rationali
2632 869 2771 924 circa
2786 878 3006 939 [lectura
3022 872 3246 941 mystice
3268 872 3553 942 impositas
3578 869 3676 927 ha-

2087 959 2204 1014 huit
2223 960 2671 1030 signiﬁcationem
2699 971 2751 1013 et
2776 962 3055 1014 veritatem
3082 980 3099 1015 :
3132 962 3582 1030 signiﬁcationem
3603 965 3671 1019 ad

2084 1051 2501 1106 declarationem
2553 1067 2743 1106 eorum
2777 1066 2900 1121 quae
2923 1054 3282 1118 dicuntur,et
3302 1056 3581 1110 veritatem
3605 1058 3671 1110 ad

2085 1142 2465 1201 refutationem
2505 1142 2792 1199 mendacii.
2832 1143 3059 1225 Vitatur
3082 1144 3262 1213 itaque
3288 1144 3480 1199 Petrus
3506 1148 3670 1201 etiam

2086 1250 2219 1289 usus
2294 1235 2581 1304 perspicue
2627 1234 2845 1305 gladio,
2891 1235 3110 1304 quando
3172 1237 3473 1291 auriculam
3524 1239 3675 1292 servi

2084 1326 2350 1396 principis
2380 1327 2724 1382 sacerdotum
2754 1327 2991 1383 abscidit
3015 1328 3083 1394 τ’,
3119 1328 3347 1398 mysﬁce
3376 1329 3542 1383 simul
3609 1345 3674 1384 ac

2083 1419 2379 1490 symbolice
2412 1419 2514 1473 hoc
2540 1419 2849 1497 perliciens.
2872 1419 3117 1489 Apostoli
3148 1434 3386 1490 namque
3415 1419 3470 1473 in
3512 1421 3668 1488 prin-

2082 1507 2228 1578 cipio
2255 1505 2682 1576 prardicationis,
2716 1515 2828 1564 tum
2859 1508 3030 1579 legale
3055 1506 3347 1577 faciebant,
3403 1509 3675 1565 adducen-

2082 1608 2165 1653 tes
2219 1597 2287 1653 ad
2337 1600 2558 1663 ostium,
2595 1599 2850 1654 nimirum
2888 1601 2953 1655 ad
2991 1615 3137 1667 eum,
3164 1601 3258 1671 qui
3282 1601 3461 1655 dixit:
3499 1621 3517 1653 ι
3557 1601 3668 1669 Ego

2083 1703 2205 1745 sum
2254 1689 2452 1744 ostium
2483 1689 2554 1757 ⁷³,
2587 1708 2605 1741 ι
2642 1705 2762 1756 eos,
2814 1688 2906 1761 qui
2956 1690 3322 1757 afﬁrmabant,
3372 1702 3493 1749 sese
3534 1691 3671 1761 legis

2082 1770 2425 1837 dominatum
2456 1780 2753 1849 dilexisse;
2784 1791 2900 1837 tum
2930 1782 3234 1852 disciplinae
3258 1778 3478 1838 ﬁbulam
3505 1782 3669 1853 585
3762 1808 3767 1811 -

2081 1871 2767 1941 ιιειτίρίθηιοενιειιιειὺιιηι
2805 1871 3054 1925 auditum
3109 1872 3365 1928 servilem
3398 1873 3465 1927 ad
3506 1873 3669 1926 liber-

2081 1964 2209 2018 tatis
2239 1962 2604 2033 obedientiam
2630 1961 2909 2031 perforare
2939 1980 2952 2016 :
2985 1961 3204 2032 quando
3234 1977 3364 2017 vero
3389 1960 3558 2017 Judri
3586 1962 3671 2016 iu-

2081 2048 2428 2125 dignos'sese
2467 2063 2664 2126 zelen-na
2715 2053 2821 2107 vita
2856 2053 3198 2123 judicarunt,
3246 2069 3310 2107 ac
3359 2054 3426 2108 de
3460 2061 3662 2108 caatero

2082 2161 2365 2201 necessum
2397 2155 2515 2199 erat
2552 2144 2794 2200 converti
2826 2146 2890 2199 ad
2931 2155 3117 2216 gentes
3143 2186 3158 2209 ,
3193 2154 3331 2200 tunc
3360 2145 3524 2200 verbo
3553 2144 3673 2214 Spi‘

2079 2238 2217 2293 ritus
2241 2237 2481 2292 totalitcr
2529 2252 2720 2291 eorum
2768 2237 3104 2292 abscindunt
3158 2238 3429 2300 auditum,
3480 2247 3670 2307 utpote

2079 2327 2172 2397 qui
2205 2342 2312 2382 non
2341 2326 2578 2397 amplius
2630 2334 2814 2381 essent
2861 2326 3008 2396 digni
3061 2327 3329 2383 libertatis
3384 2343 3662 2383 sermone.

2079 2414 2293 2471 Etenim
2339 2416 2484 2486 quod
2515 2416 2718 2470 dictum
2772 2415 2841 2470 iis
2893 2414 3101 2471 fuerit:
3141 2435 3159 2467 ι
3207 2414 3373 2471 Vobis
3415 2429 3669 2470 necessa-

2078 2507 2219 2564 rium
2250 2515 2367 2562 crat
2395 2507 2630 2578 primum
2655 2507 2802 2577 loqui
2829 2505 2920 2561 Dei
2938 2522 3247 2562 sermonem
3272 2506 3351 2574 7‘;
3384 2526 3401 2558 ι
3431 2515 3550 2561 erat
3579 2507 3669 2562 hic

2077 2599 2302 2670 quidam
2346 2596 2660 2669 perferendi
2693 2598 2890 2653 modus
2926 2598 3181 2654 servilem
3223 2598 3469 2653 auditum
3505 2599 3570 2653 ad
3605 2598 3668 2651 li-

2078 2688 2345 2747 bertatem
2372 2710 2387 2759 ;
2410 2690 2555 2762 quod
2581 2701 2762 2746 autem
2796 2689 2959 2745 fuerit
2984 2690 3065 2747 eis
3085 2689 3265 2747 denuo
3292 2705 3612 2760 responsum
3647 2701 3665 2743 ι

2085 2802 2104 2835 ι
2146 2780 2286 2849 Quia
2332 2779 2894 2850 indignosjudicastis
2937 2795 3036 2836 vos
3089 2779 3239 2850 ipsos
3276 2789 3476 2835 aeterna
3531 2787 3665 2847 vita,

2080 2873 2458 2930 convertimur
2479 2871 2544 2926 ad
2576 2880 2765 2941 gentes
2795 2870 2893 2937 ⁷⁸,ι
2917 2879 3034 2926 erat
3055 2870 3147 2926 hic
3175 2870 3397 2939 quidam
3426 2870 3668 2926 totaliter

2081 2964 2440 3023 abscindcudi
2471 2962 2669 3020 modus
2704 2961 2947 3031 ipsorum
2977 2961 3246 3016 auditum.

2668 3071 2899 3128 CAPUT
2950 3071 3065 3129 Vll.

2147 3195 2292 3264 Quin
2323 3203 2375 3248 et
2403 3190 2607 3246 Paulus
2631 3188 2868 3258 idipsum
2899 3188 3006 3259 ait,
3038 3187 3119 3243 eis
3151 3188 3336 3243 dicens
3363 3205 3376 3241 :
3422 3207 3440 3239 ι
3472 3186 3575 3253 Qui
3611 3188 3664 3240 in

2075 3284 2193 3356 lege
2218 3277 2599 3354 justilicamini
2629 3274 2912 3331 cxcidistis
2954 3289 3022 3328 cx
3051 3274 3221 3345 gratia
3252 3274 3320 3327 ⁷⁸.
3351 3293 3385 3326 ι·
3409 3272 3669 3327 Excidcre

2076 3389 2315 3444 namque
2346 3386 2412 3426 ex
2447 3368 2619 3440 gratia
2662 3366 2807 3421 idem
2841 3373 2991 3429 erat,
3029 3377 3093 3418 ac
3125 3363 3374 3418 ahsciudi
3418 3379 3448 3417 a
3491 3362 3666 3417 liber-

2075 3461 2204 3517 tatis
2231 3472 2506 3515 sermone.
2545 3455 2750 3509 ldcirco
2782 3450 3046 3506 Dominus
3070 3450 3231 3504 etiam
3254 3451 3386 3505 dicit
3413 3468 3428 3504 :
3471 3469 3489 3502 ι
3517 3449 3667 3504 Ευιι-

2074 3563 2159 3609 tes
2182 3553 2375 3608 docete
2404 3563 2596 3604 omnes
2620 3553 2807 3616 gentes
2827 3543 2909 3611 '7;
2944 3561 2962 3593 ι
3003 3549 3124 3610 post
3159 3541 3379 3595 illorum
3407 3539 3668 3595 auriculae

2073 3639 2587 3700 detruncationem,
2643 3634 2887 3705 gentium
2942 3631 3241 3686 auriculam
3305 3630 3553 3698 aperiens
3598 3628 3665 3683 ad

2075 3727 2467 3785 obedientiam.
2531 3723 2646 3777 Iloc
2684 3729 2739 3775 et
2763 3719 2988 3788 antiqua
3020 3719 3303 3787 Scriptura
3341 3715 3664 3786 jamdudum

2075 3821 2240 3876 altius
2268 3815 2563 3888 repetendo
2588 3820 2842 3875 testatur,
2872 3819 3104 3876 utraque
3121 3822 3306 3878 aperte
3329 3806 3631 3878 praedicens
3648 3849 3663 3868 .

2075 3912 2222 3983 quod
2247 3921 2300 3966 et
2324 3910 2544 3965 illorum
2575 3903 2926 3961 abscindetur
2970 3901 3215 3956 auricula
3238 3939 3253 3964 ,
3286 3911 3340 3953 et
3367 3899 3513 3967 quod
3551 3900 3668 3954 haec

2076 4002 2437 4074 applicabitur
2467 3997 2751 4068 gentibus:
2793 3996 2870 4051 ait
2910 3996 3058 4051 enim
3097 3991 3348 4047 Ezechiel
3385 3990 3451 4043 ad
3492 3987 3667 4057 Syna-

2075 4111 2265 4169 gngam
2292 4114 2306 4150 :
2348 4113 2369 4145 ι
2398 4091 2567 4148 Nares
2595 4100 2716 4146 tuas
2744 4098 2799 4144 et
2820 4104 2983 4144 aures
3039 4096 3159 4141 tuas
3192 4083 3515 4138 abscindent
3531 4081 3610 4145 τες
3641 4099 3659 4131 ι

2075 4204 2177 4244 nec
2204 4188 2349 4243 enim
2379 4186 2581 4255 bonum
2612 4182 2836 4236 odorem
2881 4186 3283 4250 unguentorum
3315 4174 3519 4230 Christi
3548 4189 3670 4243 per-

2075 4285 2333 4350 ceperunt
2363 4284 2425 4330 ut
2461 4287 2523 4328 ea
2567 4269 2877 4342 (sponsa),
2909 4285 3033 4340 qua;
3059 4269 3278 4324 diccbat
3316 4281 3330 4317 :
3378 4282 3397 4314 ι
3434 4263 3494 4317 In
3531 4262 3666 4317 odo-

397 4361 543 4424 στοῧ,
569 4362 643 4424 ὡς
675 4363 707 4431 ἡ
739 4359 990 4429 λέγουσα,
1018 4379 1038 4412 ι
1068 4362 1159 4425 El;
1186 4361 1363 4433 ὀσμὴν
1395 4361 1584 4434 μύρων
1618 4380 1713 4418 σου
1735 4366 1975 4437 δραμού-

2079 4385 2193 4425 rem
2234 4373 2633 4437 unguentorum
2673 4373 2894 4418 tuorum
2925 4374 3211 4416 curremus
3236 4357 3319 4421 7';
3356 4373 3373 4406 ι
3421 4367 3521 4407 nec
3546 4391 3563 4416 ,
3605 4358 3665 4403 ιιι

402 4453 562 4523 μεθα.
604 4471 621 4502 ι
649 4451 765 4504 οὐδὲ
797 4450 872 4515 ὡς
895 4451 1144 4522 πρόϐατα
1174 4453 1361 4522 φωνῆς
1395 4454 1491 4507 τοῦ
1522 4455 1786 4526 Ποιμένος
1809 4457 1974 4510 ἀκοῦ-

400 4561 487 4596 σαι
522 4542 795 4614 ἠθέλησαν
819 4542 1334 4612 ἠκρωτηριασμένοι
1365 4545 1459 4597 καὶ
1493 4544 1703 4616 λελωὸη
1713 4546 1868 4615 μένοι
1895 4546 1967 4599 τὰ

398 4635 587 4703 καίρια
637 4634 743 4687 τῶν
793 4631 1119 4703 αίσθήσεων.
1165 4633 1221 4685 Ὀ
1245 4633 1302 4685 δὲ
1364 4634 1592 4699 Ἡσαΐας
1632 4637 1803 4706 αὐτὴν
1860 4639 1973 4690 εἰσ-

397 4728 518 4792 άγει
543 4726 642 4795 τὴν
674 4725 733 4790 ἐξ
762 4723 930 4778 ἐθνῶν
959 4723 1242 4791 λέγουσαν,
1278 4742 1297 4776 ι
1347 4726 1661 4797 Προσέθηκέ
1690 4744 1779 4797 μοι
1808 4726 1970 4781 ὠτίον

397 4816 638 4880 ἀκούειν,
666 4816 807 4885 καὶὴ
834 4813 1049 4867 παιδεία
1082 4813 1286 4883 Κυρίου
1311 4815 1520 4883 ἀνοίγει
1545 4834 1648 4883 μου
1676 4817 1746 4869 τὰ
1767 4811 1901 4870 ῶταο
1943 4836 1962 4869 ι

395 4901 505 4959 οίίιν
538 4907 647 4977 γὰρ
668 4905 844 4979 ταύτῃ
877 4904 1185 4977 προσέθηκε
1220 4905 1399 4967 ὠτίον,
1449 4907 1691 4961 τοιοῦτον
1746 4910 1965 4981 ἐκείνης

397 4997 688 5065 ἀπέκοψεν.
724 4998 830 5050 Καὶ
859 4997 1032 5050 ταῦτα
1063 4998 1162 5068 μὲν
1188 4999 1316 5067 περὶ
1354 4998 1462 5049 τῶν
1507 5000 1870 5067 πεπρακότων
1905 5003 1967 5055 τὸ

401 5086 633 5157 ἱμάτιον,
669 5089 760 5141 καὶ
776 5088 1051 5142 λαϐόντων
1074 5089 1351 5160 μάχαιραν
1380 5088 1695 5160 ἀρκούντως
1725 5090 1965 5161 εἴρηται.

398 5177 641 5248 Εῑδωμεν
679 5180 733 5232 δὲ
764 5182 810 5232 εἰ
838 5180 1041 5242 πάντες
1069 5184 1126 5233 ὲν
1157 5179 1236 5250 τῷ
1256 5183 1442 5250 φορεῖν
1470 5181 1530 5232 τὸ
1573 5180 1816 5234 τοιοῦτον
1842 5184 1971 5254 ἱμά-

395 5285 508 5321 τιον
542 5269 814 5347 φοροῦμεν
843 5271 1039 5342 ὀρθῶς,
1075 5272 1263 5341 ἐπειδὴ
1291 5272 1416 5340 περί
1438 5288 1600 5324 τινων
1631 5272 1965 5342 γέγραπται,

396 5361 478 5415 ὅτι
506 5364 689 5414 πᾶσαν
723 5364 911 5432 στολὴν
938 5365 1382 5435 ὲπισυνηγμένην
1412 5364 1569 5434 δόλῳ,
1606 5365 1699 5416 καὶ
1749 5366 1968 5434 ἱμάτιον

2079 4478 2209 4519 oves
2230 4502 2244 4526 ,
2277 4474 2462 4515 vocem
2498 4457 2744 4513 Pastoris
2771 4454 2965 4509 audire
2989 4451 3278 4506 voluerunt
3317 4446 3363 4478 ⁸⁸
3382 4485 3398 4511 ,
3427 4442 3664 4498 ιιιιιιὶιιιιί

2078 4550 2133 4606 ἰιι
2164 4548 2449 4612 extremis,
2483 4561 2547 4601 ac
2574 4542 2865 4616 praacipuis
2887 4555 3152 4600 sensuum
3184 4536 3431 4608 partibus
3452 4533 3673 4588 detrun-

2077 4638 2207 4694 cati.
2245 4637 2413 4693 lsaias
2457 4645 2640 4691 autem
2674 4635 2850 4705 ipsam
2895 4631 3145 4698 inducit,
3183 4644 3308 4699 quae
3348 4640 3380 4682 e
3409 4621 3664 4694 gentibus

2075 4729 2246 4783 electa
2293 4732 2410 4789 est,
2466 4736 2726 4793 Sponsam
2769 4722 3044 4793 dicentem
3086 4737 3100 4774 :
3158 4735 3177 4768 ι
3224 4714 3496 4785 Applicuit
3526 4711 3661 4767 mihi

2078 4832 2261 4874 aurem
2304 4815 2374 4870 ad
2412 4814 2782 4879 audiendum,
2831 4822 2885 4866 et
2922 4809 3215 4880 disciplina
3266 4804 3478 4859 Domini
3534 4816 3664 4870 ape-

2078 4910 2151 4963 rit
2196 4908 2331 4962 mihi
2360 4920 2522 4962 aures
2550 4906 2635 4968 3‘;
2668 4922 2688 4955 ι
2722 4902 2932 4972 qualem
2986 4914 3219 4969 namque
3264 4895 3350 4951 isti
3406 4893 3664 4962 applicuit

2081 4996 2248 5068 586
2287 4994 2623 5055 auriculam,
2664 4991 2827 5045 talem
2873 4988 2942 5042 ab
2990 4988 3079 5040 illa
3126 4982 3380 5039 abscidit.
3435 4978 3502 5032 Et
3548 4978 3665 5031 haec

2076 5089 2296 5158 quidem
2333 5088 2402 5142 de
2431 5087 2514 5142 his
2537 5084 2628 5154 qui
2662 5082 3114 5138 venundederunt
3140 5086 3372 5137 vestem,
3398 5072 3662 5144 gladium-

2076 5197 2181 5250 que
2219 5187 2546 5248 acceperunt
2575 5178 2718 5231 dicta
2757 5176 2867 5229 sint
2910 5173 3066 5232 satis.
3195 5168 3490 5224 Videamus
3525 5164 3659 5234 jam,

2080 5286 2148 5326 an
2180 5287 2373 5326 omnes
2417 5270 2469 5324 in
2510 5269 2603 5323 tali
2652 5274 2802 5321 veste
2843 5263 3087 5326 ferenda,
3133 5260 3462 5315 illanrrccte
3489 5265 3663 5323 geste-

2081 5380 2203 5425 mus
2239 5383 2252 5418 :
2297 5359 2737 5433 quandoquidem
2786 5356 3054 5424 scriptum
3089 5352 3246 5409 estde
3262 5343 3668 5421 quibusdam",

402 5450 541 5522 μετὰ
568 5452 912 5524 καταλλαγῆς
938 5456 1308 5517 ἀποτίσουσιν,
1336 5456 1430 5509 καὶ
1470 5457 1597 5526 περὶ
1636 5455 1833 5521 ἄλλων,
1898 5456 1976 5509 ὅτι

2081 5455 2228 5525 quod
2270 5466 2489 5508 omnem
2525 5457 2727 5504 vcstcm
2765 5445 3062 5500 immistam
3089 5440 3228 5497 'dolo
3265 5455 3328 5493 ac
3364 5435 3662 5492 vestimen-

472 5627 517 5660 ⁷⁸
554 5628 744 5684 Matth.
774 5646 922 5694 XXVI,
953 5633 1041 5688 51.

1150 5631 1196 5664 ⁷³
1229 5631 1387 5687 Joan.
1432 5648 1483 5698 χ,
1515 5632 1567 5685 9.

332 5752 339 5759 ,
398 5693 442 5726 ⁷⁸
477 5698 650 5757 Ezcch
708 5704 981 5768 “111,23.

1063 5704 1102 5735 '9
1136 5702 1293 5757 Cant.
1334 5719 1368 5767 ι,
1406 5704 1454 5756 5.
1533 5702 1576 5731 θθ
1609 5700 1766 5755 Joan.
1813 5718 1862 5763 ιι,
1894 5704 1944 5755 3.

1678 5630 1722 5661 ⁷⁸⁵
1753 5630 1869 5685 Act.
1901 5647 2021 5693 xm,
2045 5634 2132 5687 46.
2234 5631 2277 5663 ⁷⁵
2306 5630 2356 5684 il)

1678 5716 1766 5755 an.
1813 5718 1862 5755 ιι.
1894 5704 1944 5755 3.
2022 5704 2063 5734 ⁸⁸
2107 5705 2206 5755 lsa.
2239 5718 2287 5755 ιι¹

2131 5720 2206 5758 sa.
2239 5718 2287 5768 ι,
2326 5718 2375 5754 τι.

2552 5628 2597 5659 ⁷⁸
2624 5626 2800 5681 Galat.
2823 5641 2876 5687 v.
2911 5625 2962 5678 4.
3063 5620 3106 5654 ⁷⁷
3130 5616 3311 5672 Matth.
3347 5628 3535 5680 xxvm,
3568 5611 3654 5670 l9.

2456 5697 2499 5729 “
2525 5698 2691 5751 Amos
2751 5712 2813 5755 It.
2856 5696 2936 5750 16.

2234 5631 2277 5663 ⁷⁵
2306 5629 2438 5684 ibid.
