4066 6146
423 288 562 355 1275

1910 289 1971 350 S.
2023 284 2207 356 NILII

3528 278 3679 343 1275'

415 417 535 463 tum
565 418 690 461 cum
725 402 1123 475 permutatione
1155 401 1416 468 reddent;
1457 410 1512 457 et
1550 400 1620 458 de
1665 399 1820 465 aliis,
1850 400 1995 471 quod

2115 402 2173 457 τὰ
2204 400 2395 473 ίμάτια
2443 399 2626 454 αὐτῶν
2665 397 3022 470 δεσμεύοντες
3056 395 3311 467 σχοιίνοις
3345 395 3673 465 παραπετάο

417 486 599 549 vestes
619 506 749 547 suas
776 490 1069 544 vincientes
1097 487 1336 553 funibus,
1359 488 1632 544 faciebant
1658 488 1775 543 vela
1804 488 1997 543 adum-

417 583 665 645 brantia,
712 582 998 651 pendentia
1047 581 1117 651 ab
1146 581 1326 636 altari.
1374 579 1568 636 Nonne
1601 581 1769 652 igitur
1803 580 1996 635 stolam

424 675 761 731 committam
792 673 993 726 habent
1012 672 1159 737 dolo,
1191 674 1285 743 qui
1324 675 1379 727 in
1413 674 1743 736 hatresibus,
1764 672 1831 726 ad
1867 671 1996 727 insi.

427 766 684 821 diandum
718 764 1148 832 simplicioribus
1200 764 1489 819 moralimn
1523 764 1789 818 virtutum
1826 762 1998 818 vesti-

422 861 624 916 mentis
690 873 811 915 sesc
859 859 1367 923 cireumamiciunt,
1410 868 1465 914 et
1499 858 1777 928 opinionis
1817 858 1999 928 potius

419 955 700 1026 speculatu
749 969 913 1024 quam
939 955 1183 1020 veritate,
1220 964 1281 1008 ut
1306 954 1503 1019 aliena,
1536 953 1638 1009 ista
1669 952 1724 1008 iu
1756 953 1996 1008 medium

418 1044 741 1116 proferunt,
771 1052 827 1098 et
853 1045 1087 1114 speciem
1120 1054 1459 1100 mansuetam
1490 1061 1557 1101 ac
1583 1041 1878 1114 benignam
1914 1042 2000 1099 ef-

420 1137 692 1202 formant,
736 1150 835 1206 per
872 1151 995 1203 quae
1026 1135 1301 1215 decipiant
1348 1152 1487 1208 quos
1529 1135 1596 1191 ad
1639 1133 1995 1205 perditionem

419 1229 572 1282 velut
600 1227 767 1281 hamo
795 1226 1082 1281 inescant?

980 1335 1209 1392 CAPUT
1261 1335 1393 1391 VIII.

488 1446 580 1502 Isti
618 1462 761 1503 vero
786 1449 839 1503 in
876 1448 1062 1503 I'ntnro
1097 1449 1301 1503 sacculo
1324 1458 1501 1504 vestes
1534 1447 1671 1506 istas
1707 1464 1833 1505 cum
1873 1464 1998 1520 per-

418 1541 722 1595 mutatione
769 1542 1029 1608 reddent;
1080 1556 1179 1596 nec
1226 1540 1371 1595 enim
1415 1541 1663 1596 laborum
1700 1543 1997 1613 repromis-

420 1631 604 1686 siones
643 1634 965 1702 recipient,
1021 1632 1114 1686 sed
1157 1631 1520 1702 supplicium,
1566 1641 1622 1688 et
1657 1634 1997 1704 punitionem

419 1720 756 1790 deceptionis
779 1699 1032 1793 pendent
1063 1760 1079 1785 ,
1126 1699 1242 1776 Deo
1266 1699 1552 1790 iudicante
1592 1699 1855 1778 ultionem
1904 1724 2002 1779 ad-

2115 1705 2204 1777 τῆς
2230 1705 2448 1776 ἀπάτης
2492 1699 2818 1764 ὲκτίσουσιν,

2097 510 2279 564 σματα
2308 492 2526 547 ἐποίουν
2547 492 2781 563 ἐχόμενα
2808 489 2904 544 τοῦ
2934 486 3346 558 θυσιαστηρίου.
3390 487 3484 556 Μή
3532 502 3665 540 ποτε

2070 576 2191 640 ὀὖν
2216 585 2411 657 στολὴν
2439 584 2882 657 ἒπισυνηγμένην
2904 582 3041 653 δόλῳ
3074 580 3315 652 ἔχουσιν.
3350 581 3401 633 oi
3444 581 3504 632 ἐν
3542 581 3666 641 ταῖς

2095 677 2374 750 αἱρέσεσιν
2426 678 2513 730 ἐπ’
2564 677 2756 749 ἐνέδρᾳ
2797 674 2908 729 τῶν
2957 672 3349 745 ἁπλουστέρων
3369 713 3383 738 ,
3438 670 3506 723 τά
3552 669 3662 721 τῶν

2095 769 2303 839 ἠθικῶν
2329 768 2542 840 ἀρετῶν
2592 768 2967 839 ἀμπεχόμενοι
3013 764 3228 837 ἱμάτια,
3272 760 3667 832 δοκησισκοπίᾳ

2098 862 2299 933 μᾶλλον
2323 860 2357 932 ἢ
2387 860 2614 933 ἀληθείᾳ
2634 860 2709 923 ὡς
2728 858 2981 929 ἀλλότρια
3004 855 3180 910 ταῦτα
3200 871 3313 924 παρ
3323 854 3649 921 utilius-act.

2096 953 2193 1008 καὶ
2219 953 2404 1024 σχῆμα
2429 953 2605 1023 πρᾶον
2634 951 2731 1005 καὶ
2760 948 3005 1012 ιπιεικὲς
3044 944 3571 1016 ὲπιμορςραζόμενοι,
3592 943 3663 996 δι’

2095 1038 2173 1100 ὧν
2196 1042 2510 1108 δελεάζουσι
2557 1041 2686 1107 τοὺς
2741 1041 2836 1094 επὶ
2862 1040 2963 1112 τὴν
2989 1036 3273 1092 ἀπώλειαν
3318 1037 3670 1106 ἀγκιστρευο-

2099 1137 2298 1209 μένους
2315 1152 2332 1202 ;

2706 1317 2958 1373 ΚΕΦΔΛ.
2984 1314 3068 1372 H'.

2166 1427 2327 1490 Οῦτοι
2354 1433 2412 1488 δι
2443 1434 2582 1504 μετά
2625 1427 2973 1498 καταλλαγῆς
3010 1427 3071 1480 ὲν
3097 1423 3175 1495 τῷ
3214 1420 3462 1494 μέλλοντι
3486 1419 3666 1482 αίῶνι,

2097 1526 2168 1587 τὰ
2197 1523 2425 1581 τοιαῦτα
2472 1522 2824 1578 ἀποτίσουσιν
2881 1517 3094 1589 ίμάτια·
3152 1515 3215 1569 οὐ
3273 1512 3384 1582 γάρ
3430 1509 3672 1582 sparsa;

2100 1617 2280 1671 πόνων
2338 1613 2728 1685 ἀπολήψονται,
2783 1609 2919 1665 ἀλλά
2980 1604 3255 1679 τιμωρίαν
3312 1603 3406 1657 καὶ
3445 1601 3672 1655 κόλασιν

2877 1693 3217 1757 ἐκδικοῦντος
3260 1690 3537 1761 ἐκδίκησιν
3572 1686 3671 1741 τοῦ

420 1822 612 1863 versus
646 1825 774 1877 eos,
815 1810 909 1880 qui
947 1810 1153 1864 alienas
1196 1809 1432 1863 induunt
1478 1816 1694 1875 vestes,
1738 1812 1814 1865 uti
1862 1811 1994 1866 dicit

2115 1796 2246 1851 θεοῦ
2275 1797 2368 1849 ἰπὶ
2395 1794 2522 1857 τοὺς
2549 1790 2934 1862 ἑνδεδυμένους
2959 1785 3234 1856 ἐνδύματα
3278 1778 3555 1880 ἀλλότρια,
3595 1778 3675 1840 ὥς

362 1963 375 1973 _
423 1901 565 1968 apud
615 1900 765 1955 illum
822 1901 1178 1970 prophetam;
1231 1901 1432 1955 etenim
1484 1901 1843 1972 quodcunque
1891 1917 1999 1957 non

424 2001 644 2059 propter
677 1992 853 2061 ipsmn
879 1992 1117 2059 bonum,
1163 1981 1255 2045 sed
1300 1994 1473 2062 gratia
1512 1993 1744 2061 alicujus
1774 1992 2001 2048 alterius

424 2083 503 2137 rei
540 2083 620 2148 Iit,
654 2100 759 2138 non
789 2083 963 2138 solum
993 2083 1199 2153 absque
1236 2082 1488 2138 mercede
1521 2082 1625 2137 erit
1649 2123 1664 2145 ,
1691 2098 1878 2137 verum
1917 2092 2003 2139 est

424 2173 719 2227 obnoxium
761 2173 1043 2227 reddenda:
1086 2172 1283 2227 rationi
1315 2211 1331 2235 ,
1385 2170 1621 2226 maxime
1666 2172 1884 2241 quando
1943 2171 2005 2227 ﬁt

426 2258 496 2314 ad
534 2259 759 2315 insidias
792 2260 1116 2325 videntium,
1147 2274 1271 2315 cum
1294 2260 1366 2315 sit
1393 2259 1638 2330 deceptio
1656 2260 2005 2329 simpliciori-

426 2355 552 2410 bus.
602 2353 741 2410 Nam
792 2371 935 2411 vana
981 2355 1153 2427 gloria
1199 2355 1446 2410 laborem
1483 2355 1704 2410 virtutis
1756 2355 2005 2410 inutilem

427 2447 627 2513 eIlieit,
674 2458 727 2502 et
785 2446 1114 2516 eﬂatigalum
1159 2438 1375 2502 aeternis
1421 2447 1597 2518 privat
1636 2449 2004 2512 mercedibus;

439 2537 555 2606 ipsa
586 2553 909 2609 magnorum
951 2538 1114 2608 587
1156 2538 1409 2592 laborum
1444 2554 1656 2593 merces
1693 2539 1819 2593 vilis
1848 2540 2003 2609 pretii

430 2629 607 2690 facta,
651 2644 716 2681 ac
740 2629 1054 2697 temporalis
1092 2637 1177 2683 est
1208 2628 1611 2683 laboriosorum
1643 2632 2004 2685 certaminum

432 2719 742 2783 celebritas,
777 2720 1063 2787 honosque
1101 2719 1362 2773 Velociter
1393 2720 1683 2787 transiens,
1715 2729 2006 2793 antequam

433 2809 726 2864 cilloruerit
750 2810 990 2863 marcida
1021 2850 1035 2872 ,
1069 2820 1120 2864 et
1157 2811 1476 2881 priusquam
1509 2812 1898 2866 convenienter
1927 2817 2010 2869 vi-

438 2902 614 2968 guerit
648 2899 788 2968 pube
820 2914 1219 2954 consenescens
1241 2910 1424 2956 exuta.
1462 2900 1682 2956 Pietatis
1711 2886 1890 2957 autem
1923 2918 2010 2959 re-

442 2992 650 3060 ligiosm
675 2989 847 3045 forma
884 3006 1007 3046 cum
1040 2992 1355 3061 deceptione
1383 2992 1675 3047 artiﬁciose
1718 2993 1865 3060 ﬁcta,
1899 3010 2007 3060 non

2116 1892 2175 1943 ὲν
2206 1888 2282 1960 τῷ
2313 1889 2564 1959 προφήτῃ
2598 1884 2791 1954 ςησίν·
2828 1881 2936 1934 πᾶν
2963 1878 3072 1950 γὰρ
3096 1877 3124 1931 δ
3163 1877 3238 1948 μὴ
3277 1873 3440 1929 αὖτοῦ
3485 1873 3674 1925 ἕνεκεν

2106 1979 2201 2047 τοῦ
2237 1978 2425 2043 καλοῦ,
2445 1976 2605 2033 ἀλλου
2634 1973 2693 2027 δέ
2736 1988 2880 2035 τινος
2924 1969 3132 2040 γίνεται
3180 1967 3361 2036 χάριν,
3396 1964 3456 2016 ού
3512 1961 3675 2034 μόνον

2108 2072 2357 2145 ἄμισθον,
2381 2069 2438 2124 ἀ)
2449 2070 2517 2122 λά
2531 2068 2627 2122 καὶ
2652 2063 2949 2119 ὑπεύθυνον
2969 2061 3202 2131 μάλιστα
3225 2059 3354 2112 ὅταν
3375 2056 3462 2109 ἐπ’
3480 2053 3676 2145 ἐνέδρᾳ

2109 2164 2405 2236 πράττεται
2421 2158 2531 2214 τῶν
2545 2157 2815 2230 δρώντων,
2841 2153 3030 2224 δέλεαρ
3049 2149 3323 2236 ἀπωλείας
3338 2147 3449 2209 τοῖς
3470 2144 3675 2198 ἀπλου-

2110 2232 2320 2325 στέροις
2339 2251 2644 2321 γινόμενον.
2672 2245 2963 2313 Κενοδοξία
2986 2243 3084 2314 μὲν
3107 2232 3216 2313 γὰρ
3247 2238 3507 2307 ἀνόνητον
3531 2237 3677 2288 ποιεῐ

2108 2346 2201 2401 τὸν
2234 2345 2394 2399 πόνον
2448 2340 2553 2412 τῆς
2607 2340 2839 2411 ἀρετῆς,
2901 2336 2997 2390 καὶ
3040 2332 3153 2388 τῶν
3196 2329 3431 2386 αἰωνίων
3468 2325 3677 2399 μισθῶν

2110 2436 2408 2506 ἀποστερεῖ
2429 2433 2520 2487 τὸν
2552 2432 2851 2501 κάμνοντα,
2897 2425 3037 2497 αὕτη
3077 2422 3329 2495 μεγάλων
3371 2418 3553 2472 πόνων
3584 2415 3678 2468 εὖ-

2110 2545 2245 2591 ωνος
2290 2525 2551 2597 γινομένη
2602 2521 2814 2593 μισθὸς,
2872 2518 2969 2572 καὶ
3016 2514 3352 2588 πρόσκαιρος
3399 2506 3678 2564 ἐπιπόνων

2110 2621 2287 2676 ἄθλων
2311 2616 2577 2688 εὐφημία,
2610 2615 2704 2668 καὶ
2730 2611 2866 2682 τιμὴ
2910 2607 3221 2679 ὠκύμορος,
3273 2604 3405 2674 πρὶν
3446 2599 3678 2670 ἀνθῆσαι

2116 2708 2510 2783 μαραινομένη,
2533 2705 2628 2761 καὶ
2644 2700 2948 2776 παρηδῶσα
2975 2699 3109 2767 πρὶν
3137 2695 3388 2766 ἀκμᾶεαι
3415 2691 3666 2753 δεόντως.

2113 2803 2405 2862 Εὐσεϐείας
2453 2800 2511 2853 δὲ
2563 2798 2841 2869 μόρφωσις
2895 2794 2987 2847 ἐπὶ
3044 2791 3230 2862 ἀπάτῃ
3280 2783 3672 2858 τεχναζομένηο

2112 2897 2213 2949 ούκ
2236 2896 2439 2947 εἰκαῖον
2458 2892 2567 2961 ἔχει
2590 2891 2749 2960 μόνον
2773 2888 2860 2940 τὸν
2882 2886 3149 2956 κάματον,
3175 2880 3312 2935 ἀλλὰ
3336 2878 3430 2931 καὶ
3470 2873 3679 2928 ἐπικίν-

2113 2987 2288 3050 δυνον,
2333 2986 2390 3037 οὐ
2441 2982 2641 3054 ζημίαν
2682 2978 2910 3048 μισθῶν.
2935 2976 3156 3029 κόλασιν
3188 2973 3246 3025 δὲ
3310 2968 3531 3042 μακρὰν
3577 2982 3680 3018 καο

435 3079 610 3134 solum
643 3079 804 3134 habet
842 3078 1081 3133 laborem
1132 3079 1339 3134 I‘utilem
1368 3121 1382 3143 ,
1423 3090 1608 3134 t'et‘lru
1646 3084 1811 3136 etiam
1852 3082 2000 3152 peri-

2115 3053 2526 3145 ταδικαζομένη,
2554 3073 2648 3125 καὶ
2674 3070 2797 3123 λίαν
2829 3067 3122 3122 ἐπώδυνον.
3154 3064 3338 3124 Οὕτως
3378 3053 3681 3130 μοχθήσασί

435 3170 683 3226 culosum
705 3210 721 3234 ,
750 3171 876 3225 dum
908 3185 1016 3223 non
1047 3170 1112 3223 ad
1149 3172 1464 3225 mercedum
1506 3173 1681 3225 solum
1720 3171 2016 3227 detrimen-

436 3268 551 3313 tum
575 3300 588 3319 ,
635 3262 728 3314 sed
751 3261 914 3314 etiam
952 3260 1014 3313 ad
1048 3260 1382 3330 punitiouem
1421 3260 1688 3329 prolixam
1712 3302 1727 3327 ,
1768 3277 1833 3317 ac
1861 3261 2018 3317 valde

437 3364 807 3403 aerumnosam
837 3348 1201 3416 adjudicetur.
1248 3349 1323 3403 Ita
1352 3350 1676 3418 quibusdam
1707 3351 2014 3422 eﬂ‘atigatis,

444 3448 759 3507 tantumque
788 3439 1031 3492 laborem
1072 3441 1508 3508 amplexantibus
1542 3442 1756 3497 dicebat
1786 3445 2020 3512 Aposto-

441 3539 563 3583 lus:
607 3545 628 3580 ι
669 3529 840 3582 Tanta
873 3528 1019 3597 passi
1048 3530 1181 3582 estis
1207 3530 1326 3584 sine
1356 3546 1520 3584 causa
1558 3533 1636 3597 ⁸³,
1669 3552 1689 3585 ι
1723 3549 1818 3588 seu
1855 3534 2021 3591 futili-

439 3627 544 3682 ter,
574 3619 658 3673 tsi
687 3627 865 3673 tamen
888 3620 1008 3675 sine
1031 3635 1219 3675 causa.
1243 3640 1262 3673 ι
1289 3622 1531 3677 Primum
1554 3624 1682 3679 illud
1708 3626 1825 3681 sine
1855 3640 2020 3682 causa

441 3711 627 3777 posuit
668 3721 889 3779 propter
924 3712 1307 3767 detrimentum
1342 3716 1694 3780 mercedum;
1727 3718 2020 3771 secundum

442 3815 573 3855 vero
588 3801 703 3855 sine
721 3817 903 3863 causa,
929 3802 983 3857 in
1014 3802 1456 3859 lamentationem
1488 3807 1791 3875 punitiouis
1822 3822 2018 3877 exspe-

444 3891 673 3949 claudae.
697 3892 1017 3959 Quinetiam
1045 3895 1329 3965 pendentia
1350 3896 1465 3950 vela
1494 3898 1563 3951 ab
1583 3898 1740 3953 altari
1757 3900 2021 3968 colligan-

444 3989 527 4037 tcs
555 3982 1111 4041 funibusvestimenta
1154 3986 1361 4042 faciunt
1388 3989 1615 4043 forsitan
1635 3992 1801 4060 aliqui
1836 4008 1900 4045 ex
1952 4007 2017 4047 ec

444 4067 789 4136 clesiaslieis,
817 4072 938 4128 illos
965 4074 1315 4131 simulatione
1335 4076 1632 4141 imitantes,
1658 4081 1749 4149 qui
1797 4082 1902 4135 sub
1930 4082 2028 4136 ob-

447 4160 697 4216 tendente
713 4164 835 4218 velo
857 4166 995 4219 intra
1010 4177 1217 4233 sancta,
1233 4182 1470 4236 puresar
1480 4185 1538 4222 ra
1552 4171 2026 4227 administrabant.

446 4247 605 4304 Aliud
615 4259 698 4306 est
710 4268 904 4323 nempe
922 4256 1096 4309 velum
1109 4257 1389 4326 obtegens,
1408 4258 1617 4313 etaliud
1637 4260 1813 4314 velum
1845 4261 2032 4316 obum-

450 4338 635 4404 brans,
657 4350 712 4396 et
735 4343 783 4398 si
811 4345 1090 4399 nominum
1120 4346 1417 4400 similitudo
1449 4348 1679 4402 occultet
1706 4349 2020 4413 discrimen,

2113 3185 2241 3229 τισι.
2271 3166 2365 3220 καὶ⁷
2402 3162 2643 3218 τοιοῦτον
2693 3158 3110 3228 ἀναδεξαμένοις
3142 3156 3325 3216 πόνον,
3361 3154 3393 3205 ὁ
3428 3151 3687 3203 ’Δπόστο-

2113 3259 2202 3321 λος
2222 3256 2396 3324 ἑλεγεο
2434 3272 2454 3306 ι
2489 3251 2739 3306 Τοσαῦτα
2764 3249 2993 3305 ἐπάθετε
3020 3246 3164 3315 εἰκῆ,
3197 3243 3315 3310 εἴγε
3351 3240 3447 3295 καὶ
3468 3239 3619 3308 εἰκῆ*
3658 3254 3679 3287 ι

2115 3347 2176 3401 τὸ
2210 3346 2328 3416 μὶν,
2362 3343 2507 3412 είκῆ,
2548 3341 2716 3405 τάξας
2747 3339 2843 3395 ἐπὶ
2865 3338 2963 3407 τῆς
2996 3335 3104 3388 τῶν
3132 3332 3341 3404 μισθῶν
3374 3328 3597 3398 ζημίας,
3625 3326 3688 3378 τὸ

2116 3438 2193 3494 δὲ.
2223 3437 2342 3505 εἴγε
2370 3436 2463 3490 καὶ
2515 3433 2659 3503 εἰκῆ.
2695 3432 2787 3485 ἐπὶ
2843 3426 3191 3499 σχετλιασμῷ
3235 3422 3689 3494 προσδοκωμένης

2118 3524 2410 3587 κολάσεως.
2455 3522 2722 3592 Ἐχόμενα
2767 3518 2823 3571 δὲ
2884 3516 2979 3569 τοῦ
3036 3512 3422 3582 θυσιαστηρίου
3478 3508 3692 3563 ποιοῦσι

2120 3613 2597 3685 παραπετάσματι).
2640 3606 2996 3677 δεσμεύοντες
3056 3603 3309 3674 σχοινίοις
3347 3597 3692 3669 τΐίμάτια,

2118 3706 2259 3775 τάχα
2290 3704 2432 3767 τινὲς
2461 3702 2555 3756 καὶ
2583 3699 2690 3753 τῶν
2729 3694 3200 3767 ὲκκλησιαστικῶν
3252 3691 3578 3762 μιμούμενοι
3626 3690 3693 3758 τῇ

2126 3795 2416 3866 ὑποκρίσει
2465 3791 2590 3854 τοὺς
2639 3791 2791 3852 ἐντὸς
2837 3789 2944 3841 τῶν
2993 3787 3165 3854 ἀγίων
3202 3785 3306 3838 ύπδ
3339 3782 3417 3852 τῷ
3450 3795 3694 3833 καταπε-

2123 3889 2361 3957 τάσματι
2419 3882 2869 3954 λειτουργοῦντας
2937 3878 3138 3948 ἁγνῶς.
3195 3876 3358 3930 ’Άλλο
3404 3874 3514 3945 γάρ
3579 3872 3696 3924 ἐστι

2126 3975 2543 4044 καταπέτασμα,
2599 3972 2694 4026 καὶ
2744 3969 2874 4025 ἄλλο
2928 3966 3357 4040 παραπέτασμα.
3417 3965 3468 4017 εί
3520 3962 3617 4016 καὶ
3660 3959 3695 4030 ἠ

2127 4067 2383 4136 ὁμοιότης
2415 4066 2523 4117 τῶν
2551 4063 2829 4132 ὀνομάτων
2854 4062 2955 4131 τὴν
2984 4062 3044 4113 ὲν
3067 4061 3181 4123 τοῖς
3214 4056 3530 4128 πράγμασιν
3559 4055 3697 4105 ἁπο-

2130 4158 2362 4228 κρύπτει
2412 4153 2694 4223 διαφοράν.
2753 4151 2827 4204 Τὸ
2879 4151 2977 4220 μὲν
3023 4144 3132 4219 γὰρ
3184 4145 3591 4216 παραπέτασμα
3620 4140 3697 4204 ὡς

2131 4250 2285 4318 ἔτυχε
2318 4246 2654 4318 σχεδιάζεται
2684 4244 2752 4297 δι’
2810 4243 3054 4317 ἀνάγκην
3081 4239 3176 4293 τοῦ
3218 4238 3294 4309 μὴ
3347 4235 3572 4304 αἰθρίως
3613 4232 3678 4300 δη

2134 4339 2486 4412 μοσιεύεσθαι
2516 4339 2583 4391 τὰ
2602 4334 2989 4406 συγκαλύψεως
3010 4330 3261 4401 δεόμενα,
3287 4326 3536 4395 πλαγίοις
3559 4322 3701 4376 τισὶν

450 4430 595 4499 quod
610 4440 696 4487 est
712 4432 768 4486 in
786 4434 978 4489 rebus:
1002 4444 1055 4489 ct
1066 4436 1242 4489 velum
1261 4437 1614 4500 adumbrans,
1635 4439 1705 4491 ob
1731 4439 2013 4493 necessita-

2136 4431 2471 4503 ἑκατέρωθεν
2507 4426 2933 4501 προσηρτημένα
2957 4424 3173 4495 δεσμοῖς
3214 4419 3373 4488 δεξιῷ
3410 4417 3563 4488 μέρει
3608 4414 3701 4466 καὶ

455 4529 583 4586 tem,
622 4532 681 4576 ut
710 4537 836 4579 sors
868 4524 1071 4590 tulerit,
1105 4541 1172 4580 ex
1203 4534 1448 4596 tempore
1476 4539 1894 4597 apparatur,°ne
1929 4532 2034 4587 sub

455 4610 548 4666 dio
572 4613 916 4682 publicentur
944 4631 1066 4685 quae
1090 4617 1456 4672 occultatione
1492 4620 1771 4689 indigent,
1797 4621 2033 4692 obliquis

460 4701 713 4771 utrinque
739 4704 972 4760 vinculis
1001 4706 1331 4774 quibusdam
1367 4722 1660 4777 appensnm
1706 4725 1738 4764 e
1773 4711 1992 4766 deXIera
2013 4752 2030 4776 ,

453 4800 509 4845 et
549 4791 771 4846 sinistra
811 4800 963 4862 parte
989 4794 1124 4849 nihil
1154 4798 1591 4864 superemiucnte
1649 4800 1827 4866 quoad
1858 4800 2037 4854 altitu-

455 4880 639 4935 dinem
669 4899 683 4935 :
725 4894 781 4938 at
801 4883 979 4939 velum
1005 4885 1269 4956 obtegens
1295 4900 1326 4939 a
1353 4888 1886 4956 supereminentihus
1916 4890 2030 4944 vin-

457 4971 598 5027 culis
624 4972 876 5030 deorsum
909 4973 1100 5039 fertur,
1125 4978 1362 5034 nominis
1384 4979 1556 5050 ipsius
1577 4979 1809 5049 (scilicet
1831 4981 2033 5050 velum)

460 5061 667 5131 origine
692 5063 1010 5134 designante
1035 5067 1183 5121 lintei
1210 5068 1448 5123 volatum
1490 5084 1522 5123 a
1557 5068 1824 5137 superiori
1856 5078 2030 5139 parte.

462 5151 529 5207 Et
572 5152 736 5218 forte,
782 5156 1000 5226 quando
1036 5157 1329 5214 virtutibus
1374 5159 1615 5214 laborem
1663 5157 2037 5227 amplexamur

2135 4522 2430 4595 ἀριστερῷ.
2466 4522 2558 4576 καὶ
2580 4521 2732 4575 οὐδὲν
2760 4517 3080 4588 ὑπερέχοντι
3108 4512 3249 4568 κατά
3272 4512 3335 4565 τὸ
3364 4509 3498 4579 ὕψος
3517 4524 3530 4536 ·
3564 4506 3624 4559 τὸ
3645 4503 3702 4558 δὲ

2136 4614 2534 4683 καταπέτασμα
2561 4612 2620 4678 ἐξ
2671 4609 3045 4682 ὑπερεχόντων
3093 4602 3308 4674 δεσμῶν
3335 4599 3701 4671 κατεὼρηται,

2134 4706 2236 4776 τὴν
2270 4705 2475 4760 ἀνωθεν
2509 4704 2851 4773 κατάπτησιν
2879 4698 2983 4768 τῆς
3024 4698 3213 4767 ὀθόνης
3256 4689 3704 4767 ἐτυμολογοῦντος

2135 4797 2229 4851 τοῦ
2261 4797 2542 4868 ὀνόματος.
2573 4797 2683 4850 Καὶ
2712 4795 2854 4863 τάχα
2882 4792 3012 4845 ὅταν
3040 4789 3138 4861 μὲν
3167 4786 3257 4842 τὸν
3299 4786 3394 4839 ἐπὶ
3420 4785 3540 4844 ταῖς
3583 4781 3681 4851 ἀρε

2135 4890 2255 4952 ταῖς
2279 4888 2438 4942 πόνου
2462 4885 2852 4957 ἀναδεχόμεθα,
2873 4882 2962 4936 διὰ
2989 4881 3078 4935 τὴν
3108 4883 3167 4933 ὲν
3213 4876 3292 4947 τῷ
3326 4870 3554 4948 κρυπτῷ
3589 4869 3708 4941 βλέ-

2142 4996 2311 5033 ποντα
2344 4979 2640 5050 Δεσπότην,
2662 4975 2901 5038 καὶτοὺς
2932 4973 3042 5026 τῶν
3071 4968 3373 5039 ἀνθῴηων
3407 4964 3554 5017 κάτω
3581 4962 3710 5013 λαν-

2140 5068 2387 5131 θάνοντες
2414 5066 2745 5137 ὀφθαλμοὺς,
2775 5063 2850 5136 τῷ
2881 5060 3084 5118 ἀνωθεν
3111 5058 3307 5129 ὁρῶντι
3354 5054 3501 5127 μόνῳ
3546 5064 3708 5119 φανε-

2130 5156 2348 5228 ροῦμεν
2374 5158 2434 5211 τὸ
2457 5157 2763 5228 γινόμενον.

463 5254 684 5315 propter
710 5247 979 5303 videntem
1029 5249 1084 5305 in
1120 5252 1333 5305 occulto
1374 5249 1661 5305 Dominum
1683 5291 1699 5315 ,
1744 5250 2042 5317 oculosque
2080 5250 2363 5305 hominum
2427 5248 2569 5304 infra
2621 5230 2948 5304 exsistentes
2971 5241 3237 5303 latemus,
3274 5236 3326 5292 ei
3358 5234 3451 5305 qui
3482 5233 3711 5300 desuper

466 5337 617 5392 solus
644 5336 818 5403 videt,
856 5339 1000 5407 quod
1029 5340 1115 5405 0t,
1150 5340 1527 5409 eapandimus.

963 5428 1129 5499 533
1174 5428 1402 5485 eaeor
1451 5429 1538 5482 lx.

538 5518 993 5587 Quandoquidem
1036 5530 1090 5575 et
1130 5536 1193 5577 ea
1239 5536 1424 5577 mensa
1464 5518 1851 5592 propositionis
1889 5520 2031 5576 dicta

549 5677 596 5709 ³³
626 5678 799 5732 Galat.
831 5696 913 5743 tu,
938 5680 985 5732 ι.

2797 5417 2991 5472 ΕΦΑΛ.
3026 5416 3088 5468 Θ’

2797 5419 2835 5472 Ε
2976 5456 2991 5471 .
3026 5417 3088 5468 Θ’

2222 5512 2438 5571 Ἐπειδὴ
2463 5512 2557 5568 καὶ
2585 5511 2617 5582 ἡ
2647 5417 3125 5581 πρόιθεσῗέἒνωθεν
3141 5501 3252 5571 ἔχει
3278 5499 3379 5573 τὴν
3406 5500 3587 5557 αίτίαν
3614 5497 3710 5569 τῆς
