  <div class='ocr_page' id='page_1' title='image "/cluster/home/n/w/nwhite01/storage/ocr_20150623/79/mdp.39015051890492/666.png"; bbox 0 0 4066 6146; ppageno 0'>
   <div class='ocr_carea' id='block_1_1' title="bbox 384 308 517 374">
    <p class='ocr_par' dir='ltr' id='par_1_1' title="bbox 384 308 517 374">
     <span class='ocr_line' id='line_1_1' title="bbox 384 308 517 374; baseline -0.008 -1"><span class='ocrx_word' id='word_1_1' title='bbox 384 308 517 374; x_wconf 80' lang='lat'><strong>1277</strong></span> 
     </span>
    </p>
   </div>
   <div class='ocr_carea' id='block_1_2' title="bbox 1874 311 2152 373">
    <p class='ocr_par' dir='ltr' id='par_1_2' title="bbox 1874 311 2152 373">
     <span class='ocr_line' id='line_1_2' title="bbox 1874 311 2152 373; baseline 0.011 -3"><span class='ocrx_word' id='word_1_2' title='bbox 1874 311 2152 373; x_wconf 79' lang='lat' dir='ltr'><strong>SER-M0.</strong></span> 
     </span>
    </p>
   </div>
   <div class='ocr_carea' id='block_1_3' title="bbox 3499 306 3637 374">
    <p class='ocr_par' dir='ltr' id='par_1_3' title="bbox 3499 306 3637 374">
     <span class='ocr_line' id='line_1_3' title="bbox 3499 306 3637 374; baseline 0.022 -3"><span class='ocrx_word' id='word_1_3' title='bbox 3499 306 3637 374; x_wconf 74' lang='lat'><strong>1273</strong></span> 
     </span>
    </p>
   </div>
   <div class='ocr_carea' id='block_1_4' title="bbox 381 417 1968 498">
    <p class='ocr_par' dir='ltr' id='par_1_4' title="bbox 381 417 1966 498">
     <span class='ocr_line' id='line_1_4' title="bbox 381 417 1966 498; baseline 0 -23"><span class='ocrx_word' id='word_1_4' title='bbox 381 421 518 494; x_wconf 80' lang='grc' dir='ltr'><strong>πρὸς</strong></span> <span class='ocrx_word' id='word_1_5' title='bbox 549 417 681 473; x_wconf 71' lang='grc' dir='ltr'><strong>Θεδν</strong></span> <span class='ocrx_word' id='word_1_6' title='bbox 711 418 1117 493; x_wconf 80' lang='grc' dir='ltr'><strong>εύαρεστήσεως</strong></span> <span class='ocrx_word' id='word_1_7' title='bbox 1158 417 1464 498; x_wconf 59' lang='grc' dir='ltr'><strong>ἐξημμένη,</strong></span> <span class='ocrx_word' id='word_1_8' title='bbox 1497 420 1592 475; x_wconf 75' lang='grc' dir='ltr'><strong>καὶ</strong></span> <span class='ocrx_word' id='word_1_9' title='bbox 1636 420 1697 473; x_wconf 71' lang='grc' dir='ltr'><strong>τὸ</strong></span> <span class='ocrx_word' id='word_1_10' title='bbox 1726 422 1966 476; x_wconf 75' lang='grc' dir='ltr'><strong>καταπέ-</strong></span> 
     </span>
    </p>
   </div>
   <div class='ocr_carea' id='block_1_5' title="bbox 2069 417 3636 498">
    <p class='ocr_par' dir='ltr' id='par_1_5' title="bbox 2069 419 3636 493">
     <span class='ocr_line' id='line_1_5' title="bbox 2069 419 3636 493; baseline 0 -15"><span class='ocrx_word' id='word_1_11' title='bbox 2069 424 2301 493; x_wconf 80' lang='lat' dir='ltr'><strong>desuper</strong></span> <span class='ocrx_word' id='word_1_12' title='bbox 2325 422 2487 477; x_wconf 99' lang='lat' dir='ltr'><strong>habet</strong></span> <span class='ocrx_word' id='word_1_13' title='bbox 2518 436 2740 479; x_wconf 86' lang='lat' dir='ltr'><strong>causam</strong></span> <span class='ocrx_word' id='word_1_14' title='bbox 2758 461 2773 485; x_wconf 90' lang='lat'><strong>,</strong></span> <span class='ocrx_word' id='word_1_15' title='bbox 2800 422 3002 493; x_wconf 79' lang='lat' dir='ltr'><strong>quippe</strong></span> <span class='ocrx_word' id='word_1_16' title='bbox 3028 437 3153 492; x_wconf 66' lang='lat' dir='ltr'><strong>qum</strong></span> <span class='ocrx_word' id='word_1_17' title='bbox 3177 439 3209 478; x_wconf 86' lang='lat' dir='ltr'><strong>a</strong></span> <span class='ocrx_word' id='word_1_18' title='bbox 3236 419 3636 492; x_wconf 68' lang='lat' dir='ltr'><strong>complusculi:</strong></span> 
     </span>
    </p>
   </div>
   <div class='ocr_carea' id='block_1_6' title="bbox 381 508 1955 583">
    <p class='ocr_par' dir='ltr' id='par_1_6' title="bbox 381 508 1955 583">
     <span class='ocr_line' id='line_1_6' title="bbox 381 508 1955 583; baseline -0.001 -18"><span class='ocrx_word' id='word_1_19' title='bbox 381 528 566 583; x_wconf 79' lang='grc' dir='ltr'><strong>τασμα</strong></span> <span class='ocrx_word' id='word_1_20' title='bbox 608 510 811 582; x_wconf 82' lang='grc' dir='ltr'><strong>ὁμοίως</strong></span> <span class='ocrx_word' id='word_1_21' title='bbox 847 510 1055 566; x_wconf 80' lang='grc' dir='ltr'><strong>ἄνωθεν</strong></span> <span class='ocrx_word' id='word_1_22' title='bbox 1097 510 1330 582; x_wconf 68' lang='grc' dir='ltr'><strong>ἤρτηται</strong></span> <span class='ocrx_word' id='word_1_23' title='bbox 1383 509 1655 581; x_wconf 70' lang='grc' dir='ltr'><strong>χαλασθὲν</strong></span> <span class='ocrx_word' id='word_1_24' title='bbox 1680 527 1695 543; x_wconf 86' lang='grc'><strong>·</strong></span> <span class='ocrx_word' id='word_1_25' title='bbox 1738 508 1843 567; x_wconf 82' lang='grc' dir='ltr'><strong>ὑπὸ</strong></span> <span class='ocrx_word' id='word_1_26' title='bbox 1874 510 1955 581; x_wconf 81' lang='grc' dir='ltr'><strong>τῷ</strong></span> 
     </span>
    </p>
   </div>
   <div class='ocr_carea' id='block_1_7' title="bbox 383 597 1958 671">
    <p class='ocr_par' dir='ltr' id='par_1_7' title="bbox 383 597 1958 671">
     <span class='ocr_line' id='line_1_7' title="bbox 383 597 1958 671; baseline -0.003 -15"><span class='ocrx_word' id='word_1_27' title='bbox 383 600 838 671; x_wconf 60' lang='grc' dir='ltr'><strong>καταπετάσματι</strong></span> <span class='ocrx_word' id='word_1_28' title='bbox 880 597 1305 669; x_wconf 84' lang='grc' dir='ltr'><strong>λειτουργοῦμεν</strong></span> <span class='ocrx_word' id='word_1_29' title='bbox 1348 598 1656 670; x_wconf 82' lang='grc' dir='ltr'><strong>ίερατικῶς,</strong></span> <span class='ocrx_word' id='word_1_30' title='bbox 1703 599 1765 653; x_wconf 79' lang='grc' dir='ltr'><strong>τὸ</strong></span> <span class='ocrx_word' id='word_1_31' title='bbox 1796 598 1958 653; x_wconf 65' lang='grc' dir='ltr'><strong>καλὸν</strong></span> 
     </span>
    </p>
   </div>
   <div class='ocr_carea' id='block_1_8' title="bbox 382 688 1960 761">
    <p class='ocr_par' dir='ltr' id='par_1_8' title="bbox 382 688 1960 761">
     <span class='ocr_line' id='line_1_8' title="bbox 382 688 1960 761; baseline -0.003 -15"><span class='ocrx_word' id='word_1_32' title='bbox 382 690 772 755; x_wconf 81' lang='grc' dir='ltr'><strong>ἐπιτελοῦντες·</strong></span> <span class='ocrx_word' id='word_1_33' title='bbox 804 690 933 744; x_wconf 84' lang='grc' dir='ltr'><strong>ὃταν</strong></span> <span class='ocrx_word' id='word_1_34' title='bbox 973 688 1032 742; x_wconf 82' lang='grc' dir='ltr'><strong>δὲ</strong></span> <span class='ocrx_word' id='word_1_35' title='bbox 1082 688 1456 760; x_wconf 81' lang='grc' dir='ltr'><strong>σωφροσύνης,</strong></span> <span class='ocrx_word' id='word_1_36' title='bbox 1512 688 1546 761; x_wconf 77' lang='grc' dir='ltr'>ἢ</span> <span class='ocrx_word' id='word_1_37' title='bbox 1578 689 1960 760; x_wconf 79' lang='grc' dir='ltr'><strong>ἁκτημοσύνης</strong></span> 
     </span>
    </p>
   </div>
   <div class='ocr_carea' id='block_1_9' title="bbox 385 780 1961 853">
    <p class='ocr_par' dir='ltr' id='par_1_9' title="bbox 385 780 1961 853">
     <span class='ocr_line' id='line_1_9' title="bbox 385 780 1961 853; baseline -0.001 -17"><span class='ocrx_word' id='word_1_38' title='bbox 385 782 579 853; x_wconf 86' lang='grc' dir='ltr'><strong>σχῆμα⁴</strong></span> <span class='ocrx_word' id='word_1_39' title='bbox 630 780 1058 852; x_wconf 80' lang='grc' dir='ltr'><strong>προσαλλόμενοι</strong></span> <span class='ocrx_word' id='word_1_40' title='bbox 1122 780 1192 832; x_wconf 84' lang='grc' dir='ltr'><strong>τά</strong></span> <span class='ocrx_word' id='word_1_41' title='bbox 1246 781 1466 833; x_wconf 84' lang='grc' dir='ltr'><strong>ἐναντία</strong></span> <span class='ocrx_word' id='word_1_42' title='bbox 1517 780 1829 851; x_wconf 75' lang='grc' dir='ltr'>πράττομεν</span> <span class='ocrx_word' id='word_1_43' title='bbox 1901 782 1961 834; x_wconf 89' lang='grc' dir='ltr'><strong>ἐν</strong></span> 
     </span>
    </p>
   </div>
   <div class='ocr_carea' id='block_1_10' title="bbox 384 869 1962 943">
    <p class='ocr_par' dir='ltr' id='par_1_10' title="bbox 384 869 1962 943">
     <span class='ocr_line' id='line_1_10' title="bbox 384 869 1962 943; baseline -0.003 -16"><span class='ocrx_word' id='word_1_44' title='bbox 384 871 610 943; x_wconf 81' lang='grc' dir='ltr'><strong>κρυπτῷ</strong></span> <span class='ocrx_word' id='word_1_45' title='bbox 638 873 730 924; x_wconf 78' lang='grc' dir='ltr'><strong>καὶ</strong></span> <span class='ocrx_word' id='word_1_46' title='bbox 756 869 1238 942; x_wconf 86' lang='grc' dir='ltr'><strong>παραπετάσματα</strong></span> <span class='ocrx_word' id='word_1_47' title='bbox 1267 871 1376 933; x_wconf 77' lang='grc' dir='ltr'><strong>τοῖς</strong></span> <span class='ocrx_word' id='word_1_48' title='bbox 1410 869 1520 923; x_wconf 87' lang='grc' dir='ltr'><strong>τῶν</strong></span> <span class='ocrx_word' id='word_1_49' title='bbox 1551 871 1962 942; x_wconf 81' lang='grc' dir='ltr'><strong>ἁμαρτημάτων</strong></span> 
     </span>
    </p>
   </div>
   <div class='ocr_carea' id='block_1_11' title="bbox 387 958 1963 1034">
    <p class='ocr_par' dir='ltr' id='par_1_11' title="bbox 387 958 1963 1034">
     <span class='ocr_line' id='line_1_11' title="bbox 387 958 1963 1034; baseline -0.003 -17"><span class='ocrx_word' id='word_1_50' title='bbox 387 961 636 1034; x_wconf 79' lang='grc' dir='ltr'><strong>σχοινίοις</strong></span> <span class='ocrx_word' id='word_1_51' title='bbox 670 959 1052 1023; x_wconf 72' lang='grc' dir='ltr'><strong>διατείναντες,</strong></span> <span class='ocrx_word' id='word_1_52' title='bbox 1084 958 1219 1013; x_wconf 82' lang='grc' dir='ltr'><strong>ἄλλα</strong></span> <span class='ocrx_word' id='word_1_53' title='bbox 1267 959 1370 1030; x_wconf 70' lang='grc' dir='ltr'><strong>μὲν</strong></span> <span class='ocrx_word' id='word_1_54' title='bbox 1400 961 1713 1031; x_wconf 72' lang='grc' dir='ltr'><strong>πράττομεν</strong></span> <span class='ocrx_word' id='word_1_55' title='bbox 1734 960 1792 1012; x_wconf 87' lang='grc' dir='ltr'><strong>ἐν</strong></span> <span class='ocrx_word' id='word_1_56' title='bbox 1822 977 1963 1031; x_wconf 75' lang='grc' dir='ltr'><strong>παρ-</strong></span> 
     </span>
    </p>
   </div>
   <div class='ocr_carea' id='block_1_12' title="bbox 386 1049 1960 1125">
    <p class='ocr_par' dir='ltr' id='par_1_12' title="bbox 386 1049 1960 1125">
     <span class='ocr_line' id='line_1_12' title="bbox 386 1049 1960 1125; baseline 0 -19"><span class='ocrx_word' id='word_1_57' title='bbox 386 1056 516 1125; x_wconf 73' lang='grc' dir='ltr'><strong>υφῇ,</strong></span> <span class='ocrx_word' id='word_1_58' title='bbox 545 1052 679 1108; x_wconf 76' lang='grc' dir='ltr'><strong>ἄλλα</strong></span> <span class='ocrx_word' id='word_1_59' title='bbox 711 1051 767 1105; x_wconf 81' lang='grc' dir='ltr'><strong>δὲ</strong></span> <span class='ocrx_word' id='word_1_60' title='bbox 787 1049 1286 1123; x_wconf 73' lang='grc' dir='ltr'><strong>ἐπιμορφαξόμεθα</strong></span> <span class='ocrx_word' id='word_1_61' title='bbox 1321 1051 1690 1124; x_wconf 78' lang='grc' dir='ltr'><strong>πεπλασμένῳ</strong></span> <span class='ocrx_word' id='word_1_62' title='bbox 1721 1053 1960 1124; x_wconf 82' lang='grc' dir='ltr'><strong>σχήματι</strong></span> 
     </span>
    </p>
   </div>
   <div class='ocr_carea' id='block_1_13' title="bbox 385 1146 1963 1220">
    <p class='ocr_par' dir='ltr' id='par_1_13' title="bbox 385 1146 1963 1220">
     <span class='ocr_line' id='line_1_13' title="bbox 385 1146 1963 1220; baseline 0 -18"><span class='ocrx_word' id='word_1_63' title='bbox 385 1146 833 1218; x_wconf 84' lang='grc' dir='ltr'><strong>σεμνοποιοῢντες</strong></span> <span class='ocrx_word' id='word_1_64' title='bbox 898 1147 998 1220; x_wconf 77' lang='grc' dir='ltr'><strong>τὴν</strong></span> <span class='ocrx_word' id='word_1_65' title='bbox 1059 1147 1430 1203; x_wconf 82' lang='grc' dir='ltr'><strong>λανθάνουσαν</strong></span> <span class='ocrx_word' id='word_1_66' title='bbox 1497 1150 1794 1220; x_wconf 73' lang='grc' dir='ltr'><strong>αἰσχύνην,</strong></span> <span class='ocrx_word' id='word_1_67' title='bbox 1869 1148 1963 1203; x_wconf 74' lang='grc' dir='ltr'><strong>καὶ</strong></span> 
     </span>
    </p>
   </div>
   <div class='ocr_carea' id='block_1_14' title="bbox 383 1237 1965 1313">
    <p class='ocr_par' dir='ltr' id='par_1_14' title="bbox 383 1237 1965 1313">
     <span class='ocr_line' id='line_1_14' title="bbox 383 1237 1965 1313; baseline 0 -19"><span class='ocrx_word' id='word_1_68' title='bbox 383 1240 569 1313; x_wconf 80' lang='grc' dir='ltr'><strong>ἀπάτῃ</strong></span> <span class='ocrx_word' id='word_1_69' title='bbox 596 1241 696 1304; x_wconf 69' lang='grc' dir='ltr'><strong>τὰς</strong></span> <span class='ocrx_word' id='word_1_70' title='bbox 745 1240 854 1294; x_wconf 88' lang='grc' dir='ltr'><strong>τῶν</strong></span> <span class='ocrx_word' id='word_1_71' title='bbox 901 1237 1207 1311; x_wconf 81' lang='grc' dir='ltr'><strong>ἀνθρώπων</strong></span> <span class='ocrx_word' id='word_1_72' title='bbox 1256 1238 1600 1305; x_wconf 79' lang='grc' dir='ltr'><strong>δελεάζοντες</strong></span> <span class='ocrx_word' id='word_1_73' title='bbox 1648 1240 1796 1307; x_wconf 74' lang='grc' dir='ltr'><strong>ὄψεις</strong></span> <span class='ocrx_word' id='word_1_74' title='bbox 1827 1240 1965 1311; x_wconf 73' lang='grc' dir='ltr'><strong>πρὸς</strong></span> 
     </span>
    </p>
   </div>
   <div class='ocr_carea' id='block_1_15' title="bbox 383 1328 1960 1401">
    <p class='ocr_par' dir='ltr' id='par_1_15' title="bbox 383 1328 1960 1401">
     <span class='ocr_line' id='line_1_15' title="bbox 383 1328 1960 1401; baseline -0.003 -17"><span class='ocrx_word' id='word_1_75' title='bbox 383 1331 537 1396; x_wconf 81' lang='grc' dir='ltr'><strong>δόξαν</strong></span> <span class='ocrx_word' id='word_1_76' title='bbox 561 1329 760 1400; x_wconf 74' lang='grc' dir='ltr'><strong>εὐσεϐῆ</strong></span> <span class='ocrx_word' id='word_1_77' title='bbox 792 1331 885 1382; x_wconf 70' lang='grc' dir='ltr'><strong>καὶ</strong></span> <span class='ocrx_word' id='word_1_78' title='bbox 905 1329 1188 1401; x_wconf 86' lang='grc' dir='ltr'><strong>ἐνάρετον,</strong></span> <span class='ocrx_word' id='word_1_79' title='bbox 1214 1328 1337 1382; x_wconf 89' lang='grc' dir='ltr'><strong>τότε</strong></span> <span class='ocrx_word' id='word_1_80' title='bbox 1364 1328 1469 1381; x_wconf 78' lang='grc' dir='ltr'><strong>ύπο</strong></span> <span class='ocrx_word' id='word_1_81' title='bbox 1500 1329 1960 1398; x_wconf 68' lang='grc' dir='ltr'><strong>παραπετάσμαιι</strong></span> 
     </span>
    </p>
   </div>
   <div class='ocr_carea' id='block_1_16' title="bbox 385 1417 1963 1492">
    <p class='ocr_par' dir='ltr' id='par_1_16' title="bbox 385 1417 1963 1492">
     <span class='ocr_line' id='line_1_16' title="bbox 385 1417 1963 1492; baseline -0.004 -17"><span class='ocrx_word' id='word_1_82' title='bbox 385 1422 702 1492; x_wconf 76' lang='grc' dir='ltr'><strong>κρύπτομεν</strong></span> <span class='ocrx_word' id='word_1_83' title='bbox 751 1418 967 1490; x_wconf 72' lang='grc' dir='ltr'><strong>ψεκτῶς</strong></span> <span class='ocrx_word' id='word_1_84' title='bbox 1021 1418 1090 1474; x_wconf 80' lang='grc' dir='ltr'><strong>τὰ</strong></span> <span class='ocrx_word' id='word_1_85' title='bbox 1132 1417 1527 1488; x_wconf 69' lang='grc' dir='ltr'><strong>καταγνώσεως</strong></span> <span class='ocrx_word' id='word_1_86' title='bbox 1577 1420 1627 1472; x_wconf 85' lang='grc' dir='ltr'><strong>εί</strong></span> <span class='ocrx_word' id='word_1_87' title='bbox 1682 1417 1963 1489; x_wconf 77' lang='grc' dir='ltr'><strong>φωραθείη</strong></span> 
     </span>
    </p>
   </div>
   <div class='ocr_carea' id='block_1_17' title="bbox 386 1508 1964 1596">
    <p class='ocr_par' dir='ltr' id='par_1_17' title="bbox 386 1508 1964 1596">
     <span class='ocr_line' id='line_1_17' title="bbox 386 1508 1964 1596; baseline 0.001 -33"><span class='ocrx_word' id='word_1_88' title='bbox 386 1509 533 1575; x_wconf 76' lang='grc' dir='ltr'><strong>ἄξια.</strong></span> <span class='ocrx_word' id='word_1_89' title='bbox 575 1510 664 1575; x_wconf 82' lang='grc' dir='ltr'><strong>Ὠς</strong></span> <span class='ocrx_word' id='word_1_90' title='bbox 694 1511 800 1580; x_wconf 82' lang='grc' dir='ltr'><strong>γάρ</strong></span> <span class='ocrx_word' id='word_1_91' title='bbox 835 1509 1489 1596; x_wconf 50' lang='grc' dir='ltr'><strong>ήάρετὴμεκρυμμένως</strong></span> <span class='ocrx_word' id='word_1_92' title='bbox 1536 1509 1797 1579; x_wconf 79' lang='grc' dir='ltr'><strong>γινομένη</strong></span> <span class='ocrx_word' id='word_1_93' title='bbox 1832 1508 1964 1564; x_wconf 83' lang='grc' dir='ltr'><strong>Θεὸν</strong></span> 
     </span>
    </p>
   </div>
   <div class='ocr_carea' id='block_1_18' title="bbox 386 1600 1965 1673">
    <p class='ocr_par' dir='ltr' id='par_1_18' title="bbox 386 1600 1965 1673">
     <span class='ocr_line' id='line_1_18' title="bbox 386 1600 1965 1673; baseline 0.007 -19"><span class='ocrx_word' id='word_1_94' title='bbox 386 1601 501 1673; x_wconf 74' lang='grc' dir='ltr'><strong>ἔχει</strong></span> <span class='ocrx_word' id='word_1_95' title='bbox 571 1603 663 1673; x_wconf 82' lang='grc' dir='ltr'><strong>τὸν</strong></span> <span class='ocrx_word' id='word_1_96' title='bbox 720 1602 1012 1672; x_wconf 81' lang='grc' dir='ltr'><strong>ἐπαινέτην</strong></span> <span class='ocrx_word' id='word_1_97' title='bbox 1090 1601 1187 1656; x_wconf 78' lang='grc' dir='ltr'><strong>καὶ</strong></span> <span class='ocrx_word' id='word_1_98' title='bbox 1249 1600 1631 1673; x_wconf 79' lang='grc' dir='ltr'><strong>φανερουμένη</strong></span> <span class='ocrx_word' id='word_1_99' title='bbox 1698 1600 1965 1672; x_wconf 77' lang='grc' dir='ltr'><strong>λαμπρῶς</strong></span> 
     </span>
    </p>
   </div>
   <div class='ocr_carea' id='block_1_19' title="bbox 393 1689 1989 1766">
    <p class='ocr_par' dir='ltr' id='par_1_19' title="bbox 393 1689 1989 1766">
     <span class='ocr_line' id='line_1_19' title="bbox 393 1689 1989 1766; baseline -0.004 -18"><span class='ocrx_word' id='word_1_100' title='bbox 393 1693 851 1766; x_wconf 83' lang='grc' dir='ltr'><strong>άνακηρύττεται,</strong></span> <span class='ocrx_word' id='word_1_101' title='bbox 909 1690 1082 1758; x_wconf 76' lang='grc' dir='ltr'><strong>οὕτως</strong></span> <span class='ocrx_word' id='word_1_102' title='bbox 1140 1694 1176 1765; x_wconf 79' lang='grc' dir='ltr'><strong>ἠ</strong></span> <span class='ocrx_word' id='word_1_103' title='bbox 1230 1691 1420 1755; x_wconf 88' lang='grc' dir='ltr'><strong>κακία,</strong></span> <span class='ocrx_word' id='word_1_104' title='bbox 1472 1689 1808 1746; x_wconf 79' lang='grc' dir='ltr'><strong>λανθάνουσα</strong></span> <span class='ocrx_word' id='word_1_105' title='bbox 1863 1691 1989 1763; x_wconf 2' lang='grc' dir='ltr'><strong>μὲν,</strong></span> 
     </span>
    </p>
   </div>
   <div class='ocr_carea' id='block_1_20' title="bbox 388 1766 1989 1858">
    <p class='ocr_par' dir='ltr' id='par_1_20' title="bbox 388 1766 1989 1858">
     <span class='ocr_line' id='line_1_20' title="bbox 388 1766 1989 1858; baseline -0.002 -21"><span class='ocrx_word' id='word_1_106' title='bbox 388 1784 653 1858; x_wconf 81' lang='grc' dir='ltr'><strong>τιμωρίαν</strong></span> <span class='ocrx_word' id='word_1_107' title='bbox 671 1785 881 1856; x_wconf 84' lang='grc' dir='ltr'><strong>ἐπηρτη</strong></span> <span class='ocrx_word' id='word_1_108' title='bbox 889 1783 1058 1855; x_wconf 86' lang='grc' dir='ltr'><strong>μένην</strong></span> <span class='ocrx_word' id='word_1_109' title='bbox 1074 1783 1187 1855; x_wconf 81' lang='grc' dir='ltr'><strong>ἔχει</strong></span> <span class='ocrx_word' id='word_1_110' title='bbox 1205 1782 1301 1838; x_wconf 73' lang='grc' dir='ltr'><strong>καὶ</strong></span> <span class='ocrx_word' id='word_1_111' title='bbox 1320 1782 1561 1846; x_wconf 81' lang='grc' dir='ltr'><strong>κόλασιν,</strong></span> <span class='ocrx_word' id='word_1_112' title='bbox 1577 1774 1965 1853; x_wconf 78' lang='grc' dir='ltr'><strong>ἐλ[ηλ]εγμένη</strong></span> <span class='ocrx_word' id='word_1_113' title='bbox 1986 1766 1989 1769; x_wconf 35' lang='grc'><em>’</em></span> 
     </span>
    </p>
   </div>
   <div class='ocr_carea' id='block_1_21' title="bbox 388 1869 1968 1948">
    <p class='ocr_par' dir='ltr' id='par_1_21' title="bbox 388 1869 1968 1948">
     <span class='ocr_line' id='line_1_21' title="bbox 388 1869 1968 1948; baseline -0.003 -19"><span class='ocrx_word' id='word_1_114' title='bbox 388 1875 446 1929; x_wconf 86' lang='grc' dir='ltr'><strong>δέ</strong></span> <span class='ocrx_word' id='word_1_115' title='bbox 482 1876 640 1948; x_wconf 80' lang='grc' dir='ltr'><strong>φέρει</strong></span> <span class='ocrx_word' id='word_1_116' title='bbox 661 1876 740 1939; x_wconf 81' lang='grc' dir='ltr'><strong>είς</strong></span> <span class='ocrx_word' id='word_1_117' title='bbox 765 1875 1001 1945; x_wconf 89' lang='grc' dir='ltr'><strong>ἐσχάτην</strong></span> <span class='ocrx_word' id='word_1_118' title='bbox 1020 1874 1383 1940; x_wconf 82' lang='grc' dir='ltr'><strong>κατάγνωσιν.</strong></span> <span class='ocrx_word' id='word_1_119' title='bbox 1414 1872 1572 1927; x_wconf 80' lang='grc' dir='ltr'><strong>Ἀλλὰ</strong></span> <span class='ocrx_word' id='word_1_120' title='bbox 1599 1871 1704 1925; x_wconf 75' lang='grc' dir='ltr'><strong>κᾶν</strong></span> <span class='ocrx_word' id='word_1_121' title='bbox 1736 1869 1968 1925; x_wconf 84' lang='grc' dir='ltr'><strong>ἐνταῦθα</strong></span> 
     </span>
    </p>
   </div>
   <div class='ocr_carea' id='block_1_22' title="bbox 390 1962 1966 2035">
    <p class='ocr_par' dir='ltr' id='par_1_22' title="bbox 390 1962 1966 2035">
     <span class='ocr_line' id='line_1_22' title="bbox 390 1962 1966 2035; baseline -0.004 -14"><span class='ocrx_word' id='word_1_122' title='bbox 390 1967 623 2022; x_wconf 85' lang='grc' dir='ltr'><strong>λάθωσιν</strong></span> <span class='ocrx_word' id='word_1_123' title='bbox 651 1967 702 2021; x_wconf 81' lang='lat' dir='ltr'><strong>oi</strong></span> <span class='ocrx_word' id='word_1_124' title='bbox 756 1964 1014 2031; x_wconf 82' lang='grc' dir='ltr'><strong>τοιοῦτοι,</strong></span> <span class='ocrx_word' id='word_1_125' title='bbox 1043 1963 1444 2035; x_wconf 82' lang='grc' dir='ltr'><strong>διεφθαρμένον</strong></span> <span class='ocrx_word' id='word_1_126' title='bbox 1489 1962 1827 2034; x_wconf 76' lang='grc' dir='ltr'><strong>ἐπιτήδευμα</strong></span> <span class='ocrx_word' id='word_1_127' title='bbox 1875 1979 1966 2016; x_wconf 87' lang='grc' dir='ltr'><strong>σε-</strong></span> 
     </span>
    </p>
   </div>
   <div class='ocr_carea' id='block_1_23' title="bbox 394 2047 1965 2132">
    <p class='ocr_par' dir='ltr' id='par_1_23' title="bbox 394 2047 1965 2132">
     <span class='ocr_line' id='line_1_23' title="bbox 394 2047 1965 2132; baseline -0.006 -18"><span class='ocrx_word' id='word_1_128' title='bbox 394 2058 698 2132; x_wconf 8' lang='grc' dir='ltr'><strong>μνῷςδῆθεν</strong></span> <span class='ocrx_word' id='word_1_129' title='bbox 732 2057 1185 2128; x_wconf 78' lang='grc' dir='ltr'><strong>συγκαλύψαντες</strong></span> <span class='ocrx_word' id='word_1_130' title='bbox 1218 2058 1481 2126; x_wconf 74' lang='grc' dir='ltr'><strong>σχήματι,</strong></span> <span class='ocrx_word' id='word_1_131' title='bbox 1528 2055 1648 2107; x_wconf 83' lang='grc' dir='ltr'><strong>ἐκεῖ</strong></span> <span class='ocrx_word' id='word_1_132' title='bbox 1680 2047 1965 2125; x_wconf 64' lang='grc' dir='ltr'><strong>γυμνωθῆ-</strong></span> 
     </span>
    </p>
   </div>
   <div class='ocr_carea' id='block_1_24' title="bbox 393 2144 1964 2220">
    <p class='ocr_par' dir='ltr' id='par_1_24' title="bbox 393 2144 1964 2220">
     <span class='ocr_line' id='line_1_24' title="bbox 393 2144 1964 2220; baseline -0.006 -15"><span class='ocrx_word' id='word_1_133' title='bbox 393 2167 576 2205; x_wconf 91' lang='grc' dir='ltr'><strong>σονται</strong></span> <span class='ocrx_word' id='word_1_134' title='bbox 599 2150 840 2214; x_wconf 85' lang='grc' dir='ltr'><strong>πάντως,</strong></span> <span class='ocrx_word' id='word_1_135' title='bbox 881 2149 981 2220; x_wconf 88' lang='grc' dir='ltr'><strong>τῆς</strong></span> <span class='ocrx_word' id='word_1_136' title='bbox 1014 2148 1115 2219; x_wconf 89' lang='grc' dir='ltr'><strong>μέν</strong></span> <span class='ocrx_word' id='word_1_137' title='bbox 1162 2147 1440 2218; x_wconf 85' lang='grc' dir='ltr'><strong>δοκήσεως</strong></span> <span class='ocrx_word' id='word_1_138' title='bbox 1486 2144 1964 2216; x_wconf 81' lang='grc' dir='ltr'><strong>περιαιρουμένης,</strong></span> 
     </span>
    </p>
   </div>
   <div class='ocr_carea' id='block_1_25' title="bbox 391 2235 1964 2315">
    <p class='ocr_par' dir='ltr' id='par_1_25' title="bbox 391 2235 1964 2315">
     <span class='ocr_line' id='line_1_25' title="bbox 391 2235 1964 2315; baseline -0.005 -18"><span class='ocrx_word' id='word_1_139' title='bbox 391 2241 802 2315; x_wconf 84' lang='grc' dir='ltr'><strong>φανερουμένης</strong></span> <span class='ocrx_word' id='word_1_140' title='bbox 841 2241 899 2294; x_wconf 87' lang='grc' dir='ltr'><strong>δέ</strong></span> <span class='ocrx_word' id='word_1_141' title='bbox 942 2241 1036 2294; x_wconf 72' lang='grc' dir='ltr'><strong>καὶ</strong></span> <span class='ocrx_word' id='word_1_142' title='bbox 1064 2237 1487 2310; x_wconf 82' lang='grc' dir='ltr'><strong>ὕπολαμπούσης</strong></span> <span class='ocrx_word' id='word_1_143' title='bbox 1515 2236 1838 2308; x_wconf 85' lang='grc' dir='ltr'><strong>αὐτομάτως</strong></span> <span class='ocrx_word' id='word_1_144' title='bbox 1865 2235 1964 2304; x_wconf 75' lang='grc' dir='ltr'><strong>τῆς</strong></span> 
     </span>
    </p>
   </div>
   <div class='ocr_carea' id='block_1_26' title="bbox 391 2324 1963 2403">
    <p class='ocr_par' dir='ltr' id='par_1_26' title="bbox 391 2324 1963 2403">
     <span class='ocr_line' id='line_1_26' title="bbox 391 2324 1963 2403; baseline -0.006 -16"><span class='ocrx_word' id='word_1_145' title='bbox 391 2333 671 2403; x_wconf 75' lang='grc' dir='ltr'><strong>ἀληθείαςο</strong></span> <span class='ocrx_word' id='word_1_146' title='bbox 696 2332 827 2401; x_wconf 72' lang='grc' dir='ltr'><strong>περὶ</strong></span> <span class='ocrx_word' id='word_1_147' title='bbox 872 2331 1078 2384; x_wconf 86' lang='grc' dir='ltr'><strong>τούτων</strong></span> <span class='ocrx_word' id='word_1_148' title='bbox 1107 2329 1216 2400; x_wconf 82' lang='grc' dir='ltr'><strong>γάρ</strong></span> <span class='ocrx_word' id='word_1_149' title='bbox 1247 2331 1276 2383; x_wconf 87' lang='grc' dir='ltr'><strong>ό</strong></span> <span class='ocrx_word' id='word_1_150' title='bbox 1332 2328 1560 2390; x_wconf 78' lang='grc' dir='ltr'><strong>Ἡσαΐας</strong></span> <span class='ocrx_word' id='word_1_151' title='bbox 1605 2326 1746 2397; x_wconf 82' lang='grc' dir='ltr'><strong>τάχα</strong></span> <span class='ocrx_word' id='word_1_152' title='bbox 1778 2324 1963 2394; x_wconf 83' lang='grc' dir='ltr'><strong>φησίν·</strong></span> 
     </span>
    </p>
   </div>
   <div class='ocr_carea' id='block_1_27' title="bbox 397 2415 1966 2492">
    <p class='ocr_par' dir='ltr' id='par_1_27' title="bbox 397 2415 1966 2492">
     <span class='ocr_line' id='line_1_27' title="bbox 397 2415 1966 2492; baseline -0.006 -16"><span class='ocrx_word' id='word_1_153' title='bbox 397 2442 418 2476; x_wconf 79' lang='grc' dir='ltr'><strong>ι</strong></span> <span class='ocrx_word' id='word_1_154' title='bbox 468 2420 834 2491; x_wconf 78' lang='grc' dir='ltr'><strong>’Δποκαλύψει</strong></span> <span class='ocrx_word' id='word_1_155' title='bbox 859 2421 1062 2492; x_wconf 82' lang='grc' dir='ltr'><strong>Κύριος</strong></span> <span class='ocrx_word' id='word_1_156' title='bbox 1088 2419 1150 2473; x_wconf 80' lang='grc' dir='ltr'><strong>τὸ</strong></span> <span class='ocrx_word' id='word_1_157' title='bbox 1172 2418 1359 2489; x_wconf 79' lang='grc' dir='ltr'><strong>σχῆμα</strong></span> <span class='ocrx_word' id='word_1_158' title='bbox 1384 2416 1567 2472; x_wconf 79' lang='grc' dir='ltr'><strong>αὐτῶν</strong></span> <span class='ocrx_word' id='word_1_159' title='bbox 1602 2418 1659 2470; x_wconf 84' lang='grc' dir='ltr'><strong>ἐν</strong></span> <span class='ocrx_word' id='word_1_160' title='bbox 1683 2418 1748 2486; x_wconf 80' lang='grc' dir='ltr'><strong>τῇ</strong></span> <span class='ocrx_word' id='word_1_161' title='bbox 1783 2415 1966 2486; x_wconf 73' lang='grc' dir='ltr'><strong>ἡμέρᾳ</strong></span> 
     </span>
    </p>
   </div>
   <div class='ocr_carea' id='block_1_28' title="bbox 393 2507 1965 2584">
    <p class='ocr_par' dir='ltr' id='par_1_28' title="bbox 393 2507 1965 2584">
     <span class='ocr_line' id='line_1_28' title="bbox 393 2507 1965 2584; baseline -0.004 -18"><span class='ocrx_word' id='word_1_162' title='bbox 393 2513 600 2584; x_wconf 83' lang='grc' dir='ltr'><strong>ἐκείνῃ.</strong></span> <span class='ocrx_word' id='word_1_163' title='bbox 633 2530 654 2565; x_wconf 73' lang='grc' dir='ltr'><strong>ι</strong></span> <span class='ocrx_word' id='word_1_164' title='bbox 697 2510 839 2564; x_wconf 81' lang='grc' dir='ltr'><strong>Ἀλλ’</strong></span> <span class='ocrx_word' id='word_1_165' title='bbox 868 2509 929 2563; x_wconf 81' lang='grc' dir='ltr'><strong>οὐ</strong></span> <span class='ocrx_word' id='word_1_166' title='bbox 960 2509 1161 2573; x_wconf 89' lang='grc' dir='ltr'><strong>πάντες</strong></span> <span class='ocrx_word' id='word_1_167' title='bbox 1180 2509 1229 2561; x_wconf 80' lang='lat' dir='ltr'><strong>oi</strong></span> <span class='ocrx_word' id='word_1_168' title='bbox 1275 2508 1339 2561; x_wconf 76' lang='grc' dir='ltr'><strong>τὸ</strong></span> <span class='ocrx_word' id='word_1_169' title='bbox 1370 2507 1536 2562; x_wconf 78' lang='grc' dir='ltr'><strong>καλὸν</strong></span> <span class='ocrx_word' id='word_1_170' title='bbox 1580 2508 1965 2578; x_wconf 81' lang='grc' dir='ltr'><strong>μετερχόμενυι</strong></span> 
     </span>
    </p>
   </div>
   <div class='ocr_carea' id='block_1_29' title="bbox 393 2596 1964 2672">
    <p class='ocr_par' dir='ltr' id='par_1_29' title="bbox 393 2596 1964 2672">
     <span class='ocr_line' id='line_1_29' title="bbox 393 2596 1964 2672; baseline -0.004 -17"><span class='ocrx_word' id='word_1_171' title='bbox 393 2601 648 2670; x_wconf 78' lang='grc' dir='ltr'><strong>τοιοῦτοι,</strong></span> <span class='ocrx_word' id='word_1_172' title='bbox 685 2601 788 2657; x_wconf 81' lang='grc' dir='ltr'><strong>κάν</strong></span> <span class='ocrx_word' id='word_1_173' title='bbox 851 2617 997 2664; x_wconf 89' lang='grc' dir='ltr'><strong>τινες</strong></span> <span class='ocrx_word' id='word_1_174' title='bbox 1026 2598 1168 2672; x_wconf 81' lang='grc' dir='ltr'><strong>θήρᾳ</strong></span> <span class='ocrx_word' id='word_1_175' title='bbox 1194 2599 1349 2669; x_wconf 78' lang='grc' dir='ltr'><strong>δόξης</strong></span> <span class='ocrx_word' id='word_1_176' title='bbox 1400 2596 1744 2670; x_wconf 72' lang='grc' dir='ltr'><strong>ἀνθρωπίνης</strong></span> <span class='ocrx_word' id='word_1_177' title='bbox 1778 2597 1840 2650; x_wconf 76' lang='grc' dir='ltr'><strong>τὸ</strong></span> <span class='ocrx_word' id='word_1_178' title='bbox 1867 2597 1964 2667; x_wconf 83' lang='grc' dir='ltr'><strong>τῆς</strong></span> 
     </span>
    </p>
   </div>
   <div class='ocr_carea' id='block_1_30' title="bbox 393 2688 1960 2761">
    <p class='ocr_par' dir='ltr' id='par_1_30' title="bbox 393 2688 1960 2761">
     <span class='ocr_line' id='line_1_30' title="bbox 393 2688 1960 2761; baseline -0.003 -18"><span class='ocrx_word' id='word_1_179' title='bbox 393 2690 700 2761; x_wconf 80' lang='grc' dir='ltr'><strong>θεοσεβείας</strong></span> <span class='ocrx_word' id='word_1_180' title='bbox 726 2690 1064 2761; x_wconf 86' lang='grc' dir='ltr'><strong>ἐπιτήδευμα</strong></span> <span class='ocrx_word' id='word_1_181' title='bbox 1094 2689 1344 2760; x_wconf 76' lang='grc' dir='ltr'><strong>μετίασιν</strong></span> <span class='ocrx_word' id='word_1_182' title='bbox 1368 2688 1468 2760; x_wconf 77' lang='grc' dir='ltr'><strong>οὐχ</strong></span> <span class='ocrx_word' id='word_1_183' title='bbox 1518 2688 1719 2756; x_wconf 76' lang='grc' dir='ltr'><strong>ἁγνῶς·</strong></span> <span class='ocrx_word' id='word_1_184' title='bbox 1753 2689 1815 2741; x_wconf 87' lang='grc' dir='ltr'><strong>οὐ</strong></span> <span class='ocrx_word' id='word_1_185' title='bbox 1851 2688 1960 2758; x_wconf 77' lang='grc' dir='ltr'><strong>γάρ</strong></span> 
     </span>
    </p>
   </div>
   <div class='ocr_carea' id='block_1_31' title="bbox 391 2780 1963 2851">
    <p class='ocr_par' dir='ltr' id='par_1_31' title="bbox 391 2780 1963 2851">
     <span class='ocr_line' id='line_1_31' title="bbox 391 2780 1963 2851; baseline -0.003 -16"><span class='ocrx_word' id='word_1_186' title='bbox 391 2782 479 2835; x_wconf 69' lang='grc' dir='ltr'><strong>διὰ</strong></span> <span class='ocrx_word' id='word_1_187' title='bbox 538 2784 665 2847; x_wconf 81' lang='grc' dir='ltr'><strong>τοὺς</strong></span> <span class='ocrx_word' id='word_1_188' title='bbox 709 2781 1030 2845; x_wconf 80' lang='grc' dir='ltr'><strong>ἀπατεῶνας</strong></span> <span class='ocrx_word' id='word_1_189' title='bbox 1073 2780 1442 2851; x_wconf 77' lang='grc' dir='ltr'><strong>ἐπηρεαστέον</strong></span> <span class='ocrx_word' id='word_1_190' title='bbox 1487 2780 1582 2832; x_wconf 81' lang='grc' dir='ltr'><strong>καὶ</strong></span> <span class='ocrx_word' id='word_1_191' title='bbox 1626 2780 1741 2842; x_wconf 74' lang='grc' dir='ltr'><strong>τοῖς</strong></span> <span class='ocrx_word' id='word_1_192' title='bbox 1796 2795 1963 2831; x_wconf 84' lang='grc' dir='ltr'><strong>σπου-</strong></span> 
     </span>
    </p>
   </div>
   <div class='ocr_carea' id='block_1_32' title="bbox 394 2869 1965 2945">
    <p class='ocr_par' dir='ltr' id='par_1_32' title="bbox 394 2869 1965 2945">
     <span class='ocr_line' id='line_1_32' title="bbox 394 2869 1965 2945; baseline -0.004 -17"><span class='ocrx_word' id='word_1_193' title='bbox 394 2874 583 2938; x_wconf 78' lang='grc' dir='ltr'><strong>δαίοις.</strong></span> <span class='ocrx_word' id='word_1_194' title='bbox 621 2875 742 2929; x_wconf 72' lang='grc' dir='ltr'><strong>Εἰσὶ</strong></span> <span class='ocrx_word' id='word_1_195' title='bbox 769 2876 879 2945; x_wconf 68' lang='grc' dir='ltr'><strong>γὰρ</strong></span> <span class='ocrx_word' id='word_1_196' title='bbox 909 2874 959 2927; x_wconf 85' lang='lat' dir='ltr'><strong>oi</strong></span> <span class='ocrx_word' id='word_1_197' title='bbox 997 2873 1115 2926; x_wconf 81' lang='grc' dir='ltr'><strong>κατ’</strong></span> <span class='ocrx_word' id='word_1_198' title='bbox 1146 2872 1403 2942; x_wconf 84' lang='grc' dir='ltr'><strong>ἀλήθειαν</strong></span> <span class='ocrx_word' id='word_1_199' title='bbox 1432 2869 1530 2938; x_wconf 80' lang='grc' dir='ltr'><strong>τὴν</strong></span> <span class='ocrx_word' id='word_1_200' title='bbox 1578 2870 1779 2941; x_wconf 80' lang='grc' dir='ltr'><strong>ἀρετὴν</strong></span> <span class='ocrx_word' id='word_1_201' title='bbox 1835 2885 1965 2939; x_wconf 88' lang='grc' dir='ltr'><strong>μετ-</strong></span> 
     </span>
    </p>
   </div>
   <div class='ocr_carea' id='block_1_33' title="bbox 394 2958 1963 3037">
    <p class='ocr_par' dir='ltr' id='par_1_33' title="bbox 394 2958 1963 3037">
     <span class='ocr_line' id='line_1_33' title="bbox 394 2958 1963 3037; baseline -0.004 -17"><span class='ocrx_word' id='word_1_202' title='bbox 394 2967 679 3037; x_wconf 85' lang='grc' dir='ltr'><strong>ερχόμενοι</strong></span> <span class='ocrx_word' id='word_1_203' title='bbox 706 3007 720 3030; x_wconf 93' lang='grc'><strong>,</strong></span> <span class='ocrx_word' id='word_1_204' title='bbox 746 2966 840 3020; x_wconf 74' lang='grc' dir='ltr'><strong>καὶ</strong></span> <span class='ocrx_word' id='word_1_205' title='bbox 873 2966 933 3018; x_wconf 85' lang='grc' dir='ltr'><strong>ού</strong></span> <span class='ocrx_word' id='word_1_206' title='bbox 958 2964 1276 3035; x_wconf 70' lang='grc' dir='ltr'><strong>ψευδόμενοι</strong></span> <span class='ocrx_word' id='word_1_207' title='bbox 1328 2963 1439 3023; x_wconf 79' lang='grc' dir='ltr'><strong>τοῖς</strong></span> <span class='ocrx_word' id='word_1_208' title='bbox 1474 2960 1653 3034; x_wconf 76' lang='grc' dir='ltr'><strong>ἔργοις</strong></span> <span class='ocrx_word' id='word_1_209' title='bbox 1682 2959 1743 3014; x_wconf 80' lang='grc' dir='ltr'><strong>τὸ</strong></span> <span class='ocrx_word' id='word_1_210' title='bbox 1789 2958 1963 3027; x_wconf 76' lang='grc' dir='ltr'><strong>ἐπάγ-</strong></span> 
     </span>
    </p>
   </div>
   <div class='ocr_carea' id='block_1_34' title="bbox 2063 512 3640 585">
    <p class='ocr_par' dir='ltr' id='par_1_34' title="bbox 2063 512 3640 585">
     <span class='ocr_line' id='line_1_34' title="bbox 2063 512 3640 585; baseline 0.002 -18"><span class='ocrx_word' id='word_1_211' title='bbox 2063 513 2159 569; x_wconf 86' lang='lat' dir='ltr'><strong>Dei</strong></span> <span class='ocrx_word' id='word_1_212' title='bbox 2185 512 2488 585; x_wconf 73' lang='lat' dir='ltr'><strong>dependet:</strong></span> <span class='ocrx_word' id='word_1_213' title='bbox 2516 521 2570 569; x_wconf 88' lang='lat' dir='ltr'><strong>et</strong></span> <span class='ocrx_word' id='word_1_214' title='bbox 2591 513 2839 575; x_wconf 85' lang='lat' dir='ltr'><strong>similiter</strong></span> <span class='ocrx_word' id='word_1_215' title='bbox 2867 513 3047 569; x_wconf 81' lang='lat' dir='ltr'><strong>velum</strong></span> <span class='ocrx_word' id='word_1_216' title='bbox 3070 516 3327 584; x_wconf 77' lang='lat' dir='ltr'><strong>obtegens</strong></span> <span class='ocrx_word' id='word_1_217' title='bbox 3354 515 3640 583; x_wconf 83' lang='lat' dir='ltr'><strong>suspendi-</strong></span> 
     </span>
    </p>
   </div>
   <div class='ocr_carea' id='block_1_35' title="bbox 2062 605 3635 675">
    <p class='ocr_par' dir='ltr' id='par_1_35' title="bbox 2062 605 3635 675">
     <span class='ocr_line' id='line_1_35' title="bbox 2062 605 3635 675; baseline 0 -14"><span class='ocrx_word' id='word_1_218' title='bbox 2062 616 2150 663; x_wconf 87' lang='lat' dir='ltr'><strong>tur</strong></span> <span class='ocrx_word' id='word_1_219' title='bbox 2181 607 2413 675; x_wconf 86' lang='lat' dir='ltr'><strong>desuper</strong></span> <span class='ocrx_word' id='word_1_220' title='bbox 2442 607 2680 661; x_wconf 82' lang='lat' dir='ltr'><strong>laxatum</strong></span> <span class='ocrx_word' id='word_1_221' title='bbox 2702 645 2719 671; x_wconf 91' lang='lat'><strong>,</strong></span> <span class='ocrx_word' id='word_1_222' title='bbox 2760 613 2815 660; x_wconf 91' lang='lat' dir='ltr'><strong>et</strong></span> <span class='ocrx_word' id='word_1_223' title='bbox 2861 605 2963 661; x_wconf 87' lang='lat' dir='ltr'><strong>sub</strong></span> <span class='ocrx_word' id='word_1_224' title='bbox 3010 605 3115 661; x_wconf 92' lang='lat' dir='ltr'><strong>hoc</strong></span> <span class='ocrx_word' id='word_1_225' title='bbox 3157 605 3276 660; x_wconf 86' lang='lat' dir='ltr'><strong>velo</strong></span> <span class='ocrx_word' id='word_1_226' title='bbox 3308 605 3635 661; x_wconf 85' lang='lat' dir='ltr'><strong>obtendeute</strong></span> 
     </span>
    </p>
   </div>
   <div class='ocr_carea' id='block_1_36' title="bbox 2060 697 3637 767">
    <p class='ocr_par' dir='ltr' id='par_1_36' title="bbox 2060 697 3637 767">
     <span class='ocr_line' id='line_1_36' title="bbox 2060 697 3637 767; baseline -0.002 -12"><span class='ocrx_word' id='word_1_227' title='bbox 2060 707 2408 756; x_wconf 83' lang='lat' dir='ltr'><strong>sacrosancta</strong></span> <span class='ocrx_word' id='word_1_228' title='bbox 2440 699 2909 765; x_wconf 73' lang='lat' dir='ltr'><strong>administramus,</strong></span> <span class='ocrx_word' id='word_1_229' title='bbox 2955 698 3083 752; x_wconf 91' lang='lat' dir='ltr'><strong>dum</strong></span> <span class='ocrx_word' id='word_1_230' title='bbox 3114 697 3315 752; x_wconf 86' lang='lat' dir='ltr'><strong>bonum</strong></span> <span class='ocrx_word' id='word_1_231' title='bbox 3345 697 3637 767; x_wconf 80' lang='lat' dir='ltr'><strong>quodpiam</strong></span> 
     </span>
    </p>
   </div>
   <div class='ocr_carea' id='block_1_37' title="bbox 2061 788 3637 861">
    <p class='ocr_par' dir='ltr' id='par_1_37' title="bbox 2061 788 3637 861">
     <span class='ocr_line' id='line_1_37' title="bbox 2061 788 3637 861; baseline -0.001 -16"><span class='ocrx_word' id='word_1_232' title='bbox 2061 789 2370 861; x_wconf 77' lang='lat' dir='ltr'><strong>perﬁeimus</strong></span> <span class='ocrx_word' id='word_1_233' title='bbox 2416 807 2429 842; x_wconf 91' lang='lat'>:</span> <span class='ocrx_word' id='word_1_234' title='bbox 2473 789 2691 857; x_wconf 80' lang='lat' dir='ltr'><strong>quando</strong></span> <span class='ocrx_word' id='word_1_235' title='bbox 2741 803 2889 851; x_wconf 88' lang='lat' dir='ltr'><strong>vero,</strong></span> <span class='ocrx_word' id='word_1_236' title='bbox 2947 788 3314 857; x_wconf 71' lang='lat' dir='ltr'><strong>temperantia:</strong></span> <span class='ocrx_word' id='word_1_237' title='bbox 3373 797 3466 845; x_wconf 81' lang='lat' dir='ltr'><strong>aut</strong></span> <span class='ocrx_word' id='word_1_238' title='bbox 3505 803 3637 857; x_wconf 84' lang='lat' dir='ltr'><strong>pau-</strong></span> 
     </span>
    </p>
   </div>
   <div class='ocr_carea' id='block_1_38' title="bbox 2063 879 3634 954">
    <p class='ocr_par' dir='ltr' id='par_1_38' title="bbox 2063 879 3634 954">
     <span class='ocr_line' id='line_1_38' title="bbox 2063 879 3634 954; baseline -0.001 -18"><span class='ocrx_word' id='word_1_239' title='bbox 2063 883 2288 954; x_wconf 80' lang='lat' dir='ltr'><strong>pertatis</strong></span> <span class='ocrx_word' id='word_1_240' title='bbox 2319 882 2553 951; x_wconf 82' lang='lat' dir='ltr'><strong>speciem</strong></span> <span class='ocrx_word' id='word_1_241' title='bbox 2587 879 2933 951; x_wconf 64' lang='lat' dir='ltr'><strong>praeferentes</strong></span> <span class='ocrx_word' id='word_1_242' title='bbox 2958 921 2973 946; x_wconf 95' lang='lat'><strong>,</strong></span> <span class='ocrx_word' id='word_1_243' title='bbox 3019 881 3290 936; x_wconf 84' lang='lat' dir='ltr'><strong>contraria</strong></span> <span class='ocrx_word' id='word_1_244' title='bbox 3320 879 3550 936; x_wconf 87' lang='lat' dir='ltr'><strong>facimus</strong></span> <span class='ocrx_word' id='word_1_245' title='bbox 3581 881 3634 935; x_wconf 90' lang='lat' dir='ltr'><strong>in</strong></span> 
     </span>
    </p>
   </div>
   <div class='ocr_carea' id='block_1_39' title="bbox 2062 968 3637 1059">
    <p class='ocr_par' dir='ltr' id='par_1_39' title="bbox 2062 968 3637 1059">
     <span class='ocr_line' id='line_1_39' title="bbox 2062 968 3637 1059; baseline -0.002 -30"><span class='ocrx_word' id='word_1_246' title='bbox 2062 974 2312 1038; x_wconf 81' lang='lat' dir='ltr'><strong>Orculto,</strong></span> <span class='ocrx_word' id='word_1_247' title='bbox 2350 971 2577 1042; x_wconf 87' lang='lat' dir='ltr'><strong>velaque</strong></span> <span class='ocrx_word' id='word_1_248' title='bbox 2619 971 3381 1059; x_wconf 65' lang='lat' dir='ltr'><strong>aduinbr:int‘a_peceatorum</strong></span> <span class='ocrx_word' id='word_1_249' title='bbox 3413 968 3637 1026; x_wconf 84' lang='lat' dir='ltr'><strong>funibus</strong></span> 
     </span>
    </p>
   </div>
   <div class='ocr_carea' id='block_1_40' title="bbox 2061 1063 3635 1132">
    <p class='ocr_par' dir='ltr' id='par_1_40' title="bbox 2061 1063 3635 1132">
     <span class='ocr_line' id='line_1_40' title="bbox 2061 1063 3635 1132; baseline -0.003 -12"><span class='ocrx_word' id='word_1_250' title='bbox 2061 1064 2451 1127; x_wconf 82' lang='lat' dir='ltr'><strong>distendentes,</strong></span> <span class='ocrx_word' id='word_1_251' title='bbox 2474 1063 2583 1118; x_wconf 86' lang='lat' dir='ltr'><strong>alia</strong></span> <span class='ocrx_word' id='word_1_252' title='bbox 2608 1064 2825 1132; x_wconf 88' lang='lat' dir='ltr'><strong>quidem</strong></span> <span class='ocrx_word' id='word_1_253' title='bbox 2847 1063 2993 1117; x_wconf 86' lang='lat' dir='ltr'><strong>velut</strong></span> <span class='ocrx_word' id='word_1_254' title='bbox 3015 1063 3066 1116; x_wconf 87' lang='lat' dir='ltr'><strong>in</strong></span> <span class='ocrx_word' id='word_1_255' title='bbox 3095 1070 3300 1118; x_wconf 76' lang='lat' dir='ltr'><strong>attexto</strong></span> <span class='ocrx_word' id='word_1_256' title='bbox 3323 1077 3635 1132; x_wconf 85' lang='lat' dir='ltr'><strong>operamur,</strong></span> 
     </span>
    </p>
   </div>
   <div class='ocr_carea' id='block_1_41' title="bbox 2065 1152 3637 1236">
    <p class='ocr_par' dir='ltr' id='par_1_41' title="bbox 2065 1152 3637 1236">
     <span class='ocr_line' id='line_1_41' title="bbox 2065 1152 3637 1236; baseline -0.004 -23"><span class='ocrx_word' id='word_1_257' title='bbox 2065 1157 2170 1213; x_wconf 87' lang='lat' dir='ltr'><strong>alia</strong></span> <span class='ocrx_word' id='word_1_258' title='bbox 2202 1170 2331 1236; x_wconf 80' lang='lat' dir='ltr'><strong>vero</strong></span> <span class='ocrx_word' id='word_1_259' title='bbox 2357 1154 2736 1219; x_wconf 84' lang='lat' dir='ltr'><strong>etformamus,</strong></span> <span class='ocrx_word' id='word_1_260' title='bbox 2769 1154 2950 1223; x_wconf 85' lang='lat' dir='ltr'><strong>specie</strong></span> <span class='ocrx_word' id='word_1_261' title='bbox 2976 1152 3145 1208; x_wconf 81' lang='lat' dir='ltr'><strong>eﬂicta</strong></span> <span class='ocrx_word' id='word_1_262' title='bbox 3181 1154 3435 1208; x_wconf 84' lang='lat' dir='ltr'><strong>latentem</strong></span> <span class='ocrx_word' id='word_1_263' title='bbox 3468 1154 3637 1222; x_wconf 84' lang='lat' dir='ltr'><strong>turpi-</strong></span> 
     </span>
    </p>
   </div>
   <div class='ocr_carea' id='block_1_42' title="bbox 2063 1244 3638 1317">
    <p class='ocr_par' dir='ltr' id='par_1_42' title="bbox 2063 1244 3638 1317">
     <span class='ocr_line' id='line_1_42' title="bbox 2063 1244 3638 1317; baseline -0.003 -12"><span class='ocrx_word' id='word_1_264' title='bbox 2063 1248 2307 1305; x_wconf 86' lang='lat' dir='ltr'><strong>tudinem</strong></span> <span class='ocrx_word' id='word_1_265' title='bbox 2349 1245 2498 1317; x_wconf 77' lang='lat' dir='ltr'><strong>gravi</strong></span> <span class='ocrx_word' id='word_1_266' title='bbox 2540 1245 2855 1315; x_wconf 77' lang='lat' dir='ltr'><strong>obtegentes</strong></span> <span class='ocrx_word' id='word_1_267' title='bbox 2894 1245 3211 1309; x_wconf 82' lang='lat' dir='ltr'><strong>honestate,</strong></span> <span class='ocrx_word' id='word_1_268' title='bbox 3256 1254 3419 1312; x_wconf 82' lang='lat' dir='ltr'><strong>atque</strong></span> <span class='ocrx_word' id='word_1_269' title='bbox 3447 1244 3638 1300; x_wconf 77' lang='lat' dir='ltr'><strong>fraude</strong></span> 
     </span>
    </p>
   </div>
   <div class='ocr_carea' id='block_1_43' title="bbox 2064 1334 3636 1407">
    <p class='ocr_par' dir='ltr' id='par_1_43' title="bbox 2064 1334 3636 1407">
     <span class='ocr_line' id='line_1_43' title="bbox 2064 1334 3636 1407; baseline -0.004 -13"><span class='ocrx_word' id='word_1_270' title='bbox 2064 1336 2531 1394; x_wconf 77' lang='lat' dir='ltr'><strong>hominumvisus</strong></span> <span class='ocrx_word' id='word_1_271' title='bbox 2552 1335 2881 1407; x_wconf 88' lang='lat' dir='ltr'><strong>decipientes</strong></span> <span class='ocrx_word' id='word_1_272' title='bbox 2912 1337 2979 1389; x_wconf 90' lang='lat' dir='ltr'><strong>ad</strong></span> <span class='ocrx_word' id='word_1_273' title='bbox 3014 1336 3156 1405; x_wconf 86' lang='lat' dir='ltr'><strong>piam</strong></span> <span class='ocrx_word' id='word_1_274' title='bbox 3186 1334 3435 1404; x_wconf 75' lang='lat' dir='ltr'><strong>gloriam,</strong></span> <span class='ocrx_word' id='word_1_275' title='bbox 3466 1334 3636 1389; x_wconf 88' lang='lat' dir='ltr'><strong>virtu-</strong></span> 
     </span>
    </p>
   </div>
   <div class='ocr_carea' id='block_1_44' title="bbox 2063 1425 3636 1502">
    <p class='ocr_par' dir='ltr' id='par_1_44' title="bbox 2063 1425 3636 1502">
     <span class='ocr_line' id='line_1_44' title="bbox 2063 1425 3636 1502; baseline -0.006 -14"><span class='ocrx_word' id='word_1_276' title='bbox 2063 1440 2225 1502; x_wconf 83' lang='lat' dir='ltr'><strong>teque</strong></span> <span class='ocrx_word' id='word_1_277' title='bbox 2250 1429 2527 1501; x_wconf 73' lang='lat' dir='ltr'><strong>prteditam</strong></span> <span class='ocrx_word' id='word_1_278' title='bbox 2558 1429 2972 1497; x_wconf 85' lang='lat' dir='ltr'><strong>assequendam.</strong></span> <span class='ocrx_word' id='word_1_279' title='bbox 3011 1437 3137 1482; x_wconf 90' lang='lat' dir='ltr'><strong>tunc</strong></span> <span class='ocrx_word' id='word_1_280' title='bbox 3168 1426 3270 1481; x_wconf 84' lang='lat' dir='ltr'><strong>sub</strong></span> <span class='ocrx_word' id='word_1_281' title='bbox 3295 1426 3414 1480; x_wconf 80' lang='lat' dir='ltr'><strong>velo</strong></span> <span class='ocrx_word' id='word_1_282' title='bbox 3442 1425 3636 1480; x_wconf 85' lang='lat' dir='ltr'><strong>adum-</strong></span> 
     </span>
    </p>
   </div>
   <div class='ocr_carea' id='block_1_45' title="bbox 2066 1516 3637 1591">
    <p class='ocr_par' dir='ltr' id='par_1_45' title="bbox 2066 1516 3637 1591">
     <span class='ocr_line' id='line_1_45' title="bbox 2066 1516 3637 1591; baseline -0.005 -14"><span class='ocrx_word' id='word_1_283' title='bbox 2066 1525 2257 1579; x_wconf 87' lang='lat' dir='ltr'><strong>brante</strong></span> <span class='ocrx_word' id='word_1_284' title='bbox 2287 1519 2780 1591; x_wconf 86' lang='lat' dir='ltr'><strong>reprehensibiliter</strong></span> <span class='ocrx_word' id='word_1_285' title='bbox 2809 1518 3147 1572; x_wconf 88' lang='lat' dir='ltr'><strong>occultamus</strong></span> <span class='ocrx_word' id='word_1_286' title='bbox 3169 1531 3290 1588; x_wconf 71' lang='lat' dir='ltr'><strong>quas</strong></span> <span class='ocrx_word' id='word_1_287' title='bbox 3316 1516 3477 1585; x_wconf 74' lang='lat' dir='ltr'><strong>digna</strong></span> <span class='ocrx_word' id='word_1_288' title='bbox 3508 1525 3637 1571; x_wconf 88' lang='lat' dir='ltr'><strong>sunt</strong></span> 
     </span>
    </p>
   </div>
   <div class='ocr_carea' id='block_1_46' title="bbox 2064 1606 3635 1680">
    <p class='ocr_par' dir='ltr' id='par_1_46' title="bbox 2064 1606 3635 1680">
     <span class='ocr_line' id='line_1_46' title="bbox 2064 1606 3635 1680; baseline -0.005 -12"><span class='ocrx_word' id='word_1_289' title='bbox 2064 1612 2536 1677; x_wconf 80' lang='lat' dir='ltr'><strong>eondemuatione,</strong></span> <span class='ocrx_word' id='word_1_290' title='bbox 2564 1609 2609 1665; x_wconf 88' lang='lat' dir='ltr'><strong>si</strong></span> <span class='ocrx_word' id='word_1_291' title='bbox 2631 1608 3077 1680; x_wconf 71' lang='lat' dir='ltr'><strong>pervestigentur.</strong></span> <span class='ocrx_word' id='word_1_292' title='bbox 3122 1607 3278 1662; x_wconf 80' lang='lat' dir='ltr'><strong>Sicut</strong></span> <span class='ocrx_word' id='word_1_293' title='bbox 3298 1606 3440 1660; x_wconf 88' lang='lat' dir='ltr'><strong>enim</strong></span> <span class='ocrx_word' id='word_1_294' title='bbox 3464 1606 3635 1660; x_wconf 80' lang='lat' dir='ltr'><strong>virtus</strong></span> 
     </span>
    </p>
   </div>
   <div class='ocr_carea' id='block_1_47' title="bbox 2065 1697 3634 1773">
    <p class='ocr_par' dir='ltr' id='par_1_47' title="bbox 2065 1697 3634 1773">
     <span class='ocr_line' id='line_1_47' title="bbox 2065 1697 3634 1773; baseline -0.006 -13"><span class='ocrx_word' id='word_1_295' title='bbox 2065 1707 2204 1761; x_wconf 83' lang='lat' dir='ltr'><strong>clam</strong></span> <span class='ocrx_word' id='word_1_296' title='bbox 2226 1703 2467 1760; x_wconf 78' lang='lat' dir='ltr'><strong>exercita</strong></span> <span class='ocrx_word' id='word_1_297' title='bbox 2494 1701 2664 1758; x_wconf 86' lang='lat' dir='ltr'><strong>Deum</strong></span> <span class='ocrx_word' id='word_1_298' title='bbox 2695 1700 2857 1755; x_wconf 84' lang='lat' dir='ltr'><strong>habet</strong></span> <span class='ocrx_word' id='word_1_299' title='bbox 2886 1699 3243 1773; x_wconf 86' lang='lat' dir='ltr'><strong>laudatorem,</strong></span> <span class='ocrx_word' id='word_1_300' title='bbox 3273 1712 3337 1753; x_wconf 83' lang='lat' dir='ltr'><strong>ac</strong></span> <span class='ocrx_word' id='word_1_301' title='bbox 3361 1697 3634 1751; x_wconf 82' lang='lat' dir='ltr'><strong>declarata</strong></span> 
     </span>
    </p>
   </div>
   <div class='ocr_carea' id='block_1_48' title="bbox 2067 1785 3636 1869">
    <p class='ocr_par' dir='ltr' id='par_1_48' title="bbox 2067 1785 3636 1869">
     <span class='ocr_line' id='line_1_48' title="bbox 2067 1785 3636 1869; baseline -0.007 -15"><span class='ocrx_word' id='word_1_302' title='bbox 2067 1798 2302 1855; x_wconf 88' lang='lat' dir='ltr'><strong>dilucide</strong></span> <span class='ocrx_word' id='word_1_303' title='bbox 2346 1796 2695 1869; x_wconf 75' lang='lat' dir='ltr'><strong>praedicatur,</strong></span> <span class='ocrx_word' id='word_1_304' title='bbox 2752 1794 2822 1848; x_wconf 87' lang='lat' dir='ltr'><strong>ita</strong></span> <span class='ocrx_word' id='word_1_305' title='bbox 2865 1803 2919 1847; x_wconf 90' lang='lat' dir='ltr'><strong>et</strong></span> <span class='ocrx_word' id='word_1_306' title='bbox 2987 1791 3194 1846; x_wconf 78' lang='lat' dir='ltr'><strong>malitia</strong></span> <span class='ocrx_word' id='word_1_307' title='bbox 3229 1785 3447 1845; x_wconf 83' lang='lat' dir='ltr'><strong>latitans</strong></span> <span class='ocrx_word' id='word_1_308' title='bbox 3478 1788 3636 1844; x_wconf 87' lang='lat' dir='ltr'><strong>habet</strong></span> 
     </span>
    </p>
   </div>
   <div class='ocr_carea' id='block_1_49' title="bbox 2066 1881 3635 1962">
    <p class='ocr_par' dir='ltr' id='par_1_49' title="bbox 2066 1881 3635 1962">
     <span class='ocr_line' id='line_1_49' title="bbox 2066 1881 3635 1962; baseline -0.007 -18"><span class='ocrx_word' id='word_1_309' title='bbox 2066 1889 2287 1962; x_wconf 90' lang='lat' dir='ltr'><strong>quidem</strong></span> <span class='ocrx_word' id='word_1_310' title='bbox 2321 1902 2646 1959; x_wconf 87' lang='lat' dir='ltr'><strong>suspensum</strong></span> <span class='ocrx_word' id='word_1_311' title='bbox 2677 1885 3002 1954; x_wconf 83' lang='lat' dir='ltr'><strong>supplicium</strong></span> <span class='ocrx_word' id='word_1_312' title='bbox 3041 1892 3095 1936; x_wconf 88' lang='lat' dir='ltr'><strong>et</strong></span> <span class='ocrx_word' id='word_1_313' title='bbox 3134 1881 3465 1951; x_wconf 89' lang='lat' dir='ltr'><strong>punitionem</strong></span> <span class='ocrx_word' id='word_1_314' title='bbox 3490 1920 3505 1945; x_wconf 92' lang='lat'><strong>,</strong></span> <span class='ocrx_word' id='word_1_315' title='bbox 3547 1896 3635 1934; x_wconf 87' lang='lat' dir='ltr'><strong>re-</strong></span> 
     </span>
    </p>
   </div>
   <div class='ocr_carea' id='block_1_50' title="bbox 2068 1972 3632 2053">
    <p class='ocr_par' dir='ltr' id='par_1_50' title="bbox 2068 1972 3632 2053">
     <span class='ocr_line' id='line_1_50' title="bbox 2068 1972 3632 2053; baseline -0.01 -16"><span class='ocrx_word' id='word_1_316' title='bbox 2068 1983 2298 2053; x_wconf 80' lang='lat' dir='ltr'><strong>darguta</strong></span> <span class='ocrx_word' id='word_1_317' title='bbox 2324 1994 2453 2034; x_wconf 85' lang='lat' dir='ltr'><strong>vero</strong></span> <span class='ocrx_word' id='word_1_318' title='bbox 2482 1993 2546 2033; x_wconf 89' lang='lat' dir='ltr'><strong>ac</strong></span> <span class='ocrx_word' id='word_1_319' title='bbox 2569 1976 2904 2047; x_wconf 82' lang='lat' dir='ltr'><strong>deprehensa</strong></span> <span class='ocrx_word' id='word_1_320' title='bbox 2938 1973 3040 2026; x_wconf 91' lang='lat' dir='ltr'><strong>fert</strong></span> <span class='ocrx_word' id='word_1_321' title='bbox 3072 1972 3140 2026; x_wconf 90' lang='lat' dir='ltr'><strong>ad</strong></span> <span class='ocrx_word' id='word_1_322' title='bbox 3172 1980 3467 2027; x_wconf 77' lang='lat' dir='ltr'><strong>extremam</strong></span> <span class='ocrx_word' id='word_1_323' title='bbox 3498 1985 3632 2025; x_wconf 86' lang='lat' dir='ltr'><strong>eon-</strong></span> 
     </span>
    </p>
   </div>
   <div class='ocr_carea' id='block_1_51' title="bbox 2066 2060 3634 2134">
    <p class='ocr_par' dir='ltr' id='par_1_51' title="bbox 2066 2060 3634 2134">
     <span class='ocr_line' id='line_1_51' title="bbox 2066 2060 3634 2134; baseline -0.009 -6"><span class='ocrx_word' id='word_1_324' title='bbox 2066 2070 2486 2128; x_wconf 87' lang='lat' dir='ltr'><strong>demnationem.</strong></span> <span class='ocrx_word' id='word_1_325' title='bbox 2510 2067 2771 2134; x_wconf 83' lang='lat' dir='ltr'><strong>Quamvis</strong></span> <span class='ocrx_word' id='word_1_326' title='bbox 2798 2074 2979 2119; x_wconf 80' lang='lat' dir='ltr'><strong>autem</strong></span> <span class='ocrx_word' id='word_1_327' title='bbox 3015 2064 3105 2118; x_wconf 90' lang='lat' dir='ltr'><strong>isti</strong></span> <span class='ocrx_word' id='word_1_328' title='bbox 3137 2062 3270 2117; x_wconf 81' lang='lat' dir='ltr'><strong>tales</strong></span> <span class='ocrx_word' id='word_1_329' title='bbox 3303 2062 3504 2116; x_wconf 83' lang='lat' dir='ltr'><strong>lateant</strong></span> <span class='ocrx_word' id='word_1_330' title='bbox 3545 2060 3634 2114; x_wconf 85' lang='lat' dir='ltr'><strong>hic</strong></span> 
     </span>
    </p>
   </div>
   <div class='ocr_carea' id='block_1_52' title="bbox 2067 2153 3735 2226">
    <p class='ocr_par' dir='ltr' id='par_1_52' title="bbox 2067 2153 3735 2226">
     <span class='ocr_line' id='line_1_52' title="bbox 2067 2153 3735 2226; baseline -0.013 -8"><span class='ocrx_word' id='word_1_331' title='bbox 2067 2179 2175 2218; x_wconf 90' lang='lat' dir='ltr'><strong>non</strong></span> <span class='ocrx_word' id='word_1_332' title='bbox 2220 2160 2616 2226; x_wconf 80' lang='lat' dir='ltr'><strong>animadversi,</strong></span> <span class='ocrx_word' id='word_1_333' title='bbox 2659 2159 2845 2214; x_wconf 89' lang='lat' dir='ltr'><strong>habitu</strong></span> <span class='ocrx_word' id='word_1_334' title='bbox 2886 2156 3094 2213; x_wconf 89' lang='lat' dir='ltr'><strong>scilicet</strong></span> <span class='ocrx_word' id='word_1_335' title='bbox 3129 2153 3280 2225; x_wconf 80' lang='lat' dir='ltr'><strong>gravi</strong></span> <span class='ocrx_word' id='word_1_336' title='bbox 3317 2162 3370 2207; x_wconf 90' lang='lat' dir='ltr'><strong>et</strong></span> <span class='ocrx_word' id='word_1_337' title='bbox 3404 2153 3633 2205; x_wconf 85' lang='lat' dir='ltr'><strong>honesto</strong></span> <span class='ocrx_word' id='word_1_338' title='bbox 3724 2187 3735 2197; x_wconf 91' lang='lat'>.</span> 
     </span>
    </p>
   </div>
   <div class='ocr_carea' id='block_1_53' title="bbox 2065 2243 3633 2324">
    <p class='ocr_par' dir='ltr' id='par_1_53' title="bbox 2065 2243 3633 2324">
     <span class='ocr_line' id='line_1_53' title="bbox 2065 2243 3633 2324; baseline -0.011 -13"><span class='ocrx_word' id='word_1_339' title='bbox 2065 2262 2381 2324; x_wconf 88' lang='lat' dir='ltr'><strong>corruptum</strong></span> <span class='ocrx_word' id='word_1_340' title='bbox 2406 2251 2758 2308; x_wconf 84' lang='lat' dir='ltr'><strong>obtendentes</strong></span> <span class='ocrx_word' id='word_1_341' title='bbox 2785 2247 3053 2312; x_wconf 82' lang='lat' dir='ltr'><strong>studium,</strong></span> <span class='ocrx_word' id='word_1_342' title='bbox 3079 2245 3191 2315; x_wconf 79' lang='lat' dir='ltr'><strong>illic</strong></span> <span class='ocrx_word' id='word_1_343' title='bbox 3217 2244 3443 2299; x_wconf 88' lang='lat' dir='ltr'><strong>omnino</strong></span> <span class='ocrx_word' id='word_1_344' title='bbox 3471 2243 3633 2295; x_wconf 89' lang='lat' dir='ltr'><strong>denu-</strong></span> 
     </span>
    </p>
   </div>
   <div class='ocr_carea' id='block_1_54' title="bbox 2065 2334 3634 2416">
    <p class='ocr_par' dir='ltr' id='par_1_54' title="bbox 2065 2334 3634 2416">
     <span class='ocr_line' id='line_1_54' title="bbox 2065 2334 3634 2416; baseline -0.011 -14"><span class='ocrx_word' id='word_1_345' title='bbox 2065 2347 2368 2416; x_wconf 54' lang='lat' dir='ltr'><strong>dabuutur;</strong></span> <span class='ocrx_word' id='word_1_346' title='bbox 2398 2343 2653 2414; x_wconf 88' lang='lat' dir='ltr'><strong>opinione</strong></span> <span class='ocrx_word' id='word_1_347' title='bbox 2674 2341 2889 2413; x_wconf 89' lang='lat' dir='ltr'><strong>quidem</strong></span> <span class='ocrx_word' id='word_1_348' title='bbox 2912 2354 3034 2411; x_wconf 69' lang='lat' dir='ltr'><strong>quae</strong></span> <span class='ocrx_word' id='word_1_349' title='bbox 3063 2339 3132 2393; x_wconf 85' lang='lat' dir='ltr'><strong>de</strong></span> <span class='ocrx_word' id='word_1_350' title='bbox 3170 2335 3303 2406; x_wconf 87' lang='lat' dir='ltr'><strong>ipsis</strong></span> <span class='ocrx_word' id='word_1_351' title='bbox 3332 2334 3634 2388; x_wconf 83' lang='lat' dir='ltr'><strong>habebatur</strong></span> 
     </span>
    </p>
   </div>
   <div class='ocr_carea' id='block_1_55' title="bbox 2064 2423 3639 2507">
    <p class='ocr_par' dir='ltr' id='par_1_55' title="bbox 2064 2423 3639 2507">
     <span class='ocr_line' id='line_1_55' title="bbox 2064 2423 3639 2507; baseline -0.012 -11"><span class='ocrx_word' id='word_1_352' title='bbox 2064 2438 2310 2507; x_wconf 83' lang='lat' dir='ltr'><strong>sublata,</strong></span> <span class='ocrx_word' id='word_1_353' title='bbox 2362 2433 2627 2504; x_wconf 87' lang='lat' dir='ltr'><strong>patefacta</strong></span> <span class='ocrx_word' id='word_1_354' title='bbox 2674 2447 2804 2489; x_wconf 86' lang='lat' dir='ltr'><strong>vero</strong></span> <span class='ocrx_word' id='word_1_355' title='bbox 2831 2469 2846 2495; x_wconf 90' lang='lat'><strong>,</strong></span> <span class='ocrx_word' id='word_1_356' title='bbox 2894 2439 2946 2485; x_wconf 92' lang='lat' dir='ltr'><strong>et</strong></span> <span class='ocrx_word' id='word_1_357' title='bbox 2977 2444 3043 2485; x_wconf 78' lang='lat' dir='ltr'><strong>ex</strong></span> <span class='ocrx_word' id='word_1_358' title='bbox 3086 2428 3264 2496; x_wconf 85' lang='lat' dir='ltr'><strong>seipsa</strong></span> <span class='ocrx_word' id='word_1_359' title='bbox 3316 2423 3639 2479; x_wconf 84' lang='lat' dir='ltr'><strong>sublucente</strong></span> 
     </span>
    </p>
   </div>
   <div class='ocr_carea' id='block_1_56' title="bbox 2057 2510 3635 2593">
    <p class='ocr_par' dir='ltr' id='par_1_56' title="bbox 2057 2510 3635 2593">
     <span class='ocr_line' id='line_1_56' title="bbox 2057 2510 3635 2593; baseline -0.012 -10"><span class='ocrx_word' id='word_1_360' title='bbox 2057 2529 2290 2583; x_wconf 71' lang='lat' dir='ltr'><strong>veritate</strong></span> <span class='ocrx_word' id='word_1_361' title='bbox 2321 2543 2335 2580; x_wconf 90' lang='lat'><strong>:</strong></span> <span class='ocrx_word' id='word_1_362' title='bbox 2370 2525 2439 2579; x_wconf 86' lang='lat' dir='ltr'><strong>de</strong></span> <span class='ocrx_word' id='word_1_363' title='bbox 2471 2524 2555 2578; x_wconf 91' lang='lat' dir='ltr'><strong>his</strong></span> <span class='ocrx_word' id='word_1_364' title='bbox 2582 2522 2783 2593; x_wconf 88' lang='lat' dir='ltr'><strong>quippe</strong></span> <span class='ocrx_word' id='word_1_365' title='bbox 2813 2518 3037 2575; x_wconf 84' lang='lat' dir='ltr'><strong>forsitan</strong></span> <span class='ocrx_word' id='word_1_366' title='bbox 3068 2518 3241 2573; x_wconf 84' lang='lat' dir='ltr'><strong>Isaias</strong></span> <span class='ocrx_word' id='word_1_367' title='bbox 3275 2515 3439 2569; x_wconf 87' lang='lat' dir='ltr'><strong>dicit:</strong></span> <span class='ocrx_word' id='word_1_368' title='bbox 3478 2532 3496 2565; x_wconf 86' lang='grc' dir='ltr'><strong>ι</strong></span> <span class='ocrx_word' id='word_1_369' title='bbox 3529 2510 3635 2566; x_wconf 77' lang='lat' dir='ltr'><strong>Re-</strong></span> 
     </span>
    </p>
   </div>
   <div class='ocr_carea' id='block_1_57' title="bbox 2063 2603 3635 2683">
    <p class='ocr_par' dir='ltr' id='par_1_57' title="bbox 2063 2603 3635 2683">
     <span class='ocr_line' id='line_1_57' title="bbox 2063 2603 3635 2683; baseline -0.011 -11"><span class='ocrx_word' id='word_1_370' title='bbox 2063 2617 2261 2672; x_wconf 70' lang='lat' dir='ltr'><strong>velabit</strong></span> <span class='ocrx_word' id='word_1_371' title='bbox 2304 2614 2565 2669; x_wconf 80' lang='lat' dir='ltr'><strong>Dominus</strong></span> <span class='ocrx_word' id='word_1_372' title='bbox 2605 2614 2830 2683; x_wconf 76' lang='lat' dir='ltr'><strong>ligurum</strong></span> <span class='ocrx_word' id='word_1_373' title='bbox 2874 2611 3121 2680; x_wconf 88' lang='lat' dir='ltr'><strong>ipsorum</strong></span> <span class='ocrx_word' id='word_1_374' title='bbox 3167 2609 3219 2661; x_wconf 91' lang='lat' dir='ltr'><strong>in</strong></span> <span class='ocrx_word' id='word_1_375' title='bbox 3262 2606 3350 2659; x_wconf 87' lang='lat' dir='ltr'><strong>illa</strong></span> <span class='ocrx_word' id='word_1_376' title='bbox 3387 2603 3474 2658; x_wconf 91' lang='lat' dir='ltr'><strong>die</strong></span> <span class='ocrx_word' id='word_1_377' title='bbox 3535 2604 3635 2656; x_wconf 75' lang='lat' dir='ltr'><strong>“.r</strong></span> 
     </span>
    </p>
   </div>
   <div class='ocr_carea' id='block_1_58' title="bbox 2067 2689 3638 2770">
    <p class='ocr_par' dir='ltr' id='par_1_58' title="bbox 2067 2689 3638 2770">
     <span class='ocr_line' id='line_1_58' title="bbox 2067 2689 3638 2770; baseline -0.011 -7"><span class='ocrx_word' id='word_1_378' title='bbox 2067 2708 2174 2763; x_wconf 83' lang='lat' dir='ltr'><strong>Sed</strong></span> <span class='ocrx_word' id='word_1_379' title='bbox 2229 2722 2338 2761; x_wconf 92' lang='lat' dir='ltr'><strong>non</strong></span> <span class='ocrx_word' id='word_1_380' title='bbox 2379 2719 2572 2758; x_wconf 85' lang='lat' dir='ltr'><strong>omnes</strong></span> <span class='ocrx_word' id='word_1_381' title='bbox 2603 2742 2619 2767; x_wconf 93' lang='lat'><strong>,</strong></span> <span class='ocrx_word' id='word_1_382' title='bbox 2666 2700 2757 2770; x_wconf 87' lang='lat' dir='ltr'><strong>qui</strong></span> <span class='ocrx_word' id='word_1_383' title='bbox 2793 2701 2994 2755; x_wconf 86' lang='lat' dir='ltr'><strong>bonum</strong></span> <span class='ocrx_word' id='word_1_384' title='bbox 3039 2704 3452 2754; x_wconf 84' lang='lat' dir='ltr'><strong>consectantur,</strong></span> <span class='ocrx_word' id='word_1_385' title='bbox 3501 2689 3638 2745; x_wconf 81' lang='lat' dir='ltr'><strong>tales</strong></span> 
     </span>
    </p>
   </div>
   <div class='ocr_carea' id='block_1_59' title="bbox 2028 2781 3640 2865">
    <p class='ocr_par' dir='ltr' id='par_1_59' title="bbox 2028 2781 3640 2865">
     <span class='ocr_line' id='line_1_59' title="bbox 2028 2781 3640 2865; baseline -0.011 -10"><span class='ocrx_word' id='word_1_386' title='bbox 2028 2840 2035 2846; x_wconf 76' lang='lat'><em>.</em></span> <span class='ocrx_word' id='word_1_387' title='bbox 2062 2807 2226 2864; x_wconf 88' lang='lat' dir='ltr'><strong>sunt,</strong></span> <span class='ocrx_word' id='word_1_388' title='bbox 2262 2806 2318 2852; x_wconf 90' lang='lat' dir='ltr'><strong>et</strong></span> <span class='ocrx_word' id='word_1_389' title='bbox 2363 2795 2409 2851; x_wconf 90' lang='lat' dir='ltr'><strong>si</strong></span> <span class='ocrx_word' id='word_1_390' title='bbox 2438 2794 2659 2865; x_wconf 85' lang='lat' dir='ltr'><strong>quidam</strong></span> <span class='ocrx_word' id='word_1_391' title='bbox 2697 2792 2997 2855; x_wconf 81' lang='lat' dir='ltr'><strong>exsistant,</strong></span> <span class='ocrx_word' id='word_1_392' title='bbox 3027 2789 3120 2859; x_wconf 88' lang='lat' dir='ltr'><strong>qui</strong></span> <span class='ocrx_word' id='word_1_393' title='bbox 3170 2787 3422 2840; x_wconf 74' lang='lat' dir='ltr'><strong>humana:</strong></span> <span class='ocrx_word' id='word_1_394' title='bbox 3451 2781 3640 2850; x_wconf 70' lang='lat' dir='ltr'><strong>gloria:</strong></span> 
     </span>
    </p>
   </div>
   <div class='ocr_carea' id='block_1_60' title="bbox 2064 2877 3638 2956">
    <p class='ocr_par' dir='ltr' id='par_1_60' title="bbox 2064 2877 3638 2956">
     <span class='ocr_line' id='line_1_60' title="bbox 2064 2877 3638 2956; baseline -0.012 -11"><span class='ocrx_word' id='word_1_395' title='bbox 2064 2889 2348 2945; x_wconf 89' lang='lat' dir='ltr'><strong>venatione</strong></span> <span class='ocrx_word' id='word_1_396' title='bbox 2395 2886 2610 2956; x_wconf 87' lang='lat' dir='ltr'><strong>pietatis</strong></span> <span class='ocrx_word' id='word_1_397' title='bbox 2662 2884 2867 2939; x_wconf 90' lang='lat' dir='ltr'><strong>cultum</strong></span> <span class='ocrx_word' id='word_1_398' title='bbox 2927 2880 3091 2951; x_wconf 76' lang='lat'><strong>589</strong></span> <span class='ocrx_word' id='word_1_399' title='bbox 3137 2893 3263 2949; x_wconf 75' lang='lat' dir='ltr'><strong>erga</strong></span> <span class='ocrx_word' id='word_1_400' title='bbox 3318 2877 3485 2931; x_wconf 85' lang='lat' dir='ltr'><strong>Deum</strong></span> <span class='ocrx_word' id='word_1_401' title='bbox 3530 2887 3638 2927; x_wconf 88' lang='lat' dir='ltr'><strong>non</strong></span> 
     </span>
    </p>
   </div>
   <div class='ocr_carea' id='block_1_61' title="bbox 2064 2966 3640 3052">
    <p class='ocr_par' dir='ltr' id='par_1_61' title="bbox 2064 2966 3640 3052">
     <span class='ocr_line' id='line_1_61' title="bbox 2064 2966 3640 3052; baseline -0.01 -19"><span class='ocrx_word' id='word_1_402' title='bbox 2064 2997 2197 3052; x_wconf 89' lang='lat' dir='ltr'><strong>pure</strong></span> <span class='ocrx_word' id='word_1_403' title='bbox 2244 2977 2667 3049; x_wconf 78' lang='lat' dir='ltr'><strong>aggrediantur,</strong></span> <span class='ocrx_word' id='word_1_404' title='bbox 2720 2989 2823 3029; x_wconf 86' lang='lat' dir='ltr'><strong>nec</strong></span> <span class='ocrx_word' id='word_1_405' title='bbox 2865 2972 3008 3026; x_wconf 86' lang='lat' dir='ltr'><strong>enim</strong></span> <span class='ocrx_word' id='word_1_406' title='bbox 3056 2978 3276 3039; x_wconf 83' lang='lat' dir='ltr'><strong>propter</strong></span> <span class='ocrx_word' id='word_1_407' title='bbox 3324 2966 3640 3033; x_wconf 82' lang='lat' dir='ltr'><strong>deceptores</strong></span> 
     </span>
    </p>
   </div>
   <div class='ocr_carea' id='block_1_62' title="bbox 393 3048 1968 3135">
    <p class='ocr_par' dir='ltr' id='par_1_62' title="bbox 393 3048 1954 3128">
     <span class='ocr_line' id='line_1_62' title="bbox 393 3048 1954 3128; baseline -0.004 -19"><span class='ocrx_word' id='word_1_408' title='bbox 393 3058 587 3128; x_wconf 86' lang='grc' dir='ltr'><strong>γελμα,</strong></span> <span class='ocrx_word' id='word_1_409' title='bbox 606 3056 741 3109; x_wconf 61' lang='grc' dir='ltr'><strong>ἀλλὰ</strong></span> <span class='ocrx_word' id='word_1_410' title='bbox 769 3055 845 3125; x_wconf 80' lang='grc' dir='ltr'><strong>τῷ</strong></span> <span class='ocrx_word' id='word_1_411' title='bbox 873 3053 1135 3125; x_wconf 81' lang='grc' dir='ltr'><strong>ὁρωμένῳ</strong></span> <span class='ocrx_word' id='word_1_412' title='bbox 1160 3053 1219 3107; x_wconf 72' lang='grc' dir='ltr'><strong>τὸ</strong></span> <span class='ocrx_word' id='word_1_413' title='bbox 1240 3054 1612 3124; x_wconf 79' lang='grc' dir='ltr'><strong>κρυπτόμενον</strong></span> <span class='ocrx_word' id='word_1_414' title='bbox 1644 3048 1954 3121; x_wconf 75' lang='grc' dir='ltr'><strong>ἐξομοιοῦν-</strong></span> 
     </span>
    </p>
   </div>
   <div class='ocr_carea' id='block_1_63' title="bbox 2069 3048 3633 3135">
    <p class='ocr_par' dir='ltr' id='par_1_63' title="bbox 2069 3048 3633 3126">
     <span class='ocr_line' id='line_1_63' title="bbox 2069 3048 3633 3126; baseline -0.011 0"><span class='ocrx_word' id='word_1_415' title='bbox 2069 3048 2331 3126; x_wconf 63' lang='lat' dir='ltr'><strong>molestire</strong></span> <span class='ocrx_word' id='word_1_416' title='bbox 2354 3070 2648 3124; x_wconf 70' lang='lat' dir='ltr'><strong>subeunda:</strong></span> <span class='ocrx_word' id='word_1_417' title='bbox 2675 3076 2800 3120; x_wconf 88' lang='lat' dir='ltr'><strong>sunt</strong></span> <span class='ocrx_word' id='word_1_418' title='bbox 2820 3064 2981 3120; x_wconf 85' lang='lat' dir='ltr'><strong>etiam</strong></span> <span class='ocrx_word' id='word_1_419' title='bbox 3005 3060 3283 3116; x_wconf 84' lang='lat' dir='ltr'><strong>studiosis.</strong></span> <span class='ocrx_word' id='word_1_420' title='bbox 3311 3057 3450 3111; x_wconf 87' lang='lat' dir='ltr'><strong>Sunt</strong></span> <span class='ocrx_word' id='word_1_421' title='bbox 3487 3056 3633 3109; x_wconf 90' lang='lat' dir='ltr'><strong>enim</strong></span> 
     </span>
    </p>
   </div>
   <div class='ocr_carea' id='block_1_64' title="bbox 386 3140 1966 3217">
    <p class='ocr_par' dir='ltr' id='par_1_64' title="bbox 386 3140 1966 3217">
     <span class='ocr_line' id='line_1_64' title="bbox 386 3140 1966 3217; baseline 0.003 -18"><span class='ocrx_word' id='word_1_422' title='bbox 386 3166 504 3212; x_wconf 78' lang='grc' dir='ltr'><strong>τες,</strong></span> <span class='ocrx_word' id='word_1_423' title='bbox 533 3146 702 3201; x_wconf 77' lang='grc' dir='ltr'><strong>καὶτὸ</strong></span> <span class='ocrx_word' id='word_1_424' title='bbox 738 3146 924 3217; x_wconf 79' lang='grc' dir='ltr'><strong>σχῆμα</strong></span> <span class='ocrx_word' id='word_1_425' title='bbox 946 3144 1161 3215; x_wconf 76' lang='grc' dir='ltr'><strong>ἔχοντες</strong></span> <span class='ocrx_word' id='word_1_426' title='bbox 1182 3143 1475 3214; x_wconf 78' lang='grc' dir='ltr'><strong>ἑρμηνείαν</strong></span> <span class='ocrx_word' id='word_1_427' title='bbox 1506 3140 1599 3196; x_wconf 77' lang='grc' dir='ltr'><strong>τοῦ</strong></span> <span class='ocrx_word' id='word_1_428' title='bbox 1622 3142 1966 3212; x_wconf 69' lang='grc' dir='ltr'><strong>πράγματος,</strong></span> 
     </span>
    </p>
   </div>
   <div class='ocr_carea' id='block_1_65' title="bbox 394 3230 1965 3308">
    <p class='ocr_par' dir='ltr' id='par_1_65' title="bbox 394 3230 1965 3308">
     <span class='ocr_line' id='line_1_65' title="bbox 394 3230 1965 3308; baseline -0.008 -14"><span class='ocrx_word' id='word_1_429' title='bbox 394 3241 453 3294; x_wconf 73' lang='grc' dir='ltr'><strong>οὐ</strong></span> <span class='ocrx_word' id='word_1_430' title='bbox 475 3237 788 3308; x_wconf 80' lang='grc' dir='ltr'><strong>φαινόμενοι</strong></span> <span class='ocrx_word' id='word_1_431' title='bbox 811 3236 969 3307; x_wconf 88' lang='grc' dir='ltr'><strong>μόνον</strong></span> <span class='ocrx_word' id='word_1_432' title='bbox 995 3235 1022 3288; x_wconf 83' lang='grc' dir='ltr'><strong>ὃ</strong></span> <span class='ocrx_word' id='word_1_433' title='bbox 1039 3234 1487 3303; x_wconf 75' lang='grc' dir='ltr'><strong>ἐπαγγέλλονται,</strong></span> <span class='ocrx_word' id='word_1_434' title='bbox 1514 3231 1651 3286; x_wconf 82' lang='grc' dir='ltr'><strong>ἀλλὰ</strong></span> <span class='ocrx_word' id='word_1_435' title='bbox 1678 3230 1770 3285; x_wconf 76' lang='grc' dir='ltr'><strong>καὶ</strong></span> <span class='ocrx_word' id='word_1_436' title='bbox 1793 3230 1965 3296; x_wconf 74' lang='grc' dir='ltr'><strong>ὄντες,</strong></span> 
     </span>
    </p>
   </div>
   <div class='ocr_carea' id='block_1_66' title="bbox 393 3315 1967 3398">
    <p class='ocr_par' dir='ltr' id='par_1_66' title="bbox 393 3315 1967 3398">
     <span class='ocr_line' id='line_1_66' title="bbox 393 3315 1967 3398; baseline -0.006 -16"><span class='ocrx_word' id='word_1_437' title='bbox 393 3326 767 3398; x_wconf 77' lang='grc' dir='ltr'><strong>ὀνομάζονται,</strong></span> <span class='ocrx_word' id='word_1_438' title='bbox 817 3325 850 3395; x_wconf 81' lang='grc' dir='ltr'>ἢ</span> <span class='ocrx_word' id='word_1_439' title='bbox 903 3325 1001 3379; x_wconf 74' lang='grc' dir='ltr'><strong>καὶ</strong></span> <span class='ocrx_word' id='word_1_440' title='bbox 1059 3322 1156 3377; x_wconf 78' lang='grc' dir='ltr'><strong>τοῦ</strong></span> <span class='ocrx_word' id='word_1_441' title='bbox 1211 3323 1532 3393; x_wconf 73' lang='grc' dir='ltr'><strong>νομίζεσθαι</strong></span> <span class='ocrx_word' id='word_1_442' title='bbox 1570 3320 1769 3393; x_wconf 80' lang='grc' dir='ltr'><strong>μᾶλλον</strong></span> <span class='ocrx_word' id='word_1_443' title='bbox 1825 3315 1967 3373; x_wconf 83' lang='grc' dir='ltr'><strong>εἶναι</strong></span> 
     </span>
    </p>
   </div>
   <div class='ocr_carea' id='block_1_67' title="bbox 398 3413 1968 3484">
    <p class='ocr_par' dir='ltr' id='par_1_67' title="bbox 398 3413 1968 3484">
     <span class='ocr_line' id='line_1_67' title="bbox 398 3413 1968 3484; baseline -0.004 -12"><span class='ocrx_word' id='word_1_444' title='bbox 398 3417 806 3481; x_wconf 72' lang='grc' dir='ltr'><strong>σπουδάζοντες,</strong></span> <span class='ocrx_word' id='word_1_445' title='bbox 834 3415 922 3469; x_wconf 76' lang='grc' dir='ltr'><strong>διὰ</strong></span> <span class='ocrx_word' id='word_1_446' title='bbox 945 3415 1037 3468; x_wconf 77' lang='grc' dir='ltr'><strong>τὸν</strong></span> <span class='ocrx_word' id='word_1_447' title='bbox 1065 3414 1242 3470; x_wconf 87' lang='grc' dir='ltr'><strong>πάντα</strong></span> <span class='ocrx_word' id='word_1_448' title='bbox 1280 3416 1374 3469; x_wconf 77' lang='grc' dir='ltr'><strong>καὶ</strong></span> <span class='ocrx_word' id='word_1_449' title='bbox 1422 3415 1490 3468; x_wconf 86' lang='grc' dir='ltr'><strong>τά</strong></span> <span class='ocrx_word' id='word_1_450' title='bbox 1520 3415 1579 3467; x_wconf 86' lang='grc' dir='ltr'><strong>ἐν</strong></span> <span class='ocrx_word' id='word_1_451' title='bbox 1622 3415 1813 3484; x_wconf 84' lang='grc' dir='ltr'><strong>μυχοῖς</strong></span> <span class='ocrx_word' id='word_1_452' title='bbox 1866 3413 1968 3482; x_wconf 78' lang='grc' dir='ltr'><strong>τῆς</strong></span> 
     </span>
    </p>
   </div>
   <div class='ocr_carea' id='block_1_68' title="bbox 397 3503 1967 3578">
    <p class='ocr_par' dir='ltr' id='par_1_68' title="bbox 397 3503 1967 3578">
     <span class='ocr_line' id='line_1_68' title="bbox 397 3503 1967 3578; baseline -0.004 -17"><span class='ocrx_word' id='word_1_453' title='bbox 397 3507 622 3575; x_wconf 79' lang='grc' dir='ltr'><strong>καρδίας</strong></span> <span class='ocrx_word' id='word_1_454' title='bbox 681 3506 988 3578; x_wconf 76' lang='grc' dir='ltr'><strong>ἐρευνῶντα</strong></span> <span class='ocrx_word' id='word_1_455' title='bbox 1037 3505 1189 3572; x_wconf 81' lang='grc' dir='ltr'><strong>Θεὸν,</strong></span> <span class='ocrx_word' id='word_1_456' title='bbox 1247 3507 1343 3559; x_wconf 74' lang='grc' dir='ltr'><strong>καὶ</strong></span> <span class='ocrx_word' id='word_1_457' title='bbox 1392 3503 1712 3559; x_wconf 76' lang='grc' dir='ltr'><strong>ἀποδιδόντα</strong></span> <span class='ocrx_word' id='word_1_458' title='bbox 1752 3503 1967 3574; x_wconf 85' lang='grc' dir='ltr'><strong>ἐκάστῳ</strong></span> 
     </span>
    </p>
   </div>
   <div class='ocr_carea' id='block_1_69' title="bbox 399 3594 1967 3686">
    <p class='ocr_par' dir='ltr' id='par_1_69' title="bbox 399 3594 1967 3686">
     <span class='ocr_line' id='line_1_69' title="bbox 399 3594 1967 3686; baseline -0.002 -36"><span class='ocrx_word' id='word_1_459' title='bbox 399 3601 537 3651; x_wconf 77' lang='grc' dir='ltr'><strong>κατὰ</strong></span> <span class='ocrx_word' id='word_1_460' title='bbox 566 3600 628 3653; x_wconf 77' lang='grc' dir='ltr'><strong>τὸ</strong></span> <span class='ocrx_word' id='word_1_461' title='bbox 655 3598 805 3686; x_wconf 48' lang='grc' dir='ltr'><strong>ξιον</strong></span> <span class='ocrx_word' id='word_1_462' title='bbox 830 3596 1007 3669; x_wconf 73' lang='grc' dir='ltr'><strong>ἔργον,</strong></span> <span class='ocrx_word' id='word_1_463' title='bbox 1036 3597 1097 3649; x_wconf 80' lang='grc' dir='ltr'><strong>ού</strong></span> <span class='ocrx_word' id='word_1_464' title='bbox 1128 3595 1272 3650; x_wconf 78' lang='grc' dir='ltr'><strong>κατά</strong></span> <span class='ocrx_word' id='word_1_465' title='bbox 1302 3595 1404 3666; x_wconf 83' lang='grc' dir='ltr'><strong>τὴν</strong></span> <span class='ocrx_word' id='word_1_466' title='bbox 1443 3594 1731 3666; x_wconf 77' lang='grc' dir='ltr'><strong>ὑπόληψιν.</strong></span> <span class='ocrx_word' id='word_1_467' title='bbox 1756 3594 1967 3657; x_wconf 82' lang='grc' dir='ltr'><strong>’Λλλως</strong></span> 
     </span>
    </p>
   </div>
   <div class='ocr_carea' id='block_1_70' title="bbox 398 3686 1972 3758">
    <p class='ocr_par' dir='ltr' id='par_1_70' title="bbox 398 3686 1972 3758">
     <span class='ocr_line' id='line_1_70' title="bbox 398 3686 1972 3758; baseline 0 -17"><span class='ocrx_word' id='word_1_468' title='bbox 398 3689 453 3744; x_wconf 76' lang='grc' dir='ltr'><strong>δὲ</strong></span> <span class='ocrx_word' id='word_1_469' title='bbox 482 3690 641 3743; x_wconf 80' lang='grc' dir='ltr'><strong>πάλιν</strong></span> <span class='ocrx_word' id='word_1_470' title='bbox 665 3689 807 3751; x_wconf 80' lang='grc' dir='ltr'><strong>τινὲς</strong></span> <span class='ocrx_word' id='word_1_471' title='bbox 835 3689 892 3741; x_wconf 88' lang='grc' dir='ltr'><strong>ἐν</strong></span> <span class='ocrx_word' id='word_1_472' title='bbox 915 3688 1124 3752; x_wconf 81' lang='grc' dir='ltr'><strong>τούτοις</strong></span> <span class='ocrx_word' id='word_1_473' title='bbox 1150 3687 1242 3741; x_wconf 81' lang='grc' dir='ltr'><strong>τοῦ</strong></span> <span class='ocrx_word' id='word_1_474' title='bbox 1259 3686 1488 3758; x_wconf 76' lang='grc' dir='ltr'><strong>ἀληθοῦς</strong></span> <span class='ocrx_word' id='word_1_475' title='bbox 1510 3687 1715 3742; x_wconf 88' lang='grc' dir='ltr'><strong>σκοποῦ</strong></span> <span class='ocrx_word' id='word_1_476' title='bbox 1733 3687 1972 3757; x_wconf 81' lang='grc' dir='ltr'><strong>διαμαρ-</strong></span> 
     </span>
    </p>
   </div>
   <div class='ocr_carea' id='block_1_71' title="bbox 400 3790 1968 3864">
    <p class='ocr_par' dir='ltr' id='par_1_71' title="bbox 400 3790 1968 3864">
     <span class='ocr_line' id='line_1_71' title="bbox 400 3790 1968 3864; baseline -0.002 -19"><span class='ocrx_word' id='word_1_477' title='bbox 400 3794 671 3859; x_wconf 88' lang='grc' dir='ltr'><strong>τάνουσιν,</strong></span> <span class='ocrx_word' id='word_1_478' title='bbox 706 3792 1093 3863; x_wconf 86' lang='grc' dir='ltr'><strong>ἐπαιρόμενοι,</strong></span> <span class='ocrx_word' id='word_1_479' title='bbox 1126 3791 1224 3846; x_wconf 79' lang='grc' dir='ltr'><strong>καὶ</strong></span> <span class='ocrx_word' id='word_1_480' title='bbox 1266 3792 1573 3863; x_wconf 75' lang='grc' dir='ltr'><strong>νομίζοντες</strong></span> <span class='ocrx_word' id='word_1_481' title='bbox 1603 3790 1712 3864; x_wconf 73' lang='grc' dir='ltr'><strong>ἰδίᾳ</strong></span> <span class='ocrx_word' id='word_1_482' title='bbox 1740 3790 1968 3861; x_wconf 86' lang='grc' dir='ltr'><strong>δυνάμει</strong></span> 
     </span>
    </p>
   </div>
   <div class='ocr_carea' id='block_1_72' title="bbox 395 3892 1579 3966">
    <p class='ocr_par' dir='ltr' id='par_1_72' title="bbox 395 3892 1579 3966">
     <span class='ocr_line' id='line_1_72' title="bbox 395 3892 1579 3966; baseline 0 -19"><span class='ocrx_word' id='word_1_483' title='bbox 395 3896 484 3948; x_wconf 80' lang='grc' dir='ltr'><strong>τὸν</strong></span> <span class='ocrx_word' id='word_1_484' title='bbox 508 3896 711 3966; x_wconf 87' lang='grc' dir='ltr'><strong>κόσμον</strong></span> <span class='ocrx_word' id='word_1_485' title='bbox 742 3893 1203 3964; x_wconf 78' lang='grc' dir='ltr'><strong>περιπεποιῆσθαι</strong></span> <span class='ocrx_word' id='word_1_486' title='bbox 1225 3894 1326 3962; x_wconf 81' lang='grc' dir='ltr'><strong>τῆς</strong></span> <span class='ocrx_word' id='word_1_487' title='bbox 1356 3892 1579 3963; x_wconf 83' lang='grc' dir='ltr'><strong>ἀρετῆς.</strong></span> 
     </span>
    </p>
   </div>
   <div class='ocr_carea' id='block_1_73' title="bbox 2074 3147 3640 3237">
    <p class='ocr_par' dir='ltr' id='par_1_73' title="bbox 2074 3147 3640 3237">
     <span class='ocr_line' id='line_1_73' title="bbox 2074 3147 3640 3237; baseline -0.014 -17"><span class='ocrx_word' id='word_1_488' title='bbox 2074 3166 2169 3237; x_wconf 90' lang='lat' dir='ltr'><strong>qui</strong></span> <span class='ocrx_word' id='word_1_489' title='bbox 2199 3178 2324 3219; x_wconf 89' lang='lat' dir='ltr'><strong>vere</strong></span> <span class='ocrx_word' id='word_1_490' title='bbox 2356 3163 2608 3216; x_wconf 88' lang='lat' dir='ltr'><strong>virtutem</strong></span> <span class='ocrx_word' id='word_1_491' title='bbox 2652 3163 3075 3217; x_wconf 83' lang='lat' dir='ltr'><strong>consectantur,</strong></span> <span class='ocrx_word' id='word_1_492' title='bbox 3124 3165 3226 3205; x_wconf 77' lang='lat' dir='ltr'><strong>nec</strong></span> <span class='ocrx_word' id='word_1_493' title='bbox 3270 3147 3640 3201; x_wconf 78' lang='lat' dir='ltr'><strong>enientiuntur</strong></span> 
     </span>
    </p>
   </div>
   <div class='ocr_carea' id='block_1_74' title="bbox 2073 3235 3639 3326">
    <p class='ocr_par' dir='ltr' id='par_1_74' title="bbox 2073 3235 3639 3326">
     <span class='ocr_line' id='line_1_74' title="bbox 2073 3235 3639 3326; baseline -0.017 -13"><span class='ocrx_word' id='word_1_494' title='bbox 2073 3235 2329 3326; x_wconf 83' lang='lat' dir='ltr'><strong>operibus</strong></span> <span class='ocrx_word' id='word_1_495' title='bbox 2347 3250 2761 3324; x_wconf 85' lang='lat' dir='ltr'><strong>professionem,</strong></span> <span class='ocrx_word' id='word_1_496' title='bbox 2798 3246 2889 3301; x_wconf 90' lang='lat' dir='ltr'><strong>sed</strong></span> <span class='ocrx_word' id='word_1_497' title='bbox 2915 3244 3056 3299; x_wconf 90' lang='lat' dir='ltr'><strong>hanc</strong></span> <span class='ocrx_word' id='word_1_498' title='bbox 3084 3240 3390 3296; x_wconf 86' lang='lat' dir='ltr'><strong>assimilaut</strong></span> <span class='ocrx_word' id='word_1_499' title='bbox 3417 3237 3464 3291; x_wconf 89' lang='lat' dir='ltr'><strong>ei</strong></span> <span class='ocrx_word' id='word_1_500' title='bbox 3494 3235 3639 3305; x_wconf 88' lang='lat' dir='ltr'><strong>quod</strong></span> 
     </span>
    </p>
   </div>
   <div class='ocr_carea' id='block_1_75' title="bbox 2072 3327 3643 3414">
    <p class='ocr_par' dir='ltr' id='par_1_75' title="bbox 2072 3327 3643 3414">
     <span class='ocr_line' id='line_1_75' title="bbox 2072 3327 3643 3414; baseline -0.013 -11"><span class='ocrx_word' id='word_1_501' title='bbox 2072 3347 2319 3412; x_wconf 79' lang='lat' dir='ltr'><strong>videtur,</strong></span> <span class='ocrx_word' id='word_1_502' title='bbox 2369 3353 2423 3400; x_wconf 91' lang='lat' dir='ltr'><strong>et</strong></span> <span class='ocrx_word' id='word_1_503' title='bbox 2449 3343 2683 3414; x_wconf 87' lang='lat' dir='ltr'><strong>speciem</strong></span> <span class='ocrx_word' id='word_1_504' title='bbox 2732 3339 2969 3400; x_wconf 84' lang='lat' dir='ltr'><strong>habent,</strong></span> <span class='ocrx_word' id='word_1_505' title='bbox 3016 3349 3137 3406; x_wconf 69' lang='lat' dir='ltr'><strong>quae</strong></span> <span class='ocrx_word' id='word_1_506' title='bbox 3171 3329 3539 3400; x_wconf 88' lang='lat' dir='ltr'><strong>interpretatio</strong></span> <span class='ocrx_word' id='word_1_507' title='bbox 3572 3327 3643 3382; x_wconf 91' lang='lat' dir='ltr'><strong>sit</strong></span> 
     </span>
    </p>
   </div>
   <div class='ocr_carea' id='block_1_76' title="bbox 2072 3416 3641 3508">
    <p class='ocr_par' dir='ltr' id='par_1_76' title="bbox 2072 3416 3641 3508">
     <span class='ocr_line' id='line_1_76' title="bbox 2072 3416 3641 3508; baseline -0.015 -14"><span class='ocrx_word' id='word_1_508' title='bbox 2072 3438 2181 3504; x_wconf 93' lang='lat' dir='ltr'><strong>rei,</strong></span> <span class='ocrx_word' id='word_1_509' title='bbox 2234 3437 2398 3508; x_wconf 85' lang='lat' dir='ltr'><strong>quive</strong></span> <span class='ocrx_word' id='word_1_510' title='bbox 2436 3449 2544 3488; x_wconf 89' lang='lat' dir='ltr'><strong>non</strong></span> <span class='ocrx_word' id='word_1_511' title='bbox 2581 3436 2843 3501; x_wconf 83' lang='lat' dir='ltr'><strong>apparent</strong></span> <span class='ocrx_word' id='word_1_512' title='bbox 2877 3422 3227 3482; x_wconf 86' lang='lat' dir='ltr'><strong>solummodo</strong></span> <span class='ocrx_word' id='word_1_513' title='bbox 3273 3422 3325 3475; x_wconf 92' lang='lat' dir='ltr'><strong>in</strong></span> <span class='ocrx_word' id='word_1_514' title='bbox 3359 3434 3425 3475; x_wconf 89' lang='lat' dir='ltr'><strong>eo</strong></span> <span class='ocrx_word' id='word_1_515' title='bbox 3450 3458 3467 3484; x_wconf 95' lang='lat'><strong>,</strong></span> <span class='ocrx_word' id='word_1_516' title='bbox 3495 3416 3641 3488; x_wconf 90' lang='lat' dir='ltr'><strong>quod</strong></span> 
     </span>
    </p>
   </div>
   <div class='ocr_carea' id='block_1_77' title="bbox 2071 3512 3645 3601">
    <p class='ocr_par' dir='ltr' id='par_1_77' title="bbox 2071 3512 3645 3601">
     <span class='ocr_line' id='line_1_77' title="bbox 2071 3512 3645 3601; baseline -0.012 -16"><span class='ocrx_word' id='word_1_517' title='bbox 2071 3529 2427 3601; x_wconf 83' lang='lat' dir='ltr'><strong>proﬁtentur,</strong></span> <span class='ocrx_word' id='word_1_518' title='bbox 2464 3528 2557 3583; x_wconf 89' lang='lat' dir='ltr'><strong>sed</strong></span> <span class='ocrx_word' id='word_1_519' title='bbox 2603 3535 2656 3580; x_wconf 90' lang='lat' dir='ltr'><strong>et</strong></span> <span class='ocrx_word' id='word_1_520' title='bbox 2700 3523 3055 3580; x_wconf 81' lang='lat' dir='ltr'><strong>nominantur</strong></span> <span class='ocrx_word' id='word_1_521' title='bbox 3086 3521 3203 3584; x_wconf 87' lang='lat' dir='ltr'><strong>sic,</strong></span> <span class='ocrx_word' id='word_1_522' title='bbox 3253 3518 3381 3571; x_wconf 88' lang='lat' dir='ltr'><strong>dum</strong></span> <span class='ocrx_word' id='word_1_523' title='bbox 3408 3528 3466 3569; x_wconf 90' lang='lat' dir='ltr'><strong>re</strong></span> <span class='ocrx_word' id='word_1_524' title='bbox 3507 3512 3645 3567; x_wconf 86' lang='lat' dir='ltr'><strong>tales</strong></span> 
     </span>
    </p>
   </div>
   <div class='ocr_carea' id='block_1_78' title="bbox 2074 3598 3647 3680">
    <p class='ocr_par' dir='ltr' id='par_1_78' title="bbox 2074 3598 3647 3680">
     <span class='ocr_line' id='line_1_78' title="bbox 2074 3598 3647 3680; baseline -0.014 -10"><span class='ocrx_word' id='word_1_525' title='bbox 2074 3598 2360 3680; x_wconf 76' lang='lat' dir='ltr'><strong>exsistant,</strong></span> <span class='ocrx_word' id='word_1_526' title='bbox 2387 3624 2481 3667; x_wconf 82' lang='lat' dir='ltr'><strong>aut</strong></span> <span class='ocrx_word' id='word_1_527' title='bbox 2501 3614 2664 3667; x_wconf 88' lang='lat' dir='ltr'><strong>etiam</strong></span> <span class='ocrx_word' id='word_1_528' title='bbox 2693 3610 2913 3665; x_wconf 88' lang='lat' dir='ltr'><strong>student</strong></span> <span class='ocrx_word' id='word_1_529' title='bbox 2944 3621 3066 3661; x_wconf 86' lang='lat' dir='ltr'><strong>esse</strong></span> <span class='ocrx_word' id='word_1_530' title='bbox 3098 3605 3216 3674; x_wconf 88' lang='lat' dir='ltr'><strong>plus</strong></span> <span class='ocrx_word' id='word_1_531' title='bbox 3241 3617 3306 3657; x_wconf 86' lang='lat' dir='ltr'><strong>eo</strong></span> <span class='ocrx_word' id='word_1_532' title='bbox 3326 3642 3339 3663; x_wconf 89' lang='lat'><strong>,</strong></span> <span class='ocrx_word' id='word_1_533' title='bbox 3376 3598 3515 3669; x_wconf 87' lang='lat' dir='ltr'><strong>quod</strong></span> <span class='ocrx_word' id='word_1_534' title='bbox 3550 3600 3647 3650; x_wconf 84' lang='lat' dir='ltr'><strong>no-</strong></span> 
     </span>
    </p>
   </div>
   <div class='ocr_carea' id='block_1_79' title="bbox 2074 3686 3645 3774">
    <p class='ocr_par' dir='ltr' id='par_1_79' title="bbox 2074 3686 3645 3774">
     <span class='ocr_line' id='line_1_79' title="bbox 2074 3686 3645 3774; baseline -0.016 -13"><span class='ocrx_word' id='word_1_535' title='bbox 2074 3707 2354 3762; x_wconf 89' lang='lat' dir='ltr'><strong>minantur</strong></span> <span class='ocrx_word' id='word_1_536' title='bbox 2377 3710 2593 3774; x_wconf 88' lang='lat' dir='ltr'><strong>propter</strong></span> <span class='ocrx_word' id='word_1_537' title='bbox 2616 3701 2781 3754; x_wconf 90' lang='lat' dir='ltr'><strong>Deum</strong></span> <span class='ocrx_word' id='word_1_538' title='bbox 2825 3706 3157 3754; x_wconf 87' lang='lat' dir='ltr'><strong>scrutantem</strong></span> <span class='ocrx_word' id='word_1_539' title='bbox 3189 3692 3371 3749; x_wconf 89' lang='lat' dir='ltr'><strong>omnia</strong></span> <span class='ocrx_word' id='word_1_540' title='bbox 3391 3730 3406 3752; x_wconf 95' lang='lat'><strong>,</strong></span> <span class='ocrx_word' id='word_1_541' title='bbox 3436 3702 3556 3759; x_wconf 73' lang='lat' dir='ltr'><strong>qua:</strong></span> <span class='ocrx_word' id='word_1_542' title='bbox 3591 3686 3645 3740; x_wconf 94' lang='lat' dir='ltr'><strong>in</strong></span> 
     </span>
    </p>
   </div>
   <div class='ocr_carea' id='block_1_80' title="bbox 2074 3777 3648 3852">
    <p class='ocr_par' dir='ltr' id='par_1_80' title="bbox 2074 3777 3648 3852">
     <span class='ocr_line' id='line_1_80' title="bbox 2074 3777 3648 3852; baseline -0.013 -1"><span class='ocrx_word' id='word_1_543' title='bbox 2074 3796 2378 3851; x_wconf 85' lang='lat' dir='ltr'><strong>recessibus</strong></span> <span class='ocrx_word' id='word_1_544' title='bbox 2406 3791 2588 3849; x_wconf 87' lang='lat' dir='ltr'><strong>cordis</strong></span> <span class='ocrx_word' id='word_1_545' title='bbox 2630 3791 3024 3852; x_wconf 85' lang='lat' dir='ltr'><strong>obversantur,</strong></span> <span class='ocrx_word' id='word_1_546' title='bbox 3069 3801 3133 3840; x_wconf 89' lang='lat' dir='ltr'><strong>ac</strong></span> <span class='ocrx_word' id='word_1_547' title='bbox 3167 3782 3459 3850; x_wconf 87' lang='lat' dir='ltr'><strong>unicuique</strong></span> <span class='ocrx_word' id='word_1_548' title='bbox 3488 3777 3648 3833; x_wconf 86' lang='lat' dir='ltr'><strong>retri-</strong></span> 
     </span>
    </p>
   </div>
   <div class='ocr_carea' id='block_1_81' title="bbox 2075 3869 3647 3950">
    <p class='ocr_par' dir='ltr' id='par_1_81' title="bbox 2075 3869 3647 3950">
     <span class='ocr_line' id='line_1_81' title="bbox 2075 3869 3647 3950; baseline -0.013 -8"><span class='ocrx_word' id='word_1_549' title='bbox 2075 3889 2328 3943; x_wconf 89' lang='lat' dir='ltr'><strong>buentem</strong></span> <span class='ocrx_word' id='word_1_550' title='bbox 2356 3883 2653 3939; x_wconf 88' lang='lat' dir='ltr'><strong>secundum</strong></span> <span class='ocrx_word' id='word_1_551' title='bbox 2686 3878 2966 3950; x_wconf 85' lang='lat' dir='ltr'><strong>proprium</strong></span> <span class='ocrx_word' id='word_1_552' title='bbox 3001 3890 3139 3945; x_wconf 90' lang='lat' dir='ltr'><strong>opus</strong></span> <span class='ocrx_word' id='word_1_553' title='bbox 3159 3912 3175 3937; x_wconf 96' lang='lat'><strong>,</strong></span> <span class='ocrx_word' id='word_1_554' title='bbox 3203 3888 3313 3927; x_wconf 91' lang='lat' dir='ltr'><strong>non</strong></span> <span class='ocrx_word' id='word_1_555' title='bbox 3347 3869 3647 3926; x_wconf 84' lang='lat' dir='ltr'><strong>secundum</strong></span> 
     </span>
    </p>
   </div>
   <div class='ocr_carea' id='block_1_82' title="bbox 397 3962 3650 4060">
    <p class='ocr_par' dir='ltr' id='par_1_82' title="bbox 397 3962 3650 4060">
     <span class='ocr_line' id='line_1_82' title="bbox 397 3962 3650 4060; baseline -0.01 -15"><span class='ocrx_word' id='word_1_556' title='bbox 397 3992 727 4060; x_wconf 77' lang='lat' dir='ltr'><strong>Opinionem.</strong></span> <span class='ocrx_word' id='word_1_557' title='bbox 763 3962 833 4043; x_wconf 82' lang='lat' dir='ltr'><strong>At</strong></span> <span class='ocrx_word' id='word_1_558' title='bbox 864 3990 999 4044; x_wconf 86' lang='lat' dir='ltr'><strong>alias</strong></span> <span class='ocrx_word' id='word_1_559' title='bbox 1026 3962 1299 4045; x_wconf 84' lang='lat' dir='ltr'><strong>ediverso</strong></span> <span class='ocrx_word' id='word_1_560' title='bbox 1326 3989 1494 4058; x_wconf 82' lang='lat' dir='ltr'><strong>aliqui</strong></span> <span class='ocrx_word' id='word_1_561' title='bbox 1518 3962 1575 4042; x_wconf 89' lang='lat' dir='ltr'><strong>in</strong></span> <span class='ocrx_word' id='word_1_562' title='bbox 1599 3988 1753 4045; x_wconf 87' lang='lat' dir='ltr'><strong>hisce</strong></span> <span class='ocrx_word' id='word_1_563' title='bbox 1783 4003 1815 4043; x_wconf 90' lang='lat' dir='ltr'><strong>a</strong></span> <span class='ocrx_word' id='word_1_564' title='bbox 1846 4000 1974 4042; x_wconf 90' lang='lat' dir='ltr'><strong>vero</strong></span> <span class='ocrx_word' id='word_1_565' title='bbox 2011 3999 2178 4054; x_wconf 89' lang='lat' dir='ltr'><strong>scopo</strong></span> <span class='ocrx_word' id='word_1_566' title='bbox 2239 3981 2522 4045; x_wconf 85' lang='lat' dir='ltr'><strong>aberrant,</strong></span> <span class='ocrx_word' id='word_1_567' title='bbox 2559 3976 2725 4031; x_wconf 90' lang='lat' dir='ltr'><strong>animi</strong></span> <span class='ocrx_word' id='word_1_568' title='bbox 2761 3973 2993 4030; x_wconf 81' lang='lat' dir='ltr'><strong>elatione</strong></span> <span class='ocrx_word' id='word_1_569' title='bbox 3024 3968 3236 4033; x_wconf 87' lang='lat' dir='ltr'><strong>elevati,</strong></span> <span class='ocrx_word' id='word_1_570' title='bbox 3264 3973 3320 4021; x_wconf 90' lang='lat' dir='ltr'><strong>et</strong></span> <span class='ocrx_word' id='word_1_571' title='bbox 3377 3962 3650 4018; x_wconf 85' lang='lat' dir='ltr'><strong>arbitran-</strong></span> 
     </span>
    </p>
   </div>
   <div class='ocr_carea' id='block_1_83' title="bbox 402 4081 2453 4153">
    <p class='ocr_par' dir='ltr' id='par_1_83' title="bbox 402 4081 2453 4153">
     <span class='ocr_line' id='line_1_83' title="bbox 402 4081 2453 4153; baseline -0.007 -14"><span class='ocrx_word' id='word_1_572' title='bbox 402 4092 481 4139; x_wconf 84' lang='lat' dir='ltr'><strong>tes</strong></span> <span class='ocrx_word' id='word_1_573' title='bbox 514 4083 750 4153; x_wconf 87' lang='lat' dir='ltr'><strong>propriis</strong></span> <span class='ocrx_word' id='word_1_574' title='bbox 788 4082 996 4139; x_wconf 87' lang='lat' dir='ltr'><strong>viribus</strong></span> <span class='ocrx_word' id='word_1_575' title='bbox 1041 4082 1151 4137; x_wconf 87' lang='lat' dir='ltr'><strong>sibi</strong></span> <span class='ocrx_word' id='word_1_576' title='bbox 1198 4082 1410 4152; x_wconf 86' lang='lat' dir='ltr'><strong>seipsos</strong></span> <span class='ocrx_word' id='word_1_577' title='bbox 1445 4081 1664 4139; x_wconf 81' lang='lat' dir='ltr'><strong>virtutis</strong></span> <span class='ocrx_word' id='word_1_578' title='bbox 1690 4087 2073 4138; x_wconf 81' lang='lat' dir='ltr'><strong>ornamentum</strong></span> <span class='ocrx_word' id='word_1_579' title='bbox 2113 4086 2453 4144; x_wconf 79' lang='lat' dir='ltr'><strong>comparare.</strong></span> 
     </span>
    </p>
   </div>
   <div class='ocr_carea' id='block_1_84' title="bbox 1018 4193 1353 4250">
    <p class='ocr_par' dir='ltr' id='par_1_84' title="bbox 1018 4193 1353 4250">
     <span class='ocr_line' id='line_1_84' title="bbox 1018 4193 1353 4250; baseline 0.003 -2"><span class='ocrx_word' id='word_1_580' title='bbox 1018 4194 1269 4250; x_wconf 79' lang='grc' dir='ltr'><strong>ΚΕΦΑΛ.</strong></span> <span class='ocrx_word' id='word_1_581' title='bbox 1298 4193 1353 4249; x_wconf 73' lang='grc' dir='ltr'><strong>ι’.</strong></span> 
     </span>
    </p>
   </div>
   <div class='ocr_carea' id='block_1_85' title="bbox 2696 4168 3040 4230">
    <p class='ocr_par' dir='ltr' id='par_1_85' title="bbox 2696 4168 3040 4230">
     <span class='ocr_line' id='line_1_85' title="bbox 2696 4168 3040 4230; baseline -0.023 0"><span class='ocrx_word' id='word_1_582' title='bbox 2696 4169 2924 4230; x_wconf 79' lang='lat' dir='ltr'><strong>CAPUT</strong></span> <span class='ocrx_word' id='word_1_583' title='bbox 2973 4168 3040 4223; x_wconf 84' lang='grc' dir='ltr'><strong>Χ.</strong></span> 
     </span>
    </p>
   </div>
   <div class='ocr_carea' id='block_1_86' title="bbox 470 4259 1968 4379">
    <p class='ocr_par' dir='ltr' id='par_1_86' title="bbox 470 4301 1968 4379">
     <span class='ocr_line' id='line_1_86' title="bbox 470 4301 1968 4379; baseline -0.003 -19"><span class='ocrx_word' id='word_1_584' title='bbox 470 4308 702 4361; x_wconf 87' lang='grc' dir='ltr'><strong>Σπάνιον</strong></span> <span class='ocrx_word' id='word_1_585' title='bbox 734 4306 844 4379; x_wconf 77' lang='grc' dir='ltr'><strong>γὰρ</strong></span> <span class='ocrx_word' id='word_1_586' title='bbox 873 4309 966 4361; x_wconf 88' lang='grc' dir='ltr'><strong>καί</strong></span> <span class='ocrx_word' id='word_1_587' title='bbox 991 4307 1112 4362; x_wconf 84' lang='grc' dir='ltr'><strong>λίαν</strong></span> <span class='ocrx_word' id='word_1_588' title='bbox 1145 4306 1424 4372; x_wconf 84' lang='grc' dir='ltr'><strong>δύσκολον,</strong></span> <span class='ocrx_word' id='word_1_589' title='bbox 1460 4307 1705 4376; x_wconf 78' lang='grc' dir='ltr'><strong>ἐνεγκεῖν</strong></span> <span class='ocrx_word' id='word_1_590' title='bbox 1739 4301 1968 4374; x_wconf 80' lang='grc' dir='ltr'><strong>μέγεθος</strong></span> 
     </span>
    </p>
   </div>
   <div class='ocr_carea' id='block_1_87' title="bbox 2069 4259 3651 4379">
    <p class='ocr_par' dir='ltr' id='par_1_87' title="bbox 2147 4276 3651 4356">
     <span class='ocr_line' id='line_1_87' title="bbox 2147 4276 3651 4356; baseline -0.017 -2"><span class='ocrx_word' id='word_1_591' title='bbox 2147 4300 2347 4354; x_wconf 77' lang='lat' dir='ltr'><strong>Rarum</strong></span> <span class='ocrx_word' id='word_1_592' title='bbox 2381 4293 2523 4349; x_wconf 86' lang='lat' dir='ltr'><strong>enim</strong></span> <span class='ocrx_word' id='word_1_593' title='bbox 2559 4298 2673 4354; x_wconf 86' lang='lat' dir='ltr'><strong>est,</strong></span> <span class='ocrx_word' id='word_1_594' title='bbox 2705 4300 2770 4342; x_wconf 87' lang='lat' dir='ltr'><strong>ac</strong></span> <span class='ocrx_word' id='word_1_595' title='bbox 2804 4281 3115 4356; x_wconf 83' lang='lat' dir='ltr'><strong>perdillicile</strong></span> <span class='ocrx_word' id='word_1_596' title='bbox 3143 4320 3160 4345; x_wconf 94' lang='lat'><strong>,</strong></span> <span class='ocrx_word' id='word_1_597' title='bbox 3199 4278 3342 4350; x_wconf 78' lang='lat' dir='ltr'><strong>quod</strong></span> <span class='ocrx_word' id='word_1_598' title='bbox 3367 4317 3381 4341; x_wconf 91' lang='lat'><strong>,</strong></span> <span class='ocrx_word' id='word_1_599' title='bbox 3411 4277 3503 4347; x_wconf 91' lang='lat' dir='ltr'><strong>qui</strong></span> <span class='ocrx_word' id='word_1_600' title='bbox 3538 4276 3651 4329; x_wconf 85' lang='lat' dir='ltr'><strong>vir-</strong></span> 
     </span>
    </p>
   </div>
   <div class='ocr_carea' id='block_1_88' title="bbox 401 4397 1972 4471">
    <p class='ocr_par' dir='ltr' id='par_1_88' title="bbox 401 4397 1972 4471">
     <span class='ocr_line' id='line_1_88' title="bbox 401 4397 1972 4471; baseline -0.002 -20"><span class='ocrx_word' id='word_1_601' title='bbox 401 4398 601 4469; x_wconf 79' lang='grc' dir='ltr'><strong>άρετῆς</strong></span> <span class='ocrx_word' id='word_1_602' title='bbox 627 4400 701 4469; x_wconf 80' lang='grc' dir='ltr'><strong>μὴ</strong></span> <span class='ocrx_word' id='word_1_603' title='bbox 744 4400 1052 4469; x_wconf 83' lang='grc' dir='ltr'><strong>ἐπαρθέντα</strong></span> <span class='ocrx_word' id='word_1_604' title='bbox 1082 4399 1160 4471; x_wconf 78' lang='grc' dir='ltr'><strong>τῷ</strong></span> <span class='ocrx_word' id='word_1_605' title='bbox 1215 4400 1545 4471; x_wconf 81' lang='grc' dir='ltr'><strong>φρονήματι,</strong></span> <span class='ocrx_word' id='word_1_606' title='bbox 1602 4397 1736 4468; x_wconf 79' lang='grc' dir='ltr'><strong>μηδὲ</strong></span> <span class='ocrx_word' id='word_1_607' title='bbox 1799 4412 1972 4465; x_wconf 81' lang='grc' dir='ltr'><strong>φυση-</strong></span> 
     </span>
    </p>
   </div>
   <div class='ocr_carea' id='block_1_89' title="bbox 402 4485 1975 4561">
    <p class='ocr_par' dir='ltr' id='par_1_89' title="bbox 402 4485 1975 4561">
     <span class='ocr_line' id='line_1_89' title="bbox 402 4485 1975 4561; baseline -0.002 -20"><span class='ocrx_word' id='word_1_608' title='bbox 402 4487 561 4543; x_wconf 82' lang='grc' dir='ltr'><strong>θέντα</strong></span> <span class='ocrx_word' id='word_1_609' title='bbox 596 4493 705 4553; x_wconf 84' lang='grc' dir='ltr'><strong>τοῖς</strong></span> <span class='ocrx_word' id='word_1_610' title='bbox 725 4488 1130 4561; x_wconf 74' lang='grc' dir='ltr'><strong>κατορθώμασι,</strong></span> <span class='ocrx_word' id='word_1_611' title='bbox 1183 4491 1440 4560; x_wconf 73' lang='grc' dir='ltr'><strong>μείναντα</strong></span> <span class='ocrx_word' id='word_1_612' title='bbox 1483 4489 1541 4544; x_wconf 75' lang='grc' dir='ltr'><strong>δὲ</strong></span> <span class='ocrx_word' id='word_1_613' title='bbox 1565 4487 1845 4551; x_wconf 75' lang='grc' dir='ltr'><strong>ταπεινὸν,</strong></span> <span class='ocrx_word' id='word_1_614' title='bbox 1879 4485 1975 4539; x_wconf 78' lang='grc' dir='ltr'><strong>καὶ</strong></span> 
     </span>
    </p>
   </div>
   <div class='ocr_carea' id='block_1_90' title="bbox 401 4578 1974 4652">
    <p class='ocr_par' dir='ltr' id='par_1_90' title="bbox 401 4578 1974 4652">
     <span class='ocr_line' id='line_1_90' title="bbox 401 4578 1974 4652; baseline -0.001 -22"><span class='ocrx_word' id='word_1_615' title='bbox 401 4579 476 4642; x_wconf 84' lang='grc' dir='ltr'><strong>ὼς</strong></span> <span class='ocrx_word' id='word_1_616' title='bbox 503 4579 568 4632; x_wconf 82' lang='grc' dir='ltr'><strong>ἂν</strong></span> <span class='ocrx_word' id='word_1_617' title='bbox 603 4579 745 4632; x_wconf 83' lang='grc' dir='ltr'><strong>εἴποι</strong></span> <span class='ocrx_word' id='word_1_618' title='bbox 768 4597 847 4642; x_wconf 84' lang='grc' dir='ltr'><strong>τις</strong></span> <span class='ocrx_word' id='word_1_619' title='bbox 880 4583 1102 4651; x_wconf 71' lang='grc' dir='ltr'><strong>ἄζυμοι·</strong></span> <span class='ocrx_word' id='word_1_620' title='bbox 1149 4580 1272 4633; x_wconf 71' lang='grc' dir='ltr'><strong>οὔτε</strong></span> <span class='ocrx_word' id='word_1_621' title='bbox 1302 4581 1410 4652; x_wconf 77' lang='grc' dir='ltr'><strong>γὰρ</strong></span> <span class='ocrx_word' id='word_1_622' title='bbox 1466 4578 1676 4651; x_wconf 73' lang='grc' dir='ltr'><strong>ἄζυμον</strong></span> <span class='ocrx_word' id='word_1_623' title='bbox 1733 4578 1974 4648; x_wconf 84' lang='grc' dir='ltr'><strong>φυσᾶται</strong></span> 
     </span>
    </p>
   </div>
   <div class='ocr_carea' id='block_1_91' title="bbox 403 4668 1972 4742">
    <p class='ocr_par' dir='ltr' id='par_1_91' title="bbox 403 4668 1972 4742">
     <span class='ocr_line' id='line_1_91' title="bbox 403 4668 1972 4742; baseline 0 -21"><span class='ocrx_word' id='word_1_624' title='bbox 403 4670 538 4739; x_wconf 71' lang='grc' dir='ltr'><strong>πυρὶ</strong></span> <span class='ocrx_word' id='word_1_625' title='bbox 570 4670 964 4740; x_wconf 79' lang='grc' dir='ltr'><strong>προσομιλοῦν,</strong></span> <span class='ocrx_word' id='word_1_626' title='bbox 997 4673 1147 4740; x_wconf 88' lang='grc' dir='ltr'><strong>μένει</strong></span> <span class='ocrx_word' id='word_1_627' title='bbox 1166 4671 1224 4724; x_wconf 82' lang='grc' dir='ltr'><strong>δὲ</strong></span> <span class='ocrx_word' id='word_1_628' title='bbox 1254 4673 1310 4724; x_wconf 83' lang='grc' dir='ltr'><strong>ἐν</strong></span> <span class='ocrx_word' id='word_1_629' title='bbox 1337 4671 1578 4742; x_wconf 86' lang='grc' dir='ltr'><strong>ταπεινῷ</strong></span> <span class='ocrx_word' id='word_1_630' title='bbox 1608 4668 1685 4741; x_wconf 81' lang='grc' dir='ltr'><strong>τῷ</strong></span> <span class='ocrx_word' id='word_1_631' title='bbox 1706 4670 1972 4741; x_wconf 85' lang='grc' dir='ltr'><strong>σχήματι,</strong></span> 
     </span>
    </p>
   </div>
   <div class='ocr_carea' id='block_1_92' title="bbox 404 4760 1970 4835">
    <p class='ocr_par' dir='ltr' id='par_1_92' title="bbox 404 4760 1970 4835">
     <span class='ocr_line' id='line_1_92' title="bbox 404 4760 1970 4835; baseline 0 -23"><span class='ocrx_word' id='word_1_632' title='bbox 404 4760 529 4813; x_wconf 76' lang='grc' dir='ltr'><strong>οὔτε</strong></span> <span class='ocrx_word' id='word_1_633' title='bbox 563 4760 906 4831; x_wconf 77' lang='grc' dir='ltr'><strong>μετριόφρων</strong></span> <span class='ocrx_word' id='word_1_634' title='bbox 959 4762 1245 4831; x_wconf 84' lang='grc' dir='ltr'><strong>ἐπαίρεται</strong></span> <span class='ocrx_word' id='word_1_635' title='bbox 1299 4761 1693 4831; x_wconf 79' lang='grc' dir='ltr'><strong>μετερχόμενος</strong></span> <span class='ocrx_word' id='word_1_636' title='bbox 1742 4760 1970 4835; x_wconf 81' lang='grc' dir='ltr'><strong>ἀρετὴν,</strong></span> 
     </span>
    </p>
   </div>
   <div class='ocr_carea' id='block_1_93' title="bbox 404 4849 1973 4921">
    <p class='ocr_par' dir='ltr' id='par_1_93' title="bbox 404 4849 1973 4921">
     <span class='ocr_line' id='line_1_93' title="bbox 404 4849 1973 4921; baseline -0.002 -18"><span class='ocrx_word' id='word_1_637' title='bbox 404 4849 658 4921; x_wconf 80' lang='grc' dir='ltr'><strong>εὐλαϐείᾳ</strong></span> <span class='ocrx_word' id='word_1_638' title='bbox 711 4850 1085 4903; x_wconf 87' lang='grc' dir='ltr'><strong>καταστέλλων</strong></span> <span class='ocrx_word' id='word_1_639' title='bbox 1137 4851 1196 4904; x_wconf 80' lang='grc' dir='ltr'><strong>τὸ</strong></span> <span class='ocrx_word' id='word_1_640' title='bbox 1246 4850 1344 4919; x_wconf 79' lang='grc' dir='ltr'><strong>τῆς</strong></span> <span class='ocrx_word' id='word_1_641' title='bbox 1394 4849 1707 4914; x_wconf 79' lang='grc' dir='ltr'><strong>ἀλαζονείας</strong></span> <span class='ocrx_word' id='word_1_642' title='bbox 1754 4849 1973 4918; x_wconf 72' lang='grc' dir='ltr'><strong>οἴδημα.</strong></span> 
     </span>
    </p>
   </div>
   <div class='ocr_carea' id='block_1_94' title="bbox 405 4937 1979 5013">
    <p class='ocr_par' dir='ltr' id='par_1_94' title="bbox 405 4937 1979 5013">
     <span class='ocr_line' id='line_1_94' title="bbox 405 4937 1979 5013; baseline -0.003 -18"><span class='ocrx_word' id='word_1_643' title='bbox 405 4942 628 5007; x_wconf 76' lang='grc' dir='ltr'><strong>Τούτοις</strong></span> <span class='ocrx_word' id='word_1_644' title='bbox 655 4945 683 4995; x_wconf 92' lang='grc' dir='ltr'><strong>ό</strong></span> <span class='ocrx_word' id='word_1_645' title='bbox 721 4942 1016 5012; x_wconf 82' lang='grc' dir='ltr'><strong>νομοθέτης</strong></span> <span class='ocrx_word' id='word_1_646' title='bbox 1048 4942 1138 4995; x_wconf 76' lang='grc' dir='ltr'><strong>τὸν</strong></span> <span class='ocrx_word' id='word_1_647' title='bbox 1170 4942 1332 5011; x_wconf 79' lang='grc' dir='ltr'><strong>φόϐον</strong></span> <span class='ocrx_word' id='word_1_648' title='bbox 1359 4941 1466 5013; x_wconf 79' lang='grc' dir='ltr'><strong>πρὸ</strong></span> <span class='ocrx_word' id='word_1_649' title='bbox 1489 4939 1781 5010; x_wconf 70' lang='grc' dir='ltr'><strong>ὀφθαλμῶν</strong></span> <span class='ocrx_word' id='word_1_650' title='bbox 1831 4937 1979 5009; x_wconf 75' lang='grc' dir='ltr'><strong>ἔχειν</strong></span> 
     </span>
    </p>
   </div>
   <div class='ocr_carea' id='block_1_95' title="bbox 405 5027 1979 5103">
    <p class='ocr_par' dir='ltr' id='par_1_95' title="bbox 405 5027 1979 5103">
     <span class='ocr_line' id='line_1_95' title="bbox 405 5027 1979 5103; baseline -0.004 -16"><span class='ocrx_word' id='word_1_651' title='bbox 405 5032 500 5087; x_wconf 78' lang='grc' dir='ltr'><strong>τοῦ</strong></span> <span class='ocrx_word' id='word_1_652' title='bbox 529 5034 665 5087; x_wconf 84' lang='grc' dir='ltr'><strong>Θεοῦ</strong></span> <span class='ocrx_word' id='word_1_653' title='bbox 697 5033 1078 5103; x_wconf 78' lang='grc' dir='ltr'><strong>συμϐουλεύει,</strong></span> <span class='ocrx_word' id='word_1_654' title='bbox 1125 5034 1355 5087; x_wconf 85' lang='grc' dir='ltr'><strong>πάντοτε</strong></span> <span class='ocrx_word' id='word_1_655' title='bbox 1406 5031 1506 5099; x_wconf 73' lang='grc' dir='ltr'><strong>τῆς</strong></span> <span class='ocrx_word' id='word_1_656' title='bbox 1557 5031 1753 5098; x_wconf 72' lang='grc' dir='ltr'><strong>ἀλόγου</strong></span> <span class='ocrx_word' id='word_1_657' title='bbox 1788 5027 1979 5081; x_wconf 83' lang='grc' dir='ltr'><strong>τοῦτον</strong></span> 
     </span>
    </p>
   </div>
   <div class='ocr_carea' id='block_1_96' title="bbox 407 5117 1980 5197">
    <p class='ocr_par' dir='ltr' id='par_1_96' title="bbox 407 5117 1980 5197">
     <span class='ocr_line' id='line_1_96' title="bbox 407 5117 1980 5197; baseline -0.006 -18"><span class='ocrx_word' id='word_1_658' title='bbox 407 5126 693 5197; x_wconf 87' lang='grc' dir='ltr'><strong>ἐπάρσεως</strong></span> <span class='ocrx_word' id='word_1_659' title='bbox 751 5125 1105 5194; x_wconf 75' lang='grc' dir='ltr'><strong>παιδαγωγὸν</strong></span> <span class='ocrx_word' id='word_1_660' title='bbox 1149 5123 1409 5193; x_wconf 85' lang='grc' dir='ltr'><strong>ἐφιστῶν,</strong></span> <span class='ocrx_word' id='word_1_661' title='bbox 1463 5122 1559 5176; x_wconf 76' lang='grc' dir='ltr'><strong>καὶ</strong></span> <span class='ocrx_word' id='word_1_662' title='bbox 1610 5117 1980 5189; x_wconf 84' lang='grc' dir='ltr'><strong>σωφρονιστὴν</strong></span> 
     </span>
    </p>
   </div>
   <div class='ocr_carea' id='block_1_97' title="bbox 406 5208 1979 5289">
    <p class='ocr_par' dir='ltr' id='par_1_97' title="bbox 406 5208 1979 5289">
     <span class='ocr_line' id='line_1_97' title="bbox 406 5208 1979 5289; baseline -0.006 -19"><span class='ocrx_word' id='word_1_663' title='bbox 406 5217 572 5272; x_wconf 84' lang='grc' dir='ltr'><strong>ὅσιον.</strong></span> <span class='ocrx_word' id='word_1_664' title='bbox 596 5219 669 5271; x_wconf 85' lang='grc' dir='ltr'><strong>Τὸ</strong></span> <span class='ocrx_word' id='word_1_665' title='bbox 692 5218 801 5288; x_wconf 75' lang='grc' dir='ltr'><strong>γὰρ</strong></span> <span class='ocrx_word' id='word_1_666' title='bbox 832 5218 1197 5289; x_wconf 70' lang='grc' dir='ltr'><strong>προστάσσειν</strong></span> <span class='ocrx_word' id='word_1_667' title='bbox 1237 5216 1330 5268; x_wconf 73' lang='grc' dir='ltr'><strong>ἐπὶ</strong></span> <span class='ocrx_word' id='word_1_668' title='bbox 1382 5214 1492 5267; x_wconf 89' lang='grc' dir='ltr'><strong>τῶν</strong></span> <span class='ocrx_word' id='word_1_669' title='bbox 1533 5211 1839 5284; x_wconf 81' lang='grc' dir='ltr'><strong>πτερυγίων</strong></span> <span class='ocrx_word' id='word_1_670' title='bbox 1888 5208 1979 5263; x_wconf 86' lang='grc' dir='ltr'><strong>τοῦ</strong></span> 
     </span>
    </p>
   </div>
   <div class='ocr_carea' id='block_1_98' title="bbox 411 5301 1979 5380">
    <p class='ocr_par' dir='ltr' id='par_1_98' title="bbox 411 5301 1979 5380">
     <span class='ocr_line' id='line_1_98' title="bbox 411 5301 1979 5380; baseline -0.006 -18"><span class='ocrx_word' id='word_1_671' title='bbox 411 5310 627 5379; x_wconf 77' lang='grc' dir='ltr'><strong>ἱματίου</strong></span> <span class='ocrx_word' id='word_1_672' title='bbox 659 5313 833 5363; x_wconf 83' lang='grc' dir='ltr'><strong>ποιεῖν</strong></span> <span class='ocrx_word' id='word_1_673' title='bbox 856 5309 1139 5380; x_wconf 86' lang='grc' dir='ltr'><strong>κράσπεδα</strong></span> <span class='ocrx_word' id='word_1_674' title='bbox 1172 5311 1238 5362; x_wconf 86' lang='grc' dir='ltr'><strong>ἐκ</strong></span> <span class='ocrx_word' id='word_1_675' title='bbox 1288 5306 1608 5376; x_wconf 86' lang='grc' dir='ltr'><strong>κλώσματος</strong></span> <span class='ocrx_word' id='word_1_676' title='bbox 1649 5301 1979 5364; x_wconf 83' lang='grc' dir='ltr'><strong>ὐακινθίνου,</strong></span> 
     </span>
    </p>
   </div>
   <div class='ocr_carea' id='block_1_99' title="bbox 409 5390 1983 5471">
    <p class='ocr_par' dir='ltr' id='par_1_99' title="bbox 409 5390 1983 5471">
     <span class='ocr_line' id='line_1_99' title="bbox 409 5390 1983 5471; baseline -0.007 -17"><span class='ocrx_word' id='word_1_677' title='bbox 409 5401 705 5454; x_wconf 79' lang='grc' dir='ltr'><strong>καὶταῦτα</strong></span> <span class='ocrx_word' id='word_1_678' title='bbox 737 5402 828 5456; x_wconf 74' lang='grc' dir='ltr'><strong>διὰ</strong></span> <span class='ocrx_word' id='word_1_679' title='bbox 861 5401 1065 5463; x_wconf 73' lang='grc' dir='ltr'><strong>παντὸς</strong></span> <span class='ocrx_word' id='word_1_680' title='bbox 1109 5400 1352 5471; x_wconf 84' lang='grc' dir='ltr'><strong>ὁρῶντας</strong></span> <span class='ocrx_word' id='word_1_681' title='bbox 1397 5396 1504 5449; x_wconf 89' lang='grc' dir='ltr'><strong>τῶν</strong></span> <span class='ocrx_word' id='word_1_682' title='bbox 1551 5395 1713 5448; x_wconf 87' lang='grc' dir='ltr'><strong>θείων</strong></span> <span class='ocrx_word' id='word_1_683' title='bbox 1754 5390 1983 5445; x_wconf 84' lang='grc' dir='ltr'><strong>ἐντολῶν</strong></span> 
     </span>
    </p>
   </div>
   <div class='ocr_carea' id='block_1_100' title="bbox 410 5479 1984 5562">
    <p class='ocr_par' dir='ltr' id='par_1_100' title="bbox 410 5479 1984 5562">
     <span class='ocr_line' id='line_1_100' title="bbox 410 5479 1984 5562; baseline -0.006 -18"><span class='ocrx_word' id='word_1_684' title='bbox 410 5492 552 5561; x_wconf 79' lang='grc' dir='ltr'><strong>ἔχειν</strong></span> <span class='ocrx_word' id='word_1_685' title='bbox 604 5492 923 5562; x_wconf 78' lang='grc' dir='ltr'><strong>ὑπόμνημα,</strong></span> <span class='ocrx_word' id='word_1_686' title='bbox 982 5490 1143 5544; x_wconf 77' lang='grc' dir='ltr'><strong>τοῦτό</strong></span> <span class='ocrx_word' id='word_1_687' title='bbox 1206 5507 1296 5561; x_wconf 91' lang='grc' dir='ltr'><strong>μοι</strong></span> <span class='ocrx_word' id='word_1_688' title='bbox 1364 5486 1511 5538; x_wconf 84' lang='grc' dir='ltr'><strong>δοκεῖ</strong></span> <span class='ocrx_word' id='word_1_689' title='bbox 1568 5484 1657 5538; x_wconf 77' lang='grc' dir='ltr'><strong>διά</strong></span> <span class='ocrx_word' id='word_1_690' title='bbox 1712 5479 1984 5549; x_wconf 77' lang='grc' dir='ltr'><strong>συμϐόλου</strong></span> 
     </span>
    </p>
   </div>
   <div class='ocr_carea' id='block_1_101' title="bbox 414 5570 1963 5654">
    <p class='ocr_par' dir='ltr' id='par_1_101' title="bbox 414 5570 1963 5654">
     <span class='ocr_line' id='line_1_101' title="bbox 414 5570 1963 5654; baseline -0.003 -19"><span class='ocrx_word' id='word_1_691' title='bbox 414 5584 719 5653; x_wconf 79' lang='grc' dir='ltr'><strong>σημαίνειν.</strong></span> <span class='ocrx_word' id='word_1_692' title='bbox 789 5584 873 5647; x_wconf 78' lang='grc' dir='ltr'><strong>Ὠς</strong></span> <span class='ocrx_word' id='word_1_693' title='bbox 930 5585 1041 5654; x_wconf 68' lang='grc' dir='ltr'><strong>γὰρ</strong></span> <span class='ocrx_word' id='word_1_694' title='bbox 1088 5583 1148 5635; x_wconf 76' lang='grc' dir='ltr'><strong>το</strong></span> <span class='ocrx_word' id='word_1_695' title='bbox 1179 5577 1487 5653; x_wconf 78' lang='grc' dir='ltr'><strong>κράσπεδον</strong></span> <span class='ocrx_word' id='word_1_696' title='bbox 1533 5574 1676 5647; x_wconf 76' lang='grc' dir='ltr'><strong>ἀρχῇ</strong></span> <span class='ocrx_word' id='word_1_697' title='bbox 1729 5570 1963 5643; x_wconf 70' lang='grc' dir='ltr'><strong>ἱματίου,</strong></span> 
     </span>
    </p>
   </div>
   <div class='ocr_carea' id='block_1_102' title="bbox 489 5692 929 5755">
    <p class='ocr_par' dir='ltr' id='par_1_102' title="bbox 489 5692 929 5755">
     <span class='ocr_line' id='line_1_102' title="bbox 489 5692 929 5755; baseline 0.005 -10"><span class='ocrx_word' id='word_1_698' title='bbox 489 5695 534 5725; x_wconf 63' lang='grc' dir='ltr'><strong>θλ</strong></span> <span class='ocrx_word' id='word_1_699' title='bbox 571 5693 671 5749; x_wconf 85' lang='lat' dir='ltr'><strong>Isa.</strong></span> <span class='ocrx_word' id='word_1_700' title='bbox 714 5710 846 5755; x_wconf 62' lang='grc' dir='ltr'><strong>χχιι,</strong></span> <span class='ocrx_word' id='word_1_701' title='bbox 875 5692 929 5747; x_wconf 89' lang='lat'><strong>8.</strong></span> 
     </span>
    </p>
   </div>
   <div class='ocr_carea' id='block_1_103' title="bbox 2076 4368 3645 4454">
    <p class='ocr_par' dir='ltr' id='par_1_103' title="bbox 2076 4368 3645 4454">
     <span class='ocr_line' id='line_1_103' title="bbox 2076 4368 3645 4454; baseline -0.017 -8"><span class='ocrx_word' id='word_1_702' title='bbox 2076 4391 2206 4446; x_wconf 88' lang='lat' dir='ltr'><strong>tutis</strong></span> <span class='ocrx_word' id='word_1_703' title='bbox 2233 4387 2336 4442; x_wconf 90' lang='lat' dir='ltr'><strong>fert</strong></span> <span class='ocrx_word' id='word_1_704' title='bbox 2368 4380 2811 4454; x_wconf 77' lang='lat' dir='ltr'><strong>magnitudinem,</strong></span> <span class='ocrx_word' id='word_1_705' title='bbox 2841 4386 2947 4430; x_wconf 85' lang='lat' dir='ltr'><strong>non</strong></span> <span class='ocrx_word' id='word_1_706' title='bbox 2973 4370 3224 4428; x_wconf 77' lang='lat' dir='ltr'><strong>efferatur</strong></span> <span class='ocrx_word' id='word_1_707' title='bbox 3251 4368 3419 4424; x_wconf 89' lang='lat' dir='ltr'><strong>animi</strong></span> <span class='ocrx_word' id='word_1_708' title='bbox 3449 4382 3645 4432; x_wconf 83' lang='lat' dir='ltr'><strong>sensu,</strong></span> 
     </span>
    </p>
   </div>
   <div class='ocr_carea' id='block_1_104' title="bbox 2074 4461 3651 4541">
    <p class='ocr_par' dir='ltr' id='par_1_104' title="bbox 2074 4461 3651 4541">
     <span class='ocr_line' id='line_1_104' title="bbox 2074 4461 3651 4541; baseline -0.018 -2"><span class='ocrx_word' id='word_1_709' title='bbox 2074 4498 2176 4539; x_wconf 86' lang='lat' dir='ltr'><strong>nec</strong></span> <span class='ocrx_word' id='word_1_710' title='bbox 2205 4481 2276 4536; x_wconf 92' lang='lat' dir='ltr'><strong>oh</strong></span> <span class='ocrx_word' id='word_1_711' title='bbox 2310 4478 2550 4533; x_wconf 80' lang='lat' dir='ltr'><strong>facinora</strong></span> <span class='ocrx_word' id='word_1_712' title='bbox 2592 4475 2729 4528; x_wconf 92' lang='lat' dir='ltr'><strong>bene</strong></span> <span class='ocrx_word' id='word_1_713' title='bbox 2761 4477 2974 4541; x_wconf 86' lang='lat' dir='ltr'><strong>patrata</strong></span> <span class='ocrx_word' id='word_1_714' title='bbox 3009 4464 3225 4520; x_wconf 82' lang='lat' dir='ltr'><strong>inﬂetur</strong></span> <span class='ocrx_word' id='word_1_715' title='bbox 3246 4504 3261 4529; x_wconf 95' lang='lat'><strong>,</strong></span> <span class='ocrx_word' id='word_1_716' title='bbox 3308 4461 3401 4516; x_wconf 89' lang='lat' dir='ltr'><strong>sed</strong></span> <span class='ocrx_word' id='word_1_717' title='bbox 3436 4472 3651 4531; x_wconf 85' lang='lat' dir='ltr'><strong>penna-</strong></span> 
     </span>
    </p>
   </div>
   <div class='ocr_carea' id='block_1_105' title="bbox 2076 4553 3651 4634">
    <p class='ocr_par' dir='ltr' id='par_1_105' title="bbox 2076 4553 3651 4634">
     <span class='ocr_line' id='line_1_105' title="bbox 2076 4553 3651 4634; baseline -0.018 -4"><span class='ocrx_word' id='word_1_718' title='bbox 2076 4582 2201 4629; x_wconf 85' lang='lat' dir='ltr'><strong>neat</strong></span> <span class='ocrx_word' id='word_1_719' title='bbox 2230 4569 2485 4634; x_wconf 90' lang='lat' dir='ltr'><strong>humilis;</strong></span> <span class='ocrx_word' id='word_1_720' title='bbox 2540 4574 2594 4620; x_wconf 85' lang='lat' dir='ltr'><strong>et</strong></span> <span class='ocrx_word' id='word_1_721' title='bbox 2626 4563 2785 4634; x_wconf 89' lang='lat' dir='ltr'><strong>quasi</strong></span> <span class='ocrx_word' id='word_1_722' title='bbox 2815 4562 2939 4632; x_wconf 88' lang='lat' dir='ltr'><strong>quis</strong></span> <span class='ocrx_word' id='word_1_723' title='bbox 2970 4560 3195 4624; x_wconf 84' lang='lat' dir='ltr'><strong>diceret,</strong></span> <span class='ocrx_word' id='word_1_724' title='bbox 3224 4570 3330 4609; x_wconf 90' lang='lat' dir='ltr'><strong>non</strong></span> <span class='ocrx_word' id='word_1_725' title='bbox 3360 4553 3651 4608; x_wconf 86' lang='lat' dir='ltr'><strong>fermenta-</strong></span> 
     </span>
    </p>
   </div>
   <div class='ocr_carea' id='block_1_106' title="bbox 2075 4639 3650 4719">
    <p class='ocr_par' dir='ltr' id='par_1_106' title="bbox 2075 4639 3650 4719">
     <span class='ocr_line' id='line_1_106' title="bbox 2075 4639 3650 4719; baseline -0.016 0"><span class='ocrx_word' id='word_1_726' title='bbox 2075 4673 2233 4719; x_wconf 89' lang='lat' dir='ltr'><strong>tum:</strong></span> <span class='ocrx_word' id='word_1_727' title='bbox 2268 4675 2371 4715; x_wconf 87' lang='lat' dir='ltr'><strong>nec</strong></span> <span class='ocrx_word' id='word_1_728' title='bbox 2394 4659 2539 4713; x_wconf 89' lang='lat' dir='ltr'><strong>enim</strong></span> <span class='ocrx_word' id='word_1_729' title='bbox 2576 4654 2796 4708; x_wconf 81' lang='lat' dir='ltr'><strong>inﬂatur</strong></span> <span class='ocrx_word' id='word_1_730' title='bbox 2833 4665 2941 4705; x_wconf 92' lang='lat' dir='ltr'><strong>non</strong></span> <span class='ocrx_word' id='word_1_731' title='bbox 2982 4648 3363 4704; x_wconf 71' lang='lat' dir='ltr'><strong>fermentatum</strong></span> <span class='ocrx_word' id='word_1_732' title='bbox 3392 4683 3407 4707; x_wconf 95' lang='lat'><strong>,</strong></span> <span class='ocrx_word' id='word_1_733' title='bbox 3452 4642 3496 4696; x_wconf 89' lang='lat' dir='ltr'><strong>si</strong></span> <span class='ocrx_word' id='word_1_734' title='bbox 3541 4639 3650 4710; x_wconf 80' lang='lat' dir='ltr'><strong>igni</strong></span> 
     </span>
    </p>
   </div>
   <div class='ocr_carea' id='block_1_107' title="bbox 2077 4730 3652 4821">
    <p class='ocr_par' dir='ltr' id='par_1_107' title="bbox 2077 4730 3652 4821">
     <span class='ocr_line' id='line_1_107' title="bbox 2077 4730 3652 4821; baseline -0.015 -17"><span class='ocrx_word' id='word_1_735' title='bbox 2077 4748 2525 4821; x_wconf 77' lang='lat' dir='ltr'><strong>approximetur,</strong></span> <span class='ocrx_word' id='word_1_736' title='bbox 2564 4740 2658 4796; x_wconf 89' lang='lat' dir='ltr'><strong>sed</strong></span> <span class='ocrx_word' id='word_1_737' title='bbox 2703 4739 2756 4794; x_wconf 92' lang='lat' dir='ltr'><strong>in</strong></span> <span class='ocrx_word' id='word_1_738' title='bbox 2792 4736 2986 4792; x_wconf 90' lang='lat' dir='ltr'><strong>humili</strong></span> <span class='ocrx_word' id='word_1_739' title='bbox 3015 4744 3199 4788; x_wconf 86' lang='lat' dir='ltr'><strong>manet</strong></span> <span class='ocrx_word' id='word_1_740' title='bbox 3226 4730 3442 4799; x_wconf 86' lang='lat' dir='ltr'><strong>specie;</strong></span> <span class='ocrx_word' id='word_1_741' title='bbox 3477 4741 3652 4795; x_wconf 88' lang='lat' dir='ltr'><strong>neque</strong></span> 
     </span>
    </p>
   </div>
   <div class='ocr_carea' id='block_1_108' title="bbox 2076 4822 3649 4898">
    <p class='ocr_par' dir='ltr' id='par_1_108' title="bbox 2076 4822 3649 4898">
     <span class='ocr_line' id='line_1_108' title="bbox 2076 4822 3649 4898; baseline -0.015 -1"><span class='ocrx_word' id='word_1_742' title='bbox 2076 4840 2355 4897; x_wconf 76' lang='lat' dir='ltr'><strong>extollitur</strong></span> <span class='ocrx_word' id='word_1_743' title='bbox 2377 4833 2723 4891; x_wconf 89' lang='lat' dir='ltr'><strong>mediocriter</strong></span> <span class='ocrx_word' id='word_1_744' title='bbox 2744 4832 2811 4886; x_wconf 89' lang='lat' dir='ltr'><strong>de</strong></span> <span class='ocrx_word' id='word_1_745' title='bbox 2839 4846 2896 4886; x_wconf 79' lang='lat' dir='ltr'><strong>se</strong></span> <span class='ocrx_word' id='word_1_746' title='bbox 2920 4829 3165 4898; x_wconf 88' lang='lat' dir='ltr'><strong>sapiens,</strong></span> <span class='ocrx_word' id='word_1_747' title='bbox 3189 4825 3317 4879; x_wconf 90' lang='lat' dir='ltr'><strong>dum</strong></span> <span class='ocrx_word' id='word_1_748' title='bbox 3340 4822 3649 4892; x_wconf 82' lang='lat' dir='ltr'><strong>religiosam</strong></span> 
     </span>
    </p>
   </div>
   <div class='ocr_carea' id='block_1_109' title="bbox 2078 4911 3651 4999">
    <p class='ocr_par' dir='ltr' id='par_1_109' title="bbox 2078 4911 3651 4999">
     <span class='ocr_line' id='line_1_109' title="bbox 2078 4911 3651 4999; baseline -0.017 -11"><span class='ocrx_word' id='word_1_749' title='bbox 2078 4932 2289 4988; x_wconf 80' lang='lat' dir='ltr'><strong>alfectet</strong></span> <span class='ocrx_word' id='word_1_750' title='bbox 2316 4928 2590 4999; x_wconf 88' lang='lat' dir='ltr'><strong>pietatem,</strong></span> <span class='ocrx_word' id='word_1_751' title='bbox 2616 4923 2816 4992; x_wconf 88' lang='lat' dir='ltr'><strong>quippe</strong></span> <span class='ocrx_word' id='word_1_752' title='bbox 2844 4920 2937 4988; x_wconf 88' lang='lat' dir='ltr'><strong>qui</strong></span> <span class='ocrx_word' id='word_1_753' title='bbox 2958 4914 3235 4986; x_wconf 66' lang='lat' dir='ltr'><strong>iactantia:</strong></span> <span class='ocrx_word' id='word_1_754' title='bbox 3282 4911 3530 4981; x_wconf 88' lang='lat' dir='ltr'><strong>reprimit</strong></span> <span class='ocrx_word' id='word_1_755' title='bbox 3573 4919 3651 4962; x_wconf 61' lang='lat' dir='ltr'><strong>tu.</strong></span> 
     </span>
    </p>
   </div>
   <div class='ocr_carea' id='block_1_110' title="bbox 2080 5002 3652 5087">
    <p class='ocr_par' dir='ltr' id='par_1_110' title="bbox 2080 5002 3652 5087">
     <span class='ocr_line' id='line_1_110' title="bbox 2080 5002 3652 5087; baseline -0.017 -6"><span class='ocrx_word' id='word_1_756' title='bbox 2080 5038 2309 5081; x_wconf 86' lang='lat' dir='ltr'><strong>morem.</strong></span> <span class='ocrx_word' id='word_1_757' title='bbox 2335 5020 2455 5076; x_wconf 88' lang='lat' dir='ltr'><strong>Istis</strong></span> <span class='ocrx_word' id='word_1_758' title='bbox 2476 5016 2751 5087; x_wconf 79' lang='lat' dir='ltr'><strong>legislator</strong></span> <span class='ocrx_word' id='word_1_759' title='bbox 2781 5012 2868 5065; x_wconf 91' lang='lat' dir='ltr'><strong>ille</strong></span> <span class='ocrx_word' id='word_1_760' title='bbox 2891 5008 3143 5079; x_wconf 69' lang='lat' dir='ltr'><strong>aMoyses)</strong></span> <span class='ocrx_word' id='word_1_761' title='bbox 3165 5008 3413 5061; x_wconf 88' lang='lat' dir='ltr'><strong>timorem</strong></span> <span class='ocrx_word' id='word_1_762' title='bbox 3429 5002 3519 5058; x_wconf 89' lang='lat' dir='ltr'><strong>Dei</strong></span> <span class='ocrx_word' id='word_1_763' title='bbox 3544 5016 3652 5072; x_wconf 75' lang='lat' dir='ltr'><strong>prae</strong></span> 
     </span>
    </p>
   </div>
   <div class='ocr_carea' id='block_1_111' title="bbox 2081 5093 3651 5172">
    <p class='ocr_par' dir='ltr' id='par_1_111' title="bbox 2081 5093 3651 5172">
     <span class='ocr_line' id='line_1_111' title="bbox 2081 5093 3651 5172; baseline -0.017 0"><span class='ocrx_word' id='word_1_764' title='bbox 2081 5116 2255 5172; x_wconf 87' lang='lat' dir='ltr'><strong>oculis</strong></span> <span class='ocrx_word' id='word_1_765' title='bbox 2284 5114 2481 5168; x_wconf 87' lang='lat' dir='ltr'><strong>habere</strong></span> <span class='ocrx_word' id='word_1_766' title='bbox 2505 5106 2774 5168; x_wconf 91' lang='lat' dir='ltr'><strong>consulit,</strong></span> <span class='ocrx_word' id='word_1_767' title='bbox 2807 5116 3022 5171; x_wconf 86' lang='lat' dir='ltr'><strong>semper</strong></span> <span class='ocrx_word' id='word_1_768' title='bbox 3061 5100 3235 5169; x_wconf 88' lang='lat' dir='ltr'><strong>ipsum</strong></span> <span class='ocrx_word' id='word_1_769' title='bbox 3265 5093 3651 5150; x_wconf 85' lang='lat' dir='ltr'><strong>irrationabilis</strong></span> 
     </span>
    </p>
   </div>
   <div class='ocr_carea' id='block_1_112' title="bbox 2081 5194 3652 5273">
    <p class='ocr_par' dir='ltr' id='par_1_112' title="bbox 2081 5194 3652 5273">
     <span class='ocr_line' id='line_1_112' title="bbox 2081 5194 3652 5273; baseline -0.017 -10"><span class='ocrx_word' id='word_1_770' title='bbox 2081 5205 2334 5263; x_wconf 85' lang='lat' dir='ltr'><strong>elationis</strong></span> <span class='ocrx_word' id='word_1_771' title='bbox 2360 5203 2709 5273; x_wconf 67' lang='lat' dir='ltr'><strong>pmdagogum</strong></span> <span class='ocrx_word' id='word_1_772' title='bbox 2733 5194 3094 5254; x_wconf 83' lang='lat' dir='ltr'><strong>constituens,</strong></span> <span class='ocrx_word' id='word_1_773' title='bbox 3119 5206 3181 5243; x_wconf 90' lang='lat' dir='ltr'><strong>ac</strong></span> <span class='ocrx_word' id='word_1_774' title='bbox 3203 5197 3454 5244; x_wconf 87' lang='lat' dir='ltr'><strong>sanctum</strong></span> <span class='ocrx_word' id='word_1_775' title='bbox 3475 5201 3652 5241; x_wconf 89' lang='lat' dir='ltr'><strong>cmen-</strong></span> 
     </span>
    </p>
   </div>
   <div class='ocr_carea' id='block_1_113' title="bbox 2082 5276 3651 5361">
    <p class='ocr_par' dir='ltr' id='par_1_113' title="bbox 2082 5276 3651 5361">
     <span class='ocr_line' id='line_1_113' title="bbox 2082 5276 3651 5361; baseline -0.017 -7"><span class='ocrx_word' id='word_1_776' title='bbox 2082 5298 2327 5354; x_wconf 86' lang='lat' dir='ltr'><strong>datorem</strong></span> <span class='ocrx_word' id='word_1_777' title='bbox 2354 5308 2368 5345; x_wconf 90' lang='lat'><strong>:</strong></span> <span class='ocrx_word' id='word_1_778' title='bbox 2411 5291 2555 5361; x_wconf 87' lang='lat' dir='ltr'><strong>quod</strong></span> <span class='ocrx_word' id='word_1_779' title='bbox 2582 5290 2729 5342; x_wconf 88' lang='lat' dir='ltr'><strong>enim</strong></span> <span class='ocrx_word' id='word_1_780' title='bbox 2761 5281 3063 5346; x_wconf 86' lang='lat' dir='ltr'><strong>mandarit,</strong></span> <span class='ocrx_word' id='word_1_781' title='bbox 3096 5290 3153 5333; x_wconf 88' lang='lat' dir='ltr'><strong>ut</strong></span> <span class='ocrx_word' id='word_1_782' title='bbox 3196 5279 3247 5331; x_wconf 92' lang='lat' dir='ltr'><strong>in</strong></span> <span class='ocrx_word' id='word_1_783' title='bbox 3290 5276 3536 5348; x_wconf 87' lang='lat' dir='ltr'><strong>partibus</strong></span> <span class='ocrx_word' id='word_1_784' title='bbox 3566 5290 3651 5328; x_wconf 80' lang='lat' dir='ltr'><strong>vc-</strong></span> 
     </span>
    </p>
   </div>
   <div class='ocr_carea' id='block_1_114' title="bbox 2084 5366 3649 5445">
    <p class='ocr_par' dir='ltr' id='par_1_114' title="bbox 2084 5366 3649 5445">
     <span class='ocr_line' id='line_1_114' title="bbox 2084 5366 3649 5445; baseline -0.019 0"><span class='ocrx_word' id='word_1_785' title='bbox 2084 5390 2186 5445; x_wconf 87' lang='lat' dir='ltr'><strong>stis</strong></span> <span class='ocrx_word' id='word_1_786' title='bbox 2216 5388 2358 5442; x_wconf 85' lang='lat' dir='ltr'><strong>circa</strong></span> <span class='ocrx_word' id='word_1_787' title='bbox 2401 5381 2643 5437; x_wconf 80' lang='lat' dir='ltr'><strong>ﬁmbrias</strong></span> <span class='ocrx_word' id='word_1_788' title='bbox 2673 5375 2960 5432; x_wconf 83' lang='lat' dir='ltr'><strong>laciniosas</strong></span> <span class='ocrx_word' id='word_1_789' title='bbox 2990 5372 3208 5426; x_wconf 85' lang='lat' dir='ltr'><strong>institas</strong></span> <span class='ocrx_word' id='word_1_790' title='bbox 3232 5385 3263 5424; x_wconf 90' lang='lat' dir='ltr'><strong>e</strong></span> <span class='ocrx_word' id='word_1_791' title='bbox 3301 5369 3390 5422; x_wconf 86' lang='lat' dir='ltr'><strong>lilo</strong></span> <span class='ocrx_word' id='word_1_792' title='bbox 3422 5366 3649 5438; x_wconf 83' lang='lat' dir='ltr'><strong>hyacin-</strong></span> 
     </span>
    </p>
   </div>
   <div class='ocr_carea' id='block_1_115' title="bbox 2089 5462 3650 5539">
    <p class='ocr_par' dir='ltr' id='par_1_115' title="bbox 2089 5462 3650 5539">
     <span class='ocr_line' id='line_1_115' title="bbox 2089 5462 3650 5539; baseline -0.017 -1"><span class='ocrx_word' id='word_1_793' title='bbox 2089 5478 2240 5538; x_wconf 77' lang='lat' dir='ltr'><strong>thina</strong></span> <span class='ocrx_word' id='word_1_794' title='bbox 2276 5480 2546 5539; x_wconf 70' lang='lat' dir='ltr'><strong>facerent,</strong></span> <span class='ocrx_word' id='word_1_795' title='bbox 2588 5484 2639 5528; x_wconf 88' lang='lat' dir='ltr'><strong>et</strong></span> <span class='ocrx_word' id='word_1_796' title='bbox 2677 5474 2810 5528; x_wconf 86' lang='lat' dir='ltr'><strong>istas</strong></span> <span class='ocrx_word' id='word_1_797' title='bbox 2840 5482 3052 5535; x_wconf 84' lang='lat' dir='ltr'><strong>semper</strong></span> <span class='ocrx_word' id='word_1_798' title='bbox 3084 5465 3315 5521; x_wconf 76' lang='lat' dir='ltr'><strong>videndo</strong></span> <span class='ocrx_word' id='word_1_799' title='bbox 3342 5462 3650 5517; x_wconf 74' lang='lat' dir='ltr'><strong>divinorum</strong></span> 
     </span>
    </p>
   </div>
   <div class='ocr_carea' id='block_1_116' title="bbox 2090 5549 3650 5640">
    <p class='ocr_par' dir='ltr' id='par_1_116' title="bbox 2090 5549 3650 5640">
     <span class='ocr_line' id='line_1_116' title="bbox 2090 5549 3650 5640; baseline -0.013 -17"><span class='ocrx_word' id='word_1_800' title='bbox 2090 5569 2256 5640; x_wconf 77' lang='lat'><strong>590</strong></span> <span class='ocrx_word' id='word_1_801' title='bbox 2300 5573 2692 5637; x_wconf 76' lang='lat' dir='ltr'><strong>praeceptorum</strong></span> <span class='ocrx_word' id='word_1_802' title='bbox 2733 5555 3162 5616; x_wconf 85' lang='lat' dir='ltr'><strong>recordationem</strong></span> <span class='ocrx_word' id='word_1_803' title='bbox 3210 5555 3507 5628; x_wconf 74' lang='lat' dir='ltr'><strong>haberent,</strong></span> <span class='ocrx_word' id='word_1_804' title='bbox 3549 5549 3650 5603; x_wconf 85' lang='lat' dir='ltr'><strong>hoc</strong></span> 
     </span>
    </p>
   </div>
  </div>
