4066 6146
426 267 560 335 1270

1868 281 2145 343 SPURIA

3542 273 3687 342 1280

426 388 563 441 mihi
601 387 818 443 videtur
861 403 959 460 per
988 388 1294 460 symbolum
1335 391 1675 463 signiﬁcare;
1713 391 1995 458 nimirum,

2111 391 2274 457 )th:
2302 393 2445 466 ἀρχὴ
2490 391 2682 464 σοφίας
2720 392 2884 461 φόϐος
2915 391 3144 464 Κυρίου,
3186 388 3373 446 τοῦτον
3414 380 3508 444 οὖν
3546 407 3677 444 συν-

426 480 596 548 quod,
625 482 766 535 sicut
803 481 1014 535 limbria
1041 490 1123 537 est
1148 483 1364 537 initium
1396 488 1589 551 vestis,
1622 486 1695 540 ita
1735 503 1754 537 ι
1784 484 2000 540 initium

427 570 728 637 sapientiae,
758 571 920 623 timor
950 570 1162 626 Domini
1188 573 1273 642 ⁸⁸;
1303 592 1323 625 ι
1356 574 1500 630 hunc
1524 575 1689 646 igitur
1717 575 2005 631 subtexere

428 669 646 727 oportet
688 661 838 714 omni
886 663 1109 717 virtutis
1162 665 1473 719 summitate
1525 666 2002 736 (quandoquidem

430 750 772 805 summitates
815 752 1217 820 quodammodo
1262 766 1393 810 sunt
1435 756 1657 812 lallaces
1706 757 1771 811 ad
1817 772 2006 812 amen-

431 839 561 892 tiam
606 837 997 910 detorquentes
1028 858 1125 898 eos
1160 846 1250 913 qui
1292 861 1482 915 parum
1520 849 1800 917 sapiunt),
1826 856 1890 902 ut
1934 848 2005 903 ob

429 930 620 985 oculos
648 932 845 988 animae
881 935 1046 989 timor
1068 936 1179 990 iste
1203 938 1573 993 indesinenter
1598 940 1837 1008 agitatus
1858 952 2004 1005 ,.eo-

430 1022 615 1079 hibeat
647 1032 915 1079 tumorem
941 1026 1308 1082 irrationalem
1333 1029 1386 1083 in
1417 1031 1579 1083 rebus
1618 1031 1757 1085 bene
1799 1031 1965 1099 gestis
1985 1072 2000 1095 ,

432 1120 765 1187 edoceatque
796 1118 993 1173 virtute
1021 1120 1345 1188 praeditum,
1388 1121 1533 1189 quod
1582 1122 1705 1176 licet
1748 1123 1862 1190 ipse
1901 1121 2004 1176 sibi

434 1211 777 1265 subtemerit
819 1219 1057 1278 restem,
1100 1210 1239 1266 Deus
1279 1221 1522 1266 attamen
1564 1224 1687 1280 est,
1729 1214 1821 1283 qui
1860 1213 2008 1269 dedit

432 1302 813 1371 hujuscemodi
854 1312 1083 1358 texturae
1125 1305 1445 1373 sapientiam
1470 1345 1485 1369 ,
1527 1319 1582 1361 et
1611 1306 1680 1361 ob
1708 1306 1759 1361 id
1795 1305 2006 1361 auctori

436 1396 685 1450 scientia:
707 1436 723 1461 ,
764 1403 820 1449 ct
846 1410 954 1451 non
988 1398 1239 1466 operario
1268 1406 1437 1451 totam
1465 1407 1680 1468 oportet
1708 1397 2010 1453 attribuere

434 1485 731 1553 virtutem;
783 1488 862 1542 sic
901 1489 1046 1543 enim
1089 1488 1269 1544 virtus
1323 1499 1435 1542 tum
1478 1491 1582 1545 erit
1623 1491 1920 1553 illustrior,
1960 1489 2019 1544 si'

436 1591 556 1632 eam
587 1593 727 1650 opus
758 1594 882 1636 esse
918 1580 1009 1635 Dei
1054 1579 1352 1648 fateamur;
1404 1591 1517 1635 tum
1559 1581 1679 1651 ejus
1719 1582 2009 1650 aequisitio

438 1684 634 1724 secura
666 1684 852 1727 manet
877 1673 1181 1743 acquirenti
1201 1716 1217 1739 ,
1246 1688 1357 1742 pra:
1385 1671 1476 1727 Dei
1505 1675 1698 1729 timore
1718 1717 1732 1738 ,
1771 1682 1885 1728 tum
1909 1674 2008 1728 de-

2106 483 2355 553 υφαίνειν
2378 484 2481 548 δεῖ,
2507 483 2670 537 παντὶ
2697 483 2852 554 ἄκρῳ
2878 482 2978 553 τῆς
3007 482 3229 552 ἀρετῆς,
3261 481 3446 552 ἐπειδὴ
3482 482 3681 551 σφαλε-

2108 574 2199 648 ραί
2228 593 2346 639 πως
2390 577 2445 628 αί
2499 575 2801 647 ἀκρότητες
2842 575 2979 644 πρὸς
3018 573 3279 627 ἀπόνοιαν
3312 572 3678 643 ὲκτρέπουσαι

2102 669 2231 731 τοὺς
2258 667 2633 738 ὁλιγόφρονας,
2671 665 2758 718 ίνα
2784 665 2890 736 πρὸ
2922 664 3033 717 τῶν
3054 662 3354 733 ὀφθαλμῶν
3373 663 3475 731 τῆς
3499 663 3677 734 ψυχῆς

2106 759 2466 823 ἀδιαλείπτως
2535 757 2894 825 σαλευόμενος
2940 754 3281 827 καταστέλλῃ
3320 753 3382 807 τὸ
3426 755 3519 807 ἐπὶ
3564 758 3678 817 τοῖς

2104 850 2523 923 κατορθώμασιν
2568 849 2761 918 ἄλογον
2813 848 3037 918 οἴδημα,
3071 846 3164 901 καὶ
3194 848 3422 919 διδάσκῃ
3456 848 3547 900 τὸν
3588 848 3674 899 ὲν-

2068 952 2071 953 ⁷
2106 943 2301 1015 άρετον
2330 944 2411 997 ὅτι
2439 941 2547 996 κᾶν
2574 941 2736 1005 αὐτὸς
2762 940 2942 1010 ἐαυτῷ
2964 938 3195 1011 ὲξύφηνε
3224 940 3284 993 τὸ
3304 940 3539 1011 ἱμάτιον,
3565 939 3675 994 ἀλλ’

2104 1033 2134 1086 δ
2158 1033 2292 1097 Θεὸς
2317 1034 2433 1086 ἐστι
2466 1034 2494 1086 ὀ
2516 1028 2763 1095 δεδωκὼς
2788 1029 2888 1101 τὴν
2936 1029 3125 1099 σοφίαν
3163 1029 3254 1084 τοῦ
3303 1030 3543 1085 τοιούτου
3574 1032 3675 1099 ὑφ-

2107 1125 2372 1194 άσματος,
2416 1122 2511 1177 καὶ
2542 1125 2742 1193 πρέπει
2768 1121 2847 1192 τῷ
2872 1120 3031 1192 αίτίῳ
3061 1121 3165 1191 τῆς
3186 1121 3518 1193 ἐπιστήμης,
3546 1121 3676 1175 ἀλλὰ

2110 1216 2186 1286 μὴ
2211 1214 2286 1285 τῷ
2305 1215 2511 1286 ἐργάτῃ
2532 1213 2592 1266 τὸ
2613 1214 2721 1266 πᾶν
2737 1211 3045 1267 ἀνατιθέναι
3065 1211 3472 1282 τῆςδυνάμεως.
3497 1210 3677 1276 Οὕτως

2106 1304 2214 1376 γὰρ
2245 1304 2336 1357 καὶ
2363 1306 2396 1373 ἡ
2425 1302 2594 1374 ἀρετὴ
2617 1300 2971 1372 λαμπροτέρα
2999 1300 3151 1354 ἔσται
3185 1300 3347 1371 ἔργον
3386 1301 3675 1370 ὁμολογου-

2111 1396 2245 1466 μένη
2277 1393 2437 1457 Θεοῦ,
2467 1393 2562 1446 καὶ
2589 1395 2625 1463 ἡ
2661 1393 2858 1461 κτῆσις
2886 1392 3055 1459 αὐτῆς
3084 1392 3335 1461 ἀσφαλὴς
3376 1391 3453 1461 τῷ
3484 1408 3678 1460 κεκτη-

2113 1486 2258 1558 μένῳ
2285 1485 2437 1556 μένει
2468 1484 2626 1554 φόϐῳ
2651 1483 2809 1549 Θεοῦ,
2830 1484 2923 1536 καὶ
2951 1482 3039 1543 διὰ
3066 1483 3264 1546 παντὸς
3296 1482 3677 1552 φυλασσομένη
3738 1503 3743 1507 ·

2110 1579 2365 1649 εὐλαόείᾳ
2384 1577 2517 1648 πρὸς
2537 1575 2700 1629 αὐτὸν
2732 1575 2972 1629 τδνΘεδν
3000 1575 3177 1646 ἡμῶν·
3211 1569 3307 1645 ᾧή
3330 1575 3477 1641 δόξα,
3509 1574 3682 1628 καὶτὸ

2111 1671 2312 1740 κράτος
2339 1670 2420 1731 εἰς
2434 1668 2561 1730 τοὺς
2586 1666 2808 1729 αἰῶνας.
2852 1666 3047 1736 Ἃμήν.

438 1776 588 1815 mum
637 1765 891 1835 religiosa
953 1775 1215 1837 perpetuo
1270 1767 1576 1823 custoditur
1631 1769 1829 1839 pietate
1877 1782 2006 1838 erga
2043 1766 2225 1838 ipsum
2262 1764 2429 1820 Deum
2470 1770 2756 1829 nostrum,
2830 1761 2918 1816 cui
2996 1761 3202 1832 gloria,
3250 1770 3304 1816 et
3347 1768 3591 1830 potestas
3624 1759 3679 1816 in

437 1852 656 1907 secula.
695 1856 888 1911 Amen.

513 2030 565 2065 ⁸³
601 2029 770 2085 Eccli.
796 2047 833 2095 I,
870 2031 956 2087 16.

447 2246 1767 2284 ww“

762 2266 1092 2278 ..ι-ο*-

1661 2436 2509 2618 SPURIA.

1513 2960 1652 3017 ΤΟΥ
1700 2963 2069 3018 ΜΑΚΑΡΙΟΥ
2098 2964 2371 3019 ΠΑΤΡΟΣ
2417 2964 2610 3018 ΗΜοΝ

1023 3413 1387 3503 ΛΟΓΟΣ
1426 3416 2065 3503 ΑΣΚΗΤΙΚΟΣ
2105 3419 2299 3502 ΚΑΙ
2360 3417 3047 3506 ΠΟΑΥΜΕΡΗΣ
3133 3352 3146 3361 ’

1508 3620 1598 3674 EN
1629 3621 1671 3692 ᾳ
1694 3570 2010 3677 nomen

2111 3618 2615 3675 ΠΝΕΥΜΑτικΑι.
3394 3580 3453 3639 θ

1603 3988 1722 4099 S.
1813 3991 1932 4099 P.
2018 3984 2157 4099 N.
2246 3986 2536 4099 NILI

838 4236 1521 4327 TRAC'i‘A’I‘US
1610 4236 2135 4327 MORALIS
2216 4238 2361 4324 ET
2456 4235 3289 4327 MULTIFARIUS
3380 4185 3385 4189 ’

1391 4451 1464 4511 In
1490 4467 1615 4531 quo
1646 4450 2001 4530 spirituales
2059 4458 2203 4515 sunt
2254 4454 2738 4518 admonitiones;

1088 4787 1318 4845 CAPUT
1374 4788 1413 4849 Ι.

522 4904 851 4961 Multiforme
892 4918 953 4959 ac
978 4904 1254 4975 multiplex
1283 4905 1528 4962 ﬁdelibus
1551 4908 1871 4977 proponitur
1897 4923 2014 4962 cer-

448 5004 631 5052 tamen
666 5010 859 5067 pugnae
887 4995 939 5049 in
972 4996 1216 5065 prmsenti
1250 4997 1378 5062 vita,
1414 4997 1481 5051 iis
1512 4999 1737 5064 scilicet,
1769 4998 1861 5069 qui
1895 5014 2017 5067 pcr-

449 5088 737 5159 spicaciter
793 5087 848 5142 in
890 5087 1186 5158 iudicando
1240 5091 1520 5159 prudentia
1575 5105 1663 5146 res
1708 5088 2016 5146 discernere

448 5179 651 5243 valent,
704 5189 759 5234 et
787 5180 1074 5250 praesentia
1123 5180 1340 5249 quidem
1399 5181 1785 5235 convenienter
1821 5181 2016 5235 distin-

450 5286 636 5342 gnere,
669 5268 849 5325 futura
882 5287 1011 5325 vero
1047 5270 1379 5340 perpendere
1416 5272 1635 5325 utiliter.
1676 5270 1800 5324 Haec
1832 5270 2012 5326 autem

451 5360 723 5415 institutio
777 5360 1009 5429 plurima
1061 5361 1263 5430 indiget
1318 5360 1613 5415 attentione
1680 5370 1734 5415 et
1765 5374 1915 5426 cura,
1959 5371 2019 5416 ut

454 5451 761 5507 intellectus
809 5452 875 5506 ad
902 5460 1131 5521 utraque
1163 5460 1470 5519 protensus,
1513 5453 1686 5521 possit
1717 5452 1832 5507 haec
1863 5452 2022 5508 intel-

456 5540 643 5608 ligere,
691 5558 868 5611 neque
901 5543 1007 5597 huc
1035 5552 1089 5598 et
1119 5543 1247 5597 illuc
1274 5542 1506 5606 vacillet,
1542 5544 1834 5598 necessarii
1865 5559 2023 5614 expe-

458 5630 696 5696 ritnenti,
751 5632 1051 5703 debitaque
1106 5633 1584 5704 praemeditationis
1632 5644 1723 5690 aut
1749 5635 2021 5691 oblivione

2723 4796 2767 4847 Κ
2775 4795 2971 4848 ΕΦΑΛ.
3011 4796 3090 4851 A'.

2196 4907 2512 4979 Πολυμερὴς
2555 4908 2649 4960 καὶ
2694 4907 3033 4978 πολύτροπος
3096 4907 3383 4978 πρόκειται
3429 4914 3544 4974 τοῖς
3596 4928 3688 4964 πι-

2123 5002 2265 5062 στοῖς
2285 5000 2313 5051 ὁ
2342 4997 2489 5062 ἀγὼν
2514 5001 2612 5069 τῆς
2639 4998 2917 5069 ἀθλήσεως
2956 4998 3015 5050 ἐν
3044 4996 3123 5068 τῷ
3162 4998 3390 5068 παρόντι
3422 4999 3543 5070 βίῳ,
3579 5002 3694 5061 τοῖς

2122 5088 2445 5157 διορατικῶς
2472 5090 2530 5141 ὲν
2560 5089 2775 5141 συνέσει
2804 5086 3098 5159 διακρίνειν
3121 5088 3459 5157 δυναμένοις,
3492 5088 3588 5140 καὶ
3621 5087 3692 5139 τὰ

2122 5179 2364 5250 παρόντα
2394 5180 2826 5249 χαρακτηρίζειν
2855 5178 3116 5241 δεόντως.
3170 5179 3263 5232 καὶ
3309 5177 3379 5231 τὰ
3428 5178 3691 5248 μέλλοντα

2122 5269 2344 5340 Θεωρεῖν
2398 5270 2807 5341 συμφερόντως.
2877 5269 3084 5338 Πολλῆς
3129 5269 3187 5322 δὲ
3239 5270 3411 5321 δεῖται
3465 5270 3498 5339 ὴ
3547 5267 3688 5338 αὕτη

2123 5363 2348 5431 ἀγωγὴ,
2413 5362 2553 5415 ὥστε
2608 5362 2901 5434 δυνηθῆναι
2947 5362 3171 5431 νοῆσαι,
3237 5361 3544 5431 προσοχῆς,
3594 5358 3688 5412 καὶ

2125 5454 2424 5524 φροντίδος,
2486 5453 2577 5506 τὸν
2626 5452 2751 5506 νοῦν
2822 5454 2958 5524 πρὸς
3006 5454 3241 5529 ξκάτερα
3291 5452 3685 5521 ἐκτεινόμενον.

2123 5539 2225 5599 ὧδε
2253 5546 2475 5599 κακεϊσε
2510 5543 2609 5613 τῆς
2644 5542 2868 5613 δεούσης
2897 5542 3245 5612 δοκιμασίας,
3279 5542 3374 5594 καὶ
3414 5542 3515 5610 τῆς
3545 5540 3685 5607 ὀφιιο

2125 5635 2357 5705 λομένης
2394 5634 2623 5705 Θεωρίας
2657 5636 2734 5705 μὴ
2770 5633 3073 5703 σφαλῆναι,
3104 5633 3137 5703 ἢ
3166 5631 3307 5703 λήθῃ
3332 5630 3683 5701 ἐμποδιζόμε-
