4066 6146
455 377 588 444 1281

1656 373 2096 435 TRACTATUS
2134 375 2492 434 MORALIS.

3554 377 3690 441 1282

451 511 570 557 νος,
597 493 630 561 ἢ
666 487 1001 560 ὀλιγοπιστίᾳ
1029 486 1459 557 πολεμούμενος,
1494 485 1525 556 ἢ
1561 485 1870 556 ἀναξιότητι
1900 489 2016 540 ἐπι-

2126 485 2466 554 ρτιιφοιίἰιιις,
2503 491 2596 536 aut
2628 485 2863 552 pauxilla
2899 485 3000 538 title
3035 498 3398 556 oppugnatus,
3432 497 3524 544 aut
3561 505 3687 558 pro-

451 582 858 652 ϐουλευόμενος.
901 583 965 633 '0
999 579 1098 650 μὲν
1136 577 1244 646 γάρ
1285 575 1455 645 Ἀδὰμ
1485 577 1542 626 ὲν
1587 576 1730 646 ἀρχῇ
1761 577 1860 644 τῆς
1899 576 2026 628 κτί-

452 689 590 735 σεως
641 669 991 741 παρακούσας
1044 661 1171 736 εὗρε
1229 665 1421 735 καιρὸν
1473 665 1734 717 ἐπανόδου
1796 667 1863 734 τῇ
1922 661 2014 717 τοῦ

450 762 689 833 Χριστοῦ
721 759 986 832 παρουσίᾳ
1021 760 1077 809 ἐν
1114 755 1298 827 σαρκὶ,
1319 757 1482 826 ἡμεῖς
1513 754 1568 808 δὲ
1602 755 1737 825 πρὸς
1769 755 1846 825 τῷ
1873 755 2016 808 τέλει

449 855 544 908 τοῦ
575 855 778 922 κόσμου
813 852 1199 919 τυγχάνοντες,
1229 849 1277 900 εἰ
1313 845 1654 916 ἐκπεσοῦμεν
1697 845 1806 898 τῶν
1843 846 2019 899 τοιού-

451 960 558 998 των
587 941 963 1012 χαρισμάτων,
1011 939 1107 991 καὶ
1156 939 1255 1008 τῆς
1301 937 1575 1008 βασιλείας
1608 937 1706 1007 τήν
1751 935 2016 1008 ὑψηλοτέ-

453 1048 554 1102 ραν
607 1029 701 1082 καί
756 1025 1208 1097 ὑπερθαύμαστον
1241 1023 1418 1090 ἀξίαν,
1455 1024 1854 1095 ἀχρειώσαντες
1895 1026 2017 1086 ταῖς

450 1121 919 1192 παρακουστικαίς
963 1116 1397 1188 πλημμελείαις,
1442 1117 1540 1186 οὑχ
1581 1115 1776 1186 ἕξομεν
1829 1116 2017 1186 καιρὸν

450 1211 732 1272 ἐπανόδου,
750 1209 864 1263 ἀλλ’
882 1209 1161 1279 ἢιγεέννης
1185 1209 1509 1278 ἀπάντησιν.
1537 1209 1599 1260 Οἱ
1623 1207 1731 1278 γὰρ
1753 1207 1891 1277 μετὰ
1919 1210 2018 1275 τὴν

449 1303 709 1371 δευτέραν
741 1301 1079 1353 ἀνακαίνισιν
1111 1299 1209 1368 τῆς
1247 1298 1665 1368 ἀνθρωπότητος
1690 1299 2018 1368 ἐμμένοντες

450 1397 516 1464 τῇ
551 1393 875 1462 παλαιότητι
895 1392 988 1442 ἐπὶ
1013 1390 1141 1462 δόξῃ
1169 1389 1388 1452 κακίας,
1421 1389 1650 1458 μάταιον
1676 1389 2018 1460 ἐπιχειροῦσι
2056 1373 2075 1407 ’

450 1487 548 1558 τὴν
583 1483 678 1538 τοῦ
710 1481 946 1554 Χριστοῦ
975 1481 1306 1551 οἰκονομίαν,
1353 1474 1428 1532 ὧν
1475 1481 1536 1532 τὸ
1586 1481 1762 1550 κρῖμα
1812 1479 2018 1534 ἔνδικόν

452 1580 589 1640 ἐστι,
628 1575 716 1629 διὰ
745 1573 902 1628 τοῦτο
945 1571 1307 1642 διδασκόμεθα
1340 1569 1750 1626 ἀπεκδύσασθαι
1779 1571 1878 1640 τὴν
1917 1587 2020 1625 πα-

451 1669 742 1739 λαιότητα,
778 1667 874 1720 καὶ
920 1664 1239 1718 ἐνδύσασθαι
1285 1663 1385 1734 τὴν
1433 1665 1764 1732 καινότηταο
1813 1663 2021 1724 ἐκεῖνος

456 1761 554 1829 μὲν
582 1759 690 1828 γὰρ
730 1757 1010 1819 ἐπαινετὸς
1038 1793 1054 1818 ,
1109 1759 1136 1808 ὸ
1185 1756 1310 1825 χθὲς
1353 1753 1614 1824 ὑπάρχων
1661 1750 1874 1822 ὀργίλος
1926 1751 2022 1803 καὶ

2117 573 2227 643 pria
2286 575 2690 642 contemptione
2740 577 2940 644 petitus
2997 576 3232 631 insidiis.
3279 576 3452 631 Adam
3489 581 3690 650 quippe

2115 665 2270 719 initio
2301 663 2501 719 conditi
2534 664 2701 728 orbis,
2732 666 2855 720 licet
2885 681 2991 721 non
3016 667 3467 736 obtemperasset,
3499 681 3690 728 nactus

2113 767 2198 811 est
2253 765 2432 810 tamen
2489 757 2833 811 occasionem
2877 759 3159 825 redeundi,
3211 759 3410 814 Christi
3440 761 3492 814 in
3525 778 3690 818 carne

2117 847 2406 916 prmsentia
2435 863 2449 912 ;
2485 863 2585 902 nos
2643 863 2788 913 vero,
2819 850 2906 917 qui
2938 849 2991 902 in
3025 850 3129 903 line
3165 851 3352 905 mundi
3387 866 3687 919 versamur,

2116 938 2161 992 si
2201 953 2232 992 e
2268 937 2434 991 tantis
2467 937 2787 992 excidemus
2836 940 3044 1008 gratiis,
3081 941 3342 1010 regnique
3375 942 3520 998 illius
3554 961 3692 1012 pne-

2117 1029 2398 1084 celsiorem
2459 1045 2521 1083 ac
2545 1045 2704 1098 supra
2733 1031 2950 1083 modum
2983 1031 3353 1086 admirabilem
3375 1035 3687 1105 dignitatem

2117 1121 2495 1176 inobedientize
2540 1123 2775 1191 peccatis
2829 1124 3123 1177 reddamus
3164 1123 3435 1188 inutilem,
3478 1135 3687 1182 tantum

2117 1213 2292 1266 aberit
2346 1227 2376 1265 a
2428 1212 2585 1266 nobis
2627 1213 3006 1281 opportunitas
3057 1223 3243 1281 postea
3290 1215 3569 1280 redeundi,
3632 1224 3691 1270 ut

2119 1303 2300 1370 potius
2325 1301 2603 1354 immineat
2630 1301 2946 1354 ocrurrendi
2981 1301 3237 1370 gehennae
3263 1304 3579 1371 periculum.
3608 1304 3690 1358 Illi

2120 1397 2344 1459 etenim,
2381 1396 2475 1465 qui
2523 1403 2646 1464 post
2672 1395 2966 1448 secundani
3001 1395 3403 1450 inuovationem
3440 1396 3691 1450 humani-

2121 1485 2266 1550 tatis,
2285 1484 2529 1554 improbe
2545 1484 2859 1548 sentientes,
2886 1486 3140 1539 vetustati
3169 1485 3454 1554 inhaerent,
3488 1487 3688 1542 frustra

2121 1577 2513 1646 aggrediuntur
2537 1575 2737 1630 Christi
2765 1575 3185 1632 constitutiones
3213 1579 3429 1643 sectari,
3451 1593 3688 1650 quorum

2121 1665 2398 1720 damnatio
2454 1665 2603 1735 justa
2647 1675 2731 1719 est
2785 1665 2876 1718 ἐς
2917 1676 3243 1735 quapropter
3273 1667 3568 1722 edocemur
3595 1683 3690 1723 ve.

2124 1766 2376 1812 tustatem
2423 1771 2619 1812 exuere
2667 1765 2724 1811 et
2761 1757 2987 1811 induere
3010 1757 3297 1812 novitatem
3328 1775 3344 1824 ;
3379 1759 3465 1814 ille
3491 1759 3692 1830 quippe

454 1847 708 1919 θυμώδης
729 1887 744 1911 ,
776 1847 1014 1917 σήμερον
1062 1845 1118 1898 δὲ
1164 1843 1341 1915 πραῢς
1375 1845 1468 1897 καὶ
1497 1841 1740 1914 ήσύχιος,
1772 1843 1800 1894 6
1828 1843 1921 1895 καὶ
1951 1841 2019 1893 τά

2126 1848 2408 1902 laudabilis
2437 1856 2539 1910 est,
2573 1847 2668 1917 qui
2701 1847 2814 1901 heri
2841 1847 3060 1916 quidem
3090 1849 3352 1903 iracundo
3384 1864 3447 1904 ac
3474 1853 3694 1905 turbato

455 1937 601 2007 πάθη
631 1937 858 2005 νικήσας
885 1936 981 1987 καὶ
1015 1935 1111 2004 τὴν
1139 1935 1342 2005 ἀρετὴν
1366 1935 1648 2004 ἀσκήσας·
1683 1935 1888 1997 ἐκεῖνος
1922 1936 2022 1986 ἐπ·

453 2030 680 2094 αινετὸς,
707 2030 734 2081 ὁ
768 2027 893 2098 χθὲς
921 2026 1020 2097 μὲν
1061 2029 1126 2097 τῇ
1161 2025 1419 2098 αὑθεντίᾳ
1467 2025 1754 2094 ἀγόμενος,
1786 2027 2023 2098 σήμερον

453 2119 509 2174 δὲ
543 2121 608 2190 τῇ
641 2119 888 2188 ὑποταγῇ
918 2114 1011 2168 τοῦ
1064 2113 1397 2185 Εὑαγγελίου
1435 2117 1730 2183 ὑποταγεὶς
1756 2157 1771 2182 ,
1800 2117 1894 2169 καὶ
1931 2117 2024 2168 ἐπὶ

455 2211 619 2262 παντὶ
650 2208 874 2278 ῥήματι,
909 2209 1001 2260 καὶ
1030 2206 1337 2277 πράγματι,
1373 2208 1466 2260 καὶ
1500 2207 1847 2278 ἐνθυμήματι
1869 2207 2023 2274 τάξιν

454 2298 734 2369 τιθέμενος
758 2339 772 2363 ,
806 2298 904 2351 καὶ
934 2297 1041 2351 τῶν
1094 2297 1304 2368 ἀρετῶν
1335 2298 1432 2369 τὴν
1477 2299 1826 2370 περιποίησιν
1863 2316 2022 2370 μερι-

461 2390 640 2460 μνῶν,
670 2389 764 2442 ml.
807 2393 875 2459 τῇ
917 2389 1023 2461 ἰδίᾳ
1067 2389 1322 2460 αὑθεντία
1366 2388 1441 2460 μὴ
1484 2390 1909 2462 καταχρώμενος
1943 2392 2023 2454 εἰς

456 2483 711 2553 ἀθέτησιν
762 2480 868 2533 τῶν
925 2481 1308 2549 Εὑαγγελικῶν
1351 2481 1584 2551 ἀρετῶν,
1633 2482 1913 2554 μεριμνῶν
1966 2483 2023 2536 δὲ

455 2575 548 2627 τὸν
579 2574 836 2645 μέλλοντα
860 2574 1052 2638 αἰῶνα,
1102 2573 1194 2626 καὶ
1220 2571 1314 2625 τοῦ
1343 2573 1611 2643 παρόντος
1643 2575 2020 2645 καταφρονῶν,

459 2668 543 2720 ἴνα
583 2666 758 2738 τούτῳ
810 2666 1348 2735 ἀνταγωνισάμενος,
1409 2665 1504 2718 καὶ
1549 2666 1772 2736 νικήσας
1829 2667 1887 2718 ἐν
1945 2663 2024 2735 τῷ

459 2759 702 2831 μέλλοντι
739 2757 894 2812 αἰῶνι
925 2758 1146 2810 ἐπαίνου
1188 2756 1347 2830 τύχῃ,
1401 2757 1496 2810 καὶ
1544 2756 2024 2826 ἀνακαινιζόμενος

458 2855 525 2922 τῇ
573 2849 849 2920 καινότητι
881 2848 998 2902 καθ’
1042 2849 1257 2920 ἡμέραν
1287 2851 1354 2919 τῇ
1400 2850 1577 2918 ἀποχῇ
1628 2848 1736 2901 τῶν
1771 2847 2024 2918 πονηρῶν

461 2943 822 3013 πραγμάτων,
862 2942 956 2994 καὶ
1001 2940 1259 3003 ἐπιδείξει
1303 2939 1412 2992 τῶν
1446 2940 1692 3010 ἀρετῶνο
1737 2938 1875 3009 αὕτη
1915 2937 2023 3007 γάρ

457 3039 606 3091 ἐστιν
656 3036 690 3105 ή
731 3033 1054 3096 ἀπέκδυσις,
1087 3032 1182 3085 καὶ
1213 3030 1516 3093 ἐπένδυσις.
1537 3031 1648 3109 ’Τίς
1683 3029 1775 3084 οὑν
1805 3031 1839 3100 ή
1877 3029 2024 3082 αίτία

457 3129 550 3182 τοὺ
581 3126 836 3191 θανάτου,
870 3124 966 3177 καὶ
994 3123 1076 3186 τίς
1106 3125 1134 3176 6
1163 3123 1362 3195 τρόπος
1401 3124 1501 3192 τῆς
1530 3122 1714 3192 ζωῆςς
1753 3121 1818 3173 Ἡ
1848 3137 2024 3191 παρα-

457 3219 556 3291 κοὴ
601 3218 698 3289 τῆς
743 3215 1039 3286 ἁμαρτίας,
1084 3190 1246 3283 καί-ὴ
1281 3190 1496 3284 ὑπακοή
1521 3214 1619 3283 τῆς
1637 3190 2018 3283 δικαιοσύνης·
2051 3190 2093 3247 c

456 3306 583 3366 ὅταν
607 3310 701 3364 οὑν
729 3308 1150 3380 ἁμαρτάνωμεν,
1174 3306 1417 3358 ὑπόδικοι
1443 3309 1723 3378 παρακοῆς
1740 3305 2021 3375 γινόμεθα,

459 3405 555 3458 καὶ
583 3402 671 3456 διὰ
701 3401 858 3454 τοῦτο
887 3401 1042 3470 χρεία
1067 3399 1166 3469 τῆς
1193 3397 1580 3468 ἀντιστατικῆς
1629 3399 1888 3468 μελέτης,
1930 3396 2024 3450 καὶ

459 3497 559 3565 τῆς
607 3494 907 3564 ἀσκητικῆς
941 3491 1217 3561 φροντίδος
1237 3528 1252 3554 ,
1286 3490 1378 3542 καὶ
1410 3489 1562 3559 μόλις
1593 3488 1658 3557 γέ
1694 3506 1777 3552 τις
1807 3488 2026 3557 διαφεύ-

463 3587 610 3651 ξεται
637 3586 732 3649 τάς
760 3583 1059 3655 ἐπιδρομὰς
1086 3583 1194 3636 τῶν
1228 3581 1622 3653 ἁμαρτητικῶν
1657 3581 1866 3636 παθῶν.

2121 1941 2307 1995 animo
2347 1953 2464 1994 sese
2498 1937 2748 1999 habebat,
2792 1937 2952 1992 hodie
2985 1952 3117 1992 vero
3151 1947 3236 1993 est
3287 1949 3602 1995 mansuetus
3637 1952 3694 1996 et

2122 2035 2359 2104 quietus,
2388 2031 2591 2102 quique
2614 2030 2899 2100 passiones
2935 2030 3102 2084 animi
3136 2029 3357 2096 devicit,
3397 2041 3450 2085 et
3490 2033 3541 2085 in
3574 2033 3692 2087 vir-

2125 2136 2239 2181 tute
2287 2140 2346 2180 se
2390 2124 2675 2189 exercuit;
2711 2121 3003 2176 laudabilis
3052 2121 3163 2186 ille,
3193 2123 3286 2192 qui
3322 2123 3437 2177 heri
3471 2124 3693 2192 quidem

2122 2217 2479 2274 delectatione
2528 2215 2820 2269 mundanae
2871 2214 3152 2284 potestatis
3187 2214 3502 2282 ducebatur,
3534 2215 3693 2271 hodie

2121 2323 2251 2363 vero
2289 2305 2570 2374 Evangelii
2618 2304 2943 2360 obedientiae
2992 2303 3272 2373 subjectus
3303 2315 3404 2371 est,
3439 2307 3694 2376 omnique

2123 2400 2308 2463 verbo,
2343 2405 2396 2451 et
2441 2395 2612 2465 operi,
2647 2404 2809 2464 atque
2835 2394 3002 2448 animi
3036 2395 3321 2463 conceptui
3357 2395 3574 2450 modum
3605 2412 3694 2450 ra-

2123 2487 2270 2542 tione
2311 2495 2669 2557 temperatum
2719 2484 3035 2553 assignavit,
3071 2493 3434 2554 procuratque
3463 2485 3692 2540 sollicite

2121 2580 2382 2634 virtutum
2431 2576 2871 2648 acquisitionem,
2924 2587 2978 2632 et
3024 2577 3247 2647 propria
3289 2593 3398 2633 non
3449 2579 3697 2635 abutitur

2123 2671 2448 2727 auctoritate
2501 2671 2568 2724 ad
2622 2669 3059 2738 evangelicarum
3094 2671 3355 2724 virtutum
3387 2679 3697 2742 transgres-

2123 2765 2358 2828 sionem,
2387 2761 2630 2816 futurum
2658 2775 2784 2815 vero
2811 2760 3066 2815 saeculum
3092 2771 3344 2816 accurate
3365 2755 3698 2832 considerat,

2123 2861 2177 2909 et
2217 2866 2458 2923 praesens
2495 2849 2657 2904 habet
2686 2847 2982 2918 despectui,
3020 2857 3079 2902 ut
3113 2859 3401 2920 postquam
3435 2852 3696 2908 adversus

2125 2942 2264 2998 istud
2307 2941 2579 3012 pugnarit,
2631 2954 2696 2993 ac
2739 2938 2951 3004 vicerit,
2997 2939 3211 2994 laudem
3255 2941 3306 2993 in
3337 2941 3535 2995 saeculo
3567 2956 3699 2996 ven-

2126 3040 2249 3086 turo
2279 3037 2673 3098 consequatur;
2698 3027 2900 3097 quique
2929 3028 3166 3083 novitate
3195 3030 3508 3099 quotidiana
3537 3047 3698 3086 reno-

2128 3132 2306 3189 vatur,
2367 3122 2436 3178 ab
2493 3119 2872 3192 iniquitatibus
2925 3120 3268 3186 abstinendo,
3326 3122 3698 3193 virtutumque

2128 3221 2400 3288 specimen
2454 3215 2794 3272 exhibendo:
2831 3214 3207 3283 hujuscemodi
3237 3214 3434 3268 etenim
3467 3224 3552 3270 est
3579 3231 3697 3269 mo-

2127 3314 2232 3368 dus
2285 3307 2518 3364 exuendi
2575 3320 2696 3362 sese
2723 3313 2778 3361 et
2815 3303 3090 3360 induendi.
3124 3304 3382 3369 Quanam
3414 3290 3578 3376 igitur
3614 3319 3699 3362 cst

2128 3418 2294 3461 causa
2322 3401 2535 3466 mortis,
2566 3407 2619 3454 et
2646 3397 2770 3468 quis
2795 3397 2922 3451 vitae
2968 3395 3206 3450 modus?
3246 3396 3340 3451 Est
3374 3398 3571 3467 quippe
3617 3398 3700 3452 in-

2127 3492 2448 3551 obedieutiaa
2484 3495 2787 3560 peccatum,
2819 3494 2874 3539 et
2899 3485 3102 3552 iustitia
3131 3483 3453 3539 obcdieutiae
3475 3527 3489 3552 ,
3521 3486 3696 3556 siqui-

2128 3587 2248 3641 dem
2305 3583 2432 3636 dum
2498 3590 2805 3647 peccamus,
2839 3574 2916 3628 rei
2970 3573 3250 3629 evadimus
3285 3573 3696 3639 iuobedientiaa,

457 3649 688 3749 ideoque
717 3692 852 3746 opus
878 3649 966 3730 est
985 3649 1449 3747 praemeditatione
1472 3675 1791 3743 reluctante,
1827 3691 1892 3733 ac
1951 3679 2317 3736 sollicitudine
2380 3669 2754 3728 exercitationi
2792 3676 3058 3734 vacante;
3091 3666 3221 3721 dum
3279 3666 3358 3722 sic
3421 3668 3584 3722 etiam
3619 3649 3702 3720 in:

461 3783 658 3824 cursus
691 3766 1191 3837 pcccaminosarum
1219 3764 1537 3834 passionum
1563 3765 1650 3820 vix
1672 3766 2034 3839 subterfugiet
2071 3767 2363 3840 quispiam.

966 3889 972 3895 '
1057 3882 1306 3934 ΚΕΦΔΛ.
1350 3881 1424 3934 B'.

530 3993 627 4046 Διά
655 3993 812 4047 τοῦτο
853 3993 964 4056 τοῖς
1001 3992 1100 4063 μὲν
1129 3993 1378 4062 ἀρχαίοις
1410 3995 1438 4046 6
1476 3993 1680 4066 Κύριος
1715 4012 2026 4066 προσκατα-

462 4080 719 4153 λιμπάνει
748 4083 818 4136 τά
850 4083 1271 4154 προστάγματα,
1305 4085 1415 4147 τοῖς
1444 4083 1500 4136 δὲ
1543 4084 1684 4148 νέοις
1725 4086 2028 4139 ἐντέλλεται

463 4175 531 4227 τὰ
559 4174 887 4242 εὐαγγελικά
914 4175 1220 4246 διδάγματα
1259 4175 1320 4228 τὸ
1356 4177 1431 4247 μὴ
1475 4180 1724 4249 μισῆσαι,
1757 4182 1895 4249 μήτε
1934 4180 2030 4249 ὀρ-

464 4268 757 4338 γισθῆναι,
811 4267 948 4338 μήτε
995 4267 1378 4337 ἐπιθυμῆσαι,
1417 4270 1554 4338 μήτε
1615 4270 2022 4335 ἀνταποδοῦναι,

465 4360 602 4414 ἀλλά
648 4361 759 4421 τοῖς
809 4357 1093 4428 συμϐόλοις
1129 4357 1226 4426 τῆς
1271 4359 1490 4428 ἀγάπης
1539 4360 1674 4429 πρὸς
1712 4360 2027 4428 τελειότητα

463 4451 828 4523 δδηγηθῆναιο
871 4450 926 4502 αἱ
961 4449 1173 4502 ἐντολαὶ
1199 4450 1256 4501 δὲ
1283 4450 1376 4502 τοῦ
1410 4451 1616 4519 Κυρίου
1637 4490 1650 4514 ,
1687 4451 1900 4521 βαρεῖαι
1928 4451 2028 4502 οὑκ

466 4544 602 4594 εἰσιν
621 4579 636 4604 ,
667 4539 801 4592 ἀλλὰ
851 4539 1302 4609 μοχθηροποιοῦσι
1333 4543 1420 4594 τὸν
1461 4541 1664 4604 ταύτας
1695 4542 2030 4609 φυλάττοντα

468 4633 520 4683 αἰ
550 4632 919 4700 ἀντικείμεναι
956 4631 1068 4691 τοῖς
1099 4629 1314 4699 μέλεσιν
1345 4632 1501 4702 ήμῶν
1531 4632 1909 4701 ἀμαρτητικαὶ
1940 4630 2030 4682 δυ-

2763 3871 2994 3929 CAPUT
3035 3872 3098 3928 ll.

2197 3989 2560 4060 Quamobrem
2604 3982 2866 4038 Dominus
2913 3981 3153 4050 antiquis
3186 3980 3514 4052 derelinquit
3559 4001 3699 4053 pm.

2125 4095 2300 4156 cepta,
2329 4077 2641 4136 recentibus
2664 4081 2845 4128 autem
2869 4071 3179 4125 hominibus
3206 4073 3510 4140 evangelica
3547 4089 3702 4130 man—

2128 4181 2221 4236 dat
2275 4176 2626 4234 documenta,
2683 4166 2924 4230 scilicet,
2960 4178 3067 4217 non
3123 4163 3319 4226 odisse,
3369 4179 3474 4219 non
3509 4167 3696 4231 irasci,

2131 4288 2240 4326 non
2281 4263 2692 4331 concupiscere,
2733 4272 2833 4311 nec
2876 4255 3078 4310 malum
3127 4254 3417 4322 rependere
3451 4273 3465 4308 :
3496 4258 3587 4310 sed
3614 4273 3698 4310 ar-

2128 4359 2400 4433 gumentis
2432 4351 2714 4409 eharitatis
2737 4347 2895 4417 dirigi
2921 4347 2988 4400 ad
3006 4345 3388 4416 perfectionem
3411 4363 3425 4411 ;
3445 4363 3544 4402 nec
3569 4363 3694 4403 vero

2131 4452 2386 4508 mandata
2415 4443 2624 4500 Domini
2652 4441 2836 4514 gravia
2872 4448 3018 4504 sunt,
3070 4439 3164 4493 sed
3195 4439 3458 4509 opposita:
3488 4439 3698 4500 nostris

2133 4543 2395 4601 membris
2449 4536 2842 4610 peccaminosze
2877 4532 3132 4602 potentiae
3175 4547 3240 4586 ea
3285 4531 3514 4586 reddunt
3543 4531 3696 4584 labo-

2131 4639 2278 4692 riosa
2311 4631 2599 4700 unicuique
2626 4627 2720 4697 qui
2749 4626 3064 4681 eorutndem
3093 4623 3456 4678 observationi
3481 4621 3661 4675 incum
3681 4653 3693 4660 -

468 4724 678 4790 νάμεις,
698 4721 756 4773 οὑ
793 4721 1061 4790 σύμφυτοι
1088 4718 1241 4776 οὖσαι
1262 4725 1326 4794 τῇ
1349 4724 1527 4792 φύσει,
1553 4723 1668 4776 ἀλλ’
1690 4724 2027 4777 ἐπείσακτοι.

2137 4729 2213 4785 bit
2229 4714 2254 4794 ’ς
2295 4739 2416 4796 qua:
2443 4721 2666 4792 quidem
2698 4732 2804 4771 non
2837 4731 2942 4770 una
2969 4729 3093 4770 cum
3122 4722 3316 4768 natura
3353 4714 3547 4767 innatae
3576 4720 3703 4768 sunt

468 4818 575 4870 Kal.
621 4815 708 4868 διά
748 4815 906 4867 τοῦτο
952 4817 980 4868 6
1027 4814 1231 4887 Κύριος
1285 4815 1590 4868 ἐντέλλεται
1641 4816 1892 4886 ἐκριζοὺν
1939 4815 2034 4867 καὶ

468 4904 863 4974 κατατρυτεύειν
882 4944 896 4969 ,
929 4905 1021 4956 καὶ
1051 4905 1479 4970 κατασκάπτειν,
1509 4905 1602 4957 καὶ
1641 4905 2031 4974 ἀνοικοδομεῖν.

462 5001 640 5053 ι’Δλλὰ
673 4999 873 5068 πολλῆς
905 4999 1094 5068 χρείαν
1125 4999 1237 5068 ἔχει
1274 4999 1587 5068 φρονήσεως
1632 5001 1666 5068 ή
1706 4999 1927 5068 τοιαύτη
1955 5001 2037 5068 ἐρ-

469 5091 658 5156 γασία,
708 5087 801 5141 καὶ
833 5089 1101 5157 προσοχῆς
1147 5089 1240 5140 καὶ
1283 5088 1600 5156 φροντίδος,
1631 5088 1728 5156 τῆς
1774 5088 2037 5156 συνήθους

469 5180 690 5248 ἀγωγῆς
723 5178 1234 5248 παρεμποδιζούσης
1277 5178 1412 5248 πρὸς
1443 5178 1537 5248 τὴν
1577 5179 1830 5248 τοιαύτην
1863 5181 2040 5247 ἀσφά-

470 5272 644 5322 λειαν.
690 5269 788 5320 Διά
831 5270 990 5321 τοῦτο
1038 5271 1192 5340 χρεία
1235 5269 1484 5337 ἀνδρείας
1533 5269 1627 5321 καὶ
1673 5269 1900 5336 ἀγῶνος,
1948 5272 2040 5322 καὶ

470 5360 771 5430 ἀθλητικῆς
822 5362 1127 5422 ἐνστάσεως
1179 5359 1461 5429 διηνεκοῦς
1508 5361 1600 5412 ἐπὶ
1653 5360 1752 5432 τῆς
1803 5359 2041 5421 διανοίας

472 5453 884 5521 πλατυνομὲνης
913 5452 1007 5504 καὶ
1039 5451 1170 5520 πρὸς
1204 5449 1383 5511 πάσας
1417 5451 1515 5512 τὰς
1538 5449 1837 5520 ἐπιδρομὰς
1865 5466 2042 5520 παρα-

473 5545 814 5613 τασσομένης
849 5543 944 5595 καὶ
984 5542 1059 5612 μὴ
1086 5538 1413 5607 ἐνδιδούσης.
1445 5542 1516 5593 Σὺ
1554 5539 1610 5591 δὲ
1650 5541 1677 5591 6
1704 5540 1923 5604 πιστὸς,
1967 5539 2043 5610 μὴ

474 5636 672 5705 ἀγνοῇς
696 5651 790 5686 σου
814 5635 874 5687 τὸ
904 5635 1141 5704 ἀξίωμα,
1174 5631 1309 5702 μηδέ⁹
1338 5632 1594 5686 συνέλκου
1621 5633 1687 5703 τῇ
1721 5633 2040 5702 ματαιότητι

544 5771 588 5802 ⁸⁸
624 5769 780 5828 Rom.
813 5787 894 5840 ιιι,
926 5770 981 5825 8.

2139 4821 2316 4880 nobis.
2354 4815 2448 4870 sed
2490 4811 2800 4868 adventitize
2841 4815 2990 4871 sunt,
3035 4815 3090 4860 et
3123 4805 3587 4869 subintroductaa;
3623 4804 3705 4858 id-

2140 4909 2288 4963 circo
2319 4903 2580 4958 Dominus
2604 4900 2781 4971 jubet,
2815 4906 2875 4950 ut
2905 4895 3243 4948 eradicemus
3295 4902 3349 4948 et
3374 4894 3702 4962 plautemus,

2139 4997 2479 5053 defodiamus
2511 5007 2576 5047 ac
2603 4988 3009 5046 reaedificemus.
3036 4986 3108 5038 At
3140 4985 3244 5039 hoc
3277 4985 3549 5054 negotium
3585 4986 3707 5055 plu-

2142 5092 2335 5144 rimam
2379 5085 2548 5155 exigit
2593 5079 2958 5153 prudentiam,
3006 5077 3360 5131 attentionem
3407 5086 3460 5131 et
3495 5093 3703 5144 curam,

2143 5191 2267 5231 cum
2319 5174 2442 5228 vita:
2472 5168 2812 5227 conversatio
2843 5174 3103 5221 consueta
3148 5164 3592 5235 impedimentum
3627 5167 3707 5220 af-

2140 5269 2279 5324 ferat
2327 5282 2435 5319 non
2481 5262 2773 5324 mediocre,
2804 5273 2871 5313 ne
2901 5256 3166 5311 securitas
3201 5256 3315 5310 haec
3343 5257 3660 5311 observetur
3689 5275 3706 5322 ;

2144 5360 2379 5427 hincque
2418 5371 2557 5423 opus
2610 5361 2694 5407 est
2742 5351 2880 5402 virili
2924 5349 3387 5417 magnanimitate,
3437 5356 3489 5401 et
3519 5358 3711 5401 certa-

2143 5449 2310 5511 mine,
2350 5444 2785 5508 athletarumque
2816 5452 2970 5491 more
3000 5442 3347 5490 contentione
3380 5437 3620 5498 assidua,
3652 5437 3706 5489 in

2145 5537 2415 5592 intellectu
2439 5538 2531 5602 qui
2557 5533 2669 5586 lato
2692 5531 2764 5584 sit
2789 5528 2992 5590 animo,
3011 5528 3212 5595 quique
3236 5527 3494 5581 adversus
3517 5541 3709 5580 omnes

2148 5627 2495 5685 incursiones
2553 5632 2775 5694 paratus
2825 5619 2896 5675 sit
2926 5616 3263 5688 pugnaciter,
3304 5632 3369 5675 ac
3400 5617 3710 5674 nullatenus

2467 5896 2502 5912 ἰ
