4066 6146
449 389 584 454 13283

1919 386 2222 446 SPURIA.

3579 394 3715 460 1284

443 509 619 566 cedat.
670 505 750 562 Tu
787 521 934 571 vero,
966 506 1057 575 qui
1109 505 1282 560 ﬁdelis
1310 520 1390 568 es,
1425 521 1491 560 ne
1523 505 1841 574 dignitatem
1871 504 2024 572 igno-

2135 501 2234 554 τῶν
2267 504 2501 569 πολλῶν,
2543 504 2680 558 ἀλλὰ
2723 504 2802 575 τῷ
2850 504 3069 558 σκιώδει
3117 505 3217 576 βίῳ
3263 507 3483 573 ἀντίθες
3526 514 3708 576 σκιάν,

442 617 530 656 res
578 609 750 663 tuam,
793 612 892 652 nec
929 597 1223 652 multorum
1284 596 1523 651 vanitate
1557 595 1875 658 attraharis,
1929 593 2022 648 sed

444 693 714 750 umbrosa:
767 691 890 744 vita:
923 705 1134 759 oppone
1167 690 1443 754 umbram,
1483 697 1538 743 et
1568 687 1649 742 sic
1696 687 1868 756 ipsam
1896 701 2022 755 per-

446 785 615 840 transi
667 784 856 848 vitam,
908 783 1062 846 quasi
1109 782 1180 836 sit
1211 782 1403 836 umbra
1442 779 1796 850 praeteriens;
1829 776 1935 840 fac,
1968 785 2027 830 ut.

445 879 792 932 innotescens
847 875 983 930 civis
1034 873 1202 927 futuri
1241 873 1448 936 smculi,
1490 887 1637 926 nunc
1667 872 1786 939 ejus
1814 869 2023 938 ample-

446 985 579 1024 xans
638 967 954 1030 amicitiam,
1015 975 1074 1019 ut
1127 967 1346 1036 quamlo
1399 965 1528 1019 illnc
1563 964 1865 1033 pervenies,
1917 977 2025 1016 non

444 1060 590 1115 velut
642 1059 840 1128 hospes
893 1057 970 1111 sis
1007 1056 1248 1125 ignotus,
1296 1055 1390 1110 sed
1431 1054 1726 1123 excipi-aris
1764 1061 2024 1120 tanquam

447 1152 679 1216 amicus,
733 1160 901 1219 utque
949 1147 1083 1202 rivis
1128 1146 1339 1200 honore
1387 1143 1662 1204 alliciaris,
1699 1143 1826 1212 quia
1861 1140 2028 1210 hujus

446 1243 662 1313 quidem
711 1243 834 1294 vita
882 1247 1059 1293 status
1107 1237 1343 1306 praeterit
1371 1237 1442 1290 ob
1477 1235 1894 1297 volubilitatem,
1931 1232 2034 1287 sed.

446 1343 634 1404 postea
674 1333 897 1387 dextera
933 1340 1098 1384 erunt
1139 1328 1384 1392 dextera,
1425 1327 1650 1385 sinistra
1685 1342 1834 1394 vero,
1868 1341 2026 1396 sepa-

446 1435 565 1481 rata
613 1425 764 1478 hiatu
801 1423 1148 1478 interminato
1177 1438 1192 1488 ;
1223 1428 1278 1476 et
1327 1431 1457 1476 tunc
1483 1419 1615 1475 ﬁdes
1644 1419 1918 1490 iustorum
1948 1419 2030 1474 ef-

447 1517 694 1589 fulgebit,
726 1526 780 1571 et
810 1517 1054 1574 charitas
1091 1514 1446 1580 cxaltabitur,
1485 1521 1540 1567 et
1569 1511 1884 1568 constantia
1913 1511 2030 1564 col-

448 1609 763 1664 laudabitur
819 1618 874 1664 et
900 1608 1273 1676 comitabitur,
1300 1605 1513 1676 eritque
1538 1602 1889 1660 admirationi
1923 1601 2031 1656 for-

447 1700 650 1765 titudo,
681 1699 882 1769 quippe
923 1714 1048 1767 qua:
1077 1696 1366 1762 adornavit
1399 1695 1621 1750 coronis
1648 1694 1904 1756 victores,
1937 1693 2030 1763 qui

447 1792 739 1850 laboriosis
763 1791 1056 1845 virtutibus
1107 1799 1162 1843 ct
1182 1787 1559 1842 exercitationi
1594 1794 1850 1840 vacantes
1873 1799 2029 1854 egre-

449 1886 536 1954 gie
584 1883 956 1948 decertarent,
995 1889 1159 1948 atque
1193 1893 1412 1933 cursum
1447 1875 1747 1947 perfectum
1786 1875 2028 1944 comple-

449 1984 666 2030 verunt.

1064 2077 1293 2136 CAPUT
1323 2076 1411 2134 Ill.

520 2200 646 2253 llaac
700 2204 785 2252 est
815 2196 956 2250 enim
1011 2195 1250 2265 legitima
1281 2209 1482 2265 pugna,
1515 2202 1568 2248 et
1595 2185 1906 2261 evangelica
1940 2207 2028 2245 oro

449 2291 678 2356 dinatio,
737 2304 861 2344 cum
914 2288 1054 2341 dicat
1082 2286 1343 2340 Dominus
1374 2301 1388 2337 :
1428 2304 1446 2337 ι
1481 2285 1582 2352 Qui
1613 2296 1762 2340 amat
1795 2295 2026 2355 patrem,

450 2392 544 2437 aut
573 2391 822 2442 matrem,
857 2387 951 2432 ant
983 2376 1174 2442 ﬁlium,
1201 2387 1294 2431 aut
1317 2391 1559 2432 sororem
1598 2376 1886 2446 plusquam
1917 2390 2024 2437 me,

451 2490 561 2528 non
614 2481 696 2525 est.
746 2486 834 2524 me
887 2470 1084 2538 dignus
1134 2466 1219 2530 ";
1259 2487 1276 2520 ι
1324 2469 1554 2538 ideoque
1604 2481 1796 2523 rursus
1851 2466 2062 2521 aiebat'

455 2563 713 2616 Dominus
740 2561 1013 2623 omnibus,
1042 2559 1133 2628 qni
1163 2573 1261 2612 sua
1286 2561 1646 2611 observarunt
1667 2557 1920 2611 mandata
1945 2555 2023 2608 ⁸⁸τ

454 2653 666 2718 Venite,
713 2650 978 2706 benedicti
1014 2649 1189 2704 Patris
1251 2649 1400 2714 mei;
1431 2648 1632 2701 esurivi
1677 2647 1824 2702 enim
1865 2647 2031 2715 justi-

453 2749 608 2810 tiam,
655 2755 710 2801 et
761 2745 901 2812 apud
939 2759 1038 2798 vos
1067 2743 1240 2812 ipsam
1277 2741 1456 2794 inveni
1487 2758 1502 2806 ;
1535 2749 1589 2794 ct
1623 2738 1766 2793 sitivi
1794 2739 2033 2793 Charita-

455 2847 584 2902 tem,
628 2839 855 2906 ipsaque
889 2833 1250 2900 abundastis;
1288 2847 1386 2887 vos
1421 2831 1831 2886 circumvestire
1857 2830 2026 2894 volui,

452 2941 506 2987 et
555 2931 751 3000 dignos
805 2925 1133 2988 exhibuistis
1172 2923 1573 2994 vosmetipsos;
1603 2923 1656 2976 in
1690 2937 1911 2978 carcere
1936 2923 2030 2977 de-

454 3021 708 3076 litescens
753 3033 924 3079 eram.
978 3025 1033 3071 et
1068 3013 1407 3084 inquirentes
1448 3014 1688 3084 reperire
1719 3028 1807 3066 me
1847 3014 2029 3083 potui-

454 3115 591 3181 stis;
641 3113 952 3167 intlrmitate
1009 3124 1072 3163 ac
1119 3107 1495 3162 humiliatione
1541 3105 1788 3176 appar-ui,
1827 3115 1881 3161 et
1936 3120 2032 3160 vos

453 3172 790 3262 dominatum
821 3200 1140 3272 agnovistis.
1164 3197 1376 3262 Venite,
1402 3172 1672 3252 benedicti
1690 3197 1869 3253 Patris
1896 3196 2026 3265 mei,
2058 3172 2102 3229 θ

455 3297 766 3353 accessistis
801 3311 830 3350 e
865 3305 1006 3348 terra
1038 3291 1352 3362 longinqua,
1385 3289 1477 3360 qui
1508 3305 1604 3360 per
1624 3291 1822 3346 multos
1850 3299 2030 3346 trans-

459 3392 603 3446 iistis
669 3389 977 3459 praedones,
1011 3396 1065 3438 et
1098 3385 1166 3438 ab
1189 3373 1400 3436 insidiis
1429 3383 1728 3438 incolumes
1756 3383 2028 3448 evasistis,

457 3482 582 3553 quia
642 3477 1106 3550 freqttentioribus
1158 3476 1418 3528 virtutum
1469 3475 1664 3544 jaeulis
1713 3467 1814 3528 'usi
1872 3473 2028 3538 estis,

457 3571 658 3640 quibus
699 3567 915 3622 tandem
943 3565 1255 3619 obtinuistis
1288 3566 1589 3620 victoriam.
1623 3563 1834 3631 Venite,
1866 3564 2032 3618 bene-

459 3663 588 3718 dicti
635 3659 812 3715 Patris
863 3656 991 3723 nnei,
1045 3658 1173 3726 quia
1226 3657 1414 3728 vigiles
1458 3657 1662 3720 fuistis,
1691 3657 2033 3730 liberumque

461 3753 750 3810 arbitrium
797 3749 1072 3820 adjecistis
1099 3749 1164 3804 ad
1193 3749 1552 3804 obedientiam
1585 3747 1844 3817 angelica.-
1867 3746 2033 3814 legis-

460 3846 647 3901 lationi
705 3844 1089 3914 prmstandam,
1143 3827 1282 3896 hanc
1333 3842 1505 3896 libero
1561 3840 1787 3894 arbitrio
1840 3839 2034 3909 pratfe-

462 3945 642 3992 rcntes
699 3934 1116 4004 subiectionem.
1160 3929 1372 3998 Venite,
1412 3930 1676 3986 benedicti
1702 3929 1876 3986 Patris
1904 3929 2031 3997 mei,

455 4029 589 4100 quia
620 4027 978 4096 conspicabar
1002 4040 1100 4080 vos
1129 4025 1205 4080 uti
1237 4040 1393 4080 rosas
1417 4025 1556 4079 inter
1577 4024 1780 4092 spinas,
1809 4023 1901 4092 qui
1927 4037 2038 4092 pra:

463 4120 837 4177 meditationis
887 4118 1099 4174 fervore
1143 4117 1477 4173 videbamini
1522 4132 1705 4186 rogus,
1755 4130 1820 4170 ac
1869 4114 2036 4168 Veluti

461 4215 574 4268 lilia
599 4212 848 4266 intuebar
874 4209 1230 4265 conscientia:
1261 4209 1495 4277 puritate
1529 4206 1903 4276 praefulgidos.
1931 4203 2037 4258 Ve—

465 4307 602 4370 nite,
636 4304 902 4358 benedicti
936 4302 1112 4356 Patris
1130 4301 1257 4362 mei,
1277 4301 1408 4368 quia
1439 4300 1645 4354 similes
1668 4299 1851 4354 fuistis
1873 4296 2036 4366 lapidi

463 4392 838 4452 adamantino,
895 4389 988 4458 qui
1023 4403 1123 4442 nec
1173 4388 1225 4440 in
1263 4389 1386 4458 igne
1431 4387 1791 4450 comburitur,
1834 4402 1932 4441 nec
1983 4387 2037 4441 in

2126 598 2221 648 καὶ
2272 595 2447 660 οὑτως
2481 599 2644 651 αὑτὸν
2693 597 2931 668 πάρελθε
2975 599 3050 662 ὡς
3091 599 3218 652 ,τκιά
3261 603 3706 672 παρατρέχουσα.

2126 688 2234 740 Τοῦ
2272 689 2559 759 μέλλοντος
2588 691 2786 754 αίῶνος
2817 693 3122 760 γνωστικὸς
3167 694 3394 766 πολίτης
3427 697 3585 764 γενοῦ
3614 699 3710 767 τὴν

2126 776 2262 846 πρὸς
2327 778 2489 832 αὑτὸν
2547 780 2735 849 φιλίαν
2793 782 2896 852 ἤδη
2957 783 3360 853 ἀσπαζόμενος,
3435 787 3524 841 ἵνα
3582 789 3711 842 ὅταν

2131 868 2346 940 φοάσῃς
2376 870 2494 922 ἐκεῖ
2519 912 2532 934 ,
2567 871 2643 942 μὴ
2673 873 2748 936 ὡς
2783 871 2930 937 ξένος
2959 876 3236 947 ἁγνοηίὶῇς
3261 917 3276 940 ,
3305 878 3420 930 ἀλλ’
3443 878 3518 942 ὡς
3558 880 3709 948 φίλος

2138 961 2478 1032 προσδεχθῇς
2508 1003 2524 1028 ,
2561 965 2654 1017 καὶ
2703 965 2942 1036 τιμηθῇς
2972 966 3047 1029 ὡς
3078 968 3324 1038 πολίτης.
3366 970 3432 1024 Ἦ
3471 971 3584 1041 γὰρ
3616 972 3709 1024 σύ-

2131 1066 2320 1116 στασις
2371 1057 2579 1126 ταύτης
2626 1057 2968 1127 παρέρχεται
3031 1059 3119 1112 διά
3169 1059 3269 1130 τὴν
3331 1063 3696 1133 τρεπτότητα,

2129 1145 2244 1199 ἀλλ’
2277 1146 2427 1200 ἔσται
2458 1149 2526 1201 τὰ
2551 1149 2726 1215 δεξιὰ,
2756 1151 2929 1217 δεξιὰ,
2954 1153 3022 1205 τὰ
3051 1153 3108 1206 δὲ
3141 1153 3435 1230 ἀριστερᾷ.
3466 1157 3708 1226 χάσματι

2129 1237 2425 1310 ἁπεράντῳ
2468 1240 2822 1313 διαιρούμενα
2849 1285 2862 1307 ,
2901 1245 2996 1297 καὶ
3041 1245 3162 1297 τότε
3216 1247 3328 1299 τῶν
3358 1247 3589 1300 δικαίων
3618 1253 3703 1303 ἐκ·

2129 1327 2338 1400 λάμψει
2368 1332 2401 1402 ἡ
2433 1332 2614 1398 πίστις
2634 1375 2649 1398 ,
2683 1336 2776 1388 καὶ
2809 1335 3158 1406 ὑψωθήσεται
3187 1340 3219 1409 ὴ
3250 1339 3442 1411 ἀγάπη
3474 1341 3571 1393 καὶ
3609 1343 3707 1393 s1:-

2135 1421 2491 1493 αινεοήσεται
2520 1425 2554 1493 ἡ
2587 1425 2858 1498 ὑπομονὴ,
2897 1430 2992 1481 καὶ
3020 1432 3505 1502 στεφανωθήσεται
3547 1435 3580 1503 ἡ
3619 1435 3707 1485 ἀν.

2129 1511 2285 1585 δρεία
2303 1551 2318 1578 ,
2346 1515 2441 1570 καὶ
2466 1517 2914 1589 θαυμασθήσεται
2942 1523 2973 1591 ἡ
3005 1523 3132 1586 τοὺς
3159 1524 3387 1594 νικητάς
3427 1525 3706 1593 στεφανῶ-

2132 1621 2295 1671 σασα,
2339 1608 2468 1671 τοὺς
2497 1610 2678 1675 καλῶς
2722 1613 3174 1684 ἀγωνισαμένους
3223 1618 3349 1678 ταῖς
3380 1620 3706 1686 ἁσκητικαίς

2133 1697 2225 1750 καὶ
2281 1699 2582 1769 ἐπιπόνοις,
2642 1706 2738 1757 καὶ
2794 1704 2887 1758 τὸν
2937 1705 3138 1775 δρόμον
3191 1707 3283 1759 τὸν
3331 1707 3497 1760 καλὸν
3562 1709 3707 1762 τελέ-

2135 1806 2358 1856 σαντας.

2734 2079 2988 2134 ΚΕΦΑΛ.
3032 2079 3109 2132 Γ.

2202 2189 2350 2262 Λῦτη
2381 2189 2490 2261 γάρ
2533 2191 2685 2242 ἐστιν
2717 2190 2750 2260 ἡ
2777 2189 2998 2260 ἔννομος
3030 2189 3256 2259 ἄθλησις
3278 2229 3292 2252 ,
3343 2191 3435 2244 καὶ
3483 2192 3706 2260 εὐαγγε-

2127 2282 2254 2352 λικὴ
2285 2280 2528 2344 διάταξις
2569 2282 2624 2332 ὲν
2659 2278 2738 2349 τῷ
2766 2279 2947 2348 λέγειν
2975 2280 3064 2334 τὸν
3099 2282 3326 2351 Κύριον·
3380 2303 3398 2334 ι
3449 2283 3505 2338 Ὀ
3546 2285 3707 2353 φιλῶν

2129 2375 2344 2444 πατέρα
2367 2413 2382 2437 ,
2427 2372 2461 2443 ἢ
2503 2373 2719 2443 μητέρα
2743 2413 2756 2437 ,
2793 2373 2825 2443 ἢ
2858 2372 2997 2436 υἱὸν,
3039 2373 3071 2446 ἢ
3109 2374 3382 2447 Ουγατέρα
3417 2376 3559 2446 ὑπὲρ
3589 2376 3702 2447 ἐμὲ.

2129 2466 2230 2518 οὑκ
2255 2466 2370 2518 ἐστι
2406 2482 2508 2534 μου
2539 2464 2707 2529 ἄξιος.
2739 2482 2757 2514 ι
2793 2465 2904 2518 Καὶ
2935 2465 3024 2520 διὰ
3057 2466 3215 2520 τοῦτο
3248 2468 3412 2521 πάλιν
3451 2470 3478 2521 δ
3505 2469 3704 2538 Κύριος

2130 2557 2283 2624 ἔλεγε
2330 2560 2442 2619 τοῖς
2486 2557 2762 2626 τηρήσασι
2805 2559 2905 2620 τάς
2940 2557 3162 2620 ὲντολάς
3203 2557 3406 2611 αὑτοῦ·
3433 2559 3621 2623 Δεῦτε,
3659 2562 3701 2612 οί

2130 2649 2484 2718 εὐλογημένοι
2508 2647 2603 2700 τοῦ
2638 2649 2855 2719 Πατρός
2898 2663 3024 2719 μου“
3061 2650 3326 2703 ὲπείνασα
3355 2650 3462 2719 γὰρ
3500 2653 3600 2721 τὴν
3633 2652 3704 2703 δι-

2131 2739 2449 2809 καιοσύνην,
2491 2741 2586 2792 καὶ
2618 2734 2779 2811 εὖρον
2809 2739 2978 2810 αὐτὴν
3011 2739 3144 2811 παρ’
3175 2742 3324 2811 ὑμῖν,
3357 2743 3452 2794 καὶ
3483 2743 3702 2811 ἐδίψησα

2131 2834 2232 2906 τὴν
2263 2835 2508 2903 ἀγάπην,
2538 2833 2632 2886 καὶ
2664 2832 2869 2903 ταύτην
2895 2831 3284 2886 ὲπλεονάσατε·
3315 2831 3699 2902 περιϐαλέσθαι

2132 2900 2376 2995 ﬁlii).an
2410 2900 2590 2993 ὑμᾶς,
2626 2923 2722 2977 καὶ
2771 2900 2955 2987 ἀξίους
2999 2923 3230 2986 ἑαυτοὺς
3257 2900 3611 2989 ἀπεδείξατε·
3649 2900 3709 2973 ἐν’

2133 3017 2348 3087 φυλακῇ
2383 3016 2535 3086 ἢμην
2571 3013 2983 3086 κρυπτόμενος,
3017 3015 3111 3068 καὶ
3141 3013 3498 3083 ἐρευνῶντες,
3534 3015 3700 3083 εὑρεῖν

2140 3126 2207 3176 με
2256 3107 2584 3178 ἠδυνήθητεο
2614 3107 2672 3160 ἐν
2703 3107 2959 3177 ἀσθενείᾳ
2987 3109 3081 3161 καὶ
3107 3107 3459 3177 ταπεινότητι
3499 3106 3697 3176 ὤφθην,

2134 3199 2230 3253 καὶ
2265 3200 2420 3270 ὑμεῖς
2443 3200 2543 3271 τὴν
2572 3199 2894 3253 δεσποτείαν
2924 3199 3223 3269 ἐπέγνωτε.
3255 3199 3444 3265 Δεῦτε,
3483 3203 3532 3255 οί
3559 3201 3700 3254 εὐλο-

2133 3292 2362 3363 γημένοι
2400 3291 2494 3344 τοῦ
2526 3289 2738 3361 Πατρός
2784 3307 2909 3362 μου,
2956 3293 3022 3345 ὲκ
3065 3291 3168 3362 γῆς
3223 3293 3502 3362 μακρόθεν
3548 3294 3702 3363 ἥκετε

2134 3381 2364 3446 πολλοὺς
2391 3382 2597 3454 λῃστὰς
2629 3382 2930 3446 διελθόντες
2948 3423 2964 3445 .
2998 3385 3091 3438 καὶ
3121 3384 3567 3438 ἀνεπιδούλευτοι
3595 3385 3703 3438 διαο

2134 3473 2533 3544 φυλαχθέντες,
2568 3473 2760 3545 ἐπειδὴ
2793 3473 2860 3527 τά
2895 3473 3023 3546 βέλη
3067 3474 3178 3527 τῶν
3207 3474 3422 3544 ἀρετῶν
3450 3474 3705 3528 ἐπλεονά-

2135 3581 2286 3626 σατε,
2327 3564 2396 3617 δι’
2425 3560 2500 3619 ὧν
2542 3566 2856 3636 ὲνικήσατε.
2906 3565 3098 3632 Δεῦτε,
3123 3567 3172 3620 oi
3223 3567 3580 3636 εὐλογημένοι
3616 3567 3703 3619 τοῦ

2133 3657 2350 3728 Πατρός
2387 3673 2486 3727 μου
2508 3698 2523 3723 ,
2569 3659 2652 3712 ὅτι
2682 3659 2945 3730 γρήγοροι
2991 3660 3283 3728 γεγόνατε,
3320 3663 3414 3714 καὶ
3454 3663 3554 3732 τὴν
3585 3662 3707 3714 αὑτ-

2135 3747 2488 3818 εξουσιότητα
2513 3749 2594 3811 είς
2617 3750 2898 3819 ὑποταγὴν
2925 3750 3030 3820 τῆς
3057 3752 3361 3821 ἀγγελικῆς
3387 3755 3705 3822 νομοθεσίας

2136 3837 2503 3906 προσεϐάλετε
2541 3878 2555 3905 ,
2611 3839 2711 3910 τὴν
2771 3839 3052 3911 ὑποταγὴν
3115 3843 3563 3912 προτιμήσαντες
3614 3845 3706 3912 τῆς

2137 3932 2638 4002 αὑτεξουσιότητος.
2669 3933 2858 4000 Δεῦτε,
2899 3935 2948 3986 oi
2977 3933 3338 4005 εὐλογημένοι
3371 3936 3464 3988 τοῦ
3508 3935 3708 4006 Πατρός

2141 4043 2268 4095 μου,
2297 4028 2378 4080 ὅτι
2417 4026 2688 4098 ἐθεώρουν
2723 4029 2868 4098 ὑμᾶς
2909 4027 2984 4090 ὡς
3021 4029 3149 4098 ῥόδα
3182 4029 3241 4081 ὲν
3272 4028 3544 4092 ἀκάνθαις
3583 4043 3710 4098 πυρ-

2139 4115 2467 4181 καῖάζοντας
2505 4118 2603 4188 τὴν
2635 4118 2949 4190 Θερμότητα
2977 4119 3078 4188 τῆς
3129 4119 3402 4190 μελέτης.
3448 4122 3546 4174 καὶ
3580 4121 3709 4188 λαμ-

2141 4208 2314 4276 προὺς
2345 4206 2420 4271 ὡς
2453 4205 2520 4261 «ca:
2551 4208 2712 4278 κρίνα
2737 4211 2800 4279 τῇ
2835 4207 3168 4278 καθαρότητι
3195 4207 3296 4278 τῆς
3335 4209 3706 4278 συνειδήσεως.

2140 4297 2330 4362 Δεῦτε,
2360 4299 2410 4350 οἱ
2443 4299 2802 4369 εὐλογημένοι
2828 4298 2921 4352 τοῦ
2950 4301 3166 4372 Πατρός
3201 4317 3305 4371 μου
3333 4339 3348 4364 ,
3392 4302 3471 4354 ὅτι
3503 4298 3714 4371 ὡμοιώ-

2143 4387 2272 4458 Οητε
2322 4391 2400 4459 τῷ
2443 4390 2578 4462 λίθῳ
2619 4393 2697 4461 τῷ
2742 4392 3124 4463 ἀδαμαντίνῳ,
3162 4393 3240 4463 τῷ
3291 4395 3427 4464 μήτε
3473 4395 3535 4446 ἐν
3585 4392 3712 4462 πυρὶ

463 4497 605 4552 aqua
642 4482 867 4550 tingitur
919 4481 1168 4543 humore,
1206 4478 1442 4546 factique
1485 4478 1617 4533 estis
1648 4478 1796 4532 velut
1827 4479 2034 4533 amian-

2147 4478 2496 4550 φλεγομένῳ,
2534 4480 2670 4550 μήτε
2697 4482 2754 4533 ὲν
2795 4480 2948 4533 ὕδατι
2981 4480 3388 4552 βαπτιζομένῳ,
3427 4480 3525 4533 καὶ
3558 4477 3713 4547 γεγὸ-

465 4585 574 4640 tus,
609 4573 703 4643 qui
735 4573 913 4641 ignem
955 4570 1172 4639 quidem
1209 4570 1460 4638 suscipit,
1499 4569 1595 4626 sed
1643 4586 1753 4626 non
1787 4574 2038 4628 exuritur

462 4667 698 4729 ﬂamma,
747 4663 858 4716 imo
895 4669 1239 4730 repraesentat
1297 4661 1658 4717 substantiam
1707 4660 2040 4732 splendidio-

467 4771 582 4810 rem
619 4762 675 4810 et
724 4753 1028 4819 illibatam;
1057 4751 1136 4807 sic
1165 4759 1219 4806 et
1247 4766 1366 4818 vos,
1398 4767 1523 4808 cum
1559 4769 1654 4824 per
1680 4756 1784 4810 tela
1815 4756 2036 4827 maligni

466 4846 843 4910 transiissetis,
873 4845 1094 4898 minime
1126 4843 1447 4900 inﬂammati
1481 4845 1684 4913 fuistis,
1720 4848 1831 4904 imo
1859 4849 2039 4904 abun-

465 4938 636 4994 dastis
658 4936 890 5006 iustitia,
925 4950 989 4989 ae
1013 4935 1148 4989 bene
1175 4936 1476 4992 redolentes
1511 4937 1739 4993 virtutes
1765 4938 2042 5007 copiosio-

466 5045 555 5084 res
606 5026 1018 5089 accumulastis,
1073 5029 1336 5082 mundum
1389 5030 1553 5084 etiam
1604 5044 1711 5084 non
1753 5029 2041 5093 dilexistis,

467 5121 560 5174 sed
586 5121 880 5188 cupiditate
912 5120 1094 5190 potius
1124 5122 1274 5190 regni
1299 5121 1566 5176 caelorum
1597 5120 1890 5188 ﬁagrastis.
1942 5120 2046 5175 Ve-

467 5213 600 5274 nite,
658 5211 998 5266 inebriemini
1033 5227 1096 5267 ex
1136 5212 1385 5266 ubertate
1425 5213 1622 5267 domus
1658 5228 1812 5277 meae,
1844 5213 2043 5279 jucun-

465 5306 639 5372 deque
685 5303 1026 5358 oblectcmini
1077 5305 1131 5359 in
1186 5314 1426 5361 torrente
1470 5305 1744 5359 deliciosaa
1794 5305 2039 5375 volupta-

466 5397 538 5452 tis
573 5395 642 5450 ³⁸.

1065 5504 1296 5561 CAPUT
1349 5505 1436 5560 IV.

537 5592 749 5659 Venite,
775 5596 1047 5652 benedicti
1095 5597 1273 5652 Patris
1318 5598 1444 5664 mei,
1506 5601 1631 5668 quia
1680 5600 1902 5654 domum
1951 5617 2043 5656 ve-

471 5693 638 5738 stram
693 5683 1004 5739 aediﬁcastis
1045 5702 1210 5756 super
1256 5696 1487 5757 petram,
1519 5707 1752 5761 cumque
1795 5691 2042 5763 ﬁumina,

2145 4587 2272 4624 νατε
2317 4571 2393 4633 ὡς
2422 4571 2484 4624 τὸ
2525 4572 2791 4642 ἀμίαντον
2821 4572 2884 4626 τὸ
2915 4572 3208 4643 δεχόμενον
3243 4574 3303 4625 τὸ
3338 4572 3471 4640 πῦρ,
3509 4572 3605 4624 καὶ
3643 4569 3711 4639 μὴ

2145 4661 2558 4732 φλογιζόμενον,
2611 4664 2706 4717 καὶ
2757 4663 3169 4735 λαμπροτέραν,
3244 4667 3340 4718 κα)⁵
3396 4663 3563 4735 ἀθιγῆ
3623 4660 3714 4730 τὴν

2148 4752 2448 4808 ὑπόστασιν
2480 4755 2946 4823 ἐπιδεικνύμενον,
2994 4757 3090 4808 καὶ
3143 4756 3302 4824 ὑμεῖς
3359 4753 3714 4824 παρελθόντες

2143 4842 2213 4894 τὰ
2247 4843 2381 4913 βέλη
2411 4845 2504 4899 τοῦ
2539 4847 2778 4917 πονηροῦ
2806 4889 2820 4912 ,
2849 4847 2951 4901 οὑκ
2980 4848 3304 4918 ἐφλὲχθητε,
3331 4847 3468 4901 ἀλλὰ
3506 4847 3606 4917 τὴν
3641 4845 3714 4896 δι-

2146 4936 2444 5007 καιοσύνην
2497 4939 2952 5009 ἐπερισσεύσατε,
3017 4942 3114 4994 καὶ
3170 4940 3269 5003 τὰς
3317 4938 3714 5004 εὑωδιαζούσας

2142 5029 2347 5100 ἀρετάς
2395 5029 2782 5086 ἐπλεονάσατε.
2837 5033 2948 5085 Καὶ
2983 5034 3074 5086 τὸν
3105 5032 3310 5103 κόσμον
3355 5032 3455 5085 οὐκ
3497 5030 3712 5102 ἠγαπή-

2144 5135 2275 5172 σατε
2297 5162 2312 5184 ,
2344 5119 2480 5172 ἀλλά
2505 5121 2602 5189 τὴν
2632 5120 2913 5190 βασιλείαν
2958 5123 3067 5175 τῶν
3096 5120 3344 5192 οὐρανῶν
3382 5120 3582 5190 μᾶλλον
3619 5120 3712 5170 ὲπ-

2141 5209 2396 5280 οθήσατε.
2463 5211 2670 5271 Δεῦτε,
2739 5213 3049 5282 μεθύσοητε
3116 5213 3225 5266 ἀπὸ
3295 5213 3549 5282 πιότητος
3623 5205 3711 5259 τοῦ

2139 5304 2290 5356 οἴκου
2364 5321 2509 5373 μου,
2591 5306 2684 5358 καὶ
2742 5305 3085 5377 εὐφράνθητε
3148 5307 3207 5359 ἐν
3265 5305 3552 5377 χειμάρρῳ
3621 5301 3714 5370 τῆς

2145 5399 2378 5469 τρυφῆς.

2745 5513 2998 5566 ΚΕΦΑΛ.
3040 5515 3115 5567 Δ⁹.

2221 5601 2408 5667 Δεῦτε,
2439 5605 2488 5656 οἱ
2522 5602 2879 5674 εὐλογημένοι
2911 5605 3004 5658 τοῦ
3031 5603 3244 5674 Πατρός
3273 5621 3396 5675 μου,
3421 5604 3501 5657 ὃτι
3525 5600 3710 5673 ᾠκοδοο

2154 5694 2366 5765 μήσατε
2432 5695 2530 5764 τὴν
2579 5695 2755 5749 οἰκίαν
2809 5695 2962 5766 ὑμῶν
3040 5697 3132 5748 ἐπὶ
3185 5695 3286 5766 τὴν
3340 5695 3567 5765 πέτραν,
3625 5689 3709 5747 καὶ

543 5820 588 5853 ⁸⁷
629 5817 822 5903 Matth.
845 5835 900 5888 ι,
933 5822 1022 5878 37.
1097 5825 1143 5858 ⁸⁸
1171 5823 1364 5909 Matth.
1407 5843 1534 5898 xxv,
1560 5828 1649 5899 55,
1674 5829 1762 5887 36.
1786 5903 1802 5932 ί
1840 5834 1884 5868 ⁸³
1923 5833 2066 5893 Psal.
2104 5851 2268 5898 xxxv,
2310 5835 2362 5891 9.
