4066 6146
418 340 558 407 Ῑ285

1675 338 2024 400 EPICTETI
2059 338 2440 404 MANUALE.

3549 362 3684 430 1286

341 513 345 518 ἡ
417 446 755 503 ἐπελθόντων
782 445 888 500 τῶν
916 445 1200 516 ποταμῶν,
1232 442 1328 498 καὶ
1351 443 1458 498 τῶν
1490 442 1728 513 ἀνέμων,
1752 445 1846 498 καὶ
1885 445 1992 498 τῶν

2095 445 2242 500 venti
2294 454 2350 501 et
2399 447 2603 504 imbres
2653 455 3123 522 supervenissent,
3211 476 3502 522 llCOﬂCllSSl
3558 483 3685 538 per-

419 539 590 593 ὑετῶν
617 539 905 593 ἀσάλευτοι
936 535 1246 606 διεμείνατε
1273 577 1286 600 ,
1331 536 1428 590 καὶ
1456 535 1586 599 τοὺς
1633 536 1802 599 πόδας
1842 536 1995 607 ὑμῶν

417 627 518 681 οὑκ
566 628 808 682 ἐδώκατε
847 628 926 690 είς
959 625 1140 688 σάλον,
1172 624 1286 678 ἀλλ’
1335 624 1428 677 ἐπὶ
1465 624 1566 694 τῆς
1599 625 1805 696 πέτρας
1835 627 1997 697 ἐστή-

420 735 550 773 σατε
602 717 841 782 αὑτοὺς,
888 716 982 769 καὶ
1029 715 1293 785 γεγόνατε
1322 715 1536 785 δόκιμοι
1578 718 1637 769 ἐν
1680 719 1747 786 τῇ
1789 717 1992 772 πίστει.

426 831 444 862 ι
480 810 668 877 Δεῦτε,
698 810 747 863 oi
777 809 1134 880 εὐλογημένοι
1172 808 1268 863 τοῦ
1308 807 1524 880 Πατρός
1559 826 1663 880 μου
1687 849 1702 873 ,
1737 809 1996 882 κληρονο-

421 905 630 974 μήσατε
696 903 796 974 τὴν
849 900 1263 974 ἡτοιμασμένην
1335 901 1464 971 ὑμῖν
1537 900 1816 971 βασιλείαν
1883 903 1995 957 ἀπὸ

417 993 724 1062 καταϐολῆς
764 993 996 1062 κόσμου,
1035 1012 1054 1045 ›
1087 992 1206 1046 ἀλλ’
1238 997 1340 1063 οὑχ
1368 993 1526 1063 ὑμεῖς
1552 993 1825 1065 ὡρίσθητε
1857 993 1994 1064 κλη-

418 1084 638 1153 ρονόμοι
669 1083 770 1154 τῆς
807 1083 1117 1154 βασιλείας⁸
1154 1083 1276 1137 ἐπεὶ
1312 1082 1437 1138 οῦτε
1483 1085 1641 1154 ὑμεῖς
1693 1084 1992 1152 ἐπαινετοὶ,

415 1172 539 1227 οὔτε
591 1176 623 1244 ἠ
659 1175 856 1245 κλῆσις
883 1175 976 1228 τοῦ
1011 1174 1305 1239 καλοῦντος
1334 1175 1519 1229 δικαία
1544 1215 1560 1240 ,
1612 1176 1728 1230 ἀλλ’
1754 1179 1808 1229 αί
1837 1176 1998 1248 ἀθλή-

419 1279 532 1325 σεις
567 1263 1007 1335 προωρίσθησαν,
1050 1265 1145 1318 καὶ
1178 1266 1371 1337 ἀρεταὶ
1409 1267 1519 1318 τῶν
1551 1267 1640 1320 διὰ
1682 1267 1791 1320 τῶν
1817 1268 1995 1322 ἄθλων

417 1356 846 1425 προερχομένων
876 1355 1395 1428 προεθεωρήθησαν,
1415 1358 1510 1410 καὶ
1535 1359 1737 1421 πάντες
1766 1358 1994 1415 διελθεῖν

417 1445 746 1517 ἐκλήθησαν,
793 1445 909 1499 ἀλλ’
943 1447 1003 1499 οὑ
1037 1446 1236 1511 πάντες
1271 1448 1610 1519 ὑπήκουσαν,
1648 1449 1806 1517 ὑμεῖς
1847 1449 1908 1503 δέ
1944 1451 1996 1503 οῖ

419 1537 830 1600 ὑπακούσαντες
853 1577 870 1604 ,
903 1539 998 1592 καὶ
1044 1538 1146 1609 τῆς
1193 1539 1482 1611 παρακοῆς
1511 1539 1572 1592 τὺ
1605 1539 1857 1611 ἔγκλημα
1895 1544 1996 1596 ἀπο

417 1627 739 1692 εκθὺσασθε,
773 1629 992 1702 καὶτῆς
1021 1631 1270 1703 ὑπακοῆς
1299 1632 1392 1686 τὸν
1411 1633 1632 1687 ἔπαινον
1661 1635 1994 1705 ἐκομίσασθε

415 1723 514 1788 τὰς
542 1722 746 1794 ἀρετὰς
775 1722 1218 1794 ἐπιδειξάμενοι,
1261 1725 1361 1778 καὶ
1394 1727 1494 1796 τῆς
1536 1727 1819 1798 βασιλείας
1851 1730 1994 1795 ἄξιοι

2098 536 2383 594 mansistis
2417 539 2505 607 ";
2537 540 2742 612 quique
2772 545 2934 614 pedes
2975 555 3185 605 vestros
3226 567 3331 606 non
3365 536 3594 614 dedistis
3625 560 3682 616 in

2097 628 2528 685 commotionem
2559 631 2626 698 ",
2664 634 2758 688 sed
2810 635 2959 706 ipsos
2989 652 3152 707 super
3176 649 3381 708 petram
3412 648 3684 705 stabilivia

2096 719 2198 775 stis
2225 720 2292 786 ",
2322 729 2377 775 et
2402 721 2456 776 in
2491 722 2592 778 fide
2621 724 2830 794 probati
2861 729 3137 785 evasistis.
3201 751 3218 784 ι
3275 731 3487 806 Venite,
3519 739 3685 798 bene-

2095 811 2225 866 dicti
2257 812 2430 870 Patris
2482 816 2612 881 mei,
2650 817 2964 876 haereditate
2993 824 3264 891 possidete
3318 841 3680 901 praeparatum

2094 905 2254 960 vobis
2306 921 2531 977 regnum
2577 923 2606 962 a
2641 911 3040 968 constitutione
3092 918 3326 986 mundi;
3366 940 3386 974 ι
3428 924 3521 978 sed
3563 941 3675 982 non

2097 996 2447 1054 determinati
2499 998 2686 1057 fuistis
2737 1018 2858 1068 vos,
2909 1013 2968 1059 ut
3007 1009 3155 1076 regni
3190 1014 3383 1069 essetis
3413 1015 3679 1084 hmredes,

2095 1089 2358 1160 alioquin,
2411 1106 2512 1147 nec
2562 1092 2664 1162 ipsi
2713 1094 3011 1152 laudabiles
3058 1101 3556 1172 exsisteretis,‘nec
3587 1127 3680 1164 vo-

2096 1181 2273 1236 cantis
2323 1181 2474 1251 justa
2533 1182 2697 1239 foret
2729 1187 2965 1252 voeatio,
3007 1191 3098 1244 sed
3131 1196 3430 1252 certamina
3461 1197 3682 1257 fuerunt

2096 1272 2590 1342 praedeterminata,
2643 1285 2697 1330 et
2738 1279 2969 1336 virtutes
2999 1296 3212 1350 eorum,
3243 1288 3336 1357 qui
3371 1304 3467 1358 per
3495 1301 3680 1347 certa-

2097 1365 2243 1418 mina
2273 1367 2754 1436 progredereutur.
2789 1371 2941 1429 fuere
2974 1387 3270 1446 perspectas
3309 1389 3488 1447 antea,
3520 1392 3573 1439 et
3599 1385 3681 1440 sic

2095 1471 2291 1512 omnes
2325 1459 2503 1514 vocati
2531 1471 2658 1517 sunt
2684 1471 2744 1517 ut
2777 1481 2870 1534 per
2903 1469 3204 1524 certamina
3233 1474 3546 1536 transirent.
3583 1478 3679 1532 sed

2097 1562 2204 1604 non
2237 1563 2430 1606 omnes
2464 1553 2812 1614 obedierunt.
2853 1557 2961 1614 Vos
2997 1569 3203 1628 autem,
3238 1563 3331 1633 qui
3364 1564 3675 1633 obediistis,

2096 1649 2151 1694 et
2185 1641 2567 1700 inohetlientite
2600 1648 2811 1704 crimen
2843 1653 3186 1718 excussistis,
3218 1655 3431 1710 Iaudem
3461 1673 3680 1728 quoque

2097 1734 2420 1801 reportastis
2471 1737 2814 1802 obedientiae,
2859 1748 2914 1794 et
2964 1757 3058 1798 eas
3087 1746 3392 1801 exhibendo
3428 1749 3675 1817 virtutes,

415 1817 726 1886 γενόμενοι.
774 1816 1057 1889 Μακάριοι
1100 1819 1149 1871 oi
1195 1817 1404 1890 ταύτης
1436 1819 1855 1891 καταξιούμενοι
1894 1823 1994 1892 τῆς

2098 1825 2354 1896 condigui
2382 1826 2568 1884 fuistis
2599 1830 2770 1886 habiti
2799 1833 2890 1887 tali
2924 1848 3111 1902 regno.
3157 1836 3306 1891 Beati
3336 1880 3352 1904 ,
3389 1841 3481 1909 qui
3513 1810 3679 1898 hocce

418 1910 763 1980 μαρτυρίας,
816 1909 1047 1963 ἐνώπιον
1079 1911 1352 1979 ἀγγέλων,
1391 1913 1483 1965 καὶ
1521 1912 1742 1966 πάντων
1785 1913 1995 1985 ἀνθρώο

416 2017 534 2054 πων
557 2018 570 2034 ο
606 2003 791 2072 ἐπειδὴ
825 2001 934 2073 γὰρ
961 2003 1054 2057 τὸν
1087 2001 1221 2056 Θεὸν
1262 2003 1467 2073 σφόδρα
1498 2004 1869 2076 ἐφοϐήθησαν,
1896 2009 1995 2062 καὶ

415 2094 515 2158 τὰς
566 2095 785 2159 ἐντολὰς
828 2094 996 2148 αὑτοῦ
1037 2094 1259 2158 τελείως
1288 2095 1587 2165 ἐφύλαξαν,
1639 2098 1734 2151 καὶ
1773 2098 1873 2170 τὴν
1908 2099 1992 2153 δι-

416 2185 710 2255 καιοσύνην
739 2185 1088 2248 ἐπλεόνασαν,
1117 2178 1161 2254 ᾧ
1195 2184 1378 2256 μέτρῳ
1413 2187 1726 2258 ἐμέτρησαν
1757 2188 1992 2258 ἁντεμε-

416 2276 593 2346 τρήθη
643 2275 826 2340 αὑτοῖς
867 2276 1018 2347 παρὰ
1075 2276 1284 2346 Κυρίου
1348 2277 1571 2347 ὁμοίως.
1624 2277 1837 2350 Μέχρις
1892 2275 1987 2333 οὖν

415 2368 611 2422 τούτου
639 2369 730 2421 τὸν
760 2367 919 2434 λόγον
951 2367 1361 2439 ὲπιστήσωμεν,
1388 2369 1863 2440 εὐχαριστοῦντες,
1897 2372 1993 2425 καὶ

419 2459 772 2527 εὐλογοῦντες
798 2460 887 2514 τὸν
923 2460 1129 2530 Κύριον
1178 2461 1271 2513 ἐπὶ
1314 2462 1450 2515 πᾶσι
1484 2465 1597 2525 τοῖς
1625 2461 1852 2531 ἀγαθοῖς
1891 2465 1992 2518 αὑ-

2095 1917 2418 1974 testimonio
2472 1920 2526 1974 in
2591 1934 2886 1993 conspectu
2945 1927 3262 1998 angelorum
3320 1934 3678 2004 omniumque

2095 2005 2377 2064 hominum
2408 2011 2559 2081 digni
2588 2013 2981 2083 judicabuntur
3011 2035 3026 2085 ;
3064 2020 3192 2074 dum
3229 2023 3429 2078 etenim
3467 2025 3501 2079 ii
3523 2027 3678 2083 valde

2090 2095 2394 2156 timuerunt
2439 2100 2632 2167 Deum,
2679 2111 2733 2159 et
2767 2105 2886 2176 ejus
2919 2108 3174 2164 mandata
3222 2111 3460 2180 perfecte
3489 2127 3678 2171 custo-

2093 2189 2328 2256 dierunt,
2359 2193 2791 2265 amplioremque
2823 2197 2929 2253 sibi
2959 2213 3347 2270 compararunt
3375 2205 3672 2274 justitiam,

2092 2295 2202 2347 qua
2260 2298 2514 2338 mensura
2563 2287 2736 2342 mensi
2770 2296 2919 2354 Sunt,
2952 2304 3016 2345 ea
3049 2292 3307 2348 similiter
3335 2311 3559 2354 emensa
3587 2309 3672 2355 est

2094 2370 2228 2442 ipsis
2260 2389 2288 2427 a
2323 2373 2575 2431 Domino.
2626 2375 2924 2450 Hucusque
2953 2397 3083 2454 ergo
3106 2387 3346 2440 sermoni
3380 2389 3539 2444 linem
3573 2391 3677 2447 im-

2091 2478 2386 2534 ponamus,
2420 2469 2624 2538 gratias
2655 2481 2898 2541 agentes,
2945 2485 3001 2529 et
3029 2475 3416 2536 benedicentes
3439 2478 3673 2540 Domino

417 2551 513 2604 τοῦ
565 2552 926 2622 χαρίσμασιν,
969 2547 1049 2616 οἷς
1081 2553 1210 2623 ἡμῖν
1239 2553 1494 2624 δωρεῖται
1523 2557 1639 2618 τοῖς
1674 2555 1920 2621 ἀναξίοις
1958 2557 1992 2628 ἡ

2095 2555 2151 2611 in
2205 2558 2463 2616 omnibus
2515 2559 2674 2617 bonis
2723 2563 2898 2634 ipsius
2947 2565 3125 2634 donis,
3157 2569 3362 2639 quibus
3395 2589 3496 2629 nos
3531 2578 3676 2630 indi-

415 2642 582 2696 αὑτοῦ
633 2642 1048 2714 φιλανθρωπία,
1086 2642 1237 2714 αὑτῷ
1283 2645 1316 2715 ἠ
1351 2641 1476 2709 δόξα
1520 2644 1614 2698 καὶ
1649 2646 1684 2717 ή
1726 2645 1860 2717 τιμὴ
1909 2648 1990 2713 είς

2099 2663 2238 2718 gnos
2265 2664 2584 2707 muneratur
2621 2653 2742 2724 ejus
2784 2657 3178 2716 misericordia.
3223 2659 3330 2734 Ipsi
3384 2665 3579 2736 gloria,
3619 2682 3678 2726 et

415 2736 540 2799 τοὶς
576 2735 794 2797 αἰῶνας.
836 2735 1027 2806 Ἀμήν.

2098 2735 2274 2794 honor
2298 2739 2354 2794 in
2378 2742 2600 2798 saecula.
2631 2742 2828 2802 Amen.

489 2912 534 2943 ’°
566 2910 697 2965 Luc.
735 2927 808 2978 νι,
838 2911 928 2968 48.
1003 2909 1047 2946 ⁸³
1078 2911 1225 2970 Psal.
1252 2929 1381 2980 cxx,
1417 2911 1473 2966 5.
1550 2913 1596 2946 θ’
1626 2911 1772 2971 Psal.
1811 2930 2002 2984 χχιιι,
2031 2916 2086 2971 5.

437 3139 470 3147 .,
496 3133 1997 3148 .-.--ο----*-----,“-ι--

2095 3137 3654 3170 MM“

1536 3292 2560 3494 EIIIKTHTOY

1691 3559 2398 3652 ΕΓΧΕΙΡΙΔΙΟΝ

2019 3777 2089 3792 —

1197 3925 1863 4040 EPICTETI
1941 3923 2903 4044 ENCHIBIDION

1762 4169 1906 4232 SEU
1953 4171 2168 4232 MANU
2181 4171 2327 4232 ELE

756 4333 806 4393 A
848 4331 912 4393 S.
943 4333 1014 4394 P.
1055 4334 1129 4394 N.
1171 4335 1312 4399 Nilo
1343 4336 1669 4398 concisum
1701 4338 1763 4394 et
1791 4333 2246 4415 interpolatum
2295 4331 2558 4412 ejusque
2595 4314 2921 4413 epusoulis
2974 4331 3301 4403 insertum.

997 4678 1242 4736 ΚΕΦΔΛ.
1285 4681 1364 4737 A'.

2762 4683 2990 4742 CAPUT
3032 4684 3073 4738 Ι.

488 4770 610 4822 Τῶν
644 4771 814 4824 ὄντων
843 4772 910 4827 τὰ
945 4773 1044 4844 μὲν
1073 4775 1156 4842 ἐφ’
1203 4776 1336 4844 ἡμῖν
1383 4776 1500 4828 ἐστι
1525 4814 1540 4840 ,
1570 4775 1640 4829 τὰ
1672 4776 1728 4830 δὲ
1772 4775 1873 4830 οὑκ
1901 4775 1989 4845 ἐφ’

2156 4775 2547 4833 Exsistentium
2575 4793 2755 4834 rerum
2787 4777 3031 4846 quaedam
3061 4784 3189 4830 sunt
3218 4775 3274 4829 in
3307 4774 3484 4844 nobis,
3521 4791 3667 4845 quae-

417 4863 572 4931 ἡμῖν.
617 4861 731 4930 Ἐφ’
767 4863 902 4932 ἡμῖν
933 4863 1032 4931 μὲν
1062 4863 1353 4933 ὑπόληψις,
1383 4865 1551 4936 ὁρμὴ,
1579 4865 1780 4937 ὄρεξις,
1804 4866 1990 4919 ἐκκλι-

2095 4870 2211 4923 dam
2270 4885 2379 4923 non
2420 4880 2567 4924 sunt.
2599 4871 2653 4924 In
2685 4871 2846 4924 nobis
2871 4868 3089 4938 quidem
3128 4876 3260 4922 sunt
3308 4867 3663 4942 existimatio,

418 4970 519 5017 σις,
552 4952 644 5004 καὶ
680 4953 758 5004 ἐνὶ
797 4952 938 5024 λόγῳ
967 4953 1069 5008 ὅσα
1102 4955 1348 5024 ἡμέτερα
1375 4955 1532 5024 ἔργα.

2095 4959 2387 5029 impulsus,
2437 4962 2786 5025 desiderium,
2817 4961 3104 5025 aversatio,
3135 4969 3191 5014 et
3223 4975 3332 5015 uno
3366 4961 3531 5015 verbo
3565 4977 3668 5015 ca:—

2092 5057 2226 5114 tera,
2256 5064 2379 5118 quae
2409 5060 2610 5105 nostrae
2638 5061 2768 5106 sunt
2801 5052 3168 5120 operationes.

2714 5165 2942 5220 CAPUT
2991 5164 3054 5219 Il.

2166 5256 2241 5311 Ac
2274 5273 2359 5324 ea,
2394 5273 2515 5326 quae
2549 5258 2600 5312 in
2631 5258 2786 5312 nobis
2810 5268 2954 5323 sunt,
2982 5259 3300 5312 naturaliter
3331 5257 3496 5311 libera
3527 5258 3669 5311 exsi-

2098 5358 2248 5405 stunt
2271 5351 2562 5419 prohiberi,
2587 5361 2639 5404 et
2669 5351 2916 5419 impediri
2940 5352 3163 5404 minime
3188 5361 3445 5420 possmit;
3473 5361 3521 5402 at
3547 5365 3666 5418 quae

2096 5457 2202 5494 non
2254 5451 2382 5496 sunt
2445 5441 2499 5496 in
2546 5444 2723 5508 nobis,
2777 5443 3016 5511 inﬁrma,
3071 5459 3245 5509 serva,
3297 5443 3574 5512 impedita,
3615 5452 3666 5495 et

2094 5533 2269 5588 aliena
2318 5535 2614 5590 exsistunt.

1014 5156 1266 5212 ΚΕΦΑΛ,
1308 5158 1383 5211 B'.

486 5245 594 5298 Kal.
636 5246 703 5298 τὰ
749 5247 846 5315 μὲν
877 5247 962 5316 ἐφ’
993 5250 1126 5319 ἡμῖν
1155 5252 1293 5313 ἐστι,
1333 5248 1490 5318 φύσει
1523 5247 1808 5318 ἐλεύθερα,
1839 5251 1989 5305 ἀκώ-

415 5335 570 5402 λυτα,
601 5341 1041 5409 ἀπαραπόδιστα.
1079 5343 1160 5395 Τὰ
1204 5343 1262 5395 δὲ
1303 5334 1405 5396 οὑκ
1451 5340 1536 5411 ἐφ’
1563 5342 1721 5412 ἡμῖν,
1769 5344 1989 5417 ἀσθενῆ,

412 5428 597 5494 δοῦλα,
629 5431 868 5497 κωλυτὰ,
908 5433 1190 5504 ἀλλότρια.

1013 5636 1267 5691 ΚΕΦΑΛ.
1309 5637 1381 5692 Γν.

485 5723 755 5800 Μέμνησο
794 5724 887 5783 οῦν
932 5729 1014 5785 ὅτι
1042 5727 1161 5809 ,ἐὰν
1204 5727 1276 5782 τὰ
1319 5730 1480 5799 φύσει
1528 5726 1696 5785 δοῦλα
1733 5729 1993 5806 ἐλεύθερα

2690 5647 2920 5703 CAPUT
2979 5649 3067 5703 Ill.

2165 5740 2437 5797 Memento
2483 5743 2666 5810 igitur,
2718 5742 2886 5810 quod,
2937 5758 2982 5800 SI
3014 5756 3136 5816 quae
3165 5741 3484 5798 naturaliter
3512 5752 3664 5795 sena
