4066 6146
430 336 561 402 1287

1903 328 2203 393 SPURIA.

3578 341 3718 409 l‘éSB

424 463 578 515 euut,
611 451 888 522 putaveris
917 450 1108 516 libera,
1138 456 1191 502 et
1222 463 1339 516 qum
1375 444 1570 507 aliena.
1609 446 1865 517 propria;
1905 444 2009 499 im-

2114 445 2323 518 οἰηθῇς,
2355 447 2450 501 καὶ
2480 447 2547 502 τά
2582 445 2840 521 ἀλλότρια
2874 442 2979 503 ἴδια
3002 491 3016 515 ,
3060 448 3463 526 gemmeam,
3501 459 3709 529 πενθὴ.

424 545 680 616 petlieris,
718 541 946 612 lugebis,
1002 539 1429 612 prrturbaberis,
1466 538 1531 592 de
1560 537 1670 591 lien
1701 538 1875 606 deque
1911 535 2013 589 ito-

424 637 666 691 ntinibus
696 633 1051 705 conqucrcris
1077 650 1092 699 ;
1130 632 1172 687 si
1206 647 1334 686 vero
1363 640 1516 685 tuum
1545 631 1802 700 opinatus
1838 626 2010 682 fueris

422 720 943 799 solummodo‘esse
999 729 1173 783 tuum,
1235 720 1473 773 alienum
1532 728 1734 793 autem,
1803 724 1863 772 ut
1903 725 2009 780 est,

421 812 681 879 alienum,
742 812 928 866 nullus
975 822 1026 866 te
1057 811 1272 865 vexabit
1305 824 1567 882 unquam,
1605 807 1785 863 nullus
1818 820 1869 863 te
1907 809 2011 863 im—

422 902 621 973 prtliet,
680 919 854 973 neque
897 903 1161 957 adversus
1203 903 1372 956 ullum
1402 903 1678 972 querelam
1712 915 2006 972 propones,

422 995 569 1049 litetn
621 995 716 1048 ulli
754 1011 861 1049 non
898 995 1168 1062 intendes,
1206 995 1340 1049 niltil
1372 994 1575 1048 invitus
1615 992 1803 1056 facies,
1833 991 2009 1046 nemi-

317 1133 320 1135 λ
422 1103 546 1142 nent
579 1087 807 1142 habebis
841 1087 1147 1154 inimicum,
1185 1088 1371 1142 nullus
1407 1100 1457 1143 te
1487 1087 1663 1151 laedet,
1702 1093 1882 1156 neqUe
1907 1097 2011 1138 no-

422 1195 489 1233 xa
501 1194 549 1232 m
582 1177 773 1233 aﬂ‘eret
820 1178 1082 1250 aliquam.

1022 1284 1252 1347 CAPUT
1312 1283 1403 1341 IV.

492 1397 647 1455 Talia
699 1398 866 1469 igitur
914 1407 1175 1469 tantaque
1233 1406 1516 1468 appetens,
1568 1401 1845 1450 memento
1882 1407 2007 1449 rur-

421 1507 541 1556 sus,
599 1492 746 1561 quod
786 1493 916 1547 dum
969 1492 1206 1547 moveris
1238 1491 1611 1579 mediocriter,
1649 1506 1756 1544 non
1796 1495 2012 1557 oportet

416 1601 482 1642 ea
512 1599 818 1654 capessere,
850 1584 946 1639 sed
983 1584 1050 1639 ad
1091 1584 1272 1654 aliqua
1307 1582 1527 1654 quidem
1567 1579 1885 1639 omnimodo
1917 1581 2011 1636 dc-

424 1680 552 1736 terri
611 1689 791 1745 motu,
820 1679 928 1733 alia
965 1693 1094 1734 vero
1125 1692 1225 1749 pro
1268 1676 1526 1747 pruenti
1562 1674 1826 1731 diﬂ'erre:
1860 1674 2008 1745 quod

2122 557 2239 603 σεις
2260 580 2276 606 ,
2332 541 2655 613 ταραχοήσῃ
2676 582 2691 608 ,
2724 542 2914 614 μέμψῃ
2951 541 3048 596 καὶ
3080 542 3339 616 Θεὺνυκαὶ
3366 546 3721 619 ἀνθρώπους*

2112 630 2208 685 ἐάν
2239 632 2295 685 δὲ
2334 632 2396 686 τὸ
2433 633 2524 686 σὺν
2570 633 2733 704 μόνον
2779 634 2973 706 οἰηθῇς
3004 632 3097 689 σὺν
3144 632 3325 705 εἶναι,
3359 636 3421 691 τὸ
3460 632 3724 696 sum-

2111 746 2285 798 τριον,
2311 728 2384 793 ὡς
2421 729 2588 795 ἔστιν,
2628 730 2939 802 ἀλλότριον,
2971 732 3146 794 οὐδείς
3171 749 3230 785 σε
3262 733 3589 802 ἀναγκάσει,
3617 735 3724 789 οὐ·

2112 818 2225 882 δείς
2255 835 2321 872 σε·
2346 819 2583 874 κωλύσει
2610 861 2625 887 ,
2659 823 2721 876 οὐ
2757 823 2952 893 μέμψῃ
2982 823 3194 889 οὐδένα,
3231 824 3354 877 οὐδὲ
3388 824 3712 893 ὲγκαλέσεις

2111 909 2323 976 οὐδενὶ,
2356 911 2508 965 ἄκων
2540 911 2768 983 πράξεις
2800 913 2921 966 οὐδὲ
2957 914 3049 967 ἓν·
3086 914 3282 985 ἐχθρὸν
3307 915 3502 970 οὐδένα
3540 911 3711 984 ἔξεις,

2111 1002 2290 1068 οὐδείς
2324 1020 2384 1057 σε
2413 1004 2630 1075 βλάψει,
2658 1005 2780 1058 οὐδὲ
2808 1005 3074 1078 βλαϐερόν
3097 1024 3152 1060 τι
3181 1006 3419 1078 ποιήσει.

2726 1284 2980 1347 ΚΕΦΑΛ.
3022 1288 3096 1347 Δ’.

2184 1406 2534 1479 Τηλικούτων
2578 1403 2673 1461 οὖν
2726 1408 3019 1479 ἐφιέμενος
3050 1449 3064 1473 ,
3109 1407 3365 1480 μέμνησο
3404 1410 3487 1463 ὅτι
3533 1410 3594 1463 οὐ
3624 1402 3717 1464 δεῖ

2121 1499 2358 1571 μετρίως
2389 1499 2750 1572 κεκινημένος
2782 1499 3053 1554 ἅπτεσθαι
3081 1500 3265 1554 αὐτῶν
3290 1542 3305 1565 ,
3340 1501 3479 1557 ἀλλὰ
3506 1504 3577 1559 τὰ
3604 1504 3711 1575 μὲν

2113 1592 2473 1663 κεκινημένος
2502 1591 2807 1658 παντελῶς,
2859 1591 2928 1644 τά
2958 1591 3016 1644 δὲ
3043 1590 3434 1665 ὑπερτίθεσθαι
3476 1591 3612 1664 πρὸς
3644 1593 3712 1647 ea

2117 1684 2313 1756 παρὸν,
2345 1683 2442 1737 ἐὰν
2473 1683 2532 1736 δὲ
2563 1682 2873 1737 καὶνλταῦτα
2917 1683 3090 1747 οέλεις
3109 1724 3124 1748 ,
3170 1684 3264 1737 καὶ
3292 1683 3568 1751 πλουτεῖν,
3600 1686 3704 1740 καὶ

422 1774 467 1827 si
517 1779 575 1826 et
628 1770 745 1824 haec
779 1770 933 1837 velis,
976 1769 1281 1840 cupiasque
1308 1770 1579 1824 ditescere
1607 1766 1776 1821 simul
1827 1776 1882 1822 et
1910 1768 2009 1823 im-

2114 1777 2330 1847 ἄρχειν.
2362 1774 2525 1846 τυχὸν
2562 1773 2664 1845 μὲν
2699 1774 2821 1829 οὐδὲ
2860 1774 3044 1829 αὐτῶν
3074 1774 3285 1830 τούτων
3319 1776 3600 1850 τεύξῃβιὰ
3640 1776 3707 1831 τὸ

423 1876 639 1932 perare,
701 1859 930 1915 forsitan
986 1874 1087 1914 nec
1137 1875 1202 1919 ea
1240 1861 1358 1929 ipsa
1400 1859 1734 1924 assequeris,
1763 1872 1831 1915 eo
1863 1857 2011 1927 quod

422 1953 595 2022 prima
631 1950 795 2006 simul
839 1950 1219 2020 concupiscas,
1255 1964 1443 2003 verum
1472 1948 1733 2003 omnibus
1761 1948 1868 2003 illis
1896 1948 2013 2003 fru-

422 2044 709 2109 straberis,
741 2058 836 2113 per
874 2057 1000 2112 quas
1025 2041 1204 2097 solum
1237 2038 1472 2097 felicitas
1502 2046 1557 2095 et
1604 2037 1830 2094 libertas
1859 2053 2010 2094 com-

423 2145 669 2208 paratur.

1039 2248 1273 2307 CAPUT
1305 2248 1368 2305 ν.

492 2371 688 2427 Statim
724 2370 893 2443 igitur
931 2382 1139 2440 asperat
1172 2366 1373 2438 cuique
1424 2364 1826 2438 imaginationi,
1863 2378 2011 2423 cura:

420 2458 516 2514 tibi
549 2459 620 2513 sit
671 2459 869 2513 addere
919 2456 1173 2524 dicendo,
1226 2455 1372 2526 quod
1405 2456 1653 2526 quaedam
1691 2457 2010 2526 apparentia

420 2552 513 2617 sit,
570 2551 721 2605 nullo
777 2566 904 2605 vero
959 2550 1126 2604 modo
1166 2551 1414 2615 exsistat,
1462 2557 1523 2604 ut
1567 2548 2008 2620 inconspectum

421 2645 569 2699 venit
614 2658 679 2699 ac
711 2644 955 2699 cernitur
985 2660 1000 2710 ;
1059 2659 1180 2698 eam
1212 2644 1409 2698 deinde
1446 2644 1723 2708 examina,
1755 2656 1808 2699 et
1836 2645 2008 2715 proba

419 2734 647 2804 regulis,
666 2750 804 2804 quas
835 2734 1039 2800 habes;
1073 2735 1179 2790 bac
1208 2750 1337 2790 vero
1365 2731 1537 2804 prima
1560 2740 1614 2790 et
1636 2735 2007 2806 potissimum,

422 2832 605 2878 utrum
636 2824 707 2879 sit
731 2839 794 2880 ex
828 2825 909 2878 eis
943 2839 1064 2893 quae
1088 2824 1142 2878 in
1179 2824 1339 2880 nobis
1376 2834 1527 2891 sunt,
1566 2835 1661 2880 aut
1686 2818 1755 2881 ex
1781 2828 1861 2882 eis
1885 2841 2010 2897 quat

419 2915 475 2969 in
507 2915 667 2969 nobis
701 2930 807 2969 non
858 2923 1010 2979 sunt,
1061 2915 1218 2985 sique
1257 2917 1328 2971 sit
1356 2918 1486 2986 quid
1517 2933 1710 2972 eorum
1743 2934 1867 2988 qua:
1899 2934 2007 2974 non

421 3009 475 3062 in
543 3008 722 3076 nobis,
788 3006 843 3062 in
904 3018 1155 3078 promptu
1214 3007 1405 3075 babes,
1462 3008 1609 3078 quod
1658 3008 1793 3064 nihil
1836 3010 1902 3065 ad
1955 3019 2008 3064 te

420 3111 648 3173 spectat.

1037 3212 1265 3269 CAPUT
1293 3213 1382 3268 Vl.

494 3328 825 3392 Recordare,
864 3327 1010 3396 quod
1045 3327 1396 3398 appetitionis
1431 3327 1825 3398 promissio-sit
1855 3328 2008 3383 asse-

421 3420 569 3475 cutio
642 3412 766 3488 ejus
822 3419 966 3488 quod
1017 3419 1334 3488 appetitur;
1367 3417 1681 3472 aversionis
1733 3418 2008 3488 pollicita-

424 3510 522 3574 tio,
567 3523 674 3562 non
731 3507 972 3561 incidere
1000 3506 1054 3560 in
1090 3507 1246 3572 illud,
1279 3505 1425 3575 quod
1464 3503 1589 3575 quis
1618 3515 1927 3560 aversatur.
1959 3507 2008 3563 is

424 3615 608 3671 porro,
666 3600 762 3669 qui
806 3601 861 3653 in
910 3599 1273 3654 desiderando
1322 3596 1646 3661 frustratur,
1693 3597 1872 3668 impos
1923 3607 2010 3653 est

424 3694 533 3747 voti
561 3709 576 3760 ;
607 3693 701 3762 qui
726 3706 852 3746 vero
884 3692 937 3745 itt
975 3691 1280 3747 aversando
1311 3691 1524 3757 incidit,
1558 3691 1747 3747 infelix
1778 3712 1791 3748 :
1825 3693 2009 3763 itaque

423 3786 471 3840 si
499 3784 770 3838 aversaris
806 3783 892 3837 illa
927 3783 1065 3847 sola,
1101 3799 1221 3853 qua:
1242 3793 1370 3838 sunt
1404 3790 1600 3853 praeter
1630 3790 1906 3847 naturam,
1937 3799 2004 3838 ex

422 3878 526 3943 eis,
563 3893 682 3947 qua:
716 3877 768 3930 in
808 3889 857 3932 te
891 3886 1041 3940 sunt,
1068 3875 1272 3930 nullam
1309 3875 1364 3928 in
1411 3890 1527 3929 rem
1558 3874 1769 3931 incides
1793 3890 2003 3942 earum,

423 3984 561 4039 quas
592 3969 884 4034 aversaris,
919 3969 1001 4022 sin
1024 3982 1155 4023 vero
1184 3968 1458 4034 morbum,
1491 3976 1585 4021 aut
1609 3976 2002 4037 paupertatem,
2100 3976 2103 3979 '

426 4062 509 4116 vel
549 4068 778 4116 mortem
824 4060 1115 4127 averseris,
1143 4058 1497 4114 calamitosus
1516 4059 1645 4114 eris.

1020 4166 1246 4222 CAPUT
1291 4166 1406 4223 VII.

496 4281 648 4337 Tolle
697 4281 862 4352 igitur
903 4279 1245 4334 aversionem
1292 4280 1362 4334 ab
1406 4280 1682 4346 omnibus,
1715 4295 1836 4350 qua:
1878 4290 2007 4336 sunt

426 4384 622 4444 prater
663 4385 911 4428 naturam
941 4386 1005 4425 ex
1039 4372 1107 4426 iis
1162 4387 1284 4440 qua:
1319 4372 1372 4424 in
1410 4371 1565 4426 nobis
1591 4386 1751 4437 sunt;
1792 4374 2003 4445 cupidi-

2114 1869 2211 1923 καὶ
2244 1866 2356 1925 τῶν
2384 1866 2669 1937 προτέρων
2696 1865 2974 1934 ἐφίεσθαι,
2998 1867 3217 1920 πάντων
3246 1884 3309 1935 γε
3342 1868 3447 1940 μὴν
3474 1868 3707 1923 ἐκείνων

2112 1958 2391 2031 ἀπο-τεύξῃ
2439 1957 2508 2011 δι’
2564 1952 2640 2013 ὧν
2685 1957 2851 2030 μόνον
2900 1958 3188 2030 ἐλευθερία
3229 1960 3325 2013 καὶ
3376 1960 3723 2041 εὐδαιμονία⁴

2117 2050 2484 2121 περιγίνεται.

2716 2254 2970 2310 ΚΕΦΔΛ.
3016 2251 3092 2307 E'.

2186 2360 2364 2427 Εὐθὺς
2406 2360 2501 2417 οὖν
2537 2364 2687 2436 πάσῃ
2734 2364 3009 2436 φαντασίᾳ
3056 2368 3291 2440 τραχείᾳ
3337 2366 3540 2438 μελέτα
3580 2369 3703 2423 ἑπι-

2112 2459 2290 2525 λέγειν
2312 2496 2327 2522 ,
2359 2457 2441 2510 ὅτι
2473 2456 2742 2525 φαντασία
2773 2453 2846 2531 ᾖ,
2886 2459 2984 2512 καὶ
3007 2458 3069 2511 οὐ
3105 2460 3322 2523 πάντως
3348 2459 3413 2512 τὸ
3436 2460 3699 2532 φαινόμιο

2111 2566 2222 2614 νον,
2256 2547 2451 2601 ἔπειτα
2488 2547 2711 2613 ἐξέταζε
2738 2549 2933 2622 αὐτὴν,
2961 2550 3058 2603 καὶ
3084 2550 3349 2620 δοκίμαζε
3387 2553 3500 2615 τοῖς
3536 2550 3698 2605 κανό-

2113 2656 2219 2707 σιν,
2252 2633 2336 2704 οἷς
2359 2628 2514 2712 ’ἔχεις
2539 2682 2556 2709 ,
2615 2642 2818 2713 πρώτῳ
2855 2641 2913 2694 δὲ
2955 2644 3053 2695 καὶ
3080 2641 3257 2713 τούτῳ
3280 2684 3295 2710 ,
3328 2643 3423 2697 καὶ
3457 2643 3695 2715 μάλιστα

2113 2729 2342 2800 πότερον
2388 2731 2518 2803 περὶ
2558 2730 2626 2784 τά
2656 2733 2741 2801 ἐφ’
2776 2732 2910 2802 ἡμῖν
2959 2732 3109 2786 ἐστιν
3144 2733 3179 2804 ἢ
3209 2735 3340 2804 περὶ
3368 2732 3436 2787 τά
3468 2735 3570 2789 οὐκ
3607 2735 3695 2802 ἐφ’

2112 2806 2267 2891 ἡμῖν,
2313 2822 2527 2895 κᾶνπερ
2612 2840 2664 2874 τι
2695 2822 2805 2877 τῶν
2832 2822 2935 2877 οὐκ
2966 2822 3053 2895 ἐφ’
3076 2824 3212 2903 ἡμῖν
3235 2825 3527 2903 πρόχειρον
3554 2824 3697 2880 ἔστω

2107 2915 2170 2967 τὸ
2201 2915 2285 2968 ὅτι
2312 2913 2467 2969 οὐδὲν
2500 2914 2634 2987 πρὸς
2673 2915 2753 2969 σέ.
3076 2898 3083 2903 Ἣ
3471 2898 3490 2917 ’

2700 3202 2955 3258 ΚΕΦΑΛ.
2997 3206 3091 3272 ς’.

2138 3374 2143 3379 κ
2179 3313 2446 3384 Μέμνησο
2471 3315 2553 3377 ὅτι
2585 3314 2817 3386 ὀρέξεως
2850 3319 3154 3389 ἐπαγγελία
3181 3322 3439 3394 ὲπιτυχέα
3470 3316 3533 3380 οὗ
3570 3325 3695 3398 ὀρι-

2110 3423 2304 3476 γεται,
2363 3407 2666 3473 ἐκκλίσεως
2722 3411 3029 3479 ἐπαγγελία
3080 3412 3138 3466 τὸ
3204 3414 3280 3487 μὴ
3337 3420 3695 3490 περιπίπτειν

2110 3500 2306 3570 ἐκείνῳ
2329 3539 2345 3564 ,
2396 3499 2424 3553 ὃ
2455 3501 2787 3556 ἐκκλίνεται.
2832 3504 2891 3556 '0
2925 3504 3024 3574 μὲν
3059 3506 3118 3558 ὲν
3156 3506 3336 3577 ὀρέξει
3379 3511 3695 3582 άποτυγχάο

2112 3606 2240 3656 νων,
2269 3590 2497 3663 ἀτυχής·
2522 3595 2550 3645 ὁ
2580 3594 2637 3646 δὲ
2665 3594 2723 3648 ὲν
2751 3595 2992 3649 ὲκκλίσει
3022 3598 3370 3669 περιπίπτων
3394 3600 3692 3674 δυστυχήςο

2110 3685 2206 3739 ἐὰν
2244 3681 2337 3740 οὖν
2379 3688 2517 3758 μόνα
2548 3687 2804 3761 ἐκκλίνῃς
2833 3689 2903 3743 τά
2933 3690 3086 3759 παρὰ
3121 3690 3284 3760 φύσιν
3318 3692 3426 3747 τῶν
3453 3696 3551 3746 ἐπὶ
3579 3696 3689 3761 σοὶ,

2109 3778 2287 3831 οὐδενὶ
2320 3772 2396 3832 ὦν
2433 3778 2705 3843 ὲκκλίνεις
2734 3783 3038 3854 περιπέσῃσ
3070 3783 3227 3839 νόσον
3254 3784 3312 3838 δὲ
3343 3786 3411 3840 ἂν
3434 3788 3696 3863 ἐκκλίνῃς

2108 3868 2142 3941 ἢ
2172 3869 2384 3935 πενίαν,
2412 3870 2447 3941 ἦ
2481 3870 2732 3937 θάνατον,
2763 3874 3146 3946 δυστυχήσεις.

2718 4163 2974 4218 ΚΕΦᾹΛ.
3014 4165 3088 4219 Ζ’.
3118 4213 3124 4219 ,

2177 4270 2349 4346 Ἆρον
2379 4271 2471 4329 οὖν
2501 4275 2600 4346 τὴν
2641 4274 2883 4331 ἔκκλισιν
2919 4278 3027 4331 ἀπὸ
3068 4280 3290 4335 πάντων
3329 4280 3436 4336 τῶν
3469 4283 3571 4336 οὐκ
3606 4286 3692 4352 ἐφ’

2112 4368 2263 4438 ἡμῖν,
2301 4370 2395 4421 καὶ
2426 4368 2657 4438 μετάθες
2688 4369 2778 4421 ἐπὶ
2806 4369 2875 4423 τὰ
2910 4370 3062 4439 παρὰ
3091 4360 3252 4440 φῦσιν
3282 4372 3390 4426 τῶν
3420 4375 3506 4441 ἐφ’
3535 4376 3693 4445 ἡμῖν,

428 4476 590 4531 tatem
622 4479 750 4518 vero
785 4478 885 4531 pro
916 4460 1170 4530 praesenti
1213 4462 1437 4515 omnino
1483 4459 1731 4527 auferas;
1766 4463 1811 4517 si
1853 4463 2000 4518 enim

2114 4458 2203 4529 τὴν
2239 4458 2417 4529 ὄρεξιν
2447 4458 2500 4512 δὲ
2538 4460 2812 4524 παντελῶς
2839 4463 2931 4514 ἐπὶ
2961 4462 3055 4515 τοῦ
3089 4465 3353 4535 παρόντος
3381 4465 3559 4521 ἄνελε.
3592 4468 3698 4518 ’Λν

425 4569 645 4630 appetas
673 4554 878 4624 aliquid
905 4568 1096 4607 eorum
1123 4568 1245 4622 quae
1285 4569 1394 4607 non
1423 4564 1554 4608 sunt
1586 4554 1641 4608 in
1677 4554 1854 4620 nobis,
1891 4554 2005 4610 fru-

423 4651 584 4707 strari
635 4660 924 4703 necessum
960 4654 1075 4711 est;
1127 4661 1314 4699 verum
1349 4660 1515 4715 quam
1550 4646 1752 4701 bonum
1785 4646 1858 4703 sit
1902 4662 2003 4716 ap-

423 4753 606 4814 petere
650 4754 713 4793 ea
742 4752 866 4807 qua:
909 4738 963 4790 in
1004 4736 1164 4791 nobis
1211 4744 1360 4800 sunt,
1398 4737 1579 4792 adhuc
1624 4739 1716 4791 tibi
1761 4753 1868 4793 non
1920 4747 2006 4795 est

423 4833 799 4897 manifestum,
847 4833 942 4886 sed
980 4831 1153 4886 solmn
1198 4840 1346 4885 motu
1381 4846 1492 4901 quo
1517 4831 1584 4885 ad
1619 4832 1823 4902 aliquid
1871 4847 2005 4887 con-

423 4927 671 4987 verteris.
722 4926 805 4979 vel
856 4942 918 4981 ex
970 4927 1154 4995 aliquo
1203 4935 1256 4979 te
1302 4927 1559 4995 proripis,
1596 4937 1747 4981 ntere
1793 4925 2003 4992 leviter,

422 5021 543 5074 sine
587 5019 873 5081 dilatione,
915 5029 969 5071 ct
1009 5034 1132 5070 cum
1180 5016 1522 5086 exceptione,
1560 5023 1725 5085 atque
1753 5015 2001 5069 remisse.

1010 5128 1241 5184 CAPUT
1282 5129 1417 5183 Vill.

496 5226 806 5296 Unicuique
846 5226 1087 5288 illorum,
1136 5240 1258 5293 qua
1306 5225 1551 5277 animum
1598 5222 1869 5287 alliciunt,
1910 5234 2004 5277 aut

426 5321 715 5377 utilitatem
759 5319 1022 5387 praebent,
1060 5315 1141 5369 vel
1195 5316 1515 5385 diliguntur,
1551 5326 1827 5369 memento
1867 5315 2006 5383 adji-

424 5427 547 5470 cere
584 5411 817 5466 dicendo
868 5408 1196 5478 (cujusmodi
1234 5408 1339 5476 est)
1378 5422 1609 5462 exorsus
1656 5424 1686 5462 a
1736 5409 2002 5475 minimis,

426 5503 475 5561 si
511 5505 707 5570 diligas
738 5503 927 5565 oilatn,
954 5501 1100 5571 quod
1149 5503 1311 5555 ollam
1344 5501 1556 5571 diligis;
1607 5516 1733 5555 nam
1774 5517 1838 5557 ea
1873 5518 2007 5559 con-

427 5595 599 5650 fracta
625 5609 730 5647 non
761 5592 1202 5663 perturbaberis;
1236 5595 1280 5649 si
1305 5594 1528 5648 tiliolum
1555 5603 1706 5648 tuum
1733 5610 2005 5665 perames,

427 5694 522 5738 aut
565 5697 815 5747 uxorem,
851 5683 999 5753 quod
1046 5684 1320 5738 nominem
1372 5688 1644 5756 pe’ramas,
1675 5701 1800 5744 cum
1850 5703 2005 5744 nam-

429 5783 534 5837 que
557 5766 871 5836 decesserit,
907 5784 1017 5824 non
1044 5770 1370 5833 turbaberis.

2104 4566 2163 4603 τε
2189 4551 2298 4621 γάρ
2319 4550 2484 4622 ὀρέγῃ
2507 4550 2616 4604 τῶν
2635 4553 2737 4605 οὐκ
2761 4552 2846 4622 ἐφ’
2869 4555 3001 4625 ἡμῖν
3020 4572 3186 4619 τινος,
3211 4558 3428 4628 ἀτυχεῖν
3452 4557 3668 4626 ἀνάγκη
3694 4593 3703 4599 η

2108 4644 2228 4697 Τῶν
2273 4643 2329 4696 δὲ
2374 4645 2461 4714 ἐφ’
2507 4646 2641 4714 ἡμῖν
2689 4647 2813 4700 ὅσον
2862 4648 3153 4718 ὀρέγεσθαι
3201 4649 3366 4702 καλὸν
3412 4649 3567 4704 οὔπω
3608 4668 3693 4703 σοι

2106 4733 2341 4804 πάρεστι
2369 4749 2383 4762 ·
2430 4735 2576 4804 μόνῳ
2603 4734 2661 4787 δὲ
2690 4735 2766 4805 τῷ
2794 4739 2992 4809 ὁρμᾷν,
3026 4738 3059 4808 ἢ
3103 4739 3356 4811 ἀφορμᾷν
3390 4739 3526 4810 χρῷ,
3561 4741 3683 4793 κού-

2108 4846 2244 4899 φως,
2274 4830 2675 4900 ἀνυπεροέτως,
2705 4832 2797 4885 καὶ
2835 4833 2949 4901 μεθ’
2983 4834 3392 4906 ὑπεξαιρέσεως
3422 4837 3517 4891 καὶ
3542 4838 3697 4892 ἀνει-

2110 4940 2305 4994 μενως.

2707 5132 2933 5184 ΚΕΦΑΛ
2945 5170 2957 5184 .
3000 5130 3081 5186 H'.

2192 5217 2309 5287 Ἐφ’
2336 5219 2569 5274 ἑκάστου
2606 5220 2713 5274 τῶν
2743 5221 3238 5293 ψυχαγωγούντων,
3266 5224 3299 5295 ῆ
3330 5225 3517 5296 χρείας
3546 5241 3695 5295 παρ-

2109 5310 2364 5378 εχόντων,
2402 5311 2434 5381 ἢ
2465 5315 2850 5384 στεργομένων
2889 5316 3136 5385 μέμνησο
3168 5317 3446 5385 ἐπιλέγειν
3487 5318 3695 5388 (ὁποῖός

2109 5403 2258 5454 ἐστιν
2292 5402 2400 5462 ἀπὸ
2432 5405 2540 5457 τῶν
2590 5408 2974 5477 σμικροτάτων
3014 5408 3341 5479 ἀρξάμενος,
3388 5409 3454 5462 ἂν
3485 5410 3695 5482 χύτραν

2110 5492 2387 5566 στέργῃς),
2414 5496 2495 5548 ὅτι
2529 5496 2734 5567 χύτραν
2767 5499 3017 5570 στέργεις
3037 5516 3050 5532 ο
3083 5500 3447 5570 κατεαγείσης
3485 5501 3595 5570 γάρ
3630 5501 3695 5555 οὐ

2107 5586 2450 5657 ταραχθήσῃ,
2476 5588 2541 5640 ἂν
2565 5589 3031 5651 παιδίονκσεαυτοῦ
3064 5592 3354 5661 καταφιλῇ,
3380 5592 3412 5662 ἦ
3435 5596 3695 5662 γυναῖκα,

2108 5677 2192 5731 ὅτι
2223 5676 2508 5748 ἄνθρωπον
2539 5683 2878 5751 καταφιλεῖςο
2910 5682 3271 5746 ἀποθανόντος
3301 5684 3410 5754 γάρ
3439 5684 3500 5736 οὐ
3527 5700 3697 5755 rapa-

2112 5774 2308 5848 χθήσῐι·
