4066 6146
390 309 530 382 Ὲὲεθ

989 424 1237 478 ΚΕΦΛΛ.
1277 423 1353 476 Θ’.

463 541 636 592 Ὅταν
667 537 936 592 ἅπτεσθαι
957 553 1104 599 τινος
1130 535 1292 606 ἔργου
1320 533 1538 606 μέλλῃς,
1574 535 1959 604 ὑπομίμνησκε

395 631 642 695 σεαυτὸν,
691 628 870 681 ὁποῖόν
919 626 972 678 τί
1017 627 1134 678 ἐστι
1180 625 1240 678 τὸ
1279 626 1463 696 ἔργονο
1515 627 1610 678 ἐὰν
1641 625 1962 692 λουσόμενος

394 721 584 790 ἀπίῃς,
609 715 850 787 πρόσαλε
900 712 1111 782 σεαυτῷ
1157 713 1228 765 τὰ
1254 713 1522 782 γενόμενα
1557 713 1614 765 ὲν
1660 710 1924 781 βαλανείῳ
1945 725 1960 740 ·

396 809 520 870 τοὺς
559 803 1008 874 ἁπορραίνοντας,
1042 803 1169 864 τοὺς
1203 801 1599 870 ἐνσειομένους,
1630 800 1758 861 τοὺς
1797 800 1966 852 λοιδο-

397 901 649 971 ροῦντας,
682 896 808 958 τοὺς
841 893 1194 956 κλέπτοντας,
1225 891 1319 944 καὶ
1353 889 1526 954 οὕτως
1564 890 1966 960 ἀσφαλέστερον

398 991 510 1062 ἅψῃ
535 987 630 1042 τοῦ
678 987 863 1056 ἔργου,
899 983 962 1038 ἂν
1011 982 1275 1052 ἐπιλέγῃς
1319 981 1503 1045 εὐθὺς,
1553 982 1632 1034 ὃτι
1661 979 1968 1034 Λούσασοαι

399 1077 570 1138 θέλω,
624 1075 718 1128 καὶ
767 1073 868 1142 τὴν
926 1069 1164 1140 ἐμαυτοῦ
1217 1069 1566 1139 προαίρεσιν,
1619 1069 1760 1124 κατὰ
1807 1067 1969 1136 φύσιν

398 1169 624 1238 ἔχουσαν
650 1165 910 1236 τηρῆται,
944 1162 1006 1214 οὐ
1031 1161 1256 1232 τηρήσω
1280 1158 1356 1226 δὲ,
1387 1159 1480 1211 ἐὰν
1513 1157 1808 1227 ἀγανακτῶ
1833 1157 1970 1226 πρὸς

398 1260 464 1313 τὰ
489 1256 770 1326 γινόμενα.
1065 1295 1068 1298 .

1007 1364 1260 1418 ΚΕΦΛΛ.
1303 1355 1358 1416 1³.

465 1484 512 1535 Τ
515 1481 745 1551 αρόισσει
779 1479 904 1540 τοὺς
938 1477 1261 1546 ἀνθρώπους
1288 1476 1350 1528 οὐ
1380 1475 1448 1528 τὰ
1477 1469 1801 1544 πράγματα,
1839 1470 1975 1524 ἀλλὰ

401 1575 467 1629 τὰ
509 1571 775 1644 περὶτῶν
809 1569 1154 1641 πραγμάτων
1193 1567 1440 1636 δόγματα
1462 1581 1476 1596 ⁸
1527 1559 1638 1617 οἷον
1674 1565 1703 1616 ό
1747 1563 1974 1626 θάνατος

399 1667 461 1718 οὐ
487 1663 679 1724 δεινὸν,
715 1659 838 1714 ἐπεὶ
883 1659 979 1712 καὶ
1027 1659 1306 1729 Σωκράτει
1346 1659 1411 1711 ἂν
1442 1655 1712 1724 ἐφαίνετο,
1757 1654 1892 1707 ἀλλὰ
1916 1653 1977 1705 τὸ

1620 305 1962 407 EPICTETl
2013 303 2392 364 MANUALE-

3489 303 3624 369 1290

2658 417 2882 475 CAPUT
2921 419 3011 474 iX.

2133 529 2361 596 Quando
2403 544 2758 601 aggressurus
2805 547 2864 598 es
2911 530 3130 600 aliquod
3165 546 3319 602 opus,
3370 534 3424 589 in
3477 544 3624 591 tuam

2065 635 2256 675 revoca
2294 627 2556 681 ‘meutcm,
2600 621 2760 689 quale
2800 621 2870 674 sit
2915 621 3024 674 tale
3070 621 3320 690 opuszsi
3368 625 3627 682 lavandos
3678 665 3692 684 .

2065 709 2284 776 abieris,
2313 708 2411 764 tibi
2447 707 2549 778 lpsi
2589 723 2851 778 propone,
2879 723 3000 776 qua:
3027 709 3164 762 liunt
3189 709 3241 762 in
3273 709 3497 776 balneo;
3530 712 3628 767 hos

2066 797 2324 852 nimirum
2346 807 2717 868 aspergentes,
2748 797 2870 851 illos
2901 796 3222 866 indigentes.
3257 799 3358 854 hos
3385 803 3630 857 convicia

2063 887 2352 957 iacientes,
2402 886 2523 941 illos
2573 884 2836 950 furantes,
2890 895 2945 940 et
2995 887 3076 942 sic
3115 903 3254 957 opus
3303 893 3632 961 aggredieris

2071 977 2344 1040 securius,
2395 976 2438 1030 si
2477 976 2657 1030 statim
2689 975 2964 1048 addideris
2985 976 3233 1042 dicendo,
3262 981 3406 1048 quod
3439 979 3631 1036 [δονοιὶ

2070 1067 2231 1137 33o
2257 1066 2475 1136 quidem
2504 1066 2643 1130 volo,
2677 1075 2732 1120 et
2769 1081 2986 1120 servare
3014 1081 3233 1137 quoque
3265 1085 3464 1135 meum,
3491 1077 3634 1142 quod

2073 1165 2282 1208 naturae
2307 1155 2578 1226 congruit,
2613 1155 2982 1224 propositum;
3017 1171 3122 1210 non
3152 1157 3452 1215 observabo
3486 1179 3633 1230 vero,

2074 1247 2120 1300 si
2150 1245 2217 1300 ad
2246 1261 2310 1300 ea
2339 1262 2459 1316 quae
2489 1247 2644 1312 ﬁunt,
2675 1246 3112 1317 indignabundus
3138 1249 3358 1304 irascar.

2613 1419 2620 1424 ,
2687 1357 2916 1433 CAPUT
2955 1360 3023 1416 Χ.
3081 1323 3100 1356 ¹

2149 1469 2394 1524 Turbant
2420 1470 2669 1526 homines
2704 1487 2810 1528 non
2836 1488 2923 1528 res
2955 1473 3104 1544 ipsa,
3136 1485 3192 1530 at
3213 1477 3278 1530 de
3310 1478 3472 1532 rebus
3507 1479 3641 1546 ipsis

2078 1561 2364 1630 opiniones
2395 1579 2409 1614 :
2436 1576 2585 1616 mors
2629 1563 2881 1619 videlicet
2922 1581 3030 1619 non
3080 1577 3163 1621 est
3206 1568 3410 1636 aliquid
3453 1583 3638 1637 grave,

2079 1653 2317 1722 alioquin
2347 1662 2400 1706 et
2425 1651 2636 1708 Socrati
2660 1655 2834 1708 visum
2865 1667 3030 1720 esset,
3065 1657 3162 1712 sed
3188 1659 3394 1726 opinio,
3428 1675 3550 1728 quze
3569 1662 3643 1712 de

400 1754 574 1823 δόγμα
619 1753 680 1806 τὸ
725 1750 857 1821 περὶ
899 1748 994 1802 τοῦ
1047 1747 1278 1802 θανάτου
1324 1747 1460 1800 διότι
1507 1745 1710 1798 δεινόν’
1765 1745 1880 1796 ἐκεῖ
1917 1744 1978 1832 τὸ

2086 1752 2256 1796 morte
2301 1743 2620 1812 concipitur,
2657 1746 2800 1814 quod
2848 1761 2910 1800 ea
2958 1763 3122 1812 grave
3167 1749 3299 1817 quid
3342 1759 3460 1812 est;
3514 1757 3644 1802 tunc

399 1844 568 1896 δεινόν
600 1844 768 1895 ἐστιν.
808 1838 976 1894 Ὅταν
1017 1833 1114 1890 οὖν
1161 1835 1602 1906 έμποδιζὼμεθα,
1633 1833 1666 1904 ἢ
1701 1831 1980 1900 ταραττὼ-

403 1935 564 2004 μεθα,
605 1934 639 2003 ἢ
679 1927 997 2000 λυπώμεθα,
1059 1927 1326 1997 μηδέποτε
1361 1925 1520 1980 ἄλλον
1557 1923 1763 1994 μηδένα
1793 1922 1978 1976 αἰτιώ-

405 2023 562 2092 μεθα,
616 2019 728 2074 ἀλλ’
769 2016 997 2080 ἑαυτοὺς
1037 2013 1182 2067 τοῦτ’
1216 2013 1333 2066 ἐστι
1370 2013 1440 2064 τὰ
1465 2011 1672 2064 ἑαυτῶν
1713 2011 1976 2081 δόγματα,

406 2111 722 2168 ἀπαιδεύτου
771 2110 929 2182 ἔργον
979 2107 1042 2162 τὸ
1091 2106 1236 2176 ἄλλῳ
1294 2101 1547 2170 ἐγκαλεῖν
1577 2101 1662 2169 ἐφ’
1689 2097 1770 2164 οἷς
1817 2101 1982 2164 αὐτὸς

407 2202 637 2274 πράττει
693 2199 879 2262 κακῶς
929 2197 1204 2270 ἠργμένον
1251 2193 1601 2247 παιδεύεσθαι
1641 2191 1700 2244 τὸ
1765 2191 1976 2260 ἐαυτῷ,

404 2289 834 2361 πεπαιδευμένου
873 2289 934 2342 τὸ
968 2290 1104 2359 μήτε
1135 2287 1276 2357 ἄλλῳ
1321 2287 1460 2356 μήτε
1482 2282 1683 2359 ἑαυτῷ.

1007 2576 1258 2629 ΚΕΦΛΛ.
1301 2575 1404 2628 IA’.

489 2690 696 2760 Μηδενὶ
745 2687 988 2758 ὲπαρθῇς
1048 2685 1316 2757 ἀλλοτρίῳ
1375 2685 1767 2758 προτερήματι.
1839 2687 1900 2739 Εἰ
1945 2687 1994 2739 ό.

405 2780 570 2846 ἵππος
611 2781 993 2852 ἐπαιρόμενος,
1045 2779 1252 2848 ἔλεγεν,
1299 2779 1382 2830 ὅτι
1410 2778 1589 2841 Καλός
1631 2779 1768 2848 εἰμι,
1805 2779 1980 2832 οἰστὸν

405 2873 474 2928 ἂν
513 2871 600 2944 ἦν.
653 2875 723 2926 Σὺ
769 2873 826 2925 δὲ
869 2875 997 2926 ὅταν
1041 2872 1222 2938 λέγεις
1260 2869 1643 2940 ἐπαιρόμενος,
1679 2871 1760 2923 ὃτι
1783 2869 1982 2923 Ἵππον

409 2949 570 3018 καλὸν
605 2964 734 3038 ἔχων,
761 2962 872 3017 ἴσθι
905 2963 986 3014 ὅτι
1013 2963 1104 3014 ἐπὶ
1132 2961 1286 3030 ἵππῳ
1311 2959 1498 3030 ἁγαθῷ
1531 2960 1756 3032 ἐπαερῃ.
1797 2963 1862 3014 Τί
1891 2959 1982 3014 οὖν

408 3056 524 3108 ἐστι
549 3055 670 3119 σόν;
701 3055 905 3124 Χρῆσις
946 3053 1276 3123 φαντασιῶν.
1341 3054 1507 3106 Ὅταν
1546 3047 1638 3106 οὖν
1686 3055 1744 3105 ἐν
1789 3054 1982 3124 χρήσει

412 3145 716 3207 φαντασιῶν
771 3146 912 3199 κατὰ
970 3144 1132 3212 φύσιν
1185 3144 1348 3216 ἔχῃς,
1401 3144 1702 3214 τηνικαῦτα
1751 3145 1984 3211 εὐλόγως

407 3233 691 3306 ὲπαρθήσῃ
723 3251 736 3264 ⁸
786 3236 906 3289 τότε
937 3236 1046 3306 γὰρ
1075 3236 1170 3288 ἐπὶ
1201 3235 1278 3305 σῷ
1307 3251 1410 3288 τινι
1449 3235 1636 3305 ἀγαθῷ
1675 3236 1980 3308 ἐπαρθήσῃ.

2079 1833 2278 1888 etenim
2305 1835 2523 1888 exsistit
2553 1835 2682 1903 quid
2729 1851 2912 1904 grave.
2942 1837 3171 1902 Quando
3211 1839 3376 1910 igitur
3411 1840 3644 1909 impedi-

2081 1940 2221 1988 mur,
2254 1932 2348 1978 aut
2371 1925 2772 1992 perturbantur,
2797 1927 2882 1981 vel
2919 1928 3188 1993 dolemus,
3217 1930 3529 1984 nullatenus
3557 1947 3648 1983 ac-

2079 2029 2333 2069 euscmus
2363 2015 2528 2068 alium
2567 2030 2918 2086 quemquam,
2960 2019 3050 2072 sed
3087 2019 3360 2088 nosipsos,
3391 2016 3496 2074 hoc
3533 2031 3639 2081 est,

2078 2109 2297 2159 nostras
2340 2105 2486 2175 ipsas
2535 2105 2820 2176 Opinioncs
2855 2123 2870 2160 :
2904 2107 3144 2163 hominis
3196 2111 3394 2179 quippe
3445 2093 3650 2164 inilo’eii

2078 2202 2162 2247 est
2193 2193 2357 2256 actio,
2405 2194 2632 2249 alterum
2671 2195 2952 2251 criminari
2991 2198 3046 2251 in
3085 2199 3188 2259 his,
3215 2213 3337 2266 quae
3380 2199 3496 2268 ipse
3545 2199 3650 2252 im-

2079 2283 2249 2352 probe
2282 2292 2460 2353 patrat
2491 2302 2504 2337 :
2535 2285 2866 2356 incipientis,
2890 2288 3158 2359 castigare
3206 2289 3280 2354 id,
3311 2288 3379 2344 de
3415 2305 3528 2360 quo
3560 2306 3648 2344 re-

2081 2372 2482 2442 prehenditur;
2533 2376 2756 2439 eruditi,
2803 2393 2980 2448 neque
3027 2377 3280 2444 alterum,
3333 2395 3508 2450 neque
3561 2399 3646 2434 ιςυς
3735 2422 3741 2427 .

2081 2463 2260 2537 ipsum
2290 2467 2532 2538 improba
2543 2484 2617 2524 re.

2681 2580 2910 2636 CAPUT
2955 2582 3044 2638 XI.

2152 2693 2366 2751 Nullam
2393 2697 2463 2751 ob
2491 2697 2927 2753 commoditatem
2965 2699 3254 2770 potiorem,
3293 2716 3414 2772 quae
3453 2703 3508 2758 iu
3549 2705 3657 2759 alio

2083 2782 2163 2848 iit,
2193 2782 2459 2840 etieraris.
2493 2782 2548 2838 Si
2575 2787 2774 2840 etenim
2814 2802 3010 2857 equus,
3045 2787 3172 2844 dum
3214 2793 3478 2861 superbit,
3509 2794 3658 2849 dicc-
3743 2858 3746 2861 I

2083 2881 2186 2939 ret,
2216 2875 2362 2942 quod
2383 2870 2614 2929 Pulcher
2643 2891 2789 2940 sum,
2818 2874 3098 2932 ferendum
3137 2882 3352 2950 quidem
3377 2893 3543 2938 esset.
3575 2883 3656 2938 Tu

2084 2975 2264 3019 autem
2319 2981 2442 3020 cum
2495 2966 2668 3022 elatus
2715 2969 2994 3036 jactautia,
3056 2971 3215 3038 dicis,
3265 2976 3409 3044 quod
3443 2975 3656 3046 Equum

2085 3057 2371 3126 pulchrum
2431 3058 2625 3120 habeo,
2681 3060 2842 3125 scias,
2891 3062 3035 3129 quod
3075 3063 3146 3116 ob
3200 3079 3400 3134 equum
3454 3066 3658 3122 bonum

2091 3148 2478 3216 gloriabundus
2504 3149 2776 3204 cxtolleris
2806 3167 2818 3202 :
2849 3151 2977 3219 quid
3007 3147 3167 3221 igitur
3195 3161 3346 3208 tuum
3366 3156 3486 3210 est?
3517 3157 3662 3213 Usus

2092 3237 2346 3292 nimirum
2389 3238 2838 3307 imaginationum
2862 3283 2874 3296 .
2902 3239 3037 3294 Cum
3081 3256 3213 3313 ergo
3238 3244 3294 3299 in
3335 3257 3432 3300 usu
3471 3247 3663 3319 imagi-

407 3331 690 3382 nationum
719 3329 1035 3383 naturaliter
1066 3339 1118 3382 te
1185 3328 1441 3398 gesseris,
1507 3337 1618 3383 tum
1660 3329 1938 3384 extolleris
2001 3329 2435 3402 rationabiliter;
2485 3341 2618 3388 tunc
2675 3348 2869 3404 nempe
2908 3335 2974 3390 de
3017 3335 3200 3405 aliquo
3247 3345 3342 3394 tuo
3367 3339 3508 3396 bono
3537 3341 3664 3398 elle-

412 3427 566 3480 reris.

1003 3534 1254 3593 ΚΕΦΑΛ.
1297 3537 1395 3593 IB’.

481 3659 748 3728 Καθάπερ
795 3651 852 3708 ἐν
894 3653 1012 3723 πλῷ
1051 3653 1144 3706 τοῦ
1184 3652 1370 3706 πλοίου
1417 3645 1896 3721 καθορμισοέντος.
1938 3651 1986 3704 εἶ

411 3753 644 3820 testem;
674 3745 1056 3820 ὑδρεύσασθαι,
1101 3743 1220 3796 ὁδοῦ
1253 3743 1552 3812 πάρεργον,
1587 3741 1682 3794 καὶ
1722 3741 1987 3809 mnam

410 3843 687 3907 ἀντιλέξαι,
737 3840 826 3892 καὶ
869 3836 1176 3907 βολὸἁριον,
1215 3833 1479 3886 τετάσθαι
1516 3833 1598 3884 δεῖ
1624 3831 1722 3902 τὴν
1751 3832 1988 3886 διάνοιαν

410 3937 502 3990 ἐπὶ
531 3935 593 3988 τὸ
629 3933 830 3992 πλοῖον,
877 3928 972 3982 καὶ
1006 3925 1244 3996 συνεχῶς
1293 3923 1740 3994 ἐπιστρέφεσθαι,
1785 3924 1914 3994 μήτ-ι
1962 3926 1990 3975 ὁ

412 4023 750 4094 κυϐερνήτης
779 4021 952 4081 καλεῖ,
969 4018 1072 4071 κᾶν
1097 4016 1304 4087 καλέσῃ
1338 4016 1514 4069 πάντα
1538 4016 1722 4067 ἐκεῖνα
1747 4015 1986 4082 ἀφιέναι,

415 4116 502 4170 ἵνα
550 4117 625 4186 μὴ
663 4112 938 4182 δεδεμένος
979 4109 1255 4180 ὲμϐληθῇς
1305 4109 1380 4170 ὡς
1423 4107 1490 4160 τὰ
1537 4106 1808 4176 πρόϐατα,
1848 4103 1990 4158 οὕτω

415 4208 508 4260 καὶ
551 4209 607 4257 ἐν
637 4203 716 4273 τῷ
744 4202 856 4272 ,βίῳ
895 4201 989 4254 ἐὰν
1014 4199 1228 4252 διδῶται
1267 4199 1388 4250 ἀντὶ
1417 4197 1706 4266 κοχλιδίου,
1741 4197 1834 4248 καὶ
1874 4193 1990 4264 βολ-

417 4299 632 4368 6αρεου,
695 4293 1070 4362 γυναικάριον,
1114 4291 1208 4342 καὶ
1256 4289 1489 4351 παιδίον,
1536 4287 1688 4340 οὐδὲν
1731 4285 1986 4338 κωλύσει.

431 4392 557 4444 Ἐὰν
589 4389 646 4440 δὲ
671 4389 698 4439 ὁ
727 4384 1064 4454 κυϐερνήτης
1107 4381 1336 4451 καλέσῃ,
1363 4379 1525 4450 τρέχε
1554 4379 1647 4432 ἐπὶ
1690 4377 1750 4430 τὸ
1788 4377 1986 4441 πλοῖον,

421 4481 579 4548 ἀφεὶς
625 4479 829 4535 ἐκεῖνα,
867 4473 1002 4542 μηδὲ
1032 4471 1492 4539 ἐπιστρεφόμενος
1518 4484 1532 4498 ο
1569 4469 1664 4520 ἐὰν
1716 4467 1772 4520 δὲ
1814 4467 1991 4536 γέρων

420 4570 509 4644 ᾖς,
537 4569 668 4641 μηδὲ
697 4565 1016 4634 ἀπαλλαγῇς
1044 4578 1172 4614 ποτε
1201 4560 1293 4613 τοῦ
1319 4561 1500 4612 πλοίου
1527 4557 1763 4629 μοικρδιν⁷
1785 4559 1991 4628 μήποτε

422 4664 754 4733 καλούμενος
785 4657 1008 4726 ἐλλίπῃς
1028 4705 1040 4718 .

1002 4765 1230 4819 ΚΕΦΛΛ
1244 4804 1255 4814 .
1297 4761 1394 4818 II".

491 4887 583 4957 Μὴ
612 4885 764 4955 ζήτει
793 4880 862 4934 τὰ
899 4879 1163 4948 γινόμενα
1207 4873 1458 4944 γίνεσθαι
1496 4872 1571 4936 ὡς
1614 4871 1809 4936 θέλεις,
1851 4871 1992 4925 ἀλλὰ

425 4981 542 5034 θέλε
573 4977 642 5030 τὰ
687 4973 947 5043 γινόμενα
995 4967 1240 5038 γίνεσθαι
1276 4965 1350 5019 ὡς
1395 4965 1628 5031 γίνεται,
1677 4964 1772 5015 καὶ
1815 4963 1993 5016 εὐδαι-

429 5071 682 5142 μονήσεις
705 5083 718 5098 ο
770 5065 922 5126 νόσος
961 5057 1215 5130 σώματός
1246 5058 1392 5108 ἐστιν
1423 5055 1698 5124 ἐμπόδιον,
1735 5054 1994 5124 προαιρέ-

427 5140 562 5222 eam:
582 5159 636 5212 δὲ
655 5157 738 5218 οὒ,
768 5154 862 5206 ἐὰν
889 5151 962 5220 μὴ
987 5148 1125 5217 αὑτὴ
1152 5146 1318 5198 θέλειο
1347 5143 1574 5212 χύλωσις
1605 5140 1827 5204 σκέλους
1849 5145 1996 5194 ἐστὶν

429 5249 708 5321 ἐμπόδιον,
743 5245 832 5296 σὺν
864 5241 922 5294 δὲ
956 5239 1040 5292 οὗ·

1025 5435 1278 5491 ΚΕΦΑΛ.
1316 5433 1414 5486 IA'.

507 5561 625 5632 Ἐφ’
658 5559 888 5614 ἑκάστου
934 5553 1042 5605 τῶν
1088 5545 1540 5620 προσπιπτόντων
1573 5540 1828 5610 μέμνησο
1877 5542 1997 5594 ἐπι-

439 5655 675 5723 στρέεξων
727 5649 822 5703 ἐπὶ
874 5645 1101 5700 σεαυτὸν
1151 5641 1368 5704 ζητεῖν,
1415 5636 1536 5688 τίνα
1585 5633 1810 5702 δύναμιν
1860 5633 2001 5705 ἔχεις

730 5749 996 5806 Parnm.
1029 5743 1143 5800 Gn.
1181 5737 1270 5795 LX
1285 5735 1365 5794 Χ]
1381 5735 1430 5792 Χ
1445 5775 1462 5791 .

2510 3564 2512 3566 τ
2582 3539 2739 3610 331
2774 3537 3002 3597 CAPUT
3053 3540 3166 3597 xu.

2163 3653 2631 3718 Quemadmodum
2674 3654 2726 3706 in
2777 3655 3117 3724 navigatione
3168 3655 3437 3710 subducto
3469 3657 3520 3710 in
3554 3668 3667 3714 sta-

2097 3744 2294 3797 tionem
2333 3745 2566 3814 navigio,
2602 3744 2644 3796 si
2681 3759 2840 3798 exeas
2867 3759 3148 3812 aquatum,
3177 3755 3226 3799 et
3257 3747 3320 3800 ad
3359 3747 3664 3814 bulbuluin,

2095 3833 2514 3902 cochleolasque
2557 3832 2906 3902 colligendas,
2941 3834 3084 3902 quod
3128 3841 3211 3888 est
3254 3847 3448 3902 prmter
3479 3853 3666 3893 susce-

2095 3932 2244 3993 ptum
2275 3923 2374 3978 via:
2395 3939 2563 3992 opus,
2595 3937 2748 3976 mens
2781 3931 2991 3990 Oportet
3036 3934 3093 3977 ut
3134 3923 3204 3978 sit
3234 3925 3444 3980 intensa
3476 3929 3542 3980 ad
3573 3946 3668 3981 nn-

2095 4013 2322 4084 rigium,
2363 4023 2418 4068 et
2449 4014 2640 4068 crebro
2666 4014 2928 4076 converti,
2960 4029 3086 4068 num
3129 4015 3458 4084 gubernator
3489 4031 3664 4080 vocet,

2095 4113 2150 4158 et
2197 4105 2240 4159 si
2288 4105 2582 4168 vocaverit,
2627 4101 2815 4156 omnia
2861 4103 2950 4157 illa
3007 4105 3309 4172 dimittere,
3345 4121 3413 4162 ne
3451 4107 3667 4163 vinctus

2097 4195 2374 4266 dejiciaris
2419 4195 2594 4250 instar
2647 4211 2945 4265 pecorum;
2991 4197 3069 4250 sic
3123 4197 3284 4251 etiam
3336 4199 3388 4252 in
3435 4201 3566 4266 vita,
3619 4204 3664 4256 si

2097 4288 2294 4341 dentur
2323 4287 2440 4340 vice
2469 4287 2780 4350 coelileolae,
2809 4297 2862 4340 et
2883 4287 3110 4353 bulbuli,
3139 4292 3422 4351 uxorcula,
3450 4301 3502 4347 et
3531 4309 3665 4362 pue-

2099 4380 2272 4440 rulus,
2313 4378 2447 4430 nihil
2484 4377 2810 4446 impedient;
2840 4365 2884 4432 si
2929 4393 3058 4432 vero
3085 4377 3414 4447 gubernator
3437 4396 3668 4435 vocave-

2099 4470 2189 4530 rit,
2229 4482 2386 4522 curre
2437 4466 2504 4520 ad
2555 4465 2852 4535 navigium,
2906 4465 3186 4522 dimittens
3239 4469 3442 4533 omnia,
3496 4485 3668 4540 neque

2099 4559 2469 4622 convertaris;
2511 4558 2654 4626 quod
2679 4558 2722 4610 si
2763 4556 2930 4612 fueris
2963 4574 3150 4624 senex,
3175 4574 3243 4614 ne
3276 4575 3513 4630 unquam
3553 4563 3668 4617 dis-

2101 4649 2332 4706 cesseris
2366 4664 2394 4702 a
2432 4647 2664 4717 navigio,
2695 4664 2760 4702 ne
2791 4647 2930 4703 forte
2964 4649 3134 4714 desis,
3163 4649 3292 4704 dum
3323 4653 3554 4707 vocaris.

2681 4761 2909 4817 CAPUT
2950 4761 3084 4817 XI".

2169 4877 2246 4934 Ne
2291 4894 2522 4949 quaeras,
2583 4886 2642 4930 ut
2683 4892 2766 4940 ea,
2819 4890 2940 4944 quae
2989 4875 3261 4940 accidunt,
3301 4875 3548 4930 eveniant
3595 4877 3674 4930 uti

2099 4973 2202 5037 vis,
2235 4975 2326 5028 sed
2369 4978 2654 5026 contentus
2702 4969 2798 5029 sis,
2835 4975 2892 5020 ut
2920 4981 3040 5036 qme
3069 4967 3392 5036 contingunt
3422 4967 3575 5030 ﬁant,
3617 4977 3677 5022 ut

2101 5065 2379 5130 eveniunt,
2413 5063 2599 5132 sicque
2633 5061 2777 5113 vives
2804 5059 2956 5112 beate
2987 5077 3000 5111 :
3039 5059 3282 5122 morbus,
3319 5059 3564 5128 Corporis
3593 5069 3678 5114 est

2104 5157 2585 5226 impedimentum,
2641 5151 2901 5220 propositi
2953 5159 3083 5203 vero
3131 5157 3510 5218 nequaquam,
3571 5151 3678 5206 nisi

2106 5249 2236 5302 velit
2265 5248 2434 5315 ipsum
2473 5265 2484 5298 :
2515 5243 2859 5299 claudicatio.
2888 5241 3068 5296 cruris
3096 5251 3182 5296 est
3203 5241 3672 5310 impedimentum,

2109 5355 2216 5392 non
2253 5353 2377 5392 vero
2408 5335 2505 5388 tui.

2693 5443 2919 5500 CAPUT
2961 5443 3100 5498 xw.
3189 5511 3194 5516 Α

2180 5541 2234 5595 1η
2285 5553 2610 5608 unoquoque
2663 5537 3090 5600 occurrentium,
3142 5549 3438 5591 conversus
3481 5534 3546 5589 ad
3597 5543 3676 5588 te—

2103 5635 2312 5704 .ipsum,
2343 5636 2617 5686 memento
2641 5643 2882 5696 qureret-c2
2915 5643 3075 5697 quam
3101 5628 3354 5682 virtutem
3387 5627 3589 5682 habeas
3609 5629 3674 5680 ad

3369 5720 3436 5781 41
