4066 6146
424 309 551 375 I291

1900 285 2200 347 SPURIA.

3541 275 3684 340 1292

419 436 575 477 nsum
620 418 829 489 ipsius;
877 413 922 469 si
961 411 1260 467 formosum
1294 407 1499 470 videas,
1544 413 1636 459 aut
1671 403 1990 459 formosam,
2022 449 2023 455 η

2120 414 2231 485 πρὸς
2259 410 2357 482 τὴν
2390 406 2588 478 χρῆσιν
2620 399 2783 456 αὐτοῦ
2806 414 2817 425 ·
2866 398 2932 451 ἂν
2961 392 3121 449 καλὸν
3155 391 3271 460 ἴδῃς
3303 387 3337 457 ἢ
3366 383 3557 454 καλὴν,
3588 394 3682 444 εὖ.

419 511 720 581 comperies
763 501 1016 561 virtutem
1068 508 1257 558 contra
1304 500 1406 553 ista
1450 494 1903 567 temperantiam;
1946 491 1991 546 si

423 605 687 661 inferatur
719 599 890 663 labor,
928 595 1171 651 invenies
1200 590 1596 655 constantiam,
1630 597 1686 643 et
1726 588 1774 643 si
1806 585 1997 643 convi-

420 698 589 760 cium,
636 690 874 762 reperies
919 688 1261 744 tolerantiam
1295 702 1309 739 :
1343 698 1578 752 cumque
1600 681 1760 752 332
1787 679 1867 734 sic
1903 691 1995 731 as-

422 787 646 849 sueiias,
678 797 862 838 rerum
902 780 1141 834 \isiones
1172 778 1358 831 animo
1388 780 1784 843 repraesentata
1811 783 1920 822 non
1946 775 1997 821 te

424 875 735 947 corripient.

1012 981 1240 1039 CAPUT
1280 978 1394 1034 XV.

493 1100 782 1170 Nunquam
825 1097 975 1152 dicas
1003 1095 1072 1151 de
1118 1094 1224 1149 ulla
1271 1107 1349 1155 re,
1382 1090 1526 1161 quod
1557 1102 1675 1142 eam
1725 1084 1997 1147 amiseris,

427 1193 521 1250 sed
544 1192 690 1263 quod
722 1188 1056 1254 reddideris;
1084 1185 1346 1257 puerulus
1388 1182 1543 1245 obiit,
1587 1179 1832 1234 redditus
1863 1175 1998 1241 fuit;

430 1299 569 1339 uxor
601 1281 858 1346 decessit,
887 1279 1132 1334 restituta
1157 1284 1272 1342 est;
1308 1274 1571 1345 praedium
1601 1270 1703 1325 fuit
1732 1276 2000 1339 ereptum,

431 1375 594 1431 etiam
641 1387 773 1428 vero
819 1371 1126 1425 restitutum
1166 1367 1267 1422 fuit
1297 1384 1311 1419 :
1341 1374 1394 1420 at
1448 1363 1728 1433 improbus
1780 1369 1864 1416 est
1914 1360 2004 1429 qui

434 1467 684 1533 abstulit;
716 1463 927 1534 etquid
967 1462 1065 1517 tibi
1102 1475 1268 1523 cum,
1297 1474 1419 1513 cum
1455 1457 1547 1525 qui
1579 1455 1724 1510 dedit
1760 1450 2007 1521 repetat?

434 1556 636 1612 Verum
677 1568 964 1625 usquequo
995 1550 1391 1614 conceduntur,
1433 1548 1651 1610 horum,
1692 1551 1753 1597 ut
1797 1542 2010 1597 alieno-

438 1664 556 1703 rum
582 1660 769 1703 curam
800 1659 945 1715 gere,
976 1657 1042 1698 eo
1071 1642 1256 1704 modo,
1288 1655 1397 1708 quo
1434 1636 1653 1707 hospitii
1690 1648 1877 1689 curam
1911 1632 2009 1684 ha~

437 1737 567 1792 bent
595 1741 984 1805 praetereuntes
1013 1730 1309 1801 peregrini.

980 1914 983 1921 η
1024 1818 1253 1897 CAPUT
1292 1839 1433 1895 xvu.

510 1961 569 2016 Si
596 1960 730 2014 velis
752 1958 1031 2026 prolicere,
1065 1954 1274 2008 dimitte
1304 1949 1681 2022 hujuscemodi
1721 1945 2013 2001 ratiocina-

442 2048 905 2113 tiones,nimirum
925 2065 937 2099 :
955 2043 1011 2098 Si
1038 2044 1302 2114 negligam
1327 2055 1470 2106 mea,
1505 2056 1609 2093 non
1639 2038 1850 2092 habebo
1876 2035 2016 2089 unde

443 2140 694 2205 nutriar;
738 2137 786 2192 si
828 2150 933 2189 non
967 2134 1197 2204 punicro
1237 2147 1486 2202 puerum,
1530 2130 1705 2183 malus
1730 2128 1868 2182 erit:
1900 2139 2016 2179 me-

441 2232 547 2286 lius
574 2237 659 2285 est
691 2228 838 2283 enim
885 2225 1030 2279 fame
1056 2223 1217 2287 mori,
1259 2231 1313 2277 et
1343 2229 1618 2290 expertem
1666 2215 1898 2279 timoris,
1933 2221 2017 2267 at-

443 2336 551 2386 que
597 2317 862 2374 molestiae
903 2331 1045 2380 esse,
1094 2328 1257 2383 quam
1303 2314 1680 2381 perturbatum
1728 2307 1908 2361 vivere
1961 2304 2015 2357 in

445 2426 625 2466 rerum
654 2409 830 2480 copia,
857 2419 1198 2479 puerumque
1222 2403 1426 2457 malum
1456 2402 1738 2465 exsistere,
1767 2412 1931 2467 quam
1964 2402 2018 2449 te

446 2516 702 2558 nttserum
711 2539 725 2552 .

926 2628 929 2635 ‘
1013 2606 1238 2664 CAPUT
1281 2604 1444 2660 XVII.

517 2726 697 2796 Incipe
729 2726 894 2796 igitur
917 2738 947 2779 a
974 2722 1197 2795 par’ris:
1234 2717 1527 2775 effunditur
1555 2712 1858 2784 pauxillum
1892 2707 2019 2772 olei,
2100 2704 2111 2714 ’

448 2819 745 2890 surripitur
780 2818 925 2871 furto
961 2814 1193 2879 asellus;
1226 2809 1361 2864 adde
1389 2804 1616 2861 dicendo
1648 2823 1661 2857 :
1694 2800 1855 2856 Tanti
1889 2814 2022 2854 ven-

448 2915 595 2968 ditur
623 2910 800 2970 status
832 2909 1069 2965 hominis
1100 2905 1248 2960 omni
1271 2900 1508 2957 carentis
1544 2895 1820 2968 passione,
1857 2891 2023 2946 tanti-

450 3021 557 3075 que
591 3003 955 3075 tranquillitas
1018 2997 1184 3054 animi
1246 2990 1655 3064 imperturbati;
1707 2988 1783 3042 nil
1823 2984 2021 3042 etenim

451 3098 621 3168 gratis
674 3101 1044 3165 comparatur.
1099 3088 1330 3156 Quando
1376 3083 1697 3139 accersieris
1751 3060 2092 3150 puerum,“

451 3190 629 3259 cogita
667 3187 811 3257 quod
863 3200 970 3239 non
1018 3190 1196 3252 potest
1236 3179 1367 3252 quid
1418 3177 1595 3231 facere
1646 3186 1859 3236 eorum,
1903 3181 2025 3239 quae

455 3282 560 3347 vis,
594 3280 701 3336 nisi
730 3276 1017 3339 obedierit,
1057 3273 1152 3327 sed
1185 3285 1361 3340 neque
1390 3270 1464 3323 ita
1495 3267 1599 3336 ipsi
1639 3266 1774 3320 bene
1800 3273 1913 3327 est;
1947 3261 2025 3315 ita

456 3386 516 3428 ut
543 3374 599 3427 in
627 3375 746 3444 ipso
782 3372 874 3434 sit,
903 3368 1049 3440 quod
1084 3373 1139 3421 tu
1180 3379 1290 3417 non
1323 3361 1579 3415 turberis.

908 3480 1068 3552 333
1098 3474 1335 3541 CAPUT,
1379 3470 1568 3529 xvnt.

530 3601 589 3655 Si
629 3598 785 3668 cupis
808 3595 1111 3666 proiectum
1160 3590 1356 3655 facere,
1395 3587 1626 3649 sustine,
1668 3581 1811 3654 quod
1863 3579 2029 3635 homi-

460 3704 578 3755 nes,
624 3694 843 3758 propter
875 3699 959 3751 ea,
990 3698 1113 3752 qua:
1156 3679 1396 3736 exterius
1438 3676 1709 3740 videntur,
1745 3673 1800 3725 in
1847 3672 2027 3742 aliqua

458 3781 571 3836 sint
609 3777 1054 3834 existimatione:
1085 3782 1199 3835 aut,
1247 3772 1294 3826 si
1347 3779 1403 3823 tu
1441 3782 1633 3822 vecors
1677 3763 1866 3830 fueris,
1918 3777 2027 3818 non

460 3884 619 3926 cures
667 3867 873 3938 aliquid
923 3866 1063 3920 scire
1098 3882 1111 3917 :
1145 3862 1227 3917 sin
1278 3874 1408 3914 vero
1457 3857 1784 3929 quibusdam
1832 3854 2028 3924 aliquis

459 3977 581 4018 esse
625 3959 883 4025 videaris,
937 3971 1007 4011 ne
1052 3954 1149 4010 tibi
1204 3953 1309 4023 ipsi
1360 3951 1520 4006 ﬁdem
1582 3957 1824 4019 prastes.
1879 3946 2028 4001 Scito

459 4053 627 4116 enim,
656 4049 801 4121 quod
843 4064 949 4105 non
984 4047 1142 4102 facile
1178 4053 1287 4111 est,
1337 4044 1412 4097 tui
1460 4041 1633 4112 ipsius
1687 4036 2027 4109 propositum

460 4154 671 4199 natura:
707 4155 1037 4213 congruens,
1065 4138 1339 4208 simulque
1381 4150 1468 4190 res
1511 4132 1812 4188 exteriores
1840 4128 2030 4184 obser-

460 4251 609 4291 vare.
632 4233 737 4291 Sed
761 4247 1044 4289 necessum
1068 4231 1311 4306 omnino,
1340 4236 1419 4292 ut,
1447 4225 1579 4281 dum
1612 4225 1773 4278 unius
1804 4221 2026 4292 satagis,

462 4329 691 4382 alterum
724 4325 982 4398 negligas.

1040 4448 1266 4505 CAPUT
1309 4447 1445 4502 XIX.

536 4563 595 4617 Si
634 4561 792 4625 velis,
834 4569 894 4615 ut
934 4559 1190 4614 omnibus
1218 4558 1398 4614 modis
1437 4560 1514 4612 tui
1549 4557 1666 4621 ﬁlii,
1699 4565 1754 4613 et
1786 4572 1944 4621 uxor,
1977 4566 2032 4613 et

2059 4374 2107 4431 D

2101 478 2292 576 ρῆσεις
2313 478 2570 568 όύναμιν,
2609 495 2743 564 πρὸς
2777 490 2949 544 ταῦτα
2977 484 3338 555 ἐγκράτειανσ
3386 478 3483 530 ἐὰν
3512 478 3677 538 πόνος

2102 566 2504 667 Ζπροσφέρηται,
2531 587 2790 657 εὑρήσεις
2817 578 3135 650 καρτερίαν,
3170 573 3265 626 ἐὰν
3299 569 3357 623 δὲ
3385 566 3681 636 λοιδορίαν,

2101 660 2354 758 εύρήσειξ
2380 660 2758 745 ἀνεξικακίαν,
2805 672 2902 727 καὶ
2929 670 3101 733 οὕτως
3133 662 3451 734 ἐθιζόμενον
3489 677 3569 719 σε,
3613 660 3680 709 οὐ

2105 773 2512 849 συναρπάσουσι
2543 788 2603 824 σε
2633 771 2690 822 at
2721 764 3030 837 φαντασίαι.

2689 962 2942 1015 ΚΕΦᾹΛ.
2985 957 3051 1009 iA
3073 997 3089 1010 .

2175 1083 2464 1152 Μηδέποτε
2494 1080 2584 1132 ἐπὶ
2608 1075 2834 1149 μηδενὸς
2878 1071 3058 1144 εἴπῃς,
3092 1068 3174 1120 ὅτι
3207 1062 3493 1125 ἀπώλεσας
3523 1058 3676 1123 αὐτὸ,

2107 1178 2222 1232 ἀλλ’
2252 1149 2334 1228 ότι
2360 1170 2649 1231 ἀπέδωκας
2672 1183 2687 1198 ·
2705 1165 2765 1218 τὸ
2787 1159 3071 1230 παιδάριον
3103 1154 3390 1218 ἀπέθανεν,
3420 1149 3675 1219 ἀπεδόθη·

2109 1272 2144 1340 ἡ
2172 1268 2309 1338 γυνὴ
2338 1263 2630 1321 ἀπέθανεν,
2664 1254 2925 1321 ἀπεδόθη,
2970 1250 3030 1302 τδ
3060 1247 3258 1319 χωρίον
3293 1241 3675 1315 ἀφῃρέθη,ού-

2111 1331 2241 1414 κούν
2296 1331 2555 1421 ἀπεδόθη,
2590 1347 2726 1402 ἀλλὰ
2770 1343 2939 1404 κακὸς
2973 1343 3001 1393 ό
3032 1336 3384 1406 ἀφελόμενος.
3423 1332 3489 1385 Τί
3515 1331 3570 1383 δέ
3595 1346 3680 1382 σοι

2115 1454 2287 1525 μέλει,
2307 1449 2441 1503 διότι
2468 1444 2743 1514 ἀπῄτησεν
2768 1439 2797 1490 ό
2817 1435 2938 1498 δούς
2962 1431 3171 1503 ;Μέχρι
3196 1429 3239 1482 δ’
3263 1427 3329 1481 ἂν
3349 1423 3589 1487 διδῶται,
3604 1421 3680 1483 ὡς

2111 1515 2409 1612 ἀλλοτρίων
2438 1534 2617 1591 αὐτῶν
2644 1525 3018 1599 ὲπιμελοῦ,ὠ;
3047 1521 3139 1576 τοῦ
3169 1519 3483 1588 πανδοκείου
3500 1515 3551 1566 οί
3578 1529 3684 1564 πα-

2119 1636 2343 1707 ριόντες.

2700 1820 2948 1875 ΚΕΦΛΛ.
2988 1818 3106 1883 ις’.

2186 1950 2249 2003 Εἰ
2299 1942 2569 2015 προκόψαι
2619 1936 2825 2000 θέλεις,
2883 1931 3020 1998 ἀφες
3074 1928 3201 1986 τοὺς
3246 1920 3518 1978 τοιούτους
3565 1916 3688 1967 ἐπι-

2114 2009 2410 2107 λογισμούς
2440 2009 2559 2084 ’Ἂν
2593 2027 2854 2098 ἀμελήσω
2883 2021 2994 2073 τῶν
3024 2015 3310 2089 ὲμῶν,οὐχ
3335 2011 3439 2074 ἔξω
3470 2009 3687 2077 διατρο-

2115 2098 2244 2201 φὴν,
2276 2098 2364 2180 *ἂν
2418 2123 2493 2196 μὴ
2549 2120 2763 2175 κολάσω
2817 2113 2911 2166 τὸν
2961 2108 3159 2170 παῖδα,
3215 2101 3450 2173 πονηρὸς
3508 2098 3684 2150 ἔσται.

2115 2188 2385 2296 ίίρείσσον
2419 2188 2539 2288 ’γάρ
2587 2218 2717 2267 ἐστι
2755 2207 2901 2280 λιμῷ
2954 2201 3242 2257 ἀποθανεῖν
3289 2192 3526 2264 ἄφοϐον,
3589 2188 3687 2240 καὶ

2115 2283 2322 2371 ἄλυπον
2347 2283 2657 2379 γενόμενον,
2694 2303 2728 2375 ἢ
2759 2302 2855 2371 ζῇν
2892 2300 2949 2352 ὲν
2983 2294 3234 2363 ἀφθόνοις
3259 2283 3687 2356 ταρασσόμενον,

2117 2372 2372 2479 κρεῖσσον
2408 2372 2502 2455 καί.
2533 2399 2623 2452 τὸν
2654 2372 2822 2449 παῖδα
2855 2390 3022 2445 κακον
3058 2382 3218 2450 εἶναι,
3251 2382 3283 2453 ἢ
3329 2379 3389 2433 σὲ
3431 2372 3687 2430 κακοδαί-

2703 2595 2956 2654 ΚΕΦΑΛ.
2998 2589 3097 2644 IZ'.

2193 2723 2391 2795 Ἀρξαι
2420 2714 2744 2787 τοιγαροῦνο
2778 2708 2886 2764 ἀπὸ
2925 2706 3036 2759 τῶν
3086 2699 3298 2773 μικρῶν
3347 2699 3582 2765 ἐκχεῖται
3628 2693 3691 2747 τδ

2122 2784 2351 2880 ὲλάδιον,
2399 2784 2687 2863 κλέτττεται
2733 2802 2795 2856 τὸ
2841 2798 3080 2866 ὀνάριον,
3135 2793 3387 2857 ὲπίλεγε·
3424 2784 3687 2838 Τοσούτου

2092 2909 2387 2963 ’πωλεῖται
2432 2899 2693 2959 ἀπάθεια,
2744 2890 3000 2946 τοσούτου
3053 2882 3341 2955 ἀταραξία,
3390 2880 3587 2947 προῖκα
3632 2876 3688 2927 δὲ

2124 2998 2278 3053 οὐδὲν
2308 2992 2661 3063 περιγίνεται.
2703 2987 2868 3039 Ὅταν
2899 2979 3071 3049 καλῇς
3099 2975 3189 3029 τὸν
3222 2972 3409 3035 παῖδα,
3461 2965 3689 3036 ἐνθυμοῦ

2124 3093 2205 3144 ὅτι
2245 3088 2305 3141 οὐ
2342 3086 2569 3139 δύναται
2607 3082 2641 3151 ἧ
2677 3074 2995 3135 ὑπακούσας
3028 3067 3163 3140 μηδὲ
3203 3065 3451 3133 ποιῆσαι,
3491 3053 3564 3112 ὦν
3601 3056 3691 3108 θέ-

2125 3183 2258 3246 λεις,
2288 3179 2401 3233 ἀλλ’
2429 3176 2529 3244 οὐχ
2557 3172 2700 3225 οὓτω
2720 3168 2866 3221 ἐστὶν
2892 3161 3042 3231 αὐτῷ
3066 3157 3271 3221 καλῶς,
3302 3155 3388 3207 ἵνα
3420 3154 3476 3204 ὲν
3505 3148 3695 3217 ἐκείνῳ

2123 3269 2159 3344 ᾖ
2187 3271 2249 3323 τὸ
2278 3270 2339 3322 σὲ
2373 3268 2449 3338 μὴ
2476 3261 2838 3335 ταραχθῆναι.

2719 3457 2969 3514 ΚΕΦᾹΛ.
3009 3453 3082 3508 1H
3101 3490 3118 3506 .

2197 3584 2260 3635 Εἰ
2294 3578 2565 3652 προκόψαι
2612 3573 2809 3637 θέλεις,
2839 3567 3131 3637 ὑπόμεινον
3177 3562 3343 3614 ἓνεκα
3384 3555 3492 3610 τῶν
3537 3555 3693 3616 ἐκτὸς

2128 3647 2448 3745 ἀνθρώτιους
2479 3667 2625 3732 δόξαι
2651 3681 2664 3695 ’
2713 3664 2746 3735 ἢ
2780 3659 2989 3731 ἠλίθιος
3018 3653 3088 3723 εἷ,
3133 3651 3300 3724 μηδὲν
3345 3647 3536 3719 βούλου
3574 3647 3694 3697 sni-

2130 3738 2382 3829 στασθαι,
2418 3760 2521 3820 κᾶν
2548 3757 2703 3826 δόξῃς
2732 3771 2817 3817 τις
2848 3749 2988 3805 εἷναί
3013 3764 3176 3811 τισιν,
3195 3744 3413 3801 ἀπίστει
3444 3738 3653 3808 σεαυτῷ
3676 3751 3690 3764 ’

2129 3856 2238 3911 ἴσθι
2267 3855 2376 3924 γὰρ
2404 3853 2485 3905 ὅτι
2514 3849 2576 3902 οὐ
2605 3846 2806 3917 ῥᾴδιον,
2849 3841 2945 3894 καὶ
2980 3838 3078 3909 τὴν
3124 3833 3351 3890 σεαυτοῦ
3379 3831 3694 3903 προαίρεσιν

2129 3920 2290 4002 κατὰ-
2317 3920 2477 4015 ερύσιν
2523 3942 2750 4012 ἔχουσαν
2797 3933 3031 4004 φυλάξαι
3076 3928 3171 3984 καὶ⁵
3216 3928 3285 3980 τά
3333 3924 3509 3988 ἐκτὸς,
3557 3920 3693 3973 ἀλλά

2128 4039 2224 4093 τοῦ
2247 4039 2433 4109 ἐτέρου
2467 4029 2892 4104 ἐπιμελούμενον
2918 4025 3014 4079 τοῦ
3045 4020 3230 4094 ἑτέρου
3260 4016 3529 4089 ἀμελῆσαι
3550 4016 3693 4067 πᾶσα

2129 4132 2366 4218 ἀνάγκη.

2725 4442 2968 4498 ΚΕΦΑΔ.
3003 4441 3103 4496 ΙΘ’.

2205 4568 2303 4621 “Av
2352 4564 2513 4638 θέλῃς
2558 4562 2628 4615 τὰ
2670 4560 2835 4614 τέκνα
2878 4575 2992 4625 σου,
3043 4557 3137 4611 καί⁵
3178 4554 3279 4627 τὴν
3318 4547 3573 4623 γυναῖκα,
3605 4552 3699 4604 καὶ

466 4654 630 4710 amici
662 4651 868 4716 vivant,
897 4649 1098 4705 stultus
1125 4663 1219 4716 es;
1251 4664 1315 4703 ea
1342 4648 1565 4713 etenim,
1598 4662 1722 4719 qua;
1759 4648 1812 4702 in
1846 4658 1899 4703 te
1924 4663 2023 4702 non

2131 4661 2259 4723 τοὺς
2288 4658 2475 4727 φίλους
2501 4654 2716 4716 πάντως
2750 4650 2868 4721 ζῇν,
2897 4649 3104 4721 ἠλίθιος
3131 4644 3182 4701 si
3208 4663 3221 4679 °
3262 4647 3330 4701 τὰ
3363 4645 3473 4718 γὰρ
3503 4645 3578 4715 μὴ
3607 4644 3698 4697 ἐπὶ

466 4752 615 4808 sunt,
658 4744 742 4800 vis
778 4751 836 4798 ut
876 4742 1006 4808 sint,
1057 4749 1112 4796 et
1156 4755 1280 4812 quae
1331 4750 1459 4795 sunt
1509 4740 1709 4803 aliena,
1751 4750 1842 4795 tua
1888 4739 2035 4794 exsi-

468 4844 614 4893 stant
643 4853 658 4890 :
683 4835 800 4907 pari
826 4834 1009 4901 modo,
1038 4835 1084 4891 si
1124 4834 1278 4902 velis,
1311 4833 1454 4906 quod
1490 4848 1626 4905 puer
1653 4833 1877 4888 minime
1902 4846 2033 4902 pec-

468 4938 574 4994 (et,
604 4925 792 4982 fatuus
815 4940 910 4993 es;
936 4926 1020 4982 vis
1053 4940 1272 4996 nempe,
1299 4925 1493 4980 vitium
1523 4940 1632 4981 non
1664 4939 1786 4980 esse
1818 4924 2030 4988 vitium,

466 5021 562 5074 sed
603 5017 810 5090 aliquid
844 5016 1028 5084 aliud;
1074 5017 1159 5074 sin
1196 5032 1339 5083 ,νει-ο
1371 5016 1504 5073 velis
1553 5030 1620 5073 eo
1645 5016 1789 5086 quod
1828 5017 2037 5085 appetis

469 5126 575 5164 non
623 5107 897 5176 frustrari,
945 5108 1051 5164 hoc
1079 5110 1298 5180 quidem
1337 5118 1511 5178 potes,
1552 5120 1746 5163 exerce
1775 5115 1828 5162 te
1872 5107 2037 5177 igitur

469 5202 521 5256 in
547 5214 616 5256 eo
639 5200 787 5272 quod
818 5209 993 5270 potes.

1059 5336 1285 5394 CAPUT
1337 5333 1453 5391 XX.

540 5453 949 5526 Unusquisque,
978 5455 1073 5524 qui
1104 5468 1135 5506 a
1164 5452 1342 5522 seipso
1373 5458 1685 5519 optatorum
1718 5460 2039 5522 potestatem

473 5548 654 5612 habet.
685 5546 940 5602 dominus
971 5554 1077 5610 est,
1128 5552 1188 5598 ut
1235 5544 1493 5598 nimirum
1540 5542 1727 5597 eadem
1776 5556 2040 5613 assequa-

477 5643 583 5698 tnr,
610 5634 696 5689 vel
735 5632 937 5688 adimat
970 5649 1036 5690 ex
1081 5633 1264 5687 animo
1292 5630 1532 5702 proprio.
1576 5629 1840 5702 Quisquis
1879 5631 2041 5701 igitur

2136 4754 2241 4817 σοὶ,
2274 4750 2448 4811 θέλεις
2478 4747 2571 4801 ἐπὶ
2619 4744 2701 4797 σοὶ
2732 4737 2893 4805 εἶναι,
2926 4741 3021 4795 καὶ
3047 4740 3116 4794 τὰ
3159 4739 3413 4809 ἀλλότρια
3444 4737 3515 4790 σά
3536 4730 3700 4799 εἶναι,

2135 4843 2278 4897 οὕτω
2316 4842 2410 4895 καὶ
2437 4839 2527 4894 τὸν
2558 4836 2744 4900 παῖδα,
2790 4833 2886 4889 ὲάν
2912 4832 3071 4905 θέλῃς
3103 4831 3179 4903 μὴ
3212 4829 3549 4901 ἁμαρτάνειν
3587 4844 3701 4899 μω-

2139 4936 2231 5006 ρὸς
2258 4929 2327 4987 εἶ’
2355 4931 2527 4994 θέλεις
2555 4928 2663 5001 γὰρ
2690 4928 2790 4998 τὴν
2817 4925 3038 4991 κακίαν,
3075 4923 3150 4994 μὴ
3177 4920 3318 4977 εἶναι
3344 4921 3564 4985 κακίαν,
3586 4917 3701 5003 ἀλλ’

2138 4995 2269 5080 ἀλλο
2299 5041 2385 5077 τι·
2404 5023 2498 5077 ὲὰν
2809 5016 3134 5088 ὀρεγόμενος
3165 5016 3240 5086 μὴ
3285 4995 3699 5083 ἀποτυγχάνειν,

2138 5118 2295 5171 τοῦτο
2320 5115 2566 5181 δύνασαι,
2599 5112 2758 5189 ςτοῦτο
2784 5106 2877 5164 οὖν
2909 5109 3089 5170 ἄσκει,
3122 5108 3152 5161 ὃ
3172 5107 3423 5161 δύνασαι.

2734 5334 2985 5387 ΚΕΦΑΛ.
3027 5334 3109 5386 Κ’.

2210 5450 2412 5520 Κύριος
2444 5447 2670 5511 ἔκαστός
2696 5446 2781 5510 τίς
2812 5448 2983 5509 ἐστιν,
3012 5445 3042 5497 ὁ
3072 5443 3181 5497 τῶν
3208 5443 3299 5497 ὐπ’
3324 5440 3531 5495 ἐκείνου
3563 5437 3707 5492 θελοι-

2146 5543 2319 5611 μένων
2361 5541 2498 5611 ἔχων
2543 5538 2809 5603 ἐξουσίαν,
2859 5537 2939 5599 είς
2984 5535 3046 5589 τὸ
3089 5532 3466 5606 περιποιῆσαι,
3515 5530 3548 5600 ἢ
3599 5529 3700 5589 ἀξ-

2145 5632 2378 5687 ελέσθαι.
2418 5633 2607 5694 Ὅστις
2653 5626 2746 5684 οὖν
2795 5629 3076 5698 ἐλεύθερος
3106 5622 3243 5681 εἶναι
3293 5625 3541 5696 βούλεται
3572 5621 3702 5692 μήτε
