4066 6146
448 322 580 386 1293

1676 310 2021 371 EPICTETI
2066 305 2449 367 MANUALE.

3548 296 3681 358 1294

441 432 667 494 θελέτω,
708 430 844 501 μήτε
874 425 1121 497 φευγέτω
1149 442 1200 478 τι
1232 425 1340 479 τῶν
1369 425 1457 476 ἐπ’
1499 421 1697 484 ἄλλοις,
1735 425 1783 475 εἰ
1813 420 1868 473 δὲ
1906 420 2005 491 μὴ,

2144 417 2249 472 lber
2276 429 2399 471 esse
2427 414 2563 477 vult,
2616 428 2791 482 neque
2820 412 3022 482 cupiat,
3074 427 3172 468 nec
3223 420 3502 469 aversetur
3524 416 3684 483 quid-

441 520 717 575 δουλεύειν
745 520 981 587 ἀνάγκη.

1008 707 1259 760 ΚΕΦΛΛ.
1298 702 1431 758 KA'.

514 824 797 893 Μέμνησο,
831 821 911 874 ὅτι
944 818 1019 881 ὡς
1064 820 1121 870 ὲν
1177 814 1462 884 συμποσίῳ
1517 830 1573 866 σε
1625 813 1709 864 δεῖ
1752 810 2016 879 ἀναστρέ-

448 918 640 986 φεσθαι
671 913 1096 985 περιφερόμενον
1120 927 1134 942 ο
1166 911 1220 962 τί
1246 909 1433 977 γέγονε
1469 907 1610 961 κατὰ
1640 905 1734 972 σέ;
1768 903 2016 964 ἐκτείνας

444 1011 543 1081 τὴν
568 1010 725 1078 χεῖρα
754 1004 998 1075 κοσμίως
1032 1000 1303 1073 μετάλαϐε
1331 1018 1345 1031 ·
1391 999 1743 1070 παρέρχεται,
1782 994 1856 1066 μὴ
1887 995 2016 1047 κάτ-

445 1118 533 1172 εχε
558 1117 573 1131 ο
606 1098 758 1151 οὔπω
782 1097 929 1168 ἥκει,
968 1097 1042 1166 μὴ
1072 1093 1298 1147 ἐπίϐαλε
1325 1093 1512 1163 πόρῤω
1537 1091 1635 1161 τὴν
1659 1087 1858 1159 ὄρεξιν,
1882 1085 2018 1139 ἀλλὰ

447 1192 708 1265 περίμενε
758 1194 952 1263 μέχρις
994 1178 1059 1243 ἄν
1090 1188 1316 1258 γένηται
1364 1184 1507 1240 κατὰ
1556 1183 1618 1236 σέ
1647 1199 1662 1213 ”
1709 1181 1851 1237 οὕτω
1882 1178 2019 1252 πρὸς

447 1287 635 1349 τέκνα,
663 1282 805 1337 οὓτω
838 1280 974 1353 πρὸς
999 1281 1256 1348 γυναῖκα,
1287 1276 1422 1348 πρὸς
1460 1273 1654 1345 ἀρχὰς,
1688 1271 1826 1343 πρὸς
1852 1267 2017 1322 πλοῦ-

446 1392 559 1441 τον,
592 1375 687 1428 καὶ
714 1373 814 1446 έσῃ
854 1371 1001 1439 ἄξιός
1033 1386 1162 1424 ποτε
1209 1367 1303 1422 τοῦ
1337 1364 1473 1420 Θεοῦ
1506 1364 1811 1434 ἄνθρωπος.
1852 1356 2020 1413 Ὅταν

450 1468 506 1520 δὲ
536 1466 632 1520 καὶ
663 1463 1133 1534 προσενεχθέντων
1188 1476 1291 1524 σοι,
1327 1457 1402 1529 μὴ
1445 1455 1637 1527 λάϐῃς,
1686 1452 1825 1507 ἀλλὰ
1865 1467 2021 1520 περι-

453 1558 586 1629 ίδῃς,
632 1555 754 1609 τότε
785 1555 847 1607 οὑ
898 1554 1056 1623 μόνον
1090 1551 1373 1622 ἄνθρωπος
1405 1549 1503 1619 ἔσῃ
1549 1545 1704 1610 Θεοῦ,
1753 1543 1886 1598 ἀλλὰ
1929 1544 2023 1595 καὶ

449 1648 523 1712 ὼς
549 1645 799 1715 ἄγγελος.

1024 1751 1278 1804 ΚΕΦᾹΛ.
1319 1747 1445 1801 ΚΒ’.

522 1868 686 1920 Ὅταν
711 1865 965 1918 κλαίοντα
995 1864 1109 1935 ῐδῃς
1139 1862 1259 1915 τινὰ
1283 1863 1342 1913 ἐν
1371 1859 1577 1926 πένθει,
1613 1858 1646 1929 ἢ
1676 1857 2020 1929 ἀποδημοῦν-

2114 522 2275 577 quam
2319 520 2510 562 eorum
2557 518 2678 575 quae
2718 504 2771 558 in
2820 504 2944 559 aliis
2987 512 3133 564 sunt.
3182 504 3427 572 alioquin
3478 506 3685 561 servire

2116 613 2398 653 necessum
2430 605 2530 653 est.

2693 709 2920 766 CAPUT
2959 709 3101 765 XXI.

2186 826 2487 892 Memento,
2538 825 2684 895 quod
2736 833 2983 895 oportet,
3042 834 3101 879 ut
3156 833 3207 878 te
3263 824 3686 896 circumferens,

2117 917 2258 973 sicut
2308 917 2364 971 in
2406 918 2657 972 convivio
2732 917 3074 972 converseris
3115 916 3321 990 :335
3377 919 3696 987 pervenitre

2119 1008 2321 1077 aliquid
2362 1009 2429 1063 ad
2462 1008 2552 1063 te?
2577 1008 2874 1064 extendens
2907 1023 3127 1062 manum
3179 1008 3425 1065 modeste
3463 1011 3679 1081 accipe:

2120 1105 2379 1172 praeterit,
2409 1117 2476 1156 ne
2502 1102 2745 1158 detineas
2772 1121 2785 1157 :
2814 1103 3054 1158 nondum
3087 1103 3255 1168 venit,
3286 1119 3354 1159 ne
3377 1103 3537 1176 longe
3563 1119 3691 1175 pro-

2122 1192 2312 1249 tendas
2348 1193 2668 1261 appetitum,
2722 1193 2815 1248 sed
2855 1200 3133 1262 exspecta,
3185 1194 3359 1249 donec
3404 1198 3696 1252 accesserit

2122 1283 2190 1338 ad
2225 1293 2275 1339 te
2304 1302 2317 1336 :
2354 1284 2435 1338 sic
2475 1293 2527 1340 te
2553 1300 2711 1353 geras
2740 1299 2868 1357 erga
2906 1286 3068 1351 ﬁlios,
3104 1288 3184 1341 sic
3211 1301 3338 1357 erga
3382 1288 3692 1359 conjugem,

2121 1391 2249 1447 erga
2282 1376 2653 1446 magistratus,
2679 1392 2808 1448 erga
2835 1377 3087 1447 divitias;
3122 1380 3342 1449 erisque
3367 1381 3581 1435 tandem
3614 1382 3697 1436 di-

2121 1482 2261 1538 gnus
2285 1465 2380 1521 Dei
2408 1467 2571 1522 homo
2599 1486 2613 1521 :
2638 1469 2858 1537 quando
2888 1485 3015 1524 vero
3055 1471 3237 1525 oblata
3268 1472 3364 1526 tibi
3394 1487 3503 1533 non
3537 1488 3695 1529 acce-

2123 1552 2289 1621 peris,
2323 1562 2454 1607 tunc
2491 1568 2599 1608 non
2646 1553 2823 1609 solum
2868 1554 2978 1608 eris
3020 1554 3187 1610 homo
3227 1554 3490 1622 Dei,'sed
3532 1558 3693 1615 etiam

2124 1643 2270 1698 velut
2302 1643 2543 1712 angelus.

2691 1758 2921 1814 CAPUT
2966 1756 3124 1813 XXII.

2199 1868 2333 1923 Cum
2383 1869 2618 1940 aliquem
2674 1871 2728 1924 in
2776 1872 2925 1927 luctu
2975 1872 3270 1942 eiulantem
3320 1876 3696 1944 conspexeris,

449 1977 540 2022 τος
568 1959 783 2022 τέκνου,
807 1956 840 2025 ἥ
862 1954 1242 2010 ἀπολελωκότα
1267 1953 1335 2006 τὰ
1360 1950 1577 2016 ἑαυτοῦ,
1601 1950 1836 2021 πρόσεχε
1862 1950 1937 2019 μή
1963 1965 2022 2001 σε

2144 1968 2228 2014 aut
2258 1961 2404 2030 quod
2436 1961 2582 2017 ﬁlius
2623 1977 2849 2033 peregre
2880 1963 3157 2034 profectus
3195 1965 3380 2031 fuerit,
3414 1975 3512 2021 aut
3553 1967 3699 2037 quod

452 2053 484 2121 ἡ
517 2051 786 2119 φαντασία
825 2050 1172 2120 συναρπάσῃ,
1216 2045 1292 2109 ὡς
1327 2046 1388 2099 ἐν
1437 2044 1627 2106 κακοῖς
1670 2043 1823 2105 ὄντος
1856 2040 2022 2095 αὑτοῦ

2144 2066 2222 2105 res
2263 2065 2395 2107 suas
2452 2052 2716 2120 amiserit,
2767 2056 3004 2122 attende,
3052 2070 3122 2112 ne
3173 2065 3226 2113 te
3263 2058 3522 2128 corripiat
3563 2058 3704 2112 visio

453 2148 564 2209 τοῖς
608 2144 785 2208 ἐκτὸς,
831 2143 946 2198 ἀλλ’
972 2141 1132 2204 εὐθὺς
1164 2139 1303 2193 ἔστω
1350 2137 1660 2207 πρόχειρον,
1705 2135 1786 2187 ὅτι
1839 2131 2028 2188 τοῦτον

2144 2143 2321 2198 animo
2359 2152 2768 2214 repraesentata,
2809 2138 3042 2217 perinde
3085 2162 3149 2203 ac
3177 2148 3224 2205 si
3264 2149 3355 2203 ille
3397 2158 3705 2205 versaretur

456 2236 644 2300 θλίϐει,
676 2237 738 2290 οὐ
768 2241 827 2288 τὸ
859 2232 1204 2305 συμϐεϐηκὸς
1239 2230 1416 2301 (ἄλλον
1437 2228 1544 2300 γὰρ
1567 2228 1628 2281 οὐ
1653 2224 1869 2296 θλίϐει),
1893 2225 2029 2280 ἀλλὰ

2144 2234 2191 2289 in
2227 2235 2385 2290 malis
2418 2237 2803 2304 exterioribus,
2850 2238 2947 2294 sed
2992 2240 3174 2294 statim
3223 2240 3321 2295 tibi
3369 2250 3568 2309 praesto
3610 2242 3704 2304 sit,

454 2328 516 2381 τὸ
543 2328 718 2399 δόγμα
764 2327 827 2380 τὸ
856 2323 1246 2396 περὶτούτων,
1299 2321 1461 2392 μέχρι
1506 2318 1688 2390 μέντοι
1742 2316 1903 2385 λόγου
1957 2317 2031 2388 μὴ

2144 2324 2284 2393 quod
2339 2324 2633 2393 nimirum,
2695 2341 2802 2383 non
2847 2329 2995 2399 quod
3038 2329 3237 2386 accidit
3280 2329 3433 2385 illum
3487 2330 3710 2386 amiciat

458 2417 604 2472 ὅκνει
646 2415 1036 2488 περιφέρεσθαι
1087 2414 1253 2482 αὐτῷ,
1284 2412 1387 2467 κᾶν
1433 2410 1575 2465 οὕτω
1617 2409 1776 2480 τύχῃ,
1813 2424 2033 2463 συνεπι-

461 2510 730 2574 στενάξαι,
764 2507 1046 2579 προσέχων
1077 2504 1259 2576 μέντοι
1288 2504 1362 2575 μὴ
1390 2505 1486 2557 καὶ
1512 2501 1716 2556 ἔσωθεν
1744 2500 2026 2573 στενάξῃς.

2144 2412 2332 2484 (alium
2383 2416 2529 2471 enim
2583 2417 2809 2474 minime
2834 2418 3065 2491 alﬂigit),
3116 2420 3212 2477 sed
3266 2420 3482 2492 Opinio,
3540 2437 3705 2492 quam

2138 2501 2300 2559 habet
2355 2503 2425 2559 de
2470 2504 2579 2560 illis
2610 2523 2623 2559 :
2653 2521 2841 2562 verum
2888 2509 3070 2577 quoad
3126 2510 3219 2576 id,
3262 2512 3408 2580 quod
3480 2512 3707 2582 exigunt

460 2602 640 2664 verba,
677 2616 744 2655 ne
772 2609 827 2656 te
860 2599 1037 2669 pigeat
1066 2599 1210 2652 circa
1293 2599 1469 2666 ipsum
1550 2609 1788 2660 manere,
1836 2593 1991 2663 sique
2029 2593 2102 2647 ita
2142 2594 2440 2666 contingat,
2466 2601 2868 2668 congemiscere
2910 2604 3108 2670 stmul;
3165 2618 3359 2661 caveas
3407 2614 3610 2670 tamen,
3641 2620 3710 2659 ne

461 2696 690 2753 interius
718 2696 878 2751 etiam
913 2692 1305 2766 congemiscas.

658 2794 665 2803 ‘
1032 2803 1282 2858 ΚΕΦΑΛ.
1325 2802 1450 2856 Kl".

532 2920 791 2990 Μέμνησο
813 2919 894 2973 ὅτι
918 2917 1216 2986 ὑποκριτὴς
1236 2911 1288 2968 εἴ
1303 2916 1580 2987 δράματος
1605 2908 1719 2967 οἵου
1741 2913 1786 2966 δ’
1810 2913 1876 2967 ἂν
1902 2913 2033 2987 θέλῃ

2694 2807 2924 2865 CAPUT
2964 2808 3149 2865 XXIII.

2210 2916 2516 2972 Recordare
2542 2920 2686 2984 quod
2711 2930 2864 2975 actor
2894 2933 3215 2990 personatus
3237 2939 3295 2978 es
3327 2925 3538 2992 fabulae,
3571 2943 3711 2998 qua—

463 3011 492 3063 ὑ
510 3009 847 3071 διδάσκαλος,
879 3007 944 3061 ἂν
971 3006 1143 3078 βραχὺ
1176 3003 1425 3076 βραχέος,
1455 3004 1522 3058 ἂν
1556 3003 1767 3074 μακρὸν
1793 3005 2032 3073 μακροῦ·

2144 3008 2245 3061 lem
2290 3009 2525 3064 voluerit
2574 3012 2871 3076 magister;
2904 3013 3103 3076 brevis,
3145 3016 3188 3069 si
3227 3016 3478 3085 brevem;
3514 3020 3708 3091 longae,

466 3103 558 3155 έαν
595 3117 653 3154 σε
697 3099 912 3170 πτωχὸν
947 3097 1243 3168 ὑποκρίναι
1273 3095 1429 3166 θέλῃ,
1474 3094 1561 3149 ἵνα
1594 3096 1687 3149 καὶ
1727 3094 1914 3148 τοῦτον
1943 3095 2033 3147 εὐ·-

465 3193 612 3262 φυῶς
650 3190 936 3262 ὑποκρίνῃ,
967 3188 1034 3244 ἂν
1063 3187 1260 3259 χωλὸν,
1285 3187 1351 3242 ἂν
1393 3188 1652 3258 ἄρχοντα,
1684 3184 1751 3240 ἂν
1781 3185 1995 3253 ἰδιώτην
2020 3202 2036 3218 ο

469 3287 557 3338 σὺν
585 3285 692 3356 γὰρ
717 3283 876 3337 τοῦτό
904 3283 1022 3335 ἐστι
1048 3280 1109 3334 τδ
1134 3280 1285 3334 δοθὲν
1311 3278 1606 3351 πρόσωπον
1639 3277 2038 3350 ὑποκρίνασθαι

470 3375 645 3439 καλῶς
675 3373 993 3451 ἐκλέξασθαι
1025 3372 1082 3425 δὲ
1111 3371 1243 3427 αὐτὸ
1273 3370 1458 3424 ἄλλου.

1048 3595 1297 3648 ΚΕΦΑΛ.
1339 3594 1464 3647 KA'.

542 3701 725 3773 Κόραξ
766 3702 891 3756 ὅταν
924 3702 996 3773 μὴ
1028 3701 1201 3757 αἴσιον
1243 3702 1513 3775 κεκράγῃ,
1548 3701 1623 3774 μὴ
1654 3701 2046 3772 συναρπαζέτω

475 3811 532 3848 σε
563 3796 595 3866 ἡ
624 3795 892 3863 φαντασία
915 3794 1007 3848 τοῦ
1033 3795 1303 3864 δαίμονος,
1330 3795 1444 3848 ἀλλ’
1475 3795 1636 3857 εὐθὺς
1666 3793 1865 3861 διαίρει
1897 3793 2047 3864 παρὰ

475 3885 702 3955 σεαυτῷ,
737 3886 831 3940 καὶ
859 3885 1006 3956 λέγε⁹
1026 3885 1242 3939 Τούτων
1272 3885 1397 3954 ἐμοὶ
1421 3884 1573 3938 οὐδὲν
1598 3884 2041 3956 ἐπισημαίνεται,

474 3975 587 4028 ἀλλ’
628 3974 662 4046 ἢ
704 3975 780 4045 τῷ
823 3975 1033 4045 σώματί
1064 3993 1187 4045 μου,
1214 3976 1248 4045 ἢ
1290 3974 1368 4045 τῷ
1397 3973 1657 4046 κτησιδίῳ
1689 3991 1813 4045 μου,
1845 3973 1940 4027 καὶ
1969 3972 2048 4042 τῷ

475 4062 703 4133 δοξαρίῳ
735 4081 858 4134 μου,
889 4066 922 4135 ἢ
956 4068 1069 4128 τοῖς
1102 4066 1337 4131 τέκνοις,
1368 4064 1403 4134 ἢ
1446 4067 1513 4135 τῇ
1555 4063 1796 4132 γυναικὶ,
1838 4064 1963 4133 ἐμοὶ
1991 4064 2049 4117 δὲ

479 4157 652 4209 πάντα
704 4157 855 4210 αἴσια
902 4157 1248 4227 σημαίνεται,
1300 4158 1395 4209 ἐὰν
1445 4157 1555 4225 ἐγὼ
1588 4156 1727 4210 θέλω
1759 4170 1772 4183 ⁸
1798 4157 1825 4209 ὅ
1850 4173 1901 4207 τι
1939 4156 2049 4225 γὰρ

479 4246 546 4299 ἂν
595 4246 798 4299 τούτων
830 4248 1119 4319 ἀποϐαίνῃ,
1169 4247 1256 4299 ἐπ’
1312 4247 1434 4317 ὲμοί
1494 4250 1639 4301 ἐστιν
1691 4246 1821 4300 αὐτὸ
1869 4245 2050 4307 καλῶς

480 4335 689 4390 θέσθαι.

1054 4472 1301 4525 ΚΕΦΑΛ.
1340 4471 1470 4527 ΚΕ’.

566 4581 842 4653 Ἀνίκητος
891 4581 1028 4636 εἶναι
1073 4582 1343 4649 δύνασαι,
1366 4585 1461 4638 ἐὰν
1487 4588 1565 4649 εἰς
1620 4585 1825 4656 μηδένα
1871 4582 2056 4651 ἀγῶνα

486 4672 838 4742 καταϐαίνῃς,
866 4672 925 4725 ὃν
954 4674 1054 4727 οὐκ
1082 4673 1229 4727 εστιν
1263 4674 1355 4726 ἐπὶ
1388 4677 1471 4728 σοὶ
1502 4676 1745 4746 νικῆσαι.

1056 4807 1309 4861 ΚΕΦΑΛ.
1349 4808 1492 4873 κεῖν.

556 4924 698 4989 Ὅρα
746 4921 956 4990 μήποτε
1015 4920 1137 4974 ἰδών
1174 4937 1299 4972 τινα
1343 4923 1773 4993 προτιμώμενον,
1806 4924 1839 4991 ἢ
1893 4939 2060 4994 μεγα-

484 5012 795 5082 λυνόμενον,
837 5011 872 5081 ἢ
920 5011 1097 5074 ἄλλως
1146 5011 1557 5079 εὐδοκιμοῦντα,
1586 5015 1918 5085 μακαρίσῃς,
1958 5014 2064 5067 ὑπὸ

486 5105 587 5175 τῆς
615 5105 914 5175 φαντασίας
944 5105 1371 5175 συναρπασθείς.
1407 5106 1504 5160 Ἂν
1549 5107 1659 5176 γὰρ
1706 5108 1765 5159 ὲν
1809 5111 1920 5171 τοῖς
1965 5109 2065 5160 οὐκ

487 5198 574 5263 ἐφ’
614 5198 744 5266 ἡμῖν
781 5198 816 5266 ἡ
868 5195 1026 5249 οὐσία
1057 5195 1150 5248 τοῦ
1181 5194 1386 5263 ἀγαθοῦ
1437 5195 1493 5268 ᾗ,
1529 5196 1653 5250 οὔτε
1687 5197 1899 5267 φθόνος,
1944 5199 2067 5253 οὔτε

489 5284 790 5354 ζηλοτυπία
821 5284 1004 5358 χώραν
1045 5284 1160 5355 ἔχει
1195 5301 1207 5313 ·
1232 5284 1353 5337 οὐδὲ
1382 5285 1491 5356 γὰρ
1534 5287 1836 5357 στρατηγὸς
1862 5287 1896 5359 ἢ
1928 5289 2068 5358 πρό..

489 5392 663 5439 τανις,
711 5375 744 5445 ἢ
795 5375 1001 5441 ὕπατος
1052 5372 1189 5430 εἶναι
1235 5374 1430 5438 θέλεις,
1475 5376 1588 5430 ἀλλ’
1623 5375 1921 5447 ἐλεύθερος.
1957 5381 2071 5433 Μία

491 5466 547 5521 δὲ
596 5466 715 5529 ὁδὸς
768 5466 905 5538 πρὸς
951 5465 1143 5542 τοῦτο,
1203 5466 1609 5536 καταφρόνησις
1664 5466 1772 5519 τῶν
1837 5468 1935 5521 οὐκ
1984 5470 2071 5539 ἐφ’

500 5560 525 5626 η
536 5559 627 5625 ;.ιὶ’ν
636 5596 648 5610 .

2138 3100 2183 3154 si
2218 3100 2435 3171 longam
2456 3121 2469 3156 :
2490 3102 2538 3157 si
2575 3102 2705 3157 velit
2744 3104 2976 3159 mendici
3003 3114 3062 3160 ut
3093 3121 3221 3176 agas
3247 3123 3557 3178 personam,
3587 3125 3708 3166 eam

2138 3192 2301 3246 etiam
2335 3193 2568 3261 ingenue
2595 3204 2986 3264 repraesentes;
3022 3197 3067 3251 si
3101 3198 3302 3265 claudi,
3335 3199 3382 3253 si
3420 3200 3708 3272 principis,
3755 3265 3758 3269 .

2141 3283 2201 3338 si
2227 3283 2457 3352 privati;
2497 3292 2649 3339 tuum
2693 3287 2839 3340 enim
2873 3288 2978 3343 hoc
3021 3298 3104 3343 est
3149 3290 3481 3361 assignatam
3522 3308 3712 3363 perso-

2140 3390 2268 3430 nam
2312 3376 2449 3431 bene
2494 3376 2717 3444 rel‘erre,
2771 3378 2945 3447 ipsam
2993 3394 3119 3434 vero
3156 3381 3391 3452 deligere
3440 3384 3506 3438 ad
3544 3384 3709 3439 alium

2141 3469 2392 3537 pertinet.

2611 3583 2771 3654 335
2795 3584 3024 3640 CAPUT
3066 3585 3250 3642 xxw.

2216 3695 2446 3760 Quando
2494 3711 2692 3751 corvus
2721 3698 3119 3767 inauspicatum
3163 3702 3522 3767 crocitaverit,
3559 3719 3627 3759 ne
3667 3715 3719 3758 te

2148 3785 2463 3854 imaginatio
2516 3787 2773 3855 corripiat
2799 3788 3098 3854 daemonis;
3144 3806 3331 3846 verum
3383 3798 3564 3849 statim
3605 3797 3719 3851 dis-

2150 3876 2335 3946 tingue
2365 3877 2508 3946 apud
2551 3878 2804 3946 teipsum,
2859 3888 2913 3934 et
2938 3881 3104 3935 dicito
3134 3900 3146 3935 :
3178 3881 3321 3937 Nihil
3353 3885 3482 3938 mihi
3509 3896 3720 3954 porten-

2150 3968 2315 4035 ditur,
2368 3968 2475 4021 nisi
2507 3967 2646 4023 lorle
2693 3984 2812 4024 meo
2862 3973 3100 4040 corpori,
3147 3983 3242 4026 aut
3289 3989 3411 4028 meo
3444 3976 3718 4042 praediolo,

2151 4069 2205 4114 et
2237 4059 2477 4130 gloriolae
2526 4075 2678 4124 meae,
2729 4068 2825 4115 aut
2855 4060 3000 4128 ﬁliis,
3050 4071 3145 4116 aut
3192 4065 3370 4128 uxori,
3414 4066 3549 4119 mihi
3598 4080 3721 4120 vero

2154 4146 2331 4203 l‘austa
2357 4148 2539 4220 omnia
2569 4149 2965 4217 signiﬁcantur,
2990 4151 3033 4204 si
3054 4165 3153 4220 ego
3174 4152 3396 4207 voluero
3413 4194 3427 4218 ,
3457 4154 3722 4224 quidquid

2153 4239 2295 4294 enim
2332 4240 2560 4294 istorum
2597 4242 2855 4304 evenerit,
2905 4242 2957 4295 in
2990 4257 3074 4295 me
3100 4251 3184 4296 est
3214 4243 3315 4296 hoc
3340 4243 3476 4298 bene
3503 4245 3720 4301 ducere.

2718 4464 2946 4520 CAPUT
2996 4464 3163 4519 XXV.

2227 4579 2470 4634 Invictus
2503 4594 2627 4634 esse
2656 4590 2832 4649 potes,
2855 4581 2905 4637 ‘si
2951 4581 3161 4636 nullum
3186 4581 3484 4637 descendas
3513 4581 3565 4634 in
3604 4593 3726 4635 cer-

2158 4682 2362 4735 tamen,
2394 4672 2445 4724 in
2476 4688 2585 4741 quo
2619 4674 2837 4728 vincere
2868 4674 3055 4729 nonin
3089 4685 3142 4729 te
3165 4683 3272 4730 est.

2716 4810 2943 4866 CAPUT
2985 4808 3175 4863 XXVI.

2230 4922 2459 4986 Caveas,
2496 4938 2564 4976 ne
2597 4924 2817 4993 quando
2847 4922 3048 4977 videris
3089 4921 3326 4991 aliquem
3361 4919 3566 4973 honore
3591 4931 3732 4988 prae

2161 5013 2354 5077 latum,
2382 5022 2476 5068 aut
2508 5012 2937 5083 magniﬁcatum,
2969 5018 3062 5066 aut
3094 5011 3231 5066 alias
3254 5010 3589 5066 celebratum
3616 5023 3734 5064 ser-

2165 5118 2330 5159 mone
2354 5104 2665 5171 hominum,
2691 5103 2950 5172 prazdices
2984 5103 3227 5168 beatum,
3261 5118 3327 5156 ex
3355 5100 3739 5170 imaginatione

2167 5207 2484 5266 correptus;
2512 5210 2637 5250 nam
2668 5195 2715 5250 si
2758 5194 2883 5249 boui
2926 5194 3163 5249 essentia
3208 5192 3532 5248 consisteret
3571 5192 3627 5246 in
3653 5191 3739 5246 his

2169 5302 2291 5357 quae
2316 5288 2370 5340 in
2396 5287 2557 5342 nobis
2584 5300 2692 5341 non
2723 5290 2873 5349 sunt,
2915 5298 3017 5338 nec
3046 5281 3250 5337 invidia
3285 5283 3465 5337 locum
3494 5281 3737 5341 haberet,

2171 5394 2269 5435 nec
2298 5377 2561 5449 aegritudo
2583 5392 2650 5432 ex
2679 5392 2745 5431 eo
2773 5375 2920 5446 quod
2948 5376 3086 5430 alter
3114 5375 3304 5431 iisdem
3341 5373 3599 5444 potiatur.
3630 5369 3742 5425 Nec

2171 5471 2319 5524 enim
2348 5469 2456 5523 dux
2506 5468 2713 5522 militiae
2752 5477 2844 5521 aut
2883 5474 3085 5530 rector,
3130 5474 3222 5521 aut
3253 5465 3445 5522 consul
3475 5479 3598 5521 esse
3633 5464 3740 5521 vis.

2175 5558 2268 5613 sed
2296 5557 2465 5621 liber;
2498 5558 2563 5609 ad
2599 5571 2721 5610 eam
2747 5565 2928 5610 autem
2955 5569 3069 5609 rem
3104 5555 3263 5609 unica
3289 5554 3374 5608 via
3403 5561 3507 5621 est,
3548 5566 3743 5621 nempe

2190 5654 2533 5715 contemptus
2566 5660 2754 5699 carum
2807 5659 3010 5709 rerum,
3046 5659 3167 5712 quae
3199 5645 3251 5698 in
3286 5643 3442 5700 nobis
3475 5657 3584 5697 non
3612 5650 3764 5696 suni-
