4066 6146
447 295 587 360 1295

971 398 1197 455 CAPUT
1239 399 1455 454 XXVII.

508 509 797 571 Memento,
845 508 986 575 quod
1034 522 1140 560 non
1189 508 1257 569 is,
1303 509 1394 577 qui
1437 506 1652 577 probris
1694 506 2011 565 insectatur,

436 612 531 657 aut
556 604 647 672 qui
682 600 945 664 verberat,
978 597 1230 666 injuriam
1256 598 1471 664 inferat,
1500 597 1595 652 sed
1619 595 2018 669 opinio,_336

436 709 557 762 qua:
588 692 659 747 de
699 691 784 745 his
830 690 1082 753 habetur,
1116 690 1274 743 velut
1320 689 1575 755 iniuriam
1614 686 2011 751 inferentibus;

436 798 558 835 cum
586 781 750 851 igitur
780 780 979 849 aliquis
1015 791 1065 833 te
1092 780 1319 833 irritarit
1357 780 1409 832 in
1441 780 1643 848 aliquo,
1682 778 1841 840 Scito,
1868 778 2013 847 quod

435 869 617 940 opinio
661 878 752 923 tua
792 877 843 922 te
889 868 1119 922 irritavit
1148 887 1161 923 :
1187 878 1517 938 quaprOpter
1558 871 1611 921 in
1662 868 1854 937 primis
1898 867 2013 920 oni-

438 972 565 1024 tere,
608 974 674 1013 ne
713 959 1030 1028 corripiaris
1079 974 1109 1012 a
1163 975 1223 1013 re
1267 958 1451 1013 animo
1498 968 1917 1028 repraesentata;
1966 959 2011 1012 si

436 1067 668 1121 namque
729 1051 897 1105 semel
945 1059 1188 1119 tempore
1240 1052 1442 1114 uteris,
1494 1066 1558 1105 ac
1612 1066 1801 1115 mora,
1856 1050 2014 1104 facile

438 1143 670 1211 teipsum
696 1142 1001 1212 superabis.

957 1251 1187 1307 CAPUT
1230 1252 1466 1307 XXVIII.

504 1366 674 1431 Mors,
708 1374 765 1420 ct
787 1364 934 1435 fuga,
973 1374 1028 1420 et
1056 1365 1160 1419 alia
1205 1367 1410 1430 onmia,
1447 1380 1570 1435 qua:
1610 1365 1864 1421 videntur
1889 1384 2013 1437 gra-

434 1456 543 1520 via,
569 1472 695 1511 ante
718 1457 908 1512 oculos
939 1458 1049 1511 sint
1078 1456 1175 1509 tibi
1208 1456 1470 1525 quotidie,
1498 1457 1733 1510 maxime
1754 1471 1881 1511 vero
1907 1474 2014 1526 prae

434 1547 688 1600 omnibus
739 1562 923 1611 mors;
978 1555 1031 1600 et
1077 1546 1210 1599 nihil
1260 1562 1501 1616 unquam
1556 1547 1821 1615 cogitabis
1862 1548 2009 1614 abje-

1929 287 2228 346 SPURIA.

2047 408 2097 459 Δ

3550 284 3673 347 1296

2701 397 2948 449 ΚΕΦΑΛ.
2991 397 3123 460 ΚΖ’,

2192 508 2453 575 Μέμνησο
2478 507 2558 558 ὅτι
2588 506 2684 574 οὐχ
2712 508 2741 557 ὁ
2770 506 3046 575 λοιδορῶν,
3083 509 3115 577 ἢ
3146 508 3173 558 ὁ
3206 507 3422 561 τύπτων
3458 509 3669 581 ὑϐρίζει,

2120 596 2255 650 ἀλλὰ
2282 599 2342 650 τὸ
2370 598 2545 667 δόγμα
2586 599 2644 650 τὸ
2677 599 2804 666 περὶ
2834 598 3036 650 τούτων
3065 599 3138 661 ὡς
3171 600 3498 669 ὑϐριζόντων
3518 621 3530 633 ’
3562 606 3674 658 ὅταν

2118 684 2210 741 οὖν
2231 689 2449 762 ὲρεθίσῃ
2474 689 2532 741 σέ
2553 707 2656 752 τις,
2679 689 2782 742 ἴσθ’
2807 692 2888 743 ὅτι
2919 691 3035 760 ήσή
3066 707 3124 742 σε
3154 692 3422 760 ὑπόληψις
3444 695 3670 763 ἠρέθισε·

2115 780 2406 850 τοιγαροῦν
2442 783 2500 832 ἐν
2532 779 2767 849 πρώτοις
2801 781 2977 851 πειρῶ
3011 781 3115 833 ὑπὸ
3150 782 3248 851 τῆς
3284 785 3575 851 φαντασίας
3606 789 3671 857 μὴ

2118 871 2590 940 συναρπασθῆναι·
2620 870 2715 922 ἐὰν
2747 870 2853 940 γὰρ
2883 871 3030 934 ἆπαξ
3055 872 3265 941 χρόνου,
3292 873 3383 926 καὶ
3409 873 3672 946 διατριϐῆς

2115 959 2306 1030 τύχῃς,
2328 962 2454 1031 ῥᾷον
2484 962 2774 1031 κρατήσεις
2802 963 3053 1016 σεαυτοῦ.

2692 1254 2943 1307 ΚΕΦΑΛ.
2985 1253 3119 1307 κη’.

2185 1365 2428 1428 Θάνατος
2455 1342 2548 1418 καὶ
2574 1365 2718 1433 φυγὴ
2746 1365 2841 1419 καὶ
2871 1366 3048 1419 πάντα
3075 1366 3209 1419 ἄλλα
3235 1366 3303 1421 τὰ
3322 1367 3469 1421 δεινὰ
3499 1370 3673 1437 φαινό-

2119 1474 2255 1526 μενα
2300 1458 2407 1524 πρὸ
2456 1456 2750 1527 ὀφθαλμῶν
2803 1457 2943 1509 ἔστω
2992 1474 3075 1510 σοι
3128 1458 3252 1511 καθ’
3296 1459 3538 1529 ἡμέραν,
3586 1462 3670 1513 καὶ

2114 1550 2334 1602 πάντων
2361 1550 2417 1601 δὲ
2448 1550 2683 1617 μάλιστα
2727 1551 2757 1601 ὁ
2786 1549 3035 1612 θάνατος,
3077 1551 3173 1603 καὶ
3218 1550 3374 1603 οὐδὲν
3408 1551 3668 1614 οὐδέποτε.

434 1647 602 1704 ctum,
658 1653 757 1695 nec
803 1638 881 1694 rei
923 1637 1231 1707 cujuspiam
1260 1639 1427 1693 nimia
1455 1640 1726 1693 teneberis
1755 1639 2013 1708 concupi-

2118 1641 2238 1693 οὔτε
2290 1641 2545 1694 ταπεινὸν
2595 1639 2910 1708 ἐνθυμήσῃ,
2958 1638 3082 1691 οὗτε
3142 1639 3282 1706 ἄγαν
3330 1638 3671 1710 ἐπιθυμήσεις

435 1731 659 1785 scentia.

555 1815 565 1824 ’
990 1837 1221 1893 CAPUT
1261 1838 1451 1893 xxrx.

503 1954 564 2009 Si
612 1951 1013 2023 philosophiam
1068 1952 1448 2021 concupiscis,
1501 1958 1839 2022 prmparatus
1884 1951 2010 2006 inde

433 2055 570 2112 esto,
602 2053 895 2114 expectans
941 2052 992 2097 te
1033 2042 1408 2105 deridendum,
1443 2044 1750 2113 multosque
1791 2051 1844 2098 te
1877 2043 2009 2098 sub-

435 2145 780 2197 sannaturos,
812 2141 866 2189 et
903 2134 1167 2198 dicturos,
1199 2134 1353 2203 quod!
1375 2133 1614 2202 Repente
1642 2133 1799 2189 nobis
1828 2134 2010 2203 philo-

435 2225 643 2295 sophus
690 2223 1043 2294 supervenit;
1106 2230 1161 2278 et
1215 2223 1360 2277 unde
1422 2224 1581 2278 nobis
1652 2225 2008 2293 supercilium

436 2316 611 2370 istud?
643 2313 724 2369 Tu
764 2330 893 2369 vero
923 2312 1275 2383 supercilium
1307 2314 1529 2382 quidem
1575 2329 1645 2369 ne
1674 2314 1909 2381 habeas;
1945 2330 2008 2369 ea

435 2422 582 2471 vero,
614 2422 734 2476 qua:
759 2405 965 2475 optima
995 2403 1092 2458 tibi
1124 2406 1240 2458 visa
1273 2401 1471 2459 fuerint
1508 2406 1589 2459 sic
1612 2413 1755 2467 tene,
1786 2404 2010 2474 perinde

436 2514 498 2553 ac
538 2499 582 2552 si
624 2513 653 2552 a
695 2496 805 2552 Deo
844 2495 900 2549 in
929 2509 994 2549 eo
1034 2494 1365 2549 constitutus
1405 2508 1555 2548 esses
1601 2493 1758 2549 loco:
1791 2509 1854 2548 ac
1892 2509 2008 2548 me-

436 2597 639 2649 mento,
681 2585 825 2656 quod
882 2584 929 2638 si
982 2584 1034 2637 in
1075 2582 1266 2638 eodem
1313 2600 1626 2653 perseveres
1678 2594 1859 2649 statu,
1915 2584 2008 2653 qui

436 2678 587 2747 prius
614 2687 664 2730 te
690 2675 1003 2736 irridebant,
1038 2672 1198 2727 iidem
1235 2684 1285 2727 te
1332 2682 1519 2743 postea
1560 2675 2006 2740 admirabuntur;

438 2767 485 2821 si
521 2781 646 2820 vero
676 2766 744 2820 ab
776 2765 907 2835 ipsis
936 2762 1103 2817 fueris
1142 2774 1452 2833 superatus,
1487 2763 1757 2834 duplicem
1807 2763 2009 2818 referes

441 2872 768 2914 II'I‘ISIOﬂem.

1000 2970 1229 3028 CAPUT
1274 2969 1439 3025 XXX.

510 3086 568 3141 Si
611 3085 827 3157 quando
872 3085 969 3139 tibi
1013 3082 1301 3154 contigerit
1347 3081 1482 3136 verti
1542 3079 1709 3144 foras,
1770 3087 1829 3133 ut
1877 3079 2011 3134 velis
2039 3062 2081 3118 (ἶ

440 3178 603 3231 alicui
640 3178 874 3247 placere,
908 3177 1074 3241 scias,
1123 3176 1270 3244 quod
1311 3171 1576 3227 aberrasti
1620 3172 1687 3226 ab
1724 3170 2008 3236 instituto;

440 3281 729 3327 contentus
761 3285 890 3342 ergo
917 3270 994 3326 sis
1034 3270 1087 3323 in
1122 3268 1270 3323 omni
1310 3283 1370 3321 re
1398 3265 1751 3335 philosophus
1785 3279 1933 3327 esse;
1966 3264 2011 3317 si

442 3379 569 3417 vero
596 3363 755 3432 337
786 3361 996 3430 cupias,
1053 3360 1201 3429 quod
1243 3358 1347 3411 hoc
1376 3367 1532 3411 tuum
1577 3368 1697 3408 esse
1737 3353 1792 3406 in
1831 3353 2011 3421 aliqua

440 3453 513 3505 sit
543 3450 967 3514 existimatione,
999 3448 1096 3501 tibi
1121 3448 1224 3514 ipsi
1267 3458 1549 3513 appareas,
1583 3453 1636 3497 et
1660 3445 1764 3496 hoc
1794 3441 2012 3496 suﬂicit.

1006 3559 1232 3616 CAPUT
1260 3548 1452 3613 XXXI.

509 3679 593 3734 Ne
626 3687 677 3731 te
712 3674 951 3743 afﬂigant
999 3671 1352 3742 cogitationes
1394 3648 1768 3739 hujuscemodi
1800 3708 1815 3732 ,
1851 3668 2015 3721 nimi-

447 3786 597 3824 rum:
626 3766 990 3823 lnhouoratus
1031 3778 1129 3832 ego
1183 3766 1346 3817 vitam
1393 3762 1711 3829 transigam,
1744 3775 1842 3812 nec
1867 3758 2013 3812 ullibi

444 3863 589 3916 ullus
619 3858 856 3914 habebor
891 3875 905 3910 :
935 3857 978 3911 si
1008 3857 1203 3910 etenim
1237 3853 1535 3924 ignominia
1573 3851 1773 3905 malum
1806 3859 1908 3913 est,
1936 3849 2014 3903 uti

444 3959 545 4015 est,
594 3961 706 4002 non
743 3953 894 4015 potes
924 3959 1017 4014 per
1046 3942 1211 3996 alium
1254 3938 1459 3994 versari
1503 3939 1684 4007 potius
1741 3938 1795 3989 in
1847 3938 2012 3999 malo,

447 4054 609 4109 quam
659 4038 713 4090 in
754 4035 1037 4089 dedecore.
1077 4030 1334 4100 Nunquid
1371 4029 1534 4098 igitur
1584 4036 1672 4080 tua
1724 4034 1808 4081 est
1850 4040 2012 4093 opera

445 4130 663 4200 assequi
696 4128 1008 4197 primatum,
1054 4133 1153 4178 aut
1182 4123 1371 4178 cedere
1405 4120 1458 4173 in
1488 4116 1779 4173 convivio?
1809 4132 2013 4185 nequa-

447 4237 634 4292 quam.
673 4217 956 4285 Quomodo
989 4215 1150 4286 igitur
1202 4213 1254 4265 in
1280 4212 1398 4267 istis
1426 4209 1724 4280 ignominia
1754 4206 1873 4261 est?
1906 4223 2013 4274 quo

2041 1726 2087 1785 Β
2114 1732 2275 1795 τινός.

2686 1846 2945 1900 ΚΕΦᾹΛ.
2987 1844 3094 1897 ΚΘ¹
3117 1875 3132 1893 .

2180 1961 2241 2013 Εἰ
2270 1959 2583 2029 φιλοσοφίας
2621 1958 2928 2028 ἐπιθυμεῖς,
2980 1954 3396 2026 παρασκευάζου
3433 1953 3666 2017 αὐτόθεν,

2109 2052 2184 2114 ὡς
2210 2050 2840 2118 καταγελασθησόμενος,
2876 2048 2950 2110 ὡς
2980 2045 3534 2115 καταμωκησομένων
3560 2046 3671 2098 πολ-

2109 2144 2236 2208 λῶν,
2273 2146 2364 2196 καὶ
2394 2142 2677 2213 ἐρούντων,
2706 2141 2790 2193 ὅτι
2830 2141 3013 2206 ’Λφνω
3042 2138 3327 2207 φιλόσοφος
3363 2140 3495 2206 ἡμῖν
3522 2139 3672 2189 ἐπαν-

2110 2233 2356 2303 ελήλυθε,
2389 2233 2482 2285 καὶ
2513 2231 2676 2307 πόθεν
2702 2232 2833 2300 ἡμῖν
2863 2228 3002 2296 αθτη
3027 2230 3060 2298 ἡ
3089 2227 3292 2296 ὀφρύςς
3338 2227 3409 2279 Σὺ
3431 2226 3670 2295 δὲόφρίεν

2113 2326 2210 2395 μὲν
2246 2324 2320 2395 μὴ
2360 2324 2468 2392 ἔχε,
2498 2322 2605 2375 τῶν
2634 2322 2690 2374 δὲ
2723 2319 3012 2390 βελτίστων
3043 2336 3124 2370 σοι
3152 2319 3495 2386 φαινομένων
3515 2318 3671 2377 οὕτως

2110 2417 2257 2486 ἔχου,
2294 2415 2368 2477 ὡς
2408 2414 2521 2479 ,ἀπὸ
2550 2413 2641 2466 τοῦ
2689 2410 2825 2464 Θεοῦ
2864 2410 3198 2479 τεταγμένος
3238 2411 3317 2470 είς
3350 2409 3553 2477 ταύτην
3583 2407 3672 2475 τὴν

2111 2510 2313 2582 χώραν·
2351 2511 2593 2580 μέμνησο
2632 2508 2688 2562 δὲ
2716 2509 2797 2561 ὅτι
2826 2509 2919 2560 ἐὰν
2951 2508 3048 2577 μὲν
3078 2506 3323 2577 ὲμμένῃς
3346 2508 3458 2567 τοῖς
3482 2506 3671 2568 αὐτοῖς,

2110 2604 2157 2655 οί
2193 2601 2594 2668 καταγελῶντές
2624 2616 2715 2652 σου
2746 2598 3008 2668 πρότερον
3031 2592 3175 2649 οὗτοί
3211 2613 3266 2648 σε
3303 2595 3530 2662 ὕστερον
3555 2593 3673 2646 θαυ-

2115 2694 2393 2763 μάσονται.
2434 2691 2555 2744 Ἐὰν
2581 2690 2637 2742 δὲ
2662 2690 2900 2760 ἡττηθῇς
2928 2687 3130 2750 αὐτῶν,
3152 2684 3372 2738 διπλοῦν
3396 2683 3672 2757 προσλήψῃ

2112 2784 2462 2853 καταγέλωτα
2471 2823 2485 2835 .

2630 3034 2633 3035 ν
2708 2960 2960 3016 ΚΕΦΑΛ.
3002 2960 3080 3013 a'.

2196 3082 2322 3136 Ἑάν
2350 3098 2480 3134 ποτε
2512 3079 2738 3149 γένηται
2783 3079 2888 3145 ἔξω
2939 3082 3242 3151 στραφῆναι
3286 3077 3422 3148 πρὸς
3464 3077 3523 3130 τὸ
3569 3074 3674 3146 βού-

2114 3175 2301 3227 λεσθαι
2331 3175 2524 3245 ἀρέσαι
2552 3173 2679 3235 τινὶ,
2711 3173 2818 3226 ἴσθι
2847 3173 2928 3225 ὅτι
2958 3170 3241 3234 ἀπώλεσας
3271 3173 3367 3240 τὴν
3392 3170 3637 3223 ἔνστασιν
3657 3182 3671 3197 ’

2114 3267 2286 3337 ἀρκοῦ
2328 3262 2421 3319 οὖν
2453 3269 2511 3319 ἐν
2552 3264 2716 3318 παντὶ
2743 3264 2802 3317 τὸ
2829 3259 2969 3317 εἶναι
3000 3263 3310 3331 φιλόσοφος,
3350 3265 3399 3314 εί
3423 3261 3483 3314 δὲ
3513 3260 3677 3314 δοκεῖν

2117 3358 2300 3427 βούλει
2327 3356 2387 3409 τὸ
2415 3352 2572 3421 εἶναι,
2607 3354 2788 3425 σαυτῷ
2816 3354 3030 3423 φαίνου,
3073 3355 3166 3407 καὶ
3199 3353 3382 3406 ἱκανόν
3409 3354 3575 3405 ἐστιν.

2711 3534 2962 3586 ΚΕΦΑΛ.
2998 3531 3123 3585 AA’.

2230 3643 2345 3703 ὗτοί
2374 3663 2435 3715 γε
2470 3648 2517 3699 οἱ
2545 3646 2880 3714 διαλογισμοὶ
2902 3647 2972 3715 μή
3003 3662 3061 3697 σε
3079 3645 3439 3698 θλιεέτωταν·
3466 3645 3679 3713 ’Λτιμος

2116 3738 2227 3804 ἐγὼ
2256 3738 2636 3805 διαϐιώσομαι,
2667 3736 2758 3788 καὶ
2786 3735 2960 3796 οὐδεὶς
2992 3734 3247 3803 οὐδαμοῦ.
3276 3736 3336 3787 Εἰ
3361 3734 3471 3803 γὰρ
3506 3737 3539 3804 ἡ
3572 3736 3682 3787 ἀτι-

2120 3829 2216 3899 μία
2253 3828 2369 3880 ἐστὶ
2401 3827 2588 3892 κακον,
2628 3825 2816 3895 ὥσπερ
2856 3827 3022 3888 ἐστὶν,
3062 3827 3123 3877 οὐ
3176 3826 3398 3878 δύνασαι
3436 3827 3496 3877 ὲν
3536 3821 3681 3890 κακῷ

2117 3916 2255 3973 εἶναι
2277 3920 2341 3972 δι’
2372 3918 2547 3981 ἄλλον,
2572 3919 2630 3970 οὐ
2662 3916 2860 3986 μᾶλλον
2890 3916 2922 3985 ἢ
2956 3918 3011 3968 ὲν
3043 3916 3272 3986 αἰσχρῷ,
3309 3917 3382 3985 μή
3407 3934 3458 3971 τι
3485 3910 3576 3969 οὖν
3598 3914 3680 3965 σόν

2118 4016 2264 4066 ὲστιν
2314 4011 2472 4080 ἔργον
2521 4009 2582 4062 τὸ
2622 4008 2795 4078 ἀρχῆς
2839 4009 3023 4077 τυχεῖν
3063 4007 3095 4076 ἢ
3132 4006 3570 4075 παραλειφθῆναι
3609 4005 3682 4065 εἰς

2118 4102 2384 4162 satiatam;
2420 4098 2701 4168 Οὐδαμῶς.
2738 4097 2862 4158 Πῶς
2908 4092 3000 4149 οὖν
3035 4098 3091 4148 ἐν
3125 4096 3333 4159 τούτοις
3376 4098 3526 4148 ἐστὶν
3572 4097 3682 4147 ἀτι-

2121 4195 2253 4262 μία;
2309 4191 2424 4252 πῶς
2468 4190 2524 4241 δὲ
2555 4188 2647 4242 καὶ
2673 4188 2845 4249 οὐδεὶς
2874 4186 3107 4256 οὐδαμοῦ
3149 4190 3265 4258 ἔσῃ,
3313 4188 3372 4241 ὃν
3415 4191 3474 4241 ὲν
3510 4188 3684 4257 μόνοις

446 4273 601 4384 pacto
622 4273 749 4367 vero
786 4325 886 4364 nec
918 4273 1060 4363 υιιιῖε
1096 4305 1205 4360 eris
1237 4302 1411 4367 ullibi,
1442 4273 1642 4369 quippe
1670 4298 1762 4365 qui
1788 4273 2016 4362 alicujus

2118 4280 2256 4337 εἷναί
2300 4299 2421 4335 τινα
2476 4281 2556 4333 δεῖ
2606 4283 2716 4343 τοῖς
2763 4281 2854 4331 ἐπὶ
2894 4280 2974 4331 σοὶ
3018 4280 3076 4331 ὲν
3115 4274 3196 4340 οἷς
3228 4279 3405 4341 ἒξεστί
3435 4296 3519 4331 σοι
3553 4273 3687 4331 εἶναι

2159 4374 2237 4384 ..
2406 4371 2481 4384 ....
2917 4369 2929 4382 .
3010 4368 3042 4384 ,ς
3141 4367 3196 4384 υ.
3243 4368 3296 4384 ,η
3446 4368 3469 4384 .
3613 4383 3629 4384 η
3669 4380 3684 4384 _

446 4379 864 4459 existimationis
906 4406 1115 4467 oportet
1154 4403 1212 4448 ut
1257 4393 1369 4457 sis,
1421 4386 1764 4445 solummodo
1820 4386 1871 4438 in
1923 4385 2011 4449 iis,
2046 4379 2088 4434 D

449 4511 570 4563 qua:
607 4495 661 4547 in
693 4500 744 4547 te
773 4499 921 4553 sunt,
956 4489 1008 4540 in
1038 4486 1238 4556 quibus
1270 4483 1456 4547 etiam,
1485 4489 1544 4534 ut
1571 4477 1735 4547 digno
1768 4475 1861 4530 tibi
1897 4474 2021 4530 licet

449 4588 667 4659 plurimi
710 4584 861 4639 fieri?
900 4581 1094 4635 Verum
1125 4575 1287 4632 amici
1315 4575 1391 4630 tui
1419 4572 1563 4628 nulla
1591 4586 1691 4642 ope
1714 4570 1889 4641 iuvari
1924 4582 2022 4638 po-

451 4685 634 4733 terunt
667 4695 681 4731 ;
709 4672 840 4745 quid
868 4672 950 4726 ais
975 4669 1092 4725 sine
1123 4666 1325 4721 auvilio
1348 4664 1545 4719 erunt?
1574 4677 1678 4716 non
1703 4677 1731 4715 a
1765 4676 1814 4715 te
1841 4661 2022 4715 minu-

453 4782 564 4826 tum
586 4785 682 4834 aes,
710 4765 793 4821 vel
822 4773 1103 4835 argentum
1145 4758 1438 4821 habebunt,
1465 4757 1719 4825 ipsosque
1745 4769 1851 4807 non
1881 4754 2023 4806 inter

452 4866 597 4919 cives
628 4861 903 4915 Romanos
946 4854 1189 4910 ascribes
1223 4848 1471 4918 ?Ecquis
1526 4848 1684 4917 igitur
1734 4845 1830 4898 tibi
1863 4844 2019 4905 dixit,

453 4955 598 5026 quod
647 4954 760 5007 hmo
789 4951 843 5005 in
871 4948 1029 5003 nobis
1061 4953 1190 5001 sunt
1240 4953 1290 4998 et
1321 4958 1426 4995 non
1453 4955 1614 5009 opera
1648 4936 1861 4992 aliena?
1888 4935 2022 5001 Quis

457 5063 582 5101 vero
612 5046 742 5100 dare
764 5050 940 5113 potest
969 5039 1148 5102 alteri,
1176 5050 1297 5105 qua:
1327 5047 1433 5087 non
1457 5031 1619 5084 habet
1648 5027 1797 5097 ipse?
1822 5027 2023 5094 Aequi-

453 5141 559 5194 rito
597 5151 725 5208 ergo
752 5136 947 5205 (aiunt)
987 5141 1044 5185 ut
1072 5138 1125 5184 et
1156 5143 1257 5181 nos
1285 5125 1604 5177 habeamus.
1649 5119 1705 5172 Si
1737 5117 2021 5186 acquirere

455 5243 714 5300 possum,
768 5238 1101 5282 conservans
1168 5232 1254 5272 me
1308 5215 1484 5285 ipsum
1522 5208 1923 5269 verecundum,
1971 5214 2025 5259 et

458 5299 693 5386 fidelem,
736 5332 797 5372 ac
838 5313 1269 5384 magnanimum,
1306 5304 1572 5361 oswndite
1604 5300 1737 5354 mihi
1782 5299 1945 5360 viam,
1972 5305 2025 5350 et

454 5409 821 5480 comparabo;
863 5404 907 5457 si
959 5417 1085 5455 vero
1134 5415 1162 5452 a
1211 5413 1296 5451 me
1344 5398 1447 5448 hoc
1491 5392 1726 5458 rogatis,
1779 5400 2021 5439 meorum

456 5503 658 5559 scilicet
688 5496 1040 5568 perditionem
1077 5492 1379 5545 bonorum,
1412 5492 1470 5537 ut
1512 5496 1611 5535 vos
1644 5494 1761 5548 qua:
1801 5492 2023 5530 minimc

462 5592 601 5643 bona
647 5600 772 5640 sunt
832 5585 965 5637 lucri
1012 5582 1254 5641 faciatis,
1309 5577 1483 5630 videte
1527 5587 1624 5623 vos
1688 5569 1787 5637 ipsi
1857 5580 2020 5635 quam

464 5676 670 5747 injusti,
702 5690 764 5725 ac
795 5672 970 5742 ignavi
998 5671 1132 5723 sitis.
1187 5667 1324 5733 Quid
1360 5679 1487 5716 vero
1521 5659 1792 5722 mavultis,
1827 5671 2022 5724 argen-

2118 4374 2367 4428 πλείστου
2395 4371 2555 4442 ἀξίῳς
2584 4370 2744 4424 Ἀλλά
2774 4386 2854 4421 σοι
2883 4369 2931 4421 oi
2964 4368 3105 4437 φίλοι
3129 4367 3421 4438 ἁϐοήθητοι
3444 4368 3685 4421 ἔσονταιο

2123 4469 2373 4536 τίλέγεις
2403 4467 2462 4521 τὺ
2490 4463 2808 4534 ἀὸοήθητοις
2840 4462 2939 4531 οὐχ
2964 4461 3145 4525 ἕξουσι
3181 4460 3330 4531 παρὰ
3360 4462 3456 4514 σοῦ
3492 4457 3691 4530 κερμά-

2122 4576 2235 4612 τιον
2283 4555 2636 4628 ἢάργύριον.
2686 4550 2821 4604 Οὐδὲ
2879 4549 3101 4612 πολίτας
3168 4547 3455 4620 Ῥωμαίων
3498 4547 3690 4606 αὐτοὺς

2125 4652 2389 4720 ποιήσεις.
2420 4648 2515 4711 Τίς
2538 4643 2631 4700 οὖν
2663 4662 2747 4699 σοι
2770 4641 2940 4707 εἶπεν,
2968 4643 3049 4696 ὅτι
3088 4642 3262 4695 ταῦτα
3301 4640 3412 4693 τῶν
3440 4641 3527 4709 ἐφ’
3566 4640 3691 4709 ἡμῖν

2124 4745 2292 4805 ἐστιν,
2322 4740 2443 4808 οὐχὶ
2463 4739 2514 4790 δὲ
2548 4736 2806 4807 ἀλλότρια
2838 4734 3006 4804 ἔργας
3037 4734 3131 4796 Τίς
3163 4732 3218 4785 δὲ
3251 4732 3434 4785 δοῦναι
3472 4730 3689 4784 δύναται

2125 4834 2314 4901 ἑτέρῳ,
2350 4829 2385 4882 ἃ
2418 4829 2493 4898 μὴ
2516 4827 2628 4897 ἔχει
2658 4827 2857 4889 αὑτός;
2893 4826 3102 4893 Κτῆσαι
3129 4820 3242 4886 οὖν,
3270 4822 3453 4890 φασὶν,
3486 4822 3574 4874 ἶνα
3602 4820 3692 4872 καὶ

2126 4924 2284 4992 ἡμεῖς
2318 4920 2551 4989 ἔχωμεν,
2582 4921 2615 4987 ῆ
2648 4917 2884 4987 δύναμαι
2930 4914 3234 4983 κτήσασθαι
3274 4912 3456 4982 τηρῶν
3506 4911 3692 4962 ἑαυτὸν

2123 5015 2245 5083 αἰδή
2255 5030 2412 5082 μονα,
2431 5014 2523 5062 καί
2544 5008 2753 5073 πιστὸν,
2775 5009 2867 5061 καὶ
2887 5006 3285 5076 μεγαλόφρονα,
3305 5001 3581 5056 δεικνύετε
3599 5001 3693 5068 τὴν

2122 5104 2239 5155 ὁδὸν
2261 5103 2353 5155 καὶ
2377 5102 2659 5171 κτήσομαι,
2686 5099 2735 5150 εί
2757 5097 2813 5149 δέ
2838 5113 2904 5166 με
2927 5093 3142 5160 ἀξιοῦτε
3157 5094 3224 5146 τὰ
3242 5091 3421 5162 ἀγαθὰ⁵
3440 5092 3514 5143 τὰ
3528 5094 3695 5159 ἐμαυ-

2124 5195 2219 5248 τοῦ
2241 5193 2522 5256 ἀπολέσαι,
2554 5191 2640 5243 ἵνα
2663 5190 2817 5258 ὑμεῖς
2832 5187 2902 5240 τὰ
2938 5187 3011 5257 μὴ
3036 5185 3215 5253 ἀγαθὰ
3241 5178 3692 5254 περιποιήσησθε.

2126 5288 2288 5357 ὁρᾶτε
2315 5287 2472 5354 ὑμεῖς
2503 5282 2619 5344 πῶς
2642 5279 2817 5333 ἄδικοί
2853 5281 2995 5344 ἐστε,
3027 5277 3121 5329 καὶ
3151 5274 3484 5342 ἀγνώμονες.
3534 5271 3601 5322 Τί

2127 5356 2219 5432 καὶ
2254 5375 2505 5448 βούλεσθε
2546 5373 2764 5443 μᾶλλον,
2788 5369 3067 5441 ἀργύριον,
3096 5366 3128 5436 ἢ
3160 5364 3313 5434 φίλον
3352 5360 3566 5426 πιστὸν,
3606 5356 3696 5410 καὶ

2125 5470 2428 5537 αἰδήμονα;
2461 5468 2538 5527 εἰς
2577 5462 2735 5516 τοῦτο
2774 5457 2866 5515 οὖν
2899 5476 2988 5529 μοι
3032 5456 3231 5528 μᾶλλον
3271 5451 3693 5525 συλλαμϐάνετε,

2128 5564 2217 5615 καὶ
2249 5560 2322 5627 μὴ
2351 5559 2418 5610 δι’
2443 5552 2515 5609 ὧν
2549 5554 2807 5608 ἁποϐαλῶ
2828 5552 2965 5604 αὐτὰ
2986 5548 3175 5609 ταῦτα,
3210 5543 3390 5598 ἐκεῖνά
3419 5558 3493 5611 με
3531 5539 3694 5608 πρασ-

2129 5672 2240 5707 σειν
2273 5649 2506 5716 ἀξιοῦτε.
2544 5648 2701 5701 Ἀλλὰ
2747 5648 2779 5717 ἡ
2820 5643 3036 5713 πατρὶς,
3078 5637 3262 5708 φησιν,
3295 5637 3416 5689 ὅσον
3460 5633 3550 5683 ἐπ’
3582 5626 3696 5698 ἐμοὶ
