4066 6146
474 304 606 370 1297

1755 312 2098 381 EPICTETI
2132 320 2515 384 MANUALE.

3600 322 3729 391 1298

460 425 771 503 ¹ιΞιϐοήθητος
801 426 974 480 ἔσται.
1008 426 1175 481 Πάλιν
1206 423 1363 483 ποίαν
1394 434 1490 486 καὶ
1528 433 1728 504 ταύτην
1759 436 2032 509 βοήθειαν]

2154 446 2290 501 tum,
2325 448 2419 494 aut
2477 438 2712 493 amicum
2745 437 2979 504 lidelem,
3012 447 3063 493 et
3096 440 3502 496 verecundum?
3530 443 3595 496 ad
3627 443 3731 500 huc

467 515 631 579 στοὰς
663 516 762 587 οὐχ
794 517 904 581 ἓξει
937 517 1023 570 διὰ
1054 518 1133 583 σὲ,
1163 519 1285 574 οὐδὲ
1313 520 1607 590 βαλανεία;
1641 527 1751 579 Καὶ
1776 528 1830 580 τί
1853 529 2038 598 τοῦτο;

465 604 602 657 Οὐδὲ
640 603 750 675 γὰρ
771 606 1095 675 ὑποδήματα
1125 605 1238 676 ἔχει
1258 607 1346 661 διὰ
1372 609 1464 663 τὸν
1498 613 1720 680 σκυτέα,
1751 616 1871 669 οὐδὲ
1902 618 2041 671 ὅπλα

465 692 553 749 διὰ
579 696 674 749 τὸν
702 696 927 766 χαλκέα.
972 697 1174 750 Ἱκανὸν
1204 697 1260 752 δὲ
1303 700 1369 752 ἂν
1415 702 1644 767 ἕκαστος
1693 707 2037 778 ἐκπληρώσει

465 785 529 838 τὸ
552 783 749 839 ἑαυτοῦ
777 784 958 856 ἔργον.
981 786 1045 838 Et
1067 785 1124 839 δὲ
1145 786 1302 840 ἄλλον
1322 788 1444 841 τινὰ
1471 790 1607 861 αὐτὴ
1636 794 2035 859 κατεσκεύαζες

468 877 692 945 πολίτην
718 876 928 940 πιστὸν,
958 877 1051 930 καὶ
1076 878 1365 949 αίδήμονα,
1398 880 1550 934 οὐδὲν
1582 883 1752 955 αὐτὴν
1780 885 2029 955 ὠφέλεις·

466 968 573 1033 ναὶ,
608 966 804 1020 οὐκοῦν
837 965 1011 1031 οὐδεὶς
1038 968 1201 1022 αὐτὸν
1233 969 1301 1023 ἂν
1327 970 1628 1041 ὠφέλησεν,
1655 973 1687 1042 ἢ
1715 975 1874 1045 αὐτή.
1899 976 2032 1031 Τίνα

464 1049 579 1118 οὖν,
614 1054 930 1124 φησὶν,έξω
958 1054 1141 1126 χώραν
1173 1058 1231 1113 ἐν
1253 1062 1318 1130 τῇ
1354 1061 1542 1128 πόλει;
1572 1064 1638 1132 ἣν
1662 1064 1755 1117 ἐὰν
1768 1062 1897 1136 δύνῃ
1935 1082 2036 1133 φυ-

463 1143 670 1198 λάττων
708 1144 825 1215 ἅμα
872 1145 936 1199 σὲ
990 1147 1152 1200 αὐτὸν
1202 1150 1392 1202 πιστὸν
1435 1154 1528 1205 καὶ
1570 1152 1856 1223 αἰδήμονα.
1883 1155 1945 1207 Et
1978 1154 2035 1209 δὲ

2144 529 2326 599 itaque
2368 530 2504 585 mihi
2538 531 2712 601 magis
2742 531 3107 601 opitulemini,
3159 542 3214 587 et
3245 548 3307 587 ea
3364 535 3638 604 postulate
3671 545 3731 616 ut

2140 618 2361 685 faciam,
2383 636 2489 676 non
2517 636 2644 677 vero
2674 621 2782 687 illa,
2804 637 2898 692 per
2930 638 3053 691 qua:
3081 624 3195 678 haec
3218 625 3406 679 eadem
3452 624 3728 694 abjiciam.

2142 707 2244 764 Sed
2273 711 2448 780 patria
2498 711 2720 780 (inquit)
2753 722 3020 782 quantum
3074 714 3129 768 in
3187 728 3274 768 me
3324 723 3409 770 est
3435 715 3601 785 338
3625 718 3731 770 erit

2141 801 2347 869 absque
2420 800 2752 869 adjumento.
2809 801 3049 857 Rursum
3107 804 3271 872 quale
3316 811 3372 858 et
3418 803 3524 857 hoc
3568 804 3727 874 adju-

2141 890 2425 945 mentum?
2456 891 2706 947 Porticus
2723 907 2818 962 per
2843 902 2896 947 te
2924 908 3032 948 non
3051 894 3283 961 habebit,
3301 909 3474 964 neque
3503 895 3728 950 balnea?

2138 980 2206 1036 Et
2252 982 2381 1051 quid
2430 983 2570 1038 hoc?
2623 984 2749 1054 quia
2791 999 2986 1055 nempe
3046 986 3415 1042 calceamenta
3464 1001 3573 1040 non
3629 1002 3726 1057 per

2139 1082 2401 1139 sutorem,
2457 1090 2632 1145 neque
2664 1091 2816 1130 arma
2848 1091 2945 1146 per
2995 1075 3210 1132 fabrum
3243 1077 3497 1132 aerarium
3535 1077 3719 1132 habet.

2135 1162 2382 1220 Sufficiet
2407 1175 2586 1220 autem
2619 1167 2666 1221 si
2707 1168 3084 1237 unusquisque
3133 1184 3293 1223 suum
3343 1169 3718 1238 adimpleverit

464 1235 681 1305 εκείνην
709 1236 937 1305 ὠφελεῖν
967 1236 1285 1310 βουλόμενος
1309 1241 1635 1304 άποόἀλλεις
1669 1243 1863 1308 ταῦτα,
1888 1243 1940 1296 τι
1973 1245 2032 1298 τὸ

2136 1266 2278 1321 Opus
2309 1270 2325 1307 :
2357 1255 2403 1310 si
2445 1270 2575 1310 vero
2602 1256 2838 1326 aliquem
2868 1235 3059 1312 alium
3102 1258 3276 1314 civem
3318 1258 3419 1327 ipsi
3475 1257 3722 1315 efficeres

463 1325 653 1394 ὄφελος
675 1326 741 1380 ἂν
774 1327 910 1399 αὐτῇ
940 1329 1170 1395 γένοισο,
1196 1330 1438 1403 ἀναιδὴς,
1467 1334 1560 1387 καὶ
1593 1334 1819 1399 ἄπιστος
1846 1337 2032 1390 ἀποτε-

2135 1342 2369 1408 fidelem,
2423 1359 2487 1399 ac
2528 1325 2871 1415 prudentem,
2907 1346 3043 1401 nihil
3095 1356 3153 1402 tu
3200 1325 3354 1402 illam
3406 1347 3719 1418 adjuvat-es.

468 1417 696 1480 λεσθεες.
908 1482 918 1487 β
2138 1433 2382 1501 profecto
2419 1434 2578 1501 nihil,
2610 1435 2878 1506 siquidem
2909 1439 3094 1493 nullus
3129 1438 3306 1508 ipsum
3335 1438 3501 1506 juvit,
3549 1452 3716 1508 quam

470 1514 560 1567 illa
607 1513 816 1567 eadem.
849 1514 1151 1579 Quemnam
1182 1517 1365 1587 itaque
1394 1517 1513 1586 (ait)
1568 1518 1821 1574 obtinebo
1882 1520 2061 1576 locum
2102 1524 2156 1578 in
2228 1525 2478 1581 civitate?
2517 1528 2929 1600 Quemcunque”
2959 1532 3221 1601 potueris,
3278 1532 3592 1592 custodiens
3643 1540 3720 1586 te-

470 1608 643 1675 ipsum
676 1600 906 1671 ﬁdelem,
938 1617 992 1662 et
1019 1609 1407 1663 verecundum.
1453 1607 1510 1663 Si
1545 1626 1674 1665 vero
1706 1612 1892 1667 volens
1926 1615 2073 1669 utilis
2107 1630 2229 1671 esse
2271 1616 2370 1682 illi,
2421 1617 2637 1687 rejicias
2680 1618 2807 1685 ista,
2858 1600 3137 1691 quodnam
3190 1621 3293 1693 ipsi
3338 1623 3717 1694 juvamentum
3760 1674 3767 1681 ,

471 1700 778 1768 praestabis,
808 1715 932 1754 cum
971 1702 1087 1771 ipse
1117 1703 1357 1759 evaseris
1395 1704 1716 1777 impudens,_
1747 1722 1812 1762 ac
1864 1707 2138 1764 inﬁdelis?

1054 1832 1303 1887 ΚΕΦΑΛ.
1344 1836 1467 1889 ΛΒ¹.

534 1942 885 2015 Προετιμήθη
910 1943 991 2006 τίς
1030 1961 1122 1997 σου
1160 1946 1218 1998 ὲν
1247 1948 1487 2000 ἑστιάσει
1514 1947 1547 2018 ἢ
1577 1950 1635 2000 ὲν
1666 1950 2038 2020 προσαγορεύο

467 2053 571 2100 σει,
600 2036 633 2107 ἦ
663 2037 718 2089 ἐν
742 2036 820 2107 τῷ
846 2036 1265 2108 παραληφθῆναι
1313 2039 1394 2101 είς
1434 2039 1798 2110 συμὸούλιον;
1841 2042 1905 2094 Ei
1938 2042 2034 2112 μὲν

455 2131 643 2198 ,ἀγαθὰ
669 2131 841 2185 ταῦτά
861 2134 1028 2198 ἐστιν,
1059 2133 1270 2203 χαίρειν
1294 2151 1354 2186 σε
1385 2133 1483 2198 δεῖ,
1516 2135 1599 2188 ὅτι
1634 2134 1821 2205 ἔτυχεν
1854 2137 2033 2190 αὐτῶν

464 2211 690 2284 ἐκεῖνος,
713 2220 839 2273 εἰδὲ
865 2220 1010 2274 κακὰ
1050 2221 1124 2291 μὴ
1146 2221 1331 2291 ἄχθου,
1362 2224 1443 2275 ὅτι
1478 2223 1541 2276 σὺ
1570 2222 1646 2294 μὴ
1680 2223 1897 2294 ἔτυχες·
1938 2227 2034 2294 μέ-

467 2328 638 2381 μνησο
670 2311 748 2375 δὲ,
786 2311 920 2364 διότι
956 2312 1018 2364 σὺ
1066 2312 1127 2364 οὺ
1173 2312 1398 2368 δύνασαι
1446 2314 1522 2385 μὴ
1561 2316 1630 2369 τὰ
1676 2316 1814 2369 αὐτά
1862 2319 2032 2371 ποιῶν

465 2404 600 2473 πρὸς
635 2404 695 2455 τὸ
726 2404 1014 2473 τυγχάνειν
1036 2402 1145 2456 τῶν
1174 2406 1273 2458 οὐκ
1296 2407 1378 2474 ἐφ’
1406 2408 1535 2477 ἡμῖν
1566 2408 1673 2461 τῶν
1705 2408 1833 2462 ἴσων
1861 2408 2033 2475 ἀξιοῦ-

467 2495 612 2547 σθαι,
648 2493 772 2556 Πῶς
812 2495 919 2563 γὰρ
955 2493 1068 2548 ἴσον
1108 2495 1330 2549 δύναται
1368 2496 1512 2568 ἔχειν
1544 2501 1573 2552 δ
1602 2501 1675 2572 μὴ
1708 2500 1909 2569 φοιτῶν
1941 2502 2032 2554 ἐπὶ

462 2583 635 2653 θύρας
688 2583 832 2646 τινὸς
870 2583 948 2654 τῷ
987 2587 1278 2653 φοιτῶντις
1324 2588 1381 2640 Ὁ
1414 2588 1487 2659 μὴ
1529 2591 1916 2661 παραπέμπων
1956 2591 2031 2662 τῷ

463 2673 918 2742 παραπέμποντι;
957 2674 1016 2725 '0
1052 2675 1125 2744 μὴ
1154 2676 1387 2730 ἐπαινῶν
1414 2678 1493 2748 τῷ
1516 2680 1825 2735 ἐπαινοῦντι
1849 2700 1863 2744 ;
1884 2681 2032 2734 Ἀδι-

463 2778 555 2824 κος
595 2756 687 2815 οὖν
733 2761 829 2833 ἔσῃ
875 2763 966 2816 καὶ
1002 2763 1295 2835 ἄπληστος,
1329 2768 1378 2820 εί
1405 2768 1479 2840 μὴ
1523 2752 1824 2840 προέμενος
1858 2773 2030 2824 ταῦτα

464 2852 580 2905 ἀνθ’
607 2846 681 2906 ὧν
710 2855 894 2908 ἐκεῖνα
949 2857 1317 2924 πιπράσκεται
1369 2864 1569 2930 προῖκα
1618 2863 1758 2917 αὐτά
1795 2863 2030 2938 βουλήσῃ

466 2941 782 3010 λαμϐάνειν.
853 2945 1013 2999 Ἀλλὰ
1062 2948 1230 3001 πόσου
1285 2953 1684 3022 πιπράσκονται
1735 2953 2025 3025 θρίδακες;

464 3032 651 3086 ὀϐολοῦ
680 3034 746 3087 ἂν
774 3035 915 3089 οὕτω
944 3036 1100 3110 τύχῃ,
1122 3040 1187 3092 ἂν
1209 3038 1303 3095 οὖν
1330 3060 1411 3107 τις
1444 3045 1742 3116 προέμενος
1775 3047 1867 3101 τὸν
1903 3048 2025 3102 ὀϐο-

2685 1845 2914 1904 CAPUT
2946 1847 3163 1905 XXXII.

2209 1954 2470 2012 Prtelatus
2517 1958 2690 2014 fuitne
2720 1960 2817 2014 tibi
2843 1961 2966 2030 quis
2996 1961 3051 2014 in
3080 1960 3348 2026 convivio,
3379 1971 3472 2017 aut
3498 1961 3552 2015 in
3584 1977 3718 2017 con-

2138 2047 2317 2115 cione,
2353 2060 2447 2104 aut
2481 2051 2535 2104 in
2564 2066 2651 2114 eo,
2689 2055 2835 2121 quod
2866 2062 3180 2123 assumptus
3230 2053 3397 2110 fuerit
3436 2056 3501 2111 ad
3536 2055 3716 2111 consi-

2136 2136 2308 2192 lium?
2333 2138 2388 2192 Si
2421 2140 2562 2195 bona
2593 2141 2810 2211 quidem
2841 2143 2956 2198 haec
2984 2154 3131 2208 sunt,
3155 2147 3388 2215 gaudere
3412 2154 3463 2202 te
3482 2155 3712 2216 oportet,

2135 2230 2281 2298 quod
2315 2232 2429 2287 haec
2463 2232 2552 2287 ille
2587 2233 2753 2288 fuerit
2782 2243 3103 2301 assecutus;
3138 2238 3222 2291 sin
3249 2247 3425 2292 autem
3452 2238 3615 2301 mala,
3646 2252 3715 2291 ne

2136 2320 2372 2390 graviter
2420 2320 2563 2383 feras
2609 2324 2753 2393 quod
2789 2326 2965 2394 impos
3022 2326 3195 2382 fueris
3227 2329 3336 2381 voti
3382 2345 3394 2381 :
3443 2337 3714 2382 memento

2133 2424 2301 2473 vero,
2352 2412 2495 2480 quod
2543 2427 2650 2466 non
2703 2422 2858 2482 potes
2920 2416 3221 2485 aequalibus
3267 2416 3494 2487 (scilicet
3543 2417 3714 2471 hono-

2136 2500 2306 2571 ribus)
2330 2503 2527 2572 dignus
2560 2503 2676 2559 fieri
2696 2547 2711 2570 ,
2740 2506 2785 2560 si
2816 2507 3002 2561 eadem
3033 2523 3144 2563 non
3176 2509 3402 2573 feceris,
3434 2525 3555 2578 quae
3585 2509 3715 2565 fecit

2132 2590 2224 2645 ille
2251 2593 2318 2645 ad
2350 2596 2687 2662 assequenda
2718 2596 2916 2653 similia
2944 2600 2998 2654 in
3031 2599 3189 2654 nobis
3217 2617 3323 2655 non
3355 2601 3710 2664 cxsistentia;
3774 2587 3778 2592 ’

2131 2692 2239 2746 qua
2262 2680 2408 2732 enim
2436 2681 2745 2748 aequalitate
2773 2686 3082 2750 conveniet,
3107 2686 3201 2753 qui
3234 2686 3301 2740 ad
3326 2684 3469 2740 fores
3489 2688 3714 2740 ventitat

2132 2770 2363 2840 alicujus
2397 2787 2521 2826 cum
2549 2787 2658 2827 non
2690 2774 2961 2830 adeunte?
3007 2776 3111 2842 Qui
3151 2791 3259 2831 nou
3317 2777 3555 2833 associat
3586 2792 3710 2832 cum

2131 2863 2473 2919 associante?
2500 2864 2604 2930 Qui
2647 2880 2754 2920 non
2786 2867 3027 2923 dilaudat
3085 2884 3208 2924 curn
3243 2870 3536 2926 laudante?
3566 2869 3712 2939 lnju-

2130 2961 2248 3007 stus
2278 2954 2443 3024 igitur
2470 2957 2580 3012 eris
2635 2973 2700 3012 ac
2734 2958 3096 3026 inexplebilis,
3128 2962 3174 3016 si
3204 2976 3313 3015 non
3360 2976 3592 3032 erogans
3622 2975 3707 3028 ea,

2128 3060 2227 3114 pro
2271 3047 2470 3115 quibus
2503 3048 2594 3102 illa
2634 3049 3036 3116 divenduntur,
3084 3052 3252 3121 gratis
3301 3051 3417 3120 ipsa
3450 3052 3708 3121 consequi

463 3121 551 3175 λὸν
599 3122 737 3194 λάϐῃ
778 3124 1055 3192 θρίδακας,
1093 3128 1156 3181 σὺ
1187 3129 1244 3182 δὲ
1289 3131 1363 3198 μὴ
1389 3135 1688 3204 προέμενος
1726 3137 1800 3207 μὴ
1834 3138 2024 3212 λάϐῃς,

2132 3135 2389 3191 volueris.
2439 3139 2509 3192 At
2574 3140 2766 3209 quanti
2816 3149 3070 3201 vzeneunt
3118 3142 3374 3198 lactucae?
3423 3142 3606 3206 obolo,
3657 3144 3705 3197 si

464 3213 540 3284 μὴ
570 3215 713 3278 ol'ou,’
732 3214 953 3269 ἔλαττον
983 3217 1127 3301 ἔχειν
1165 3220 1258 3273 τοῦ
1286 3221 1557 3288 λαϐόντος·
1585 3225 1661 3290 ὡς
1683 3227 1789 3298 γὰρ
1824 3231 2031 3294 ἐκεῖνος

459 3302 572 3374 ἔχει
611 3304 888 3375 θρίδακας,
925 3307 1067 3362 οὕτω
1097 3311 1161 3364 σὺ
1191 3311 1282 3366 τὸν
1331 3314 1546 3380 ὀόολδν,
1586 3316 1644 3369 ὃν
1671 3319 1772 3372 οὐκ
1802 3320 2027 3385 ἔδωκας.

460 3395 616 3450 Οὕτω
658 3399 752 3452 καὶ
788 3400 1039 3467 ἐνταῦθα,
1071 3401 1131 3454 οὐ
1166 3403 1521 3477 παρεκλήθης
1547 3408 1631 3476 ἐφ’
1664 3409 1906 3465 ἑστίασίν
1946 3429 2031 3465 τι-

461 3505 550 3552 νος
574 3506 591 3522 ο
629 3491 688 3542 οὐ
717 3491 826 3561 γὰρ
856 3491 1059 3556 ἔδωκας
1092 3494 1170 3565 τῷ
1202 3497 1455 3551 καλοῦντι
1500 3501 1624 3553 ὅσου
1672 3501 1931 3557 πωλεῖται
1971 3504 2032 3558 τὸ

457 3580 691 3645 δεῖπνον,
723 3581 947 3635 ἐπαίνου
983 3583 1038 3635 δὲ
1074 3586 1237 3638 αὐτοῦ
1282 3588 1470 3654 πωλεῖ,
1503 3589 1800 3660 θεραπείας
1841 3595 2030 3660 πωλεῖ,

457 3670 545 3733 δὸς
579 3671 640 3724 τὸ
668 3672 921 3744 διάφορον
948 3674 1022 3744 (εἴ
1053 3693 1133 3729 σοι
1168 3676 1463 3749 λυσιτελὲς)
1496 3681 1621 3733 ὅσου
1665 3682 1947 3747 πωλεῖται,
1984 3688 2032 3738 εὶ

459 3761 519 3814 δὲ
551 3763 778 3818 κάκεῖνα
831 3764 1004 3829 θέλεις
1044 3766 1118 3837 μὴ
1158 3769 1466 3840 προΐεσθαι,
1501 3772 1594 3823 καὶ
1623 3773 1795 3827 ταῦτα
1822 3775 2032 3845 λαμϐά-

457 3868 568 3905 νειν
593 3893 608 3917 ,
644 3854 919 3926 ἄπληστος
973 3851 1025 3910 εἷ
1076 3858 1531 3932 καιάϐέλτερος.
1569 3862 1736 3915 Οὐδὲν
1764 3859 1858 3918 οὖν
1883 3865 2028 3936 ἔχεις

454 3943 574 3995 ἀντὶ
605 3944 697 3996 τοῦ
728 3945 942 4000 δείπνου
971 3965 989 4015 ;
1020 3949 1205 4018 Ἔχεις
1228 3950 1290 4001 τὸ
1321 3951 1395 4021 μὴ
1421 3952 1705 4007 ἐπαινέσαι
1733 3955 1941 4019 τοῦτον,
1966 3956 2024 4008 ὂν

456 4033 552 4083 οὐκ
582 4031 770 4100 ἤθελες
792 4050 803 4061 ·
861 4035 920 4087 τὸ
954 4035 1027 4107 μὴ
1056 4038 1387 4109 ἀνασχέσθαι
1431 4042 1595 4095 αὐτοῦ
1644 4044 1753 4097 τῶν
1800 4047 1890 4098 ὲπὶ
1925 4047 2024 4116 τῆς

458 4121 685 4175 εἰσόδου.

457 4218 620 4278 atque
674 4227 863 4270 vecors

2127 3227 2207 3281 sic
2236 3227 2506 3296 contigat;
2535 3230 2581 3285 si
2611 3230 2736 3301 quis
2761 3246 2889 3302 ergo
2915 3233 3136 3287 obolum
3179 3248 3408 3303 erogans
3442 3234 3713 3303 acceperit

2129 3316 2391 3384 lactucas,
2425 3326 2485 3374 tu
2524 3335 2655 3377 vero
2701 3337 2809 3377 non
2859 3337 3111 3392 erogatus,
3148 3338 3261 3379 non
3316 3324 3612 3394 acceperis,
3644 3340 3712 3378 ne

2129 3409 2366 3477 opineris
2391 3418 2442 3465 te
2462 3412 2644 3469 minus
2672 3413 2873 3470 habere
2893 3414 2986 3468 illo
3003 3414 3097 3484 qui
3129 3415 3354 3485 accepit.
3383 3414 3537 3470 Sicut
3563 3416 3708 3469 enim

2131 3499 2294 3555 habet
2334 3501 2425 3556 ille
2473 3503 2735 3569 lactucas,
2794 3505 2866 3559 ita
2922 3512 2982 3560 tu
3020 3505 3221 3560 retines
3270 3505 3433 3576 339
3462 3506 3707 3571 obolum,

2130 3608 2291 3659 quem
2323 3609 2432 3649 non
2461 3594 2659 3651 dedisti
2697 3616 2712 3650 :
2753 3610 2842 3651 res
2874 3596 3036 3651 etiam
3064 3596 3144 3652 sic
3164 3612 3224 3652 se
3250 3597 3412 3652 habet
3438 3598 3492 3652 in
3521 3608 3711 3654 nostro

2128 3684 2716 3752 proposito;'vocatus
2743 3703 2852 3742 non
2900 3704 2959 3743 es
3014 3689 3082 3743 ad
3118 3689 3348 3759 alicujus
3396 3691 3709 3745 convivium

2127 3774 2254 3840 quia
2286 3789 2393 3828 non
2424 3775 2621 3830 dedisti
2648 3777 2862 3832 vocanti
2887 3778 3076 3846 quanti
3101 3780 3356 3833 venditur
3382 3774 3706 3850 prandium;

2126 3864 2513 3921 venditantem
2551 3882 2650 3936 pro
2681 3868 2767 3922 sui
2802 3867 2976 3937 ipsius
3009 3868 3339 3934 laudatione,
3395 3884 3496 3939 pro
3530 3869 3710 3926 famu-

2124 3953 2260 4016 latu,
2288 3968 2353 4009 ac
2389 3955 2655 4025 obsequio
2693 3957 2908 4024 vendit;
2950 3964 3155 4010 tantam
3209 3957 3387 4026 praebe
3415 3972 3706 4028 expensam

2131 4043 2195 4113 (si
2229 4042 2325 4098 tibi
2383 4045 2621 4117 expedit)
2658 4046 2848 4116 quanti
2891 4045 3237 4113 divenditur;
3297 4045 3342 4100 si
3365 4060 3495 4101 vero
3533 4055 3588 4101 et
3617 4048 3709 4102 illa

2129 4152 2357 4207 erogare
2405 4136 2584 4203 nolis,
2645 4145 2698 4190 et
2728 4137 2973 4207 accipere
3036 4137 3177 4203 ista,
3243 4136 3582 4206 inexplebilis
3624 4152 3704 4211 es,

922 4234 939 4273 :
988 4219 1129 4274 nihil
1164 4221 1329 4291 igitur
1382 4222 1553 4281 babes
1621 4227 1738 4282 vice
1788 4229 2034 4298 prandii?
2074 4228 2251 4285 Habes
2285 4230 2387 4284 hoc
2468 4229 2614 4298 quod
2646 4243 2838 4298 nempe
2889 4244 2997 4283 non
3049 4227 3507 4294 dilaudastieum,
3546 4243 3706 4298 quem

458 4303 711 4369 uoluisti;
767 4309 1127 4380 eumdemque
1181 4327 1289 4367 non
1341 4315 1586 4372 tolerasti
1636 4319 1706 4373 ob
1757 4335 1841 4387 ea,
1906 4337 2026 4391 quae
2063 4321 2218 4390 quasi
2252 4335 2350 4390 pro
2379 4320 2579 4374 tributo
2611 4320 2937 4390 requirebat.

949 4502 952 4505 _
1033 4450 1281 4506 ΚΕΦΑΛ.
1322 4454 1420 4507 AI"

524 4577 596 4628 Τὸ
623 4575 873 4648 βούλημα
915 4581 1013 4651 τῆς
1037 4583 1251 4651 φύσεως
1276 4590 1616 4660 καταμαθεῖν
1651 4591 1818 4659 ἐστιν,
1858 4592 1918 4658 ἐξ
1950 4588 2025 4648 ὧν

453 4665 514 4717 οὐ
541 4666 910 4738 διαφερόμεθα
945 4673 1082 4743 πρὸς
1103 4674 1386 4747 ἀλλήλους,
1410 4676 1535 4736 υἶον
1565 4683 1693 4737 ὅταν
1722 4684 1850 4738 ἄλλο
1894 4703 2023 4739 παι-

453 4755 637 4826 δάριον
656 4759 897 4833 κατεάξῃ
916 4762 975 4814 τὺ
999 4765 1259 4836 ποτήριον
1289 4771 1577 4841 πρόχειρον
1598 4773 1780 4840 εὐθὺς,
1809 4776 1890 4830 ὅτι
1915 4776 2023 4830 τῶν

451 4850 771 4918 γινομένων.
806 4851 942 4906 Ἴσοι
964 4849 1102 4909 εἶναι
1131 4858 1217 4911 ὅτι
1247 4860 1348 4914 κᾶν
1391 4864 1450 4915 τὸ
1475 4864 1564 4917 σὺν
1586 4870 1825 4938 κατεαγῇ
1848 4868 2025 4922 τοιοῦ-

448 4954 541 4990 τον
575 4936 715 4993 εἷναί
742 4958 798 4994 σε
832 4942 930 5011 δεῖ,
955 4948 1137 5000 ὁποῖον
1168 4949 1256 5002 ὅτε
1294 4952 1388 5004 καὶ
1419 4954 1512 5006 τοῦ
1551 4954 1713 5008 ἄλλου
1754 4936 2020 5031 κατεάγη.

449 5027 605 5081 Οὕτω
642 5034 941 5098 μετατίθει,
974 5038 1067 5089 καὶ
1101 5038 1193 5090 ἐπὶ
1233 5039 1303 5092 τὰ
1336 5043 1577 5109 μείζονα.
1626 5046 1828 5101 Τέκνον
1863 5027 2023 5103 ἄλλου

448 5117 730 5187 τέθνηκεν,
780 5121 811 5190 ἢ
853 5123 1011 5194 γυνὴ,
1048 5125 1223 5189 οὐδείς
1244 5128 1388 5181 ἐστιν
1419 5130 1565 5194 ὅστις
1606 5132 1707 5184 οὐκ
1757 5134 1824 5186 ἂν
1855 5137 2017 5202 εἴποι,

450 5204 582 5257 διότι
632 5206 992 5277 ἀνθρώπινον,
1042 5212 1155 5266 ἀλλ’
1211 5215 1339 5268 ὅταν
1389 5218 1448 5270 τὺ
1488 5218 1653 5271 αὐτοῦ
1707 5237 1849 5284 τινος
1891 5225 2025 5277 ἁπο-

451 5295 607 5367 (la'tvn,
640 5298 820 5364 εὐθὺς,
846 5304 1003 5371 Οῖμοι
1030 5307 1043 5358 ι
1079 5307 1194 5372 καὶ,
1224 5307 1403 5370 Τάλας
1429 5307 1557 5377 ἐγώ.
1612 5309 1810 5378 Ἐχρῆν
1842 5312 1896 5364 δὲ
1928 5331 2024 5382 με·

453 5387 687 5455 μνῆσθαι
720 5392 769 5443 τί
812 5394 1095 5464 πάσχομεν
1127 5398 1257 5466 περὶ
1290 5398 1463 5453 ἄλλων
1493 5399 1569 5463 ὡς
1597 5399 1727 5452 αὐτὸ
1757 5401 2022 5459 ἀκούσαν-

453 5493 557 5538 τες.

2656 4460 2884 4518 CAPUT
2926 4460 3166 4515 XXXIII.

2199 4597 2417 4654 Natura:
2469 4598 2720 4653 voluntas
2753 4604 2839 4653 est
2871 4596 3239 4668 pernoscenda
3271 4611 3335 4651 ex
3380 4596 3468 4651 his
3496 4596 3551 4650 in
3582 4597 3706 4667 qui—

2128 4688 2228 4743 bus
2259 4688 2402 4743 inter
2448 4703 2548 4743 nos
2594 4689 2820 4743 minime
2851 4687 3177 4743 differimus.
3211 4686 3454 4756 Exempli
3481 4687 3654 4757 gratia
3691 4706 3703 4739 :

2127 4779 2346 4848 quando
2376 4779 2515 4836 alius
2562 4781 2822 4850 puerulus
2875 4779 3146 4850 effregerit
3202 4779 3492 4846 poculum,
3524 4778 3707 4834 statim

2128 4879 2210 4925 est
2241 4872 2291 4924 in
2330 4880 2614 4940 promptu;
2670 4871 2813 4941 quod
2846 4878 2930 4925 est
2960 4885 3027 4925 ex
3058 4871 3163 4936 his,
3193 4884 3315 4939 qua;
3360 4869 3535 4925 solent
3567 4872 3709 4926 acci-

2129 4962 2274 5028 dere,
2291 4963 2433 5019 scias
2463 4978 2593 5031 ergo
2639 4961 2782 5031 quod
2818 4962 2864 5016 si
2894 4969 3048 5015 tuum
3079 4960 3243 5015 etiam
3287 4961 3592 5032 frangatur,
3625 4971 3705 5016 ta«

2129 5051 2230 5105 lem
2263 5067 2382 5107 esse
2422 5060 2472 5106 le
2513 5061 2744 5121 oportet,
2778 5052 2975 5120 qualis,
3006 5051 3136 5106 dum
3167 5052 3393 5108 alterius
3432 5053 3563 5108 illud
3593 5052 3704 5108 fra—

2128 5151 2274 5197 ctum
2306 5142 2500 5206 fuerat,
2542 5141 2864 5197 exsistebas.
2918 5141 3177 5196 Similiter
3217 5143 3452 5199 transfer
3483 5140 3588 5199 boc
3638 5146 3705 5198 ad

2130 5232 2358 5301 majora.
2396 5231 2566 5286 Filius
2593 5232 2816 5287 alterius
2865 5232 3020 5297 obiit,
3059 5238 3152 5285 aut
3194 5247 3366 5299 uxor;
3418 5248 3581 5288 nemo
3624 5244 3708 5288 est

2129 5322 2221 5391 qui
2272 5338 2381 5376 non
2442 5324 2607 5387 dicat,
2660 5324 2804 5393 quod
2854 5338 3049 5392 nempe
3088 5323 3387 5377 humanum
3443 5333 3556 5391 est;
3610 5325 3704 5378 sed

2130 5412 2349 5478 quando
2402 5411 2634 5480 alicujus
2687 5412 2936 5481 proprius
2992 5412 3287 5467 decesserit
3351 5412 3516 5479 filius,
3568 5430 3703 5469 con-

2133 5494 2309 5548 festim
2342 5513 2354 5547 :
2393 5495 2487 5549 Hei
2549 5497 2701 5562 mihi,
2749 5506 2799 5551 ct
2850 5498 3013 5552 miser
3081 5513 3214 5568 ego;
3275 5507 3329 5553 at
3392 5500 3704 5555 meminisse

2133 5586 2431 5652 oportebat,
2462 5603 2567 5654 qua
2592 5590 2845 5657 passione
2870 5588 3137 5644 afﬁcimur
3158 5589 3223 5644 tle
3251 5590 3626 5663 aliis,quando
3649 5592 3702 5646 id

2136 5670 2309 5739 ipsum
2344 5672 2693 5733 audierimus.
