4066 6146
416 251 551 317 1299

894 372 901 375 '
948 360 1176 417 CAPUT
1208 362 1446 418 XXXIV.

484 476 641 532 Sicut
660 484 803 531 meta
832 491 939 532 non
963 477 1186 546 ponitur
1214 480 1281 534 ad
1305 480 1694 548 aherraudum,
1721 483 1792 537 ita
1813 500 1989 553 neque

410 568 539 622 mali
592 575 786 623 natura
850 566 908 621 in
939 569 1144 624 mundo
1178 572 1415 627 exsistit.
1467 571 1525 625 Si
1574 587 1777 644 corpus
1832 583 1987 631 tuum

409 660 537 726 quis
568 657 931 714 committeret
948 659 1162 715 obviam
1183 662 1443 724 venienti.
1461 666 1648 734 utique
1678 666 1991 737 indignare-

408 755 508 816 ris,
538 750 683 820 quod
715 760 896 806 autem
923 752 1001 806 tui
1032 752 1206 820 ipsius
1238 755 1480 809 animum
1508 755 1671 827 3&0
1698 758 1993 829 unicuique

411 853 469 897 tu
491 846 822 908 committas,
847 843 922 898 ita
942 853 1002 898 ut
1023 845 1068 900 si
1098 846 1346 900 convicia
1372 848 1469 902 tibi
1497 848 1714 915 dixerit,
1744 851 1991 906 turbetur

410 934 533 998 ille,
595 948 709 988 non
734 934 1158 990 verecundaris?
1222 934 1354 991 Eam
1419 936 1490 991 ob
1546 951 1660 992 rem
1726 940 1993 1011 cujusque

416 1026 598 1096 operis
626 1025 911 1081 considera
960 1026 1370 1090 antecedentia,
1416 1029 1773 1099 ejusdemque
1800 1046 1995 1088 conse-

416 1107 661 1176 quentia,
694 1108 882 1179 sicque
930 1108 996 1163 ad
1053 1109 1183 1165 illud
1215 1112 1434 1175 accede,
1461 1112 1703 1183 alioquin
1754 1115 1992 1183 primum

419 1199 673 1254 alacriter
698 1200 968 1269 suscipies
996 1201 1119 1266 iter,
1145 1202 1345 1273 quippe
1372 1204 1469 1274 qui
1496 1205 1630 1258 nihil
1656 1205 1994 1275 subsequen-

413 1289 546 1345 Iium
580 1289 637 1344 in
677 1300 915 1346 mentem
945 1297 1236 1358 revocasti,
1277 1294 1370 1350 sed
1410 1304 1617 1365 postea,
1655 1312 1778 1352 cum
1828 1297 1994 1353 dede-

412 1394 538 1434 cora
571 1380 819 1450 quazdam
847 1397 1108 1451 apparere
1147 1385 1432 1454 cmperint,
1466 1385 1716 1440 absistes.

962 1496 1192 1552 CAPUT
1226 1498 1440 1552 XXXV.

486 1617 580 1673 Vis
611 1615 881 1693 olympico
910 1615 963 1667 in
1001 1614 1300 1669 certamine
1320 1614 1578 1670 vincere?
1602 1614 1674 1668 lta
1706 1629 1799 1685 per
1827 1615 1995 1669 Deum

1899 260 2197 319 SPURIA.

3523 257 3663 325 1300

2671 368 2921 421 ΚΕΦΔΛ.
2953 366 3074 422 ΛΔ’.

2166 480 2377 550 Ὠσπερ
2402 479 2601 540 σκοπὸς
2628 479 2764 549 πρὸς
2805 479 2868 531 τὸ
2907 454 3307 548 ἀποτυγχάνειν
3341 478 3402 532 οὐ
3432 480 3661 535 τίθεται·

2091 571 2265 634 οὕτως
2294 572 2415 625 οὐδὲ
2445 570 2617 625 κακοῦ
2653 570 2815 640 φύσις
2844 572 2904 623 ἐν
2924 570 3116 640 κόσμῳ
3133 563 3364 637 γίνεται,
3395 571 3446 624 ει
3476 571 3574 640 μὲν
3600 573 3666 627 τὸ

2094 662 2256 732 σῶμά
2282 661 2374 714 σού
2400 677 2483 724 τις
2517 661 2783 731 ἐπέτρεπε
2809 659 2889 729 τῷ
2911 660 3311 729 ἀπαντήσαντι,
3338 659 3665 728 ἠγανάκτεις

2092 750 2342 815 άν;⁶’οτι
2370 749 2421 802 δὲ
2457 751 2521 803 σὺ
2554 749 2652 802 τὴν
2694 748 2919 817 γνώμην
2960 748 3061 816 τὴν
3103 746 3303 800 σαυτοῦ
3350 748 3667 817 ὲπιτρέπεις

2092 838 2171 907 τῷ
2195 838 2429 906 τυχόντι,
2462 838 2549 891 ῐνα
2589 837 2685 891 ἐὰν
2708 835 3011 908 λοιδορῆται
3055 853 3137 890 σοι
3172 837 3419 907 ταραχθῇ
3460 837 3664 907 inim,

2094 930 2188 983 καὶ
2213 929 2454 1000 συγχυθῇ
2477 931 2578 982 οὐκ
2597 930 2828 1002 αἰσχύνῃ
2850 947 2862 991 ;
2888 928 3090 981 Τούτου
3124 928 3289 981 ἕνεκα
3310 929 3540 982 ἑκάστω
3568 926 3666 999 ἔρα

2094 1036 2192 1087 γου
2223 1022 2415 1075 σκόπει
2441 1022 2508 1073 τὰ
2544 1020 2948 1091 καθηγούμενα,
2976 1021 3070 1073 καὶ
3096 1020 3166 1073 τὰ
3188 1019 3457 1073 ἀκόλουθα
3476 1022 3664 1084 αὐτοῦ,

2095 1115 2189 1167 καὶ
2219 1114 2391 1178 οὕτως
2409 1114 2569 1185 ἔρχου
2600 1114 2688 1166 ἐπ’
2709 1113 2841 1165 αὐτό
2859 1130 2873 1147 ·
2899 1114 2948 1165 εἰ
2976 1113 3032 1165 δὲ
3066 1113 3161 1183 μὴ,
3190 1112 3288 1181 τὴν
3315 1112 3416 1182 μὶν
3446 1113 3667 1184 πρώτην

2096 1206 2391 1277 προθύμως
2449 1204 2619 1276 ἥξεις,
2683 1203 2778 1257 ἅτε
2838 1203 2972 1274 μηδὲ
3024 1203 3132 1256 τῶν
3190 1201 3321 1273 ἑξῆς
3378 1206 3669 1275 ἐντεθυμη-

2099 1298 2279 1367 μένος,
2308 1297 2534 1368 ὕστερον
2560 1297 2616 1349 δὲ
2654 1296 3034 1365 ἁναφανὲντων
3056 1296 3221 1348 τινῶν
3259 1296 3503 1368 αἰσχρῶν
3530 1298 3666 1350 ἀπο-

2102 1390 2295 1460 στήσῃ.

2676 1499 2925 1553 ΚΕΦΑΛ.
2964 1500 3084 1552 AE'.

2166 1612 2353 1675 Θέλεις
2404 1611 2694 1681 Ὀλύμπιον
2743 1611 3002 1680 νικῆσαι;
3056 1612 3226 1676 Κάγὼ
3271 1615 3334 1684 νὴ
3378 1614 3469 1669 τὸν
3511 1616 3665 1677 Θεὸν,

414 1721 516 1773 ego
583 1706 730 1769 volo,
784 1705 1102 1774 praeclarum
1164 1706 1361 1760 etenim
1427 1717 1543 1772 est;
1608 1714 1663 1759 at
1714 1707 1999 1763 considera

2102 1702 2311 1774 κομψὸν
2354 1704 2462 1775 γάρ
2495 1702 2675 1755 ἐστιν’
2722 1700 2858 1755 ἀλλὰ
2905 1703 3094 1756 σκόπει
3150 1703 3221 1756 τὰ
3258 1704 3667 1776 καθηγούμενα,

417 1795 789 1850 antecedentia
837 1804 891 1849 et
920 1798 1310 1866 consequentia
1342 1805 1396 1850 et
1448 1797 1643 1851 deinde
1666 1798 1915 1866 ‘accinge
1944 1808 1996 1852 te

420 1886 591 1952 operi.
619 1884 844 1955 Oportet
865 1885 1112 1940 ordinent
1148 1901 1393 1951 servare;
1448 1888 1779 1944 necessariis
1813 1890 1992 1952 vesci;

420 1978 695 2033 abstinere
722 1991 751 2031 a
778 1991 1105 2046 quocunque
1127 1976 1270 2037 cibo.
1305 1977 1397 2046 qui
1434 1978 1715 2047 coquitur;
1754 1981 1994 2035 exerceri

420 2070 719 2127 secundum
773 2070 1150 2125 necessitatem
1206 2071 1339 2124 hora
1392 2071 1717 2140 prmstituta,
1771 2073 1886 2128 sive
1940 2074 1996 2128 in

418 2171 555 2216 zestu
592 2163 683 2225 sit,
726 2162 840 2216 sive
896 2160 950 2214 in
1005 2159 1244 2231 frigore;
1314 2174 1423 2215 non
1486 2159 1735 2231 frigidam
1790 2162 1994 2227 bibere,

421 2254 630 2315 vinum,
671 2266 779 2305 non
807 2252 1173 2322 quodcunque
1206 2252 1559 2321 simpliciter;
1598 2264 1830 2323 teipsum
1889 2264 1999 2309 tra-

420 2342 547 2398 dere
588 2342 891 2412 superiori,
920 2341 1083 2397 veluti
1119 2343 1362 2410 medico;
1402 2343 1600 2399 deinde
1627 2345 1694 2398 ad
1725 2354 1996 2399 certamen

421 2434 657 2503 prodire.
700 2433 909 2488 Accidit
932 2432 1259 2503 quandoque
1287 2441 1347 2488 ut
1366 2447 1562 2489 manus
1580 2433 1836 2502 jaciatur,
1858 2435 1999 2490 talus

420 2535 683 2589 vertatur,
707 2524 1053 2594 multumque
1068 2524 1306 2590 pulveris
1329 2525 1647 2590 sorbeatur;
1675 2527 2001 2596 quandoque

419 2626 553 2666 vero
610 2611 869 2680 vapulare
931 2625 1254 2673 necessum;
1313 2626 1549 2681 cumque
1606 2612 1692 2667 his
1745 2613 2000 2669 omnibus

418 2703 687 2773 superari.
728 2702 849 2759 Haec
877 2704 967 2759 ubi
997 2703 1373 2773 perpenderis,
1402 2704 1445 2760 si
1483 2704 1661 2758 adhuc
1689 2704 1841 2771 velis,
1877 2719 2002 2774 pro-

419 2797 648 2867 gredere
679 2796 746 2851 ad
791 2797 1137 2861 certandum;
1181 2796 1420 2866 alioquin
1451 2794 1798 2866 puerulorum
1827 2796 2001 2851 instar

420 2888 863 2951 conversaberis,
915 2887 1010 2958 qui
1062 2903 1207 2943 nunc
1240 2886 1458 2957 quidem
1484 2889 1779 2943 luctatores
1834 2895 2005 2960 agunt

415 2978 683 3049 jocantes,
717 2994 864 3036 nunc
894 2994 1025 3035 vero
1058 2978 1399 3050 gladiatores,
1436 2993 1585 3034 nunc
1620 2977 1745 3032 tuba
1775 2985 1998 3042 canunt,

2097 1794 2189 1846 καὶ
2234 1793 2302 1845 τὰ
2342 1792 2628 1858 ἀκόλουθα,
2665 1794 2759 1846 καὶ
2804 1793 2977 1857 οὓτως
3023 1794 3195 1847 ἅπτου
3233 1794 3326 1847 τοῦ
3365 1798 3543 1863 ἔργου.
3577 1799 3671 1849 Δεῖ

2097 1886 2375 1938 εὐτακτεῖν
2408 1885 2858 1953 ἀναγκοτροφεῖν,
2886 1884 3186 1954 ἀπέχεσθαι
3214 1885 3539 1954 πεμμάτων,
3568 1903 3665 1953 γυ-

2100 1978 2359 2046 μνάζεται
2397 1977 2531 2048 πρὸς
2560 1976 2806 2045 ἀνάγκην
2839 1977 2896 2030 ὲν
2922 1976 3041 2046 ὥρα
3074 1977 3401 2047 τεταγμένῃ,
3438 1979 3495 2030 ἐν
3531 1976 3666 2029 καύ-

2102 2084 2251 2138 ματι,
2274 2071 2331 2121 ὲν
2356 2067 2540 2139 ψύχει,
2560 2068 2634 2139 μὴ
2661 2068 2861 2138 ψυχρὸν
2892 2068 3089 2133 πίνειν,
3111 2070 3187 2138 μὴ
3214 2064 3352 2122 οἶνον
3384 2068 3458 2132 ὡς
3484 2068 3668 2138 ἔτυχεν

2100 2161 2316 2222 ἁπλῶς·
2353 2161 2429 2224 ὡς
2476 2159 2645 2231 ἰατρῷ
2686 2160 3132 2230 παραδεδωκέναι
3167 2161 3391 2214 σεαυτὸν
3437 2160 3513 2229 τῷ
3540 2164 3665 2213 ὲπι-

2101 2253 2290 2322 στάτῃ,
2317 2247 2435 2304 εἶτα
2464 2252 2522 2304 ὲν
2561 2250 2641 2321 τῷ
2673 2250 2846 2319 ἀγῶνι
2874 2250 3265 2321 παρέρχεσθαι.
3304 2251 3462 2306 Ἐστι
3491 2250 3545 2303 δὲ
3576 2252 3665 2304 ὅτε

2098 2346 2255 2415 χεῖρα
2281 2343 2482 2412 βαλεῖν,
2505 2343 2710 2414 σφυρὸν
2733 2342 2952 2412 τρέψαι,
2972 2342 3171 2414 πολλὴν
3190 2342 3335 2413 ἁφὴν
3363 2334 3663 2407 καταπιεῖν,

2146 2437 2254 2492 ἔσθ’
2280 2438 2366 2491 ὅτε
2400 2435 2810 2507 μαστιγωθῆναι
2833 2434 2926 2488 καὶ
2956 2434 3094 2504 μετὰ
3120 2432 3325 2488 τούτων
3355 2434 3570 2487 πάντων
3598 2451 3664 2485 νι-

2098 2527 2354 2598 κηθῆναι.
2392 2525 2577 2579 Ταῦτα
2615 2524 3053 2595 ἐπισκεψάμενος
3095 2523 3161 2577 ἂν
3200 2523 3281 2577 ἔτι
3318 2524 3477 2596 θέλῃς
3509 2523 3664 2594 ἔρχου

2100 2618 2193 2670 ἐπὶ
2220 2616 2279 2668 τὸ
2310 2614 2513 2679 ἀθλεῖν,
2538 2617 2586 2668 εἰ
2616 2613 2672 2667 δὲ
2702 2615 2799 2684 μὴ,
2824 2612 2900 2677 ὡς
2928 2614 2996 2667 τὰ
3032 2613 3220 2667 παιδία
3252 2613 3661 2683 ἀναστραφήσῃ,

2099 2708 2135 2763 ἃ
2160 2707 2255 2761 νῦν
2284 2708 2381 2777 μὲν
2409 2705 2713 2768 παλαιστὰς
2742 2705 2951 2768 παίζει,
2980 2703 3075 2757 νῦν
3103 2704 3160 2757 δὲ
3194 2704 3552 2773 μονομάχους,
3576 2702 3666 2754 νῦν

2102 2796 2159 2850 δὲ
2195 2796 2466 2860 σαλπίζει,
2504 2792 2623 2848 εἶτα
2650 2795 2959 2869 τραγῳδεῖ·
3011 2792 3154 2847 οὕτω
3192 2794 3287 2848 καὶ
3333 2795 3400 2849 σὺ
3442 2793 3535 2847 νῦν
3570 2793 3662 2862 μὲν

2102 2887 2361 2957 ἀθλητὴς,
2396 2888 2492 2941 νῦν
2521 2888 2580 2941 δὲ
2619 2887 2947 2958 μονομάχος,
2986 2881 3105 2940 εἶτα
3133 2887 3341 2956 ῥήτωρ,
3374 2882 3493 2938 εἶτα
3522 2884 3663 2953 φιλό-

2105 2996 2290 3049 σοφος,
2323 2978 2417 3051 ὅλῃ
2445 2980 2504 3033 δὲ
2540 2982 2604 3051 τῇ
2637 2979 2783 3051 ψυχῇ
2814 2979 2990 3043 οὐδὲν,
3017 2978 3132 3032 ἀλλ’
3161 2978 3236 3041 ὡς
3266 2976 3519 3047 πίθηκος,
3559 2978 3660 3030 πᾶ-

420 3083 608 3139 postea
664 3071 865 3141 tragice
917 3070 1248 3135 decantant;
1284 3069 1363 3125 sic
1412 3077 1468 3124 tu
1521 3082 1775 3139 quoque,
1840 3069 1999 3123 modo

2106 3087 2204 3125 σαν
2233 3070 2361 3125 θέαν
2390 3050 2484 3123 ἐὰν
2510 3050 2628 3142 ἴδῃς
2663 3050 2827 3141 μιμῇ,
2849 3072 2944 3125 καὶ
2978 3069 3109 3126 ἄλλο
3143 3069 3205 3135 ἐξ
3232 3070 3394 3124 άλλου
3426 3084 3508 3120 σοι
3540 3067 3663 3138 ἀρέ-

420 3161 641 3231 quidem
690 3162 920 3227 athleta,
982 3161 1149 3217 modo
1200 3161 1487 3231 gladiator,
1523 3159 1719 3215 deinde
1773 3159 1995 3227 rhetor,

420 3260 606 3321 postea
657 3252 1047 3322 philosophus,
1097 3259 1213 3306 toto
1245 3261 1425 3309 autem
1464 3250 1651 3306 animo
1686 3250 1843 3304 nihil.
1892 3248 1997 3305 Sed

420 3342 587 3397 veluti
621 3342 778 3398 simia
817 3358 977 3399 omne
1001 3342 1434 3413 spectaculorum
1464 3356 1657 3410 genus,
1697 3340 1742 3397 si
1773 3340 1996 3407 videris,

422 3433 658 3490 imitaris
680 3444 735 3489 et
762 3435 909 3490 aliud
953 3450 1022 3489 ex
1047 3434 1154 3488 alio
1182 3434 1277 3489 tibi
1315 3434 1509 3503 placet,
1541 3447 1644 3488 nec
1672 3432 1817 3488 enim
1866 3447 1998 3488 con-

422 3526 658 3583 siderate
685 3526 961 3581 accessisti
991 3526 1057 3581 ad
1089 3525 1391 3595 quidpiam,
1442 3534 1536 3580 aut
1559 3523 1612 3580 id
1639 3524 1999 3595 perlustrasti,

423 3620 516 3675 sed
548 3629 766 3684 temere,
804 3617 965 3691 351
1001 3632 1064 3672 ac
1109 3616 1303 3688 frigida
1325 3617 1652 3687 cupiditate;
1689 3617 1807 3688 pari
1841 3616 2002 3671 modo

2102 3177 2253 3225 σκει,·
2280 3161 2342 3215 οὐ
2371 3162 2480 3232 γὰρ
2510 3162 2649 3231 μετὰ
2672 3161 2917 3231 σκέψεως
2940 3158 3103 3233 ἦλθες
3126 3160 3220 3213 ἐπί
3253 3177 3328 3224 τι,
3358 3159 3478 3213 οὐδὲ
3519 3175 3665 3228 περι·

2100 3252 2361 3320 ὡδευσας,
2380 3253 2496 3308 ἀλλ’
2516 3256 2659 3325 εικῆ,
2681 3255 2932 3309 καὶκατὰ
2950 3253 3164 3324 ψυχρὰν
3183 3249 3667 3319 ὲπιθυμίαν.οὖτω

2099 3347 2423 3417 θεασάμενοί
2444 3364 2590 3413 τινες
2621 3347 2933 3419 φιλόσοφον,
2956 3348 3051 3402 καὶ
3076 3346 3412 3409 ἀκούσαντες
3431 3343 3571 3397 οὕτω
3591 3359 3667 3395 τι-

2104 3436 2195 3499 νὸς
2233 3436 2483 3505 λέγοντος
2510 3438 2586 3500 ὡς
2614 3433 2673 3490 εὖ
2700 3454 2785 3501 τις
2809 3436 2918 3490 τῶν
2953 3436 3260 3506 φιλοσόφων
3294 3434 3445 3502 λέγει
3478 3430 3666 3502 (καίτοι

2108 3541 2191 3586 τις
2229 3523 2373 3578 οὓτω
2411 3525 2634 3580 δύναται
2670 3528 2842 3579 εἰπεῖν
2879 3525 2954 3587 ὡς
2995 3523 3261 3593 ἐκεῖνος);
3305 3521 3536 3582 θέλουσι,
3577 3518 3669 3571 καὶ

2107 3616 2262 3671 αὐτοὶ
2288 3616 2616 3685 φιλοσοφεῖν.

424 3731 549 3772 cum
593 3715 819 3787 quidam
871 3713 1256 3785 philosophum
1307 3713 1606 3784 conspicati
1657 3712 1881 3773 fuerint.
1944 3720 1998 3766 et

2108 3711 2307 3766 dierint
2367 3712 2603 3783 aliquem
2636 3727 2702 3768 eo
2753 3728 2979 3782 prorsus
3014 3707 3538 3780 modo'loquentem,
3563 3720 3672 3775 quo

425 3816 563 3870 bene
608 3813 734 3884 quis
771 3811 1216 3882 philosophorum
1265 3810 1460 3866 ell‘atur
1507 3812 1584 3881 (et
1626 3808 1844 3879 quidem
1907 3807 2034 3878 quis
2098 3808 2172 3863 ita
2222 3817 2402 3878 potest
2456 3820 2516 3864 ut
2561 3810 2650 3864 ille
2695 3807 2923 3874 cﬂ‘ari?),
2980 3817 3093 3863 tum
3168 3816 3225 3863 et
3271 3806 3374 3876 ipsi
3423 3812 3673 3860 tenentur

423 3902 843 3977 philosophandi
877 3902 1178 3958 voluntate.

956 4015 1186 4074 CAPUT
1216 4015 1359 4072 XXX
1375 4015 1458 4072 Vl.

491 4136 686 4205 Homo,
713 4140 766 4195 in
817 4138 1006 4210 primis
1065 4133 1335 4205 perpende
1389 4146 1503 4189 rem
1574 4129 1750 4200 qualis
1806 4130 1897 4193 sit,
1945 4137 2000 4183 ct

425 4239 612 4298 postea
644 4231 721 4286 tui
748 4230 922 4301 ipsius
956 4238 1207 4281 naturam
1241 4237 1524 4294 pernosce,
1554 4237 1622 4276 an
1654 4222 1830 4292 possis
1875 4235 2000 4291 por-

2668 4001 2920 4056 ΚΕΦΛΛ.
2961 4001 3101 4067 Acr.

2181 4122 2471 4192 Ἄνθρωπε
2499 4117 2715 4189 πρῶτον
2744 4115 3037 4184 ἐπίσκεψαι
3074 4110 3258 4166 ὁποῖόν
3292 4110 3410 4161 ἔστι
3442 4107 3502 4160 τὸ
3535 4105 3664 4174 πρᾶ-

2107 4233 2244 4287 γμα,
2272 4209 2391 4267 εἶτα
2424 4212 2517 4265 καὶ
2546 4210 2646 4281 τὴν
2680 4206 2905 4263 σεαυτοῦ
2937 4204 3099 4275 φύσιν
3128 4199 3412 4269 κατάμαθε
3442 4199 3491 4250 εἰ
3519 4196 3673 4249 δύνα-

426 4332 559 4376 tare.
606 4317 702 4375 Vis
737 4290 947 4374 certare
991 4320 1045 4370 iu
1084 4312 1470 4384 quinquertio?
1512 4312 1595 4366 vis
1645 4310 1697 4363 iu
1747 4310 1996 4378 palaestra

2108 4326 2197 4362 σαι
2222 4306 2510 4378 βαστάσαι.
2537 4300 2843 4363 Πένταθλος
2877 4294 3013 4353 εἶναι
3040 4295 3236 4367 βούλει,
3268 4291 3301 4363 ἢ
3334 4290 3664 4384 παλαιστήςς

427 4374 656 4469 luctari?
686 4374 836 4466 iVide
868 4416 958 4463 tua
993 4374 1250 4469 brachia:
1271 4420 1452 4469 crura,
1488 4402 1581 4458 ilia
1607 4374 1803 4471 proba;
1866 4401 1999 4455 alius

2122 4374 2232 4454 ’15:
2246 4396 2475 4452 σεαυτοῦ
2501 4397 2625 4459 τοὺς
2652 4393 2964 4466 βραχίονας,
2988 4389 3112 4451 τοὺς
3137 4386 3364 4457 μηροὺς,
3386 4379 3667 4452 sequencpr

425 4502 625 4572 quippe
674 4500 742 4554 ad
791 4497 934 4552 aliud
985 4508 1143 4550 natus
1220 4503 1323 4549 est.
1377 4494 1632 4558 Putasne,
1704 4490 1852 4561 quod
1900 4492 2004 4546 ista

427 4592 630 4647 faciens
658 4604 813 4661 atque
851 4586 1056 4658 poteris
1088 4584 1392 4650 comedere,
1429 4599 1583 4655 atque
1612 4583 1817 4648 bibere,
1852 4598 2006 4653 aeque

428 4682 717 4759 indignari,
750 4688 804 4739 et
853 4694 1005 4750 teque
1059 4693 1337 4733 morosum
1386 4687 1437 4732 le
1465 4676 1740 4747 praebere?
1770 4675 2006 4745 Vigilare

427 4783 661 4848 eportet,
685 4775 955 4836 laborare,
984 4785 1014 4825 e
1042 4769 1355 4825 domesticis
1386 4768 1697 4833 abscedere,
1726 4782 1755 4821 a
1780 4766 2005 4836 puerulo

427 4868 718 4927 contemni,
748 4868 817 4920 ah
844 4864 1099 4919 omnibus
1126 4862 1299 4928 illudi,
1331 4862 1384 4916 in
1410 4860 1665 4916 omnibus
1694 4858 2003 4914 inferiorem

426 4976 568 5027 esse,
604 4961 656 5016 in
699 4959 931 5023 honore,
964 4956 1018 5011 in
1052 4956 1310 5028 primatu,
1354 4955 1407 5009 in
1443 4953 1672 5025 judicio,
1704 4961 1757 5007 et
1784 4952 1836 5006 in
1869 4964 2007 5021 qua-

429 5054 560 5109 libet
591 5052 815 5107 minima
848 5065 924 5104 re.
961 5049 1072 5104 Ista
1102 5047 1393 5118 perpende,
1447 5049 1491 5102 si
1551 5045 1687 5100 velis
1720 5057 1819 5113 pro
1858 5042 2007 5098 hisce

427 5143 680 5199 omnibus
722 5150 1058 5197 commutare
1100 5139 1591 5209 impassibilitatem
1618 5177 1634 5201 ,
1673 5136 2004 5199 libertatem,

429 5232 1023 5305 imperturbabilitatem
1050 5249 1065 5299 ;
1096 5230 1180 5286 sin
1217 5229 1420 5296 minus,
1455 5242 1524 5282 ne
1553 5225 1811 5290 accedas;
1841 5223 2009 5277 neuti

429 5323 669 5393 pueruli,
726 5338 872 5379 nunc
943 5321 1336 5394 philosophus,
1390 5318 1584 5374 deinde
1649 5315 2004 5387 publicanus,

428 5426 614 5486 postea
645 5416 852 5483 rhetor,
883 5416 1078 5470 deinde
1106 5413 1338 5469 Caesaris
1368 5418 1714 5483 procurator.
1761 5406 1867 5462 Ista
1920 5421 2010 5475 ge-

431 5523 557 5562 i-era
587 5524 695 5564 non
731 5516 1057 5564 consonant.
1088 5506 1225 5560 Cum
1263 5519 1407 5560 unus
1443 5503 1521 5558 sis
1555 5503 1738 5566 homo,
1773 5508 2005 5569 oportet,

436 5608 493 5649 ut
518 5594 597 5648 sis
636 5595 830 5658 bonus,
865 5603 968 5648 aut
1001 5595 1176 5648 malus
1204 5611 1218 5647 :
1249 5602 1305 5647 tu
1334 5594 1494 5648 debes
1526 5601 1619 5646 aut
1647 5590 2004 5659 principatum

436 5680 612 5736 animi
633 5681 890 5749 perﬁcere
933 5684 1047 5739 suis
1084 5682 1255 5752 ipsius
1295 5682 1524 5748 viribus,
1559 5690 1651 5736 aut
1701 5681 2007 5744 exteriora;

2112 4491 2418 4562 κατάμαθε,
2450 4487 2608 4550 ἄλλος
2655 4485 2764 4556 γὰρ
2790 4482 2928 4553 πρὸς
2954 4480 3082 4535 ἄλλο
3120 4477 3351 4543 πέφυκε.
3381 4474 3564 4533 Δοκεῖς
3592 4471 3667 4521 ὅτι

2108 4583 2277 4637 ταῦτα
2334 4579 2503 4635 ποιῶν
2550 4577 2812 4638 ὡσαύτως
2861 4574 3085 4627 δύνασαι
3143 4567 3364 4629 ἐσθίειν,
3417 4561 3667 4621 ὡσαύτως

2108 4673 2303 4737 πίνειν,
2360 4668 2623 4731 ὡσαύτως
2669 4662 3005 4737 ὀργίζεσθαι,
3039 4658 3240 4729 ὁμοίως
3292 4652 3663 4724 δυσαρεστεῖνξ

2120 4759 2496 4829 Ἀγρυπνῆσαι
2539 4757 2638 4821 δεῖ,
2699 4755 2953 4826 πονῆσαι,
3011 4751 3121 4806 άπὸ
3172 4750 3283 4804 τῶν
3314 4747 3526 4803 οἰκείων
3568 4747 3663 4798 ἀπο

2107 4850 2304 4916 ελθεῖν,
2367 4847 2471 4901 ὑπὸ
2524 4846 2809 4916 παιδαρίου
2866 4839 3364 4912 καταφρονηθῆναι,
3418 4834 3521 4889 ὑπὸ
3566 4829 3667 4885 τῶν

2110 4941 2363 4995 ἁπάντων
2386 4935 2880 5006 καταγελασθῆναι,
2906 4934 2962 4985 ὲν
2986 4931 3149 4983 παντὶ
3173 4926 3336 5000 ⁴ῆττον
3360 4926 3503 4997 ἔχειν
3521 4925 3576 4975 ὲν
3598 4937 3663 4973 τι·

2111 5035 2207 5103 μῇ,
2241 5033 2297 5083 ὲν
2321 5031 2486 5099 ἀρχῇ,
2513 5028 2570 5079 ὲν
2598 5026 2745 5098 δίκῃ,
2778 5020 3112 5095 πραγματίῳ
3143 5017 3323 5072 παντί.
3350 5016 3534 5070 Ταῦτα
3555 5010 3663 5065 ἐπί-

2109 5124 2325 5194 σκεψαι,
2361 5124 2410 5175 εἰ
2458 5120 2631 5182 θέλεις
2673 5110 3234 5179 ἀντικαταλλάξασθαι
3282 5109 3486 5163 τούτων
3534 5106 3663 5160 ἁπά-

2109 5214 2279 5279 θειαν,
2305 5212 2643 5283 ἐλευθερίαν,
2674 5205 2994 5278 ἀταραξίαν.
3016 5205 3078 5257 El
3106 5203 3162 5256 δὲ
3190 5202 3285 5273 μὴ,
3308 5199 3383 5271 μὴ
3412 5200 3661 5268 πρόσαγε,

2111 5307 2185 5377 μὴ
2225 5305 2301 5368 ὡς
2333 5304 2400 5357 τὰ
2433 5302 2623 5355 παιδία
2644 5318 2655 5332 ·
2694 5298 2788 5351 νῦν
2822 5296 3132 5367 φιλόσοφος,
3170 5291 3396 5360 ὕστερον
3427 5289 3483 5342 δὲ
3510 5283 3661 5377 τελῴ-

2107 5375 2227 5469 νης,
2281 5393 2399 5450 εἶτα
2443 5397 2646 5465 ῥήτωρ,
2695 5389 2815 5444 εἶτα
2868 5388 3160 5457 ἐπίτροπος
3205 5383 3501 5451 Καίσαρος.
3541 5375 3665 5440 Γένη

2107 5491 2277 5544 ταῦτα
2302 5490 2362 5542 οὐ
2390 5488 2691 5557 συμφωνεῖ.
2721 5485 2858 5537 Ἕνα
2882 5498 2940 5534 σε
2962 5480 3043 5532 δεῖ
3068 5476 3349 5547 ἄνθρωπον
3377 5475 3526 5534 ὂντα,
3548 5472 3665 5535 ἀγα·

2110 5583 2217 5636 θδν.
2246 5581 2278 5650 ἧ
2311 5579 2477 5632 κακὸν
2504 5578 2666 5637 εἶναι,
2689 5574 2722 5645 ἦ
2746 5573 2806 5626 τὸ
2838 5569 3161 5643 ἡγεμονικόν
3193 5583 3251 5619 σε
3279 5565 3359 5617 δεῖ
3388 5559 3663 5631 ἐξεργάζεο

2110 5676 2228 5728 σθαι
2267 5674 2377 5734 τοῖς
2406 5668 2589 5730 αὑτοῦ,
2628 5667 2661 5737 ἢ
2695 5666 2761 5719 τὰ
2794 5662 3026 5734 ὲκτὺς,ῆ
3066 5659 3190 5730 περὶ
3219 5656 3288 5710 τὰ
3467 5651 3665 5725 φιλοτετ

3984 1176 3987 1359 l
