4066 6146
400 265 522 331 I301
1655 269 2002 331 EPICTETI
2045 271 2431 334 MANUALE.
3535 264 3670 332 I302

396 380 567 450 χνεῖν,
601 376 633 446 ἢ
673 376 800 447 περὶ
833 375 900 429 τὰ
929 374 1055 440 ἔξω,
1083 375 1380 440 τουτέστιν,
1432 375 1464 445 ἢ
1500 375 1787 446 φιλοσόφου
1829 378 1982 444 τάξιν

2111 380 2170 435 νει
2211 381 2561 445 interiorum,
2598 379 2681 435 vel
2727 379 3063 434 exteriorum
3105 377 3290 434 studio
3327 391 3561 445 vacare;
3591 381 3670 434 vel

399 471 642 538 ἐπέχειν,
673 465 707 537 ἦ
744 464 978 520 ἰδιώτου.

2111 473 2305 527 andem
2340 470 2648 542 philosophi
2676 471 2856 527 locum
2891 480 3097 534 tenere,
3126 469 3211 522 vel
3250 467 3449 524 idiotas.

988 580 1238 633 ΚΕΦᾹΛ.
1279 577 1400 632 AZ'.

2507 583 2669 657 342
2708 580 2942 640 CAPUT
2983 580 3245 638 xxxvii.

473 696 554 748 Τὰ
601 688 913 764 καθήκοντα
953 693 1031 753 ὡς
1067 692 1272 746 ἐπίπαν
1313 696 1431 757 ταῖς
1475 695 1692 764 σχέσεσι
1728 714 1986 768 παραμεο

2158 695 2349 752 Ofﬁcia
2379 708 2895 754 commensurautur
2929 706 2988 752 ut
3018 696 3317 768 plurimum
3367 696 3551 752 habita
3588 713 3678 751 ra-

403 793 635 859 τρεῖται.
688 789 878 857 Πατήρ
927 787 1095 849 ἐστιν,
1140 786 1542 856 ὑπαγορεύεται
1585 789 1983 859 ἐπιμελεῖσθαι,

2113 789 2236 844 ioue
2282 788 2616 844 naturalium
2655 790 3083 860 congruitatum.
3119 787 3281 843 Pater
3312 795 3393 842 est
3411 803 3436 852 ;-
3462 787 3701 850 suadet,‘

408 882 761 951 παραχωρεῖν
782 878 1059 942 ἁπάντων,
1082 877 1373 947 ἀνέχεσθαι
1392 878 1776 951 λοιδοροῦντος,
1802 881 1988 935 παίον-

2111 887 2150 933 ιι
2187 879 2308 949 ejus
2347 890 2569 950 geratur
2600 895 2754 948 cura,
2798 890 2857 936 ut
2898 881 3001 951 ipsi
3034 880 3258 936 cedatur
3296 879 3351 933 in
3399 879 3674 941 omnibus,

406 990 517 1035 τος.
553 971 714 1025 Ἀλλὰ
744 971 912 1033 κακὸς
938 973 968 1023 δ
999 971 1184 1041 πατήρ
1206 972 1352 1026 ἐστι’
1387 973 1460 1043 μή
1494 991 1546 1026 τι
1578 973 1670 1027 οὖν
1693 976 1829 1044 πρὸς
1857 976 1989 1043 ἀγα-

2111 978 2257 1040 ttque
2302 971 2580 1035 toleretur,
2618 970 2665 1026 si
2722 969 3029 1040 objurgarit
3083 985 3147 1025 ac
3203 968 3519 1023 verberarit.
3571 967 3677 1023 Sed

408 1066 501 1119 θον
531 1065 748 1135 πατέρα
781 1062 944 1132 φύσει
968 1063 1255 1135 ᾠκειὼθης
1276 1082 1292 1129 ;
1313 1065 1451 1118 ἀλλὰ
1486 1066 1623 1137 πρὸς
1651 1067 1884 1136 πατέρα.
1928 1068 1987 1122 '0

2111 1068 2247 1114 later
2288 1061 2464 1115 malus
2486 1069 2569 1115 est
2601 1079 2615 1116 :
2650 1062 2895 1132 nunquid
2921 1060 3090 1131 igitur
3120 1061 3264 1117 bono
3315 1062 3456 1133 patri
3480 1062 3678 1132 adjun-

409 1155 632 1223 ἀδελφὸς
661 1154 841 1207 ἀδικεῖ
864 1169 881 1183 ’
908 1155 1065 1226 τήρει
1102 1154 1393 1224 τοιγαροῦν
1422 1154 1519 1226 τὴν
1553 1155 1704 1221 τάξιν
1731 1156 1827 1228 τὴν
1859 1174 1988 1210 σαυ-

2111 1160 2211 1206 :tus
2240 1167 2298 1206 es
2338 1168 2368 1206 a
2398 1155 2630 1207 natura?
2670 1167 2800 1216 non,
2849 1153 2940 1208 sed
2992 1152 3154 1222 patri.
3200 1152 3389 1209 Frater
3420 1153 3677 1224 iniuriam

409 1246 501 1299 τοῦ
562 1246 699 1315 πρὸς
749 1246 943 1299 αὐτόν’
996 1244 1128 1315 μηδὲ
1162 1246 1356 1300 σκόπει
1393 1247 1454 1299 τὸ
1486 1246 1540 1300 τί
1586 1248 1795 1311 ἐκεῖνος
1823 1251 1985 1313 ποιεῖ,

2111 1241 2259 1296 ul'ert
2288 1261 2301 1296 :
2337 1252 2395 1297 tu
2429 1243 2614 1314 itaque
2643 1242 2871 1299 observa
2902 1252 3059 1298 tuum
3090 1258 3219 1311 erga
3249 1244 3427 1313 ipsum
3454 1243 3678 1298 modum

411 1335 547 1389 ἀλλά
573 1335 626 1388 τί
648 1351 730 1388 σοι
758 1336 1046 1404 ποιήσαντι
1068 1335 1213 1388 κατὰ
1241 1337 1403 1402 φύσιν
1434 1335 1545 1400 ἕξει
1572 1337 1605 1405 ἡ
1640 1336 1705 1406 σὴ
1729 1337 1989 1409 προαίρε-

2111 1338 2301 1393 'atione
2344 1346 2725 1406 temperatum,
2769 1353 2947 1408 neque
2990 1336 3236 1391 attendas
3290 1336 3365 1400 id,
3416 1336 3561 1406 quod
3594 1335 3683 1390 illc

415 1444 518 1489 σις.
547 1427 614 1480 se
642 1426 749 1497 γὰρ
792 1426 951 1491 ἄλλος
993 1426 1056 1479 ού
1110 1426 1303 1496 βλάψει
1347 1429 1397 1480 εἰ
1433 1428 1506 1497 μὴ
1533 1427 1708 1492 θέλεις
1731 1445 1745 1458 ο
1776 1428 1898 1484 τότε
1930 1430 1987 1484 δὲ

2111 1431 2222 1500 tgit,
2271 1430 2365 1485 sed
2411 1429 2544 1501 quid
2598 1442 2698 1500 pro
2728 1438 2779 1484 te
2825 1437 2982 1483 tuum
3039 1428 3271 1498 requirit
3319 1427 3681 1498 propositum,

415 1518 513 1590 ἐτῃ
541 1516 931 1587 βεϐλαμμένος,
955 1517 1084 1571 ὅταν
1109 1517 1388 1588 ὑπολάϐῃς
1421 1517 1772 1587 βλάπτεσθαι·
1814 1519 1987 1584 οὕτως

2111 1522 2223 1576 lum
2244 1537 2329 1587 ea,
2357 1538 2479 1592 quae
2503 1531 2713 1578 natura:
2727 1529 3040 1594 congruunt
3065 1522 3328 1578 effeceris.
3355 1520 3431 1576 Te
3449 1535 3684 1590 namque

415 1604 509 1660 οὖν
552 1608 660 1661 ἀπὸ
694 1608 787 1661 τοῦ
844 1610 1084 1674 πολίτου,
1128 1610 1236 1662 ἀπὸ
1283 1610 1378 1663 τοῦ
1422 1611 1681 1678 γείτονος,
1723 1612 1834 1666 ἀπὸ
1893 1611 1986 1665 τοῦ

2091 1615 2233 1670 alius
2264 1614 2488 1670 minime
2512 1615 2689 1682 lmdct,
2720 1613 2827 1669 nisi
2870 1614 3139 1680 volueris;
3184 1621 3316 1669 tunc
3344 1613 3490 1668 enim
3526 1612 3686 1667 laesus

422 1696 730 1767 στρατηγοῦ
763 1697 825 1748 τὸ
869 1696 1108 1767 καθῆκον
1157 1695 1494 1768 ἐξευρήσεις,
1523 1696 1590 1751 ἂν
1628 1698 1727 1761 τὰς
1774 1697 1988 1768 σχέσεις

2111 1704 2225 1768 eris,
2266 1705 2485 1775 quando
2530 1704 2928 1760 existimaveris
2973 1712 3025 1759 te
3062 1704 3182 1759 laedi
3219 1723 3234 1758 :
3266 1703 3348 1759 sic
3394 1703 3563 1773 igitur
3588 1701 3688 1757 ad-

419 1787 573 1860 ἐθίζῃ
595 1787 841 1858 θεωρεῖν.

896 2110 899 2111 ν
1006 2074 1255 2127 ΚΕΦΑΛ.
1287 2072 1416 2127 AH'.

495 2185 607 2256 Τῆς
644 2188 770 2257 περὶ
799 2186 930 2240 Θεὸν
956 2187 1260 2250 εὐσεϐείας,
1295 2186 1404 2240 ἴσθι
1435 2188 1517 2241 ὅτι
1551 2188 1612 2240 τὸ
1660 2186 2004 2257 κυριώτατον

428 2277 599 2330 ἐκεῖνό
645 2279 792 2331 ἐστιν
823 2274 990 2347 ὀρθάς
1029 2277 1319 2346 ὑπολήψεις
1353 2279 1483 2349 περὶ
1525 2276 1686 2332 αύτοῦ
1732 2278 1878 2348 ἔχειν
1927 2278 2002 2342 ὼς

430 2366 618 2433 αὑτοῦ,
652 2366 748 2422 καὶ
788 2366 1115 2431 διοικοῦντος
1154 2368 1251 2421 ὅλα
1272 2366 1465 2432 ’καλῶς
1500 2369 1596 2423 καὶ
1626 2369 1874 2434 δικαίως,
1909 2371 2004 2423 καὶ

430 2458 591 2511 αὑτὸν
606 2457 858 2525 εῖςτρῦτο
880 2461 1309 2530 κατατεταχέναι
1334 2460 1415 2520 εὶς
1435 2460 1495 2514 τὸ
1524 2460 1807 2514 πείθεσθαι
1829 2461 2000 2533 αὐτῷ,

430 2546 523 2600 καὶ
571 2546 798 2601 ἔπεσθαι
850 2548 945 2602 καὶ
993 2547 1166 2603 εἴκειν
1207 2548 1343 2604 πᾶσι
1382 2552 1495 2615 τοῖς
1540 2551 1870 2622 γινομένοις,
1910 2553 2005 2606 καὶ

430 2639 742 2694 ἀκολουθεῖν
778 2640 973 2695 ἑκόντα
1004 2640 1078 2705 ὡς
1108 2643 1200 2694 ἐπὶ
1234 2642 1335 2709 τῆς
1364 2641 1592 2713 ἀρίστης
1620 2642 1849 2713 γνώμης
1883 2644 2007 2698 ἐπι-

429 2730 771 2802 τελουμένοις
796 2749 809 2764 ·
841 2732 985 2785 οὕτω
1010 2733 1118 2802 γὰρ
1149 2731 1274 2785 οὔτε
1318 2734 1508 2805 μέμψῃ
1542 2733 1635 2787 τὸν
1667 2733 1801 2788 Θεόν
1850 2753 2005 2802 ποτε,

2103 1793 2366 1859 invenies,
2390 1794 2534 1863 quod
2568 1792 2796 1849 debetur
2837 1793 3081 1849 ofﬁcium
3136 1809 3166 1847 a
3198 1793 3334 1858 cive,
3366 1808 3396 1847 a
3423 1791 3626 1856 vicino,
3657 1805 3687 1844 a

2102 1883 2242 1938 duce
2291 1882 2547 1948 militari,
2591 1883 2638 1938 si
2686 1882 2964 1938 naturales
3016 1883 3386 1953 congruitates
3425 1879 3689 1937 assueﬁas

2104 1973 2457 2044 perpendere.

2613 2080 2843 2138 CAPUT
2893 2080 3178 2138 XXXVIII.

2178 2196 2334 2253 Circa
2363 2197 2620 2267 pietatem
2654 2210 2788 2266 erga
2815 2195 3010 2262 Deum,
3057 2199 3223 2262 scias,
3261 2197 3409 2266 quod
3456 2196 3693 2252 maxime

2107 2291 2437 2361 praecipuum
2490 2289 2629 2345 illud‘
2657 2298 2762 2354 est,
2816 2299 2963 2344 recte
2995 2288 3254 2343 nimirum
3304 2287 3372 2344 de
3419 2288 3540 2358 ipso
3569 2302 3695 2344 sen-

2110 2382 2244 2447 tire,
2276 2390 2334 2435 ut
2370 2381 2487 2451 ipse
2511 2389 2613 2446 est,
2647 2390 2812 2449 utque
2846 2379 3007 2445 bene,
3039 2392 3107 2433 ac
3130 2379 3279 2448 juste
3309 2377 3564 2434 universa
3592 2392 3692 2448 gu-

2109 2472 2334 2539 bernat;
2390 2487 2558 2542 seque
2614 2471 2795 2542 ipsum
2837 2471 2890 2525 in
2942 2485 3009 2526 eo
3048 2469 3357 2540 subjicere,
3409 2483 3603 2538 nempe
3636 2467 3693 2522 in

2110 2566 2414 2621 obediendo
2447 2564 2558 2631 illi,
2590 2577 2828 2634 cumque
2851 2561 3152 2631 sequendo,
3200 2573 3266 2616 ac
3290 2558 3546 2617 omnibus
3574 2571 3696 2629 quae

2112 2658 2434 2729 contingunt
2493 2656 2757 2718 cedendo,
2808 2662 2865 2709 et
2912 2654 3145 2708 libenter
3192 2651 3474 2735 sectanda,
3521 2665 3587 2705 ac
3648 2649 3697 2705 si

2113 2749 2315 2819 optima
2375 2762 2499 2803 cum
2550 2747 2943 2803 deliberatione
2989 2744 3390 2816 perﬁciantur:
3440 2743 3521 2798 sic
3551 2741 3695 2797 enim

432 2823 553 2876 οὔτε
599 2824 916 2891 ἐγκαλέσεις
963 2824 1036 2885 ὡς
1082 2824 1486 2897 ἀμελούμενος·
1534 2826 1708 2891 ἄλλως
1747 2828 1805 2882 δὲ
1849 2829 2006 2885 τοῦτο

2111 2857 2289 2913 neque
2317 2841 2384 2896 de
2411 2840 2524 2896 Deo
2555 2839 2909 2908 conquereris
2939 2852 3180 2908 unquam
3204 2878 3221 2903 ,
3247 2849 3349 2891 nec
3385 2838 3510 2889 eum
3547 2834 3701 2887 incu-

433 2915 530 2985 οὐχ
551 2909 661 2968 οἷόν
679 2933 737 2968 τε
767 2917 862 2969 ἐὰν
895 2918 970 2986 μὴ
998 2918 1243 2989 ἀποστῇς
1269 2918 1377 2971 τῶν
1399 2918 1498 2972 οὐκ
1531 2919 1617 2988 ἐφ’
1642 2922 1794 2991 ἡμῖν,
1825 2921 1918 2975 καὶ
1949 2922 2008 2975 ἐν

434 3008 545 3070 τοῖς
597 3006 683 3076 ἐφ’
715 3009 848 3078 ἡμῖν
884 3009 1066 3078 μόνοις
1095 3009 1194 3080 θῇς
1226 3009 1286 3062 τὸ
1326 3010 1554 3078 ἀγαθὸν,
1596 3010 1774 3065 καὶτὸ
1806 3014 2005 3068 κακόνο

433 3098 580 3153 om
608 3098 798 3172 [ὼτάν]
823 3101 883 3169 γέ
910 3118 962 3154 τι
992 3102 1217 3157 ἐκείνων
1244 3102 1529 3157 ὑπολαϐὼν
1547 3105 1771 3174 ἀγαθὸν,
1787 3106 1820 3177 ἢ
1838 3107 2009 3162 κακὸν

437 3192 585 3244 πᾶσα
635 3192 872 3263 ἀνάγκη,
918 3193 1049 3247 ὅταν
1099 3195 1518 3265 ἀποτυγχάνεις,
1564 3188 1640 3250 ὧν
1697 3197 1872 3261 θέλεις
1916 3197 2009 3251 καὶ

439 3288 790 3358 περιπίπτεις
825 3284 907 3347 οἷς
936 3289 1035 3341 οὐκ
1064 3287 1273 3353 ἐθέλεις
1300 3289 1616 3361 μέμφεσθαι
1655 3309 1736 3356 σε,
1778 3294 1872 3347 καὶ
1919 3311 2011 3364 μι-

436 3381 548 3431 σεῖν
590 3378 715 3442 τοὺς
765 3379 991 3443 αἰτίους.
1043 3381 1261 3449 Πέφυκε
1290 3379 1400 3452 γὰρ
1447 3382 1586 3449 πρὸς
1629 3384 1736 3436 πᾶν
1776 3383 1914 3448 ζῶον
1942 3385 2010 3439 τὰ

441 3470 537 3538 μὲν
557 3470 797 3542 βλαϐερὰ
819 3471 1141 3541 φαινόμενα,
1167 3471 1262 3525 καὶ
1286 3470 1437 3526 αἴτια
1464 3472 1616 3542 αὐτῷ
1643 3473 1890 3543 φεύγειν,
1915 3475 2011 3529 καὶ

437 3561 819 3633 ἐκτρέπεσθαι,
867 3563 936 3617 τὰ
988 3563 1046 3617 δέ
1093 3564 1367 3635 ὠφέλιμα,
1414 3565 1510 3618 καὶ
1564 3564 1634 3618 τὰ
1672 3567 1819 3620 αῖτια
1862 3566 2011 3637 αὐτῷ

440 3653 704 3721 μετιέναι,
737 3656 830 3707 καὶ
857 3653 1284 3725 τεθαυμακέναι.
1319 3656 1629 3726 Ἀμήχανον
1656 3652 1748 3710 οὖν
1787 3655 2013 3726 βλάπτε-

439 3744 562 3798 σθαί
585 3762 703 3799 τινα
726 3745 974 3814 οἰόμενον
998 3745 1211 3815 χαίρειν
1235 3745 1313 3815 τῷ
1335 3745 1584 3799 δοκοῦντι
1616 3744 1895 3815 βλάπτειν,
1914 3746 2014 3800 ὥσ-

436 3852 541 3906 περ
568 3838 662 3890 καὶ⁵
690 3835 752 3889 τὸ
779 3837 915 3908 αὐτῇ
948 3838 1015 3908 τῇ
1050 3835 1223 3909 βλάϐῃ
1253 3835 1467 3905 χαίρειν
1498 3834 1781 3888 ἀδύνατον.
1820 3835 2012 3889 ΙΙἘνθεν

435 3931 530 3981 καὶ
558 3929 742 4000 πατὴρ
786 3929 892 3981 ὑπὸ
931 3928 1025 3982 τοῦ
1061 3927 1178 3983 υἱοῦ
1227 3928 1573 3997 λοιδορεῖται,
1611 3928 1742 3981 ὅταν
1786 3928 1899 3981 τῶν
1926 3927 2014 3981 δο-

2112 2936 2294 3002 subis,
2342 2935 2421 2990 uti
2475 2935 2546 2989 ab
2592 2934 2784 2990 eodem
2840 2932 3124 3003 neglectus
3159 2947 3173 2983 :
3208 2929 3365 2984 aliter
3413 2939 3543 2995 vero
3594 2923 3702 2978 hoc

2111 3030 2372 3102 possibile
2428 3044 2539 3084 non
2583 3038 2702 3094 est,
2756 3028 2862 3083 nisi
2913 3027 3193 3081 abstineas
3230 3024 3299 3079 iis
3341 3035 3464 3092 quat
3506 3033 3613 3073 non
3644 3018 3697 3071 in

2112 3124 2274 3179 nobis
2299 3130 2452 3189 sunt,
2483 3121 2902 3188 constituasque
2931 3119 3136 3173 bonum
3158 3124 3214 3172 et
3242 3115 3447 3170 malum
3478 3113 3531 3167 in
3552 3111 3702 3166 hisce

2113 3215 2291 3271 solum
2341 3229 2465 3284 quae
2506 3220 2636 3268 sunt
2674 3211 2729 3266 in
2771 3210 2932 3267 nobis
2963 3227 2979 3265 :
3006 3209 3151 3279 quod
3193 3207 3240 3262 si
3298 3205 3427 3276 quid
3483 3204 3698 3258 illorum

2113 3304 2385 3379 putaveris
2432 3304 2661 3370 bonum,
2713 3309 2810 3383 aut
2843 3303 3090 3363 :malum,
3144 3311 3433 3353 necessum
3483 3292 3701 3364 penitus

2111 3397 2235 3461 erit,
2276 3393 2495 3464 quando
2524 3392 2793 3449 excideris
2826 3392 2897 3447 ab
2933 3391 3019 3446 his
3051 3405 3175 3461 quae
3215 3385 3478 3451 volueris,
3524 3392 3620 3439 aut
3648 3383 3699 3436 in

2113 3502 2178 3542 ea
2197 3501 2317 3557 quae
2344 3484 2506 3556 343
2540 3484 2802 3551 nolueris,
2833 3483 3113 3549 incideris,
3143 3489 3202 3536 ut
3226 3481 3294 3535 de
3314 3479 3381 3534 iis
3401 3491 3704 3547 conquera-

2114 3580 2210 3645 ris,
2247 3577 2343 3647 qui
2390 3585 2640 3632 auctores
2690 3574 2863 3641 l‘uere,
2901 3589 3108 3645 eosque
3138 3573 3265 3629 odio
3291 3571 3515 3626 habeas.
3546 3567 3703 3622 Inna-

2114 3677 2228 3722 tum
2252 3674 2336 3720 est
2372 3664 2572 3734 quippe
2597 3665 2747 3718 omni
2778 3664 3065 3729 animanti,
3097 3669 3158 3717 ut
3199 3677 3285 3728 ea,
3314 3675 3435 3731 qua;
3455 3657 3701 3713 nocitura

2115 3758 2366 3811 videntur
2417 3768 2719 3823 eorumque
2767 3768 2966 3809 causas
3020 3752 3219 3819 evitet,
3270 3766 3335 3806 ac
3393 3758 3702 3812 aversetur,

2115 3842 2269 3899 utilia
2305 3855 2456 3908 vero,
2499 3853 2801 3909 eorumque
2830 3854 3029 3894 causas
3058 3836 3280 3909 assequi
3308 3837 3623 3903 contendat,
3653 3846 3707 3889 et

2115 3932 2434 3988 admiretur.
2488 3928 2584 3984 Est
2637 3928 2804 3999 igitur
2862 3927 3240 3997 impossibile,
3296 3925 3446 3996 quod
3502 3924 3702 3994 aliquis

439 4019 675 4073 κούντων
724 4018 947 4087 ἀγαθῶν
992 4015 1131 4073 εἶναι
1169 4018 1249 4089 τῷ
1277 4018 1429 4072 παιδὶ
1469 4020 1542 4089 μὴ
1582 4019 1847 4090 μεταδιδῷ
1871 4033 1886 4049 ⁸
1920 4019 2008 4074 καί

2117 4025 2343 4081 laedatur
2372 4038 2403 4078 a
2428 4036 2507 4088 re,
2537 4036 2659 4094 quae
2685 4020 2918 4084 videtur,
2950 4019 3097 4089 quod
3124 4017 3289 4083 laedit,
3318 4017 3364 4073 si
3393 4016 3509 4086 ipse
3530 4024 3702 4086 putat,

438 4128 549 4164 τισι
589 4111 700 4163 τῶν
738 4112 992 4181 ἀφρόνων
1036 4111 1199 4164 τοῦτο
1228 4111 1453 4182 ἐποίησε
1477 4111 1538 4165 τὸ
1572 4111 1777 4180 ἀγαθὸν
1804 4112 2008 4167 οἴεσθαι

2120 4115 2265 4186 quod
2294 4111 2560 4179 laetiﬁcat;
2603 4111 2745 4167 sicut
2776 4109 2942 4164 etiam
2969 4107 3082 4162 fieri
3112 4122 3221 4161 non
3253 4113 3453 4176 potest,
3483 4113 3544 4160 ut
3575 4104 3709 4159 [teti—

440 4201 538 4272 τὴν
576 4177 885 4269 τυραννῖδα.
925 4202 1022 4255 Διὰ
1057 4201 1217 4256 τοῦτο
1253 4202 1348 4256 καὶ
1378 4177 1631 4273 γεωργὸς
1659 4202 1892 4275 λοιδορεῖ
1924 4203 2008 4258 τὸν

2122 4177 2313 4261 licetur
2357 4205 2426 4260 ab
2478 4177 2567 4266 eo»,
2594 4200 2740 4271 quod
2783 4199 2947 4254 laedit.
2986 4198 3125 4254 Hinc
3156 4199 3319 4253 etiam
3353 4206 3505 4267 pater
3532 4211 3565 4251 a
3595 4195 3705 4249 ﬁlio

443 4290 572 4341 Θεόν
596 4306 610 4320 ο
641 4290 730 4344 διὰ
764 4289 923 4345 τοῦτο
954 4294 982 4345 ὁ
1010 4292 1233 4362 ναύτης,
1256 4291 1345 4346 διὰ
1381 4290 1540 4354 τοῦτο
1567 4295 1596 4346 ὁ
1627 4292 1889 4366 ἔμπορος,
1923 4294 2008 4346 ἐπὶ

2121 4295 2452 4354 contumelia
2495 4293 2755 4358 afﬁcitur,
2783 4292 3001 4363 quando
3039 4304 3104 4345 ea
3134 4304 3257 4360 qua:
3284 4288 3430 4344 bona
3457 4288 3709 4343 videntur

443 4380 618 4453 τούτῳ
647 4382 697 4435 οἱ
727 4383 827 4446 τὰς
863 4385 1127 4450 γυναῖκας
1164 4382 1514 4448 ἀπολύοντες,
1566 4385 1660 4436 καὶ
1716 4383 1785 4437 τὰ
1826 4383 2008 4437 τέκνα.

2122 4386 2253 4452 ﬁlio,
2286 4400 2397 4439 non
2422 4384 2521 4455 ipsi
2549 4383 2893 4453 impertiatur
2925 4400 2938 4437 :
2971 4381 3223 4438 similiter
3246 4377 3575 4449 quibusdam
3603 4376 3712 4430 IIII-3

449 4475 619 4527 Ὅπου
651 4474 759 4545 γὰρ
797 4474 858 4528 τὸ
888 4476 1191 4548 συμφέρον,
1219 4479 1334 4531 ἐκεῖ
1360 4478 1454 4531 καὶ
1488 4476 1550 4547 τῤ
1587 4476 1840 4543 εὐσεϐὲς,
1875 4475 2008 4532 ὥστε

2121 4477 2482 4550 prudentibus
2523 4476 2577 4532 id
2619 4477 2674 4531 in
2727 4490 2897 4532 causa
2945 4473 3068 4542 fuit,
3114 4482 3173 4529 ut
3205 4470 3350 4543 quod
3380 4470 3524 4526 bona
3563 4475 3709 4523 esset

446 4565 591 4629 ὅστις
633 4565 727 4619 τοῦ
771 4566 1059 4636 ὀρέγεσθαι
1091 4567 1433 4636 ἐπιμελεῖται
1469 4561 1544 4621 ὧν
1577 4568 1658 4621 δεῖ
1695 4569 1790 4622 καὶ
1832 4567 2008 4622 ἐκκλί-

2130 4570 2379 4641 tyrannis
2407 4568 2807 4623 existimarent.
2858 4566 2984 4623 Ideo
3015 4564 3254 4635 agricola
3281 4576 3503 4635 quoque
3537 4559 3707 4614 Deum

446 4674 579 4721 νειν,
610 4658 669 4710 ἐν
688 4657 864 4728 τούτῳ
918 4658 1012 4710 καὶ
1040 4659 1322 4723 εὐσεϐείας
1350 4659 1710 4732 ἐπιμελεῖται.
1746 4660 2008 4731 Προσήκει

2131 4662 2369 4719 convitio
2394 4661 2604 4731 carpit;
2632 4661 2758 4717 ideo
2786 4670 2987 4727 nauta;
3021 4660 3145 4715 ideo
3176 4664 3482 4720 mercator;
3514 4653 3635 4709 ideo
3659 4663 3711 4707 et

448 4747 586 4801 κατά
632 4749 892 4819 ἀλήθειαν
947 4749 1215 4804 ἅπτεσθαι
1261 4749 1443 4822 ἔργου,
1502 4752 1777 4823 καθαρῶς,
1823 4753 1918 4805 καὶ
1949 4752 2008 4822 μὶ

2126 4754 2215 4824 qui
2246 4768 2449 4809 uxores
2478 4753 2784 4819 dimittunt,
2818 4767 2883 4807 ac
2926 4751 3088 4806 ﬁlios.
3114 4748 3192 4803 Ita
3240 4756 3302 4802 ut
3333 4749 3402 4812 is,
3431 4745 3517 4800 cui
3546 4756 3710 4812 appe-

449 4840 912 4910 ἐπισεσυρμένως,
956 4842 1091 4912 μηδὲ
1136 4842 1376 4913 ἀμελῶς,
1414 4842 1547 4913 μηδέ
1579 4860 1643 4912 γε
1690 4845 2008 4915 αἱσχροκερ·

2113 4852 2237 4912 tere
2269 4859 2414 4899 curae
2457 4842 2530 4899 sit
2571 4851 2626 4898 et
2670 4842 2946 4898 declinare
2999 4840 3093 4895 illa
3138 4853 3261 4910 quae
3297 4838 3469 4901 decet,
3509 4836 3563 4890 in
3606 4833 3712 4888 hoc

448 4932 573 4996 δῶς,
610 4932 743 5002 μηδὲ
775 4932 917 5003 ὑπὲρ
947 4932 1201 5005 δύναμιν.
1741 4996 1748 5001 ,

2123 4936 2286 4990 etiam
2315 4942 2526 5006 salagat
2555 4950 2758 4991 curans
2786 4934 3066 5004 pietatem.
3102 4931 3252 5002 Opus
3298 4930 3463 5002 igitur
3492 4926 3710 5000 aggredi

450 5029 702 5083 convenit
732 5043 882 5094 vere,
947 5046 1011 5086 ac
1078 5044 1234 5100 pure,
1301 5045 1401 5086 nec
1434 5030 1812 5101 incomposite,
1848 5045 2024 5100 neque
2053 5031 2407 5104 negligenter,
2457 5046 2638 5103 neque
2682 5030 2961 5087 sordidam
3014 5029 3085 5083 ob
3129 5029 3365 5091 lucrum,
3416 5038 3517 5079 nec
3545 5037 3710 5092 supra

454 5135 615 5177 νιῐθδ.

1031 5219 1288 5274 ΚΕΦΑΛ.
1320 5218 1446 5273 ΛΘ’.

522 5305 693 5370 Τάξον
729 5307 851 5360 τινὰ
899 5309 1074 5372 εἴδους
1103 5311 1431 5383 χαρακτῆρα
1471 5310 1674 5381 σαυτῷ,
1706 5310 1800 5362 καὶ
1835 5311 2027 5375 τύπον,

451 5396 511 5446 ὃν
536 5398 801 5466 φυλάξεις
836 5401 929 5454 ἐπὶ
972 5418 1029 5455 τε
1070 5401 1269 5455 σαυτοῦ
1304 5400 1402 5465 ὢν,
1446 5403 1540 5456 καὶ
1585 5400 1893 5470 ἀνθρώποις
1940 5404 2029 5455 ἐν·

454 5502 484 5539 τ
500 5490 757 5558 »γχάνωνι

2661 5208 2891 5268 CAPUT
2932 5208 2969 5264 Χ
2984 5208 3180 5264 XXIX.

2206 5309 2491 5363 Constitue
2546 5306 2645 5361 tibi
2692 5306 2792 5375 ipsi
2846 5302 3140 5374 quamdam
3175 5299 3323 5355 modi
3382 5297 3612 5353 formam
3662 5303 3714 5347 et

2138 5401 2436 5470 exemplar,
2462 5399 2610 5469 quod
2640 5398 2920 5462 observes,
2960 5407 3074 5450 tum
3114 5392 3335 5464 quando
3374 5400 3551 5446 tecum
3582 5386 3711 5451 eris,

2138 5502 2250 5547 tum
2274 5493 2494 5561 quando
2534 5506 2655 5546 cum
2689 5488 3002 5544 hominibus
3031 5486 3290 5557 loqueris.

2737 5578 2965 5634 CAPUT
3001 5578 3116 5632 XL.

2215 5674 2498 5732 Silentium
2534 5682 2593 5730 ut
2636 5672 2931 5744 plurimum
2964 5670 3066 5739 sit;
3097 5669 3179 5727 vel
3213 5664 3518 5750 necessaria
3545 5662 3718 5720 disse--

1053 5584 1304 5638 ΚΕΦΑΛ.
1344 5584 1435 5638 Μ’.

528 5670 714 5743 Σιωπὴ
740 5672 799 5726 τὸ
829 5673 961 5729 πολὺ
990 5673 1148 5743 ἔστω,
1174 5674 1206 5744 ἢ
1235 5673 1501 5730 λαλεῐσθω
1529 5675 1596 5730 τὰ
1620 5675 1913 5745 ἀναγκαῖα,
1939 5677 2029 5730 καὶ
