4066 6146
431 228 568 294 1303

1891 244 2189 307 SPURIA.

3434 292 3449 300 ν
3553 266 3691 331 1304

432 350 646 409 rantur,
682 349 734 396 et
757 344 946 411 paucis
969 346 1168 408 verbis,
1205 346 1249 400 si
1277 349 1498 417 quando
1531 366 1658 405 vero
1693 357 2010 425 tempestiva

2117 357 2181 408 δι’
2214 358 2428 426 ὀλίγων,
2464 362 2703 425 σπανίως
2742 362 2800 415 δέ
2834 380 2961 416 ποτε
3002 367 3196 435 καιροῦ
3241 373 3694 441 παρακαλοῦντος

433 427 650 481 occasio
693 428 992 495 advocarit,
1029 446 1155 485 raro
1177 433 1244 486 ad
1298 433 1462 505 3“
1490 435 1764 494 eﬂandum
1817 457 2012 512 proce-

323 560 328 583 ,
439 516 654 584 damus,
692 534 877 573 verum
912 536 1020 575 non
1045 522 1112 576 de
1147 522 1253 576 ulla
1286 539 1346 579 re
1378 527 1604 596 vulgari,
1636 545 1742 585 non
1783 533 1851 587 de
1894 535 2010 603 gla-

441 605 710 658 diatorum
757 604 922 672 ludis,
967 622 1076 661 non
1129 609 1196 664 de
1251 626 1517 681 equorum
1572 618 2008 688 decursionibus,

435 709 545 746 non
576 694 643 747 de
686 695 926 760 athletis,
962 712 1068 752 non
1100 699 1167 753 de
1218 702 1376 767 cibis,
1410 713 1503 759 aut
1554 708 1795 777 potibus,
1834 712 1917 765 vel
1946 712 2013 767 de

398 784 856 855 'quibuscunque
922 788 1087 844 rebus
1150 789 1377 847 ubilibet
1433 797 1635 864 passim
1705 801 2009 870 enarratis;

434 879 783 947 potissimum
832 896 963 937 vero
1007 897 1115 938 non
1171 886 1238 941 de
1290 886 1514 945 homine
1562 892 2009 962 reprehendente,

437 969 518 1024 vel
546 970 878 1039 dilaudante,
915 974 1000 1030 vel
1030 988 1399 1047 comparante.

1022 1088 1252 1144 CAPUT
1291 1090 1428 1146 XLI.

509 1173 565 1226 Si
593 1188 724 1243 ergo
741 1175 984 1243 potueris
1009 1179 1248 1235 transfer
1271 1192 1392 1238 tuos
1414 1199 1719 1251 sermones,
1742 1198 1796 1242 et
1822 1203 2011 1244 eorum

435 1263 526 1331 qui
565 1272 741 1318 tecum
781 1275 937 1331 sunt,
991 1269 1059 1324 ad
1102 1269 1154 1324 id
1205 1275 1352 1343 quod
1400 1275 1588 1343 decet;
1632 1279 1679 1333 si
1713 1294 1841 1334 vero
1871 1282 2012 1350 apud

435 1363 707 1412 extraneae
729 1360 904 1429 gentis
937 1361 1187 1418 homines
1222 1364 1390 1422 fueris
1420 1367 1772 1437 interceptus,
1800 1380 1937 1427 tace.

1006 1471 1237 1528 CAPUT
1270 1474 1430 1530 XLII.

505 1555 673 1613 Risus
692 1574 761 1614 ne
789 1561 993 1617 multus
1045 1564 1137 1629 sit,
1157 1581 1332 1636 neque
1369 1568 1690 1634 dissolutus,
1726 1586 1901 1641 neque
1943 1574 2013 1628 ob

438 1650 629 1706 multa.

1009 1766 1237 1822 CAPUT
1264 1768 1443 1825 XLIII.

507 1851 896 1920 Jusjurandum
932 1872 1144 1924 recusa,
1181 1861 1224 1915 si
1252 1869 1406 1930 potes
1437 1864 1761 1933 quidem,ad
1797 1864 2014 1931 omnia;

440 1944 522 1997 sin
555 1958 734 2010 secus,
770 1956 1031 2016 quantum
1068 1950 1184 2003 ﬁeri
1216 1960 1410 2019 potest.

1004 2060 1235 2117 CAPUT
1253 2062 1453 2119 XLIV.

513 2148 714 2219 Epulas
765 2162 1039 2218 externas,
1093 2169 1146 2211 et
1210 2159 1498 2228 populares
1558 2161 1742 2230 rejice,
1801 2154 1925 2226 sed,
1972 2162 2020 2218 si

446 2246 660 2309 tempus
685 2242 977 2313 aliquando
1012 2247 1220 2314 tulerit,
1253 2264 1284 2304 a
1329 2259 1379 2305 te
1425 2250 1747 2306 adhibeatur
1793 2254 2019 2310 attentio

446 2344 514 2384 ne
546 2329 682 2387 forte
708 2333 1101 2391 subterlabaris
1131 2337 1186 2392 in
1212 2339 1487 2410 vulgarem
1523 2342 1974 2399 consuetudinem
2000 2365 2014 2399 :

446 2418 588 2475 scias
610 2422 776 2487 enim,
821 2426 968 2493 quod
996 2426 1041 2480 si
1072 2427 1275 2482 sodalis
1314 2428 1386 2484 sit
1434 2430 1696 2499 pollutus,
1733 2446 2016 2488 necessum

445 2519 527 2561 est
571 2525 696 2565 eum
751 2515 844 2582 qui
897 2530 1023 2570 cum
1077 2517 1172 2572 illo
1220 2532 1574 2577 conversatur
1615 2524 1781 2579 simul
1825 2526 2015 2595 pollui,

448 2602 694 2667 quamvis
732 2603 848 2673 ipse
870 2622 1039 2675 purus
1076 2609 1368 2666 exstiterit.

919 2718 1080 2789 345
1117 2721 1349 2778 CAPUT
1394 2724 1557 2779 XLV.

518 2798 652 2866 Quae
672 2805 920 2873 corporis
942 2815 1072 2862 sunt
1092 2824 1251 2866 sume
1273 2812 1339 2867 ad
1363 2813 1561 2868 exilem
1594 2824 1806 2871 tantum
1831 2832 2015 2886 usum,

450 2893 599 2947 \‘cIuI
628 2893 884 2950 alimenta
905 2937 920 2962 ,
957 2899 1234 2967 potionem
1259 2942 1275 2967 ,
1321 2904 1603 2972 amictum,
1649 2907 2012 2977 domicilium,

2113 450 2206 500 ἐπὶ
2243 450 2303 501 τὸ
2328 450 2505 517 λέγειν
2542 451 2758 521 ἧξωμεν
2781 469 2793 480 ·
2844 453 2978 507 ἀλλά
3027 457 3157 525 περὶ
3191 458 3415 527 μηδενὸς
3458 462 3565 516 τῶν
3594 483 3692 519 τυ-

2113 536 2338 605 χόντων,
2367 539 2440 608 μὴ
2474 540 2603 609 περὶ
2632 543 2998 612 μονομαχιῶν,
3026 545 3101 616 μὴ
3128 549 3257 617 περὶ
3289 551 3687 623 ἱπποδρομίων,

2116 627 2191 697 μὴ
2258 629 2386 698 περὶ
2443 630 2713 700 ἀθλητῶν,
2783 634 2856 703 μὴ
2924 634 3249 707 βρωμάτων,
3304 642 3337 712 ἢ
3400 645 3686 714 πομάτων,

2113 718 2146 789 ἢ
2188 721 2294 771 τῶν
2341 722 2644 792 ἑκασταχοῦ
2702 724 3028 796 λεγομένων,
3067 730 3301 799 μάλιστα
3344 735 3403 787 δὲ
3445 737 3518 806 μὴ
3555 739 3691 803 περὶ

2114 809 2400 878 ἄνθρωπον
2428 811 2680 881 ψέγοντα,
2706 815 2738 886 ἢ
2774 818 3122 887 ἐπαινοῦντα,
3149 823 3182 893 ῆ
3211 818 3594 893 συγκρίνονταξ

2689 1101 2939 1157 ΚΕΦΔΔ.
2974 1103 3109 1161 MA'.

2197 1188 2322 1241 Ἐὰν
2370 1190 2471 1259 μὲν
2515 1186 2607 1244 οὗν
2651 1187 2764 1255 οἶός
2802 1190 2930 1266 τεῇ
2984 1196 3127 1265 μέτα
3175 1215 3238 1266 γε
3285 1202 3413 1263 τοὺς
3446 1205 3569 1265 σοὺς
3597 1204 3686 1258 λό-

2113 1295 2263 1344 γους,
2323 1282 2418 1333 καὶ
2467 1283 2594 1344 τοὺς
2648 1283 2758 1335 τῶν
2810 1285 3077 1339 συνόντων
3132 1291 3225 1343 ἐπὶ
3274 1292 3337 1344 τὸ
3386 1298 3682 1364 προσῆκον.

2114 1370 2176 1422 Ei
2201 1369 2257 1422 δὲ
2283 1372 2339 1423 ὲν
2360 1371 2680 1440 ἀλλοφύλοις
2708 1375 3042 1446 ἀποληφθεὶς
3073 1379 3278 1450 τύχοις,
3306 1383 3505 1437 σιώπα.

2691 1490 2943 1543 ΚΕΦΑΛ.
2976 1492 3109 1547 MB'.

2186 1574 2362 1636 Γέλως
2397 1573 2472 1647 μὴ
2510 1575 2677 1641 πολὺς
2710 1577 2869 1643 ἔστω,
2906 1580 3043 1651 μηδὲ
3088 1583 3392 1653 ἀνειμένος,
3426 1585 3562 1654 μηδὲ
3590 1588 3682 1640 ἐπὶ

2043 1689 2086 1743 Β
2116 1664 2350 1729 πολλοῖς.

2694 1783 2943 1838 ΚΕΦΑΛ.
2973 1785 3104 1839 Ml".

2192 1871 2395 1941 Ὅρκον
2427 1873 2785 1944 παραίτησαι,
2822 1877 2870 1927 ει
2901 1876 3003 1945 μὲν
3031 1871 3142 1931 οἷόν
3176 1894 3236 1930 τε
3260 1880 3337 1940 εἰς
3369 1878 3533 1944 ἅπαν,
3555 1879 3684 1933 εἰδὲ

2124 1961 2218 2031 μὴ,
2251 1962 2315 2015 ἐκ
2343 1962 2450 2015 τῶν
2480 1963 2727 2019 ἐνόντων.

2698 2077 2948 2130 ΚΕΦΑΛ.
2974 2078 3106 2132 MA'.

2200 2166 2502 2229 Ἐστιάσεις
2520 2168 2618 2230 τὰς
2646 2166 2751 2233 ἔξω
2799 2168 2893 2220 καὶ
2919 2166 3190 2232 ἰδιωτικὰς
3217 2168 3524 2240 διακρούου.
3561 2168 3689 2224 Ἐὰν

2118 2256 2174 2310 δέ
2203 2274 2332 2310 ποτε
2357 2258 2579 2328 γένηται
2605 2256 2821 2327 καιρὸς,
2836 2259 3136 2312 ἐντετάσθω
3167 2276 3248 2312 σοι
3278 2262 3311 2331 ὴ
3338 2262 3576 2332 προσοχὴ
3611 2265 3687 2335 μή

2120 2365 2253 2400 ποτε
2300 2348 2407 2420 ἀρα
2452 2349 2733 2421 ὑπορῤυῇς
2785 2350 2863 2414 εἰς
2915 2349 3258 2432 ἰδιωτισμόνο
3313 2350 3420 2403 ῐσθι
3466 2352 3575 2423 γὰρ
3607 2355 3689 2406 ὅτι

2121 2441 2217 2492 ἐὰν
2240 2441 2269 2492 ὁ
2294 2436 2561 2514 ἑταῖροςῇ
2598 2441 3024 2510 μεμολυσμένος,
3057 2441 3150 2494 καὶ
3180 2440 3270 2495 τὸν
3303 2442 3689 2515 συνανατριϐό-

2125 2549 2284 2602 μενον
2332 2533 2480 2603 αὐτῷ
2524 2531 2967 2603 συμμολύνεσθαι
3002 2533 3241 2604 ἀνάγκη,
3280 2534 3384 2589 κᾶν
3420 2534 3581 2599 αὐτὸς
3613 2535 3689 2590 ὣν

2119 2624 2261 2697 τύχῃ
2290 2624 2548 2699 καθαρός.

2698 2737 2950 2792 ΚΕΦΛΔ.
2981 2739 3113 2792 ME'.

2191 2828 2271 2881 Τά
2300 2828 2426 2900 περὶ
2461 2829 2522 2883 τὸ
2561 2830 2719 2901 σῶμα
2749 2830 2911 2901 μέχρι
2947 2831 3047 2902 τῆς
3084 2830 3272 2900 χρείας
3310 2830 3474 2901 ψιλῆς
3511 2849 3691 2902 παραο

2120 2920 2386 2991 λάμϐανε,
2416 2915 2526 2974 οἷον
2558 2922 2765 2993 τροφὰς
2785 2963 2800 2986 ,
2832 2922 3004 2993 πόμα,
3042 2923 3376 2993 ἀμπεχόνην,
3408 2924 3641 2977 οἰκετων
3672 2940 3690 2956 ⁸

450 2985 809 3054 famulitium;
842 3006 966 3060 quas
1001 3007 1130 3049 vero
1160 2995 1229 3049 ad
1255 2998 1627 3068 voluptatem,
1647 3010 1740 3056 aut
1762 3002 2012 3073 gloriam,

2117 2985 2269 3065 ’τὰ-δὲ
2293 2985 2428 3081 προς
2451 2985 2723 3084 ἡδονήνίῆ
2756 2985 2932 3081 δόξαν,
3032 2985 3264 3084 τρυφήν,
3290 2985 3505 3069 ἅπαντα
3534 3014 3686 3087 περε-

448 3087 538 3132 aut
571 3080 841 3137 luxuriam
871 3094 1020 3153 sunt,
1054 3089 1237 3143 omnia
1277 3089 1415 3146 dele.

1007 3198 1234 3256 CAPUT
1270 3203 1455 3259 XLVI.

517 3282 572 3338 Si
599 3288 718 3356 quis
749 3288 850 3343 tibi
897 3292 1315 3362 renuntiaverit,
1357 3298 1499 3367 quod
1546 3300 1818 3369 quispiam
1869 3303 1937 3357 de
1966 3311 2017 3357 te

451 3376 589 3429 male
616 3376 775 3442 dicit,
802 3393 895 3434 ene
923 3394 1153 3438 excuses
1181 3399 1275 3449 ea,
1310 3401 1432 3453 quae
1459 3388 1525 3441 de
1562 3399 1613 3442 te
1650 3390 1794 3443 dicta
1846 3400 2016 3460 sunt,

447 3466 543 3519 sed
575 3468 872 3537 responde,
911 3473 1056 3540 quod
1088 3473 1308 3542 Ignorat
1342 3477 1468 3542 alia,
1505 3494 1629 3548 quae
1661 3481 1793 3535 mihi
1829 3482 2018 3539 insunt

448 3559 628 3626 mala;
665 3561 905 3629 alioquin
937 3579 1047 3619 non
1080 3567 1196 3621 sola
1232 3567 1356 3648 haec,
1376 3571 1597 3627 diceret.

993 3674 1222 3740 CAPUT
1260 3678 1467 3737 XLVII.

518 3762 635 3817 Non
675 3773 758 3819 est
789 3764 1084 3824 honestum
1123 3771 1178 3825 in
1228 3773 1500 3830 theatrum
1545 3778 1786 3846 prodire,
1838 3798 2016 3854 neque

450 3858 513 3907 ad
546 3857 756 3926 aliquos
787 3860 1087 3918 audiendos
1125 3873 1360 3931 temere,
1408 3877 1503 3923 aut
1533 3869 1691 3926 facile
1719 3872 2011 3943 devenias;

448 3948 529 4000 FI'l
559 3956 739 4004 autem
772 3955 1109 4021 accesseris,
1152 3957 1367 4013 custodi
1419 3961 1758 4031 gravitatem,
1798 3971 1853 4019 et
1883 3980 2016 4021 con-

449 4042 726 4111 stantiam,
762 4043 1036 4116 simulque
1067 4061 1218 4116 cave,
1256 4064 1327 4105 ne
1358 4050 1521 4106 alicui
1548 4052 1624 4106 sis
1654 4068 1941 4111 onerosus.

979 4158 1207 4219 CAP-UT
1245 4161 1479 4218 XLVIII.

520 4270 656 4325 Cum
717 4272 962 4328 futurum
1012 4277 1086 4332 sit
1141 4289 1201 4331 ut
1250 4292 1510 4333 occurras
1565 4281 1727 4335 alicui
1780 4299 2012 4350 eorum,

2118 3120 2316 3179 ¹γραεφε.

2168 3234 2171 3237 -
2680 3219 2932 3273 ΚΕΦΑΛ.
2975 3220 3127 3286 Mq".

2102 3355 2109 3360 .
2201 3306 2325 3361 Ἐἀν
2347 3308 2430 3371 τίς
2479 3325 2559 3360 σοι
2607 3306 2925 3379 ἀπαγγέλλῃ
2954 3308 3034 3361 ὅτι
3063 3310 3091 3360 ό
3117 3306 3266 3363 δεῖνά
3298 3324 3358 3360 σε
3390 3305 3572 3369 κακῶς
3598 3305 3686 3361 li-

2119 3417 2225 3467 γει,
2260 3398 2335 3470 μὴ
2366 3399 2633 3469 ἀπολογοῦ
2665 3399 2801 3469 πρὸς
2827 3399 2896 3452 τά
2927 3399 3208 3469 λεχθέντα,
3233 3398 3347 3453 ἀλλ’
3373 3398 3683 3466 ἀποκρίνου,

2116 3491 2249 3544 διότι
2292 3491 2476 3561 ἠγνόει
2514 3491 2580 3545 τὰ
2612 3491 2746 3545 ἄλλα
2781 3491 2850 3545 τά
2876 3491 3148 3560 προσόντα
3178 3506 3267 3560 μοι
3286 3490 3448 3544 κακά’
3474 3490 3595 3544 ἐπεὶ
3626 3488 3685 3543 ού

2118 3579 2220 3634 κᾶν
2252 3580 2426 3643 ταῦτα
2452 3582 2588 3652 μόνα
2628 3581 2830 3651 ἔλεγεν.

2700 3692 2949 3744 ΚΕΦΑΛ.
2981 3691 3114 3745 ΜΖ’.

2188 3783 2262 3834 Οὐ
2305 3782 2465 3835 καλὸν
2502 3782 2566 3836 τὸ
2613 3782 2868 3852 παριέναι
2909 3783 2990 3845 εἰς
3029 3780 3276 3851 θέατρον,
3317 3783 3399 3844 εἰς
3425 3779 3683 3851 ἀκρόασίν

2115 3890 2298 3937 τινων,
2351 3873 2424 3942 μὴ
2465 3876 2610 3943 εἰκῆ,
2656 3874 2795 3943 μήτε
2834 3873 3029 3943 ῥᾳδίως
3078 3872 3268 3942 πάριθι
3303 3888 3320 3904 ο
3375 3871 3586 3942 παριὼν
3629 3870 3684 3924 δὲ

2116 3966 2176 4019 τὸ
2210 3966 2425 4034 σεμνὸν,
2457 3967 2550 4019 καὶ
2583 3965 2645 4018 τὸ
2673 3964 2955 4030 εὐσταθὲς,
2998 3964 3094 4023 καὶ
3121 3964 3237 4035 ἅμα
3262 3963 3563 4034 ἀνεπαχθὲς
3590 3964 3685 4032 φύ-

2117 4053 2299 4108 λασσε.

2685 4166 2937 4222 ΚΕΦΑΛ.
2970 4167 3111 4222 MH'.

2190 4277 2359 4330 Ὅταν
2405 4276 2511 4329 τινὶ
2556 4275 2753 4349 μέλλῃς
2801 4276 3148 4347 συμϐάλλειν,
3207 4278 3440 4347 μάλιστα
3480 4278 3584 4331 τῶν
3629 4278 3682 4329 ὲν

450 4361 688 4416 maxime
716 4364 810 4431 qui
850 4363 923 4418 ob
950 4366 1307 4421 eminentiam
1348 4379 1478 4423 sunt
1516 4370 1699 4439 aliqua
1735 4374 2016 4430 existima-

2121 4370 2362 4442 ὑπεροχῇ
2410 4367 2728 4432 δοκούντων,
2766 4367 3005 4438 πρόϐαλε
3044 4368 3260 4438 σεαυτῷ
3285 4370 3339 4422 τί
3372 4370 3437 4423 ἂν
3467 4368 3681 4436 ἐποίησέ

450 4451 617 4519 tione,
666 4467 911 4523 propone
947 4455 1046 4509 tibi
1076 4456 1178 4525 ipsi
1210 4458 1469 4527 quidnam
1500 4458 1693 4515 fecerit
1728 4463 1925 4534 aliquis
1953 4482 2019 4521 ex

449 4542 582 4598 viris
621 4543 820 4599 virtute
851 4545 1115 4614 praeditis,
1155 4547 1345 4617 sicque
1378 4564 1485 4604 non
1526 4550 1796 4623 indigebis
1835 4556 2023 4621 modo,

448 4650 562 4703 quo
588 4636 845 4691 decenter
873 4647 926 4691 te
954 4651 1111 4707 geras
1151 4637 1205 4692 in
1240 4654 1300 4694 re
1328 4652 1669 4699 occurrente.

1010 4748 1238 4815 CAPUT
1275 4748 1459 4804 XLIX.

519 4861 750 4930 Quando
778 4863 844 4921 ad
890 4862 1125 4933 aliquem
1168 4864 1402 4920 ventitas
1452 4880 1516 4920 ex
1568 4866 1637 4921 iis
1687 4867 1781 4937 qui
1824 4883 2020 4938 magna

451 4962 711 5028 praestant
755 4963 1053 5024 potestate,
1091 4955 1188 5010 tibi
1221 4956 1324 5025 ipsi
1359 4954 1524 5037 346
1559 4971 1820 5027 propone,
1876 4957 2021 5028 quod

450 5058 572 5098 eum
624 5060 731 5099 non
790 5047 1037 5107 invenies
1074 5048 1258 5115 intus,
1313 5050 1458 5117 quod
1495 5047 1835 5114 cxcluderis,
1877 5049 2021 5118 quod

457 5142 549 5194 tibi
584 5141 730 5197 fores
768 5145 1135 5211 excutientur,
1179 5143 1325 5215 quod
1357 5143 1405 5199 is
1441 5144 1507 5198 de
1538 5154 1588 5197 te
1636 5156 1743 5195 non
1774 5142 2019 5209 curabit;

456 5234 613 5301 sique
640 5234 789 5302 ipsos
847 5236 1137 5290 convenire
1176 5234 1341 5290 fuerit
1375 5243 1826 5299 consentaneum,
1867 5250 2023 5289 acce-

453 5324 590 5379 dens
625 5324 816 5390 tolera,
855 5342 977 5395 qua:
1006 5326 1183 5389 ﬁunt,
1226 5336 1280 5381 et
1330 5340 1599 5396 nusquam
1629 5326 1778 5380 dicas
1811 5325 1925 5395 ipse
1954 5327 2023 5387 ad

456 5416 691 5483 teipsum
727 5434 738 5469 :
768 5416 881 5486 Ego
935 5430 1042 5470 non
1098 5417 1234 5470 tanti
1286 5417 1560 5483 acstimor;
1611 5415 1664 5471 id
1713 5416 1858 5469 cnim
1909 5418 2024 5485 ple-

460 5508 640 5559 beium
692 5517 814 5574 est,
864 5524 928 5566 ac
979 5509 1168 5569 tritum
1212 5508 1365 5583 jam,
1418 5519 1471 5565 et
1514 5510 1789 5579 vulgatum
1846 5506 2024 5578 quoad

460 5596 749 5657 exteriora.

2118 4478 2203 4523 τις
2226 4459 2334 4512 τῶν
2359 4457 2648 4528 ὲναρέτων,
2692 4459 2785 4510 καὶ
2813 4458 2914 4511 οὐκ
2946 4458 3243 4529 ἀπορήσεις
3264 4457 3357 4511 τοῦ
3388 4456 3681 4529 χρήσασθαι

2119 4553 2501 4632 προσηκόντως
2524 4553 2600 4623 τῷ
2622 4552 2932 4623 ἐμπεσόντι.

2699 4757 2949 4812 ΚΕΦΑΛ.
2977 4757 3108 4811 MG'.

2195 4873 2363 4926 Ὅταν
2413 4873 2602 4942 φοιτᾷς
2643 4871 2779 4942 πρός
2830 4888 2954 4925 τινα
2998 4869 3106 4925 τῶν
3165 4869 3309 4940 μέγα
3361 4867 3677 4938 δυναμένων.

2122 4966 2362 5036 πρόδαλε
2392 4965 2603 5035 σεαυτῷ
2627 5005 2642 5031 ,
2672 4964 2753 5017 ὅτι
2794 4963 2891 5033 οὐχ
2923 4964 3175 5033 εὑρήσεις
3207 4962 3367 5018 αὐτὸν
3393 4960 3535 5014 ἔνδον
3558 5001 3571 5024 ,
3606 4959 3679 5013 ὅτι

2123 5056 2548 5127 ἀποκλεισθήσῃ,
2587 5057 2668 5109 ὅτι
2691 5053 3159 5125 ὲντιναχθήσονται
3183 5069 3264 5106 σοι
3298 5054 3353 5105 αἱ
3384 5051 3576 5120 θύραι,
3603 5049 3679 5101 ὃτι

2122 5148 2182 5202 οὐ
2214 5151 2457 5217 φροντιεῖ
2472 5165 2587 5211 σου,
2611 5148 2711 5201 κᾶν
2736 5148 2830 5200 σὺν
2849 5146 3030 5207 αὐτοῖς
3059 5144 3232 5198 ἐλθεῖν
3266 5142 3500 5212 καθήκῃ,
3524 5136 3679 5192 ἐλθὼν

2124 5239 2256 5310 φέρε
2291 5240 2361 5293 τά
2392 5238 2676 5309 γενόμενα,
2714 5238 2806 5291 καὶ
2838 5236 3106 5307 μηδέποτε
3154 5236 3312 5305 εἴπῃς
3358 5232 3519 5295 αὐτὸς
3554 5229 3679 5298 arpi):

2122 5331 2334 5395 ἑαυτὸν,
2365 5331 2447 5384 ὃτι
2479 5332 2579 5384 οὐκ
2606 5326 2672 5401 ἦν
2699 5327 2975 5383 τοσούτου·
3008 5326 3272 5382 ἰδιωτικὸν
3299 5325 3428 5396 γὰρ,
3464 5324 3556 5379 καὶ
3577 5320 3681 5381 δια·

2125 5422 2457 5495 ϐεϐλημένον
2490 5423 2624 5493 πρὸς
2644 5421 2712 5475 τά
2741 5420 2918 5484 ἐκτός.
