  <div class='ocr_page' id='page_1' title='image "/cluster/home/n/w/nwhite01/storage/ocr_20150623/79/mdp.39015051890492/680.png"; bbox 0 0 4066 6146; ppageno 0'>
   <div class='ocr_carea' id='block_1_1' title="bbox 375 275 3623 391">
    <p class='ocr_par' dir='ltr' id='par_1_1' title="bbox 375 275 3623 391">
     <span class='ocr_line' id='line_1_1' title="bbox 375 275 3623 391; baseline 0.015 -48"><span class='ocrx_word' id='word_1_1' title='bbox 375 275 515 345; x_wconf 81' lang='lat'><strong>1305</strong></span> <span class='ocrx_word' id='word_1_2' title='bbox 1631 275 1973 364; x_wconf 81' lang='lat' dir='ltr'>EPICTETI</span> <span class='ocrx_word' id='word_1_3' title='bbox 2011 304 2393 373; x_wconf 79' lang='lat' dir='ltr'><strong>MANUALE.</strong></span> <span class='ocrx_word' id='word_1_4' title='bbox 3484 325 3623 391; x_wconf 75' lang='lat' dir='ltr'><strong>I306</strong></span> 
     </span>
    </p>
   </div>
   <div class='ocr_carea' id='block_1_2' title="bbox 970 402 1947 487">
    <p class='ocr_par' dir='ltr' id='par_1_2' title="bbox 970 402 1679 460">
     <span class='ocr_line' id='line_1_2' title="bbox 970 402 1679 460; baseline 0.017 -6"><span class='ocrx_word' id='word_1_5' title='bbox 970 402 1218 457; x_wconf 80' lang='grc' dir='ltr'><strong>ΚΕΦΑΛ.</strong></span> <span class='ocrx_word' id='word_1_6' title='bbox 1272 407 1352 460; x_wconf 87' lang='lat' dir='ltr'><strong>N&#39;.</strong></span> <span class='ocrx_word' id='word_1_7' title='bbox 1671 442 1679 448; x_wconf 92' lang='lat'><strong>-</strong></span> 
     </span>
    </p>
   </div>
   <div class='ocr_carea' id='block_1_3' title="bbox 2045 402 2997 487">
    <p class='ocr_par' dir='ltr' id='par_1_3' title="bbox 2669 429 2997 487">
     <span class='ocr_line' id='line_1_3' title="bbox 2669 429 2997 487; baseline 0.018 -6"><span class='ocrx_word' id='word_1_8' title='bbox 2669 429 2894 487; x_wconf 74' lang='lat' dir='ltr'>CAPUT</span> <span class='ocrx_word' id='word_1_9' title='bbox 2933 432 2997 487; x_wconf 88' lang='lat' dir='ltr'><strong>L.</strong></span> 
     </span>
    </p>
   </div>
   <div class='ocr_carea' id='block_1_4' title="bbox 450 508 1947 621">
    <p class='ocr_par' dir='ltr' id='par_1_4' title="bbox 450 508 1947 584">
     <span class='ocr_line' id='line_1_4' title="bbox 450 508 1947 584; baseline 0.015 -23"><span class='ocrx_word' id='word_1_10' title='bbox 450 508 539 562; x_wconf 85' lang='grc' dir='ltr'>Ἐν</span> <span class='ocrx_word' id='word_1_11' title='bbox 591 513 712 576; x_wconf 83' lang='grc' dir='ltr'>ταῖς</span> <span class='ocrx_word' id='word_1_12' title='bbox 763 512 998 584; x_wconf 82' lang='grc' dir='ltr'><strong>ὁμιλίαις</strong></span> <span class='ocrx_word' id='word_1_13' title='bbox 1054 517 1274 571; x_wconf 87' lang='grc' dir='ltr'>ἀπέστω</span> <span class='ocrx_word' id='word_1_14' title='bbox 1326 521 1386 573; x_wconf 88' lang='grc' dir='ltr'><strong>τὸ</strong></span> <span class='ocrx_word' id='word_1_15' title='bbox 1446 523 1553 576; x_wconf 86' lang='grc' dir='ltr'><strong>τῶν</strong></span> <span class='ocrx_word' id='word_1_16' title='bbox 1606 526 1770 580; x_wconf 76' lang='grc' dir='ltr'>αὑτοῦ</span> <span class='ocrx_word' id='word_1_17' title='bbox 1831 547 1947 583; x_wconf 88' lang='grc' dir='ltr'>τινα</span> 
     </span>
    </p>
   </div>
   <div class='ocr_carea' id='block_1_5' title="bbox 2045 508 3613 621">
    <p class='ocr_par' dir='ltr' id='par_1_5' title="bbox 2120 536 3613 621">
     <span class='ocr_line' id='line_1_5' title="bbox 2120 536 3613 621; baseline 0.012 -32"><span class='ocrx_word' id='word_1_18' title='bbox 2120 536 2175 590; x_wconf 89' lang='lat' dir='ltr'><strong>ln</strong></span> <span class='ocrx_word' id='word_1_19' title='bbox 2207 540 2495 608; x_wconf 81' lang='lat' dir='ltr'><strong>colloquiis</strong></span> <span class='ocrx_word' id='word_1_20' title='bbox 2537 542 2897 599; x_wconf 82' lang='lat' dir='ltr'><strong>familiaribus</strong></span> <span class='ocrx_word' id='word_1_21' title='bbox 2942 547 3120 610; x_wconf 86' lang='lat' dir='ltr'><strong>absit,</strong></span> <span class='ocrx_word' id='word_1_22' title='bbox 3169 554 3229 600; x_wconf 77' lang='lat' dir='ltr'><strong>ut</strong></span> <span class='ocrx_word' id='word_1_23' title='bbox 3273 549 3613 621; x_wconf 87' lang='lat' dir='ltr'><strong>plerumque,</strong></span> 
     </span>
    </p>
   </div>
   <div class='ocr_carea' id='block_1_6' title="bbox 370 599 1947 709">
    <p class='ocr_par' dir='ltr' id='par_1_6' title="bbox 370 599 1947 689">
     <span class='ocr_line' id='line_1_6' title="bbox 370 599 1947 689; baseline 0.013 -38"><span class='ocrx_word' id='word_1_24' title='bbox 370 599 569 669; x_wconf 79' lang='grc' dir='ltr'>ἔργων,</span> <span class='ocrx_word' id='word_1_25' title='bbox 604 602 702 654; x_wconf 78' lang='grc' dir='ltr'>καὶ</span> <span class='ocrx_word' id='word_1_26' title='bbox 740 604 998 657; x_wconf 82' lang='grc' dir='ltr'><strong>κινδύνων</strong></span> <span class='ocrx_word' id='word_1_27' title='bbox 1028 607 1120 658; x_wconf 82' lang='grc' dir='ltr'><strong>ἐπὶ</strong></span> <span class='ocrx_word' id='word_1_28' title='bbox 1155 608 1316 672; x_wconf 78' lang='grc' dir='ltr'>πολὺ,</span> <span class='ocrx_word' id='word_1_29' title='bbox 1344 611 1439 664; x_wconf 81' lang='grc' dir='ltr'>καὶ</span> <span class='ocrx_word' id='word_1_30' title='bbox 1466 613 1719 685; x_wconf 85' lang='grc' dir='ltr'><strong>ἀμέτρως</strong></span> <span class='ocrx_word' id='word_1_31' title='bbox 1750 621 1947 689; x_wconf 82' lang='grc' dir='ltr'>μεμνῆ-</span> 
     </span>
    </p>
   </div>
   <div class='ocr_carea' id='block_1_7' title="bbox 2045 599 3616 709">
    <p class='ocr_par' dir='ltr' id='par_1_7' title="bbox 2050 599 3616 709">
     <span class='ocr_line' id='line_1_7' title="bbox 2369 599 3613 621; baseline 0.013 -18"><span class='ocrx_word' id='word_1_32' title='bbox 2369 599 2381 608; x_wconf 92' lang='grc'><strong>,</strong></span> <span class='ocrx_word' id='word_1_33' title='bbox 3071 599 3118 610; x_wconf 42' lang='grc' dir='ltr'>κ.</span> <span class='ocrx_word' id='word_1_34' title='bbox 3216 599 3223 600; x_wconf 44' lang='grc' dir='ltr'><em>κ</em></span> <span class='ocrx_word' id='word_1_35' title='bbox 3274 599 3613 621; x_wconf 59' lang='grc' dir='ltr'><strong>τ--η---ηι-ν.</strong></span> 
     </span>
     <span class='ocr_line' id='line_1_8' title="bbox 2050 629 3616 709; baseline 0.011 -29"><span class='ocrx_word' id='word_1_36' title='bbox 2050 642 2114 682; x_wconf 89' lang='lat' dir='ltr'><strong>ac</strong></span> <span class='ocrx_word' id='word_1_37' title='bbox 2151 629 2441 685; x_wconf 74' lang='lat' dir='ltr'><strong>immodice</strong></span> <span class='ocrx_word' id='word_1_38' title='bbox 2470 633 2650 702; x_wconf 89' lang='lat' dir='ltr'><strong>aliqua</strong></span> <span class='ocrx_word' id='word_1_39' title='bbox 2696 650 2726 687; x_wconf 88' lang='lat' dir='ltr'><strong>e</strong></span> <span class='ocrx_word' id='word_1_40' title='bbox 2772 637 2878 689; x_wconf 91' lang='lat' dir='ltr'><strong>tuis</strong></span> <span class='ocrx_word' id='word_1_41' title='bbox 2928 637 3205 705; x_wconf 75' lang='lat' dir='ltr'><strong>operibus,</strong></span> <span class='ocrx_word' id='word_1_42' title='bbox 3244 653 3309 692; x_wconf 84' lang='lat' dir='ltr'><strong>ac</strong></span> <span class='ocrx_word' id='word_1_43' title='bbox 3361 644 3616 709; x_wconf 84' lang='lat' dir='ltr'><strong>periculis</strong></span> 
     </span>
    </p>
   </div>
   <div class='ocr_carea' id='block_1_8' title="bbox 372 694 1947 801">
    <p class='ocr_par' dir='ltr' id='par_1_8' title="bbox 372 694 1947 780">
     <span class='ocr_line' id='line_1_9' title="bbox 372 694 1947 780; baseline 0.013 -35"><span class='ocrx_word' id='word_1_44' title='bbox 372 694 496 747; x_wconf 83' lang='grc' dir='ltr'>σοαι</span> <span class='ocrx_word' id='word_1_45' title='bbox 515 712 530 725; x_wconf 88' lang='grc'><strong>·</strong></span> <span class='ocrx_word' id='word_1_46' title='bbox 569 695 631 747; x_wconf 82' lang='grc' dir='ltr'>οὐ</span> <span class='ocrx_word' id='word_1_47' title='bbox 661 697 768 767; x_wconf 87' lang='grc' dir='ltr'>γὰρ</span> <span class='ocrx_word' id='word_1_48' title='bbox 795 697 868 760; x_wconf 84' lang='grc' dir='ltr'>ὥς</span> <span class='ocrx_word' id='word_1_49' title='bbox 901 714 980 750; x_wconf 92' lang='grc' dir='ltr'><strong>σοι</strong></span> <span class='ocrx_word' id='word_1_50' title='bbox 1002 699 1100 770; x_wconf 80' lang='grc' dir='ltr'>ἡδύ</span> <span class='ocrx_word' id='word_1_51' title='bbox 1134 703 1250 754; x_wconf 81' lang='grc' dir='ltr'>ἐστι</span> <span class='ocrx_word' id='word_1_52' title='bbox 1281 703 1389 756; x_wconf 90' lang='grc' dir='ltr'><strong>τῶν</strong></span> <span class='ocrx_word' id='word_1_53' title='bbox 1420 706 1527 760; x_wconf 89' lang='grc' dir='ltr'><strong>σῶν</strong></span> <span class='ocrx_word' id='word_1_54' title='bbox 1556 708 1815 763; x_wconf 79' lang='grc' dir='ltr'>κινδύνων</span> <span class='ocrx_word' id='word_1_55' title='bbox 1855 729 1947 780; x_wconf 87' lang='grc' dir='ltr'>με-</span> 
     </span>
    </p>
   </div>
   <div class='ocr_carea' id='block_1_9' title="bbox 2045 694 3616 801">
    <p class='ocr_par' dir='ltr' id='par_1_9' title="bbox 2049 725 3616 801">
     <span class='ocr_line' id='line_1_10' title="bbox 2049 725 3616 801; baseline 0.011 -30"><span class='ocrx_word' id='word_1_56' title='bbox 2049 733 2478 786; x_wconf 80' lang='lat' dir='ltr'><strong>commemores;</strong></span> <span class='ocrx_word' id='word_1_57' title='bbox 2515 738 2613 777; x_wconf 91' lang='lat' dir='ltr'><strong>nec</strong></span> <span class='ocrx_word' id='word_1_58' title='bbox 2662 725 2806 778; x_wconf 89' lang='lat' dir='ltr'><strong>enim</strong></span> <span class='ocrx_word' id='word_1_59' title='bbox 2843 726 2964 781; x_wconf 88' lang='lat' dir='ltr'><strong>aliis</strong></span> <span class='ocrx_word' id='word_1_60' title='bbox 2996 737 3080 782; x_wconf 91' lang='lat' dir='ltr'><strong>est</strong></span> <span class='ocrx_word' id='word_1_61' title='bbox 3122 728 3315 793; x_wconf 86' lang='lat' dir='ltr'><strong>dulce,</strong></span> <span class='ocrx_word' id='word_1_62' title='bbox 3359 747 3480 801; x_wconf 73' lang='lat' dir='ltr'><strong>quae</strong></span> <span class='ocrx_word' id='word_1_63' title='bbox 3521 734 3616 788; x_wconf 91' lang='lat' dir='ltr'><strong>tibi</strong></span> 
     </span>
    </p>
   </div>
   <div class='ocr_carea' id='block_1_10' title="bbox 373 784 1947 883">
    <p class='ocr_par' dir='ltr' id='par_1_10' title="bbox 373 784 1947 871">
     <span class='ocr_line' id='line_1_11' title="bbox 373 784 1947 871; baseline 0.011 -34"><span class='ocrx_word' id='word_1_64' title='bbox 373 784 630 853; x_wconf 83' lang='grc' dir='ltr'>μνῆσθαι,</span> <span class='ocrx_word' id='word_1_65' title='bbox 656 786 798 840; x_wconf 80' lang='grc' dir='ltr'>οὕτω</span> <span class='ocrx_word' id='word_1_66' title='bbox 828 789 1049 853; x_wconf 78' lang='grc' dir='ltr'>καὶτοῖς</span> <span class='ocrx_word' id='word_1_67' title='bbox 1075 791 1256 856; x_wconf 80' lang='grc' dir='ltr'>ἄλλοις</span> <span class='ocrx_word' id='word_1_68' title='bbox 1276 794 1373 865; x_wconf 82' lang='grc' dir='ltr'>ἡδύ</span> <span class='ocrx_word' id='word_1_69' title='bbox 1404 797 1517 848; x_wconf 70' lang='grc' dir='ltr'>ἐστι</span> <span class='ocrx_word' id='word_1_70' title='bbox 1548 797 1659 850; x_wconf 90' lang='grc' dir='ltr'><strong>τῶν</strong></span> <span class='ocrx_word' id='word_1_71' title='bbox 1699 816 1782 852; x_wconf 88' lang='grc' dir='ltr'><strong>σοι</strong></span> <span class='ocrx_word' id='word_1_72' title='bbox 1810 818 1947 871; x_wconf 90' lang='grc' dir='ltr'>συμ-</span> 
     </span>
    </p>
   </div>
   <div class='ocr_carea' id='block_1_11' title="bbox 2045 784 3689 883">
    <p class='ocr_par' dir='ltr' id='par_1_11' title="bbox 2051 784 3689 883">
     <span class='ocr_line' id='line_1_12' title="bbox 2051 784 3689 883; baseline 0.01 -21"><span class='ocrx_word' id='word_1_73' title='bbox 2051 810 2399 878; x_wconf 81' lang='lat' dir='ltr'><strong>contigerunt</strong></span> <span class='ocrx_word' id='word_1_74' title='bbox 2444 813 2633 866; x_wconf 87' lang='lat' dir='ltr'><strong>audire</strong></span> <span class='ocrx_word' id='word_1_75' title='bbox 2683 813 3017 883; x_wconf 89' lang='lat' dir='ltr'><strong>frequenter,</strong></span> <span class='ocrx_word' id='word_1_76' title='bbox 3063 826 3123 873; x_wconf 90' lang='lat' dir='ltr'><strong>ut</strong></span> <span class='ocrx_word' id='word_1_77' title='bbox 3170 833 3336 874; x_wconf 88' lang='lat' dir='ltr'><strong>suave</strong></span> <span class='ocrx_word' id='word_1_78' title='bbox 3370 784 3469 877; x_wconf 33' lang='lat' dir='ltr'><strong>test</strong></span> <span class='ocrx_word' id='word_1_79' title='bbox 3520 823 3616 877; x_wconf 89' lang='lat' dir='ltr'><strong>tibi</strong></span> <span class='ocrx_word' id='word_1_80' title='bbox 3678 828 3689 839; x_wconf 86' lang='lat'><strong>&#39;</strong></span> 
     </span>
    </p>
   </div>
   <div class='ocr_carea' id='block_1_12' title="bbox 369 873 1947 971">
    <p class='ocr_par' dir='ltr' id='par_1_12' title="bbox 369 873 1186 945">
     <span class='ocr_line' id='line_1_13' title="bbox 369 873 1186 945; baseline 0.013 -20"><span class='ocrx_word' id='word_1_81' title='bbox 369 873 681 945; x_wconf 73' lang='grc' dir='ltr'>ϐεϐηκότων</span> <span class='ocrx_word' id='word_1_82' title='bbox 710 878 925 942; x_wconf 84' lang='grc' dir='ltr'>πυκνῶς</span> <span class='ocrx_word' id='word_1_83' title='bbox 945 880 1186 936; x_wconf 79' lang='grc' dir='ltr'><strong>ἀκούειν.</strong></span> 
     </span>
    </p>
   </div>
   <div class='ocr_carea' id='block_1_13' title="bbox 2045 873 3031 971">
    <p class='ocr_par' dir='ltr' id='par_1_13' title="bbox 2051 902 3031 971">
     <span class='ocr_line' id='line_1_14' title="bbox 2051 902 3031 971; baseline 0.01 -19"><span class='ocrx_word' id='word_1_84' title='bbox 2051 908 2268 955; x_wconf 87' lang='lat' dir='ltr'><strong>tuorum</strong></span> <span class='ocrx_word' id='word_1_85' title='bbox 2299 902 2667 971; x_wconf 83' lang='lat' dir='ltr'><strong>periculorum</strong></span> <span class='ocrx_word' id='word_1_86' title='bbox 2702 906 3031 962; x_wconf 88' lang='lat' dir='ltr'><strong>meminisse.</strong></span> 
     </span>
    </p>
   </div>
   <div class='ocr_carea' id='block_1_14' title="bbox 950 993 1947 1075">
    <p class='ocr_par' dir='ltr' id='par_1_14' title="bbox 950 993 1363 1051">
     <span class='ocr_line' id='line_1_15' title="bbox 950 993 1363 1051; baseline 0.017 -7"><span class='ocrx_word' id='word_1_87' title='bbox 950 993 1201 1048; x_wconf 82' lang='grc' dir='ltr'><strong>ΚΕΦΔΛ.</strong></span> <span class='ocrx_word' id='word_1_88' title='bbox 1238 997 1363 1051; x_wconf 83' lang='lat' dir='ltr'><strong>NA’.</strong></span> 
     </span>
    </p>
   </div>
   <div class='ocr_carea' id='block_1_15' title="bbox 2045 993 3012 1075">
    <p class='ocr_par' dir='ltr' id='par_1_15' title="bbox 2660 1015 3012 1075">
     <span class='ocr_line' id='line_1_16' title="bbox 2660 1015 3012 1075; baseline 0.009 -4"><span class='ocrx_word' id='word_1_89' title='bbox 2660 1015 2887 1072; x_wconf 86' lang='lat' dir='ltr'><strong>CAPUT</strong></span> <span class='ocrx_word' id='word_1_90' title='bbox 2926 1017 3012 1075; x_wconf 91' lang='lat' dir='ltr'><strong>LI.</strong></span> 
     </span>
    </p>
   </div>
   <div class='ocr_carea' id='block_1_16' title="bbox 452 1097 1947 1196">
    <p class='ocr_par' dir='ltr' id='par_1_16' title="bbox 452 1097 1947 1184">
     <span class='ocr_line' id='line_1_17' title="bbox 452 1097 1947 1184; baseline 0.012 -35"><span class='ocrx_word' id='word_1_91' title='bbox 452 1097 697 1152; x_wconf 84' lang='grc' dir='ltr'>Ἀπέστω</span> <span class='ocrx_word' id='word_1_92' title='bbox 723 1100 781 1153; x_wconf 83' lang='grc' dir='ltr'><strong>δὲ</strong></span> <span class='ocrx_word' id='word_1_93' title='bbox 830 1104 926 1156; x_wconf 72' lang='grc' dir='ltr'><strong>καὶ</strong></span> <span class='ocrx_word' id='word_1_94' title='bbox 966 1104 1027 1157; x_wconf 82' lang='grc' dir='ltr'>τὸ</span> <span class='ocrx_word' id='word_1_95' title='bbox 1056 1106 1266 1173; x_wconf 79' lang='grc' dir='ltr'>γέλωτα</span> <span class='ocrx_word' id='word_1_96' title='bbox 1294 1113 1486 1175; x_wconf 82' lang='grc' dir='ltr'>κινεῖν,</span> <span class='ocrx_word' id='word_1_97' title='bbox 1528 1112 1814 1183; x_wconf 85' lang='grc' dir='ltr'>ὀλισθηρὸς</span> <span class='ocrx_word' id='word_1_98' title='bbox 1839 1113 1947 1184; x_wconf 82' lang='grc' dir='ltr'><strong>γὰρ</strong></span> 
     </span>
    </p>
   </div>
   <div class='ocr_carea' id='block_1_17' title="bbox 2045 1097 3618 1196">
    <p class='ocr_par' dir='ltr' id='par_1_17' title="bbox 2121 1126 3618 1196">
     <span class='ocr_line' id='line_1_18' title="bbox 2121 1126 3618 1196; baseline 0.009 -16"><span class='ocrx_word' id='word_1_99' title='bbox 2121 1126 2225 1181; x_wconf 88' lang='lat' dir='ltr'><strong>Sed</strong></span> <span class='ocrx_word' id='word_1_100' title='bbox 2279 1130 2441 1182; x_wconf 83' lang='lat' dir='ltr'><strong>etiam</strong></span> <span class='ocrx_word' id='word_1_101' title='bbox 2498 1130 2662 1196; x_wconf 88' lang='lat' dir='ltr'><strong>absit,</strong></span> <span class='ocrx_word' id='word_1_102' title='bbox 2722 1140 2783 1185; x_wconf 88' lang='lat' dir='ltr'><strong>ut</strong></span> <span class='ocrx_word' id='word_1_103' title='bbox 2839 1132 3011 1187; x_wconf 88' lang='lat' dir='ltr'><strong>risum</strong></span> <span class='ocrx_word' id='word_1_104' title='bbox 3074 1148 3472 1191; x_wconf 78' lang='lat' dir='ltr'><strong>commoveas:</strong></span> <span class='ocrx_word' id='word_1_105' title='bbox 3525 1139 3618 1195; x_wconf 82' lang='lat' dir='ltr'><strong>illo</strong></span> 
     </span>
    </p>
   </div>
   <div class='ocr_carea' id='block_1_18' title="bbox 367 1190 1947 1298">
    <p class='ocr_par' dir='ltr' id='par_1_18' title="bbox 367 1190 1947 1276">
     <span class='ocr_line' id='line_1_19' title="bbox 367 1190 1947 1276; baseline 0.01 -35"><span class='ocrx_word' id='word_1_106' title='bbox 367 1192 394 1242; x_wconf 86' lang='grc' dir='ltr'><strong>ό</strong></span> <span class='ocrx_word' id='word_1_107' title='bbox 444 1190 643 1259; x_wconf 83' lang='grc' dir='ltr'>τρόπος</span> <span class='ocrx_word' id='word_1_108' title='bbox 683 1194 764 1256; x_wconf 83' lang='grc' dir='ltr'><strong>είς</strong></span> <span class='ocrx_word' id='word_1_109' title='bbox 810 1195 1097 1263; x_wconf 76' lang='grc' dir='ltr'>ἰδιωτικὸν,</span> <span class='ocrx_word' id='word_1_110' title='bbox 1148 1201 1240 1251; x_wconf 78' lang='grc' dir='ltr'><strong>καὶ</strong></span> <span class='ocrx_word' id='word_1_111' title='bbox 1282 1201 1426 1270; x_wconf 75' lang='grc' dir='ltr'>μάλα</span> <span class='ocrx_word' id='word_1_112' title='bbox 1463 1204 1646 1267; x_wconf 81' lang='grc' dir='ltr'>ἱκανὸς</span> <span class='ocrx_word' id='word_1_113' title='bbox 1673 1204 1772 1276; x_wconf 80' lang='grc' dir='ltr'><strong>τὴν</strong></span> <span class='ocrx_word' id='word_1_114' title='bbox 1817 1204 1947 1258; x_wconf 82' lang='grc' dir='ltr'>αίδὼ</span> 
     </span>
    </p>
   </div>
   <div class='ocr_carea' id='block_1_19' title="bbox 2045 1190 3616 1298">
    <p class='ocr_par' dir='ltr' id='par_1_19' title="bbox 2049 1219 3616 1298">
     <span class='ocr_line' id='line_1_20' title="bbox 2049 1219 3616 1298; baseline 0.008 -27"><span class='ocrx_word' id='word_1_115' title='bbox 2049 1219 2251 1287; x_wconf 90' lang='lat' dir='ltr'><strong>quippe</strong></span> <span class='ocrx_word' id='word_1_116' title='bbox 2294 1220 2489 1275; x_wconf 91' lang='lat' dir='ltr'><strong>modus</strong></span> <span class='ocrx_word' id='word_1_117' title='bbox 2521 1221 2574 1274; x_wconf 92' lang='lat' dir='ltr'><strong>in</strong></span> <span class='ocrx_word' id='word_1_118' title='bbox 2620 1224 2892 1292; x_wconf 79' lang='lat' dir='ltr'><strong>vulgarem</strong></span> <span class='ocrx_word' id='word_1_119' title='bbox 2938 1227 3387 1281; x_wconf 88' lang='lat' dir='ltr'><strong>consuetudinem</strong></span> <span class='ocrx_word' id='word_1_120' title='bbox 3417 1230 3616 1298; x_wconf 85' lang='lat' dir='ltr'><strong>procli-</strong></span> 
     </span>
    </p>
   </div>
   <div class='ocr_carea' id='block_1_20' title="bbox 368 1280 1947 1385">
    <p class='ocr_par' dir='ltr' id='par_1_20' title="bbox 368 1280 1381 1358">
     <span class='ocr_line' id='line_1_21' title="bbox 368 1280 1381 1358; baseline 0.012 -26"><span class='ocrx_word' id='word_1_121' title='bbox 368 1280 462 1350; x_wconf 85' lang='grc' dir='ltr'>τὴν</span> <span class='ocrx_word' id='word_1_122' title='bbox 497 1283 632 1352; x_wconf 73' lang='grc' dir='ltr'>πρὸς</span> <span class='ocrx_word' id='word_1_123' title='bbox 664 1283 722 1336; x_wconf 81' lang='grc' dir='ltr'>σὲ</span> <span class='ocrx_word' id='word_1_124' title='bbox 752 1285 859 1338; x_wconf 88' lang='grc' dir='ltr'><strong>τῶν</strong></span> <span class='ocrx_word' id='word_1_125' title='bbox 894 1287 1119 1358; x_wconf 75' lang='grc' dir='ltr'>πλησίον</span> <span class='ocrx_word' id='word_1_126' title='bbox 1149 1292 1381 1344; x_wconf 86' lang='grc' dir='ltr'>ἀνεῖναι.</span> 
     </span>
    </p>
   </div>
   <div class='ocr_carea' id='block_1_21' title="bbox 2045 1280 3616 1385">
    <p class='ocr_par' dir='ltr' id='par_1_21' title="bbox 2049 1310 3616 1385">
     <span class='ocr_line' id='line_1_22' title="bbox 2049 1310 3616 1385; baseline 0.009 -22"><span class='ocrx_word' id='word_1_127' title='bbox 2049 1310 2132 1366; x_wconf 85' lang='lat' dir='ltr'><strong>vis</strong></span> <span class='ocrx_word' id='word_1_128' title='bbox 2164 1321 2280 1377; x_wconf 90' lang='lat' dir='ltr'><strong>est;</strong></span> <span class='ocrx_word' id='word_1_129' title='bbox 2313 1320 2363 1366; x_wconf 85' lang='lat' dir='ltr'><strong>et</strong></span> <span class='ocrx_word' id='word_1_130' title='bbox 2392 1312 2547 1366; x_wconf 89' lang='lat' dir='ltr'><strong>valde</strong></span> <span class='ocrx_word' id='word_1_131' title='bbox 2576 1313 2805 1370; x_wconf 87' lang='lat' dir='ltr'><strong>idoneus</strong></span> <span class='ocrx_word' id='word_1_132' title='bbox 2843 1316 2912 1370; x_wconf 84' lang='lat' dir='ltr'><strong>ad</strong></span> <span class='ocrx_word' id='word_1_133' title='bbox 2946 1318 3320 1385; x_wconf 84' lang='lat' dir='ltr'><strong>proximorum</strong></span> <span class='ocrx_word' id='word_1_134' title='bbox 3364 1335 3616 1376; x_wconf 89' lang='lat' dir='ltr'><strong>reveren-</strong></span> 
     </span>
    </p>
   </div>
   <div class='ocr_carea' id='block_1_22' title="bbox 2052 1401 3050 1462">
    <p class='ocr_par' dir='ltr' id='par_1_22' title="bbox 2052 1401 3050 1462">
     <span class='ocr_line' id='line_1_23' title="bbox 2052 1401 3050 1462; baseline 0.008 -8"><span class='ocrx_word' id='word_1_135' title='bbox 2052 1402 2181 1455; x_wconf 82' lang='lat' dir='ltr'><strong>tiam</strong></span> <span class='ocrx_word' id='word_1_136' title='bbox 2216 1401 2310 1457; x_wconf 89' lang='lat' dir='ltr'><strong>tibi</strong></span> <span class='ocrx_word' id='word_1_137' title='bbox 2347 1402 2586 1458; x_wconf 84' lang='lat' dir='ltr'><strong>debitam</strong></span> <span class='ocrx_word' id='word_1_138' title='bbox 2620 1405 3050 1462; x_wconf 80' lang='lat' dir='ltr'><strong>diminuendam.</strong></span> 
     </span>
    </p>
   </div>
   <div class='ocr_carea' id='block_1_23' title="bbox 952 1488 1947 1580">
    <p class='ocr_par' dir='ltr' id='par_1_23' title="bbox 952 1488 1369 1544">
     <span class='ocr_line' id='line_1_24' title="bbox 952 1488 1369 1544; baseline 0.012 -5"><span class='ocrx_word' id='word_1_139' title='bbox 952 1488 1175 1541; x_wconf 74' lang='grc' dir='ltr'>ΚΕΦΑΛ</span> <span class='ocrx_word' id='word_1_140' title='bbox 1188 1530 1201 1544; x_wconf 94' lang='grc'><strong>.</strong></span> <span class='ocrx_word' id='word_1_141' title='bbox 1244 1490 1369 1544; x_wconf 84' lang='lat' dir='ltr'><strong>NB&#39;.</strong></span> 
     </span>
    </p>
   </div>
   <div class='ocr_carea' id='block_1_24' title="bbox 2045 1488 3017 1580">
    <p class='ocr_par' dir='ltr' id='par_1_24' title="bbox 2643 1519 3017 1580">
     <span class='ocr_line' id='line_1_25' title="bbox 2643 1519 3017 1580; baseline 0.019 -7"><span class='ocrx_word' id='word_1_142' title='bbox 2643 1519 2868 1577; x_wconf 83' lang='lat' dir='ltr'><strong>CAPUT</strong></span> <span class='ocrx_word' id='word_1_143' title='bbox 2908 1521 3017 1580; x_wconf 90' lang='lat' dir='ltr'><strong>LII.</strong></span> 
     </span>
    </p>
   </div>
   <div class='ocr_carea' id='block_1_25' title="bbox 452 1591 1943 1675">
    <p class='ocr_par' dir='ltr' id='par_1_25' title="bbox 452 1591 1943 1675">
     <span class='ocr_line' id='line_1_26' title="bbox 452 1591 1943 1675; baseline 0.011 -32"><span class='ocrx_word' id='word_1_144' title='bbox 452 1591 774 1662; x_wconf 83' lang='grc' dir='ltr'>Ἐπισφαλὲς</span> <span class='ocrx_word' id='word_1_145' title='bbox 810 1595 866 1648; x_wconf 79' lang='grc' dir='ltr'><strong>δὲ</strong></span> <span class='ocrx_word' id='word_1_146' title='bbox 900 1597 992 1649; x_wconf 77' lang='grc' dir='ltr'><strong>καὶ</strong></span> <span class='ocrx_word' id='word_1_147' title='bbox 1031 1598 1092 1650; x_wconf 84' lang='grc' dir='ltr'>τὸ</span> <span class='ocrx_word' id='word_1_148' title='bbox 1138 1601 1217 1664; x_wconf 86' lang='grc' dir='ltr'><strong>είς</strong></span> <span class='ocrx_word' id='word_1_149' title='bbox 1256 1602 1634 1672; x_wconf 80' lang='grc' dir='ltr'><strong>αἰσχρολογίαν</strong></span> <span class='ocrx_word' id='word_1_150' title='bbox 1664 1606 1943 1675; x_wconf 80' lang='grc' dir='ltr'>ἐμπεσεῖν·</span> 
     </span>
    </p>
   </div>
   <div class='ocr_carea' id='block_1_26' title="bbox 2120 1627 3610 1709">
    <p class='ocr_par' dir='ltr' id='par_1_26' title="bbox 2120 1627 3610 1709">
     <span class='ocr_line' id='line_1_27' title="bbox 2120 1627 3610 1709; baseline 0.01 -29"><span class='ocrx_word' id='word_1_151' title='bbox 2120 1627 2496 1685; x_wconf 82' lang='lat' dir='ltr'><strong>Periculosum</strong></span> <span class='ocrx_word' id='word_1_152' title='bbox 2528 1639 2612 1687; x_wconf 89' lang='lat' dir='ltr'><strong>est</strong></span> <span class='ocrx_word' id='word_1_153' title='bbox 2645 1634 2808 1688; x_wconf 89' lang='lat' dir='ltr'><strong>etiam</strong></span> <span class='ocrx_word' id='word_1_154' title='bbox 2842 1636 2898 1689; x_wconf 91' lang='lat' dir='ltr'><strong>in</strong></span> <span class='ocrx_word' id='word_1_155' title='bbox 2942 1638 3334 1709; x_wconf 86' lang='lat' dir='ltr'><strong>lurpiloquinm</strong></span> <span class='ocrx_word' id='word_1_156' title='bbox 3362 1640 3610 1709; x_wconf 82' lang='lat' dir='ltr'><strong>prolabi:</strong></span> 
     </span>
    </p>
   </div>
   <div class='ocr_carea' id='block_1_27' title="bbox 370 1681 1947 1768">
    <p class='ocr_par' dir='ltr' id='par_1_27' title="bbox 370 1681 1947 1768">
     <span class='ocr_line' id='line_1_28' title="bbox 370 1681 1947 1768; baseline 0.009 -35"><span class='ocrx_word' id='word_1_157' title='bbox 370 1681 497 1736; x_wconf 85' lang='grc' dir='ltr'>ὅταν</span> <span class='ocrx_word' id='word_1_158' title='bbox 521 1681 613 1737; x_wconf 83' lang='grc' dir='ltr'><strong>οὖν</strong></span> <span class='ocrx_word' id='word_1_159' title='bbox 638 1687 816 1757; x_wconf 78' lang='grc' dir='ltr'>συμϐῇ</span> <span class='ocrx_word' id='word_1_160' title='bbox 848 1706 900 1740; x_wconf 92' lang='grc' dir='ltr'><strong>τι</strong></span> <span class='ocrx_word' id='word_1_161' title='bbox 928 1689 1166 1744; x_wconf 85' lang='grc' dir='ltr'>τοιοῦτον</span> <span class='ocrx_word' id='word_1_162' title='bbox 1198 1692 1292 1745; x_wconf 74' lang='grc' dir='ltr'><strong>ἐὰν</strong></span> <span class='ocrx_word' id='word_1_163' title='bbox 1333 1695 1429 1762; x_wconf 81' lang='grc' dir='ltr'><strong>μὲν</strong></span> <span class='ocrx_word' id='word_1_164' title='bbox 1459 1694 1713 1765; x_wconf 79' lang='grc' dir='ltr'>εὔκαιρον</span> <span class='ocrx_word' id='word_1_165' title='bbox 1811 1736 1824 1759; x_wconf 91' lang='grc'><strong>,</strong></span> <span class='ocrx_word' id='word_1_166' title='bbox 1853 1699 1947 1749; x_wconf 77' lang='grc' dir='ltr'>καὶ</span> 
     </span>
    </p>
   </div>
   <div class='ocr_carea' id='block_1_28' title="bbox 729 1717 3615 1801">
    <p class='ocr_par' dir='ltr' id='par_1_28' title="bbox 729 1717 3615 1801">
     <span class='ocr_line' id='line_1_29' title="bbox 729 1717 3615 1801; baseline 0.008 -45"><span class='ocrx_word' id='word_1_167' title='bbox 729 1717 816 1790; x_wconf 52' lang='grc' dir='ltr'>ἶυιι</span> <span class='ocrx_word' id='word_1_168' title='bbox 848 1717 900 1740; x_wconf 75' lang='grc' dir='ltr'><strong>ἰι</strong></span> <span class='ocrx_word' id='word_1_169' title='bbox 928 1717 1166 1801; x_wconf 41' lang='grc' dir='ltr'>τιίέυςδτυν</span> <span class='ocrx_word' id='word_1_170' title='bbox 1198 1717 1429 1801; x_wconf 44' lang='grc' dir='ltr'>εἶινμμεκς</span> <span class='ocrx_word' id='word_1_171' title='bbox 1459 1717 1729 1801; x_wconf 40' lang='grc' dir='ltr'>ευξαιιςον.</span> <span class='ocrx_word' id='word_1_172' title='bbox 1751 1717 1784 1768; x_wconf 80' lang='grc' dir='ltr'>ῃ</span> <span class='ocrx_word' id='word_1_173' title='bbox 1811 1736 1824 1759; x_wconf 71' lang='grc' dir='ltr'><strong>ν</strong></span> <span class='ocrx_word' id='word_1_174' title='bbox 1853 1717 1947 1749; x_wconf 77' lang='grc' dir='ltr'><strong>και</strong></span> <span class='ocrx_word' id='word_1_175' title='bbox 1980 1745 2024 1801; x_wconf 77' lang='grc' dir='ltr'>Β</span> <span class='ocrx_word' id='word_1_176' title='bbox 2048 1717 2268 1786; x_wconf 81' lang='lat' dir='ltr'><strong>quando</strong></span> <span class='ocrx_word' id='word_1_177' title='bbox 2294 1719 2473 1787; x_wconf 89' lang='lat' dir='ltr'><strong>itaque</strong></span> <span class='ocrx_word' id='word_1_178' title='bbox 2502 1720 2707 1789; x_wconf 89' lang='lat' dir='ltr'><strong>aliquid</strong></span> <span class='ocrx_word' id='word_1_179' title='bbox 2739 1721 3048 1790; x_wconf 73' lang='lat' dir='ltr'><strong>huiusmodi</strong></span> <span class='ocrx_word' id='word_1_180' title='bbox 3074 1724 3397 1794; x_wconf 75' lang='lat' dir='ltr'><strong>contigerit,</strong></span> <span class='ocrx_word' id='word_1_181' title='bbox 3438 1726 3484 1781; x_wconf 88' lang='lat' dir='ltr'><strong>si</strong></span> <span class='ocrx_word' id='word_1_182' title='bbox 3517 1726 3615 1780; x_wconf 85' lang='lat' dir='ltr'><strong>ad-</strong></span> 
     </span>
    </p>
   </div>
   <div class='ocr_carea' id='block_1_29' title="bbox 370 1775 1947 1883">
    <p class='ocr_par' dir='ltr' id='par_1_29' title="bbox 370 1775 1946 1857">
     <span class='ocr_line' id='line_1_30' title="bbox 370 1775 1946 1857; baseline 0.011 -32"><span class='ocrx_word' id='word_1_183' title='bbox 370 1775 665 1846; x_wconf 79' lang='grc' dir='ltr'>ἐπίπληξον</span> <span class='ocrx_word' id='word_1_184' title='bbox 685 1778 761 1848; x_wconf 83' lang='grc' dir='ltr'>τῷ</span> <span class='ocrx_word' id='word_1_185' title='bbox 791 1781 1161 1850; x_wconf 80' lang='grc' dir='ltr'><strong>προσελθόντι·</strong></span> <span class='ocrx_word' id='word_1_186' title='bbox 1205 1785 1334 1837; x_wconf 78' lang='grc' dir='ltr'>εἰδὲ</span> <span class='ocrx_word' id='word_1_187' title='bbox 1368 1788 1463 1857; x_wconf 87' lang='grc' dir='ltr'>μὴ,</span> <span class='ocrx_word' id='word_1_188' title='bbox 1500 1787 1577 1857; x_wconf 83' lang='grc' dir='ltr'>τῷ</span> <span class='ocrx_word' id='word_1_189' title='bbox 1600 1789 1659 1845; x_wconf 83' lang='grc' dir='ltr'>σὲ</span> <span class='ocrx_word' id='word_1_190' title='bbox 1705 1788 1946 1841; x_wconf 84' lang='grc' dir='ltr'>ἀποσιω-</span> 
     </span>
    </p>
   </div>
   <div class='ocr_carea' id='block_1_30' title="bbox 2045 1775 3612 1883">
    <p class='ocr_par' dir='ltr' id='par_1_30' title="bbox 2052 1809 3612 1883">
     <span class='ocr_line' id='line_1_31' title="bbox 2052 1809 3612 1883; baseline 0.005 -21"><span class='ocrx_word' id='word_1_191' title='bbox 2052 1809 2155 1862; x_wconf 88' lang='lat' dir='ltr'><strong>erit</strong></span> <span class='ocrx_word' id='word_1_192' title='bbox 2198 1810 2614 1877; x_wconf 85' lang='lat' dir='ltr'><strong>Opportunitas,</strong></span> <span class='ocrx_word' id='word_1_193' title='bbox 2663 1810 2882 1880; x_wconf 82' lang='lat' dir='ltr'><strong>increpa</strong></span> <span class='ocrx_word' id='word_1_194' title='bbox 2922 1815 3480 1883; x_wconf 81' lang='lat' dir='ltr'><strong>appropinquantem;</strong></span> <span class='ocrx_word' id='word_1_195' title='bbox 3529 1816 3612 1871; x_wconf 91' lang='lat' dir='ltr'><strong>sin</strong></span> 
     </span>
    </p>
   </div>
   <div class='ocr_carea' id='block_1_31' title="bbox 370 1868 1947 1976">
    <p class='ocr_par' dir='ltr' id='par_1_31' title="bbox 370 1868 1947 1949">
     <span class='ocr_line' id='line_1_32' title="bbox 370 1868 1947 1949; baseline 0.008 -31"><span class='ocrx_word' id='word_1_196' title='bbox 370 1868 560 1936; x_wconf 79' lang='grc' dir='ltr'>πῆσαι,</span> <span class='ocrx_word' id='word_1_197' title='bbox 593 1871 685 1923; x_wconf 77' lang='grc' dir='ltr'><strong>καὶ</strong></span> <span class='ocrx_word' id='word_1_198' title='bbox 723 1872 1064 1942; x_wconf 79' lang='grc' dir='ltr'>ἐρυθριᾶσαι,</span> <span class='ocrx_word' id='word_1_199' title='bbox 1099 1877 1193 1928; x_wconf 82' lang='grc' dir='ltr'>καὶ</span> <span class='ocrx_word' id='word_1_200' title='bbox 1225 1878 1638 1948; x_wconf 73' lang='grc' dir='ltr'>σκυθρωπάσαι,</span> <span class='ocrx_word' id='word_1_201' title='bbox 1672 1878 1827 1949; x_wconf 80' lang='grc' dir='ltr'>δῆλος</span> <span class='ocrx_word' id='word_1_202' title='bbox 1866 1879 1947 1947; x_wconf 88' lang='grc' dir='ltr'>γί-</span> 
     </span>
    </p>
   </div>
   <div class='ocr_carea' id='block_1_32' title="bbox 2045 1868 3615 1976">
    <p class='ocr_par' dir='ltr' id='par_1_32' title="bbox 2052 1900 3615 1976">
     <span class='ocr_line' id='line_1_33' title="bbox 2052 1900 3615 1976; baseline 0.005 -24"><span class='ocrx_word' id='word_1_203' title='bbox 2052 1906 2257 1963; x_wconf 88' lang='lat' dir='ltr'><strong>autem,</strong></span> <span class='ocrx_word' id='word_1_204' title='bbox 2291 1900 2637 1965; x_wconf 86' lang='lat' dir='ltr'><strong>conticendo,</strong></span> <span class='ocrx_word' id='word_1_205' title='bbox 2671 1915 2734 1956; x_wconf 88' lang='lat' dir='ltr'><strong>ac</strong></span> <span class='ocrx_word' id='word_1_206' title='bbox 2768 1903 3162 1970; x_wconf 83' lang='lat' dir='ltr'><strong>erubescendo,</strong></span> <span class='ocrx_word' id='word_1_207' title='bbox 3193 1905 3511 1976; x_wconf 80' lang='lat' dir='ltr'><strong>vultumque</strong></span> <span class='ocrx_word' id='word_1_208' title='bbox 3533 1914 3615 1959; x_wconf 85' lang='lat' dir='ltr'><strong>te-</strong></span> 
     </span>
    </p>
   </div>
   <div class='ocr_carea' id='block_1_33' title="bbox 370 1958 1947 2065">
    <p class='ocr_par' dir='ltr' id='par_1_33' title="bbox 370 1958 1153 2036">
     <span class='ocr_line' id='line_1_34' title="bbox 370 1958 1153 2036; baseline 0.013 -27"><span class='ocrx_word' id='word_1_209' title='bbox 370 1963 458 2010; x_wconf 69' lang='grc' dir='ltr'><strong>νου</strong></span> <span class='ocrx_word' id='word_1_210' title='bbox 487 1958 851 2032; x_wconf 65' lang='grc' dir='ltr'>δυσχεραίνων</span> <span class='ocrx_word' id='word_1_211' title='bbox 879 1963 958 2033; x_wconf 85' lang='grc' dir='ltr'>τῷ</span> <span class='ocrx_word' id='word_1_212' title='bbox 991 1964 1153 2036; x_wconf 79' lang='grc' dir='ltr'>λόγῳ.</span> 
     </span>
    </p>
   </div>
   <div class='ocr_carea' id='block_1_34' title="bbox 2045 1958 3614 2065">
    <p class='ocr_par' dir='ltr' id='par_1_34' title="bbox 2053 1958 3614 2065">
     <span class='ocr_line' id='line_1_35' title="bbox 2053 1958 3614 2065; baseline 0.005 -23"><span class='ocrx_word' id='word_1_213' title='bbox 2053 1989 2247 2042; x_wconf 90' lang='lat' dir='ltr'><strong>tricum</strong></span> <span class='ocrx_word' id='word_1_214' title='bbox 2284 1990 2521 2058; x_wconf 80' lang='lat' dir='ltr'><strong>gerendo</strong></span> <span class='ocrx_word' id='word_1_215' title='bbox 2553 1991 2778 2047; x_wconf 87' lang='lat' dir='ltr'><strong>ostende</strong></span> <span class='ocrx_word' id='word_1_216' title='bbox 2822 1995 2965 2063; x_wconf 90' lang='lat' dir='ltr'><strong>quod</strong></span> <span class='ocrx_word' id='word_1_217' title='bbox 3016 1994 3253 2065; x_wconf 81' lang='lat' dir='ltr'><strong>graviter</strong></span> <span class='ocrx_word' id='word_1_218' title='bbox 3300 1958 3437 2051; x_wconf 63' lang='grc' dir='ltr'><strong>1⁸6ιεῖ</strong></span> <span class='ocrx_word' id='word_1_219' title='bbox 3454 1995 3614 2050; x_wconf 87' lang='lat' dir='ltr'><strong>talem</strong></span> 
     </span>
    </p>
   </div>
   <div class='ocr_carea' id='block_1_35' title="bbox 1370 2086 2385 2135">
    <p class='ocr_par' dir='ltr' id='par_1_35' title="bbox 1370 2086 2385 2135">
     <span class='ocr_line' id='line_1_36' title="bbox 1370 2086 2385 2135; baseline 0 0"><span class='ocrx_word' id='word_1_220' title='bbox 1370 2086 1373 2091; x_wconf 72' lang='grc'><strong>”</strong></span> <span class='ocrx_word' id='word_1_221' title='bbox 2052 2094 2385 2135; x_wconf 80' lang='lat' dir='ltr'><strong>sermonem.</strong></span> 
     </span>
    </p>
   </div>
   <div class='ocr_carea' id='block_1_36' title="bbox 946 2178 1947 2250">
    <p class='ocr_par' dir='ltr' id='par_1_36' title="bbox 946 2178 1357 2240">
     <span class='ocr_line' id='line_1_37' title="bbox 946 2178 1357 2240; baseline 0.01 -4"><span class='ocrx_word' id='word_1_222' title='bbox 946 2178 1199 2238; x_wconf 71' lang='grc' dir='ltr'><strong>ΚΕΦᾹΛ.</strong></span> <span class='ocrx_word' id='word_1_223' title='bbox 1233 2186 1357 2240; x_wconf 72' lang='grc' dir='ltr'><strong>ΝΡ.</strong></span> 
     </span>
    </p>
   </div>
   <div class='ocr_carea' id='block_1_37' title="bbox 2045 2178 3026 2250">
    <p class='ocr_par' dir='ltr' id='par_1_37' title="bbox 2630 2195 3026 2250">
     <span class='ocr_line' id='line_1_38' title="bbox 2630 2195 3026 2250; baseline 0 0"><span class='ocrx_word' id='word_1_224' title='bbox 2630 2195 2855 2250; x_wconf 86' lang='lat' dir='ltr'><strong>CAPUT</strong></span> <span class='ocrx_word' id='word_1_225' title='bbox 2894 2195 3026 2250; x_wconf 80' lang='lat' dir='ltr'><strong>Llll.</strong></span> 
     </span>
    </p>
   </div>
   <div class='ocr_carea' id='block_1_38' title="bbox 441 2291 1947 2381">
    <p class='ocr_par' dir='ltr' id='par_1_38' title="bbox 441 2291 1947 2381">
     <span class='ocr_line' id='line_1_39' title="bbox 441 2291 1947 2381; baseline 0.009 -39"><span class='ocrx_word' id='word_1_226' title='bbox 441 2291 609 2381; x_wconf 84' lang='grc' dir='ltr'>Ὅταν</span> <span class='ocrx_word' id='word_1_227' title='bbox 640 2292 830 2364; x_wconf 78' lang='grc' dir='ltr'><strong>ἡδονῆς</strong></span> <span class='ocrx_word' id='word_1_228' title='bbox 859 2312 1004 2359; x_wconf 83' lang='grc' dir='ltr'>τινος</span> <span class='ocrx_word' id='word_1_229' title='bbox 1032 2301 1330 2365; x_wconf 75' lang='grc' dir='ltr'>φαντασίαν</span> <span class='ocrx_word' id='word_1_230' title='bbox 1359 2299 1530 2371; x_wconf 80' lang='grc' dir='ltr'>λάϐῃς</span> <span class='ocrx_word' id='word_1_231' title='bbox 1552 2301 1805 2373; x_wconf 79' lang='grc' dir='ltr'>καθάπερ</span> <span class='ocrx_word' id='word_1_232' title='bbox 1856 2302 1947 2355; x_wconf 74' lang='grc' dir='ltr'>ἐπὶ</span> 
     </span>
    </p>
   </div>
   <div class='ocr_carea' id='block_1_39' title="bbox 2045 2291 3613 2381">
    <p class='ocr_par' dir='ltr' id='par_1_39' title="bbox 2121 2303 3613 2381">
     <span class='ocr_line' id='line_1_40' title="bbox 2121 2303 3613 2381; baseline 0.004 -21"><span class='ocrx_word' id='word_1_233' title='bbox 2121 2308 2350 2373; x_wconf 84' lang='lat' dir='ltr'><strong>Quando</strong></span> <span class='ocrx_word' id='word_1_234' title='bbox 2382 2303 2690 2378; x_wconf 75' lang='lat' dir='ltr'><strong>cuiuspiam</strong></span> <span class='ocrx_word' id='word_1_235' title='bbox 2722 2312 3013 2379; x_wconf 82' lang='lat' dir='ltr'><strong>voluptatis</strong></span> <span class='ocrx_word' id='word_1_236' title='bbox 3042 2310 3359 2381; x_wconf 79' lang='lat' dir='ltr'><strong>imaginatio</strong></span> <span class='ocrx_word' id='word_1_237' title='bbox 3390 2311 3487 2366; x_wconf 88' lang='lat' dir='ltr'><strong>tibi</strong></span> <span class='ocrx_word' id='word_1_238' title='bbox 3521 2327 3613 2366; x_wconf 86' lang='lat' dir='ltr'><strong>su-</strong></span> 
     </span>
    </p>
   </div>
   <div class='ocr_carea' id='block_1_40' title="bbox 368 2377 1947 2474">
    <p class='ocr_par' dir='ltr' id='par_1_40' title="bbox 368 2377 1947 2461">
     <span class='ocr_line' id='line_1_41' title="bbox 368 2377 1947 2461; baseline 0.009 -31"><span class='ocrx_word' id='word_1_239' title='bbox 368 2377 474 2430; x_wconf 85' lang='grc' dir='ltr'><strong>τῶν</strong></span> <span class='ocrx_word' id='word_1_240' title='bbox 521 2380 714 2445; x_wconf 83' lang='grc' dir='ltr'>ἄλλων,</span> <span class='ocrx_word' id='word_1_241' title='bbox 752 2381 992 2449; x_wconf 84' lang='grc' dir='ltr'>φύλασσε</span> <span class='ocrx_word' id='word_1_242' title='bbox 1027 2386 1248 2439; x_wconf 84' lang='grc' dir='ltr'>σεαυτὸν</span> <span class='ocrx_word' id='word_1_243' title='bbox 1283 2388 1357 2459; x_wconf 81' lang='grc' dir='ltr'>μὴ</span> <span class='ocrx_word' id='word_1_244' title='bbox 1410 2391 1801 2461; x_wconf 80' lang='grc' dir='ltr'>συναρπασοῇς</span> <span class='ocrx_word' id='word_1_245' title='bbox 1857 2393 1947 2443; x_wconf 82' lang='grc' dir='ltr'>ὑπ’</span> 
     </span>
    </p>
   </div>
   <div class='ocr_carea' id='block_1_41' title="bbox 2045 2377 3615 2474">
    <p class='ocr_par' dir='ltr' id='par_1_41' title="bbox 2049 2377 3615 2474">
     <span class='ocr_line' id='line_1_42' title="bbox 2049 2377 3615 2474; baseline 0.003 -20"><span class='ocrx_word' id='word_1_246' title='bbox 2049 2401 2377 2468; x_wconf 89' lang='lat' dir='ltr'><strong>pervenerit,</strong></span> <span class='ocrx_word' id='word_1_247' title='bbox 2417 2377 2625 2457; x_wconf 87' lang='lat' dir='ltr'><strong>custodi</strong></span> <span class='ocrx_word' id='word_1_248' title='bbox 2663 2412 2714 2457; x_wconf 93' lang='lat' dir='ltr'><strong>te</strong></span> <span class='ocrx_word' id='word_1_249' title='bbox 2739 2377 2898 2474; x_wconf 48' lang='lat'><strong>357</strong></span> <span class='ocrx_word' id='word_1_250' title='bbox 2928 2404 3129 2472; x_wconf 88' lang='lat' dir='ltr'><strong>ipsum,</strong></span> <span class='ocrx_word' id='word_1_251' title='bbox 3159 2377 3223 2457; x_wconf 77' lang='lat' dir='ltr'><strong>ut</strong></span> <span class='ocrx_word' id='word_1_252' title='bbox 3254 2403 3308 2457; x_wconf 93' lang='lat' dir='ltr'><strong>in</strong></span> <span class='ocrx_word' id='word_1_253' title='bbox 3353 2404 3496 2470; x_wconf 89' lang='lat' dir='ltr'><strong>aliis,</strong></span> <span class='ocrx_word' id='word_1_254' title='bbox 3545 2420 3615 2459; x_wconf 87' lang='lat' dir='ltr'><strong>ne</strong></span> 
     </span>
    </p>
   </div>
   <div class='ocr_carea' id='block_1_42' title="bbox 370 2468 1947 2567">
    <p class='ocr_par' dir='ltr' id='par_1_42' title="bbox 370 2468 1947 2552">
     <span class='ocr_line' id='line_1_43' title="bbox 370 2468 1947 2552; baseline 0.01 -34"><span class='ocrx_word' id='word_1_255' title='bbox 370 2468 558 2538; x_wconf 75' lang='grc' dir='ltr'>αὐτῆς,</span> <span class='ocrx_word' id='word_1_256' title='bbox 586 2469 719 2523; x_wconf 81' lang='grc' dir='ltr'>ἀλλὰ</span> <span class='ocrx_word' id='word_1_257' title='bbox 746 2470 1052 2537; x_wconf 79' lang='grc' dir='ltr'>ἐκδεξάσοω</span> <span class='ocrx_word' id='word_1_258' title='bbox 1102 2492 1161 2527; x_wconf 90' lang='grc' dir='ltr'><strong>σε</strong></span> <span class='ocrx_word' id='word_1_259' title='bbox 1189 2477 1251 2528; x_wconf 85' lang='grc' dir='ltr'><strong>τὸ</strong></span> <span class='ocrx_word' id='word_1_260' title='bbox 1279 2479 1509 2549; x_wconf 80' lang='grc' dir='ltr'>πρᾶγμα</span> <span class='ocrx_word' id='word_1_261' title='bbox 1551 2482 1645 2531; x_wconf 80' lang='grc' dir='ltr'><strong>καὶ</strong></span> <span class='ocrx_word' id='word_1_262' title='bbox 1677 2480 1947 2552; x_wconf 75' lang='grc' dir='ltr'>ἀναϐολήν</span> 
     </span>
    </p>
   </div>
   <div class='ocr_carea' id='block_1_43' title="bbox 2045 2468 3612 2567">
    <p class='ocr_par' dir='ltr' id='par_1_43' title="bbox 2048 2468 3612 2567">
     <span class='ocr_line' id='line_1_44' title="bbox 2048 2468 3612 2567; baseline 0.004 -21"><span class='ocrx_word' id='word_1_263' title='bbox 2048 2495 2114 2546; x_wconf 85' lang='lat' dir='ltr'><strong>ab</strong></span> <span class='ocrx_word' id='word_1_264' title='bbox 2167 2508 2229 2548; x_wconf 86' lang='lat' dir='ltr'><strong>ea</strong></span> <span class='ocrx_word' id='word_1_265' title='bbox 2279 2494 2612 2564; x_wconf 89' lang='lat' dir='ltr'><strong>corripiaris,</strong></span> <span class='ocrx_word' id='word_1_266' title='bbox 2655 2468 2881 2551; x_wconf 39' lang='lat' dir='ltr'><strong>sed‘rcs—</strong></span> <span class='ocrx_word' id='word_1_267' title='bbox 2921 2505 2973 2551; x_wconf 89' lang='lat' dir='ltr'><strong>te</strong></span> <span class='ocrx_word' id='word_1_268' title='bbox 3028 2506 3330 2567; x_wconf 76' lang='lat' dir='ltr'><strong>exspectet,</strong></span> <span class='ocrx_word' id='word_1_269' title='bbox 3380 2506 3434 2552; x_wconf 88' lang='lat' dir='ltr'><strong>et</strong></span> <span class='ocrx_word' id='word_1_270' title='bbox 3469 2499 3612 2567; x_wconf 91' lang='lat' dir='ltr'><strong>apud</strong></span> 
     </span>
    </p>
   </div>
   <div class='ocr_carea' id='block_1_44' title="bbox 366 2558 1947 2654">
    <p class='ocr_par' dir='ltr' id='par_1_44' title="bbox 366 2558 1946 2638">
     <span class='ocr_line' id='line_1_45' title="bbox 366 2558 1946 2638; baseline 0.011 -32"><span class='ocrx_word' id='word_1_271' title='bbox 366 2572 508 2621; x_wconf 90' lang='grc' dir='ltr'>τινα,</span> <span class='ocrx_word' id='word_1_272' title='bbox 532 2558 682 2629; x_wconf 82' lang='grc' dir='ltr'><strong>παρά</strong></span> <span class='ocrx_word' id='word_1_273' title='bbox 707 2561 917 2631; x_wconf 80' lang='grc' dir='ltr'>σεαυτῷ</span> <span class='ocrx_word' id='word_1_274' title='bbox 939 2562 1091 2630; x_wconf 81' lang='grc' dir='ltr'>λάϐε,</span> <span class='ocrx_word' id='word_1_275' title='bbox 1121 2563 1308 2619; x_wconf 81' lang='grc' dir='ltr'>ἔπειτα</span> <span class='ocrx_word' id='word_1_276' title='bbox 1330 2567 1599 2637; x_wconf 77' lang='grc' dir='ltr'>μνήσθητι</span> <span class='ocrx_word' id='word_1_277' title='bbox 1621 2569 1946 2638; x_wconf 76' lang='grc' dir='ltr'>ἀμφοτέρων</span> 
     </span>
    </p>
   </div>
   <div class='ocr_carea' id='block_1_45' title="bbox 2045 2558 3614 2654">
    <p class='ocr_par' dir='ltr' id='par_1_45' title="bbox 2050 2558 3614 2654">
     <span class='ocr_line' id='line_1_46' title="bbox 2050 2558 3614 2654; baseline 0.004 -17"><span class='ocrx_word' id='word_1_278' title='bbox 2050 2583 2285 2651; x_wconf 88' lang='lat' dir='ltr'><strong>tcipsum</strong></span> <span class='ocrx_word' id='word_1_279' title='bbox 2321 2558 2553 2653; x_wconf 73' lang='lat' dir='ltr'><strong>quadam</strong></span> <span class='ocrx_word' id='word_1_280' title='bbox 2590 2558 2741 2640; x_wconf 88' lang='lat' dir='ltr'><strong>utere</strong></span> <span class='ocrx_word' id='word_1_281' title='bbox 2784 2586 3072 2654; x_wconf 88' lang='lat' dir='ltr'><strong>dilatione;</strong></span> <span class='ocrx_word' id='word_1_282' title='bbox 3122 2558 3396 2642; x_wconf 76' lang='lat' dir='ltr'><strong>memento</strong></span> <span class='ocrx_word' id='word_1_283' title='bbox 3420 2558 3614 2643; x_wconf 69' lang='lat' dir='ltr'><strong>deinde</strong></span> 
     </span>
    </p>
   </div>
   <div class='ocr_carea' id='block_1_46' title="bbox 366 2647 1947 2747">
    <p class='ocr_par' dir='ltr' id='par_1_46' title="bbox 366 2647 1947 2730">
     <span class='ocr_line' id='line_1_47' title="bbox 366 2647 1947 2730; baseline 0.009 -31"><span class='ocrx_word' id='word_1_284' title='bbox 366 2647 474 2701; x_wconf 86' lang='grc' dir='ltr'><strong>τῶν</strong></span> <span class='ocrx_word' id='word_1_285' title='bbox 503 2649 730 2719; x_wconf 77' lang='grc' dir='ltr'>χρόνων,</span> <span class='ocrx_word' id='word_1_286' title='bbox 777 2653 898 2705; x_wconf 77' lang='grc' dir='ltr'>καθ’</span> <span class='ocrx_word' id='word_1_287' title='bbox 928 2654 987 2707; x_wconf 84' lang='grc' dir='ltr'>ὃν</span> <span class='ocrx_word' id='word_1_288' title='bbox 1026 2672 1085 2708; x_wconf 87' lang='grc' dir='ltr'><strong>τε</strong></span> <span class='ocrx_word' id='word_1_289' title='bbox 1126 2657 1448 2727; x_wconf 84' lang='grc' dir='ltr'>ἅπήλαυσας</span> <span class='ocrx_word' id='word_1_290' title='bbox 1475 2658 1574 2727; x_wconf 79' lang='grc' dir='ltr'><strong>τῆς</strong></span> <span class='ocrx_word' id='word_1_291' title='bbox 1606 2658 1823 2730; x_wconf 81' lang='grc' dir='ltr'>ἡδονῆς,</span> <span class='ocrx_word' id='word_1_292' title='bbox 1855 2663 1947 2713; x_wconf 75' lang='grc' dir='ltr'><strong>καὶ</strong></span> 
     </span>
    </p>
   </div>
   <div class='ocr_carea' id='block_1_47' title="bbox 2045 2647 3611 2747">
    <p class='ocr_par' dir='ltr' id='par_1_47' title="bbox 2048 2647 3611 2747">
     <span class='ocr_line' id='line_1_48' title="bbox 2048 2647 3611 2747; baseline 0.003 -21"><span class='ocrx_word' id='word_1_293' title='bbox 2048 2647 2353 2743; x_wconf 49' lang='grc' dir='ltr'>υιιίίηεψιε-</span> <span class='ocrx_word' id='word_1_294' title='bbox 2368 2675 2646 2744; x_wconf 87' lang='lat' dir='ltr'><strong>temporis,</strong></span> <span class='ocrx_word' id='word_1_295' title='bbox 2679 2684 2791 2729; x_wconf 91' lang='lat' dir='ltr'><strong>tum</strong></span> <span class='ocrx_word' id='word_1_296' title='bbox 2827 2677 2966 2746; x_wconf 87' lang='lat' dir='ltr'><strong>ejus,</strong></span> <span class='ocrx_word' id='word_1_297' title='bbox 3002 2692 3110 2746; x_wconf 92' lang='lat' dir='ltr'><strong>quo</strong></span> <span class='ocrx_word' id='word_1_298' title='bbox 3139 2679 3469 2746; x_wconf 85' lang='lat' dir='ltr'><strong>voluptatem</strong></span> <span class='ocrx_word' id='word_1_299' title='bbox 3498 2678 3611 2747; x_wconf 87' lang='lat' dir='ltr'><strong>jam</strong></span> 
     </span>
    </p>
   </div>
   <div class='ocr_carea' id='block_1_48' title="bbox 369 2738 1947 2837">
    <p class='ocr_par' dir='ltr' id='par_1_48' title="bbox 369 2738 1945 2817">
     <span class='ocr_line' id='line_1_49' title="bbox 369 2738 1945 2817; baseline 0.01 -29"><span class='ocrx_word' id='word_1_300' title='bbox 369 2738 485 2790; x_wconf 73' lang='grc' dir='ltr'>καθ’</span> <span class='ocrx_word' id='word_1_301' title='bbox 543 2739 601 2793; x_wconf 91' lang='grc' dir='ltr'>ὂν</span> <span class='ocrx_word' id='word_1_302' title='bbox 653 2741 965 2806; x_wconf 72' lang='grc' dir='ltr'>ἀπολαύσας</span> <span class='ocrx_word' id='word_1_303' title='bbox 1005 2743 1228 2815; x_wconf 81' lang='grc' dir='ltr'>ὕστερον</span> <span class='ocrx_word' id='word_1_304' title='bbox 1284 2751 1589 2817; x_wconf 88' lang='grc' dir='ltr'>ματανοείς,</span> <span class='ocrx_word' id='word_1_305' title='bbox 1629 2751 1727 2803; x_wconf 78' lang='grc' dir='ltr'><strong>καὶ</strong></span> <span class='ocrx_word' id='word_1_306' title='bbox 1783 2751 1945 2815; x_wconf 78' lang='grc' dir='ltr'>αὐτὸς</span> 
     </span>
    </p>
   </div>
   <div class='ocr_carea' id='block_1_49' title="bbox 2045 2738 3613 2837">
    <p class='ocr_par' dir='ltr' id='par_1_49' title="bbox 2046 2738 3613 2837">
     <span class='ocr_line' id='line_1_50' title="bbox 2046 2738 3613 2837; baseline 0.004 -20"><span class='ocrx_word' id='word_1_307' title='bbox 2046 2738 2353 2834; x_wconf 81' lang='lat' dir='ltr'><strong>percepisti,</strong></span> <span class='ocrx_word' id='word_1_308' title='bbox 2413 2738 2524 2820; x_wconf 81' lang='lat' dir='ltr'><strong>tum</strong></span> <span class='ocrx_word' id='word_1_309' title='bbox 2572 2766 2737 2832; x_wconf 90' lang='lat' dir='ltr'><strong>illius,</strong></span> <span class='ocrx_word' id='word_1_310' title='bbox 2774 2738 2913 2836; x_wconf 79' lang='lat' dir='ltr'><strong>quo,</strong></span> <span class='ocrx_word' id='word_1_311' title='bbox 2950 2738 3613 2837; x_wconf 48' lang='lat' dir='ltr'><strong>postquam-voluptatem</strong></span> 
     </span>
    </p>
   </div>
   <div class='ocr_carea' id='block_1_50' title="bbox 369 2832 1947 2927">
    <p class='ocr_par' dir='ltr' id='par_1_50' title="bbox 369 2832 1941 2905">
     <span class='ocr_line' id='line_1_51' title="bbox 369 2832 1941 2905; baseline 0.01 -25"><span class='ocrx_word' id='word_1_312' title='bbox 369 2832 576 2901; x_wconf 73' lang='grc' dir='ltr'>σεαυτῷ</span> <span class='ocrx_word' id='word_1_313' title='bbox 625 2832 872 2903; x_wconf 77' lang='grc' dir='ltr'>λοιδόρει,</span> <span class='ocrx_word' id='word_1_314' title='bbox 931 2837 1024 2888; x_wconf 80' lang='grc' dir='ltr'><strong>καὶ</strong></span> <span class='ocrx_word' id='word_1_315' title='bbox 1073 2838 1282 2900; x_wconf 79' lang='grc' dir='ltr'>τούτοις</span> <span class='ocrx_word' id='word_1_316' title='bbox 1330 2839 1563 2904; x_wconf 78' lang='grc' dir='ltr'>ἀντίθες,</span> <span class='ocrx_word' id='word_1_317' title='bbox 1607 2842 1754 2905; x_wconf 83' lang='grc' dir='ltr'>ὅπως</span> <span class='ocrx_word' id='word_1_318' title='bbox 1801 2843 1941 2895; x_wconf 87' lang='grc' dir='ltr'>ἀπο-</span> 
     </span>
    </p>
   </div>
   <div class='ocr_carea' id='block_1_51' title="bbox 2045 2832 3613 2927">
    <p class='ocr_par' dir='ltr' id='par_1_51' title="bbox 2045 2832 3613 2927">
     <span class='ocr_line' id='line_1_52' title="bbox 2045 2832 3613 2927; baseline 0.003 -19"><span class='ocrx_word' id='word_1_319' title='bbox 2045 2832 2352 2924; x_wconf 81' lang='lat' dir='ltr'><strong>perccpcris</strong></span> <span class='ocrx_word' id='word_1_320' title='bbox 2375 2899 2388 2921; x_wconf 94' lang='lat'><strong>,</strong></span> <span class='ocrx_word' id='word_1_321' title='bbox 2447 2857 2662 2909; x_wconf 89' lang='lat' dir='ltr'><strong>demum</strong></span> <span class='ocrx_word' id='word_1_322' title='bbox 2704 2864 2756 2909; x_wconf 91' lang='lat' dir='ltr'><strong>te</strong></span> <span class='ocrx_word' id='word_1_323' title='bbox 2792 2832 3126 2924; x_wconf 48' lang='lat' dir='ltr'><strong>ptenitebit;</strong></span> <span class='ocrx_word' id='word_1_324' title='bbox 3159 2867 3321 2927; x_wconf 84' lang='lat' dir='ltr'><strong>atque</strong></span> <span class='ocrx_word' id='word_1_325' title='bbox 3369 2832 3482 2926; x_wconf 75' lang='lat' dir='ltr'><strong>ipse</strong></span> <span class='ocrx_word' id='word_1_326' title='bbox 3517 2859 3613 2913; x_wconf 89' lang='lat' dir='ltr'><strong>tibi</strong></span> 
     </span>
    </p>
   </div>
   <div class='ocr_carea' id='block_1_52' title="bbox 369 2920 1947 3015">
    <p class='ocr_par' dir='ltr' id='par_1_52' title="bbox 369 2920 1938 3000">
     <span class='ocr_line' id='line_1_53' title="bbox 369 2920 1938 3000; baseline 0.008 -27"><span class='ocrx_word' id='word_1_327' title='bbox 369 2920 628 2989; x_wconf 76' lang='grc' dir='ltr'>σχόμενος</span> <span class='ocrx_word' id='word_1_328' title='bbox 673 2927 953 2994; x_wconf 85' lang='grc' dir='ltr'>χαιρήσεις</span> <span class='ocrx_word' id='word_1_329' title='bbox 994 2928 1085 2979; x_wconf 71' lang='grc' dir='ltr'>καὶ</span> <span class='ocrx_word' id='word_1_330' title='bbox 1123 2929 1431 2993; x_wconf 76' lang='grc' dir='ltr'>ἐπαινέσεις</span> <span class='ocrx_word' id='word_1_331' title='bbox 1482 2931 1643 2994; x_wconf 77' lang='grc' dir='ltr'>αὐτὸς</span> <span class='ocrx_word' id='word_1_332' title='bbox 1693 2934 1938 3000; x_wconf 76' lang='grc' dir='ltr'>σεαυτὸν,</span> 
     </span>
    </p>
   </div>
   <div class='ocr_carea' id='block_1_53' title="bbox 2045 2920 3612 3015">
    <p class='ocr_par' dir='ltr' id='par_1_53' title="bbox 2045 2920 3612 3015">
     <span class='ocr_line' id='line_1_54' title="bbox 2045 2920 3612 3015; baseline 0.001 -18"><span class='ocrx_word' id='word_1_333' title='bbox 2045 2920 2337 3014; x_wconf 48' lang='lat' dir='ltr'><strong>cypro—bra,</strong></span> <span class='ocrx_word' id='word_1_334' title='bbox 2369 2920 2423 2999; x_wconf 89' lang='lat' dir='ltr'><strong>et</strong></span> <span class='ocrx_word' id='word_1_335' title='bbox 2452 2945 2570 2999; x_wconf 90' lang='lat' dir='ltr'><strong>istis</strong></span> <span class='ocrx_word' id='word_1_336' title='bbox 2601 2920 2815 3012; x_wconf 77' lang='lat' dir='ltr'><strong>oppone</strong></span> <span class='ocrx_word' id='word_1_337' title='bbox 2847 2945 2968 3008; x_wconf 92' lang='lat' dir='ltr'><strong>hoc,</strong></span> <span class='ocrx_word' id='word_1_338' title='bbox 3020 2920 3612 3015; x_wconf 34' lang='lat' dir='ltr'><strong>scilicet‘quan—topere,</strong></span> 
     </span>
    </p>
   </div>
   <div class='ocr_carea' id='block_1_54' title="bbox 366 3012 1947 3130">
    <p class='ocr_par' dir='ltr' id='par_1_54' title="bbox 366 3012 1937 3130">
     <span class='ocr_line' id='line_1_55' title="bbox 366 3012 1937 3095; baseline 0.008 -32"><span class='ocrx_word' id='word_1_339' title='bbox 366 3012 461 3065; x_wconf 73' lang='grc' dir='ltr'>ἐὰν</span> <span class='ocrx_word' id='word_1_340' title='bbox 487 3013 544 3065; x_wconf 80' lang='grc' dir='ltr'>δὲ</span> <span class='ocrx_word' id='word_1_341' title='bbox 574 3012 826 3084; x_wconf 77' lang='grc' dir='ltr'>εὔκαιρον</span> <span class='ocrx_word' id='word_1_342' title='bbox 868 3019 1006 3087; x_wconf 82' lang='grc' dir='ltr'>φανῇ</span> <span class='ocrx_word' id='word_1_343' title='bbox 1054 3018 1293 3086; x_wconf 76' lang='grc' dir='ltr'>ἅψασθαι</span> <span class='ocrx_word' id='word_1_344' title='bbox 1321 3018 1414 3072; x_wconf 80' lang='grc' dir='ltr'>τοῦ</span> <span class='ocrx_word' id='word_1_345' title='bbox 1454 3020 1616 3092; x_wconf 80' lang='grc' dir='ltr'>ἔργου</span> <span class='ocrx_word' id='word_1_346' title='bbox 1645 3064 1659 3087; x_wconf 90' lang='grc'><strong>,</strong></span> <span class='ocrx_word' id='word_1_347' title='bbox 1703 3024 1937 3095; x_wconf 82' lang='grc' dir='ltr'>πρόσεχε</span> 
     </span>
     <span class='ocr_line' id='line_1_56' title="bbox 369 3103 1861 3130; baseline 0 0"><span class='ocrx_word' id='word_1_348' title='bbox 369 3103 440 3130; x_wconf 61' lang='grc' dir='ltr'><strong>..ε</strong></span> <span class='ocrx_word' id='word_1_349' title='bbox 469 3104 676 3130; x_wconf 48' lang='grc' dir='ltr'><strong>μην.--</strong></span> <span class='ocrx_word' id='word_1_350' title='bbox 709 3121 765 3130; x_wconf 87' lang='grc'><strong>--</strong></span> <span class='ocrx_word' id='word_1_351' title='bbox 795 3105 852 3130; x_wconf 68' lang='grc' dir='ltr'>,ι</span> <span class='ocrx_word' id='word_1_352' title='bbox 893 3108 1159 3130; x_wconf 49' lang='grc' dir='ltr'>---μημ</span> <span class='ocrx_word' id='word_1_353' title='bbox 1201 3110 1355 3130; x_wconf 36' lang='grc' dir='ltr'><strong>μβ-μο</strong></span> <span class='ocrx_word' id='word_1_354' title='bbox 1427 3129 1432 3130; x_wconf 63' lang='lat'><strong><em>,</em></strong></span> <span class='ocrx_word' id='word_1_355' title='bbox 1494 3113 1506 3130; x_wconf 60' lang='grc' dir='ltr'>η</span> <span class='ocrx_word' id='word_1_356' title='bbox 1574 3114 1647 3130; x_wconf 76' lang='lat'><strong>...</strong></span> <span class='ocrx_word' id='word_1_357' title='bbox 1782 3115 1796 3130; x_wconf 70' lang='grc' dir='ltr'><strong>ι</strong></span> <span class='ocrx_word' id='word_1_358' title='bbox 1848 3117 1861 3130; x_wconf 89' lang='grc'><strong>.</strong></span> 
     </span>
    </p>
   </div>
   <div class='ocr_carea' id='block_1_55' title="bbox 2045 3012 3609 3130">
    <p class='ocr_par' dir='ltr' id='par_1_55' title="bbox 2045 3012 3609 3106">
     <span class='ocr_line' id='line_1_57' title="bbox 2045 3012 3609 3106; baseline 0 -17"><span class='ocrx_word' id='word_1_359' title='bbox 2045 3035 2090 3089; x_wconf 91' lang='lat' dir='ltr'><strong>si</strong></span> <span class='ocrx_word' id='word_1_360' title='bbox 2116 3012 2476 3099; x_wconf 28' lang='lat' dir='ltr'><strong>&#39;abstinucris,</strong></span> <span class='ocrx_word' id='word_1_361' title='bbox 2503 3035 2784 3104; x_wconf 80' lang='lat' dir='ltr'><strong>gaudebis,</strong></span> <span class='ocrx_word' id='word_1_362' title='bbox 2826 3043 2879 3089; x_wconf 90' lang='lat' dir='ltr'><strong>et</strong></span> <span class='ocrx_word' id='word_1_363' title='bbox 2908 3036 3022 3103; x_wconf 88' lang='lat' dir='ltr'><strong>ipse</strong></span> <span class='ocrx_word' id='word_1_364' title='bbox 3057 3012 3305 3091; x_wconf 75' lang='lat' dir='ltr'><strong>laudabis</strong></span> <span class='ocrx_word' id='word_1_365' title='bbox 3342 3012 3609 3106; x_wconf 79' lang='lat' dir='ltr'><strong>teipsum;</strong></span> 
     </span>
    </p>
   </div>
   <div class='ocr_carea' id='block_1_56' title="bbox 367 3103 1947 3195">
    <p class='ocr_par' dir='ltr' id='par_1_56' title="bbox 367 3103 1941 3183">
     <span class='ocr_line' id='line_1_58' title="bbox 367 3103 1941 3183; baseline 0.008 -28"><span class='ocrx_word' id='word_1_366' title='bbox 367 3103 440 3172; x_wconf 84' lang='grc' dir='ltr'>μὴ</span> <span class='ocrx_word' id='word_1_367' title='bbox 469 3104 679 3176; x_wconf 80' lang='grc' dir='ltr'>ἡττήσῃ</span> <span class='ocrx_word' id='word_1_368' title='bbox 707 3121 766 3156; x_wconf 89' lang='grc' dir='ltr'><strong>σε</strong></span> <span class='ocrx_word' id='word_1_369' title='bbox 794 3105 855 3158; x_wconf 82' lang='grc' dir='ltr'><strong>τὸ</strong></span> <span class='ocrx_word' id='word_1_370' title='bbox 892 3108 1159 3179; x_wconf 80' lang='grc' dir='ltr'>προσηνὲς</span> <span class='ocrx_word' id='word_1_371' title='bbox 1194 3110 1380 3175; x_wconf 81' lang='grc' dir='ltr'>αὑτοῦ,</span> <span class='ocrx_word' id='word_1_372' title='bbox 1423 3113 1516 3164; x_wconf 72' lang='grc' dir='ltr'><strong>καὶ</strong></span> <span class='ocrx_word' id='word_1_373' title='bbox 1564 3114 1683 3183; x_wconf 76' lang='grc' dir='ltr'>ἡδὺ,</span> <span class='ocrx_word' id='word_1_374' title='bbox 1711 3115 1806 3167; x_wconf 71' lang='grc' dir='ltr'><strong>καὶ</strong></span> <span class='ocrx_word' id='word_1_375' title='bbox 1844 3117 1941 3166; x_wconf 84' lang='grc' dir='ltr'>ἐπ-</span> 
     </span>
    </p>
   </div>
   <div class='ocr_carea' id='block_1_57' title="bbox 2045 3103 3611 3195">
    <p class='ocr_par' dir='ltr' id='par_1_57' title="bbox 2047 3103 3611 3195">
     <span class='ocr_line' id='line_1_59' title="bbox 2047 3103 3611 3195; baseline -0.001 -15"><span class='ocrx_word' id='word_1_376' title='bbox 2047 3136 2102 3180; x_wconf 92' lang='lat' dir='ltr'><strong>at</strong></span> <span class='ocrx_word' id='word_1_377' title='bbox 2126 3127 2170 3180; x_wconf 92' lang='lat' dir='ltr'><strong>si</strong></span> <span class='ocrx_word' id='word_1_378' title='bbox 2203 3103 2568 3195; x_wconf 82' lang='lat' dir='ltr'><strong>opportunum</strong></span> <span class='ocrx_word' id='word_1_379' title='bbox 2602 3125 2847 3179; x_wconf 79' lang='lat' dir='ltr'><strong>videatur</strong></span> <span class='ocrx_word' id='word_1_380' title='bbox 2876 3140 3012 3193; x_wconf 91' lang='lat' dir='ltr'><strong>opus</strong></span> <span class='ocrx_word' id='word_1_381' title='bbox 3044 3125 3279 3194; x_wconf 82' lang='lat' dir='ltr'><strong>aggredi,</strong></span> <span class='ocrx_word' id='word_1_382' title='bbox 3329 3103 3433 3187; x_wconf 49' lang='lat' dir='ltr'><strong>ne;</strong></span> <span class='ocrx_word' id='word_1_383' title='bbox 3467 3125 3611 3194; x_wconf 90' lang='lat' dir='ltr'><strong>quod</strong></span> 
     </span>
    </p>
   </div>
   <div class='ocr_carea' id='block_1_58' title="bbox 362 3193 1947 3284">
    <p class='ocr_par' dir='ltr' id='par_1_58' title="bbox 362 3193 1942 3269">
     <span class='ocr_line' id='line_1_60' title="bbox 362 3193 1942 3269; baseline 0.008 -25"><span class='ocrx_word' id='word_1_384' title='bbox 362 3193 598 3261; x_wconf 78' lang='grc' dir='ltr'>ἀγωγὸν,</span> <span class='ocrx_word' id='word_1_385' title='bbox 631 3194 748 3247; x_wconf 87' lang='grc' dir='ltr'>ἀλλ’</span> <span class='ocrx_word' id='word_1_386' title='bbox 786 3196 1045 3250; x_wconf 84' lang='grc' dir='ltr'>ἁντιτίθει</span> <span class='ocrx_word' id='word_1_387' title='bbox 1082 3198 1245 3251; x_wconf 88' lang='grc' dir='ltr'>πόσον</span> <span class='ocrx_word' id='word_1_388' title='bbox 1274 3200 1494 3269; x_wconf 80' lang='grc' dir='ltr'>ἄμεινον</span> <span class='ocrx_word' id='word_1_389' title='bbox 1541 3202 1602 3255; x_wconf 87' lang='grc' dir='ltr'><strong>τὸ</strong></span> <span class='ocrx_word' id='word_1_390' title='bbox 1649 3204 1942 3258; x_wconf 77' lang='grc' dir='ltr'>συνειδέναι</span> 
     </span>
    </p>
   </div>
   <div class='ocr_carea' id='block_1_59' title="bbox 2045 3193 3612 3284">
    <p class='ocr_par' dir='ltr' id='par_1_59' title="bbox 2046 3193 3612 3284">
     <span class='ocr_line' id='line_1_61' title="bbox 2046 3193 3612 3284; baseline -0.002 -14"><span class='ocrx_word' id='word_1_391' title='bbox 2046 3216 2099 3270; x_wconf 92' lang='lat' dir='ltr'><strong>in</strong></span> <span class='ocrx_word' id='word_1_392' title='bbox 2126 3230 2190 3270; x_wconf 89' lang='lat' dir='ltr'><strong>eo</strong></span> <span class='ocrx_word' id='word_1_393' title='bbox 2215 3193 2514 3284; x_wconf 81' lang='lat' dir='ltr'><strong>jucundum</strong></span> <span class='ocrx_word' id='word_1_394' title='bbox 2544 3224 2646 3279; x_wconf 89' lang='lat' dir='ltr'><strong>cst,</strong></span> <span class='ocrx_word' id='word_1_395' title='bbox 2677 3222 2730 3268; x_wconf 89' lang='lat' dir='ltr'><strong>ct</strong></span> <span class='ocrx_word' id='word_1_396' title='bbox 2763 3213 3010 3277; x_wconf 86' lang='lat' dir='ltr'><strong>dulcedo,</strong></span> <span class='ocrx_word' id='word_1_397' title='bbox 3053 3193 3214 3282; x_wconf 80' lang='lat' dir='ltr'><strong>atque</strong></span> <span class='ocrx_word' id='word_1_398' title='bbox 3252 3193 3524 3277; x_wconf 88' lang='lat' dir='ltr'><strong>illecebra,</strong></span> <span class='ocrx_word' id='word_1_399' title='bbox 3559 3221 3612 3267; x_wconf 91' lang='lat' dir='ltr'><strong>te</strong></span> 
     </span>
    </p>
   </div>
   <div class='ocr_carea' id='block_1_60' title="bbox 364 3282 1947 3378">
    <p class='ocr_par' dir='ltr' id='par_1_60' title="bbox 364 3282 1475 3359">
     <span class='ocr_line' id='line_1_62' title="bbox 364 3282 1475 3359; baseline 0.007 -25"><span class='ocrx_word' id='word_1_400' title='bbox 364 3282 573 3353; x_wconf 84' lang='grc' dir='ltr'>σεαυτῷ</span> <span class='ocrx_word' id='word_1_401' title='bbox 597 3282 799 3354; x_wconf 82' lang='grc' dir='ltr'>ταύτην</span> <span class='ocrx_word' id='word_1_402' title='bbox 825 3286 924 3355; x_wconf 82' lang='grc' dir='ltr'><strong>τὴν</strong></span> <span class='ocrx_word' id='word_1_403' title='bbox 957 3286 1113 3356; x_wconf 85' lang='grc' dir='ltr'>νίκην</span> <span class='ocrx_word' id='word_1_404' title='bbox 1150 3289 1475 3359; x_wconf 78' lang='grc' dir='ltr'>νενικηκότι.</span> 
     </span>
    </p>
   </div>
   <div class='ocr_carea' id='block_1_61' title="bbox 2045 3282 3610 3378">
    <p class='ocr_par' dir='ltr' id='par_1_61' title="bbox 2046 3307 3610 3378">
     <span class='ocr_line' id='line_1_63' title="bbox 2046 3307 3610 3378; baseline -0.003 -14"><span class='ocrx_word' id='word_1_405' title='bbox 2046 3312 2251 3375; x_wconf 87' lang='lat' dir='ltr'><strong>vincat,</strong></span> <span class='ocrx_word' id='word_1_406' title='bbox 2282 3310 2377 3364; x_wconf 85' lang='lat' dir='ltr'><strong>sed</strong></span> <span class='ocrx_word' id='word_1_407' title='bbox 2408 3324 2620 3378; x_wconf 89' lang='lat' dir='ltr'><strong>oppone</strong></span> <span class='ocrx_word' id='word_1_408' title='bbox 2665 3309 2787 3372; x_wconf 85' lang='lat' dir='ltr'><strong>hoc,</strong></span> <span class='ocrx_word' id='word_1_409' title='bbox 2824 3317 3031 3377; x_wconf 87' lang='lat' dir='ltr'><strong>quanto</strong></span> <span class='ocrx_word' id='word_1_410' title='bbox 3071 3307 3329 3361; x_wconf 87' lang='lat' dir='ltr'><strong>nimirum</strong></span> <span class='ocrx_word' id='word_1_411' title='bbox 3362 3307 3465 3361; x_wconf 88' lang='lat' dir='ltr'><strong>erit</strong></span> <span class='ocrx_word' id='word_1_412' title='bbox 3493 3321 3610 3359; x_wconf 88' lang='lat' dir='ltr'><strong>me-</strong></span> 
     </span>
    </p>
   </div>
   <div class='ocr_carea' id='block_1_62' title="bbox 2045 3396 3612 3472">
    <p class='ocr_par' dir='ltr' id='par_1_62' title="bbox 2045 3396 3612 3472">
     <span class='ocr_line' id='line_1_64' title="bbox 2045 3396 3612 3472; baseline -0.004 -14"><span class='ocrx_word' id='word_1_413' title='bbox 2045 3405 2150 3458; x_wconf 88' lang='lat' dir='ltr'><strong>lius</strong></span> <span class='ocrx_word' id='word_1_414' title='bbox 2186 3403 2281 3456; x_wconf 87' lang='lat' dir='ltr'><strong>tibi</strong></span> <span class='ocrx_word' id='word_1_415' title='bbox 2313 3402 2415 3472; x_wconf 88' lang='lat' dir='ltr'><strong>ipsi</strong></span> <span class='ocrx_word' id='word_1_416' title='bbox 2449 3402 2727 3457; x_wconf 89' lang='lat' dir='ltr'><strong>conscium</strong></span> <span class='ocrx_word' id='word_1_417' title='bbox 2759 3417 2899 3467; x_wconf 89' lang='lat' dir='ltr'><strong>esse,</strong></span> <span class='ocrx_word' id='word_1_418' title='bbox 2936 3401 3079 3471; x_wconf 91' lang='lat' dir='ltr'><strong>quod</strong></span> <span class='ocrx_word' id='word_1_419' title='bbox 3128 3399 3290 3455; x_wconf 85' lang='lat' dir='ltr'><strong>talem</strong></span> <span class='ocrx_word' id='word_1_420' title='bbox 3324 3396 3612 3468; x_wconf 86' lang='lat' dir='ltr'><strong>reportasti</strong></span> 
     </span>
    </p>
   </div>
   <div class='ocr_carea' id='block_1_63' title="bbox 2044 3499 2346 3552">
    <p class='ocr_par' dir='ltr' id='par_1_63' title="bbox 2044 3499 2346 3552">
     <span class='ocr_line' id='line_1_65' title="bbox 2044 3499 2346 3552; baseline 0 -2"><span class='ocrx_word' id='word_1_421' title='bbox 2044 3499 2346 3552; x_wconf 77' lang='lat' dir='ltr'><strong>victoriam.</strong></span> 
     </span>
    </p>
   </div>
   <div class='ocr_carea' id='block_1_64' title="bbox 942 3584 1947 3665">
    <p class='ocr_par' dir='ltr' id='par_1_64' title="bbox 942 3584 1358 3640">
     <span class='ocr_line' id='line_1_66' title="bbox 942 3584 1358 3640; baseline 0.005 -3"><span class='ocrx_word' id='word_1_422' title='bbox 942 3584 1188 3640; x_wconf 81' lang='grc' dir='ltr'><strong>ΚΕΦΑΛ.</strong></span> <span class='ocrx_word' id='word_1_423' title='bbox 1236 3586 1358 3639; x_wconf 83' lang='lat' dir='ltr'><strong>NA&#39;.</strong></span> 
     </span>
    </p>
   </div>
   <div class='ocr_carea' id='block_1_65' title="bbox 2045 3584 3028 3665">
    <p class='ocr_par' dir='ltr' id='par_1_65' title="bbox 2348 3608 3028 3665">
     <span class='ocr_line' id='line_1_67' title="bbox 2348 3608 3028 3665; baseline 0.007 -5"><span class='ocrx_word' id='word_1_424' title='bbox 2348 3646 2351 3647; x_wconf 48' lang='grc' dir='ltr'><strong>ν</strong></span> <span class='ocrx_word' id='word_1_425' title='bbox 2627 3608 2856 3663; x_wconf 84' lang='lat' dir='ltr'>CAPUT</span> <span class='ocrx_word' id='word_1_426' title='bbox 2896 3608 3028 3665; x_wconf 82' lang='lat' dir='ltr'><strong>LIV.</strong></span> 
     </span>
    </p>
   </div>
   <div class='ocr_carea' id='block_1_66' title="bbox 431 3700 1947 3790">
    <p class='ocr_par' dir='ltr' id='par_1_66' title="bbox 431 3700 1941 3776">
     <span class='ocr_line' id='line_1_68' title="bbox 431 3700 1941 3776; baseline 0.003 -24"><span class='ocrx_word' id='word_1_427' title='bbox 431 3700 601 3753; x_wconf 87' lang='grc' dir='ltr'>Ὅταν</span> <span class='ocrx_word' id='word_1_428' title='bbox 635 3700 906 3769; x_wconf 79' lang='grc' dir='ltr'>διαγνοὺς,</span> <span class='ocrx_word' id='word_1_429' title='bbox 935 3703 964 3755; x_wconf 79' lang='grc' dir='ltr'>ὃ</span> <span class='ocrx_word' id='word_1_430' title='bbox 992 3720 1044 3755; x_wconf 92' lang='grc' dir='ltr'><strong>τι</strong></span> <span class='ocrx_word' id='word_1_431' title='bbox 1076 3704 1325 3773; x_wconf 81' lang='grc' dir='ltr'>ποιητέον</span> <span class='ocrx_word' id='word_1_432' title='bbox 1360 3704 1442 3756; x_wconf 86' lang='grc' dir='ltr'><strong>σοί</strong></span> <span class='ocrx_word' id='word_1_433' title='bbox 1471 3704 1590 3756; x_wconf 89' lang='grc' dir='ltr'>ἐστι</span> <span class='ocrx_word' id='word_1_434' title='bbox 1609 3708 1787 3776; x_wconf 77' lang='grc' dir='ltr'>ποιῇς,</span> <span class='ocrx_word' id='word_1_435' title='bbox 1809 3706 1941 3775; x_wconf 83' lang='grc' dir='ltr'>μηδὲ</span> 
     </span>
    </p>
   </div>
   <div class='ocr_carea' id='block_1_67' title="bbox 2045 3700 3610 3790">
    <p class='ocr_par' dir='ltr' id='par_1_67' title="bbox 2112 3718 3610 3790">
     <span class='ocr_line' id='line_1_69' title="bbox 2112 3718 3610 3790; baseline 0.002 -18"><span class='ocrx_word' id='word_1_436' title='bbox 2112 3720 2341 3786; x_wconf 78' lang='lat' dir='ltr'><strong>Quando</strong></span> <span class='ocrx_word' id='word_1_437' title='bbox 2378 3718 2544 3776; x_wconf 86' lang='lat' dir='ltr'><strong>facies</strong></span> <span class='ocrx_word' id='word_1_438' title='bbox 2572 3721 2797 3789; x_wconf 88' lang='lat' dir='ltr'><strong>aliquid,</strong></span> <span class='ocrx_word' id='word_1_439' title='bbox 2834 3737 2959 3775; x_wconf 90' lang='lat' dir='ltr'><strong>cum</strong></span> <span class='ocrx_word' id='word_1_440' title='bbox 3002 3722 3278 3784; x_wconf 81' lang='lat' dir='ltr'><strong>statueris,</strong></span> <span class='ocrx_word' id='word_1_441' title='bbox 3324 3720 3465 3790; x_wconf 90' lang='lat' dir='ltr'><strong>quod</strong></span> <span class='ocrx_word' id='word_1_442' title='bbox 3513 3720 3610 3775; x_wconf 87' lang='lat' dir='ltr'><strong>tibi</strong></span> 
     </span>
    </p>
   </div>
   <div class='ocr_carea' id='block_1_68' title="bbox 359 3792 1947 3881">
    <p class='ocr_par' dir='ltr' id='par_1_68' title="bbox 359 3792 1942 3865">
     <span class='ocr_line' id='line_1_70' title="bbox 359 3792 1942 3865; baseline 0.004 -21"><span class='ocrx_word' id='word_1_443' title='bbox 359 3793 579 3846; x_wconf 84' lang='grc' dir='ltr'>πώποτε</span> <span class='ocrx_word' id='word_1_444' title='bbox 605 3792 784 3865; x_wconf 82' lang='grc' dir='ltr'>φύγῃς</span> <span class='ocrx_word' id='word_1_445' title='bbox 812 3792 1044 3863; x_wconf 78' lang='grc' dir='ltr'>ὀφθῆναι</span> <span class='ocrx_word' id='word_1_446' title='bbox 1100 3795 1361 3863; x_wconf 85' lang='grc' dir='ltr'>πράσσων</span> <span class='ocrx_word' id='word_1_447' title='bbox 1393 3794 1545 3859; x_wconf 85' lang='grc' dir='ltr'>αὐτὸ,</span> <span class='ocrx_word' id='word_1_448' title='bbox 1596 3795 1698 3847; x_wconf 81' lang='grc' dir='ltr'>κᾶν</span> <span class='ocrx_word' id='word_1_449' title='bbox 1725 3793 1942 3851; x_wconf 75' lang='grc' dir='ltr'>ἀλλοῖόν</span> 
     </span>
    </p>
   </div>
   <div class='ocr_carea' id='block_1_69' title="bbox 2045 3792 3609 3881">
    <p class='ocr_par' dir='ltr' id='par_1_69' title="bbox 2046 3812 3609 3881">
     <span class='ocr_line' id='line_1_71' title="bbox 2046 3812 3609 3881; baseline 0.001 -17"><span class='ocrx_word' id='word_1_450' title='bbox 2046 3812 2346 3866; x_wconf 85' lang='lat' dir='ltr'><strong>faciendum</strong></span> <span class='ocrx_word' id='word_1_451' title='bbox 2376 3814 2465 3875; x_wconf 85' lang='lat' dir='ltr'><strong>sit,</strong></span> <span class='ocrx_word' id='word_1_452' title='bbox 2504 3828 2570 3865; x_wconf 91' lang='lat' dir='ltr'><strong>ne</strong></span> <span class='ocrx_word' id='word_1_453' title='bbox 2598 3828 2838 3881; x_wconf 90' lang='lat' dir='ltr'><strong>unquam</strong></span> <span class='ocrx_word' id='word_1_454' title='bbox 2871 3812 3047 3881; x_wconf 80' lang='lat' dir='ltr'><strong>fugias</strong></span> <span class='ocrx_word' id='word_1_455' title='bbox 3096 3813 3288 3876; x_wconf 90' lang='lat' dir='ltr'><strong>videri,</strong></span> <span class='ocrx_word' id='word_1_456' title='bbox 3322 3813 3451 3866; x_wconf 86' lang='lat' dir='ltr'><strong>dum</strong></span> <span class='ocrx_word' id='word_1_457' title='bbox 3480 3813 3609 3867; x_wconf 89' lang='lat' dir='ltr'><strong>illud</strong></span> 
     </span>
    </p>
   </div>
   <div class='ocr_carea' id='block_1_70' title="bbox 357 3884 1947 3971">
    <p class='ocr_par' dir='ltr' id='par_1_70' title="bbox 357 3884 1938 3956">
     <span class='ocr_line' id='line_1_72' title="bbox 357 3884 1938 3956; baseline 0.001 -18"><span class='ocrx_word' id='word_1_458' title='bbox 357 3902 407 3938; x_wconf 91' lang='grc' dir='ltr'><strong>τι</strong></span> <span class='ocrx_word' id='word_1_459' title='bbox 442 3886 489 3937; x_wconf 79' lang='grc' dir='ltr'><strong>οἱ</strong></span> <span class='ocrx_word' id='word_1_460' title='bbox 531 3884 719 3938; x_wconf 81' lang='grc' dir='ltr'>πολλοὶ</span> <span class='ocrx_word' id='word_1_461' title='bbox 750 3884 878 3954; x_wconf 78' lang='grc' dir='ltr'>περὶ</span> <span class='ocrx_word' id='word_1_462' title='bbox 917 3885 1081 3937; x_wconf 80' lang='grc' dir='ltr'>αὐτοῦ</span> <span class='ocrx_word' id='word_1_463' title='bbox 1117 3886 1383 3955; x_wconf 80' lang='grc' dir='ltr'>μέλλωσιν</span> <span class='ocrx_word' id='word_1_464' title='bbox 1411 3886 1833 3956; x_wconf 76' lang='grc' dir='ltr'>ὑπολαμϐάνειν.</span> <span class='ocrx_word' id='word_1_465' title='bbox 1875 3888 1938 3940; x_wconf 75' lang='lat' dir='ltr'><strong>Ei</strong></span> 
     </span>
    </p>
   </div>
   <div class='ocr_carea' id='block_1_71' title="bbox 2045 3884 3609 3971">
    <p class='ocr_par' dir='ltr' id='par_1_71' title="bbox 2045 3902 3609 3971">
     <span class='ocr_line' id='line_1_73' title="bbox 2045 3902 3609 3971; baseline -0.001 -14"><span class='ocrx_word' id='word_1_466' title='bbox 2045 3904 2207 3964; x_wconf 82' lang='lat' dir='ltr'><strong>facis,</strong></span> <span class='ocrx_word' id='word_1_467' title='bbox 2242 3902 2343 3958; x_wconf 85' lang='lat' dir='ltr'><strong>etsi</strong></span> <span class='ocrx_word' id='word_1_468' title='bbox 2378 3904 2529 3956; x_wconf 89' lang='lat' dir='ltr'><strong>multi</strong></span> <span class='ocrx_word' id='word_1_469' title='bbox 2560 3903 2626 3957; x_wconf 90' lang='lat' dir='ltr'><strong>de</strong></span> <span class='ocrx_word' id='word_1_470' title='bbox 2660 3903 2780 3971; x_wconf 90' lang='lat' dir='ltr'><strong>ipso</strong></span> <span class='ocrx_word' id='word_1_471' title='bbox 2809 3903 3175 3970; x_wconf 77' lang='lat' dir='ltr'><strong>existimaturi</strong></span> <span class='ocrx_word' id='word_1_472' title='bbox 3199 3902 3308 3957; x_wconf 90' lang='lat' dir='ltr'><strong>siut</strong></span> <span class='ocrx_word' id='word_1_473' title='bbox 3332 3902 3609 3956; x_wconf 91' lang='lat' dir='ltr'><strong>diversum</strong></span> 
     </span>
    </p>
   </div>
   <div class='ocr_carea' id='block_1_72' title="bbox 361 3975 1947 4060">
    <p class='ocr_par' dir='ltr' id='par_1_72' title="bbox 361 3975 1941 4048">
     <span class='ocr_line' id='line_1_74' title="bbox 361 3975 1941 4048; baseline 0.004 -24"><span class='ocrx_word' id='word_1_474' title='bbox 361 3975 459 4042; x_wconf 80' lang='grc' dir='ltr'><strong>μὲν</strong></span> <span class='ocrx_word' id='word_1_475' title='bbox 533 3975 642 4044; x_wconf 80' lang='grc' dir='ltr'>γὰρ</span> <span class='ocrx_word' id='word_1_476' title='bbox 714 3976 814 4028; x_wconf 82' lang='grc' dir='ltr'><strong>οὐκ</strong></span> <span class='ocrx_word' id='word_1_477' title='bbox 905 3976 1079 4046; x_wconf 82' lang='grc' dir='ltr'>ὀρθῶς</span> <span class='ocrx_word' id='word_1_478' title='bbox 1161 3979 1332 4039; x_wconf 84' lang='grc' dir='ltr'>ποιεῖς</span> <span class='ocrx_word' id='word_1_479' title='bbox 1417 3977 1549 4030; x_wconf 81' lang='grc' dir='ltr'>αὐτὸ</span> <span class='ocrx_word' id='word_1_480' title='bbox 1630 3979 1690 4029; x_wconf 84' lang='grc' dir='ltr'><strong>τὸ</strong></span> <span class='ocrx_word' id='word_1_481' title='bbox 1759 3978 1941 4048; x_wconf 78' lang='grc' dir='ltr'>ἔργον,</span> 
     </span>
    </p>
   </div>
   <div class='ocr_carea' id='block_1_73' title="bbox 2045 3975 3607 4060">
    <p class='ocr_par' dir='ltr' id='par_1_73' title="bbox 2045 3990 3607 4060">
     <span class='ocr_line' id='line_1_75' title="bbox 2045 3990 3607 4060; baseline 0.001 -17"><span class='ocrx_word' id='word_1_482' title='bbox 2045 3990 2360 4060; x_wconf 79' lang='lat' dir='ltr'><strong>quidpiam;</strong></span> <span class='ocrx_word' id='word_1_483' title='bbox 2397 3991 2443 4043; x_wconf 90' lang='lat' dir='ltr'><strong>si</strong></span> <span class='ocrx_word' id='word_1_484' title='bbox 2490 3992 2633 4045; x_wconf 91' lang='lat' dir='ltr'><strong>enim</strong></span> <span class='ocrx_word' id='word_1_485' title='bbox 2677 3992 2782 4045; x_wconf 89' lang='lat' dir='ltr'><strong>tale</strong></span> <span class='ocrx_word' id='word_1_486' title='bbox 2811 4006 2950 4059; x_wconf 91' lang='lat' dir='ltr'><strong>opus</strong></span> <span class='ocrx_word' id='word_1_487' title='bbox 2990 3991 3212 4044; x_wconf 86' lang='lat' dir='ltr'><strong>minime</strong></span> <span class='ocrx_word' id='word_1_488' title='bbox 3256 4000 3399 4045; x_wconf 86' lang='lat' dir='ltr'><strong>recte</strong></span> <span class='ocrx_word' id='word_1_489' title='bbox 3443 3990 3607 4055; x_wconf 86' lang='lat' dir='ltr'><strong>facis,</strong></span> 
     </span>
    </p>
   </div>
   <div class='ocr_carea' id='block_1_74' title="bbox 358 4063 1947 4151">
    <p class='ocr_par' dir='ltr' id='par_1_74' title="bbox 358 4063 1941 4139">
     <span class='ocr_line' id='line_1_76' title="bbox 358 4063 1941 4139; baseline 0.007 -26"><span class='ocrx_word' id='word_1_490' title='bbox 358 4063 547 4128; x_wconf 80' lang='grc' dir='ltr'>φεῦγε,</span> <span class='ocrx_word' id='word_1_491' title='bbox 582 4066 629 4116; x_wconf 78' lang='grc' dir='ltr'><strong>εί</strong></span> <span class='ocrx_word' id='word_1_492' title='bbox 659 4064 715 4116; x_wconf 84' lang='grc' dir='ltr'>δὲ</span> <span class='ocrx_word' id='word_1_493' title='bbox 745 4065 939 4135; x_wconf 79' lang='grc' dir='ltr'>ὀρθῶς,</span> <span class='ocrx_word' id='word_1_494' title='bbox 971 4067 1024 4119; x_wconf 86' lang='grc' dir='ltr'><strong>τί</strong></span> <span class='ocrx_word' id='word_1_495' title='bbox 1072 4067 1210 4138; x_wconf 70' lang='grc' dir='ltr'><strong>φοϐῇ</strong></span> <span class='ocrx_word' id='word_1_496' title='bbox 1254 4070 1379 4130; x_wconf 77' lang='grc' dir='ltr'>τοὺς</span> <span class='ocrx_word' id='word_1_497' title='bbox 1411 4068 1811 4139; x_wconf 78' lang='grc' dir='ltr'>ἐπιπλήξοντας</span> <span class='ocrx_word' id='word_1_498' title='bbox 1842 4072 1941 4124; x_wconf 84' lang='grc' dir='ltr'><strong>οὐκ</strong></span> 
     </span>
    </p>
   </div>
   <div class='ocr_carea' id='block_1_75' title="bbox 2045 4063 3610 4151">
    <p class='ocr_par' dir='ltr' id='par_1_75' title="bbox 2047 4079 3610 4151">
     <span class='ocr_line' id='line_1_77' title="bbox 2047 4079 3610 4151; baseline -0.001 -16"><span class='ocrx_word' id='word_1_499' title='bbox 2047 4083 2201 4150; x_wconf 84' lang='lat' dir='ltr'><strong>fuge;</strong></span> <span class='ocrx_word' id='word_1_500' title='bbox 2234 4082 2279 4135; x_wconf 93' lang='lat' dir='ltr'><strong>si</strong></span> <span class='ocrx_word' id='word_1_501' title='bbox 2314 4096 2441 4134; x_wconf 86' lang='lat' dir='ltr'><strong>vero</strong></span> <span class='ocrx_word' id='word_1_502' title='bbox 2482 4089 2649 4145; x_wconf 86' lang='lat' dir='ltr'><strong>recte,</strong></span> <span class='ocrx_word' id='word_1_503' title='bbox 2684 4081 2877 4151; x_wconf 89' lang='lat' dir='ltr'><strong>ecquid</strong></span> <span class='ocrx_word' id='word_1_504' title='bbox 2929 4079 3085 4135; x_wconf 90' lang='lat' dir='ltr'><strong>times</strong></span> <span class='ocrx_word' id='word_1_505' title='bbox 3128 4095 3222 4135; x_wconf 87' lang='lat' dir='ltr'><strong>eos</strong></span> <span class='ocrx_word' id='word_1_506' title='bbox 3276 4081 3367 4149; x_wconf 89' lang='lat' dir='ltr'><strong>qui</strong></span> <span class='ocrx_word' id='word_1_507' title='bbox 3412 4091 3464 4134; x_wconf 87' lang='lat' dir='ltr'><strong>te</strong></span> <span class='ocrx_word' id='word_1_508' title='bbox 3502 4096 3610 4134; x_wconf 88' lang='lat' dir='ltr'><strong>nou</strong></span> 
     </span>
    </p>
   </div>
   <div class='ocr_carea' id='block_1_76' title="bbox 359 4150 1947 4240">
    <p class='ocr_par' dir='ltr' id='par_1_76' title="bbox 359 4150 560 4219">
     <span class='ocr_line' id='line_1_78' title="bbox 359 4150 560 4219; baseline 0.02 -20"><span class='ocrx_word' id='word_1_509' title='bbox 359 4150 560 4219; x_wconf 61' lang='lat'><strong>(5905);;</strong></span> 
     </span>
    </p>
   </div>
   <div class='ocr_carea' id='block_1_77' title="bbox 2045 4150 2950 4240">
    <p class='ocr_par' dir='ltr' id='par_1_77' title="bbox 2045 4150 2950 4240">
     <span class='ocr_line' id='line_1_79' title="bbox 2045 4150 2950 4240; baseline -0.003 -16"><span class='ocrx_word' id='word_1_510' title='bbox 2045 4181 2194 4225; x_wconf 85' lang='lat' dir='ltr'><strong>recte</strong></span> <span class='ocrx_word' id='word_1_511' title='bbox 2228 4171 2567 4240; x_wconf 85' lang='lat' dir='ltr'><strong>culpabunt?</strong></span> <span class='ocrx_word' id='word_1_512' title='bbox 2774 4150 2777 4151; x_wconf 13' lang='grc' dir='ltr'><em>ν</em></span> <span class='ocrx_word' id='word_1_513' title='bbox 2947 4169 2950 4172; x_wconf 77' lang='grc'><strong>’</strong></span> 
     </span>
    </p>
   </div>
   <div class='ocr_carea' id='block_1_78' title="bbox 938 4291 1947 4356">
    <p class='ocr_par' dir='ltr' id='par_1_78' title="bbox 938 4291 1353 4345">
     <span class='ocr_line' id='line_1_80' title="bbox 938 4291 1353 4345; baseline 0.01 -4"><span class='ocrx_word' id='word_1_514' title='bbox 938 4291 1189 4345; x_wconf 76' lang='grc' dir='ltr'><strong>ΚΕΦΑΛ.</strong></span> <span class='ocrx_word' id='word_1_515' title='bbox 1227 4292 1353 4345; x_wconf 90' lang='lat' dir='ltr'><strong>NE&#39;.</strong></span> 
     </span>
    </p>
   </div>
   <div class='ocr_carea' id='block_1_79' title="bbox 2045 4291 3014 4356">
    <p class='ocr_par' dir='ltr' id='par_1_79' title="bbox 2642 4301 3014 4356">
     <span class='ocr_line' id='line_1_81' title="bbox 2642 4301 3014 4356; baseline 0 -1"><span class='ocrx_word' id='word_1_516' title='bbox 2642 4301 2866 4356; x_wconf 79' lang='lat' dir='ltr'>CAPUT</span> <span class='ocrx_word' id='word_1_517' title='bbox 2905 4301 3014 4355; x_wconf 79' lang='lat' dir='ltr'><strong>LV.</strong></span> 
     </span>
    </p>
   </div>
   <div class='ocr_carea' id='block_1_80' title="bbox 429 4396 1947 4486">
    <p class='ocr_par' dir='ltr' id='par_1_80' title="bbox 429 4396 1936 4477">
     <span class='ocr_line' id='line_1_82' title="bbox 429 4396 1936 4477; baseline 0.009 -30"><span class='ocrx_word' id='word_1_518' title='bbox 429 4396 573 4465; x_wconf 84' lang='grc' dir='ltr'>Πρὸς</span> <span class='ocrx_word' id='word_1_519' title='bbox 600 4398 696 4466; x_wconf 81' lang='grc' dir='ltr'>μὲν</span> <span class='ocrx_word' id='word_1_520' title='bbox 719 4397 780 4449; x_wconf 76' lang='grc' dir='ltr'>τὸ</span> <span class='ocrx_word' id='word_1_521' title='bbox 809 4398 1185 4469; x_wconf 77' lang='grc' dir='ltr'>διεζευγμένον</span> <span class='ocrx_word' id='word_1_522' title='bbox 1217 4404 1458 4475; x_wconf 76' lang='grc' dir='ltr'>μεγάλην</span> <span class='ocrx_word' id='word_1_523' title='bbox 1477 4404 1566 4474; x_wconf 77' lang='grc' dir='ltr'>ἔχε</span> <span class='ocrx_word' id='word_1_524' title='bbox 1594 4405 1767 4471; x_wconf 74' lang='grc' dir='ltr'>ἀξίαν,</span> <span class='ocrx_word' id='word_1_525' title='bbox 1803 4409 1936 4477; x_wconf 83' lang='grc' dir='ltr'>πρὸς</span> 
     </span>
    </p>
   </div>
   <div class='ocr_carea' id='block_1_81' title="bbox 2045 4396 3608 4486">
    <p class='ocr_par' dir='ltr' id='par_1_81' title="bbox 2116 4414 3608 4486">
     <span class='ocr_line' id='line_1_83' title="bbox 2116 4414 3608 4486; baseline -0.002 -15"><span class='ocrx_word' id='word_1_526' title='bbox 2116 4416 2281 4471; x_wconf 85' lang='lat' dir='ltr'><strong>Valde</strong></span> <span class='ocrx_word' id='word_1_527' title='bbox 2323 4419 2545 4486; x_wconf 77' lang='lat' dir='ltr'><strong>dignum</strong></span> <span class='ocrx_word' id='word_1_528' title='bbox 2597 4416 2799 4471; x_wconf 84' lang='lat' dir='ltr'><strong>habeas</strong></span> <span class='ocrx_word' id='word_1_529' title='bbox 2834 4416 2885 4470; x_wconf 93' lang='lat' dir='ltr'><strong>id</strong></span> <span class='ocrx_word' id='word_1_530' title='bbox 2929 4416 3072 4486; x_wconf 88' lang='lat' dir='ltr'><strong>quod</strong></span> <span class='ocrx_word' id='word_1_531' title='bbox 3119 4431 3149 4469; x_wconf 92' lang='lat' dir='ltr'><strong>a</strong></span> <span class='ocrx_word' id='word_1_532' title='bbox 3197 4423 3248 4470; x_wconf 90' lang='lat' dir='ltr'><strong>te</strong></span> <span class='ocrx_word' id='word_1_533' title='bbox 3279 4414 3608 4484; x_wconf 74' lang='lat' dir='ltr'><strong>disiunctum</strong></span> 
     </span>
    </p>
   </div>
   <div class='ocr_carea' id='block_1_82' title="bbox 358 4486 1947 4577">
    <p class='ocr_par' dir='ltr' id='par_1_82' title="bbox 358 4486 1938 4567">
     <span class='ocr_line' id='line_1_84' title="bbox 358 4486 1938 4567; baseline 0.01 -32"><span class='ocrx_word' id='word_1_534' title='bbox 358 4486 416 4535; x_wconf 71' lang='grc' dir='ltr'>τὸ</span> <span class='ocrx_word' id='word_1_535' title='bbox 466 4487 949 4557; x_wconf 82' lang='grc' dir='ltr'>συμπεπλεγμένον</span> <span class='ocrx_word' id='word_1_536' title='bbox 993 4489 1049 4541; x_wconf 81' lang='grc' dir='ltr'>δὲ</span> <span class='ocrx_word' id='word_1_537' title='bbox 1084 4491 1358 4557; x_wconf 78' lang='grc' dir='ltr'>ἀπαξίαν,</span> <span class='ocrx_word' id='word_1_538' title='bbox 1416 4494 1558 4546; x_wconf 73' lang='grc' dir='ltr'>οὕτω</span> <span class='ocrx_word' id='word_1_539' title='bbox 1602 4497 1694 4548; x_wconf 78' lang='grc' dir='ltr'><strong>καὶ</strong></span> <span class='ocrx_word' id='word_1_540' title='bbox 1729 4497 1790 4549; x_wconf 85' lang='grc' dir='ltr'><strong>τὸ</strong></span> <span class='ocrx_word' id='word_1_541' title='bbox 1841 4498 1938 4567; x_wconf 81' lang='grc' dir='ltr'>τὴν</span> 
     </span>
    </p>
   </div>
   <div class='ocr_carea' id='block_1_83' title="bbox 2045 4486 3613 4577">
    <p class='ocr_par' dir='ltr' id='par_1_83' title="bbox 2045 4506 3613 4577">
     <span class='ocr_line' id='line_1_85' title="bbox 2045 4506 3613 4577; baseline -0.003 -14"><span class='ocrx_word' id='word_1_542' title='bbox 2045 4520 2157 4576; x_wconf 88' lang='lat' dir='ltr'><strong>est;</strong></span> <span class='ocrx_word' id='word_1_543' title='bbox 2198 4509 2291 4563; x_wconf 88' lang='lat' dir='ltr'><strong>tibi</strong></span> <span class='ocrx_word' id='word_1_544' title='bbox 2343 4523 2469 4563; x_wconf 90' lang='lat' dir='ltr'><strong>vero</strong></span> <span class='ocrx_word' id='word_1_545' title='bbox 2521 4508 2875 4577; x_wconf 84' lang='lat' dir='ltr'><strong>conjunctum</strong></span> <span class='ocrx_word' id='word_1_546' title='bbox 2916 4507 2970 4561; x_wconf 93' lang='lat' dir='ltr'><strong>in</strong></span> <span class='ocrx_word' id='word_1_547' title='bbox 3016 4506 3162 4560; x_wconf 90' lang='lat' dir='ltr'><strong>nullo</strong></span> <span class='ocrx_word' id='word_1_548' title='bbox 3198 4506 3368 4574; x_wconf 86' lang='lat' dir='ltr'><strong>pretio</strong></span> <span class='ocrx_word' id='word_1_549' title='bbox 3404 4514 3613 4559; x_wconf 86' lang='lat' dir='ltr'><strong>teneas.</strong></span> 
     </span>
    </p>
   </div>
   <div class='ocr_carea' id='block_1_84' title="bbox 362 4573 1947 4669">
    <p class='ocr_par' dir='ltr' id='par_1_84' title="bbox 362 4573 1937 4669">
     <span class='ocr_line' id='line_1_86' title="bbox 362 4573 1937 4669; baseline 0.012 -47"><span class='ocrx_word' id='word_1_550' title='bbox 362 4573 529 4669; x_wconf 73' lang='grc' dir='ltr'>μείζω</span> <span class='ocrx_word' id='word_1_551' title='bbox 571 4576 764 4647; x_wconf 85' lang='grc' dir='ltr'>μερίδα</span> <span class='ocrx_word' id='word_1_552' title='bbox 803 4576 1128 4642; x_wconf 80' lang='grc' dir='ltr'>ἐκλέξασθαι</span> <span class='ocrx_word' id='word_1_553' title='bbox 1160 4582 1295 4650; x_wconf 86' lang='grc' dir='ltr'>πρὸς</span> <span class='ocrx_word' id='word_1_554' title='bbox 1334 4585 1433 4653; x_wconf 81' lang='grc' dir='ltr'><strong>μὲν</strong></span> <span class='ocrx_word' id='word_1_555' title='bbox 1476 4584 1537 4637; x_wconf 80' lang='grc' dir='ltr'>τὸ</span> <span class='ocrx_word' id='word_1_556' title='bbox 1569 4585 1726 4656; x_wconf 88' lang='grc' dir='ltr'>σῶμα</span> <span class='ocrx_word' id='word_1_557' title='bbox 1767 4588 1937 4657; x_wconf 86' lang='grc' dir='ltr'>ἐχέτω</span> 
     </span>
    </p>
   </div>
   <div class='ocr_carea' id='block_1_85' title="bbox 2045 4573 3609 4669">
    <p class='ocr_par' dir='ltr' id='par_1_85' title="bbox 2045 4573 3609 4669">
     <span class='ocr_line' id='line_1_87' title="bbox 2045 4573 3609 4669; baseline -0.006 -14"><span class='ocrx_word' id='word_1_558' title='bbox 2045 4573 2362 4657; x_wconf 24' lang='lat' dir='ltr'><strong>Sic-electio</strong></span> <span class='ocrx_word' id='word_1_559' title='bbox 2393 4573 2915 4669; x_wconf 27' lang='lat' dir='ltr'><strong>majorisvportionis</strong></span> <span class='ocrx_word' id='word_1_560' title='bbox 2944 4604 3194 4669; x_wconf 75' lang='lat' dir='ltr'><strong>respectu</strong></span> <span class='ocrx_word' id='word_1_561' title='bbox 3225 4596 3467 4664; x_wconf 88' lang='lat' dir='ltr'><strong>corporis</strong></span> <span class='ocrx_word' id='word_1_562' title='bbox 3509 4594 3609 4647; x_wconf 89' lang='lat' dir='ltr'><strong>ha-</strong></span> 
     </span>
    </p>
   </div>
   <div class='ocr_carea' id='block_1_86' title="bbox 358 4663 1947 4760">
    <p class='ocr_par' dir='ltr' id='par_1_86' title="bbox 358 4663 1940 4750">
     <span class='ocr_line' id='line_1_88' title="bbox 358 4663 1940 4750; baseline 0.011 -33"><span class='ocrx_word' id='word_1_563' title='bbox 358 4663 532 4731; x_wconf 80' lang='grc' dir='ltr'>ἀξίαν,</span> <span class='ocrx_word' id='word_1_564' title='bbox 561 4668 697 4738; x_wconf 78' lang='grc' dir='ltr'>πρὸς</span> <span class='ocrx_word' id='word_1_565' title='bbox 735 4668 790 4720; x_wconf 84' lang='grc' dir='ltr'><strong>δὲ</strong></span> <span class='ocrx_word' id='word_1_566' title='bbox 826 4671 1111 4724; x_wconf 83' lang='grc' dir='ltr'>κοινωνίαν</span> <span class='ocrx_word' id='word_1_567' title='bbox 1146 4674 1203 4725; x_wconf 78' lang='grc' dir='ltr'><strong>ἐν</strong></span> <span class='ocrx_word' id='word_1_568' title='bbox 1242 4676 1482 4729; x_wconf 79' lang='grc' dir='ltr'>ἑστιάσει</span> <span class='ocrx_word' id='word_1_569' title='bbox 1525 4672 1634 4732; x_wconf 81' lang='grc' dir='ltr'>οἷον</span> <span class='ocrx_word' id='word_1_570' title='bbox 1664 4680 1743 4733; x_wconf 86' lang='grc' dir='ltr'><strong>δεῖ</strong></span> <span class='ocrx_word' id='word_1_571' title='bbox 1771 4681 1940 4750; x_wconf 82' lang='grc' dir='ltr'>φυλά-</span> 
     </span>
    </p>
   </div>
   <div class='ocr_carea' id='block_1_87' title="bbox 2045 4663 3609 4760">
    <p class='ocr_par' dir='ltr' id='par_1_87' title="bbox 2045 4687 3609 4760">
     <span class='ocr_line' id='line_1_89' title="bbox 2045 4687 3609 4760; baseline -0.005 -13"><span class='ocrx_word' id='word_1_572' title='bbox 2045 4692 2168 4747; x_wconf 88' lang='lat' dir='ltr'><strong>bcat</strong></span> <span class='ocrx_word' id='word_1_573' title='bbox 2220 4692 2439 4760; x_wconf 87' lang='lat' dir='ltr'><strong>quidem</strong></span> <span class='ocrx_word' id='word_1_574' title='bbox 2492 4692 2744 4744; x_wconf 90' lang='lat' dir='ltr'><strong>meritum</strong></span> <span class='ocrx_word' id='word_1_575' title='bbox 2782 4690 3153 4758; x_wconf 78' lang='lat' dir='ltr'><strong>condignum,</strong></span> <span class='ocrx_word' id='word_1_576' title='bbox 3212 4687 3304 4741; x_wconf 90' lang='lat' dir='ltr'><strong>sed</strong></span> <span class='ocrx_word' id='word_1_577' title='bbox 3363 4691 3609 4752; x_wconf 86' lang='lat' dir='ltr'><strong>respectu</strong></span> 
     </span>
    </p>
   </div>
   <div class='ocr_carea' id='block_1_88' title="bbox 358 4756 1947 4848">
    <p class='ocr_par' dir='ltr' id='par_1_88' title="bbox 358 4756 1935 4844">
     <span class='ocr_line' id='line_1_90' title="bbox 358 4756 1935 4844; baseline 0.011 -35"><span class='ocrx_word' id='word_1_578' title='bbox 358 4756 443 4822; x_wconf 80' lang='grc' dir='ltr'><strong>ξαι</strong></span> <span class='ocrx_word' id='word_1_579' title='bbox 497 4758 731 4823; x_wconf 76' lang='grc' dir='ltr'>ἀπαξίαν</span> <span class='ocrx_word' id='word_1_580' title='bbox 781 4759 912 4830; x_wconf 78' lang='grc' dir='ltr'>ἔχει.</span> <span class='ocrx_word' id='word_1_581' title='bbox 940 4763 1109 4815; x_wconf 81' lang='grc' dir='ltr'>Ὅταν</span> <span class='ocrx_word' id='word_1_582' title='bbox 1138 4761 1229 4817; x_wconf 70' lang='grc' dir='ltr'><strong>οὖν</strong></span> <span class='ocrx_word' id='word_1_583' title='bbox 1270 4768 1553 4838; x_wconf 77' lang='grc' dir='ltr'>συνεσθίῃς</span> <span class='ocrx_word' id='word_1_584' title='bbox 1604 4772 1823 4843; x_wconf 76' lang='grc' dir='ltr'>ἑταίρῳ,</span> <span class='ocrx_word' id='word_1_585' title='bbox 1860 4775 1935 4844; x_wconf 83' lang='grc' dir='ltr'>μὴ</span> 
     </span>
    </p>
   </div>
   <div class='ocr_carea' id='block_1_89' title="bbox 2045 4756 3611 4848">
    <p class='ocr_par' dir='ltr' id='par_1_89' title="bbox 2045 4775 3611 4848">
     <span class='ocr_line' id='line_1_91' title="bbox 2045 4775 3611 4848; baseline -0.006 -11"><span class='ocrx_word' id='word_1_586' title='bbox 2045 4782 2449 4837; x_wconf 85' lang='lat' dir='ltr'><strong>communionis</strong></span> <span class='ocrx_word' id='word_1_587' title='bbox 2511 4782 2563 4834; x_wconf 91' lang='lat' dir='ltr'><strong>in</strong></span> <span class='ocrx_word' id='word_1_588' title='bbox 2618 4781 2904 4843; x_wconf 85' lang='lat' dir='ltr'><strong>convivio,</strong></span> <span class='ocrx_word' id='word_1_589' title='bbox 2960 4779 3085 4848; x_wconf 89' lang='lat' dir='ltr'><strong>quid</strong></span> <span class='ocrx_word' id='word_1_590' title='bbox 3145 4775 3351 4832; x_wconf 90' lang='lat' dir='ltr'><strong>scilicet</strong></span> <span class='ocrx_word' id='word_1_591' title='bbox 3400 4781 3611 4843; x_wconf 89' lang='lat' dir='ltr'><strong>oportet</strong></span> 
     </span>
    </p>
   </div>
   <div class='ocr_carea' id='block_1_90' title="bbox 359 4844 1947 4937">
    <p class='ocr_par' dir='ltr' id='par_1_90' title="bbox 359 4844 1934 4933">
     <span class='ocr_line' id='line_1_92' title="bbox 359 4844 1934 4933; baseline 0.016 -40"><span class='ocrx_word' id='word_1_592' title='bbox 359 4844 517 4910; x_wconf 82' lang='grc' dir='ltr'>μόνον</span> <span class='ocrx_word' id='word_1_593' title='bbox 570 4844 669 4916; x_wconf 81' lang='grc' dir='ltr'><strong>τὴν</strong></span> <span class='ocrx_word' id='word_1_594' title='bbox 702 4850 837 4919; x_wconf 84' lang='grc' dir='ltr'>πρὸς</span> <span class='ocrx_word' id='word_1_595' title='bbox 875 4852 935 4904; x_wconf 79' lang='grc' dir='ltr'><strong>τὸ</strong></span> <span class='ocrx_word' id='word_1_596' title='bbox 970 4854 1128 4922; x_wconf 88' lang='grc' dir='ltr'>σῶμα</span> <span class='ocrx_word' id='word_1_597' title='bbox 1174 4854 1329 4918; x_wconf 80' lang='grc' dir='ltr'>ἀξίαν</span> <span class='ocrx_word' id='word_1_598' title='bbox 1369 4857 1474 4910; x_wconf 85' lang='grc' dir='ltr'><strong>τῶν</strong></span> <span class='ocrx_word' id='word_1_599' title='bbox 1520 4865 1934 4933; x_wconf 84' lang='grc' dir='ltr'>παρακειμένων</span> 
     </span>
    </p>
   </div>
   <div class='ocr_carea' id='block_1_91' title="bbox 2045 4844 3607 4937">
    <p class='ocr_par' dir='ltr' id='par_1_91' title="bbox 2045 4865 3607 4937">
     <span class='ocr_line' id='line_1_93' title="bbox 2045 4865 3607 4937; baseline -0.007 -8"><span class='ocrx_word' id='word_1_600' title='bbox 2045 4889 2277 4937; x_wconf 85' lang='lat' dir='ltr'><strong>servare,</strong></span> <span class='ocrx_word' id='word_1_601' title='bbox 2332 4873 2516 4926; x_wconf 90' lang='lat' dir='ltr'><strong>minus</strong></span> <span class='ocrx_word' id='word_1_602' title='bbox 2567 4871 2728 4926; x_wconf 84' lang='lat' dir='ltr'><strong>habet</strong></span> <span class='ocrx_word' id='word_1_603' title='bbox 2778 4871 3071 4934; x_wconf 87' lang='lat' dir='ltr'><strong>meritum,</strong></span> <span class='ocrx_word' id='word_1_604' title='bbox 3124 4881 3220 4921; x_wconf 91' lang='lat' dir='ltr'><strong>seu</strong></span> <span class='ocrx_word' id='word_1_605' title='bbox 3271 4865 3607 4934; x_wconf 84' lang='lat' dir='ltr'><strong>dignitatem.</strong></span> 
     </span>
    </p>
   </div>
   <div class='ocr_carea' id='block_1_92' title="bbox 358 4933 1947 5033">
    <p class='ocr_par' dir='ltr' id='par_1_92' title="bbox 358 4933 1935 5033">
     <span class='ocr_line' id='line_1_94' title="bbox 358 4933 1935 5033; baseline 0.015 -49"><span class='ocrx_word' id='word_1_606' title='bbox 358 4933 478 5033; x_wconf 57' lang='grc' dir='ltr'>δρα,</span> <span class='ocrx_word' id='word_1_607' title='bbox 515 4935 650 4990; x_wconf 82' lang='grc' dir='ltr'>ἀλλὰ</span> <span class='ocrx_word' id='word_1_608' title='bbox 682 4941 775 4992; x_wconf 86' lang='grc' dir='ltr'><strong>καὶ</strong></span> <span class='ocrx_word' id='word_1_609' title='bbox 822 4941 920 5010; x_wconf 77' lang='grc' dir='ltr'><strong>τὴν</strong></span> <span class='ocrx_word' id='word_1_610' title='bbox 954 4944 1086 5013; x_wconf 76' lang='grc' dir='ltr'>πρὸς</span> <span class='ocrx_word' id='word_1_611' title='bbox 1117 4946 1207 4998; x_wconf 82' lang='grc' dir='ltr'><strong>τὸν</strong></span> <span class='ocrx_word' id='word_1_612' title='bbox 1242 4948 1549 5017; x_wconf 79' lang='grc' dir='ltr'>ἑστιάτορα,</span> <span class='ocrx_word' id='word_1_613' title='bbox 1585 4947 1693 5003; x_wconf 76' lang='grc' dir='ltr'>οἷον</span> <span class='ocrx_word' id='word_1_614' title='bbox 1726 4954 1805 5005; x_wconf 84' lang='grc' dir='ltr'><strong>δεῖ</strong></span> <span class='ocrx_word' id='word_1_615' title='bbox 1835 4972 1935 5023; x_wconf 75' lang='grc' dir='ltr'><strong>φυ-</strong></span> 
     </span>
    </p>
   </div>
   <div class='ocr_carea' id='block_1_93' title="bbox 2045 4933 3608 5033">
    <p class='ocr_par' dir='ltr' id='par_1_93' title="bbox 2046 4956 3608 5033">
     <span class='ocr_line' id='line_1_95' title="bbox 2046 4956 3608 5033; baseline -0.008 -14"><span class='ocrx_word' id='word_1_616' title='bbox 2046 4962 2274 5032; x_wconf 68' lang='lat' dir='ltr'><strong>Qua’ndo</strong></span> <span class='ocrx_word' id='word_1_617' title='bbox 2322 4965 2485 5033; x_wconf 81' lang='lat' dir='ltr'><strong>igitur</strong></span> <span class='ocrx_word' id='word_1_618' title='bbox 2529 4979 2650 5018; x_wconf 92' lang='lat' dir='ltr'><strong>cum</strong></span> <span class='ocrx_word' id='word_1_619' title='bbox 2687 4962 2859 5016; x_wconf 86' lang='lat' dir='ltr'><strong>sodali</strong></span> <span class='ocrx_word' id='word_1_620' title='bbox 2890 4959 3218 5023; x_wconf 85' lang='lat' dir='ltr'><strong>convivaris,</strong></span> <span class='ocrx_word' id='word_1_621' title='bbox 3273 4972 3384 5011; x_wconf 91' lang='lat' dir='ltr'><strong>non</strong></span> <span class='ocrx_word' id='word_1_622' title='bbox 3433 4956 3608 5010; x_wconf 88' lang='lat' dir='ltr'><strong>solum</strong></span> 
     </span>
    </p>
   </div>
   <div class='ocr_carea' id='block_1_94' title="bbox 354 5020 3608 5124">
    <p class='ocr_par' dir='ltr' id='par_1_94' title="bbox 354 5020 3608 5124">
     <span class='ocr_line' id='line_1_96' title="bbox 354 5020 3608 5124; baseline -0.008 0"><span class='ocrx_word' id='word_1_623' title='bbox 354 5020 637 5124; x_wconf 37' lang='lat' dir='ltr'><strong>lfxoﬁvm&#39;</strong></span> <span class='ocrx_word' id='word_1_624' title='bbox 694 5076 701 5081; x_wconf 88' lang='lat'>&#39;</span> <span class='ocrx_word' id='word_1_625' title='bbox 761 5121 770 5124; x_wconf 88' lang='lat'>_</span> <span class='ocrx_word' id='word_1_626' title='bbox 2044 5020 2305 5124; x_wconf 65' lang='lat' dir='ltr'><strong>respicias</strong></span> <span class='ocrx_word' id='word_1_627' title='bbox 2336 5020 2673 5124; x_wconf 70' lang='lat' dir='ltr'><strong>dignitatem,</strong></span> <span class='ocrx_word' id='word_1_628' title='bbox 2707 5067 2830 5120; x_wconf 80' lang='lat' dir='ltr'><strong>quae</strong></span> <span class='ocrx_word' id='word_1_629' title='bbox 2859 5050 2925 5103; x_wconf 88' lang='lat' dir='ltr'><strong>ad</strong></span> <span class='ocrx_word' id='word_1_630' title='bbox 2961 5064 3160 5117; x_wconf 90' lang='lat' dir='ltr'><strong>corpus</strong></span> <span class='ocrx_word' id='word_1_631' title='bbox 3200 5048 3410 5111; x_wconf 87' lang='lat' dir='ltr'><strong>attinet,</strong></span> <span class='ocrx_word' id='word_1_632' title='bbox 3441 5058 3608 5113; x_wconf 87' lang='lat' dir='ltr'><strong>appo-</strong></span> 
     </span>
    </p>
   </div>
   <div class='ocr_carea' id='block_1_95' title="bbox 355 5112 1947 5211">
    <p class='ocr_par' dir='ltr' id='par_1_95' title="bbox 355 5112 1929 5206">
     <span class='ocr_line' id='line_1_97' title="bbox 355 5112 1929 5206; baseline 0.02 -45"><span class='ocrx_word' id='word_1_633' title='bbox 355 5112 625 5181; x_wconf 80' lang='lat' dir='ltr'><strong>siturum,</strong></span> <span class='ocrx_word' id='word_1_634' title='bbox 680 5121 773 5174; x_wconf 87' lang='lat' dir='ltr'><strong>sed</strong></span> <span class='ocrx_word' id='word_1_635' title='bbox 841 5136 959 5176; x_wconf 83' lang='lat' dir='ltr'><strong>eam</strong></span> <span class='ocrx_word' id='word_1_636' title='bbox 1009 5124 1295 5180; x_wconf 88' lang='lat' dir='ltr'><strong>considera</strong></span> <span class='ocrx_word' id='word_1_637' title='bbox 1352 5126 1708 5199; x_wconf 83' lang='lat' dir='ltr'><strong>dignitatem,</strong></span> <span class='ocrx_word' id='word_1_638' title='bbox 1766 5154 1929 5206; x_wconf 86' lang='lat' dir='ltr'><strong>quam</strong></span> 
     </span>
    </p>
   </div>
   <div class='ocr_carea' id='block_1_96' title="bbox 2045 5112 3615 5211">
    <p class='ocr_par' dir='ltr' id='par_1_96' title="bbox 2045 5112 3615 5211">
     <span class='ocr_line' id='line_1_98' title="bbox 2045 5112 3615 5211; baseline -0.011 -7"><span class='ocrx_word' id='word_1_639' title='bbox 2045 5112 2170 5204; x_wconf 69' lang='lat' dir='ltr'><strong>bere</strong></span> <span class='ocrx_word' id='word_1_640' title='bbox 2234 5112 2424 5202; x_wconf 44' lang='lat' dir='ltr'><strong>debet&quot;</strong></span> <span class='ocrx_word' id='word_1_641' title='bbox 2464 5145 2800 5207; x_wconf 84' lang='lat' dir='ltr'><strong>convivator,</strong></span> <span class='ocrx_word' id='word_1_642' title='bbox 2837 5143 2965 5211; x_wconf 88' lang='lat' dir='ltr'><strong>quid</strong></span> <span class='ocrx_word' id='word_1_643' title='bbox 3012 5140 3272 5194; x_wconf 88' lang='lat' dir='ltr'><strong>nimirum</strong></span> <span class='ocrx_word' id='word_1_644' title='bbox 3313 5143 3524 5206; x_wconf 86' lang='lat' dir='ltr'><strong>oportet</strong></span> <span class='ocrx_word' id='word_1_645' title='bbox 3555 5142 3615 5187; x_wconf 89' lang='lat' dir='ltr'><strong>ut</strong></span> 
     </span>
    </p>
   </div>
   <div class='ocr_carea' id='block_1_97' title="bbox 355 5216 626 5260">
    <p class='ocr_par' dir='ltr' id='par_1_97' title="bbox 355 5216 626 5260">
     <span class='ocr_line' id='line_1_99' title="bbox 355 5216 626 5260; baseline 0.022 -6"><span class='ocrx_word' id='word_1_646' title='bbox 355 5216 626 5260; x_wconf 79' lang='lat' dir='ltr'><strong>servetur.</strong></span> 
     </span>
    </p>
   </div>
   <div class='ocr_carea' id='block_1_98' title="bbox 925 5348 1947 5432">
    <p class='ocr_par' dir='ltr' id='par_1_98' title="bbox 925 5348 1350 5417">
     <span class='ocr_line' id='line_1_100' title="bbox 925 5348 1350 5417; baseline 0.012 -18"><span class='ocrx_word' id='word_1_647' title='bbox 925 5348 1173 5405; x_wconf 78' lang='grc' dir='ltr'><strong>ΚΕΦΑΛ.</strong></span> <span class='ocrx_word' id='word_1_648' title='bbox 1205 5352 1350 5417; x_wconf 73' lang='grc' dir='ltr'><strong>Νςῖο.</strong></span> 
     </span>
    </p>
   </div>
   <div class='ocr_carea' id='block_1_99' title="bbox 2045 5348 3124 5432">
    <p class='ocr_par' dir='ltr' id='par_1_99' title="bbox 2517 5358 3124 5432">
     <span class='ocr_line' id='line_1_101' title="bbox 2517 5358 3124 5432; baseline -0.003 -19"><span class='ocrx_word' id='word_1_649' title='bbox 2517 5362 2685 5432; x_wconf 70' lang='lat'><strong>343</strong></span> <span class='ocrx_word' id='word_1_650' title='bbox 2722 5358 2948 5415; x_wconf 87' lang='lat' dir='ltr'>CAPUT</span> <span class='ocrx_word' id='word_1_651' title='bbox 2989 5358 3124 5411; x_wconf 76' lang='lat' dir='ltr'><strong>LVI.</strong></span> 
     </span>
    </p>
   </div>
   <div class='ocr_carea' id='block_1_100' title="bbox 430 5448 1947 5544">
    <p class='ocr_par' dir='ltr' id='par_1_100' title="bbox 430 5448 1930 5532">
     <span class='ocr_line' id='line_1_102' title="bbox 430 5448 1930 5532; baseline 0.018 -34"><span class='ocrx_word' id='word_1_652' title='bbox 430 5448 553 5501; x_wconf 77' lang='grc' dir='ltr'><strong>Ἐὰν</strong></span> <span class='ocrx_word' id='word_1_653' title='bbox 576 5452 716 5521; x_wconf 83' lang='grc' dir='ltr'>ὑπὲρ</span> <span class='ocrx_word' id='word_1_654' title='bbox 752 5454 980 5527; x_wconf 84' lang='grc' dir='ltr'>δύναμιν</span> <span class='ocrx_word' id='word_1_655' title='bbox 1018 5460 1291 5532; x_wconf 73' lang='grc' dir='ltr'>ἀναλάϐῃς</span> <span class='ocrx_word' id='word_1_656' title='bbox 1319 5478 1372 5513; x_wconf 84' lang='grc' dir='ltr'><strong>τι</strong></span> <span class='ocrx_word' id='word_1_657' title='bbox 1414 5465 1717 5532; x_wconf 82' lang='grc' dir='ltr'>πρόσωπον,</span> <span class='ocrx_word' id='word_1_658' title='bbox 1751 5471 1844 5522; x_wconf 83' lang='grc' dir='ltr'>καὶ</span> <span class='ocrx_word' id='word_1_659' title='bbox 1874 5474 1930 5524; x_wconf 85' lang='grc' dir='ltr'><strong>ἐν</strong></span> 
     </span>
    </p>
   </div>
   <div class='ocr_carea' id='block_1_101' title="bbox 2045 5448 3603 5544">
    <p class='ocr_par' dir='ltr' id='par_1_101' title="bbox 2104 5471 3603 5544">
     <span class='ocr_line' id='line_1_103' title="bbox 2104 5471 3603 5544; baseline -0.001 -17"><span class='ocrx_word' id='word_1_660' title='bbox 2104 5475 2430 5544; x_wconf 71' lang='grc' dir='ltr'>8ἰ”ιιῑίιμιιιιη</span> <span class='ocrx_word' id='word_1_661' title='bbox 2466 5489 2623 5541; x_wconf 87' lang='lat' dir='ltr'><strong>supra</strong></span> <span class='ocrx_word' id='word_1_662' title='bbox 2661 5474 2804 5526; x_wconf 78' lang='lat' dir='ltr'><strong>vires</strong></span> <span class='ocrx_word' id='word_1_663' title='bbox 2850 5471 3158 5541; x_wconf 87' lang='lat' dir='ltr'><strong>susceperis</strong></span> <span class='ocrx_word' id='word_1_664' title='bbox 3189 5483 3504 5539; x_wconf 85' lang='lat' dir='ltr'><strong>personam,</strong></span> <span class='ocrx_word' id='word_1_665' title='bbox 3548 5477 3603 5525; x_wconf 81' lang='lat' dir='ltr'><strong>et</strong></span> 
     </span>
    </p>
   </div>
   <div class='ocr_carea' id='block_1_102' title="bbox 348 5537 1947 5632">
    <p class='ocr_par' dir='ltr' id='par_1_102' title="bbox 348 5537 1929 5625">
     <span class='ocr_line' id='line_1_104' title="bbox 348 5537 1929 5625; baseline 0.014 -33"><span class='ocrx_word' id='word_1_666' title='bbox 348 5537 517 5608; x_wconf 76' lang='grc' dir='ltr'>τούτῳ</span> <span class='ocrx_word' id='word_1_667' title='bbox 538 5542 927 5616; x_wconf 74' lang='grc' dir='ltr'>ἠσχημόνησας</span> <span class='ocrx_word' id='word_1_668' title='bbox 957 5549 1048 5601; x_wconf 71' lang='grc' dir='ltr'>καὶ</span> <span class='ocrx_word' id='word_1_669' title='bbox 1075 5551 1101 5602; x_wconf 82' lang='grc' dir='ltr'><strong>ὂ</strong></span> <span class='ocrx_word' id='word_1_670' title='bbox 1119 5552 1353 5620; x_wconf 77' lang='grc' dir='ltr'>ἡδύνασο</span> <span class='ocrx_word' id='word_1_671' title='bbox 1380 5552 1745 5625; x_wconf 80' lang='grc' dir='ltr'>ἐκπληρῶσαι,</span> <span class='ocrx_word' id='word_1_672' title='bbox 1771 5560 1929 5615; x_wconf 79' lang='grc' dir='ltr'>τοῦτο</span> 
     </span>
    </p>
   </div>
   <div class='ocr_carea' id='block_1_103' title="bbox 2045 5537 3599 5632">
    <p class='ocr_par' dir='ltr' id='par_1_103' title="bbox 2052 5537 3599 5632">
     <span class='ocr_line' id='line_1_105' title="bbox 2052 5537 3599 5632; baseline -0.004 -15"><span class='ocrx_word' id='word_1_673' title='bbox 2052 5580 2083 5617; x_wconf 89' lang='lat' dir='ltr'><strong>n</strong></span> <span class='ocrx_word' id='word_1_674' title='bbox 2111 5564 2210 5617; x_wconf 89' lang='lat' dir='ltr'><strong>hac</strong></span> <span class='ocrx_word' id='word_1_675' title='bbox 2233 5537 2482 5617; x_wconf 74' lang='lat' dir='ltr'><strong>indecore</strong></span> <span class='ocrx_word' id='word_1_676' title='bbox 2508 5537 2558 5617; x_wconf 73' lang='lat' dir='ltr'><strong>te</strong></span> <span class='ocrx_word' id='word_1_677' title='bbox 2581 5564 2815 5632; x_wconf 81' lang='lat' dir='ltr'><strong>gessisti,</strong></span> <span class='ocrx_word' id='word_1_678' title='bbox 2846 5572 2957 5617; x_wconf 90' lang='lat' dir='ltr'><strong>tum</strong></span> <span class='ocrx_word' id='word_1_679' title='bbox 2984 5537 3318 5632; x_wconf 42' lang='lat' dir='ltr'><strong>d—creliquisli</strong></span> <span class='ocrx_word' id='word_1_680' title='bbox 3339 5559 3391 5615; x_wconf 89' lang='lat' dir='ltr'><strong>id</strong></span> <span class='ocrx_word' id='word_1_681' title='bbox 3413 5558 3599 5626; x_wconf 84' lang='lat' dir='ltr'><strong>etiam,</strong></span> 
     </span>
    </p>
   </div>
   <div class='ocr_carea' id='block_1_104' title="bbox 347 5632 1947 5723">
    <p class='ocr_par' dir='ltr' id='par_1_104' title="bbox 347 5632 652 5698">
     <span class='ocr_line' id='line_1_106' title="bbox 347 5632 652 5698; baseline 0.01 -12"><span class='ocrx_word' id='word_1_682' title='bbox 347 5632 652 5698; x_wconf 61' lang='grc' dir='ltr'>κατέλιπες.</span> 
     </span>
    </p>
   </div>
   <div class='ocr_carea' id='block_1_105' title="bbox 2045 5632 2801 5723">
    <p class='ocr_par' dir='ltr' id='par_1_105' title="bbox 2045 5655 2801 5723">
     <span class='ocr_line' id='line_1_107' title="bbox 2045 5655 2801 5723; baseline 0.005 -19"><span class='ocrx_word' id='word_1_683' title='bbox 2045 5655 2177 5722; x_wconf 73' lang='grc' dir='ltr'>μιοἀ</span> <span class='ocrx_word' id='word_1_684' title='bbox 2211 5656 2479 5723; x_wconf 79' lang='lat' dir='ltr'><strong>complere</strong></span> <span class='ocrx_word' id='word_1_685' title='bbox 2512 5655 2801 5723; x_wconf 77' lang='lat' dir='ltr'><strong>potuisses.</strong></span> 
     </span>
    </p>
   </div>
  </div>
