4066 6146
456 252 470 312 .1
488 247 588 310 307
1934 244 2235 308 SPUHIA.

1023 344 1252 414 CAPUT
1313 358 1468 413 Lvu.
2065 367 2108 422 Α
2723 360 2972 414 arma.
3009 357 3134 412 NZ'.

526 471 993 538 Quemadmodum
1038 472 1179 524 inter
1233 472 1621 526 ambulandum
1655 474 1908 539 attendis,
1957 491 2026 529 ne

2211 477 2299 528 Ἐν
2327 475 2404 545 τῷ
2443 474 2764 541 περιπατεῖν
2799 472 3049 541 καθάπερ
3097 468 3390 540 προσέχεις
3423 470 3497 540 μὴ
3525 472 3725 541 ian-.613;

457 563 667 618 insilias
696 561 868 623 clavo,
913 569 1006 614 aut
1034 576 1102 614 ne
1138 571 1288 615 tuum
1321 564 1509 631 pedem
1545 565 1911 634 distorqueas.
1953 568 2026 620 ita

2151 568 2266 637 mp,
2298 569 2330 638 ἢ
2375 567 2613 638 στρέφῃς
2642 565 2735 618 τὸν
2766 565 2902 618 πόδα
2933 580 3050 628 σου,
3081 561 3225 616 οὓτω
3255 561 3488 631 πρόσεχε
3519 564 3594 632 μὴ
3629 567 3724 617 καὶ

452 654 691 716 attende,
742 668 809 707 ne
856 653 930 706 tui
981 654 1145 707 animi
1212 655 1818 725 principatumlaadas;
1865 668 2029 726 alque

2151 658 2188 710 ςὸ
2211 657 2533 728 ἡγεμονικὸν
2565 655 2802 726 βλάϐτῃς
2837 656 2898 707 τὸ
2926 654 3179 717 σεαυτοῦ,
3217 657 3310 706 καὶ
3339 652 3496 706 τοῦτο
3520 653 3615 704 ἐὰν
3640 655 3709 722 ἐφ
3734 659 3746 670 '

452 746 557 800 hoc
592 744 636 799 si
666 759 998 814 unoquoque
1037 745 1088 798 in
1121 761 1285 815 opere
1315 748 1752 815 observabimus,
1779 752 2026 808 securius

2151 750 2360 802 ικάστου
2407 749 2571 818 ἔργου
2604 745 3112 817 παραφυλάξωμεν,
3153 745 3562 827 ἀσφαλέστερον
3587 744 3711 814 ἀιῖὸ-

455 835 890 906 unumquodque
928 851 1066 905 opus
1099 837 1503 906 aggrediemur.

2151 841 2274 894 ιεθα
2310 843 2542 894 ἑκάστου
2574 839 2759 910 ἔργου.

3589 241 3730 305 1308

1017 949 1246 1004 CAPUT
1285 949 1464 1006 LVIII.

523 1060 778 1118 Mensura
813 1065 1182 1134 possessionis
1211 1074 1294 1119 est
1340 1078 1537 1133 corpus
1565 1064 2034 1134 uniuscujusque,

449 1153 610 1209 sicuti
649 1171 742 1223 pes
774 1155 1170 1220 calceamenti;
1228 1156 1272 1210 si
1319 1156 1483 1226 igitur
1523 1155 1578 1210 in
1625 1156 1729 1210 hoc
1775 1156 2030 1220 steteris,

461 1261 776 1302 mensuram
814 1250 1095 1315 servabis;
1149 1251 1233 1303 sin
1265 1250 1667 1318 pertransieris,
1704 1249 1816 1320 jam
1866 1250 2032 1304 veluti

461 1352 557 1405 per
587 1353 826 1407 praeceps
859 1338 988 1393 ferri
1026 1355 1311 1394 necessum
1345 1349 1448 1404 est,
1489 1348 1543 1394 ut
1599 1340 1763 1394 etiam
1813 1339 1866 1393 in
1919 1340 2033 1394 cal-

462 1437 744 1484 ceamento
790 1430 848 1482 fit
892 1431 936 1486 si
987 1432 1174 1500 pedem
1219 1433 1349 1486 illud
1397 1431 1880 1501 superexcesserit,
1922 1431 2034 1484 sive

463 1517 755 1573 deauratus
791 1519 860 1574 sit
889 1521 1127 1585 calceus,
1165 1522 1280 1575 sive
1326 1535 1654 1590 purpureus,
1707 1521 1818 1575 sive
1863 1521 2032 1573 inter-

465 1620 698 1676 punctus
731 1629 743 1664 :
786 1614 905 1680 ejus
935 1612 1102 1675 enim,
1137 1613 1282 1681 quod
1316 1613 1483 1667 semel
1513 1626 1675 1682 supra
1721 1626 2034 1666 mensuram

464 1706 566 1762 est,
599 1699 865 1754 terminus
897 1701 1076 1756 nullus
1100 1712 1203 1756 est.

1054 1811 1280 1867 CAPUT
1319 1812 1460 1868 LIX.

534 1917 778 1974 Femina}
811 1921 994 1976 statim
1032 1923 1157 1976 inde
1199 1924 1268 1978 ab
1309 1925 1468 1978 annis
1497 1921 1908 1992 quatuordecim
1943 1936 2038 1975 vo-

467 2019 659 2064 cantur
700 2027 730 2065 a
765 2012 898 2066 viris
924 2013 1159 2067 domina:
1186 2031 1200 2078 ;
1247 2013 1488 2068 videntes
1541 2014 1704 2083 igitur
1725 2013 1872 2084 quod
1905 2015 2038 2068 nihil

468 2103 616 2157 aliud
657 2103 790 2172 ipsis
834 2114 1103 2173 superest,
1151 2120 1314 2174 quam
1352 2105 1700 2160 solummodo
1733 2106 1934 2160 cubare
1964 2110 2039 2161 si-

469 2193 580 2247 mul
634 2209 756 2247 cum
790 2195 942 2260 viris,
996 2196 1268 2264 incipiunt
1308 2194 1538 2249 formam
1585 2196 1850 2260 excolere,
1892 2204 1946 2249 et
1984 2196 2036 2249 in

469 2283 575 2337 hoc
621 2298 745 2352 spes
787 2300 978 2340 omnes
1030 2285 1248 2342 habere.
1300 2287 1527 2357 Dignum
1580 2294 1663 2341 est
1708 2288 1931 2356 itaque,
1983 2295 2042 2340 ut

469 2373 663 2433 sciant.
696 2374 842 2443 quod
887 2391 993 2428 non
1035 2377 1141 2430 alia
1184 2377 1292 2432 ulla
1335 2377 1402 2430 de
1448 2376 1613 2448 349
1638 2392 1804 2432 causa
1833 2377 2042 2431 honore

469 2463 810 2531 adiciuntur,
857 2481 1019 2536 quam
1065 2482 1132 2520 eo
1189 2469 1334 2537 quod
1380 2479 1642 2538 apparent
1688 2479 1927 2537 ornatae,
1977 2482 2042 2522 ac

472 2558 792 2612 verecunda
817 2558 870 2612 in
903 2559 1284 2629 temperantia.

1063 2670 1285 2729 CAPUT
1323 2673 1434 2727 LX.

541 2782 762 2840 Hebetis
789 2784 990 2854 ingenii
1021 2786 1236 2856 signum
1267 2796 1353 2840 est
1379 2786 1431 2840 in
1462 2786 1567 2850 bis,
1600 2801 1722 2856 qua:
1751 2787 1816 2842 ad
1841 2801 2041 2856 corpus

2708 949 2968 1002 ΚΕΦΑΛ.
3001 949 3137 1003 NH'.

2204 1064 2418 1133 Μέτρον
2450 1063 2694 1130 κτήσεως
2723 1061 2784 1112 τὸ
2814 1060 2971 1130 σῶμα
2995 1059 3228 1113 ἑκάστου
3251 1059 3327 1122 ὡς
3352 1061 3380 1112 ὁ
3414 1059 3550 1124 ποῦς
3586 1061 3726 1116 ὑποσ-

2134 1151 2398 1220 δὴματος.
2446 1149 2569 1202 Ἐὰν
2600 1151 2694 1201 ἐπὶ
2720 1147 2913 1202 τούτου
2945 1152 3100 1219 στῇς,
3135 1148 3390 1217 φυλάξεις
3415 1149 3476 1202 τὸ
3503 1150 3722 1221 μέτρον,

2140 1241 2232 1293 ἐὰν
2256 1240 2312 1292 δὲ
2349 1240 2595 1311 ὑπερϐῇς
2620 1240 2697 1302 ὼς
2725 1240 2866 1292 κατὰ
2889 1240 3135 1310 κρημνοῦ
3165 1240 3349 1294 λοιπὸν
3371 1242 3581 1311 ἀνάγκη
3626 1242 3722 1310 φέ·

2140 1331 2346 1402 ρεσθαι,
2383 1331 2638 1402 καθάπερ
2691 1336 2784 1384 καὶ
2811 1331 2902 1382 ἐπὶ
2925 1331 3017 1384 τοῦ
3048 1332 3412 1402 ὑποδήματος,
3443 1333 3536 1386 ἐὰν
3558 1335 3727 1404 ὑπερ-

2137 1423 2205 1495 ϐῇ
2240 1424 2331 1476 τὸν
2359 1424 2514 1489 πόδα,
2544 1423 2773 1492 γίνεται,
2802 1425 2911 1476 εἴτε
2941 1424 3284 1494 κατάχρυσον
3313 1424 3584 1495 ὑπόδημα,
3616 1425 3727 1478 εἴτε

2136 1515 2471 1585 πορφυροῦν,
2515 1515 2624 1566 εἴτε
2679 1515 2970 1584 κεντητόνο
3011 1514 3106 1566 τοῦ
3149 1516 3257 1585 γάρ
3297 1515 3441 1580 ἅπαξ
3476 1516 3615 1586 ὑπὲρ
3668 1515 3734 1566 τὸ

2141 1606 2340 1677 μέτρον
2363 1607 2484 1677 ὅρος
2523 1605 2696 1668 οὐδείς
2719 1607 2868 1658 ἐστιν

2727 1806 2978 1859 ΚΕΦΑΛ.
3014 1806 3142 1857 NO’.

2210 1920 2274 1970 Ai
2309 1919 2567 1986 γυναῖκες
2591 1918 2753 1978 εὐθὺς
2801 1917 2906 1970 ἀπὸ
2962 1916 3228 1987 τέσσαρες
3278 1917 3373 1969 καὶ
3413 1917 3549 1970 δέκα
3592 1917 3734 1969 ἑτῶν

2141 2010 2246 2062 ὑπὸ
2277 2010 2382 2061 τῶν
2404 2010 2610 2081 ἀνδρῶν
2639 2009 2826 2078 κύριαι
2849 2008 3140 2061 καλοῦνται
3170 2024 3183 2036 ·
3213 2007 3502 2078 τοιγαροῦν
3523 2008 3729 2077 ὁρῶσαι

2140 2101 2224 2152 ὅτι
2246 2100 2372 2154 ἄλλο
2399 2102 2496 2171 μὲν
2522 2101 2676 2153 οὐδὲν
2706 2101 2896 2162 αὑταῖς
2925 2100 3209 2170 πρόσεστι,
3240 2100 3398 2169 μόνον
3423 2099 3477 2151 δὲ
3510 2116 3732 2164 συγκοι-

2145 2189 2348 2258 μᾶσθαι
2384 2191 2495 2252 τοῖς
2523 2189 2802 2258 ἀνδράσιν,
2840 2190 3098 2259 ἄρχονται
3129 2187 3592 2250 καλλωπίζεσθαι,
3622 2190 3732 2241 κάν

2139 2277 2314 2347 τούτῳ
2345 2279 2523 2342 πάσας
2556 2279 2701 2350 ἔχειν
2735 2281 2833 2344 τὰς
2862 2280 3100 2343 ἐλπίδας.
3135 2279 3428 2349 Προσέχειν
3463 2274 3555 2331 οῦν
3586 2277 3734 2342 ἄξιον

2143 2371 2227 2423 ἵνα
2301 2372 2614 2438 αἴσθωνται,
2686 2374 2769 2426 ὅτι
2837 2375 2930 2426 ἐπ’
2993 2372 3164 2426 οὐδενὶ
3230 2373 3375 2442 ἄλλῳ
3435 2369 3730 2440 τιμῶνται,

2142 2464 2172 2533 ἢ
2215 2463 2294 2534 τῷ
2339 2465 2562 2535 κόσμιαι
2603 2465 2917 2534 φαίνεσθαι,
2959 2468 3052 2518 καὶ
3087 2465 3379 2535 αἱδήμονες
3418 2464 3475 2515 ἐν
3514 2480 3730 2533 σωφρο-

2145 2571 2299 2623 συνῃ.

2748 2668 3002 2721 ΚΕΦΛΛ.
3059 2666 3133 2722 Ξ’.

2224 2784 2450 2875 ζΛφυῖας
2481 2785 2704 2853 σημεῖον
2720 2783 2780 2835 τὸ
2802 2783 3158 2852 ἐνδιατρίϐειν
3181 2786 3291 2846 τοῖς
3315 2785 3442 2853 περὶ
3461 2782 3523 2834 τὸ
3551 2782 3734 2856 σῶμα.

471 2875 748 2946 pertinent
774 2875 992 2945 penitus
1021 2876 1251 2941 versari,
1289 2878 1436 2932 velut
1479 2877 1723 2932 exerceri
1765 2887 1824 2931 ut
1867 2878 2041 2948 pluri-

2151 2872 2261 2928 οἷον
2292 2877 2386 2928 ἐπὶ
2438 2875 2572 2928 πολὺ
2620 2874 3032 2944 γυμνάζεσθαι,
3064 2875 3096 2944 ἢ
3130 2876 3222 2927 ἐπὶ
3261 2875 3394 2928 πολὺ
3427 2874 3626 2927 ἐσθίειν
3652 2915 3667 2936 ,
3698 2875 3729 2940 ἦ

473 2983 644 3032 mum,
681 2977 775 3021 aut
808 2967 1040 3022 multum
1087 2968 1392 3034 comedere,
1427 2977 1524 3023 aut
1553 2967 1678 3038 plus
1714 2968 1920 3031 bibere,
1949 2978 2043 3022 aut

2154 2968 2248 3019 ἐπὶ
2275 2967 2410 3020 πολὺ
2439 2967 2635 3030 πίνειν,
2665 2967 2697 3036 ἢ
2727 2967 2820 3019 ἐπὶ
2848 2967 2983 3021 πολὺ
3013 2969 3338 3021 ἀποπατεῖν.
3384 2966 3541 3018 ’Δλλὰ
3567 2964 3732 3017 ταῦτα

473 3067 717 3113 ventrem
775 3056 1120 3128 frequentius
1165 3075 1506 3126 exonerare,
1563 3061 1656 3114 sed
1716 3075 1778 3113 ea
1829 3061 2048 3129 quidem

473 3149 777 3220 peragenda
831 3159 960 3205 sunt
997 3151 1189 3218 obiter,
1223 3153 1406 3207 omnis
1440 3167 1568 3206 vero
1606 3165 1735 3205 cura
1789 3150 1862 3205 sit
1905 3151 2052 3204 circa

475 3251 733 3298 mentem.

1061 3353 1288 3409 CAPUT
1328 3353 1465 3407 LXI.

549 3459 780 3528 Quando
809 3461 1080 3530 quispiam
1129 3463 1271 3516 male
1301 3462 1432 3532 quid
1479 3459 1700 3526 fecerit,
1744 3468 1841 3516 aut
1885 3461 2026 3515 male

479 3552 682 3607 dixerit
729 3551 865 3615 tibi,
907 3561 1199 3617 memento,
1233 3553 1378 3622 quod
1418 3551 1567 3618 facit,
1617 3561 1712 3607 aut
1757 3553 1908 3618 dicit,
1956 3569 2054 3622 pu—

481 3652 603 3696 tans
633 3641 736 3695 sibi
781 3642 1110 3698 conveniens
1157 3658 1312 3709 esse;
1357 3645 1472 3698 fieri
1516 3657 1646 3698 vero
1686 3659 1794 3699 non
1842 3654 2052 3715 potest,

482 3741 542 3787 ut
569 3734 685 3802 ipse
718 3742 981 3803 sequatur
1029 3735 1292 3805 quidquid
1343 3736 1438 3790 tibi
1477 3735 1723 3801 videtur,
1769 3736 1860 3791 sed
1911 3737 2054 3804 quod

484 3825 623 3892 sibi;
665 3825 844 3894 itaque
883 3826 927 3880 si
966 3827 1104 3882 male
1148 3826 1251 3896 ipsi
1286 3827 1572 3890 videatur,
1608 3828 1698 3882 ille
1733 3827 1894 3882 laesus
1933 3837 2013 3882 est
2037 3869 2051 3892 ,

489 3922 678 3982 utpote
705 3913 800 3983 qui
829 3912 929 3967 fuit
961 3917 1239 3983 deceptus.
1301 3914 1358 3969 Si
1391 3916 1513 3985 quis
1544 3916 1744 3971 etenim
1773 3917 2055 3970 veritatem

482 4018 781 4058 conuexam
832 4005 998 4060 fuerit
1047 4006 1304 4076 opinatus
1356 4021 1477 4061 esse
1518 4007 1896 4074 mendacium,
1946 4021 2054 4060 non

484 4095 672 4150 laesum
713 4104 796 4150 est
845 4112 1152 4151 connexum
1183 4098 1429 4168 (scilicet
1475 4099 1799 4166 veritatis),
1834 4099 1927 4153 sed
1972 4097 2054 4159 is,

483 4186 580 4256 qui
623 4185 723 4239 fuit
752 4186 1031 4256 deceptus.
1080 4187 1159 4241 Tu
1205 4203 1335 4260 ergo
1378 4189 1634 4243 incitatus
1659 4189 1726 4242 ab
1758 4188 1862 4250 bis,
1901 4203 2054 4240 man-

2158 3057 2256 3126 μὲν
2286 3059 2342 3109 ὲν
2374 3058 2636 3128 παρέργῳ
2661 3057 2936 3128 ποιητέον,
2978 3059 3107 3129 περὶ
3138 3059 3195 3111 δὲ
3224 3058 3321 3128 τὴν
3349 3057 3574 3127 γνώμην
3598 3055 3736 3107 ἔστω

2155 3151 2188 3218 ἡ
2215 3151 2364 3203 πᾶσα
2394 3151 2725 3220 ἐπιστροφή.

2747 3349 2991 3402 ΚΕΦΑΛ.
3025 3349 3147 3404 ΞΑ’.

2227 3461 2396 3512 Ὅταν
2440 3477 2523 3523 τις
2558 3461 2743 3524 κακῶς
2773 3478 2826 3514 τι
2871 3465 3023 3532 ποιῇ,
3067 3463 3100 3531 ἦ
3133 3462 3323 3523 κακῶς
3359 3480 3417 3515 σε
3449 3462 3598 3534 λέγῃ,
3639 3463 3732 3531 μέ-

2159 3567 2331 3620 μνησο
2355 3552 2436 3603 ὃτι
2456 3551 2719 3621 καθήκειν
2736 3551 2886 3620 αὐτῷ
2907 3552 3157 3621 οἰόμενος
3188 3554 3349 3615 ποιεῖ,
3376 3552 3408 3620 ἢ
3441 3551 3587 3620 λέγει
3609 3553 3734 3620 ὀὐχ

2154 3639 2266 3696 οἷόν
2316 3661 2376 3697 τε
2416 3639 2508 3698 οῦν
2568 3643 2881 3698 ἀκολουθεῖν
2929 3645 3092 3698 αὑτὸν
3136 3643 3213 3716 τῷ
3267 3661 3349 3697 σοι
3394 3643 3732 3714 φαινομένῳ,

2155 3733 2293 3786 ἀλλὰ
2337 3734 2412 3804 τῷ
2446 3734 2617 3805 αὐτῷ,
2658 3734 2800 3788 ὥστε
2833 3737 2880 3789 εξ
2921 3735 3107 3800 κακῶς
3136 3735 3284 3806 αὐτῷ
3317 3736 3572 3804 φαίνεται
3596 3736 3732 3788 ἐκεῖ.

2156 3842 2245 3889 νος
2286 3825 2624 3895 βέϐλαπται,
2657 3827 2806 3890 ὅστις
2848 3825 3039 3898 ὥσπερ
3096 3827 3190 3880 καὶ
3230 3825 3570 3895 ἐξηπάτηται
3595 3841 3609 3854 ·
3645 3824 3732 3876 καὶ

2156 3917 2264 3986 γὰρ
2300 3918 2360 3970 τὺ
2407 3917 2608 3987 ἀληθὲς
2661 3919 3158 3988 συμπεπλεγμένον
3209 3919 3304 3971 ὲάν
3350 3935 3437 3980 τις
3495 3914 3733 3985 ὑπολάϐῃ

2155 4008 2371 4078 ψεῦδος,
2413 4011 2473 4063 οὐ
2520 4011 2579 4064 τὸ
2635 4010 3126 4081 συμπεπλεγμένον
3179 4010 3500 4081 βέΰλαττται,
3545 4007 3656 4062 ἀλλ’
3705 4008 3734 4058 ὁ

2157 4100 2540 4170 ἐξαπατηθείς.
2600 4103 2733 4155 Ἀπὸ
2775 4103 2980 4156 τούτων
3012 4103 3336 4173 ὁρμώμενος
3380 4104 3570 4174 πράως
3599 4099 3734 4164 ἕξεις

2158 4195 2293 4264 πρὸς
2320 4196 2410 4247 τὸν
2433 4195 2774 4265 λοιδοροῦντα
2805 4214 2818 4227 ·
2847 4197 3186 4266 ἐπιφθέγγου
3218 4199 3328 4266 γὰρ
3356 4197 3441 4265 ἐφ’
3476 4195 3726 4255 ἑκάστου,

486 4285 642 4330 sueto
686 4277 794 4331 eris
842 4279 1027 4332 animo
1074 4294 1201 4349 erga
1231 4280 1656 4345 convitiantem;
1695 4279 1835 4332 unde
1889 4279 1943 4332 in
1997 4293 2049 4332 re

2157 4286 2238 4338 ὅτι
2269 4287 2443 4352 ἔδοξεν
2473 4287 2640 4358 αὐτῷ.

486 4368 725 4438 qualibet
777 4370 1042 4440 quidquid
1086 4372 1185 4440 ipsi
1239 4370 1402 4424 fuerit
1444 4371 1624 4425 visum
1670 4369 1960 4439 responde.

1048 4477 1278 4532 CAPUT
1335 4476 1492 4530 LXII.

557 4587 911 4658 Quaecunque
940 4603 1028 4642 res
1057 4588 1194 4644 duas
1234 4589 1396 4644 habet
1429 4605 1613 4657 ansas,
1645 4590 1786 4646 banc
1817 4592 2058 4661 quidem,

492 4695 613 4750 qua’.
657 4681 860 4750 gestari
911 4688 1119 4749 potest,
1163 4679 1389 4734 alteram
1436 4696 1599 4745 vero,
1632 4697 1754 4752 quae
1794 4682 2062 4752 portatilis

491 4784 600 4823 non
628 4778 750 4834 est;
795 4769 840 4823 si
872 4783 1000 4836 ergo
1035 4767 1206 4821 frater
1237 4769 1333 4824 tibi
1373 4769 1575 4824 inferat
1602 4771 1882 4840 injuriam,
1914 4771 2066 4825 illinc

495 4875 561 4915 ne
597 4857 904 4928 prebendas
942 4860 1064 4924 hoc,
1116 4859 1259 4927 quod
1295 4861 1556 4916 nimirum
1593 4859 1723 4916 fecit
1768 4862 2060 4932 injuriam;

494 4951 612 5004 haec
656 4948 800 5004 enim
857 4963 990 5003 ansa
1037 4949 1154 5019 ejus
1197 4960 1314 5018 est,
1359 4967 1481 5020 quae
1531 4953 1738 5023 gestari
1798 4969 1907 5007 non
1968 4968 2065 5023 po-

497 5049 632 5107 test;
679 5056 866 5095 verum
914 5041 1039 5096 inde
1090 5045 1293 5113 potius,
1345 5045 1490 5114 quod
1543 5044 1732 5110 frater,
1781 5045 1927 5115 quod
1977 5062 2066 5100 so-

495 5131 668 5196 dalis,
712 5140 767 5186 et
815 5134 918 5188 hoc
958 5135 1368 5203 apprehendes,
1416 5144 1601 5204 utpote
1635 5135 1780 5204 quod
1819 5145 1905 5189 est
1937 5150 2064 5204 por-

497 5221 666 5273 talilc.

962 5328 1125 5398 350
1160 5329 1389 5386 CAPUT
1429 5329 1608 5384 1.qu

566 5421 952 5488 lIujuscemodi
995 5438 1277 5476 sermones
1310 5433 1439 5476 sunt
1480 5421 1770 5477 inordinati
1815 5439 1826 5474 :
1872 5421 1985 5492 Ego
2020 5433 2068 5477 te

502 5509 819 5577 locupletior
869 5527 1024 5572 sum,
1077 5513 1244 5581 igitur
1281 5529 1382 5582 ego
1439 5523 1488 5566 te
1533 5514 1742 5568 melior.
1810 5513 1888 5567 Illi
1943 5531 2068 5569 vero

508 5599 678 5664 magis
705 5600 936 5654 ordinati
970 5622 980 5655 :
1022 5601 1134 5671 Ego
1165 5613 1214 5656 te
1252 5605 1570 5674 locupletior
1601 5624 1614 5671 ;
1641 5623 1767 5674 ergo
1803 5625 1919 5662 mea
1949 5624 2067 5676 pos-

2747 4487 2996 4542 ΚΕΦΑΛ.
3020 4485 3138 4542 ΞΒ’.

2235 4593 2350 4646 Πᾶν
2377 4595 2611 4664 πρᾶγμα
2646 4595 2740 4649 δύο
2767 4597 2882 4668 ἔχει
2926 4598 3131 4666 λαϐάς,
3165 4598 3265 4668 τὴν
3304 4599 3403 4667 μὲν
3437 4597 3728 4667 ἀφόρητονν

2162 4681 2261 4752 τὴν
2294 4683 2350 4736 δὲ
2385 4686 2626 4756 φορητὴν
2650 4703 2663 4717 ·
2695 4687 2789 4740 ἐὰν
2819 4684 2910 4740 οῦν
2944 4687 3169 4756 ἀδελφός
3198 4705 3256 4740 σε
3283 4687 3463 4757 ἀδικῇ,
3498 4684 3731 4738 ἐντεῦθεν

2164 4773 2297 4825 αὐτὸ
2333 4774 2407 4842 μὴ
2437 4775 2699 4845 λάμϐανε,
2721 4778 2802 4831 ὅτι
2825 4779 3018 4833 ἀδικεῖ’
3057 4778 3194 4849 αὐτὴ
3226 4778 3334 4849 γὰρ
3365 4781 3397 4849 ἡ
3428 4778 3564 4846 λαόή
3598 4777 3732 4828 ἐστιν

2165 4863 2329 4916 αὐτοῦ
2396 4865 2456 4916 οὑ
2532 4868 2740 4938 φορητή
2775 4884 2790 4898 ο
2900 4867 3038 4920 ἀλλὰ
3109 4867 3322 4920 ἐκεῖθεν
3396 4866 3594 4937 μᾶλλον
3655 4864 3730 4916 ὃτι

2165 4953 2410 5023 ἀδελφὸς,
2442 4958 2524 5011 ὅτι
2551 4957 2864 5029 σύντροφος,
2893 4961 2985 5013 καὶ
3016 4958 3164 5032 λήψῃ
3191 4957 3324 5012 αὐτὸ
3346 4957 3482 5012 καθὸ
3512 4953 3732 5026 φορητόν

2167 5061 2336 5102 εστιν.

2738 5333 2987 5386 ΚΕΦΑΛ.
3030 5333 3142 5387 EI".

2238 5417 2395 5479 Οὗτοι
2423 5427 2472 5478 οἱ
2498 5425 2646 5492 λόγοι
2665 5423 3009 5487 ἀσύντακτοι,
3031 5421 3172 5490 Ἐγώ
3207 5439 3300 5475 σου
3327 5419 3730 5488 πλουσιώτερος.

2170 5516 2278 5583 ἐγὼ
2316 5518 2422 5587 ἄρα
2467 5534 2560 5569 σου
2596 5515 2875 5586 κρείττων.
2927 5513 3067 5584 Ἐγώ
3102 5532 3195 5567 σου
3240 5513 3606 5581 λογιώτερος,
3635 5506 3732 5575 ἐγὼ

2174 5626 2265 5661 σου
2298 5609 2402 5677 ἄρα
2445 5607 2707 5677 κρείττων
2737 5625 2750 5638 ο
2799 5607 2994 5659 ἐκεῖνοι
3031 5606 3086 5657 δὲ
3121 5605 3322 5674 μᾶλλον
3376 5601 3729 5658 συντακτικοὶο
