4066 6146
331 265 349 325 1
364 267 485 331 309.

1584 280 1852 344 EPICTE
1862 286 1930 345 I'I
1970 289 2357 358 MANUALE.

3432 307 3573 375 1310

337 381 481 451 Ἐγώ
503 398 597 435 σου
623 382 1042 456 πλουσιώτερος.
1063 386 1127 440 Ἥ
1149 386 1257 460 ἐμὴ
1282 388 1390 461 ἄρα
1423 392 1619 462 κτῆσις
1654 396 1919 467 κρείττων

2024 405 2199 459 sessio
2232 414 2322 459 tua
2354 406 2537 474 potior
2558 416 2675 477 est;
2714 424 2817 481 ego
2844 409 3185 481 eloquentior
3218 424 3289 484 te,
3318 432 3438 474 mea
3466 435 3599 490 ergo

325 475 423 544 τῆς
472 474 594 576 σῆς.
654 474 797 543 Ἐγώ
849 494 943 530 σου
992 478 1340 550 λογιώτερος,
1387 484 1420 555 ὴ
1469 485 1577 556 ἐμὴ
1617 486 1729 557 ἄρα
1774 488 1920 553 λέξις

2023 494 2193 549 dictio
2233 503 2325 551 tua
2356 474 2723 565 praestantior.
2750 474 2835 555 Tu
2869 474 3050 557 autem
3078 518 3179 560 nec
3212 474 3488 575 possessio

325 568 422 635 τῆς
471 567 571 636 σῆς
615 568 914 638 κρείσσων,
972 570 1037 622 σύ
1079 570 1135 622 δέ
1186 587 1249 639 γε
1295 571 1419 626 οὐτε
1467 577 1661 646 κτῆσις
1699 573 1752 631 εἷ
1792 578 1917 632 οὔτε

325 658 490 723 λέξις.

919 772 1169 826 ΚΕΦΑΛ.
1212 770 1329 828 EA’.

396 880 731 948 Λούεταίτις
756 883 990 954 ταχέως,
1024 886 1102 957 μὴ
1127 888 1288 959 εἴπῃς
1316 889 1398 942 δτι
1426 891 1636 958 κακῶς,
1664 892 1802 947 ἀλλά
1832 896 1918 949 ὅτι

322 977 561 1047 ταχέως’
604 975 747 1029 πίνει
773 992 862 1040 τις
902 976 1069 1031 πολὺν
1092 975 1254 1045 οἶνον,
1290 981 1366 1052 μὴ
1392 980 1551 1054 εἴπῃς
1589 985 1671 1038 ὅτι
1705 986 1913 1051 κακῶς,

322 1068 440 1121 ἀλλ’
477 1068 560 1120 ὅτι
597 1067 786 1134 πολὺν,
832 1068 1001 1140 πρινὴ
1036 1071 1146 1141 γὰρ
1191 1071 1286 1125 τοῦ
1319 1074 1521 1140 γνῶναι
1566 1076 1627 1129 τὸ
1660 1077 1914 1148 πρᾶγμα,

321 1156 487 1210 πόθεν
504 1155 661 1211 οἶσθα
672 1159 721 1211 εί
743 1158 932 1224 κακῶς
948 1178 964 1226 ;
981 1160 1170 1224 Οὕτως
1183 1164 1245 1216 οὐ
1264 1162 1445 1235 συμϐή
1454 1165 1605 1219 σεταί
1633 1182 1714 1219 σοι
1740 1165 1916 1221 ἄλλων

326 1245 426 1314 μὲν
473 1247 780 1316 φαντασίας
812 1249 1227 1320 καταληπτικὰς
1260 1252 1564 1323 λαμϐάνειν
1588 1298 1604 1322 ,
1637 1254 1822 1321 ἄλλοις
1855 1257 1912 1310 δὲ

327 1338 847 1406 συγκατατίθεσθαι.

911 1532 1169 1588 ΚΕΦΑΛ.
1201 1533 1318 1591 ΞΕθ.

398 1644 667 1716 Μηδαμοῦ
696 1645 920 1700 σεαυτὸν
954 1647 1118 1720 εἴπῃς
1148 1648 1461 1720 φιλόσοφον,
1501 1651 1640 1723 μηδὲ
1665 1652 1819 1707 λάλει
1854 1615 1949 1709 τὸ⁸

2024 601 2200 655 neque
2241 586 2430 643 dictio.

2578 785 2807 842 CAPUT
2847 787 3031 844 LXIV.

2089 892 2325 951 Lavatur
2369 895 2493 965 quis
2529 898 2678 964 cito,
2710 914 2778 954 ne
2801 900 3044 965 dixeris,
3095 903 3240 973 quod
3275 904 3415 960 male
3438 945 3454 968 ,
3499 908 3593 963 sed

2018 987 2165 1056 quod
2203 987 2485 1056 celeriter;
2522 989 2658 1045 bibit
2686 991 2883 1061 aliquis
2918 993 3149 1048 multum
3179 994 3312 1059 vini,
3346 1010 3415 1052 ne
3436 996 3591 1052 dixe-

2019 1077 2133 1142 ris,
2170 1078 2316 1146 quod
2348 1079 2514 1143 male,
2549 1096 2736 1136 verum
2776 1083 2922 1151 quod
2969 1084 3234 1153 multum;
3275 1089 3592 1159 priusquam

2017 1168 2161 1220 enim
2194 1181 2309 1222 rem
2362 1169 2693 1238 dignoveris,
2747 1175 2887 1228 unde
2920 1176 3030 1230 scis
3061 1177 3108 1231 3i
3138 1177 3311 1232 male?
3358 1176 3451 1234 Sic
3483 1195 3591 1234 non

2017 1258 2294 1331 continget
2325 1259 2422 1315 tibi
2470 1263 2692 1332 assequi
2737 1263 2968 1320 aliorum
3013 1266 3427 1337 imaginationes
3460 1285 3593 1325 con-

2016 1351 2367 1421 prehensioni
2402 1352 2701 1423 subjectas,
2736 1340 2913 1411 autin
2938 1359 3182 1416 eamdem
3209 1360 3441 1417 aliorum
3467 1377 3596 1418 sen-

2017 1445 2238 1499 teiitiam
2270 1444 2624 1502 descendere.

2578 1558 2808 1616 CAPUT
2859 1559 3018 1617 LXV.

2095 1667 2299 1727 Nullibi
2345 1672 2729 1744 philosophum
2768 1674 2998 1744 teipsum
3034 1674 3237 1731 dixeris
3260 1716 3276 1743 ,
3316 1691 3417 1732 nec
3447 1679 3590 1748 apud

331 1737 463 1790 πολὺ
486 1738 543 1789 ὲν
574 1734 810 1801 ἰδιώταις
840 1739 971 1809 περὶ
999 1739 1110 1793 τῶν
1136 1741 1530 1814 θεωρημάτων·
1563 1739 1674 1799 οἷον
1702 1748 1762 1800 ὲν
1783 1763 1922 1819 συμ-

2024 1760 2305 1832 imperitos
2345 1734 2599 1832 plebeios
2637 1734 2868 1819 multum
2920 1766 3130 1835 garrias
3163 1766 3229 1823 de
3260 1734 3588 1838 speculalim

332 1830 524 1898 ποσέῳ,
579 1829 655 1900 μὴ
684 1830 810 1898 λέγε
845 1830 962 1894 πῶς
990 1832 1070 1886 δεῖ
1099 1833 1322 1900 ἐσθίειν,
1349 1835 1466 1890 ἀλλ’
1500 1836 1647 1891 ἔσθιε
1682 1839 1758 1904 ὡς
1786 1839 1874 1900 δεῖ
1899 1857 1915 1873 ο

334 1921 582 1991 μέμνησο
622 1922 731 1992 γὰρ
773 1924 856 1978 ὅτι
903 1922 1076 1989 οὕτως
1116 1927 1497 1999 άφῃρήκεισαν
1541 1932 1591 1984 οἱ
1639 1931 1919 2003 φιλόσοφοι

334 2011 668 2083 πανταχόθεν
696 2012 758 2066 τὸ
788 2014 1158 2071 ἐπιδεικτικὸν
1196 2017 1338 2072 ὥστε
1373 2020 1609 2092 ἤρχοντο
1643 2023 1782 2094 πρὸς
1819 2025 1919 2077 αὐ-

331 2106 458 2167 τοὺς
497 2104 813 2176 βουλόμενοι
849 2108 941 2162 ὐπ’
994 2110 1179 2164 αὐτῶν
1224 2112 1507 2183 φιλόσοφοι
1562 2115 1916 2186 συσταθῆναι,

332 2196 571 2250 κάκεῖνοι
601 2199 888 2269 ἀπήγαγον
910 2202 1128 2268 αὐτούς.
1153 2203 1339 2268 Οὕτως
1365 2206 1641 2277 ἠνείχοντο
1670 2206 1920 2279 παρορώ-

337 2307 511 2358 μενοι.

911 2408 1166 2462 ΚΕΦΛΛ.
1200 2408 1335 2478 scr.

407 2517 568 2570 Ὥστε
605 2517 709 2571 κᾶν
756 2518 881 2589 περὶ
910 2517 1269 2590 θεωρήματός
1317 2537 1463 2587 τινος
1492 2523 1709 2595 ἐμπέσῃ
1750 2526 1909 2595 λόγος

332 2609 390 2660 ὲν
421 2606 679 2671 ἰδιώταις,
714 2608 891 2662 σιώπα
940 2610 999 2663 τὸ
1026 2610 1184 2665 πολύ,
1218 2612 1411 2680 Μέγας
1455 2613 1563 2684 γὰρ
1595 2615 1624 2667 ό
1676 2616 1922 2683 κίνδυνος

333 2698 494 2763 εὐθὺς
540 2700 735 2768 ἐμέσαι
778 2699 814 2754 ἃ
847 2700 948 2753 οὐκ
992 2700 1220 2771 ἐπεψας,
1261 2705 1357 2757 καὶ¹
1388 2705 1517 2758 ὅταν
1558 2705 1688 2777 εἴπῃ
1730 2707 1814 2760 σοί
1840 2725 1922 2772 τις

332 2791 412 2844 ὅτι
456 2790 608 2843 οὐδὲν
658 2786 816 2844 οἶσθα
839 2809 861 2857 ,·
889 2792 985 2845 καὶ
1019 2793 1085 2845 σὺ
1136 2793 1211 2864 μὴ
1250 2795 1496 2866 δειχθῇςο
1531 2797 1654 2851 τότε
1701 2798 1806 2853 ἴσθι
1839 2800 1921 2853 ὅτι

334 2881 477 2950 ἄρχῃ
517 2879 612 2931 τοῦ
656 2881 840 2951 ἔργου·
873 2883 996 2935 ἐπεὶ
1034 2884 1131 2937 καὶ
1175 2886 1242 2940 τὰ
1308 2887 1560 2958 πρόϐατα
1605 2889 1667 2943 οὐ
1727 2891 1921 2962 χόρτον

336 2973 570 3043 φέροντα
591 2975 704 3036 τοῖς
720 2975 973 3045 ποιμέσιν
996 2976 1324 3034 ἐπιδεικνύει
1348 2980 1511 3034 πόσον
1537 2981 1759 3050 ἔφαγεν,
1785 2983 1921 3037 ἀλλὰ

2021 1854 2209 1921 nibus;
2247 1854 2413 1923 velut,
2452 1856 2508 1910 in
2533 1856 2781 1912 convivio
2810 1872 2879 1912 ne
2909 1852 3060 1914 dicas
3090 1860 3362 1929 quomodo
3402 1875 3589 1917 come-

2020 1945 2150 2001 dere
2189 1954 2424 2017 Oportet,
2469 1946 2565 2003 sed
2596 1948 2819 2002 comede
2855 1954 2916 2003 ut
2961 1949 3115 2005 decet
3149 1964 3400 2006 :memor
3442 1953 3587 2007 eni

2020 2043 2158 2100 esto,
2191 2036 2337 2103 quod
2376 2035 2449 2090 ita
2485 2038 2829 2093 sustulerunt
2883 2039 3240 2111 undecunque
3271 2043 3592 2098 ostentatio-

2021 2142 2143 2182 nem
2168 2128 2499 2198 philosophi,
2520 2139 2579 2184 ut
2603 2144 2727 2185 cum
2748 2132 2813 2185 ad
2839 2131 2987 2200 ipsos
3013 2132 3332 2189 accederent
3351 2134 3444 2205 qui
3469 2135 3592 2205 phi-

2022 2219 2232 2287 losophi
2295 2219 2364 2274 ab
2407 2220 2475 2274 iis
2521 2220 2727 2276 institui
2786 2223 3061 2291 volebant,
3109 2225 3186 2279 illi
3236 2224 3587 2296 depellerent,

2024 2310 2115 2365 isti
2140 2318 2321 2364 autem
2356 2311 2430 2364 ita
2453 2310 2754 2381 perferrent
2791 2314 3038 2382 neglecti.

2588 2422 2814 2481 CAPUT
2851 2426 3033 2482 LXVI.

2094 2516 2280 2586 Itaque
2305 2516 2557 2587 quamvis
2584 2519 2726 2587 apud
2765 2520 3005 2589 plebeios
3034 2534 3217 2591 sermo
3245 2518 3496 2578 inciderit
3524 2522 3592 2578 de

2023 2609 2205 2679 aliqua
2235 2610 2628 2679 speculatione,
2673 2610 2830 2682 351
2873 2613 2974 2668 sile
3007 2622 3067 2668 ut
3095 2614 3423 2682 plurimum;
3474 2630 3594 2671 ma-

2024 2717 2190 2772 gnum
2230 2716 2425 2771 nempe
2471 2702 2771 2772 periculum
2820 2712 2905 2759 est
2943 2704 3126 2759 statim
3171 2718 3422 2759 evomere
3469 2720 3594 2776 qua

2025 2808 2133 2847 non
2184 2792 2527 2860 concoxisti;
2577 2802 2633 2847 et
2682 2793 2902 2864 quando
2953 2793 3048 2848 tibi
3088 2793 3232 2850 dicet
3278 2794 3589 2865 quispiam,

2023 2886 2168 2956 quod
2198 2885 2329 2940 nihil
2359 2885 2488 2951 scis,
2531 2893 2586 2941 et
2636 2893 2692 2940 tu
2744 2900 2851 2940 non
2895 2886 3235 2950 ostenderis,
3268 2888 3404 2941 scito
3438 2896 3590 2952 tunc,

2023 2975 2170 3046 quod
2217 2976 2547 3046 principium
2596 2976 2779 3045 operis
2825 2984 2944 3042 est;
2979 2975 3418 3046 quandoquidem
3462 2991 3591 3032 oves

336 3065 433 3133 τὴν
471 3065 644 3136 νομὴν
699 3063 807 3118 ἔσω
880 3065 1150 3136 πέψαντα,
1212 3070 1346 3141 ἐρίῳ
1409 3070 1514 3136 ἔξω
1579 3072 1760 3143 φέρει,
1824 3076 1918 3129 καὶ

2025 3082 2136 3121 non
2203 3067 2495 3122 ostendunt
2530 3067 2843 3135 pastoribus
2886 3076 3150 3134 quantum
3212 3067 3588 3132 comederint,

337 3155 588 3223 γάλακτι.
640 3154 747 3208 Καὶ
808 3155 872 3208 σὺ
922 3156 1102 3209 τοίνυν
1157 3158 1232 3229 μὴ
1280 3159 1349 3213 τά
1416 3159 1752 3233 θεωρήματα
1804 3166 1919 3226 τοῖς

341 3245 578 3308 ἰδιώταις
621 3245 968 3310 ἐπιδείκνυε,
1008 3245 1145 3302 ἀλλὰ
1186 3248 1255 3303 τὰ
1291 3250 1388 3303 ἀπ’
1420 3252 1601 3306 αὐτῶν
1643 3253 1919 3321 πεφθέντα

340 3338 497 3407 ἔργα.

940 3626 1189 3683 ΚΕΦΑΛ.
1223 3626 1339 3687 ΞΖ’.

418 3722 587 3776 Ὅταν
612 3720 845 3786 εὐτελῶς
879 3716 932 3776 εῐ
953 3722 1300 3794 ἡρμοσμένος
1335 3723 1402 3778 τά
1446 3726 1589 3779 κατὰ
1628 3728 1808 3799 σῶμα,
1848 3733 1922 3803 μὴ

345 3814 685 3880 καλλωπίξου
720 3815 812 3868 ἐπὶ
851 3813 1045 3887 τούτῳ.
1082 3815 1220 3885 Μηδ⁹
1260 3814 1328 3869 ἂν
1362 3815 1508 3888 ὕδωρ
1534 3817 1695 3890 πίνῃς
1722 3821 1787 3873 ἑκ
1817 3821 1921 3875 πά-

345 3926 443 3980 σης
477 3908 733 3979 ἀφορμῆς
778 3907 924 3976 λέγε,
961 3908 1042 3960 ὅτι
1093 3906 1238 3977 ὓδωρ
1286 3908 1485 3973 πίνεις,
1534 3908 1636 3964 κᾶν
1687 3911 1925 3981 ἁσκῆσαί

342 4016 472 4053 ποτε
500 3999 636 4067 πρὸς
681 3998 839 4051 πόνον
875 3998 1105 4069 θελήσῃς
1146 3996 1360 4067 σεαυτῷ
1390 3998 1486 4051 καὶ
1531 4000 1604 4070 μὴ
1637 4003 1751 4063 τοῖς
1797 4000 1922 4066 ἔξω.

344 4090 436 4160 Μὴ
461 4091 586 4151 τοὺς
621 4087 941 4158 ἀνδριάντας
969 4086 1343 4159 περιλάμϐανε
1363 4128 1376 4151 ,
1413 4088 1548 4142 ἀλλὰ
1578 4089 1748 4160 διψῶν
1791 4108 1924 4145 ποτε

345 4178 613 4249 σφοδρῶς,
667 4179 967 4232 ὲπίσπασαι
1003 4178 1208 4249 ψυχροῦ
1251 4177 1465 4243 ὓδατος,
1510 4182 1604 4235 καὶ
1630 4182 1922 4250 ἔκπτυσον,

347 4272 444 4325 καὶ
470 4273 660 4342 μηδενὶ
691 4272 872 4342 εἴπῃς.

927 4476 1180 4531 ΚΕΦΑΛ.
1217 4475 1344 4531 EH’.

434 4560 665 4614 ’ἰδιώτου
704 4562 910 4625 στάσις,
953 4563 1046 4617 κα)⁸
1074 4564 1380 4637 χαρακτὴρ,
1420 4565 1677 4635 οὐδεμίαν
1709 4566 1839 4617 ποτε
1867 4563 1927 4628 ἐξ

351 4653 542 4707 ἑαυτοῦ
579 4654 853 4724 προσδοκᾷ
881 4654 1146 4723 ὠφέλειαν
1167 4698 1182 4722 ,
1213 4657 1245 4728 ἢ
1285 4656 1513 4727 βλάϐην,
1543 4657 1658 4711 ἀλλ’
1693 4656 1799 4709 ἀπὸ
1817 4654 1925 4707 τῶν

351 4744 474 4807 ἔξω.
517 4742 811 4812 Φιλοσόφου
859 4744 1069 4807 στάσις,
1098 4745 1193 4798 καὶ
1224 4747 1511 4817 χαρακτὴρ
1561 4748 1743 4799 πᾶσαν
1783 4742 1926 4811 ὠφέ-

349 4835 518 4902 λειαν,
550 4834 646 4888 καὶ
682 4834 906 4905 βλάϐην,
933 4834 993 4899 ἐξ
1020 4836 1213 4889 ἑαυτοῦ
1249 4838 1542 4909 προσδοκᾷ.

933 5032 1185 5086 ΚΕΦΑΔ.
1220 5031 1337 5086 ΞΘ’.

420 5125 659 5194 Σημεῖον
706 5125 1110 5194 προκόπτοντος
1160 5125 1356 5178 οὐδένα
1393 5123 1551 5192 ψέγει
1599 5124 1925 5193 προχείρως,

350 5216 542 5270 οὐδένα
570 5216 863 5285 μέμφεται,
886 5214 1061 5266 οὐδενὶ
1081 5215 1326 5283 ἐγκαλεῖ,
1348 5215 1448 5268 κᾶν
1478 5232 1561 5278 τις
1589 5215 1751 5268 αὐτὸν
1771 5216 1929 5267 ὲπαι-

352 5311 439 5378 νῇ,
483 5307 760 5377 καταγελᾷ
804 5305 897 5359 τοῦ
946 5306 1295 5370 ἐπαινοῦντος
1333 5307 1495 5360 αὐτὸν
1544 5306 1676 5375 παρ’
1719 5305 1929 5374 ἑαυτῷ,

352 5399 452 5453 κᾶν
483 5399 627 5471 ψέγῃ
653 5400 757 5452 οὐκ
800 5399 1173 5465 ἀπολογεῖται.
1207 5399 1452 5469 Περίεισι
1494 5399 1550 5452 δὲ
1594 5397 1850 5468 καθάπερ
1883 5401 1930 5451 οἱ

351 5491 623 5561 ἄρρωστοι
646 5490 874 5543 εὐλαϐοῦ
885 5490 1034 5561 μενοί
1062 5508 1114 5544 τι
1139 5492 1361 5561 κινῆσαι
1382 5489 1490 5544 τῶν
1513 5489 1932 5557 καθισταμένων

353 5582 485 5651 πρὶν
520 5580 676 5649 πῆξιν
706 5580 916 5634 λαϐεῖν.

2020 3157 2243 3212 herbam
2279 3155 2639 3227 proferentes,
2670 3157 2764 3212 sed
2811 3157 2951 3224 lana,
3000 3172 3065 3213 ac
3112 3158 3252 3213 lacte
3284 3158 3592 3227 producunt

2019 3247 2157 3303 foris
2188 3247 2446 3318 pabulum
2471 3285 2487 3310 ,
2535 3262 2661 3302 cum
2707 3248 2854 3302 intus
2895 3249 3265 3305 concoxerint.
3304 3251 3493 3318 Itaque
3533 3258 3590 3304 tu

2023 3354 2246 3409 quoque
2286 3352 2357 3393 ne
2386 3339 2494 3393 cito
2544 3338 2812 3409 imperitis
2860 3339 3259 3409 speculationes
3306 3340 3588 3407 exhibeas,

2020 3429 2115 3484 sed
2171 3443 2338 3501 opera
2379 3427 2448 3484 ab
2493 3427 2561 3482 iis
2610 3426 2854 3499 (scilicet
2904 3428 3400 3500 speculationibus)
3453 3443 3592 3485 con-

2022 3525 2195 3599 ωειλ.

2569 3628 2800 3687 CAPUT
2837 3628 3046 3685 LXVII.

2094 3720 2326 3787 Quando
2365 3719 2598 3776 tenuiter
2635 3720 2907 3790 aptaveris
2947 3734 3047 3784 ea,
3106 3734 3229 3790 quae
3274 3719 3343 3774 ad
3394 3734 3592 3790 corpus

2023 3814 2312 3884 pertinent,
2338 3827 2406 3867 ne
2451 3811 2700 3882 glorieris
2741 3825 2904 3879 super
2952 3811 3090 3877 hoc;
3123 3819 3177 3864 et
3210 3809 3258 3864 si
3302 3824 3368 3864 ex
3399 3812 3592 3880 quavis

2024 3902 2314 3975 occasione
2351 3916 2552 3971 aquam
2582 3900 2761 3966 bibas,
2792 3914 2861 3953 ne
2890 3898 3061 3962 dicas,
3092 3899 3239 3968 quod
3285 3914 3481 3969 aquam
3511 3901 3593 3955 bi-

2027 3986 2146 4052 bis;
2179 4000 2416 4055 cumque
2448 3986 2515 4040 ad
2546 3985 2759 4041 labores
2793 3986 3034 4040 exerceri
3055 3986 3313 4052 volueris,
3345 3986 3439 4041 tibi
3465 3980 3615 4057 ipsi,

2025 4087 2079 4132 et
2116 4091 2225 4132 non
2260 4076 2388 4143 bis,
2437 4076 2531 4146 qui
2587 4086 2715 4131 sunt
2760 4076 3000 4132 exterius
3035 4078 3087 4132 id
3125 4087 3313 4133 notum
3359 4078 3474 4145 fac;
3524 4093 3594 4134 ne

2027 4170 2372 4241 amplectaris
2425 4178 2674 4236 statuas,
2729 4169 2824 4225 sed
2873 4171 3195 4240 quandoque
3249 4170 3594 4226 vehementer

2028 4261 2243 4327 sitiens,
2286 4260 2445 4316 hauri
2481 4259 2732 4331 frigidam
2775 4274 2992 4330 aquam,
3022 4269 3077 4315 et
3115 4275 3311 4331 expue,
3358 4260 3593 4315 nemini-

2027 4368 2134 4423 que
2173 4353 2397 4409 dixeris.

2561 4462 2785 4520 CAPUT
2823 4462 3051 4519 LXVIII.

2098 4557 2322 4620 Plebeii,
2354 4557 2474 4612 sive
2505 4555 2739 4625 imperiti
2774 4564 2968 4620 status,
2987 4564 3041 4610 et
3079 4565 3207 4611 nota
3232 4576 3245 4612 τ
3266 4556 3465 4611 nullam
3490 4572 3594 4611 un~

2028 4663 2192 4717 quam
2240 4663 2304 4701 ex
2343 4647 2524 4715 seipso
2559 4654 2840 4716 exspectat
2871 4647 3158 4702 utilitatem
3183 4686 3200 4711 ,
3234 4654 3328 4701 aut
3372 4662 3593 4711 noxam,

2028 4741 2123 4795 sed
2157 4738 2226 4793 ab
2265 4737 2374 4800 his,
2411 4751 2533 4806 quae
2574 4747 2703 4791 sunt
2736 4746 2910 4792 extra.
2959 4738 3280 4808 PhiIOSOphi
3312 4736 3554 4793 conditio
3580 4777 3595 4801 ,

2027 4841 2082 4885 et
2111 4830 2374 4885 indicium
2429 4844 2648 4885 omnem
2683 4830 2988 4896 utilitatem,
3027 4839 3081 4885 et
3122 4844 3318 4885 noxam
3355 4844 3386 4883 a
3415 4828 3598 4898 seipso

2028 4928 2324 4991 exspectat.

2583 5031 2814 5087 CAPUT
2853 5029 3040 5086 LXIX.

2101 5125 2327 5196 Signum
2357 5124 2690 5193 proﬁcientis
2727 5124 3035 5178 :ncminem
3072 5123 3420 5193 reprehendit
3466 5138 3600 5179 con-

2030 5216 2248 5283 festim,
2297 5215 2564 5269 neminem
2608 5212 2812 5277 laudat,
2851 5213 2918 5266 de
2958 5214 3176 5267 nemine
3211 5213 3596 5282 conqueritur,

2032 5316 2254 5363 accusat
2288 5306 2599 5372 neminem;
2635 5311 2687 5359 et
2718 5304 2762 5358 si
2804 5303 2928 5374 quis
2962 5303 3137 5372 ipsum
3175 5303 3413 5358 dilaudet
3436 5343 3452 5369 ,
3503 5304 3601 5358 dc-

2031 5400 2169 5454 ridct
2199 5398 2360 5468 352
2391 5396 2533 5467 apud
2570 5397 2811 5466 seipsum
2852 5395 3269 5460 dilaudatorem,
3308 5404 3363 5450 et
3400 5396 3445 5451 si
3478 5397 3599 5465 quis

2034 5486 2414 5557 reprehendat,
2447 5501 2553 5539 non
2589 5500 2648 5540 se
2669 5484 2947 5551 defendit;
2975 5485 3230 5540 circumit
3251 5499 3380 5540 vero
3405 5500 3597 5554 quem-

2036 5578 2326 5632 admodum
2370 5575 2595 5640 inlirmi,
2652 5576 2747 5646 qui
2799 5585 2994 5631 cavent
3028 5591 3097 5630 ne
3144 5575 3274 5645 quid
3324 5576 3596 5631 stabilium

2036 5677 2427 5736 commoveant,
2465 5676 2754 5736 antequam
2794 5676 3079 5724 resumaut-
3112 5666 3455 5724 soliditatem.
