4066 6146
1778 331 1783 337 η
1966 290 2266 351 ΞΡΗΒΙΛ.

1057 388 1281 445 CAPUT
1336 389 1494 445 LXX.
2095 403 2140 457 Α

569 495 724 561 Quod
755 495 800 550 si
828 495 951 564 quis
976 495 1042 549 de
1068 505 1119 548 te
1156 498 1282 564 quid
1324 499 1543 565 dixerit,
1596 516 1662 555 ne
1707 501 1986 566 advertas;
2018 502 2070 555 id

503 589 647 643 enim
690 587 929 641 nondum
965 595 1045 640 est
1085 598 1257 641 tuum.

1053 703 1283 759 CAPUT
1335 704 1520 759 LXXI.

575 814 872 879 Quousque
915 811 1131 864 tandem
1180 813 1548 880 procra~tinas
1596 814 1815 881 optimis
1854 813 2073 881 quibus-

503 916 609 968 que
670 898 891 969 dignum
954 899 1184 967 teipsum
1257 900 1555 964 exhibere,
1629 914 1695 953 ac
1764 900 2073 955 nullatenus

506 1006 815 1045 sermonem
893 990 1240 1061 prmtergredi
1272 1036 1279 1043 .
1311 991 1735 1059 explanantem?
1804 990 2072 1059 Accepisti

506 1085 946 1155 speculationes,
1005 1083 1281 1152 quomodo
1330 1083 1589 1136 nimirum
1658 1091 1932 1151 oporteret
1981 1099 2074 1139 eas

508 1177 779 1230 intellectu
831 1175 1069 1244 assequi,
1119 1189 1211 1229 eas
1246 1182 1530 1229 assecutus
1572 1188 1631 1227 es
1664 1191 1678 1227 :
1716 1174 1928 1243 qualem
1976 1175 2075 1228 ad-

509 1266 616 1320 huc
664 1265 943 1319 doctorem
996 1272 1321 1332 exspectas,
1374 1271 1434 1316 ut
1495 1263 1549 1315 in
1612 1263 1703 1316 illo
1774 1262 1850 1315 tui
1905 1262 2077 1330 ipsius

509 1356 898 1411 correctionem
953 1355 1229 1425 reponas?
1258 1352 1375 1408 Non
1422 1354 1717 1407 etiamnum
1763 1355 2077 1409 adolescen-

512 1446 658 1501 tulus
711 1459 807 1512 es,
854 1445 948 1501 sed
997 1448 1080 1498 vir
1105 1445 1218 1515 jam
1275 1454 1432 1499 aatate
1480 1443 1745 1513 perfecta;
1805 1444 1987 1513 itaque
2030 1444 2077 1499 si

506 283 639 348 I311
1778 331 1783 337 η
1966 290 2266 351 SPURIA.
3634 292 3770 358 I312

2767 398 3018 452 κεψΑΑ.
3042 362 3045 365 ’
3069 400 3145 451 οι.

2244 509 2363 560 Ὅτι
2396 507 2439 559 δ’
2474 508 2537 560 ἂν
2570 509 2665 578 ὲρῇ
2691 526 2773 572 τις
2803 511 2927 581 περὶ
2953 510 3070 578 σοῦ,
3104 512 3180 582 μὴ
3212 512 3576 584 ἐπιστρέφου,
3603 516 3774 567 τοῦτο

2174 599 2282 669 γὶρ
2312 599 2410 651 οὐκ
2441 598 2520 651 ἔτι
2550 600 2638 651 σόν
2666 602 2833 655 ἐστιν.

2755 715 3004 768 ΚΕΦΛΛ.
3037 716 3159 768 ΟΛ’.

2245 825 2338 886 Εἰς
2369 826 2521 877 ποῖον
2568 824 2647 879 ἔτι
2681 826 2874 896 χρόνον
2904 828 3178 899 ἀναϐάλλῃ
3222 830 3285 882 τδ
3328 830 3435 884 τῶν
3467 831 3769 900 βελτίστων

2173 912 2358 977 ἀξιοῦν
2387 915 2578 967 ἑαυτὸν
2596 917 2688 968 καὶ
2712 919 2767 968 ἐν
2791 916 2966 969 οὐδενὶ
2997 919 3355 989 παραϐαίνειν
3381 921 3471 975 τὸν
3495 921 3766 990 διαιροῦν-
3796 966 3803 969 .

2173 1022 2242 1060 τα
2266 1006 2445 1075 λόγον;
2487 999 2841 1078 Παρείληφας
2874 1008 2943 1061 τὰ
2975 1009 3333 1079 θεωρήματα,
3367 1006 3449 1075 οἷς
3483 1011 3592 1064 ἔδει
3621 1030 3758 1080 συμ-

2175 1098 2414 1162 ϐάλλειν,
2456 1098 2868 1169 συμϐέϐληκας,-
2898 1104 3048 1155 ποῖον
3070 1101 3397 1157 διδάσκαλον
3429 1104 3760 1173 προσδοκᾷς,

2176 1189 2264 1241 ἵνα
2284 1191 2362 1253 εἰς
2382 1190 2588 1243 ἐκεῖνον
2605 1191 2705 1243 ὑπε
2715 1192 2847 1262 ρθῇς
2867 1191 2965 1262 τὴν
2983 1193 3357 1263 ἐπανόρθωσιν
3380 1194 3478 1264 τὴν
3496 1194 3761 1259 σεαυτοῦ;

2177 1279 2290 1331 Οὐκ
2318 1277 2397 1331 ἔτι
2443 1275 2499 1331 εἴ
2532 1280 2846 1351 μειράκιον,
2877 1280 3012 1333 ἀλλά
3041 1282 3178 1351 ἀνὴρ
3222 1283 3323 1352 ἤδη
3355 1283 3582 1348 τέλειος.
3627 1284 3757 1335 Ἐαι

2176 1368 2268 1423 οὖν
2301 1370 2599 1443 ἀμελήσῃς,
2629 1371 2722 1424 καὶ
2756 1371 3101 1443 ῥαθυμήσῃς,
3132 1375 3226 1426 καὶ
3260 1375 3348 1427 ἀεὶ
3378 1376 3664 1445 προθέσεις
3698 1377 3757 1425 ἐς

2179 1461 2490 1530 προθέσεως
2521 1466 2680 1533 ποιῇς
2711 1466 2805 1518 καὶ
2842 1465 3055 1535 ἡμέρας
3093 1464 3257 1527 ἀλλας
3303 1466 3390 1517 ἐπ’
3426 1464 3613 1527 ἄλλαις
3646 1465 3757 1535 ὁρε-

512 1538 834 1607 neglexeris,
881 1547 934 1592 et
982 1537 1135 1607 piger
1168 1537 1266 1600 sis,
1312 1545 1367 1590 et
1409 1551 1624 1605 semper
1675 1534 1844 1590 facias
1880 1550 2079 1604 pr0po-
2179 1550 2291 1614 ζεις
2340 1551 2456 1620 μεθ’
2499 1551 2563 1616 ἃς
2609 1554 2881 1625 προσέχῃς
2930 1534 3159 1623 σεαυτῷ,
3217 1553 3404 1624 λήσεις
3443 1534 3760 1606 σεαυτὸνδῦ

513 1630 679 1683 situm
716 1643 779 1682 ex
830 1630 1131 1699 proposito,
1175 1637 1336 1696 atque
1383 1627 1518 1681 alios
1564 1626 1683 1681 dies
1736 1641 1900 1696 super
1941 1626 2079 1682 alios

2184 1643 2483 1712 προκόψας,
2526 1644 2641 1696 ἀλλ’
2695 1644 2909 1714 ἰδιώτης
2948 1645 3299 1709 διατελέσεις,
3357 1646 3450 1698 καὶ
3493 1644 3626 1709 ζῶν,
3671 1649 3762 1698 καὶ

511 1718 827 1787 ρνιῐεῐίιιίειὶε
853 1759 868 1782 ,
912 1729 1033 1788 post
1078 1735 1215 1788 quos
1261 1719 1355 1774 tibi
1391 1720 1492 1787 ipsi
1542 1718 1828 1786 attendas,
1880 1718 2131 1799 latebisl

2184 1732 2552 1803 ἀποθνήσκων.
2593 1736 2729 1804 Ἤδη
2764 1731 2857 1788 οῦν
2888 1735 3112 1788 σεαυτὸν
3138 1736 3355 1788 ὲκϐιοῦν
3389 1735 3533 1799 ἔθιζε
3561 1735 3638 1796 ὡς
3672 1737 3760 1787 τέ-

512 1810 767 1878 teipsum,
809 1810 961 1863 nullo
999 1827 1026 1862 a
1069 1820 1120 1864 te
1163 1825 1455 1879 progressu
1499 1809 1665 1874 facto,
1707 1810 1800 1864 scd
1848 1825 1991 1865 unus
2040 1825 2073 1866 θ

2184 1823 2335 1886 λειον,
2367 1824 2442 1886 ὡς
2476 1824 2876 1894 προκόπτοντα,
2909 1827 3002 1878 καὶ
3038 1827 3146 1879 πᾶν
3173 1826 3233 1878 τὸ
3260 1826 3540 1896 βέλτιστον
3574 1826 3763 1895 φαινό-

513 1900 667 1968 plebe
697 1901 905 1964 vivens,
934 1910 1098 1969 atque
1129 1901 1369 1955 moriens
1407 1902 1673 1967 exsistes;
1720 1916 1867 1956 nunc
1908 1901 2072 1969 igitur

2184 1931 2340 1984 μενον
2380 1915 2522 1969 ἔστω
2547 1933 2629 1969 σοι
2676 1917 2841 1987 νόμος
2866 1919 3222 1988 ἀπαράϐατος
3244 1961 3257 1983 ,
3289 1919 3393 1971 κᾶν
3422 1919 3686 1971 ἐπίπονόν
3712 1936 3761 1971 τι

514 1988 839 2044 assuefacito
867 1991 1096 2061 tcipsum
1131 1993 1205 2045 ita
1246 1991 1404 2046 vitam
1434 1991 1647 2063 degere,
1680 2001 1739 2047 ut
1780 1992 2070 2062 perfectus,

2184 2000 2232 2077 ᾖ,
2258 2006 2390 2060 εἴτι
2416 2008 2513 2077 ἡδὺ
2552 2008 2584 2077 ἢ
2615 2008 2900 2081 ἑνδοξον,ἢ
2931 2010 3117 2075 ἄδοξον
3143 2009 3488 2082 προσάγηται
3532 2028 3615 2063 σε.
3651 2012 3765 2064 Μέ-

514 2089 575 2134 ιιι
622 2081 951 2150 proﬁeiens,
997 2090 1050 2136 et
1090 2084 1352 2154 quidquid
1386 2086 1646 2154 optimum
1695 2100 1816 2140 esse
1865 2085 2079 2139 videtur

511 2173 583 2227 sit
604 2172 700 2226 tibi
725 2173 810 2226 lex
839 2174 1184 2239 inviolabilis,
1223 2187 1276 2229 et
1313 2176 1355 2229 si
1378 2168 1709 2230 laboriosum
1734 2176 1835 2242 sit;
1864 2176 1908 2230 si
1948 2176 2081 2246 quid

509 2276 695 2326 suave,
718 2262 763 2317 si
789 2262 918 2332 quid
939 2263 1255 2333 gloriosum,
1271 2273 1365 2319 aut
1388 2265 1812 2334 ignominiosum
1832 2266 1927 2320 tibi
1954 2282 2081 2336 pro-

510 2364 765 2422 ponatur,
795 2364 1083 2418 memento,
1108 2356 1251 2424 quod
1279 2371 1419 2410 nunc
1436 2366 1710 2411 certamen
1732 2365 1909 2419 est,et
1936 2359 2080 2427 quod

508 2462 654 2502 nunc
701 2447 909 2503 instant
958 2447 1230 2518 Olympia,
1272 2463 1482 2518 necque
1549 2448 1818 2504 ullatenus
1856 2449 2072 2505 diﬂcrre

510 2539 657 2604 licet,
692 2548 745 2593 et
772 2538 915 2608 quod
945 2554 1039 2608 per
1078 2555 1239 2593 unam
1278 2540 1507 2607 cladem,
1551 2549 1606 2594 et
1654 2540 2026 2596 remissionem
2056 2582 2071 2607 ,

509 2637 558 2678 et
599 2628 739 2695 perit
793 2643 1110 2698 progressus
1135 2669 1150 2693 ,
1215 2639 1268 2683 et
1302 2631 1561 2685 salvatur.
1616 2630 1820 2688 Paulus
1857 2648 2076 2703 quoque

2179 2114 2350 2166 μνησο
2371 2099 2454 2151 ὅτι
2476 2098 2571 2151 νῦν
2600 2102 2628 2153 ὁ
2659 2099 2829 2168 ἀγὼν,
2862 2103 2959 2156 καὶ
2981 2104 3063 2156 ὅτι
3092 2104 3192 2173 ἤδη
3220 2105 3449 2174 πάρεστι
3479 2102 3766 2170 τὰὈλύμ-

2176 2206 2293 2253 πια,
2337 2190 2431 2243 καὶ
2469 2192 2570 2244 οὐκ
2616 2191 2764 2245 ἐστιν
2802 2194 3208 2248 ἀναϐάλλεσθαι
3250 2195 3351 2248 οὐκ
3396 2195 3499 2259 ἔτι,
3548 2194 3644 2247 καὶ
3683 2196 3764 2247 ὅτι

2178 2280 2328 2350 παρᾶ
2364 2281 2494 2351 μίαν
2544 2277 2714 2353 ἧτταν
2758 2286 2853 2338 καὶ
2883 2284 3087 2340 ἔνδοσιν
3111 2328 3126 2350 ,
3163 2287 3254 2339 καὶ
3294 2287 3592 2338 ἀπόλλυται
3630 2304 3767 2354 προ-

2178 2371 2343 2441 κοπὴ.
2388 2374 2481 2426 καὶ
2525 2373 2777 2439 σώζεται.
2835 2377 2949 2430 Καὶ
2999 2376 3213 2439 Παῦλος
3268 2377 3413 2429 οὕτω
3457 2376 3759 2429 διετέλεσεν

2179 2464 2271 2517 ἐπὶ
2294 2464 2510 2519 πάντων
2551 2467 2807 2536 προάγων
2837 2469 3028 2521 ἑαυτὸν
3071 2469 3262 2538 μηδενὶ
3292 2468 3437 2537 ἄλλῳ
3479 2468 3767 2537 προσέχειν

2181 2550 2214 2621 ἢ
2242 2551 2319 2621 τῷ
2341 2552 2504 2622 λόγωι
2530 2556 2593 2608 σὺ
2614 2555 2669 2608 δὲ
2702 2558 2794 2610 καὶ
2825 2558 2873 2609 εἰ
2910 2558 3078 2626 μήπω
3114 2558 3323 2621 Παῦλος
3347 2553 3417 2624 εἱ,
3445 2558 3520 2620 ὡς
3559 2556 3774 2619 Παῦλος.

2181 2638 2320 2698 εἶναι
2350 2644 2674 2717 βουλόμενος
2716 2649 2957 2718 ὀφείλεις
2989 2649 3162 2720 βιοῦν.

510 2715 669 2813 353
731 2720 811 2813 sic
856 2714 1089 2813 peregit,
1122 2720 1201 2813 in-
1246 2723 1501 2813 omnibus
1563 2724 1801 2793 seipsum
1848 2725 2111 2794 incitans,
2159 2743 2217 2788 ut
2272 2740 2405 2793 nulli
2454 2714 2546 2795 alii
2590 2744 2666 2796 rei
2714 2714 3001 2807 tat-tendat,
3043 2759 3207 2813 quam
3256 2743 3443 2797 verbo.
3490 2741 3571 2795 Tu
3619 2756 3771 2804 vero,

510 2807 611 2861 etsi
664 2806 906 2863 nondum
949 2810 1026 2865 sis
1073 2810 1293 2875 Paulus,
1342 2812 1506 2867 debes
1560 2813 1632 2867 ita
1679 2813 1880 2880 vivere,
1922 2830 1987 2870 ac
2037 2817 2083 2871 si
2122 2823 2360 2883 volueris
2407 2844 2527 2885 esse
2570 2832 2791 2888 Damus,

1054 2924 1282 2981 CAPUT
1321 2925 1532 2982 LXXII.

582 3035 768 3093 Potest
798 3037 1015 3108 quidem
1051 3024 1175 3108 quis
1209 3053 1295 3094 me
1345 3039 1612 3107 occidere,
1668 3041 1866 3097 lazJere
1898 3051 2081 3098 autem

513 3145 759 3187 minime.

1054 3245 1280 3301 CAPUT
1312 3245 1542 3300 LXXIII.

586 3355 852 3431 Praccpit
879 3360 1021 3413 enim
1040 3358 1321 3425 Dominus,
1356 3370 1415 3415 ut
1453 3376 1569 3425 eos,
1600 3361 1692 3431 qui
1720 3376 1826 3416 non
1859 3368 2089 3430 possunt

515 3449 731 3515 laedere,
781 3426 891 3503 ndn
930 3450 1217 3505 timeamus
1241 3491 1255 3515 ,
1301 3450 1488 3504 dicens
1526 3468 1541 3505 :
1581 3468 1601 3504 ι
1639 3449 1715 3504 Ne
1749 3451 1985 3508 timeatis
2022 3454 2091 3508 ab

2761 2947 3011 3000 ΚΕΦΑΛ.
3062 2946 3184 3000 ΟΒ’.

2275 3056 2616 3111 Ἀποκτεϊναι
2641 3057 2738 3126 μὲν
2775 3057 2857 3120 τίς
2889 3075 2957 3128 με
2986 3056 3234 3122 δύναται,
3280 3055 3483 3125 βλάψαι
3531 3054 3585 3107 δὲ
3610 3052 3695 3108 οὔ.

2777 3251 3028 3306 ΚΕΦΔΛ.
3057 3251 3176 3306 ΟΡ.

2266 3363 2609 3433 Παρήγγειλε
2637 3363 2747 3433 γὰρ
2778 3366 2808 3417 ὁ
2844 3363 3050 3433 Κύριος
3080 3366 3157 3434 μὴ
3191 3364 3541 3436 δυναμένους.
3568 3364 3765 3435 βλάψαι

2200 3454 2273 3524 μὴ
2314 3456 2595 3523 φοϐεῖσθαι
2623 3456 2819 3525 λέγων,
2865 3477 2884 3509 ι
2922 3457 3320 3527 Μὴ,φοϐηθῆτε
3345 3458 3453 3512 ἀπὸ
3496 3457 3603 3511 τῶν
3631 3458 3770 3510 ἀπο-

518 3539 629 3603 liis,
661 3540 750 3606 qui
777 3540 1032 3593 occidunt
1055 3555 1275 3608 corpus,
1301 3541 1539 3595 animam
1568 3557 1696 3597 vero
1717 3558 1825 3597 non
1857 3552 2092 3612 possunt

2189 3548 2509 3602 κτεινόντων
2550 3549 2611 3602 τὸ
2656 3548 2836 3619 σῶμα,
2877 3549 2973 3619 τὴν
3022 3549 3079 3602 δὲ
3111 3549 3291 3621 ψυχὴν
3342 3551 3419 3621 μὴ
3458 3548 3769 3619 δυναμένων

521 3630 807 3696 occidere;
857 3630 1042 3687 timete
1090 3647 1219 3686 vero
1266 3633 1439 3703 magis
1480 3648 1626 3699 eum,
1678 3635 1772 3704 qui
1829 3645 2007 3705 potest
2042 3645 2096 3691 et

2192 3641 2530 3705 ἀποκτεῖναι,
2570 3639 2846 3712 φοϐήθητε
2888 3640 2945 3692 δὲ
2992 3641 3192 3709 μᾶλλον
3226 3642 3318 3695 τὸν
3352 3642 3649 3710 δυνάμενον
3676 3639 3769 3690 καὶ

522 3722 783 3790 animam,
819 3732 874 3778 et
922 3739 1119 3794 corpus
1164 3726 1390 3795 perdere
1440 3726 1495 3781 in
1545 3727 1791 3797 gelnenna
1820 3728 1887 3783 ”.
1938 3748 1957 3781 ι
1993 3729 2095 3798 ipsi

2191 3729 2387 3800 ψυχὴν,
2411 3733 2507 3785 καὶ
2534 3730 2693 3800 σῶμα
2720 3731 2981 3786 ἀπολέσαι
3011 3733 3067 3785 ἐν
3097 3732 3311 3805 γεέννῃ.
3340 3751 3357 3783 ι
3386 3731 3546 3802 Λὺτῷ
3573 3733 3607 3801 ἡ
3635 3727 3761 3792 δόξα

519 3813 689 3881 gloria
730 3814 785 3869 in
816 3817 1032 3872 sarcula.
1069 3817 1259 3873 Amen.

525 4038 947 4055 W-

2196 3822 2274 3883 εἰς
2317 3821 2438 3883 τοὺς
2479 3819 2705 3884 αἰῶνας.
2750 3821 2943 3892 Ἀμήν.

1869 4044 2317 4056 υ--ι--υο-ι-

1336 4195 1848 4282 ΔΙ-ΗΓΗΣΙΣ
1876 4194 2103 4280 ΤΟΥ
2148 4188 2488 4281 ΑΓΙΟΥ
2544 4196 2966 4284 ΝΕΙΛΟΥ

522 4377 660 4446 Περὶ
685 4375 902 4446 Πάχων
923 4376 1191 4447 πόλεμον
1219 4376 1507 4444 πορνικὸν
1523 4373 1868 4447 πάσχοντος
1898 4377 1994 4429 καὶ
2021 4375 2581 4447 νικῷντος,ξἝτεροι
2611 4379 2679 4431 δὲ
2696 4376 3007 4446 λέγουσιν,
3026 4373 3180 4432 εἶναι
3203 4378 3310 4433 τοῦ
3343 4379 3655 4447 Ἐυαῃρίου
3694 4374 3768 4447 (ι)

1434 4445 1647 4513 ὁμοίως
1685 4444 1783 4497 καὶ
1819 4448 1850 4498 ὁ
1873 4447 2002 4515 μετ’
2034 4444 2231 4513 αὐτὴν
2265 4444 2626 4515 δοίγματήικὸς
2658 4444 2857 4517 λόγος.

1556 4759 2073 4837 NARRATlO
2136 4759 2217 4837 s.
2273 4760 2358 4835 Ρ.
2403 4714 2735 4838 NNiLI

526 4933 685 5005 335
713 4933 785 4988 De
811 4932 1020 4988 Pachon
1042 4935 1266 5003 patiente
1287 4933 1475 4990 bellum
1498 4935 1868 5009 meretricium,
1893 4943 1940 4988 et
1962 4935 2213 4988 vincente.
2242 4935 2350 5009 Atii
2371 4953 2485 4989 vero
2502 4935 2684 4991 dicunt
2711 4936 2922 5008 Evagrii
2952 4953 3081 5004 esse,
3112 4945 3169 4989 ut
3196 4937 3354 4991 etiam
3374 4935 3622 5009 eum,qui
3650 4934 3775 4989 suto

1668 5006 1920 5073 sequitur,
1949 5020 2237 5058 sermonem
2266 5005 2649 5076 dogmulicum.

1178 5291 1405 5347 CAPUT
1446 5292 1486 5347 l.

601 5402 847 5472 Contigit
888 5403 1201 5472 aliquando,
1221 5413 1282 5457 ut
1302 5403 1515 5458 femina:
1534 5404 1967 5472 concupiscentia
1984 5419 2101 5458 mo-

531 5491 661 5548 lesta
687 5494 816 5547 mihi
834 5502 995 5557 esset,
1014 5509 1078 5549 ac
1100 5503 1211 5548 tum
1235 5495 1289 5549 in
1310 5495 1876 5564 cogitationibus,tum
1900 5496 1952 5548 in
2008 5512 2105 5551 no-

2933 4875 2970 4919 ο

2761 5292 3012 5346 ΚΕΦΑΛ.
3055 5291 3132 5345 A’.

2276 5403 2477 5473 Συνέϐη
2538 5403 2667 5456 ποτὲ
2712 5400 3005 5474 ὀχληθῆνσὶ
3061 5419 3127 5471 με
3180 5400 3444 5472 ἐπιθυμίᾳ
3501 5399 3780 5470 γυναικδς,

2208 5498 2300 5548 καὶ
2344 5497 2649 5565 δυσφορεῖν,
2703 5496 2794 5546 καὶ
2839 5495 2974 5564 πρὸς
3015 5495 3139 5558 τοὺς
3177 5493 3473 5563 λογισμοὺς
3520 5493 3615 5548 καὶ
3650 5491 3780 5562 πρὸς

608 5646 683 5713 (l)
722 5645 845 5702 Erat
872 5649 926 5702 iu
960 5652 1293 5720 manuscrip.
1324 5649 1509 5704 codice
1543 5648 1730 5703 titulus
1762 5667 1774 5679 ο
1800 5649 1891 5702 τοῦ
1918 5649 2077 5715 ἄγίου
2104 5649 2333 5717 Evagrio
2359 5648 2649 5717 ascriptus,
2674 5661 2834 5717 quem
2863 5645 3059 5701 delevi.
3089 5643 3218 5700 Vide
3257 5640 3457 5701 Notas.
