4066 6146
1680 180 1735 199 ι.

294 290 426 365 1313

1534 290 1877 349 EPICTETI
1916 286 2180 346 MANUA
2190 284 2301 344 LE.

3417 279 3552 344 13M

287 420 382 478 τὰς
413 410 714 483 φαντασίας
742 402 843 472 τὰς
884 406 1224 477 νυκτερινὰς,
1258 402 1349 455 καὶ
1384 403 1549 470 ἐγγὺς
1575 404 1863 472 γενόμενος

1989 400 2174 453 :turnis
2192 392 2786 453 visionibusdilliculter
2806 411 2924 451 eam
2944 397 3226 451 tolerarem
3254 413 3269 461 ;
3293 410 3550 465 cumque,

287 504 377 556 τοῦ
414 500 651 567 ἐξελθεῖν
675 501 775 568 τῆς
811 498 1016 566 ἐρήμου
1049 492 1361 555 ἐλαύνοντός
1395 510 1461 563 με
1487 492 1581 545 τοῦ
1615 491 1820 553 πάθους
1843 510 1855 521 ·

288 595 398 656 τοῖς
454 592 552 661 μὲν
583 590 820 658 γείτοσιν
862 587 1014 655 ἐμοῖς
1057 585 1155 637 οὐκ
1204 582 1477 653 ἀνεθέμην
1520 584 1581 634 τὸ
1628 583 1861 651 πρᾶγμα

289 681 409 735 οὔτε
440 681 517 752 τῷ
540 679 840 748 διδασκάλῳ
870 675 1133 745 Εὑλογίῳ,
1181 674 1482 745 λεληθότως
1515 674 1573 726 δέ
1605 674 1862 745 παραϐα-

292 775 395 827 λὼν
441 777 522 836 είς
556 773 656 842 τὴν
703 770 1042 839 πανέρημον,
1086 765 1481 835 συνετύγχανον
1531 765 1862 835 ἐπὶήμέρας

293 863 592 916 δεκαπέντε
618 863 729 922 τοῖς
761 859 898 911 κατὰ
927 857 1027 927 τὴν
1054 857 1253 925 Σκῆτιν
1277 856 1556 925 γηράσασι
1585 856 1864 924 Πατράσιν

295 955 350 1004 ἐν
396 954 462 1021 τῇ
518 950 732 1019 ἐρήμῳ,
782 947 842 998 ἐν
887 938 970 1007 οἷς
1017 941 1086 1014 ἦν
1117 943 1211 997 καί
1254 960 1337 1005 τις
1371 942 1565 1012 Πάχων
1618 940 1863 1010 ὀνόματι,

296 1036 691 1108 ἑϐδομηκοστὸν
720 1035 837 1097 ἔτος
871 1034 1069 1096 ἐλάσας
1104 1034 1411 1103 καθήμενος
1447 1033 1506 1085 ὲν
1543 1034 1609 1101 τῇ
1643 1032 1868 1101 Σκήτει.

296 1128 487 1199 Εὑρὼν
517 1123 608 1179 οὖν
639 1126 802 1179 αὐτὸν
836 1124 1302 1195 ἀσκητικώτερον,
1336 1125 1429 1177 καὶ
1458 1124 1864 1194 ἀκεραιότερον,

296 1220 573 1292 ἐθάρρησα
597 1215 891 1270 ἀναθέσθαι
929 1214 1030 1285 μου
1060 1215 1129 1268 τά
1157 1216 1253 1285 τῆς
1280 1214 1538 1277 διανοίας.
1582 1214 1689 1267 Καὶ
1721 1212 1868 1280 λέγει

302 1328 388 1380 μοι
416 1304 590 1371 οὗτος·
609 1308 700 1375 Μὴ
726 1306 906 1376 ξενίσῃ
939 1323 997 1358 σε
1028 1306 1088 1358 τὸ
1111 1308 1362 1376 πράγμαο
1390 1307 1450 1357 οὐ
1487 1308 1716 1374 πάσχεις
1739 1303 1868 1360 αὐτὸ

302 1401 409 1453 ἀπὸ
444 1398 735 1469 ῥᾳθυμίας,
768 1397 1037 1465 μαρτυρεῖ
1064 1395 1175 1465 γάρ
1216 1412 1297 1446 σοι
1343 1394 1436 1447 καὶ
1468 1396 1496 1446 6
1542 1394 1726 1458 τόπος,
1776 1392 1870 1445 καὶ

303 1493 389 1547 διὰ.
411 1492 508 1559 τὴν
540 1491 731 1542 σπάνιν
756 1487 864 1539 τῶν
888 1486 1109 1557 χρειῶν,
1139 1486 1233 1540 καὶ
1258 1486 1346 1539 διὰ
1371 1486 1430 1537 τὸ
1466 1486 1542 1555 μὴ
1580 1480 1717 1537 εἶναι
1744 1501 1871 1537 συν-

304 1582 490 1649 τυχίαν
535 1580 642 1633 τῶν
693 1577 941 1647 θηλειῶν,
1001 1576 1137 1629 ἀλλὰ
1199 1575 1397 1646 μᾶλλον
1451 1575 1558 1627 ἀπὸ
1606 1573 1867 1643 σπουδῆς.

306 1670 576 1739 Τριπλοῦς
603 1669 710 1738 γάρ
755 1669 901 1720 ἐστιν
929 1667 956 1716 ὁ
988 1666 1222 1736 πόλεμος
1241 1667 1270 1718 6
1293 1665 1547 1737 πορνικός
1568 1682 1581 1695 ·
1610 1664 1741 1716 ποτὲ
1773 1663 1873 1735 μὲν

1967 490 2319 560 compellente
2335 504 2420 542 me
2436 488 2709 558 passione,
2736 505 2898 560 prope
2919 489 3110 551 forem,
3132 498 3188 542 ut
3209 504 3239 542 e
3262 488 3554 543 solitudine

1967 582 2340 645 abscedercm,
2371 582 2562 636 vicinis
2577 583 2711 636 meis
2732 583 3044 651 neutiquam
3066 581 3276 635 narravi
3299 596 3435 645 rem,
3458 598 3554 636 ne-

1967 688 2073 742 que
2090 674 2349 741 magiStro
2384 673 2632 739 Eulogio,
2659 673 2795 727 clam
2821 688 2950 727 vero
2992 672 3359 741 pertransiens
3380 674 3444 725 ad
3471 674 3552 724 lo-
3570 656 3586 676 ’

1968 778 2092 818 cum
2117 762 2338 816 omnino
2357 762 2629 816 desertum
2675 763 2899 817 conveni
2940 778 3035 831 per
3086 762 3396 830 quindecim
3438 763 3555 816 dies

1969 868 2083 919 eos,
2107 853 2200 923 qui
2227 853 2367 907 circa
2394 850 2589 907 Scetim
2621 861 3021 907 consenuerant
3043 852 3094 906 in
3142 853 3432 907 solitudine
3456 852 3557 907 Pa-

1974 949 2106 1002 tres,
2129 954 2269 1008 quos
2291 941 2450 1005 inter,
2472 949 2527 994 et
2546 939 2764 1010 quidam
2787 952 2901 993 erat
2915 941 3128 996 Pachon
3145 943 3365 996 nomine
3384 943 3474 1012 qui
3492 944 3557 996 ad

1972 1045 2173 1099 annum
2199 1038 2518 1099 pervenerat
2556 1032 3037 1101 septuagesimum,
3096 1033 3480 1102 residebatque
3504 1036 3557 1088 in

1975 1116 2162 1187 Scete;
2189 1129 2381 1176 nactus
2403 1122 2567 1192 igitur
2591 1123 2762 1193 ipsum
2789 1125 3240 1188 exercitatiorem,
3265 1135 3426 1194 atque
3446 1127 3560 1179 sin-

1974 1211 2264 1278 ceriorem,
2297 1213 2633 1266 conﬁdenter
2658 1228 2825 1268 ausus
2847 1230 2964 1268 sum
2988 1229 3121 1268 meae
3143 1216 3342 1271 mentis
3362 1232 3559 1269 arcana

1973 1315 2262 1371 exponere,
2300 1317 2363 1358 ac
2392 1318 2631 1358 narrare.
2654 1303 2807 1359 Tunc
2841 1304 2926 1359 hic
2950 1303 3081 1358 mihi
3112 1305 3240 1360 dicit
3262 1335 3327 1347 -ε
3368 1325 3381 1360 :
3408 1306 3485 1361 Ne
3511 1317 3562 1361 te

1984 1395 2262 1461 perturbet
2296 1395 2569 1463 negotium
2598 1395 2971 1462 hujuscemodi
2997 1397 3152 1465 quasi
3190 1412 3390 1452 novum
3420 1417 3433 1464 ;
3465 1416 3563 1453 nec

1976 1485 2119 1536 enim
2151 1484 2201 1538 id
2235 1486 2435 1552 pateris
2464 1501 2492 1538 e
2529 1487 2762 1555 pigritia,
2803 1496 3090 1543 attestatur
3113 1489 3314 1575 quippe
3339 1491 3441 1545 hoc
3467 1492 3562 1545 tibi

1977 1573 2131 1629 locus
2153 1574 2287 1644 ipse,
2313 1583 2425 1629 tum
2474 1587 2695 1645 propter
2738 1577 2971 1646 inopiam
3012 1593 3193 1632 rerum
3230 1573 3564 1635 necessaria-

1982 1682 2122 1727 rum,
2173 1674 2285 1718 tum
2316 1666 2477 1720 etiam
2499 1667 2625 1735 quia
2655 1666 2980 1723 feminarum
3002 1684 3108 1723 non
3125 1678 3209 1724 est
3229 1670 3316 1724 hic
3334 1686 3563 1725 conver-

303 1765 335 1833 ἡ
385 1761 519 1832 σὰρξ
552 1762 682 1830 ἡμῖν
731 1750 1032 1811 ἐπιτίθεται
1093 1756 1464 1825 εὐρωστοῦσα,
1524 1755 1655 1807 ποτὲ
1704 1754 1760 1807 δὲ
1808 1753 1875 1806 τὰ

1989 1756 2140 1818 satio,
2174 1757 2263 1810 sed
2284 1757 2465 1825 potius
2503 1758 2771 1823 astudio;
2811 1760 3000 1828 triplex
3042 1769 3123 1814 est
3143 1761 3338 1815 etenim
3362 1760 3563 1816 bellum

304 1854 450 1924 πάθη
484 1853 573 1906 διὰ
601 1852 709 1905 τῶν
748 1849 1046 1920 λογισμῶν,
1098 1848 1229 1902 ποτὲ
1278 1848 1336 1901 δὲ
1365 1847 1459 1900 καὶ
1490 1846 1651 1909 αὐτὸς
1700 1847 1728 1898 ὁ
1759 1844 1878 1897 δαί-

308 1964 422 2015 μων
459 1947 524 2016 τῇ
577 1943 859 2014 βασκανίᾳ,
909 1940 1019 2009 ἐγὼ
1064 1940 1173 2010 γὰρ
1223 1938 1621 2010 παρατηρήσας
1669 1934 1881 2005 εὕρηκα

304 2036 479 2088 τοῦτο.
531 2035 661 2088 Ἰδοὺ
704 2033 779 2095 ὡς
806 2033 937 2103 ὁρᾷς
971 2048 1037 2101 με
1076 2031 1307 2101 γέροντα
1339 2029 1649 2101 ἄνθρωπον,
1686 2043 1882 2079 τεσσα-

309 2129 541 2197 ράκοντα
584 2126 699 2187 ἔτος
723 2123 861 2194 ἔχων
888 2124 945 2177 ἐν
977 2122 1149 2193 ταύτῃ
1172 2125 1237 2191 τῇ
1274 2120 1435 2191 κέλλῃ
1463 2116 1764 2190 φροντίζων
1784 2118 1882 2187 τῆς

309 2215 547 2285 ἐμαυτοῦ
600 2198 905 2283 σωτηρίας,
944 2214 1038 2266 καὶ
1076 2214 1280 2282 ταύτην
1326 2212 1464 2282 ἔχων
1515 2211 1613 2280 τὴν
1661 2208 1882 2277 ἡλικίαν

312 2309 473 2377 μέχρι
498 2306 690 2359 τούτου
722 2302 1073 2374 πειράζομαι,
1109 2304 1205 2357 καὶ
1240 2303 1512 2372 διώμνυτο
1541 2302 1622 2353 ὅτι
1654 2302 1747 2352 ἐπὶ
1780 2299 1882 2351 δώ-

308 2400 437 2450 δεκα
471 2397 563 2468 ἐτη
599 2396 738 2467 μετὰ
780 2395 841 2447 τὸ
874 2393 1239 2461 πεντηκοστὸν
1294 2392 1433 2455 ἔτος,
1480 2392 1540 2444 οὐ
1591 2390 1760 2443 νύκτα
1794 2408 1881 2460 μοι

312 2488 719 2560 συνεχώρησαν,
749 2487 847 2559 οὐχ
875 2486 1085 2556 ἡμέραν
1122 2484 1509 2550 ἐπιτιθέμενοι.
1562 2482 1884 2552 Ἐπινοήσας

309 2575 422 2641 οὖν,
452 2581 538 2631 ὅτι
565 2578 772 2647 ἀπέστη
811 2593 911 2647 μου
942 2578 971 2629 6
999 2575 1151 2639 Θεὸς,
1187 2575 1267 2627 διὸ
1300 2574 1392 2627 καὶ
1423 2571 1885 2627 καταδυναστεύο·

314 2688 432 2738 μαι,
508 2669 851 2739 ᾑρετισάμην
898 2665 1188 2721 ἀποθανεῖν
1232 2664 1463 2732 ἀλόγως,
1508 2664 1541 2735 ἢ
1582 2663 1743 2717 πάθει
1784 2662 1888 2714 σώ-

318 2778 482 2830 ματος
514 2759 972 2831 ἐνασχημονῆσαι,
1005 2743 1098 2809 καλ
1141 2754 1394 2822 ἐξελθὼν,
1445 2756 1538 2807 καὶ
1582 2751 1886 2823 περιελθὼν

313 2850 410 2918 τὴν
442 2849 668 2919 ἔρημον,
709 2843 864 2917 εὗρον
898 2842 1413 2917 σπήλαιον’ὑαίνης,
1444 2847 1524 2908 είς
1557 2846 1585 2898 ὃ
1619 2845 1885 2916 σπήλαιον

316 2941 487 3008 ἔθηκα
515 2938 748 3008 ἐμαυτὸν
770 2941 827 2990 ὲν
857 2939 1038 3008 ἡμέρα
1066 2936 1293 3005 γυμνὸν,
1321 2926 1407 2990 ἵνα
1430 2936 1712 3003 ἐξελθόντα
1739 2938 1885 3008 φάγῃ

318 3047 385 3099 με
410 3031 476 3083 τὰ
516 3028 713 3099 θηρία·
744 3028 818 3091 ὡς
849 3028 941 3081 οὖν
985 3029 1203 3095 ἐγένετο
1247 3027 1457 3099 ἐσπέρα
1506 3028 1647 3081 κατὰ
1686 3029 1746 3082 τὺ
1794 3046 1888 3097 γε-

317 3123 664 3191 γραμμένον⁸
703 3140 721 3172 ι
771 3121 935 3173 Ἕθου
988 3122 1199 3182 σκότος,
1257 3122 1350 3176 καὶ
1401 3121 1618 3188 ἐγένετο
1669 3119 1784 3186 νὺξ,
1831 3123 1887 3173 ἐν

315 3215 449 3283 αὐτῇ
504 3211 861 3265 διελεύσονται
911 3212 1087 3264 πάντα
1132 3212 1201 3264 τά
1245 3212 1411 3283 θηρία
1469 3212 1561 3265 τοῦ
1610 3214 1804 3282 ἀγροῦ,
1866 3232 1884 3262 ι

314 3303 620 3369 ἐξελθόντες
647 3305 694 3356 οί
720 3302 884 3371 θῆρες
903 3303 931 3355 ὃ
965 3319 1023 3354 τε
1051 3302 1350 3373 ἄρσην,καὶ
1377 3305 1409 3373 ή
1436 3303 1622 3372 θήλεια
1644 3304 1893 3373 ώσφράνο

317 3392 487 3462 θησάν
510 3409 607 3461 μου
641 3391 747 3444 ἀπὸ
760 3391 999 3460 κεφαλῆς
1021 3391 1319 3455 ἓωςποδῶν
1340 3410 1404 3445 πε
1413 3393 1764 3464 ριλείξαντες,
1796 3395 1890 3447 καὶ

316 3483 390 3544 ὡς
444 3484 782 3552 προσεδόκων
830 3482 1125 3555 βρωθῆναι,
1191 3485 1545 3555 ἀνεχώρησαν
1589 3486 1684 3538 ἀπ’
1733 3486 1867 3555 ἐμοῦ

320 3570 501 3622 πεσὼν
535 3571 627 3624 οὖν
658 3572 746 3623 διὰ
775 3573 954 3642 πάσης
983 3573 1174 3635 νυκτὸς
1218 3575 1318 3627 οὐκ
1348 3575 1614 3646 ε’ὅρώθην.
1656 3576 1892 3643 Λογισά-

321 3676 482 3729 μενος
512 3660 604 3712 οὖν
633 3662 711 3713 ὅτι
742 3662 993 3729 ὲφείσατό
1029 3680 1127 3732 μου
1155 3666 1182 3715 ὁ
1202 3664 1354 3730 Θεὸς,
1382 3660 1535 3726 αὖθις
1567 3666 1893 3736 ὑποστρέφω

319 3753 401 3813 εἰς
436 3752 532 3819 τὴν
577 3751 793 3805 κέλλανσ
854 3755 1197 3824 καρτερήσας
1237 3750 1329 3807 οὖν
1367 3757 1397 3807 6
1439 3756 1646 3824 δαίμων
1679 3758 1893 3826 ἡμέρας

317 3842 502 3909 ὀλίγας
526 3842 748 3896 ὲπέθετό
779 3861 869 3914 μοι
902 3844 1257 3915 σφοδρότερον
1282 3844 1374 3897 τοῦ
1399 3844 1617 3914 πρώτου
1639 3846 1714 3908 ὡς
1745 3848 1893 3916 παρὰ

322 3930 513 4001 μικρὸν
543 3932 952 4003 βλασφημῆσαι.
989 3934 1542 4002 Μετασχηματισθεὶς
1574 3932 1664 3988 οὖν
1699 3937 1777 3998 εἰς
1798 3938 1894 3988 Δί-

320 4020 603 4075 θιὸπισσαν
633 4024 800 4094 κόρην
833 4026 919 4095 (ἢν
949 4025 1168 4094 ἐώρακά
1228 4042 1356 4078 ποτε
1402 4029 1458 4079 ἐν
1489 4027 1696 4097 νεότητι
1731 4032 1809 4091 είς
1837 4030 1895 4082 τὸ

324 4110 477 4181 θέρος
505 4112 1275 4187 καλαμωμένην),ἐπεκάθητό
1307 4136 1405 4187 μου
1433 4121 1546 4182 τοῖς
1567 4118 1775 4187 γόνασι,
1802 4121 1895 4172 καὶ

325 4203 416 4253 ἐπὶ
447 4202 700 4255 τοσοῦτον
738 4221 804 4273 με
834 4206 1105 4277 ἐκίνησεν,
1154 4208 1230 4270 ὡς
1271 4208 1489 4278 νομίσαι
1538 4226 1606 4279 με
1641 4213 1897 4279 συγγενέ-

327 4291 470 4346 σθαι.
521 4293 653 4345 Ἀπὸ
685 4296 881 4363 μανίας
910 4294 1003 4351 οὖν
1047 4299 1223 4352 ἔδωκα
1253 4302 1389 4371 αὐτῇ
1424 4302 1642 4367 κόσσον,
1678 4305 1771 4357 καὶ
1803 4304 1894 4373 γέ-

1972 1847 2380 1910 meretricium,
2404 1863 2527 1900 nam
2564 1848 2831 1901 interdum
2859 1864 2985 1903 caro
3008 1850 3229 1905 rohuste
3263 1854 3448 1905 valens
3467 1868 3564 1905 no.

1991 1935 2077 1990 bis
2103 1936 2411 2002 insidiatur,
2438 1952 2827 2007 nonnunquam
2850 1954 2979 1992 vero
3004 1941 3286 2008 passiones
3310 1956 3406 2010 per
3426 1945 3566 2013 cogi-

1983 2027 2232 2093 tationes,
2278 2028 2567 2096 aliquando
2606 2037 2659 2081 et
2713 2028 2924 2083 dremon
2958 2029 3072 2099 ipse
3100 2045 3165 2084 ex
3193 2030 3415 2098 invidia,
3466 2046 3569 2098 ego

1986 2114 2130 2168 enim
2188 2115 2525 2169 observando
2565 2116 2669 2170 hoc
2696 2118 2969 2172 adinveni.
3018 2116 3157 2174 Ecce
3207 2127 3266 2173 ut
3298 2134 3384 2173 me
3414 2120 3567 2174 vides

1991 2221 2177 2261 senem
2211 2206 2506 2271 hominem,
2540 2223 2661 2261 cum
2690 2208 2853 2279 356
2873 2210 3061 2280 degam
3104 2226 3306 2264 annum
3331 2212 3568 2280 quadra-

1985 2295 2250 2363 gesimum
2276 2296 2326 2348 in
2348 2295 2452 2349 hac
2475 2295 2628 2360 cella,
2661 2299 2923 2353 sollicitus
2947 2299 3014 2352 de
3036 2298 3116 2354 eis
3135 2314 3254 2369 quae
3285 2301 3351 2354 ad
3376 2316 3551 2355 meam

1993 2387 2509 2455 spectantsalutem,
2542 2396 2595 2442 et
2619 2390 2735 2443 licet
2779 2391 2843 2443 ad
2889 2390 3048 2444 istam
3080 2393 3393 2463 pertigerim
3430 2401 3563 2448 aeta-

1989 2485 2117 2542 tem,
2140 2477 2403 2532 hactenus
2435 2487 2738 2545 tentor;——
2759 2479 3150 2551 atlirmavitque
3192 2482 3325 2537 mihi
3362 2484 3568 2553 jureju-

1986 2566 2156 2641 rando
2180 2566 2385 2631 dicens,
2402 2568 2543 2637 quod
2566 2568 2740 2622 —Per
2753 2569 3039 2625 duodecim
3070 2585 3241 2628 annos
3267 2586 3385 2644 post
3406 2575 3569 2644 quin-

1997 2659 2277 2729 quaginta,
2313 2675 2487 2729 neque
2514 2671 2698 2727 noctu,
2728 2676 2827 2717 nec
2866 2662 3100 2717 interdiu
3136 2665 3271 2719 mihi
3309 2681 3568 2736 peperce-

1992 2759 2121 2804 runt
2180 2750 2562 2818 insidiatores;
2612 2769 2734 2806 cum
2797 2769 2925 2822 ergo
2981 2756 3341 2825 cogitassem,
3398 2758 3564 2827 quod,

1989 2837 2115 2906 quia
2149 2852 2178 2892 a
2210 2854 2295 2892 me
2326 2838 2465 2895 Deus
2485 2842 2715 2904 abesset,
2752 2844 2986 2911 potentia
3015 2846 3360 2914 opprimebar
3381 2855 3568 2917 tyran-

1990 2929 2134 2994 nica,
2166 2931 2299 3000 elegi
2330 2932 2508 2998 potius
2549 2933 2781 2987 absurde
2807 2936 2967 3001 mori,
3013 2952 3173 3005 quam
3210 2939 3280 2991 ob
3319 2943 3567 3009 corporis

1993 3021 2303 3089 paSsionem
2361 3023 2590 3091 turpiter
2641 3039 2836 3093 agere;
2896 3038 3224 3098 quapropter
3268 3045 3563 3099 egressus,

1993 3112 2426 3183 circumiensque
2447 3115 2790 3170 solitudinem
2818 3117 2994 3174 inveni
3018 3122 3327 3189 Speluncam
3356 3124 3565 3193 hyeme,

1992 3200 2047 3254 in
2073 3216 2178 3270 qua
2208 3203 2464 3271 spelunca
2496 3204 2651 3272 posui
2684 3220 2768 3258 mc
2800 3207 3027 3274 nudum,
3055 3222 3112 3264 ut
3140 3225 3400 3268 exeuntes
3435 3214 3562 3268 fera:

1997 3308 2085 3345 me
2143 3293 2504 3362 devorarent;
2562 3296 2745 3366 itaque
2780 3314 2999 3368 vespere
3047 3300 3189 3356 facto
3224 3302 3564 3374 (secundum

1998 3383 2139 3452 quod
2170 3384 2428 3453 scriptum
2459 3394 2541 3440 est
2571 3404 2584 3441 :
2619 3408 2636 3438 ι
2674 3388 2907 3444 Posuisti
2934 3392 3207 3455 tenebras,
3243 3402 3297 3447 et
3320 3393 3459 3448 facta
3483 3404 3567 3448 est

1994 3488 2122 3536 nox,
2172 3474 2225 3526 in
2262 3473 2376 3542 ipsa
2416 3478 2822 3544 pertransibunt
2857 3495 3047 3536 omnes
3091 3483 3274 3538 bestiae
3322 3484 3437 3555 agri
3464 3486 3565 3552 ο³),

1995 3575 2256 3619 exeuntes
2290 3566 2437 3627 ferae,
2490 3579 2709 3638 tamque
2753 3586 2870 3626 mas
2926 3587 3087 3641 quam
3134 3572 3329 3630 femina
3370 3574 3569 3631 olfece-

1996 3664 2119 3708 runt
2152 3672 2238 3710 me
2268 3672 2297 3710 a
2348 3659 2522 3725 capite
2575 3675 2746 3728 usque
2785 3662 2850 3715 ad
2901 3664 3085 3731 pedes,
3127 3673 3180 3717 et
3213 3655 3566 3722 circumcirca

1995 3746 2297 3810 linxerunt,
2354 3763 2586 3818 cumque
2632 3765 2718 3803 me
2763 3751 3131 3806 devorandum
3174 3766 3564 3823 exspectarem.

1997 3846 2340 3891 secesserunt
2360 3853 2388 3890 a
2420 3854 2526 3903 me,
2556 3839 2744 3908 sicque
2777 3856 2869 3909 per
2894 3849 3059 3895 totam
3086 3854 3297 3898 noctem
3328 3858 3569 3913 prostra-

1999 3939 2108 3992 tus,
2155 3938 2333 3982 tamen
2382 3929 2671 3984 devoratus
2707 3946 2815 3984 non
2852 3930 2948 3984 fui.
2999 3933 3287 3989 Arhitrans
3347 3936 3564 4006 itaque,

1996 4020 2139 4088 quod
2172 4029 2487 4089 pepercerat
2512 4021 2641 4074 mihi
2670 4021 2830 4086 Deus,
2856 4038 3048 4079 rursus
3074 4025 3139 4078 ad
3170 4027 3358 4081 cellam
3391 4045 3566 4085 meam

2001 4119 2262 4174 revertor,
2282 4125 2512 4178 cumque
2535 4126 2628 4179 per
2651 4128 2853 4181 paucos
2873 4115 2990 4169 dies
3018 4116 3230 4171 daemon
3258 4120 3564 4185 tolerasset,

1998 4200 2195 4254 invasit
2226 4215 2312 4254 me
2333 4201 2726 4276 vehementius,
2761 4218 2924 4273 quam
2961 4207 3128 4272 prius,
3163 4216 3213 4261 ut
3250 4224 3440 4277 parum
3481 4212 3571 4265 ab-

2000 4290 2180 4355 fuerit,
2228 4292 2358 4360 quin
2418 4293 2873 4362 hlasphemarem.
2927 4295 3371 4354 Transt‘ormatus
3408 4302 3570 4370 igitur

323 4399 477 4450 γονεν
526 4383 776 4450 ἄφαντος.
822 4386 942 4438 Ἐπὶ¹
970 4387 1172 4440 διετίαν
1198 4385 1290 4441 οῦν
1336 4393 1434 4460 τῆς
1485 4391 1745 4457 δυσωδίας
1793 4395 1883 4464 τῆς

2002 4380 2056 4433 in
2106 4381 2337 4448 puellam
2382 4382 2771 4451 jEthiopissam
2809 4385 2993 4454 (quam
3043 4387 3149 4440 vidi
3184 4390 3454 4458 quondam
3513 4391 3565 4443 in

325 4475 505 4544 χειρός
539 4490 641 4544 μου
694 4474 987 4545 ἀνέχεσθαι
1016 4479 1115 4530 οὐκ
1133 4480 1412 4554 ἠδυνάμην
1433 4500 1445 4513 ·
1478 4485 1893 4556 μικροψυχήσας

324 4565 435 4629 οῦν,
473 4567 567 4618 καὶ
599 4567 999 4636 ἁπευδοκήσας,
1037 4570 1257 4639 ἐξῆλθον
1297 4575 1375 4635 είς
1430 4574 1527 4645 τὴν
1579 4577 1896 4648 πανέρημον

328 4655 627 4724 ἀλώμενος.
682 4658 775 4708 καὶ
828 4657 1000 4727 εὑρὼν
1049 4659 1247 4712 ἀσπίδα
1299 4665 1518 4733 μικρὰν,
1575 4669 1668 4720 καὶ
1718 4668 1897 4721 λαϐὼν

325 4746 495 4815 αὐτὴν
537 4748 833 4816 προσφέρω
882 4751 989 4810 τοῖς
1016 4756 1351 4819 γεννητικοῖς
1406 4771 1506 4823 μου
1558 4759 1763 4828 μορίοις
1813 4760 1896 4811 ἵνα

325 4831 427 4884 κᾶν
477 4833 616 4886 οὕτω
665 4837 884 4906 δηχθεὶς
935 4839 1212 4907 ἀποθάνω,
1269 4844 1360 4895 καὶ
1410 4848 1754 4916 προστρέψας
1802 4850 1894 4901 τοῦ

326 4923 513 4991 θηρίου
564 4926 662 4996 την
712 4928 955 4998 κεφαλὴν
992 4932 1102 4992 τοῖς
1152 4932 1360 5002 μορίοις
1410 4934 1504 4985 τοῦ
1556 4935 1826 5005 σώματος,
1863 4938 1898 4991 ἃ

326 5014 473 5067 αἴτιά
510 5033 598 5084 μοι
628 5016 720 5068 τοῦ
763 5018 1213 5088 πειρασμοῦ,οὑκ
1250 5023 1501 5092 ἐδήχθην.
1534 5025 1779 5080 Ἤκουσα
1807 5026 1897 5081 οὖν

326 5106 507 5174 φωνῆς
533 5107 791 5176 ἐλθούσης
820 5112 878 5161 ἐν
895 5112 958 5179 τῇ
995 5111 1203 5181 διανοίᾳ
1234 5130 1357 5182 μου,
1390 5113 1648 5179 Ἀπελθε,
1680 5117 1895 5186 Πάχων,

324 5195 617 5263 ἀγωνίζου,
663 5197 749 5250 διὰ
793 5198 903 5269 γὰρ
937 5199 1096 5253 τοῦτο
1127 5203 1318 5271 άφῆκά
1350 5220 1429 5266 σε,
1466 5203 1898 5258 καταδυναστευ-

327 5281 504 5351 θῆναι,
539 5283 624 5337 ἵνα
674 5286 748 5354 μὴ
797 5287 939 5356 μέγα
990 5291 1265 5362 φρονήσῃς
1318 5293 1393 5354 ώς
1429 5293 1745 5362 δυνάμενος,
1785 5295 1898 5347 ἀλλ’

326 5373 580 5440 ἐπιγνούς
613 5390 706 5425 σου
737 5376 836 5445 τὴν
869 5377 1155 5431 ἀσθένειαν
1194 5381 1269 5451 μὴ
1322 5382 1602 5455 θαρσήσῃς
1647 5387 1711 5454 τῇ
1749 5385 1899 5437 πολι-

327 5462 444 5531 τεία
484 5478 595 5524 σου,
626 5464 759 5516 ἀλλὰ
794 5467 1149 5539 προσδράμῃς
1186 5472 1248 5538 τῇ
1282 5470 1373 5521 τοῦ
1413 5470 1545 5521 Θεοῦ
1578 5471 1891 5538 δυναστεία.

400 5638 445 5668 ³⁵
480 5637 623 5690 Psal.
655 5655 767 5705 cm,
796 5643 881 5694 ‘20.

2000 4472 2367 4525 adolescentia
2386 4488 2478 4542 per
2507 4484 2766 4535 :estatem,
2790 4475 2913 4529 dum
2939 4478 3181 4548 meteret)
3212 4480 3406 4534 insedit
3433 4482 3567 4535 meis

1995 4562 2242 4629 genibus,
2287 4570 2338 4616 et
2387 4563 2522 4616 adeo
2571 4580 2658 4619 me
2712 4570 3030 4635 commovit,
3071 4578 3130 4622 ut
3163 4586 3251 4625 me
3288 4587 3409 4626 cum
3452 4571 3567 4641 ipsa

1995 4654 2224 4707 coivisse
2285 4663 2562 4722 putarem;
2607 4672 2717 4725 pne
2767 4658 2950 4714 furore
3006 4661 3171 4728 igitur
3205 4662 3414 4731 alapam
3466 4663 3569 4732 ipsi

1994 4747 2136 4808 dedi,
2168 4755 2218 4800 et
2245 4745 2533 4800 invisibilis
2561 4747 2747 4802 etl‘ecta
2775 4752 3030 4817 evanuit;
3058 4767 3154 4821 per
3177 4753 3452 4807 biennium
3482 4771 3572 4808 ve-

2002 4853 2065 4891 ro
2108 4836 2330 4890 fetorem
2359 4854 2547 4893 manus
2575 4855 2705 4894 meae
2731 4842 3001 4896 sustinere
3034 4857 3141 4897 non
3163 4853 3427 4914 poteram.
3460 4847 3569 4899 Ab-

2000 4929 2143 4996 jeeto
2194 4943 2322 4995 ergo
2360 4928 2565 4992 animo,
2606 4938 2659 4984 et
2715 4932 3069 4988 inhonoratus
3108 4937 3247 4988 exivi
3296 4937 3347 4990 in
3392 4939 3567 4991 locum

2006 5018 2227 5071 omnino
2284 5019 2564 5072 desertum
2621 5021 3007 5089 vagabundus,
3077 5039 3308 5093 cumque
3350 5041 3569 5095 parvam

2007 5108 2245 5176 aspidem
2282 5109 2630 5174 invenissem,
2662 5110 2943 5180 ipsamque
2984 5113 3332 5181 accepissem,
3367 5116 3572 5184 genita-

2004 5201 2143 5254 libus
2190 5203 2324 5255 meis
2373 5202 2630 5255 membris
2662 5202 2822 5272 357
2855 5203 3096 5267 admovi,
3151 5214 3208 5258 ut
3261 5206 3450 5259 saltem
3497 5207 3570 5260 ita

2001 5293 2287 5345 demersus
2313 5307 2621 5357 emererer;
2657 5302 2940 5358 cumgvcro
2986 5295 3171 5349 bestia:
3217 5297 3569 5352 obvertissem

2005 5391 2165 5450 caput
2195 5384 2259 5436 ad
2304 5385 2550 5452 corporis
2592 5386 2830 5438 membra
2867 5393 3055 5453 utpote
3090 5402 3210 5455 quze
3243 5404 3405 5443 causa
3441 5391 3569 5443 mihi

2012 5473 2324 5526 tentationis
2354 5486 2527 5536 erant,
2564 5491 2900 5527 eomnzorsus
2930 5492 3034 5528 nou
3072 5477 3164 5542 fui,
3202 5481 3352 5548 atqui
3387 5496 3566 5535 vocem
