4066 6146
512 288 659 355 1319'

508 406 691 457 verbis
742 414 864 456 esse
907 396 1217 454 sollicitum.
1265 395 1396 451 Cavi
1452 402 1654 453 tamen.
1705 390 1887 460 quoad
1935 388 2084 458 potui

509 493 815 562 diligenter,
847 490 992 559 quod
1027 497 1248 543 sanctus
1276 483 1572 554 Gregorius
1598 484 1825 553 Magnus
1851 481 1918 535 ad
1947 480 2084 533 Nar-

509 598 605 637 sen
652 582 894 635 scribens
951 580 1047 633 lib.
1095 594 1171 640 vt,
1220 579 1379 647 epist.
1439 577 1532 641 27,
1572 575 1951 643 conqueritur,
1986 586 2087 623 suo

509 683 749 740 tempore
798 671 850 723 in
906 670 1129 725 civitate
1185 667 1820 737 Constantinopolitana,
1874 663 1967 733 qui
2021 662 2088 713 de

506 763 695 817 Graeco
728 762 781 815 in
820 760 1097 826 Latinum,
1136 770 1190 815 et
1221 762 1284 815 de
1304 759 1495 814 Latino
1524 760 1578 813 in
1605 757 1851 812 Graecum
1886 756 2087 809 dictata

506 854 641 906 bene
683 849 1034 916 transferant,
1096 850 1242 904 viros
1274 864 1380 903 non
1412 848 1615 913 fuisse;
1657 847 1772 901 cavi
1819 843 2088 915 (inquam)

509 961 575 998 ne
600 945 740 998 sicut
779 942 877 1007 illi,
906 942 1036 996 dum
1078 943 1243 997 verba
1276 942 1636 1002 custodirem,
1681 948 1737 993 et
1765 952 1960 992 sensus
1988 936 2090 989 mi-

506 1037 652 1089 nime
692 1035 1064 1099 attenderem,
1113 1047 1216 1086 nec
1254 1032 1418 1086 verba
1466 1030 1691 1099 intelligi
1733 1029 1996 1092 facerem,
2036 1036 2091 1081 et

505 1142 700 1182 sensus
727 1124 1061 1195 frangerem;
1093 1133 1258 1192 utque
1278 1124 1469 1179 scribit
1501 1130 1726 1176 sanctus
1755 1118 1997 1173 llilarius
2029 1121 2081 1172 in

507 1219 604 1273 lib.
657 1218 733 1270 De
775 1217 1010 1285 synodis,
1056 1234 1120 1271 ex
1170 1217 1361 1271 Graeco
1398 1216 1451 1268 in
1482 1213 1734 1267 Latinum
1769 1213 1837 1267 ad
1863 1212 2085 1266 verbum

504 1323 759 1378 expressa
805 1309 1091 1362 translatio
1129 1307 1284 1361 aﬂ‘ert
1322 1307 1640 1375 plerumque
1664 1304 2077 1366 obscuritatem,

504 1399 632 1451 dum
681 1400 945 1454 custodita
994 1397 1284 1450 verborum
1322 1395 1539 1450 collatio
1584 1394 1827 1448 eamdem
1871 1393 2090 1447 absolu-

508 1487 714 1541 tionem
768 1503 875 1542 non
925 1493 1104 1556 potest
1150 1484 1217 1537 ad
1270 1481 1636 1553 intelligentia:
1685 1478 2085 1548 simplicitatem

504 1594 849 1634 conservare.

573 1669 898 1724 Versionum
944 1668 1197 1739 equidem
1259 1667 1503 1738 quinque
1555 1673 1684 1719 sunt
1732 1678 1951 1734 genera.
1987 1661 2082 1727 Ea,

502 1778 624 1831 quae
677 1773 903 1816 vocatur
958 1758 1334 1828 uardz/léﬁw,
1398 1774 1428 1811 a
1476 1754 1885 1827 jurisconsultis
1943 1752 2083 1805 κατὰ

503 1852 689 1917 πόδας,
725 1851 1103 1921 interpretatio
1142 1847 1209 1902 ad
1242 1848 1488 1911 verbum,
1521 1848 1589 1900 ad
1638 1846 1965 1911 dictionem,
2017 1844 2079 1897 ad

502 1941 755 2006 litteram,
784 1956 946 2010 quam
981 1948 1037 1994 ut
1069 1938 1403 1995 securiorem
1433 1935 1776 1990 Justinianus
1800 1933 2081 2003 Augustus

440 2074 443 2077 .
501 2031 685 2084 sanxit
719 2038 931 2084 tantum
965 2027 1359 2096 usurpandam.
1407 2026 1646 2080 Sanctus
1692 2034 1874 2078 autem
1912 2025 2080 2077 Atha-

505 2119 691 2173 nasius
720 2117 890 2187 Epist.
933 2118 996 2172 ad
1041 2116 1340 2172 Marcellin.
1376 2114 1447 2168 De
1487 2114 1695 2168 Psalm.
1746 2116 2078 2181 interpr-etot.

498 2224 566 2262 ex
599 2224 649 2264 c.
696 2225 755 2263 ιιι
805 2211 975 2278 Epist.
1010 2209 1184 2263 sancti
1230 2207 1381 2261 Pauli
1421 2206 1487 2260 ad
1529 2206 1768 2261 Timoth.
1808 2206 2084 2274 accepisse

498 2316 529 2355 a
559 2315 688 2356 sene
718 2299 1022 2370 φιλοπόνῳ,
1068 2298 1122 2352 id
1151 2306 1234 2353 est
1262 2298 1465 2352 laboris
1501 2305 1765 2359 amatore,
1806 2298 1899 2367 qui
1927 2296 2078 2351 Psal-

498 2391 696 2444 terium
731 2392 969 2457 tenebat,
1013 2389 1159 2443 istud
1194 2389 1584 2444 documentum
1626 2388 1893 2443 afﬁrmat:
1925 2389 2082 2442 Πᾶσα

497 2484 607 2552 γὰρ
663 2477 728 2553 (ὦ
774 2482 1052 2552 τέκνον)ή
1105 2481 1227 2536 καθ’
1281 2483 1433 2553 ἡμᾶς,
1480 2482 1671 2553 Γραφὴ
1708 2480 1921 2534 Παλαιὰ
1982 2481 2079 2533 καὶ

497 2575 675 2643 Καινὴ
757 2574 1109 2637 θεόπνευστός
1189 2577 1326 2639 ἐστι,
1410 2575 1505 2627 καὶ
1580 2573 1855 2643 ὠφέλιμος
1945 2572 2081 2644 πρὸς

495 2664 863 2728 διδασκαλίαν,
902 2663 977 2725 ὡς
1015 2663 1346 2733 γέγραπται,
1381 2661 1434 2715 ld
1454 2671 1554 2718 est:
1601 2662 1784 2716 Omnis
1830 2664 1970 2716 enim
2017 2664 2080 2731 (0

493 2754 576 2822 ﬁli
590 2754 608 2823 )
643 2753 922 2821 Scriptura
965 2756 1067 2806 sive
1102 2770 1254 2819 nova,
1297 2754 1403 2807 sive
1433 2762 1575 2806 vetus
1611 2751 1862 2805 Numinis
1899 2755 2078 2825 afflatu

497 2847 748 2898 instincta
790 2844 1010 2912 prodiit,
1054 2854 1103 2899 et
1154 2845 1342 2899 idonea
1371 2856 1448 2900 est
1488 2846 1557 2897 ad
1599 2844 1940 2898 erudiendum
1981 2845 2076 2899 sub

492 2952 554 2990 ea
602 2937 772 3004 forma
812 2938 1078 3005 specieque
1109 2937 1405 3004 verborum,
1431 2954 1536 3007 qua
1577 2949 1850 3005 concepta,
1884 2945 1933 2990 et
1962 2954 2079 2991 cou-

493 3028 692 3095 ecripta
720 3035 830 3080 est:
858 3028 998 3081 unde
1029 3026 1315 3081 litteralem
1346 3028 1654 3081 versionem
1687 3025 1802 3080 fore
1829 3026 1881 3079 in
1907 3028 2078 3081 sacris

493 3116 680 3173 Bibliis
726 3119 988 3187 p0tiorem
1030 3117 1220 3186 liquet,
1274 3116 1504 3185 ideoque
1553 3117 1863 3186 vulgatam,
1894 3125 1949 3172 et
1986 3130 2078 3171 vc-

493 3219 663 3263 terem
694 3207 941 3263 Latinam
978 3208 1203 3277 reliquis
1236 3208 1648 3276 praeferendam.

566 3300 661 3355 Est
707 3310 762 3355 et
809 3298 1126 3369 Ecpbrasis,
1173 3297 1411 3353 elocutio
1456 3298 1687 3362 scilicet,
1732 3313 1853 3367 qua:
1894 3306 2079 3351 narrat

493 3391 799 3461 perspicue,
840 3391 912 3445 ita
968 3399 1027 3444 ut
1066 3390 1268 3458 pictum
1313 3389 1568 3458 graphice
1609 3387 1886 3453 videatur,
1928 3388 2079 3456 quod

492 3482 749 3548 effertur,
793 3483 1240 3552 exprimaturque
1291 3482 1363 3536 ob
1413 3482 1603 3535 oculos
1650 3482 1932 3550 positum,
1982 3481 2076 3535 sed

492 3574 587 3634 illa
626 3588 733 3626 non
765 3584 849 3627 est
879 3575 1169 3637 utendum.
1207 3574 1297 3629 ubi
1331 3574 1565 3630 brevitas
1594 3583 1680 3629 est
1713 3573 1968 3628 dilucida.

567 3663 933 3732 Periphrasis,
963 3664 1221 3720 addenda:
1251 3666 1406 3729 lucis,
1451 3674 1542 3720 aut
1590 3664 1930 3721 necessitatis
1955 3679 2078 3734 gra-

495 3755 589 3818 tia,
622 3755 1055 3822 circumlocutio,
1089 3767 1143 3811 et
1170 3758 1458 3813 circuitus.
1525 3828 1531 3833 ι

564 3844 941 3916 Paraphrasis,
978 3849 1138 3902 latior
1184 3849 1475 3918 expositio,
1522 3864 1643 3918 quae
1696 3850 1936 3904 admittit
1993 3852 2078 3904 lu-

492 3937 641 3991 mina
675 3938 1008 3992 exornandze
1049 3939 1335 4004 orationis,
1390 3939 1669 3994 schemata
1717 3954 1812 3994 seu
1855 3942 2075 4010 figuras,

495 4038 702 4097 tropos,
748 4037 911 4098 atque
952 4030 1320 4098 metaphoras.
1536 4031 1540 4034 ’

560 4120 916 4191 Metaphrasis
950 4132 1033 4175 est
1062 4121 1433 4189 interpretatio
1479 4135 1597 4190 qua:
1641 4122 1957 4191 paraphrasi
1996 4130 2080 4176 est

492 4212 764 4267 astrictior
788 4252 803 4278 ,
842 4214 984 4268 sicut
1020 4219 1101 4267 est
1131 4212 1349 4265 liberior
1391 4223 1444 4267 et
1488 4211 1738 4267 diffusior
1784 4228 1947 4283 quam
2009 4214 2080 4267 sit

491 4305 760 4359 litteralis.

559 4397 685 4451 Haec
712 4406 892 4451 autem
928 4397 1038 4451 fere
1067 4412 1262 4466 genera
1297 4398 1571 4449 variarum
1611 4397 1923 4451 versionum
1950 4412 2079 4452 enu-

491 4497 663 4542 merat
697 4486 915 4542 Godefri
941 4490 1021 4541 lus
1057 4486 1377 4540 Tilmannus
1408 4486 1806 4542 Carthusianus
1854 4487 1907 4541 in
1948 4486 2077 4558 Epi-

490 4581 629 4633 stola
685 4577 1105 4647 nuncupatoria,
1150 4593 1313 4647 quam
1369 4578 1433 4631 ad
1463 4577 1769 4634 Paudecten
1820 4580 2074 4636 Antiochi

489 4670 783 4724 Laurensis
807 4669 1057 4738 praefixit,
1087 4679 1142 4722 et
1170 4684 1229 4722 ea
1262 4669 1591 4741 colliguntur
1613 4688 1677 4725 ex
1710 4669 2071 4739 Quintiliano,

489 4755 524 4814 Ι.
554 4777 671 4823 νιιι.
703 4776 752 4815 c.
783 4761 836 4827 6;
865 4769 916 4814 et
940 4760 978 4813 l.
1008 4776 1063 4824 x,
1089 4775 1138 4816 c.
1171 4761 1204 4814 5
1238 4759 1477 4817 lnstitut.
1504 4774 1706 4819 orator.

561 4853 836 4922 lnterpres
864 4852 940 4925 (ut
970 4855 1192 4926 censeo)
1229 4855 1486 4911 adhibere
1513 4857 1627 4911 haec
1655 4858 1838 4911 omnia
1873 4873 2070 4927 genera

489 4940 664 5006 debet,
693 4951 856 5010 prout
887 4940 991 4997 fert
1024 4945 1267 5005 occasio,
1304 4960 1567 5015 mensque
1597 4951 1856 5012 auctoris,
1890 4961 1944 5001 et
1970 4949 2073 5000 lin-

489 5048 607 5101 gua:
637 5033 940 5103 proprietas
990 5036 1181 5105 exigit.
1217 5024 1408 5105 Itaque
1451 5037 1722 5091 interdum
1776 5039 2069 5107 paraphra-

490 5124 644 5188 stice,
676 5139 1066 5195 nonnunquam
1093 5128 1511 5195 metaphrastice
1551 5125 1657 5180 Nili
1691 5127 1976 5192 dictiones,
2018 5137 2071 5181 ct

488 5215 733 5279 phrases,
784 5225 949 5286 atque
995 5218 1249 5285 periodos
1284 5218 1440 5283 verti,
1490 5232 1614 5270 raro
1658 5218 2064 5286 periphrasticc,

486 5304 665 5357 rarius
695 5307 1050 5372 ecphrastice,
1103 5322 1319 5376 semper
1348 5324 1478 5361 vero
1504 5309 1567 5359 ad
1604 5308 1861 5369 litteram,
1900 5308 2061 5379 δεῇ,

487 5408 607 5446 nea
661 5408 824 5448 sensu
874 5396 1221 5462 aberrarem,
1268 5400 1615 5468 potissimum
1685 5399 1893 5462 curavi,
1946 5402 2063 5455 rudi

487 5481 614 5537 licet
653 5484 943 5539 verborum
994 5488 1152 5557 style,
1199 5490 1431 5543 candido
1482 5498 1659 5542 tamen
1696 5497 1750 5543 et
1794 5491 2058 5558 expolito,

490 5572 797 5628 sinceritate
853 5587 1014 5646 atque
1070 5579 1291 5633 veritate
1352 5580 1655 5633 versionem
1718 5580 1878 5634 istam
1943 5598 2061 5635 sum

492 5673 837 5730 Prosecutus;
872 5669 1081 5734 pertccsi
1122 5671 1210 5723 alii
1255 5686 1426 5724 meam
1467 5671 1844 5736 rusticitatem,
1882 5672 2046 5727 fontis

1456 282 1601 345 IOS.
1644 278 1908 341 MARIE
1940 275 2298 337 SUARESII
2340 277 2831 341 DISSERTATIO

3638 277 3767 343 1320

2195 390 2359 460 hujus
2428 390 2663 458 Nilotici,
2736 393 2998 445 hactenus
3065 389 3268 454 abditi,
3331 390 3766 462 “uentorumque

2193 499 2364 564 aquas
2390 494 2645 557 argenteo
2677 485 2870 540 melius
2904 500 3029 539 vase
3056 484 3424 554 propinandas
3459 485 3765 541 sitientibus

2192 579 2581 633 existimabunt
2613 597 2627 633 :
2658 578 2847 633 calicis
2889 579 3035 632 enim
3068 578 3370 643 idoneitas,
3421 594 3483 632 ut
3528 579 3764 648 loquitur

2192 666 2384 724 Petrus
2433 670 2601 724 abbas
2649 668 2936 730 Cellensis,
2977 669 3071 722 lib.
3117 685 3177 734 ιι,
3218 669 3376 737 epist.
3402 669 3457 734 4,
3500 684 3597 724 seu
3638 686 3762 725 con-

2192 760 2436 826 gruentia
2482 768 2645 830 auget
2679 760 2999 831 plerumque
3038 760 3274 815 bibentis
3318 761 3673 830 voluptatem,
3710 773 3759 816 et

2189 852 2301 905 vini
2336 852 2551 907 bonitas
2588 854 2854 907 accrescit
2874 868 2939 907 ex
2983 866 3082 905 ea:
3116 851 3232 915 sed,
3261 850 3348 904 cui
3383 852 3477 904 uni
3500 852 3759 920 placuisse

2190 939 2379 996 laboro
2427 950 2615 996 sancta
2643 941 2885 995 Romana
2933 939 3200 1005 Ecclesia,
3257 939 3591 1007 reliquarum
3618 941 3760 1007 prin-

2191 1049 2353 1101 ceps,
2409 1042 2464 1088 et
2512 1034 2792 1104 magistra,
2859 1033 3060 1102 cuique
3107 1031 3391 1085 assiduum
3440 1028 3756 1084 famulatum

2190 1139 2302 1179 tam
2347 1125 2579 1180 libenter
2631 1124 2920 1195 impendo,
2969 1137 3090 1194 quae
3132 1120 3371 1176 Verbum
3422 1121 3755 1175 incarnatum

2192 1219 2390 1287 pannis
2427 1217 2753 1283 involutum,
2793 1231 2899 1271 non
2935 1214 3239 1279 laciniosis,
3284 1229 3350 1268 ac
3390 1214 3642 1283 pretiosis
3679 1214 3759 1267 in-

2192 1308 2466 1363 dumentis
2512 1323 2725 1363 summa
2761 1308 3109 1376 simplicitate
3145 1305 3406 1359 divinitus
3444 1304 3627 1358 datum
3666 1322 3758 1358 ex-

2193 1399 2356 1467 cepit,
2396 1407 2557 1468 atque
2588 1398 2758 1464 colit;
2799 1397 2915 1466 ipsa
2953 1406 3111 1465 pura,
3156 1394 3385 1463 integra,
3426 1395 3756 1463 incorrupta,

2193 1490 2340 1543 omni
2369 1504 2434 1544 ex
2458 1498 2610 1559 parte
2640 1504 2741 1544 suo
2774 1488 3009 1557 fulgente
3044 1488 3301 1551 candore,
3335 1485 3501 1540 radiis
3533 1485 3760 1554 ejusmet

2189 1580 2488 1646 illustrata,
2532 1582 2760 1635 veritate
2811 1582 3008 1650 gaudet
3037 1579 3157 1634 sine
3204 1577 3350 1641 fuco,
3396 1577 3450 1647 in
3480 1590 3647 1645 eaque
3674 1592 3761 1630 ac-

2189 1673 2439 1741 quiescit,
2470 1687 2571 1727 nec
2608 1672 2960 1742 improbabit,
2992 1679 3051 1725 ut
3080 1670 3294 1739 Opinor,
3332 1684 3465 1723 mea:
3503 1667 3761 1722 versionis

2189 1764 2512 1829 consilium;
2566 1764 2737 1833 ipsius
2792 1778 2987 1832 nempe
3028 1762 3273 1824 calculus
3313 1760 3447 1814 mihi
3493 1759 3626 1815 satis
3666 1775 3759 1813 sn-

2189 1867 2393 1922 perque
2426 1852 2607 1920 fuerit,
2652 1855 2999 1923 quantumvis
3027 1854 3189 1908 hodie
3227 1852 3299 1906 sit
3361 1850 3761 1920 periculosioris

2188 1942 2317 1994 alere
2340 1957 2470 1996 suas
2496 1943 2549 1997 in
2571 1945 2747 1997 lucem
2771 1942 3012 2011 proferre
3042 1941 3477 2003 lucubrationes,
3504 1949 3556 1993 et
3582 1939 3761 2007 iugra-
3806 2000 3813 2007 _

2193 2032 2434 2086 tissimus
2457 2033 2660 2100 passim
2675 2032 2910 2101 jactetur
2937 2032 3089 2086 labor
3112 2032 3465 2099 interpretum
3525 2027 3763 2082 Canebat

2187 2137 2301 2176 aevo
2328 2136 2430 2175 suo
2458 2121 2742 2177 Lucretius
2770 2121 2885 2192 (lib.
2929 2138 2944 2176 ι
2993 2121 3066 2176 De
3104 2139 3207 2177 rer.
3248 2134 3447 2187 natura,
3487 2138 3629 2176 vers.
3670 2117 3761 2175 157

2185 2213 2327 2284 ειμι)
2353 2229 2366 2266 ε

2260 2322 2370 2380 Nec
2400 2342 2480 2381 me
2510 2325 2676 2379 animi
2706 2326 2848 2395 fallit
2885 2324 3188 2381 Crwcorum
3217 2325 3439 2381 obscura
3468 2336 3671 2395 reperta

2268 2397 2492 2466 Diﬂicile
2522 2398 2795 2450 illustrare
2828 2396 3032 2451 Latinis
3064 2397 3294 2451 versibus
3324 2414 3456 2459 esse,

2256 2467 2432 2520 Multa
2465 2469 2609 2520 novis
2639 2468 2803 2519 verbis
2833 2469 3128 2535 prwsertim
3160 2484 3276 2521 cum
3306 2469 3376 2521 sit
3408 2467 3688 2535 agendum,

2261 2538 2486 2605 Propter
2513 2544 2795 2607 egestatem
2828 2538 3019 2607 lingua:
3069 2547 3119 2589 et
3151 2553 3326 2590 rerum
3355 2540 3660 2590 novitatem.

2188 2646 2251 2700 Et
2306 2655 2426 2702 erat
2482 2661 2656 2702 aevum
2712 2647 2844 2701 illud
2913 2662 3110 2702 canum
3166 2647 3467 2716 licebatque
3529 2648 3766 2719 proferre

2184 2739 2507 2808 pomarium
2538 2739 2738 2810 lingua:
2788 2737 3008 2804 Latinae,
3046 2748 3098 2793 ct
3151 2739 3311 2793 verba
3353 2734 3535 2796 Grmca
3564 2740 3766 2794 donare

2183 2830 2400 2884 civitate
2441 2829 2702 2884 Romana.
2755 2828 3035 2898 Praecipue
3078 2827 3450 2883 difﬁcillimum
3495 2837 3595 2894 est,
3626 2831 3766 2898 quod

2181 2937 2243 2977 ex
2309 2923 2533 2992 antiquo
2579 2923 2834 2992 quopiam
2880 2934 2935 2976 et
3000 2923 3204 2977 diserto
3245 2921 3466 2977 doctore
3497 2924 3609 2992 jam
3635 2924 3763 2978 olim

2181 3014 2389 3068 editum
2450 3015 2522 3069 sit
2571 3030 2634 3069 ex
2687 3024 2859 3084 parte,
2919 3015 2972 3068 in
3027 3015 3261 3069 alienam
3314 3016 3553 3085 linguam
3587 3027 3766 3070 trans-

2182 3102 2445 3170 fundere;
2503 3103 2719 3172 quaudo
2783 3102 3047 3172 quidquid
3095 3112 3283 3159 sancte
3345 3106 3761 3173 quantumlibc,

2182 3211 2246 3250 ac
2284 3212 2406 3250 vere
2449 3196 2671 3260 dixeris,
2708 3196 2821 3264 rapi
2872 3205 3048 3265 potest
3086 3197 3140 3249 in
3188 3198 3484 3266 pessimam
3523 3208 3760 3268 partem;

2184 3284 2345 3337 habet
2378 3284 2576 3338 etenim
2606 3283 2861 3351 quaelibet
2892 3283 3076 3353 lingua
3105 3283 3363 3337 idiomata
3398 3299 3527 3349 sua,
3556 3284 3766 3339 nativos

2184 3379 2412 3449 lepores,
2432 3387 2487 3433 et
2504 3380 2753 3449 proprios
2769 3380 3143 3451 χαρακτῆρας,
3166 3388 3349 3449 atque,
3381 3390 3440 3434 ut
3463 3381 3531 3435 ita
3563 3381 3764 3443 dicant,

2183 3471 2484 3541 peculiares
2496 3472 2761 3541 quosdam
2780 3472 2989 3542 genios,
3007 3487 3146 3542 quos
3159 3473 3269 3539 vix,
3292 3488 3356 3527 ac
3372 3488 3436 3526 ne
3448 3473 3531 3525 vix
3550 3473 3765 3540 quidem

2183 3563 2236 3616 in
2277 3563 2382 3617 alia
2448 3563 2627 3633 possis
2672 3562 2996 3630 exprimere,
3059 3572 3290 3633 apteque
3339 3574 3763 3632 reprtesentare.

2183 3657 2316 3725 quin
2341 3665 2662 3709 extraneum
2683 3654 2886 3720 oleant,
2919 3655 3243 3725 sapiantque
3280 3655 3642 3724 peregrinum.

2254 3748 2385 3814 Quae
2430 3747 2550 3802 ideo
2600 3746 2815 3816 praefari
2864 3748 3053 3813 libuit,
3117 3759 3173 3803 et
3217 3762 3531 3816 praeponere
3593 3748 3766 3801 instar

2182 3839 2352 3910 clypei
2396 3838 2760 3907 septemplicis
2806 3839 2872 3893 ad
2914 3838 3313 3893 retundendum
3360 3838 3665 3900 Zoilorum,
3709 3846 3765 3889 et

2182 3931 2624 3985 Aristarchorum
2667 3946 2995 3985 sarcasmos.
3037 3932 3198 3987 Plura
3233 3931 3285 3984 in
3331 3932 3760 3986 Adnotationum

2185 4027 2359 4091 libris,
2404 4026 2497 4094 qui
2542 4023 2963 4093 subsequentur,
3001 4025 3147 4079 bono
3184 4039 3307 4079 cum
3345 4022 3476 4088 Deo,
3516 4037 3641 4075 mox
3679 4029 3765 4074 at-

2184 4136 2399 4190 texam;
2425 4136 2572 4177 nunc
2604 4120 2671 4174 ad
2707 4119 2972 4182 ordinem,
3021 4115 3327 4184 seriemque
3361 4114 3760 4184 Opusculorum

2183 4222 2421 4266 transeo.

2254 4302 2566 4357 Tractatum
2598 4308 2743 4355 certe
2766 4299 2833 4352 de
2862 4296 3158 4352 mouastica
3192 4295 3583 4350 exercitatione
3620 4308 3757 4361 pra:-

2183 4398 2328 4459 misi,
2368 4396 2494 4465 quia
2535 4394 2684 4463 prior
2723 4400 3039 4446 occurrerat
3069 4389 3121 4442 in
3163 4388 3351 4442 codice
3390 4386 3759 4452 manuscripto

2182 4488 2522 4544 bibliothecae
2555 4485 2898 4549 Barberinae;
2930 4482 2983 4536 in
3010 4480 3129 4551 ejus
3172 4478 3381 4544 indice,
3421 4480 3512 4559 qui
3549 4479 3759 4531 calamo

2181 4581 2347 4634 etiam
2389 4587 2504 4633 erat
2538 4584 2793 4631 exaratos
2827 4576 3013 4630 Graece
3058 4573 3249 4627 titulus
3291 4580 3587 4640 conceptus
3614 4569 3753 4623 fuit:

2180 4671 2285 4724 Τοῦ
2317 4672 2373 4723 ὲν
2403 4669 2576 4738 ἁγίοις
2603 4667 2813 4737 Πατρὸς
2845 4664 2999 4736 ἡμῶν
3035 4663 3231 4715 Νείλου
3269 4662 3444 4727 Λόγος
3464 4657 3756 4728 ἀσκητικὸς

2180 4763 2310 4833 περὶ
2353 4762 2451 4830 τῆς
2475 4763 2553 4823 εἰς
2602 4760 2837 4830 Χριστὸν
2877 4741 3229 4821 Φιλοσοφίας,
3270 4763 3437 4822 utque
3482 4751 3538 4805 in
3588 4749 3757 4819 ipsius

2179 4855 2467 4909 Tractatus
2493 4853 2637 4908 calce
2668 4849 2958 4906 ascribitur
2983 4866 2995 4900 :
3026 4848 3136 4899 Καὶ
3166 4845 3312 4906 οἴους
3362 4838 3500 4896 εἶναι
3528 4840 3608 4893 δεῖ
3636 4840 3758 4899 τοὺς

2175 4946 2349 5018 ταύτῃ
2416 4942 2909 5015 προσερχομένους,
2970 4939 3063 4991 καὶ
3104 4938 3186 4991 ὅτι
3238 4934 3345 5005 πρὸ
3395 4933 3495 5003 τῆς
3545 4930 3755 4991 τελείας

2177 5043 2233 5092 ἐν
2259 5043 2325 5110 τῇ
2354 5041 2519 5111 ἀρετῇ
2544 5037 2711 5102 ἕξεως
2738 5032 3078 5087 ἐπικίνδυνον
3100 5030 3162 5083 τδ
3182 5028 3391 5098 ἐτέρων
3408 5023 3755 5095 ἀναδέχεσθαι

2177 5131 2530 5200 προστασίας.
2569 5130 2622 5182 id
2651 5136 2771 5181 est:
2805 5124 2993 5180 Sancti
3033 5121 3213 5174 Patris
3254 5119 3421 5182 nostri
3456 5116 3571 5170 Nili
3604 5120 3756 5169 Trac-

2176 5232 2319 5275 tatus
2350 5222 2413 5274 de
2442 5220 2735 5273 monastica
2759 5217 3150 5278 exercitatione,
3181 5212 3296 5266 sive
3324 5210 3400 5263 De
3429 5206 3757 5276 philosoPhia

2173 5331 2254 5379 ea,
2287 5330 2402 5385 qua:
2439 5313 2507 5365 ad
2548 5311 2817 5365 Christum
2859 5307 3101 5375 pertinet,
3137 5313 3202 5375 et
3242 5301 3547 5369 cujusmotli
3580 5299 3757 5352 deceat

2172 5407 2292 5458 illos
2331 5421 2461 5467 esse,
2514 5404 2603 5472 qui
2635 5402 2702 5454 ad
2774 5404 2945 5468 ipsam
2998 5397 3272 5459 accedunt,
3321 5410 3586 5463 quantque
3636 5401 3757 5445 ante

2170 5498 2415 5565 perfectw
2454 5497 2663 5550 virtutis
2703 5494 2939 5547 habitum
2997 5490 3355 5557 periculosum
3412 5489 3484 5541 sit
3529 5487 3756 5540 aliorum

2170 5590 2433 5657 suscipere
2496 5587 2893 5655 pt‘tcfccturam.
2944 5583 3136 5638 Petrus
3203 5582 3536 5637 Franciscus
3591 5578 3755 5631 Ziuus

2171 5677 2466 5733 canonicus
2514 5675 2673 5745 595
2705 5673 3034 5731 Veronensis
3069 5680 3302 5727 verterat
3346 5686 3378 5725 e
3405 5670 3594 5725 Graeco
3618 5665 3754 5724 Tra-
