4066 6146
350 294 479 360 1321

1554 264 1655 355 ‘DE
1691 270 2073 353 ornamus
2111 291 2173 350 s.
2218 269 2403 351 NlLl.

3484 290 3617 356 1392

338 421 544 467 ctatum
580 409 768 477 istum,
811 417 867 467 'et
899 409 1248 478 inscripserat
1272 409 1575 465 Sermonem
1609 411 1917 464 asceticum.
1952 416 1997 471 Α
2031 404 2196 477 596
2220 421 2286 460 ex
2322 403 2598 460 Herodoto
2630 402 2796 459 etiam
2846 402 2941 457 lib.
2979 419 3014 458 tt
3037 443 3051 468 ,
3096 405 3186 471 qui
3226 407 3505 477 sexaginta
3542 410 3619 464 illi

338 503 407 556 At
430 517 532 572 ego
560 500 719 569 λόγον
760 501 1144 570 interpretatus
1175 515 1297 554 sum
1331 510 1639 568 tractatum,
1679 500 1786 554 hoc
1820 507 1924 562 est,

340 593 794 656 dissertationem,
837 589 1262 660 descriptionem,
1311 593 1714 646 enarrationem
1741 632 1756 657 ,
1803 606 1927 644 con-

341 687 565 749 cionem,
610 694 670 739 ut
711 684 829 739 fuse
861 684 1057 754 probat
1098 683 1390 739 Scholiast.
1420 685 1485 738 ad
1519 683 1554 736 l.
1591 698 1628 736 ιι
1657 682 1720 738 C.
1758 681 1930 737 Theo-

338 779 457 832 dos.
497 777 568 832 De
597 778 701 842 Iris,
730 777 820 846 qui
858 791 1015 843 super
1049 775 1199 845 relig.
1228 774 1474 829 contend.
1506 774 1545 830 l.
1588 789 1718 840 va;
1750 789 1780 829 a
1816 783 1928 827 tra—

340 868 557 930 ctando,
597 868 674 920 uti
717 866 994 935 accipiunt
1029 865 1221 920 Cicero
1263 865 1298 920 ι.
1333 881 1351 919 t
1393 864 1697 920 Academic.
1740 873 1926 934 qutest.

339 967 393 1012 et
424 959 462 1012 ι.
492 973 529 1011 ιι
564 957 638 1010 De
664 957 824 1026 legib.
855 956 908 1009 in
934 971 1168 1026 prooem.
1209 957 1247 1011 l.
1278 972 1414 1023 vui;
1444 956 1766 1023 Quintilian.
1794 957 1830 1011 l.
1855 970 1926 1020 v;

342 1052 479 1105 Plin.
513 1067 562 1106 c.
600 1051 653 1114 ι,
681 1051 718 1103 ι.
764 1065 874 1114 xiv;
913 1059 969 1105 et
1011 1065 1063 1106 c.
1097 1050 1189 1115 εε,
1223 1051 1261 1104 l.
1305 1066 1381 1105 xu
1408 1067 1423 1117 ;
1451 1050 1764 1120 praesertim
1799 1063 1929 1104 vero

343 1145 483 1198 hanc
506 1157 696 1197 vocem
739 1152 1005 1197 tractatus
1050 1151 1381 1212 acceperunt
1417 1156 1485 1196 eo
1515 1157 1682 1197 sensu
1705 1150 1928 1197 sanctus

340 1235 697 1299 Ambrosius,
737 1240 792 1289 et
830 1242 1053 1289 sanctus
1098 1233 1460 1304 Augustinus,
1510 1233 1716 1303 aliique
1760 1232 1927 1288 Chri-

340 1327 503 1381 stiani
532 1329 807 1392 doctores,
834 1336 888 1381 et
915 1340 1197 1381 sacrarum
1236 1325 1571 1379 Litterarum
1596 1325 1929 1394 interpretes

341 1419 469 1473 dicti
510 1418 662 1474 luere
698 1426 1035 1481 lraclalores,
1089 1428 1149 1473 ut
1199 1419 1456 1472 observat
1501 1416 1836 1473 Sirmondus
1872 1417 1929 1472 in

342 1510 502 1573 Notis.
524 1511 589 1565 ad
627 1509 797 1579 Epist.
835 1510 1064 1575 Sidonii,
1105 1519 1160 1565 et
1184 1520 1407 1566 sanctus
1436 1509 1802 1581 Augustinus,
1829 1511 1861 1564 Ι,
1893 1524 1929 1563 ιι

345 1602 547 1656 Contra
580 1602 790 1656 Julian.
832 1601 1145 1656 divinorum
1178 1600 1524 1671 eloquiorum
1564 1608 1929 1670 pertrectato-‘-

346 1711 434 1748 res
490 1695 757 1757 nominat,
794 1703 850 1749 et
901 1694 939 1748 Ι.
995 1709 1050 1748 tv
1097 1694 1266 1749 divini
1323 1692 1529 1763 eloquii
1582 1701 1928 1747 traetatores.

2032 493 2222 546 tribuit
2269 491 2468 557 stadia,
2519 492 2891 546 Callimachus
2945 499 2997 545 et
3029 491 3150 559 ejus
3185 494 3458 549 meminit.
3514 494 3621 551 He-

2030 583 2159 638 braei
2204 583 2413 639 diutius
2456 583 2510 635 in
2557 580 2793 652 IEgypto
2825 584 3045 647 versati,
3079 592 3133 637 et
3168 583 3429 650 divexati,
3469 603 3622 642 men-

2031 692 2192 733 suras
2249 677 2376 731 inde
2428 675 2588 732 funes
2642 685 3058 745 nuncuparunt;
3116 677 3327 745 psalmo
3381 693 3450 731 xv
3508 677 3622 734 llex

2032 767 2305 837 Propheta
2347 767 2620 823 concinit:
2668 764 2845 821 Funes
2891 768 3189 822 ceciderunt
3244 769 3372 823 milii
3401 771 3455 822 in
3494 787 3624 839 pra:-

2031 859 2214 924 claris,
2255 867 2312 914 ct
2361 873 2416 914 c.
2462 874 2614 912 χχχιι
2695 856 3100 913 Deuteronomii
3176 857 3374 924 Moses,
3413 870 3463 913 et
3510 861 3546 915 Ι.
3580 861 3623 915 II

2032 950 2168 1022 Reg.
2199 966 2248 1005 c.
2281 966 2399 1015 vm,
2437 965 2539 1006 nec
2579 950 2781 1004 mirum
2829 950 2876 1004 si
2924 966 3265 1020 unaquaeque
3296 967 3429 1023 gens
3473 964 3626 1010 certa

2036 1052 2309 1096 terrarum
2356 1041 2533 1110 spatia
2577 1041 2695 1095 suis
2724 1040 3182 1110 appellationibus
3213 1053 3389 1108 vocet,
3427 1043 3625 1100 Rastas

2030 1130 2524 1196 Germani,,Latini
2564 1130 2813 1185 Milliaria
2848 1141 2903 1186 et
2967 1129 3188 1201 Iugera,
3221 1132 3360 1188 Galli
3392 1132 3624 1202 Leucas,

2031 1219 2214 1277 Persae
2244 1220 2608 1292 Parasangas,
2645 1221 2818 1277 Grieci
2849 1223 3144 1292 σταθμούς,
3181 1225 3297 1281 sive
3320 1226 3623 1293 stationes;

2034 1320 2148 1367 tum
2194 1321 2449 1382 vergente
2483 1313 2734 1368 Retnano
2764 1314 2995 1383 imperio
3029 1316 3364 1381 mansiones,
3394 1316 3464 1372 de
3503 1320 3628 1388 qui-

2033 1403 2136 1458 bus
2160 1401 2526 1468 Herodianus,
2558 1404 2594 1458 Ι.
2622 1420 2661 1459 ll
2687 1415 2742 1459 et
2768 1405 3055 1476 Bergerius
3079 1407 3173 1464 lib.
3207 1406 3283 1462 De
3311 1410 3439 1479 imp.
3469 1409 3622 1466 Rom.

2030 1495 2150 1559 viis,
2176 1503 2336 1548 erant
2386 1495 2606 1551 termini
2654 1496 2973 1551 militarium
3026 1499 3458 1568 expeditionum;
3514 1499 3626 1555 Ho-

2035 1584 2246 1637 minum
2305 1593 2386 1641 est
2443 1587 2784 1642 consuetudo
2851 1586 3067 1645 facilius
3110 1604 3173 1644 ea
3220 1589 3453 1659 discere,
3505 1608 3630 1663 qua:

2034 1676 2211 1731 divisa
2270 1679 2448 1733 solent
2480 1679 2806 1745 :evidentius
2853 1682 3197 1748 elucescere,
3255 1685 3332 1737 uti
3384 1686 3629 1756 loquitur

347 1787 550 1842 Harum
597 1802 789 1841 vocum
835 1786 990 1854 origo
1035 1787 1257 1840 ducitur
1295 1801 1327 1840 a
1360 1785 1526 1841 verbo
1573 1784 1759 1851 tralia,
1801 1785 1933 1854 quia

2038 1769 2403 1841 Cassiodorus
2447 1786 2498 1827 c.
2531 1772 2566 1825 2
2595 1772 2672 1826 De
2700 1773 2917 1827 Anima.
2950 1772 2992 1826 Ε
3034 1774 3388 1831 distinctione
3426 1778 3630 1847 quippe

344 1882 495 1934 varia
520 1880 883 1949 undequaque
910 1878 1200 1933 trahuntur
1249 1878 1316 1932 ad
1345 1893 1489 1942 eam,
1519 1879 1698 1949 quade
1729 1878 1931 1946 agitur,

346 1986 459 2024 rem
489 1971 808 2039 spectantia,
857 1956 985 2024 hinc
1010 1969 1301 2024 deducitur
1340 1978 1514 2022 tracto
1557 1968 1785 2025 verbum
1824 1966 1936 2023 ire-

347 2063 752 2131 quentativum;
808 2063 952 2117 sicut
992 2077 1023 2116 a
1063 2062 1230 2117 verbo
1269 2077 1386 2116 sero
1432 2061 1711 2116 derivatur
1738 2072 1933 2123 sermo,

348 2156 476 2224 quia
516 2154 731 2210 diversa
781 2163 1074 2220 seruntur,
1117 2163 1173 2209 et
1213 2153 1597 2217 conferuntur,
1644 2153 1773 2208 hinc
1807 2168 1935 2223 pro-

349 2245 586 2314 gignitur
606 2244 831 2309 dissero,
862 2255 915 2298 et
939 2246 1185 2308 disserto,
1229 2247 1373 2300 unde
1406 2246 1743 2301 dissertatio.
1772 2246 1938 2302 Asce-

351 2336 445 2389 tici
483 2336 808 2390 vocabulum
843 2335 1091 2390 Graecum
1124 2336 1179 2389 in
1214 2337 1351 2393 duas
1389 2351 1551 2392 voces
1586 2336 1807 2392 Latinas
1844 2353 1936 2394 re-

351 2427 489 2480 solvi
538 2426 953 2495 periphrastice,
998 2427 1159 2495 idque
1203 2426 1270 2481 de
1313 2428 1619 2482 monastiea
1665 2429 1939 2483 exercita-

354 2514 501 2567 tione
551 2514 811 2582 exposui,
862 2528 961 2568 nee
1013 2514 1161 2567 enim
1211 2515 1374 2569 unico
1410 2523 1590 2583 potest
1635 2516 1933 2585 explicari;

354 2621 477 2658 nam
507 2622 611 2659 vox
642 2607 854 2659 ascetici
884 2606 1070 2661 Graeca
1101 2615 1202 2674 est,
1239 2622 1346 2661 non
1376 2617 1556 2662 autem
1589 2608 1807 2675 Latina,
1842 2608 1938 2664 sed

355 2699 408 2749 in
432 2697 839 2767 Lexicographo
856 2698 1306 2764 Adnotationum,
1332 2701 1497 2773 inque
1517 2716 1650 2756 voce
1664 2702 1938 2771 Ἀσκησις

356 2789 509 2857 plura
538 2789 810 2858 congessi.
841 2788 1181 2860 ﬂosvveydns
1209 2791 1428 2859 quidem
1455 2792 1539 2846 vir
1569 2792 1937 2859 pereruditus,

353 2882 488 2935 etin
518 2880 695 2951 Belgio
727 2881 1001 2949 quondam
1037 2882 1172 2934 mihi
1216 2883 1544 2951 peramieus,
1584 2884 1635 2936 in
1672 2881 1829 2939 Notis
1868 2884 1938 2937 ad

356 2967 680 3023 Paradisum
725 2968 1022 3024 Heraclidis
1068 2971 1253 3024 laudat
1283 2965 1681 3026 ’Onomnsticon
1738 2974 1791 3027 in
1839 2989 1938 3027 vo-

356 3060 512 3115 cibus
549 3060 864 3127 Tractatus,
896 3070 949 3116 et
990 3060 1312 3123 Tractator;
1349 3070 1403 3115 tu
1433 3065 1677 3129 censule,
1702 3064 1746 3118 si
1784 3078 1937 3133 repe-

355 3154 465 3208 rire
512 3153 691 3223 pessis
734 3168 945 3223 reapse,
993 3168 1189 3223 meque
1239 3151 1453 3207 felicior
1491 3153 1692 3209 habens
1727 3153 1937 3208 Mercu—

356 3247 495 3300 rium
535 3244 914 3300 dexteriorem.
1368 3308 1383 3321 ί

425 3338 822 3408 Consequitur:
883 3336 990 3390 Τοῦ
1040 3337 1189 3390 ὁσίου
1251 3337 1463 3408 Πατρὸς
1519 3335 1678 3407 ἡμῶν
1742 3334 1935 3387 Νείλου

358 3431 495 3499 προς
548 3428 801 3495 Ἀγάθων
854 3428 1178 3498 μονάζοντα.
1232 3429 1297 3481 'H
1342 3430 1527 3499 ἀρχή·
1561 3429 1721 3490 ἘΘος
1759 3427 1935 3497 ἔχοντί

364 3538 473 3589 μοι,
524 3535 645 3588 quae
673 3521 740 3572 ita
776 3520 1038 3573 converti.
1073 3518 1258 3573 Sancti
1295 3518 1471 3571 Patris
1507 3519 1676 3571 nostri
1718 3516 1831 3570 Nili
1861 3516 1930 3570 ad

362 3608 645 3675 Agathium
668 3609 1014 3661 monasticam
1033 3608 1194 3661 vitam
1213 3619 1450 3677 agentem
1470 3606 1763 3661 Peristeria
1781 3646 1795 3671 ,
1822 3608 1937 3662 sive

363 3700 645 3753 ’l'ractatus
674 3698 735 3752 de
750 3699 1029 3753 virtutibus
1052 3699 1354 3754 excolendis
1376 3709 1425 3752 et
1450 3699 1594 3752 vitiis
1622 3699 1885 3768 fugiendis
1916 3717 1935 3753 .·

358 3792 592 3859 exemplo
637 3791 935 3846 Peristcria:
981 3793 1297 3847 clarissima:
1347 3791 1545 3845 swculo
1606 3791 1935 3871 eofeminre.

362 3884 572 3952 Incipit,
588 3883 719 3938 Cum
750 3901 860 3938 meo
888 3901 1052 3950 more,
1068 3894 1173 3939 etc.
1196 3886 1333 3950 Quia
1369 3901 1496 3938 vero
1530 3893 1795 3939 tractatus
1821 3895 1939 3940 erat

360 3977 640 4043 prolixior,
672 3975 724 4027 in
755 3975 821 4027 l9.
847 3976 1263 4045 τμήματα,εἰνθ
1296 3976 1567 4030 sectiones
1596 3990 1722 4029 eum
1752 3976 1935 4041 divisi,

361 4084 499 4137 quas
533 4069 584 4120 in
632 4068 807 4136 capita
836 4069 1122 4135 subdivisi,
1156 4069 1620 4138 quemadmodum
1655 4077 1709 4123 et
1739 4077 1938 4123 tracta-

365 4168 475 4212 tum
523 4158 597 4211 De
638 4160 928 4212 monastica
981 4162 1358 4214 exercitatione
1414 4161 1468 4214 in
1523 4160 1699 4229 capita
1750 4159 1936 4214 itidem

363 4252 750 4316 distinxeram;
786 4267 851 4304 ne
896 4267 1005 4306 uno
1052 4253 1245 4322 spiritu
1296 4254 1430 4307 liber
1473 4261 1619 4307 totus
1668 4252 1938 4322 perlectus

365 4338 528 4393 nimis
576 4337 822 4406 fatigaret
872 4339 1150 4403 lectorem,
1206 4356 1357 4407 neve,
1404 4341 1582 4411 spatio
1612 4341 1759 4393 nullo
1784 4341 1936 4403 dato,

2037 1862 2131 1916 lux
2160 1862 2400 1933 eﬁulget;
2434 1872 2571 1920 teste
2604 1864 2777 1920 Paulo
2820 1864 3130 1923 Juriseons.
3164 1868 3201 1923 l.
3241 1884 3253 1921 ι
3292 1867 3356 1923 D.
3397 1869 3475 1923 De
3516 1870 3630 1923 doli

2037 1954 2167 2008 mali
2198 1965 2400 2025 except.
2449 1957 2541 2011 ubi
2578 1955 2754 2011 Gloss.
2795 1967 2846 2012 et
2899 1942 3146 2014 Institut.
3184 1960 3212 2031 §
3243 1961 3335 2017 sed
3369 1977 3494 2023 non,
3534 1979 3629 2017 ns-

2037 2061 2144 2116 que
2160 2046 2223 2100 de
2250 2046 2412 2117 legat.
2444 2046 2813 2113 Quamobrem
2841 2049 3005 2104 etiam
3035 2048 3344 2125 Jurisperiti
3373 2052 3441 2107 de
3475 2067 3630 2107 more

2040 2136 2239 2192 habent
2268 2136 2483 2207 aperire
2511 2138 2704 2208 legem,
2735 2153 2899 2208 quam
2936 2140 3150 2208 publice
3181 2142 3628 2212 interpretantur,

2038 2228 2092 2282 in
2152 2238 2374 2299 partes,-
2420 2239 2477 2285 et
2527 2230 2712 2285 Codex
2760 2229 3056 2287 Justiniani
3090 2234 3143 2286 in
3174 2233 3217 2288 ll
3244 2244 3446 2302 tomos,
3484 2236 3629 2292 Pan-

2037 2320 2194 2374 decta
2224 2335 2356 2376 vero
2389 2322 2444 2375 in
2485 2323 2588 2377 tria
2623 2323 2924 2389 volumina,
2973 2325 3103 2377 tomi
3133 2336 3314 2380 autem
3348 2327 3401 2380 in
3438 2328 3628 2395 libros,

2038 2411 2162 2466 libri
2191 2422 2452 2481 praeterea
2486 2415 2542 2469 in
2570 2415 2788 2479 titulos,
2830 2430 2924 2470 seu
2955 2416 3223 2480 rubricas,
3250 2425 3305 2473 et
3332 2418 3413 2474 bac
3446 2420 3500 2474 in
3533 2437 3631 2476 ca-

2037 2504 2231 2573 pitula,
2254 2505 2383 2559 'sive
2419 2506 2566 2575 leges
2611 2506 3038 2574 distribuuntur,
3074 2510 3310 2578 capitula
3345 2526 3540 2566 rursus
3572 2511 3629 2566 iu

2039 2597 2431 2666 paragraphos.
2477 2597 2651 2653 Biblia
2678 2615 2899 2670 quoque
2933 2617 3087 2657 sacra
3128 2603 3185 2656 in
3235 2603 3468 2673 capitula
3501 2612 3632 2658 sunt

2040 2689 2348 2760 diSpertita-.
2378 2689 2721 2746 Peristeriam
2749 2692 2954 2760 addidi,
2979 2703 3033 2749 et
3055 2694 3448 2766 periphrastice
3471 2696 3632 2765 quid-

2039 2782 2170 2850 quid
2205 2783 2261 2837 iu
2303 2792 2536 2840 tractatu
2566 2785 2970 2853 continebatur,
3012 2798 3070 2843 ut
3102 2789 3387 2844 materiem
3420 2789 3632 2844 indica-

2041 2888 2178 2937 rem,
2213 2883 2268 2929 et
2300 2889 2560 2942 causam,
2596 2892 2760 2946 quam
2800 2878 3032 2947 praebuit
3070 2880 3378 2936 clarissima
3419 2870 3628 2935 femina

2040 2965 2339 3034 plurimum
2404 2967 2810 3034 commendata,
2841 2978 2895 3024 et
2916 2969 3071 3039 juxta
3101 2986 3260 3025 suum
3290 2986 3487 3025 nomen
3520 2972 3633 3025 Co-

2042 3056 2224 3112 lumba
2274 3072 2461 3127 pacem
2513 3059 2771 3115 nuntians
2824 3063 3006 3127 terris,
3062 3076 3165 3118 nec
3213 3063 3430 3134 ambigo
3478 3064 3632 3118 illam

2042 3146 2214 3215 ipsam
2262 3146 2453 3213 fuisse,
2493 3148 2560 3203 de
2597 3164 2701 3220 qua
2755 3151 3037 3223 lschyrion
3069 3154 3332 3209 diaconus
3373 3153 3633 3210 Ecclesiae

2037 3239 2440 3309 Alexandrinae,
2478 3242 2546 3297 ad
2580 3241 2820 3299 Leonem
2868 3260 3066 3315 papam
3113 3256 3168 3301 et
3193 3247 3379 3303 Patres
3408 3249 3632 3303 concilii

2037 3329 2502 3388 Chalcedonensis
2526 3332 2578 3387 in
2600 3334 2782 3391 libello
2807 3336 3015 3391 inserto
3044 3338 3244 3392 actioni
3277 3340 3469 3405 tertiac,
3502 3356 3626 3410 pag.

2037 3419 2142 3473 25:2
2189 3421 2334 3475 Edit.
2369 3421 2529 3478 Rom.
2572 3423 2645 3478 ita
2698 3426 2919 3496 scripsit
2957 3426 3077 3480 :Tb
3120 3429 3228 3499 γὰρ
3266 3431 3359 3482 καὶ
3402 3429 3501 3500 τὴν
3528 3432 3631 3499 τῆς

2037 3508 2298 3582 λαμπρᾶς
2313 3511 2508 3582 μνείας
2524 3513 2890 3586 Περιστερίαν
2912 3519 3145 3589 πρᾶγμα
3170 3518 3344 3584 οὐδεὶς
3364 3521 3625 3589 ἠγνόησε,

2038 3602 2134 3655 καὶ
2177 3603 2413 3672 μάλιστα
2462 3604 2572 3657 τῶν
2599 3607 2955 3663 ἐνοικούντων
2986 3611 3191 3682 ταύτην
3232 3611 3331 3684 τὴν
3389 3613 3633 3683 βασιλίδα

2038 3694 2165 3747 νέαν
2199 3693 2442 3765 Ῥώμην,
2478 3697 2699 3767 ἐκείνης
2726 3702 2868 3772 ὑπὲρ
2895 3702 2995 3773 τῆς
3028 3705 3233 3774 ἑαυτῆς
3265 3706 3443 3777 ψυχῆς
3477 3707 3632 3777 ἐντῷ

2038 3783 2374 3837 διατίθεσθαι
2434 3787 2999 3862 παρακελευσαμένης
3042 3793 3304 3863 πλείστην
3353 3796 3632 3865 ποσότητα

2040 3875 2265 3945 χρυσίου
2313 3877 2730 3948 παρασχεθῆναι
2778 3884 2893 3943 τοῖς
2940 3884 3344 3953 μοναστηρίοις,
3395 3887 3458 3937 οὐ
3517 3888 3631 3956 μὴν

2039 3968 2176 4022 ἀλλὰ
2217 3969 2312 4022 καὶ
2361 3973 2473 4032 τοῖς
2518 3970 2742 4033 ξενεῶσι
2799 3973 2894 4025 καὶ
2937 3975 3246 4044 πτωχείοις,
3282 3977 3377 4028 καὶ
3419 3978 3633 4048 ἑτέροις

2040 4062 2236 4131 πένησι
2269 4061 2754 4131 τῆςΑἱγυπτιακῆς
2783 4063 2967 4135 χώρας
2988 4082 3003 4131 ;
3027 4065 3337 4134 Ἀχθεσοεὶς
3356 4070 3384 4120 ὁ
3401 4068 3626 4123 εὐλαϐέ-

2042 4171 2236 4217 στατος
2263 4156 2402 4225 ἀνὴρ
2432 4154 2767 4224 (Διόσκορος)
2817 4157 3206 4228 Ἀλεξανδρεὺς
3250 4159 3552 4224 ἐπίσκοπος
3594 4163 3627 4232 ἦ

2040 4247 2406 4317 πατριάρχης,
2441 4246 2527 4315 ἐφ’
2556 4242 2639 4309 οἷς
2692 4248 2792 4301 οὐκ
2838 4250 2918 4312 εἰς
2962 4249 3254 4318 πρόσωπον
3312 4251 3466 4322 αὑτῷ
3495 4270 3630 4307 κατ-

2040 4339 2251 4406 έλειψεν
2274 4340 2688 4408 παρασκευάζει
2705 4340 2894 4394 ἐκεῖνα
2907 4342 2971 4394 τὰ
2992 4342 3097 4413 χρή
3108 4356 3252 4412 ματα
3273 4343 3422 4414 αὐτῷ
3452 4361 3632 4416 παρα-

365 4430 616 4499 colligere
650 4429 739 4482 ille
790 4445 848 4483 se
904 4445 967 4483 ac
994 4431 1417 4498 interquiescere
1463 4447 1569 4485 non
1615 4440 1816 4501 posset,
1848 4446 1935 4483 ve-

2047 4430 2325 4502 σχεθῆναι,
2350 4433 2444 4485 καὶ
2470 4433 2590 4487 ἀντὶ
2613 4433 2987 4504 ἐλεημοσύνης
3015 4436 3274 4506 θυμέλαις
3291 4440 3384 4493 καὶ
3412 4438 3632 4509 θεατρι-

369 4536 484 4571 rum
552 4520 820 4572 tantillum
892 4521 1262 4575 allevaretur:
1320 4539 1443 4577 nam
1497 4524 1642 4579 sicut
1699 4523 1940 4576 Rutilius

365 4609 744 4674 Numatianus,
793 4611 886 4664 lib.
932 4627 967 4663 ιι
1011 4610 1287 4665 Itinerarii
1332 4615 1548 4680 cecinit,

439 4725 727 4780 Intervalla
770 4727 863 4778 vite
895 4726 1045 4787 fessis
1074 4740 1327 4793 praestare
1356 4728 1578 4789 videtur,

508 4798 612 4860 Qui
647 4805 791 4848 notat
819 4796 1101 4863 inscriptus
1135 4796 1305 4849 millia
1339 4798 1505 4849 multa
1537 4797 1693 4861 lapis.

367 4888 630 4943 Praefatur
676 4896 899 4942 sanctus
941 4884 1307 4956 Hieronymus
1352 4888 1502 4942 Isaiae
1538 4888 1801 4941 visimem
1844 4903 1939 4941 cx-

367 4980 665 5051 p'ositurus,
687 4981 867 5044 Iih.iv,
894 4994 944 5033 c.
974 4979 1060 5045 tl,
1092 4994 1149 5034 se
1176 4994 1269 5048 per
1301 4990 1482 5048 partes
1507 4994 1626 5033 eam
1650 4982 1941 5047 explanare

367 5073 534 5135 velle,
583 5085 650 5122 ne
718 5069 880 5121 simul
928 5067 1205 5136 proposita
1246 5077 1409 5137 atque
1448 5067 1680 5120 disserta
1726 5068 1941 5123 lectoris

365 5160 660 5216 confundat
690 5157 1044 5223 memoriam;
1078 5157 1219 5211 idem
1256 5158 1477 5211 adnotat
1510 5157 1577 5209 ad
1612 5172 1660 5211 c.
1716 5173 1773 5210 Ill
1803 5156 1938 5210 Joel.

367 5254 417 5304 in
446 5250 566 5303 Nilo
601 5249 842 5311 flumine,
878 5249 990 5302 sive
1018 5248 1070 5300 in
1115 5249 1248 5302 rivis
1278 5249 1396 5316 ejus
1436 5247 1624 5301 solitos
1659 5246 1943 5316 Aigyptios

366 5343 587 5396 funibus
632 5356 795 5394 naves
831 5341 1049 5393 trahere
1089 5348 1235 5392 certa
1286 5341 1547 5392 habentes
1583 5338 1782 5407 spatia,
1825 5355 1946 5405 quae

366 5434 631 5504 appellant
680 5431 972 5490 funiculos,
1019 5440 1076 5482 ut
1106 5430 1277 5483 labori
1318 5427 1656 5482 defessorum
1705 5427 1944 5481 recentia

365 5522 697 5576 trahentium
757 5520 894 5573 colla
957 5519 1296 5583 succedant;
1341 5518 1619 5570 trahentes
1656 5515 1945 5570 helciarios

364 5626 523 5671 vocat
546 5631 740 5669 curvus
771 5614 1046 5667 Salonius.
1073 5613 1198 5664 Inde
1224 5611 1522 5674 funiculus,
1547 5610 1662 5663 sive
1692 5609 1943 5677 σχοινίον,

367 5709 450 5764 vel
507 5710 714 5777 σχοῖνος
745 5708 897 5775 juxta
954 5704 1240 5775 [Egypllns
1288 5713 1368 5756 est
1412 5718 1675 5759 mensura
1710 5701 1944 5769 itineris,

608 5827 895 5886 Parum"
949 5824 992 5883 (Ξ
1008 5844 1064 5883 ιι.
1120 5821 1402 5882 LXXIX.

2046 4526 2158 4587 κοῖς
2203 4522 2414 4595 ἑτέροις
2473 4525 2819 4597 προσώποις,
2863 4527 3003 4581 ὥστε
3055 4532 3226 4601 μηδὲν
3263 4533 3362 4604 τὴν
3400 4533 3632 4587 εὐωδίαν

2042 4613 2143 4685 τὴν
2172 4616 2279 4668 ἀπὸ
2306 4619 2404 4686 τῆς
2434 4617 2627 4681 Θυσίας
2652 4621 2754 4689 τῆς
2781 4619 3041 4691 λαμπρᾶς
3076 4627 3176 4694 τὴν
3211 4627 3434 4696 μνήμην
3466 4627 3631 4696 Περι-

2044 4702 2264 4774 στερίας
2317 4706 2670 4778 ἀνενεχθῆναι
2719 4710 2857 4780 πρὸς
2905 4712 2998 4764 τὴν
3052 4714 3207 4777 Θεὸν,
3258 4716 3323 4767 τὸ
3367 4717 3490 4769 ὅσον
3542 4717 3629 4769 ἐπ’

2043 4793 2213 4863 αὐτῷ,
2250 4795 2385 4848 ἀλλὰ
2426 4798 2635 4867 φανερά
2688 4801 2719 4869 ἡ
2757 4794 3016 4867 πρόθεσις
3054 4804 3268 4874 ἐκείνης
3307 4808 3627 4879 ἀπεδείχθη.

2044 4884 2097 4938 Id
2144 4895 2252 4939 cst:
2316 4886 2574 4941 Craterum
2616 4891 2929 4944 clarissimis
2987 4895 3258 4948 memoriae
3327 4896 3631 4955 Peristeria:

2045 4979 2306 5045 negotium
2356 4980 2534 5034 nullus
2577 4982 2863 5050 ignoravit,
2920 5000 3098 5036 eorun
3152 4989 3384 5042 maxime
3411 4992 3500 5060 qui
3534 4992 3630 5044 Ita-

2045 5067 2213 5122 bitare
2258 5075 2549 5123 uastantur
2604 5073 2659 5124 in
2705 5073 2802 5125 huc
2859 5078 3001 5141 regia
3054 5077 3179 5130 urbe
3224 5077 3375 5132 Nova
3423 5080 3630 5149 Roma;

2045 5159 2137 5211 illa
2184 5177 2405 5229 namque
2458 5172 2553 5230 pro
2612 5165 2805 5216 anima!
2862 5182 2973 5218 sua?
3019 5168 3192 5222 salute
3255 5178 3628 5227 testamentum

2045 5253 2270 5305 condens
2313 5254 2473 5321 jussit
2521 5254 2742 5308 multant
2801 5259 3438 5330 quantitatem‘pecunite
3488 5282 3628 5334 prce-

2046 5345 2177 5396 stari
2202 5345 2559 5411 monasteriis,
2592 5363 2787 5399 necnon
2819 5351 2979 5402 etiam
3005 5354 3340 5407 xenodocliiis
3370 5357 3387 5421 (
3405 5357 3511 5410 sire
3535 5357 3628 5410 Ito-

2047 5435 2262 5503 spitnm)
2298 5444 2347 5487 ct
2387 5436 2653 5502 parce/riis
2684 5440 2701 5507 (
2722 5440 2898 5505 potius
2934 5440 3294 5494 mendicorunt
3328 5457 3630 5513 receptacu-

2047 5523 2146 5577 lis)
2181 5534 2229 5577 et
2262 5526 2387 5576 aliis
2417 5528 2740 5594 pauperibus
2785 5529 3122 5599 fﬁgyptincrc
3156 5535 3458 5600 prorincim,
3491 5537 3629 5605 quod

2050 5617 2261 5667 moleste
2323 5616 2490 5684 fit-cus
2559 5619 2694 5671 idem
2741 5623 3201 5677 rereremlissimus
3243 5627 3320 5679 rir
3381 5627 3632 5699 (Diosco—

2052 5720 2168 5776 rus)
2205 5708 2592 5763 .llsrundrinus
2640 5716 2938 5785 episcopus,
2972 5718 3074 5770 sive
3104 5720 3440 5785 patriarcha,
3474 5722 3535 5774 ob
3578 5714 3630 5772 id

3120 5834 3192 5895 42
