4066 6146
507 240 639 302 1323

1435 240 1578 300 JOS.
1619 238 1883 298 MARUE
1915 237 2277 298 SUARESII
2323 237 2816 300 DISSERTATIU

3615 238 3751 304 13ἳᾶ

490 350 631 418 quod
661 351 720 402 in
759 365 978 418 persona
1005 310 1119 418 eius
1159 349 1267 402 luet:
1309 348 1520 403 minime
1554 359 1677 402 διιοιι
1701 349 1946 411 dimissa,
1995 347 2072 414 fe-
2101 359 2144 410 Α
2173 363 2281 417 que
2325 348 2406 403 vel
2449 366 2508 405 se
2545 348 2914 418 recipiebant,
2957 347 3036 402 vel
3076 346 3498 402 retrudebantur
3547 350 3748 417 publici

492 443 562 494 cit
595 443 803 494 easdem
839 441 1086 508 pecunias
1121 456 1216 508 pro
1243 439 1571 511 eleemosyna
1599 442 1808 504 scortis,
1836 457 1926 493 seu
1954 440 2066 493 sal-

483 532 800 595 tatricibns,
836 541 884 583 et
917 531 1040 584 aliis
1075 533 1351 585 theatricis
1383 533 1662 601 dispartiri
1695 533 1971 601 personis;
2007 541 2062 583 ut

478 622 651 692 .597
700 638 862 690 neque
907 621 1084 675 odoris
1145 622 1447 691 fragrantia
1499 623 1618 692 fusa
1667 637 1731 676 ea:
1797 623 2064 676 oblatione

489 715 632 766 illius
672 713 986 768 clarissima:
1016 716 1280 768 memoria:
1307 713 1613 769 Peristerite
1661 721 1950 784 (quantum
1994 716 2064 768 ad

485 818 603 857 eum
632 803 922 872 pertinuit)
964 803 1124 871 fuerit
1163 804 1344 857 oblata
1383 803 1532 870 Deo;
1563 804 1652 858 sed
1681 805 1827 858 illius
1853 806 2064 875 quidem

487 896 826 962 manifestans
879 897 1208 964 propositum
1265 895 1686 949 demonstratum
1739 905 1837 950 est.
1891 895 2062 961 Quem

484 987 665 1042 locum
701 1001 876 1042 meam
910 988 962 1040 in
1005 986 1326 1042 memoriam
1396 987 1669 1042 revocavit
1712 987 2064 1042 doctissimus

484 1089 539 1135 et
588 1079 1075 1135 reverendissimus
1107 1078 1266 1134 Pater
1317 1077 1656 1150 llyacinthus
1701 1079 1940 1134 Libellus
1973 1095 2065 1134 or-

485 1170 630 1224 dinis
668 1169 842 1224 sancti
892 1168 1180 1234 Dominici,
1219 1171 1478 1240 magister
1510 1170 1651 1224 sacri
1689 1170 1897 1238 palatii,
1944 1186 2062 1224 me-

486 1262 593 1314 rito
618 1262 957 1330 ingeniorum
1003 1265 1248 1314 omnium
1310 1276 1528 1325 censor,
1548 1261 1640 1331 qui
1695 1262 2061 1330 ὲγκυκλοπαι-

483 1351 654 1416 δείαν,
690 1351 741 1404 id
775 1362 858 1406 est
887 1353 1243 1406 scientiarum
1283 1352 1492 1417 orbem,
1535 1362 1684 1406 tanta
1736 1369 1860 1407 cum
1903 1353 2062 1407 laude

485 1443 737 1508 confecit,
779 1459 880 1498 nec
909 1445 1123 1514 pietatis
1159 1445 1341 1499 minus
1387 1460 1536 1514 ergo,
1584 1459 1749 1513 quam
1799 1444 2063 1498 doctrina:

485 1536 689 1602 passim
737 1537 1061 1590 celebratur.
1107 1535 1238 1590 Jure
1272 1545 1454 1590 autem
1502 1534 1805 1590 Peristeriae
1843 1537 2056 1590 titulum

483 1624 670 1678 censui
717 1623 1121 1678 attribuendum
1184 1624 1271 1677 isti
1322 1624 1615 1689 tractatui;
1670 1623 1872 1677 etenim
1931 1638 2056 1676 cum

2170 449 2509 507 peccatores,
2558 448 2616 493 ut
2652 438 2921 495 eJoanne
2969 438 3231 503 Climace,
3286 448 3448 508 atque
3497 441 3750 497 collatore

2168 531 2429 588 Cassiano
2467 533 2665 603 liquet;
2715 531 3110 586 monachorum
3156 532 3460 600 (inquam)
3509 535 3748 588 coenobi-

2169 632 2347 677 tarum
2392 639 2506 678 Sive
2553 623 2956 694 synoditarum,
3005 623 3098 691 qui
3134 621 3298 676 simul
3330 622 3669 690 victitabant,
3696 633 3757 679 et

2167 714 2224 768 in
2251 730 2542 770 commune
2588 729 2686 770 sua
2717 715 2903 769 omnia
2947 712 3272 768 referebant.
3315 714 3451 768 Nam
3492 722 3747 784 pra-itere:

2165 804 2404 858 eremita:
2431 803 2599 870 fuere,
2631 803 2724 873 qui
2753 803 2984 859 desertis
3014 802 3180 874 598
3206 803 3262 857 in
3285 804 3421 859 locis
3450 805 3746 874 degebant;

2165 904 2219 950 et
2243 897 2605 962 anachoreta,
2642 898 2736 966 qui
2803 907 3143 951 recesserant
3189 897 3243 950 in
3287 907 3459 960 vasta,
3494 907 3552 952 et
3586 899 3747 962 invia,

2165 988 2567 1057 remotioraque
2611 997 2840 1043 secreta.
2888 986 3157 1058 Σιλϐιανῷ
3190 988 3512 1061 κοινοῦιώτῃ
3565 991 3749 1044 szribit

2165 1074 2356 1142 Nilus,
2395 1079 2556 1147 epist.
2593 1078 2719 1144 307,
2757 1077 2924 1132 lib.l.
2959 1079 2998 1132 E
3026 1081 3319 1136 euuwbitis
3354 1082 3596 1136 eremita:
3625 1098 3747 1144 pro-

2167 1165 2372 1231 dibant,
2420 1175 2585 1234 atque
2633 1168 3012 1231 anachoreta},
3066 1170 3143 1222 uti
3189 1169 3371 1238 prodit
3414 1169 3745 1234 Cassianus,

2165 1253 2464 1310 Collatione
2521 1258 2609 1320 18,
2663 1255 2765 1311 c.l
2809 1265 2862 1310 et
2921 1258 2986 1322 2,
3020 1272 3052 1311 e
3104 1257 3161 1311 S.
3205 1256 3404 1322 Paulo,
3437 1273 3560 1328 cap.
3596 1275 3651 1314 st
3682 1261 3748 1313 ad

2165 1345 2514 1415 Hebr.,quin
2569 1354 2624 1400 et
2678 1347 2958 1418 στυλῆται,
3011 1349 3062 1402 in
3115 1349 3314 1417 quibus
3359 1364 3554 1418 agmen
3603 1351 3749 1405 ducit

2165 1434 2408 1501 Simeon,
2455 1449 2510 1490 et
2547 1436 2614 1490 de
2650 1437 2854 1506 quibus
2886 1435 3173 1507 Rosweyd.
3227 1439 3279 1490 in
3319 1436 3442 1492 Not.
3481 1440 3549 1492 ad
3601 1437 3747 1492 Vitas

2165 1526 2407 1582 Patrum.
2468 1527 2608 1581 Sunt
2651 1537 2705 1583 et
2755 1529 3001 1598 epistolae
3049 1527 3155 1584 Nili
3206 1527 3478 1584 Nicandro
3521 1530 3745 1603 πυλέτῃ

2163 1621 2439 1690 inscriptae
2487 1621 2589 1675 114
2633 1632 2688 1676 et
2720 1621 2842 1685 115,
2894 1623 2986 1691 qui
3023 1630 3078 1676 et
3125 1624 3376 1684 κιονιται,
3413 1621 3609 1677 Latine
3653 1640 3743 1676 co-

484 1713 636 1768 Nilus
659 1730 913 1783 egressus
943 1715 1076 1768 urbe
1103 1713 1709 1782 Constantinopolitana
1746 1729 1845 1782 pro
1881 1727 2055 1778 more,
2092 1690 2131 1744 B
2161 1713 2438 1781 lumnarii,
2469 1714 2596 1770 dicti
2627 1724 2752 1770 sunt
2777 1690 3139 1784 ;ἒτκλειστοι,
3171 1731 3266 1770 seu
3294 1715 3507 1779 reclusi,
3533 1719 3599 1769 de
3625 1718 3743 1784 qui-

486 1812 544 1857 nt
579 1805 759 1858 aditus
805 1805 1146 1874 importunus
1185 1805 1407 1870 vitaret,
1446 1804 1620 1858 oﬁieia
1656 1805 1886 1867 scilicet,
1915 1805 2060 1859 sicut

483 1911 584 1965 ego
618 1897 872 1962 arbitror,
919 1909 976 1950 et
1015 1897 1394 1960 salutationes,
1427 1905 1592 1964 atque
1621 1895 1920 1950 domestica
1959 1911 2055 1950 ne-

482 1989 627 2057 gotia
700 1988 898 2058 (cujus
923 1991 1096 2043 instar
1123 1987 1380 2042 Boethius
1411 1995 1715 2041 secesserat
1744 1987 1798 2040 in
1826 1987 2060 2041 Aureliae

484 2087 718 2144 montes,
753 2089 915 2148 atque
943 2079 1213 2150 Apennini
1249 2079 1406 2132 villas
1431 2078 1647 2140 deinde,
1683 2087 1740 2132 ut
1772 2079 1888 2147 ipse
1922 2093 2058 2146 pra:-

485 2168 634 2222 fatur
661 2171 713 2221 in
743 2167 1027 2239 Porphyrii
1057 2166 1311 2238 Dialogos
1340 2183 1370 2221 a
1403 2165 1684 2220 Victorino
1716 2165 2056 2234 translatos),

481 2257 930 2312 deambulaturus
956 2265 1080 2310 ante
1107 2257 1379 2311 civitatem
1411 2257 1465 2309 in
1505 2270 1724 2310 nemore
1753 2255 2056 2320 remotiori,

481 2358 533 2402 et
585 2348 866 2417 Agathius,
896 2363 1055 2416 quem
1084 2355 1243 2400 vocat
1275 2346 1597 2415 μονάζοντα,
1631 2345 1732 2399 hoc
1759 2353 1862 2407 est,
1894 2361 2056 2414 agen-

481 2445 588 2489 tem
623 2436 786 2489 vitam
827 2435 1206 2490 monasticam.
1262 2432 1498 2502 Degebat
1559 2433 1761 2501 quippe
1793 2431 2056 2501 Agathius

482 2525 710 2578 scorsim
789 2524 1108 2588 solitarius,
1171 2533 1224 2576 et
1300 2522 1478 2575 adhuc
1531 2521 1647 2575 sive
1700 2520 2056 2589 philosophiae

483 2614 835 2677 Christianze,
874 2613 986 2665 sive
1021 2613 1378 2665 monachatus
1428 2609 1740 2664 tirocinium
1785 2611 2052 2679 ponebat,

482 2704 577 2757 sed
629 2704 785 2773 quasi
835 2701 1042 2770 μέλλων
1087 2700 1410 2765 monachus,
1461 2701 1811 2770 pr0pioriquc
1858 2701 2050 2770 gradu,

480 2804 533 2847 et
572 2793 814 2862 proxime
876 2791 1196 2862 cingendus.
1241 2791 1411 2843 Erant
1456 2789 1604 2844 enim
1658 2791 2050 2843 monachorum

484 2888 556 2940 uti
599 2886 972 2955 pmnitcntium
1007 2884 1204 2938 diversi
1254 2883 1476 2953 gradus,
1508 2880 1574 2936 de
1613 2881 1814 2950 quibus
1856 2881 1939 2950 egi
1972 2882 2054 2935 fu-

481 2979 595 3032 sius
652 2979 704 3030 in
753 2977 951 3048 Exagio
1003 2991 1125 3031 meo
1173 2974 1240 3030 de
1286 2974 1570 3045 frequente
1627 2974 2050 3036 communiOne,

480 3081 643 3138 atque
679 3069 769 3122 ubi
799 3069 1033 3124 disserui
1070 3069 1139 3122 de
1181 3067 1501 3138 poenitentia
1547 3066 1790 3136 publica,
1837 3080 1956 3134 cap.
1996 3064 2049 3127 4,

479 3171 533 3214 et
577 3161 798 3231 quidam
847 3159 1253 3231 πρόσκλαυσιν,
1303 3175 1398 3214 seu
1441 3159 1711 3227 ploratum
1764 3168 1817 3211 et
1867 3156 2050 3211 ﬁctum

480 3252 744 3315 edebant;
772 3250 862 3304 alii
892 3250 1228 3318 usurpabant
1249 3248 1531 3315 ἀκρόασιν,
1572 3247 1687 3300 sive
1720 3245 2050 3298 audientiam

479 3343 717 3410 deputati
775 3357 893 3396 cum
954 3339 1359 3394 catecbutncnis
1417 3337 1770 3391 audientibus
1825 3337 2050 3390 verbum

477 3433 712 3496 Domini;
745 3430 988 3484 nonnulli
1026 3430 1382 3492 ὑπόπτευσιν,
1412 3428 1844 3497 contemplantes
1879 3428 2050 3496 dispi-

477 3523 690 3578 ciebant
737 3523 959 3575 humum
1005 3536 1126 3574 cum
1173 3519 1604 3590 competentibus
1654 3520 2047 3586 meditabundi,

480 3630 584 3667 non
644 3612 789 3666 velut
821 3611 1076 3676 ἐπόπται,
1107 3611 1159 3664 id
1190 3619 1273 3664 est
1334 3610 1680 3679 inspicientes
1715 3612 1768 3664 in
1807 3610 2051 3681 profanis

479 3703 636 3759 Isidis
667 3701 854 3766 sacris,
897 3701 991 3756 sed
1029 3701 1274 3770 exemplo
1309 3698 1590 3756 Publicani
1634 3716 1744 3755 non
1781 3702 2052 3757 audebant

479 3793 723 3848 attollere
749 3791 958 3858 oculos,
990 3791 1205 3860 obstipo
1239 3793 1439 3862 capite,
1493 3799 1548 3846 et
1579 3791 1804 3863 ﬁgentes
1842 3792 2050 3848 lumina

479 3895 652 3951 teri-se,
695 3884 905 3947 cernui,
943 3884 1050 3937 imo
1096 3883 1276 3952 potius
1328 3883 1663 3950 ὑπόπτωσιν,
1699 3885 1823 3952 quia
1869 3883 2052 3939 ﬂecte-

479 3978 608 4031 bant
639 3991 814 4047 genua
845 3975 1093 4039 subinde,
1123 3975 1265 4044 quod
1291 3975 1343 4028 in
1379 3975 1552 4031 sacris
1581 3975 1843 4032 diaconus
1872 3976 2052 4031 adhuc

481 4068 761 4132 inclamat,
820 4067 1169 4122 succidebant
1215 4069 1269 4120 in
1319 4083 1532 4136 genua,
1580 4077 1636 4122 et
1677 4068 1744 4122 de
1786 4068 2051 4138 geniculis

477 4161 792 4226 adorabant,
829 4160 904 4213 uti
949 4160 1190 4230 loquitur
1221 4157 1618 4223 Tertullianus,
1643 4158 1970 4215 inclinantes
1993 4176 2050 4216 se

478 4252 843 4318 γονυκλίσεσι.
890 4249 965 4304 Ita
1019 4251 1209 4304 orabat
1260 4260 1484 4306 sanctus
1534 4249 1737 4305 Paulus
1773 4266 1822 4305 c.
1873 4266 1936 4306 ιιι
1981 4252 2049 4307 ad

2161 1806 2264 1863 bus
2313 1806 2525 1861 Miratus
2579 1807 2711 1860 mihi
2771 1823 2987 1876 quoque
3057 1809 3366 1876 peramicus
3426 1809 3481 1861 in
3559 1808 3738 1877 Belgio

2160 1896 2269 1966 agit
2320 1897 2374 1950 in
2421 1893 2604 1949 Fastis
2656 1895 2905 1966 Belgicis.
2935 1895 3239 1965 Hospitium
3293 1910 3554 1953 memorat
3607 1901 3739 1954 Cre-

2160 1987 2344 2056 gorius
2384 1986 2659 2041 Turonen.
2714 1989 2918 2040 Hister.
2967 1985 3232 2041 Fraucor.
3265 1987 3356 2041 lib.
3395 2004 3469 2050 vt,
3495 2005 3545 2043 c.
3586 1989 3656 2057 6;
3690 1999 3740 2044 tt

2160 2080 2237 2134 De
2289 2081 2459 2148 gloria
2519 2080 2908 2148 confessorum,
2957 2095 3008 2135 c.
3044 2080 3148 2147 97,
3223 2081 3470 2150 aliosque
3534 2083 3738 2151 plures,

2159 2187 2298 2240 quos
2327 2182 2573 2227 recenset
2603 2171 2796 2228 Petrus
2835 2171 3092 2228 Jofredus
3127 2173 3179 2227 in
3209 2173 3392 2228 Nicaea
3437 2174 3735 2240 illustrare,

2159 2279 2212 2330 ν.
2248 2261 2381 2329 105;
2413 2263 2709 2317 incluserat
2741 2277 2799 2318 se
2825 2263 2872 2317 is
2900 2271 3096 2332 sponte
3147 2262 3200 2316 in
3240 2264 3416 2330 turri;
3455 2263 3523 2318 de
3561 2263 3738 2319 Probo

2161 2353 2368 2409 incluso
2407 2355 2460 2407 in
2502 2355 2834 2408 monasterio
2870 2352 2928 2409 S.
2960 2355 3121 2423 Greg.
3165 2353 3235 2408 Μ.
3276 2355 3436 2424 epist.
3470 2354 3560 2419 99,
3609 2357 3646 2410 ι.
3683 2356 3733 2412 9.

2157 2443 2493 2496 Columnarii
2535 2445 2752 2498 stabant
2793 2459 2956 2513 supra
2991 2445 3316 2510 Columnas;
3371 2447 3569 2500 inclusi
3612 2462 3737 2517 age-

2158 2534 2287 2588 bant
2333 2533 2390 2588 in
2450 2536 2800 2590 conclavibus
2871 2550 2968 2590 seu
3036 2536 3404 2591 domunculis.
3457 2537 3735 2592 Philume-

2159 2640 2285 2677 num
2322 2624 2653 2692 ἒγκλειστον,
2683 2625 2750 2681 ad
2791 2641 2956 2696 quem
2986 2629 3176 2683 scribit
3223 2626 3414 2693 Nilus,
3449 2630 3609 2698 epist.
3644 2629 3733 2693 96,

2157 2715 2252 2769 lib.
2310 2732 2368 2780 ιι,
2415 2717 2556 2772 male
2609 2719 2770 2772 vertit
2822 2719 3092 2788 interpres
3144 2719 3368 2774 Latinus
3399 2721 3729 2788 ἐγκλειστον.

2155 2809 2451 2869 enclistum,
2495 2809 2570 2862 uti
2624 2818 2770 2877 patet
2816 2825 2847 2864 e
2895 2811 3072 2866 verbis
3127 2813 3412 2880 epistolae:
3447 2814 3591 2865 κατά
3645 2813 3733 2865 τὸν

2156 2900 2502 2970 ὲγκλεισμὸν,
2535 2910 2588 2954 et
2611 2900 2688 2970 τῷ
2720 2901 2928 2972 οἱκιδίῳ
2958 2903 3398 2968 κατακλεισθείς.
3429 2903 3552 2957 Erat
3585 2904 3731 2958 enim

2157 2989 2396 3056 profecto
2429 2991 2702 3053 reclusus;
2733 2990 2943 3058 lapsum
2972 2991 3073 3044 viri
3123 2990 3216 3044 τοῦ
3249 2991 3392 3044 πάνυ
3424 2991 3735 3046 observavit

2158 3088 2210 3132 et
2239 3081 2547 3136 emendavit
2586 3081 2939 3136 doctissimus
2979 3081 3242 3138 Pessinus
3273 3083 3325 3136 in
3359 3083 3636 3139 Clossario
3664 3086 3731 3138 ad

2157 3171 2524 3225 Andronicum
2580 3170 2776 3240 Georg.
2833 3173 3208 3241 l’acbymeris,
3253 3184 3306 3228 et
3356 3173 3731 3240 hujuscemodi

2157 3261 2444 3315 conclusos
2472 3261 2525 3314 in
2558 3261 2847 3326 cubiculis,
2870 3271 2923 3315 et
2963 3263 3229 3325 οἱκίσκοις
3279 3262 3454 3318 dictos
3499 3263 3730 3316 muGou-

2157 3352 2425 3416 κλεισίους
2477 3353 2700 3408 adnotat
2749 3356 2912 3408 etiam
2955 3370 2986 3408 c
3030 3356 3296 3424 scriptore
3355 3354 3488 3410 Vita:
3527 3367 3734 3413 sancta:

2158 3442 2337 3498 Mariae
2359 3444 2592 3512 junioris
2622 3460 2913 3515 anonymo,
2954 3447 3140 3501 codice
3173 3445 3433 3502 Vaticano
3455 3448 3577 3512 800,
3603 3463 3728 3518 pag.

2155 3535 2276 3590 492.
2307 3537 2730 3606 Opponebantur
2755 3547 2809 3592 et
2838 3537 3207 3603 xowob‘ttbtat;
3256 3540 3308 3594 bi
3350 3541 3445 3608 qui
3491 3541 3736 3609 appella-

2153 3627 2352 3684 bantur
2371 3629 2692 3698 ὴσυχασταὶ,
2726 3629 3179 3684 anachoretarum
3220 3633 3422 3699 specie,
3453 3632 3684 3685 solitarii
3717 3651 3732 3697 ;

2154 3727 2400 3774 amantes
2438 3721 2673 3790 quietis,
2711 3721 3016 3791 tranquillae
3047 3723 3169 3776 vita:
3199 3723 3477 3777 studiosos
3505 3724 3736 3793 exponit

2154 3823 2432 3878 nunquam
2473 3812 2605 3865 satis
2638 3812 2891 3866 laudatus
2933 3811 3194 3868 Pessinus
3233 3814 3287 3867 in
3333 3814 3565 3882 epistola
3622 3815 3735 3870 192

2153 3893 2257 3948 Nili
2301 3898 2367 3950 ad
2404 3896 2658 3952 Ruﬁnum
2713 3902 3046 3970 ἡσυχαστὴν,
3093 3901 3281 3956 dubito
3320 3917 3387 3956 an
3433 3903 3507 3956 sit
3547 3903 3613 3968 is,
3659 3904 3730 3956 ad

2153 4002 2313 4054 quem
2349 3987 2488 4042 idem
2532 3988 2749 4057 scripsit
2782 3989 2902 4053 188,
2947 3991 3099 4044 nullo
3132 3991 3318 4045 addito
3343 3991 3604 4060 epitheto.
3629 3994 3731 4046 sed

2153 4075 2446 4146 utrobique
2489 4078 2599 4147 agit
2636 4077 2703 4130 de
2745 4079 3270 4147 perturbationibus,
3306 4080 3421 4135 sive
3458 4081 3733 4149 passioni-

2154 4166 2278 4222 bus.
2338 4167 2490 4222 llanc
2541 4168 2788 4222 ultimam
2851 4169 3081 4224 Allatius
3134 4170 3384 4224 inscribit
3441 4170 3732 4224 Cbaritoui

2153 4263 2190 4316 l.
2225 4279 2305 4329 ιιι,
2331 4264 2491 4334 epist.
2516 4264 2647 4331 264;
2683 4274 2737 4318 at
2762 4262 2959 4320 Ruﬁno
2986 4264 3296 4334 perbrevem
3327 4265 3453 4319 263.
3486 4266 3731 4320 Primam

478 4337 760 4406 Ephesios,
809 4352 856 4392 v.
893 4337 993 4402 M;
1026 4346 1080 4390 et
1122 4347 1346 4392 sanctus
1377 4338 1590 4403 Petrus,
1621 4353 1670 4392 c.
1701 4354 1756 4393 ts
1787 4338 2046 4407 Actuum,

2157 4365 2331 4410 autem
2383 4357 2578 4410 llutino
2612 4356 2688 4410 illi
2729 4357 2831 4426 ipsi
2883 4357 3216 4428 hesychastas
3260 4357 3296 4410 I.
3328 4370 3400 4421 tv,
3439 4357 3601 4425 epist.
3636 4357 3733 4420 54.

480 4446 528 4480 v.
572 4428 680 4494 40;
716 4428 847 4498 quin
897 4428 1152 4497 prostrati
1189 4429 1478 4498 μετάνοιαν
1529 4428 1835 4498 βάλλοντες,
1881 4433 2051 4502 proji-

477 4521 692 4575 ciebant
743 4533 863 4573 sese
910 4519 977 4572 ad
1026 4518 1421 4587 paenitentiam.
1477 4520 1658 4591 Aliqui
1693 4522 1951 4576 σύστασιν
1995 4525 2050 4579 id

477 4619 560 4665 est
586 4609 894 4672 stationem,
929 4608 1292 4663 consistentes
1331 4625 1458 4664 eum
1490 4610 1758 4680 ﬁdelibus,
1803 4614 1932 4668 dum
1969 4630 2050 4669 sa-

476 4702 742 4757 criﬁcium
801 4699 1199 4765 celebraretur,
1257 4711 1443 4770 postea
1505 4703 1796 4773 μέστωσιν,
1858 4708 1911 4762 id
1968 4719 2052 4764 est

478 4793 932 4863 complementum
982 4791 1350 4860 adhibebant,
1412 4797 1633 4864 quando
1684 4812 1878 4868 nempe
1934 4816 2050 4870 pm-

479 4884 762 4938 nitentiam
810 4881 1185 4952 expleverant,
1238 4893 1291 4937 et
1322 4887 1784 4942 reconciliationis
1835 4899 2050 4959 tempus

479 4973 882 5044 exspectabant.
915 4973 1069 5028 Haud
1095 4974 1346 5028 dissimili
1371 4976 1531 5031 modo
1561 4988 1714 5032 erant
1742 4989 1794 5033 et
1823 4982 2044 5050 gradus,

480 5065 595 5119 sive
642 5065 860 5121 ordines
897 5065 1313 5128 monachorum,
1363 5067 1454 5136 qui
1505 5068 1884 5123 vocitabantur
1935 5088 2046 5125 non

481 5165 689 5210 tantum
735 5157 963 5227 populus
1007 5166 1228 5212 sanctus
1268 5157 1390 5222 Dei,
1438 5167 1496 5212 ut
1540 5159 1593 5212 in
1637 5161 1882 5226 collecta,
1926 5179 2049 5234 qua:

483 5247 736 5302 recitatur
773 5248 1124 5303 hebdomadis
1163 5258 1362 5303 sanctae
1400 5247 1532 5303 feria
1570 5259 1744 5315 seua,
1780 5267 1846 5307 eo
1881 5269 2047 5312 voca-

483 5339 610 5394 bulo
640 5339 1040 5409 comprehensi,
1071 5349 1125 5395 et
1151 5354 1181 5393 a
1217 5339 1438 5410 reliquis
1488 5342 1642 5397 laicis
1669 5345 1900 5400 necdum
1931 5347 2047 5404 dis-

481 5432 661 5495 tincti,
703 5447 800 5501 pro
849 5431 1046 5500 quibus
1091 5431 1386 5498 orabatur;
1442 5449 1630 5488 verum
1679 5446 1734 5491 et
1777 5437 2045 5508 lugentes.

481 5532 640 5588 atque
687 5523 1026 5590 plangentes,
1073 5531 1126 5577 et
1187 5522 1240 5576 in
1292 5525 1639 5590 monasteria,
1699 5527 2048 5600 claustraque

485 5615 626 5664 velut
649 5613 702 5662 in
735 5611 1066 5679 pcenitentiae
1095 5612 1367 5669 domicilia
1390 5657 1405 5680 ,
1453 5618 1741 5688 ergastula,
1779 5635 2047 5681 carceres-

2153 4447 2283 4514 quin
2314 4455 2368 4500 et
2388 4447 2548 4500 aliam
2574 4445 2770 4500 Ruﬁno
2801 4445 3141 4501 Scholastico
3169 4443 3257 4508 76,
3288 4445 3382 4500 lib.
3408 4461 3447 4506 ι,
3472 4445 3539 4499 ad
3560 4460 3731 4514 quem

2151 4541 2312 4592 etiam
2345 4547 2588 4608 spectare
2630 4537 2864 4592 arbitror
2892 4538 2956 4589 77
2990 4546 3045 4593 et
3072 4536 3177 4600 78,
3222 4551 3345 4606 qua
3387 4549 3731 4606 consequun-

2152 4641 2278 4697 tur;
2321 4629 2570 4684 fortassis
2615 4636 2731 4683 erat
2764 4627 2904 4682 idem
2947 4627 3200 4692 Ruﬁnus,
3239 4629 3334 4698 qui
3375 4643 3408 4684 e
3438 4627 3556 4682 foro
3599 4643 3732 4697 pro-

2151 4721 2334 4784 diens,
2365 4719 2684 4789 legibusque
2713 4719 2972 4787 publicis,
3025 4733 3164 4789 quas
3218 4719 3598 4789 proﬁtebatur,
3631 4734 3733 4774 es-

2151 4810 2402 4879 qnirebat
2451 4825 2620 4864 sacrae
2672 4809 2968 4878 Scriptura:
2999 4819 3057 4864 ut
3087 4809 3240 4865 Nilus
3268 4811 3385 4866 loca
3417 4811 3519 4867 sibi
3548 4811 3733 4879 expli-

2151 4911 2320 4962 caret,
2342 4917 2460 4956 eam
2495 4902 2758 4964 delibans,
2792 4913 2846 4956 et
2869 4903 2921 4955 ni
2949 4901 3128 4966 fallor,
3160 4913 3341 4972 posset
3362 4917 3483 4957 esse
3508 4904 3732 4958 celeber

2150 4992 2240 5046 ille
2277 4991 2578 5062 Origcnista
2598 5035 2612 5058 ,
2641 5008 2742 5048 nec
2774 4995 2918 5048 enim
2953 5009 3126 5048 azvum
3161 4993 3452 5063 discrepat.
3483 4993 3730 5063 Γαερίηλ

2151 5082 2425 5152 Movaxoﬁ,
2459 5084 2550 5134 καὶ
2577 5083 2884 5152 ἡσυχαστοῦ
2919 5083 3013 5138 τοῦ
3063 5083 3224 5154 ὄρους
3253 5085 3467 5154 Λάτρου
3511 5084 3725 5153 σκόλιον

2153 5174 2344 5245 legitur
2383 5177 2435 5228 in
2466 5174 2620 5228 Scala
2671 5174 2898 5231 Joannis
2943 5177 3219 5240 Clilnacis,
3256 5193 3308 5246 p.
3341 5175 3467 5231 505.
3515 5174 3581 5228 lli
3622 5192 3726 5228 no-

2151 5280 2274 5319 men
2303 5265 2600 5318 sortiuntur
2627 5267 2734 5318 ἀπὸ
2765 5265 2864 5335 τῆς
2905 5266 3160 5336 ἡσυχίας,
3189 5267 3242 5321 id
3265 5275 3349 5322 est
3387 5285 3418 5318 a
3460 5267 3629 5335 quiete
3653 5281 3724 5317 ac

2149 5354 2380 5408 silentio.
2408 5353 2483 5410 De
2509 5356 2611 5410 hac
2651 5357 2850 5410 virtute
2885 5357 3004 5414 fuse
3038 5359 3442 5426 suprascriptus
3479 5355 3719 5410 Joannes

2150 5447 2317 5513 gradu
2381 5446 2479 5508 97,
2521 5462 2644 5515 pag.
2687 5448 2813 5504 405.
2856 5448 2994 5504 Istos
3035 5465 3142 5503 non
3187 5450 3379 5519 probat
3421 5446 3721 5503 Cassianus

2150 5535 2330 5590 collnt.
2373 5537 2459 5599 l8,
2511 5551 2561 5590 c.
2611 5539 2676 5600 8,
2711 5539 2777 5592 de
2815 5549 3010 5608 quarto
3056 5555 3252 5607 genere
3290 5541 3716 5599 monachorum,

2149 5630 2304 5696 quasi
2341 5630 2568 5696 tepidos,
2611 5632 2735 5700 quia
2778 5632 2966 5686 sedent
3007 5631 3289 5702 (scribit),
3321 5647 3350 5683 a
3389 5629 3606 5684 neruine
3643 5629 3718 5679 la-
