4066 6146
312 269 332 386 i
345 326 449 387 39.5

1500 307 1597 378 DE
1634 312 2014 377 OPERIBUS
2053 314 2111 371 S.
2155 302 2343 374 NILL

3424 307 3558 371 1326

303 429 514 489 ουδεὶιὶ,
549 433 604 479 et
650 424 939 493 patientes,
982 428 1143 488 atque
1193 421 1492 485 mansueti,
1548 435 1613 475 ac
1647 420 1879 473 humiles
1910 429 1951 478 Α
1985 415 2204 470 nomine
2237 413 2561 477 monachus,
2592 418 2687 470 seu
2735 413 3091 469 monasticam
3130 408 3297 469 vitam
3335 414 3561 484 degens,

305 517 569 577 aestimari
600 516 935 577 desiderant,
981 525 1079 564 nec
1108 510 1174 562 ad
1218 509 1602 578 perfectionem
1642 523 1883 579 unquam

307 609 651 682 perveniunt,
692 614 747 658 et
781 603 833 656 hi
865 600 1093 655 forsitan
1129 601 1393 668 appellari
1427 609 1656 667 possunt
1689 615 1884 653 vacan—

307 703 402 757 tiri
434 713 566 754 voce
599 695 919 768 Sytuesiana,
953 690 1107 761 quasi
1148 699 1410 743 vacantes.
1436 690 1543 745 Sed
1582 691 1887 760 ἡσυχασταὶ

307 792 422 846 veri
465 805 529 843 ac
580 784 735 856 probi
768 782 1076 838 residebant
1116 782 1384 834 mansueti
1437 795 1562 835 cum
1591 780 1807 835 silentio
1835 788 1888 834 et

308 880 493 950 quiete
536 874 735 938 animi,
768 885 867 925 nec
911 870 1093 924 minus
1123 884 1182 924 se
1223 870 1330 938 piis
1378 869 1636 938 operibus
1666 869 1888 924 aldice—

308 972 472 1033 bant,
505 975 561 1023 et
607 966 842 1032 ἄσκησιν
887 975 1104 1030 quoque
1148 961 1201 1014 in
1244 962 1500 1016 amando.
1549 960 1890 1028 colendoque

311 1062 502 1119 Deum,
533 1066 587 1110 et
640 1052 938 1123 diligendo,
983 1051 1403 1121 adjuvandoque
1448 1051 1756 1122 proximum
1805 1064 1891 1105 se-

309 1152 615 1212 ctabantur,
647 1144 917 1213 θεοφιλεῖς
946 1151 1104 1197 erant
1148 1142 1468 1207 Christiani,
1510 1142 1676 1213 599
1702 1141 1754 1196 id
1785 1147 1888 1205 est,

309 1249 583 1296 amatores
626 1236 720 1290 Dei
754 1234 864 1305 (ait
900 1234 1017 1302 ipse
1049 1232 1261 1287 Clima:
1304 1235 1472 1303 gradu
1519 1234 1617 1303 t);
1663 1242 1893 1286 ornatur

308 1330 455 1386 enim
497 1327 668 1383 titulis
707 1325 861 1380 hisce
894 1322 1221 1393 Χριστιανὸς
1253 1322 1540 1394 θεοφιλὴς,
1583 1321 1889 1392 ἐγκρατὴς,

315 1420 571 1492 μοναχός.
613 1415 850 1470 Sanctus
886 1412 1064 1467 Lucas
1087 1412 1462 1481 apostolorum
1503 1413 1672 1465 Actus
1711 1404 1897 1480 dirigit

313 1513 383 1566 ad
423 1508 808 1578 TheOphilum,
845 1514 901 1561 et
939 1503 1244 1573 intelligere
1283 1503 1415 1556 mihi
1453 1502 1670 1556 videtur
1700 1517 1766 1555 eo
1794 1515 1895 1554 no-

313 1603 462 1657 mine
502 1599 888 1657 Christianum.
952 1594 1224 1648 Exstitere
1280 1594 1502 1662 quidam
1564 1592 1891 1663 ἐγκρατεῖς,

314 1710 410 1747 seu
444 1692 785 1747 continentes
807 1727 824 1754 ,
871 1686 967 1756 qui
1000 1693 1055 1740 et
1086 1684 1578 1756 ἑγκρατευόμενοι·
1613 1700 1643 1738 a
1683 1684 1893 1738 solatiis

314 1780 574 1837 connubii
612 1786 770 1834 erant
811 1778 863 1831 hi
912 1776 1142 1847 sejuncti
1175 1814 1191 1835 .
1229 1775 1682 1845 ἁποταττόμενοι,
1726 1776 1890 1828 vitam

315 1872 563 1928 caelibem
592 1868 935 1924 aﬂ‘ectabant.
973 1866 1279 1920 Concilium
1311 1864 1745 1935 Carthagincnse
1785 1875 1896 1919 ter-

319 1961 454 2015 tium
485 1973 534 2013 c.
580 1958 677 2020 58,
729 1970 874 2010 anno
905 1954 1111 2009 Christi
1148 1953 1278 2017 597,
1314 1954 1366 2007 in
1398 1953 1658 2008 Africano
1707 1955 1897 2009 codice

318 2053 535 2107 illorum
574 2049 852 2112 meminit,
880 2057 934 2102 et
960 2046 1287 2102 Cresconius
1325 2047 1379 2100 in
1417 2046 1660 2101 Breviar.
1691 2062 1740 2101 c.
1766 2046 1893 2108 255,

318 2144 431 2198 eti.
485 2158 553 2196 xx
590 2140 727 2196 Cod.
763 2138 1036 2194 Theodos.
1088 2137 1163 2191 De
1205 2138 1363 2205 episc.
1400 2148 1451 2192 et
1477 2137 1603 2194 cler.
1637 2136 1730 2206 qui
1767 2153 1897 2190 con-

320 2234 598 2287 tiuentium
645 2245 706 2285 se
755 2229 947 2283 volunt
996 2227 1218 2282 nomine
1261 2227 1598 2296 nuncupari,
1639 2228 1728 2281 ubi
1778 2226 1898 2282 fuse

331 2324 687 2378 Scholiastes.
736 2321 1062 2377 Dicebantur
1090 2319 1252 2373 etiam
1285 2329 1631 2388 temperantes
1656 2360 1672 2385 ,
1728 2319 1899 2393 Hesy-

324 2414 482 2467 chius
528 2411 857 2481 ἐγκράτειαν
905 2409 1291 2478 interpretatur
1319 2408 1578 2479 ἄσκησινς
1608 2412 1901 2465 contende-

325 2505 456 2557 bant
497 2503 696 2572 quippe
749 2502 1097 2564 continentes,
1145 2514 1210 2554 ex
1250 2497 1496 2555 Palladio
1540 2500 1593 2554 in
1632 2500 1899 2557 Lausiaca

324 2596 413 2649 τὸν
473 2595 572 2664 τῆς
641 2592 1000 2664 ἐγκρατείας,
1069 2591 1164 2644 καὶ
1229 2590 1454 2659 ἁγνείας
1524 2591 1900 2662 ἀναδήσασθαι

326 2686 609 2753 στέφανον,
634 2685 686 2738 id
705 2692 824 2749 est,
850 2682 1094 2737 redimiri
1116 2697 1316 2737 corona
1345 2683 1712 2748 continentiae,
1740 2693 1901 2754 atque

326 2776 617 2840 castitatis,
648 2776 862 2830 vivente
903 2775 1081 2830 adhuc
1108 2774 1278 2843 aliqui
1316 2773 1548 2844 conjuge
1567 2815 1583 2841 ,
1611 2775 1696 2829 vel
1727 2790 1758 2830 e
1786 2792 1901 2831 me—

327 2869 420 2923 dio
453 2869 684 2933 sublata,
716 2876 771 2922 et
804 2866 896 2920 alii
916 2865 1061 2921 nulla
1085 2865 1249 2921 ducta
1306 2866 1453 2920 intra
1482 2867 1723 2935 privatas
1753 2868 1901 2924 aedes

329 2960 519 3029 aliqui.
562 2959 794 3013 Sanctus
824 2957 1162 3027 Augustinus
1191 2957 1309 3013 fuse
1341 2961 1397 3011 in
1428 2959 1658 3022 epistola
1704 2960 1799 3013 199
1834 2960 1901 3013 ad

332 3052 602 3109 Ecdicium
640 3050 770 3119 agit,
803 3065 965 3118 quam
1010 3049 1478 3120 religiosissimam
1517 3060 1677 3105 vocat
1712 3052 1899 3114 tiliam,

1987 517 2079 562 aut
2146 509 2211 561 a1
2273 522 2392 561 eam
2456 507 2744 577 adspirans
2808 506 3257 578 significabatur,
3325 507 3468 562 sicut
3508 517 3565 561 et

1986 598 2348 669 θεραπευτοῦ,
2394 598 2445 652 id
2497 607 2582 653 est
2641 599 2927 654 servientis
2974 598 3123 661 Deo,
3182 614 3277 655 seu
3314 599 3478 664 servi,
3511 607 3567 653 et

1990 689 2177 744 famuli
2206 689 2307 744 Dei
2338 690 2595 758 epitheto,
2641 705 2706 745 ex
2736 689 2982 754 Philone,
3031 688 3289 762 Dionysio
3322 691 3564 759 Areopa-

1988 781 2100 851 gita
2141 780 2346 849 colligit
2395 788 2447 832 et
2469 794 2532 833 cx
2586 781 2702 850 ipso
2729 781 2853 835 Nilo
2883 789 3088 848 nostro,
3131 781 3421 836 cardinalis
3446 780 3567 835 Bel-

1991 872 2278 936 larmiuus,
2333 874 2368 925 l.
2423 889 2479 938 ιι,
2520 887 2569 926 c.
2626 874 2675 927 1-.
2720 871 2797 928 De
2840 872 3108 927 monachis
3154 872 3291 932 fuse.
3331 872 3569 929 Consule

1990 972 2250 1031 praterca
2332 961 2565 1017 Matthaei
2628 964 2852 1026 Caleni,
2915 954 3263 1033 Westcapelli
3324 962 3567 1035 Origines

1991 1050 2312 1103 monasticas
2355 1049 2527 1104 editas
2576 1049 2799 1119 Dilingze
2842 1050 2979 1104 1565
3017 1050 3071 1103 in
3103 1060 3337 1120 quarto;
3386 1051 3570 1123 lingu-

1994 1155 2115 1193 nem
2147 1138 2463 1193 Menardum
2494 1139 2548 1192 in
2578 1138 2837 1209 Regulam
2866 1140 3034 1211 600
3063 1144 3236 1196 sancti
3271 1142 3568 1204 Benedicti.

1993 1245 2043 1284 c.
2076 1245 2158 1294 ιιι,
2184 1230 2273 1284 tibi
2304 1230 2371 1283 de
2398 1230 2719 1301 λαυρήταις,
2749 1244 2779 1283 c
2804 1243 2855 1283 c.
2889 1231 2923 1284 5
2955 1229 3109 1282 Prati
3131 1227 3438 1299 Spiritual.,
3462 1232 3572 1285 ἀπὸ

1993 1321 2101 1374 τῶν
2127 1322 2367 1391 λαυρῶν,
2402 1337 2434 1374 a
2464 1322 2616 1376 cellis
2638 1336 2854 1390 nempe,
2889 1320 2943 1375 in
2986 1323 3187 1391 quibus
3225 1323 3380 1377 turba
3418 1322 3572 1392 ipso-

1996 1424 2118 1463 rum
2172 1410 2224 1461 in
2279 1424 2446 1461 unum
2504 1410 2727 1463 collecta
2778 1422 2931 1462 more
2971 1409 3349 1479 religiosorum
3408 1424 3572 1479 apum

1994 1508 2133 1554 erat.
2160 1499 2203 1553 E
2227 1497 2548 1568 praefatione
2574 1497 2790 1567 [legulae
2815 1497 2991 1551 sancti
3019 1496 3290 1561 Ferreoli,
3319 1496 3574 1551 diceban-

1997 1602 2085 1644 tur
2111 1598 2164 1644 et
2194 1591 2372 1653 nonni,
2405 1599 2458 1643 et
2494 1589 2746 1658 religiosi,
2789 1598 2842 1643 et
2881 1589 3199 1658 philosophi,
3222 1599 3278 1644 at
3322 1590 3478 1658 plura
3507 1589 3575 1643 de

1997 1683 2312 1752 gyrovagis,
2337 1692 2390 1735 et
2423 1681 2828 1737 circellionibus
2865 1682 3089 1735 ibidem.
3122 1680 3332 1735 Accinit
3359 1680 3426 1734 de
3452 1697 3573 1735 mo-

1929 1753 1970 1808 Β
1999 1772 2176 1826 nacho
2227 1769 2585 1826 Numatianus
2632 1785 2756 1825 eum
2806 1772 3096 1840 conjugem
3146 1771 3433 1841 reliquisse
3484 1771 3573 1825 in-

1997 1878 2192 1926 nuens,
2222 1872 2274 1916 et
2300 1870 2426 1916 nota
2455 1872 2539 1917 est
2567 1862 2828 1916 'fherasia
2859 1861 3070 1915 Paulini
3098 1875 3128 1915 e
3170 1862 3402 1931 conjuge
3433 1860 3575 1917 facta

1995 1969 2192 2018 soror;
2237 1953 2461 2007 consule
2507 1951 2874 2007 Justinianum
2915 1954 3297 2021 imperatorem
3357 1951 3577 2008 Novella

1998 2046 2123 2099 12%.
2158 2044 2390 2099 Leonem
2433 2043 2553 2115 Aug
2615 2046 2706 2113 35,
2748 2046 2784 2099 l.
2821 2047 2997 2101 iCod.
3039 2045 3311 2101 'l‘heodos.
3355 2045 3428 2099 De
3452 2062 3536 2100 mo
3560 2074 3580 2084 -

1998 2137 2198 2201 nae/iis;
2236 2146 2290 2190 et
2318 2137 2361 2191 Ἰ.
2404 2153 2473 2190 xx
2514 2137 2648 2191 Cod.
2698 2138 2924 2202 eodem,
2987 2137 3062 2191 De
3094 2139 3255 2207 episc.
3303 2148 3351 2192 et
3381 2137 3577 2192 cleris:

2000 2230 2036 2281 l.
2080 2242 2189 2289 xw,
2239 2225 2439 2279 ibidem
2484 2224 2561 2278 De
2609 2226 2794 2295 pamis,
2847 2228 2934 2282 ubi
2977 2238 3119 2282 noue
3171 2230 3445 2296 praeclara:
3490 2237 3578 2282 at-

1998 2322 2292 2381 texuntur;
2335 2322 2387 2367 ιιι
2422 2314 2567 2369 hunc
2605 2314 2839 2384 primum
2882 2317 3276 2371 monachorum
3324 2318 3576 2387 gradum,

2000 2408 2115 2462 sive
2156 2407 2439 2467 ordinem,
2482 2407 2596 2461 sive
2634 2408 2816 2476 potius
2856 2408 2965 2462 Deo
2992 2422 3113 2465 sese
3153 2409 3484 2474 dicentium,
3525 2424 3581 2465 et

1999 2499 2067 2553 ad
2097 2499 2479 2552 monachatum
2522 2500 2857 2554 tendentium
2906 2500 3070 2555 limen
3107 2499 3279 2557 fuisse
3317 2501 3575 2557 arbitror.

2073 2591 2361 2646 Secundus
2394 2601 2511 2646 erat
2539 2601 2864 2659 ascctarum,
2904 2606 3009 2647 non
3044 2594 3339 2663 generatim
3390 2603 3444 2649 et
3475 2592 3582 2648 late

2001 2695 2363 2756 sumptorum,
2411 2701 2597 2741 verum
2658 2686 3045 2769 particulatim,
3095 2694 3150 2741 et
3204 2686 3441 2757 proprie,
3486 2686 3580 2756 qui

2000 2778 2069 2832 ad
2118 2787 2308 2833 nutum
2360 2777 2632 2844 abbatum,
2682 2793 2775 2832 seu
2831 2776 3210 2847 praefectorum
3261 2778 3585 2833 exercebant

2002 2885 2123 2925 sese
2167 2869 2426 2941 jejuniis,
2478 2869 2961 2935 meditationibus,
3017 2870 3392 2938 orationibus,
3439 2871 3584 2940 psal-

2004 2961 2232 3024 modiis,
2282 2969 2337 3015 et
2386 2961 2528 3014 aliis-
2567 2961 2783 3030 pietatis
2839 2971 2893 3015 et
2944 2962 3274 3030 poenitentia:
3322 2963 3586 3016 vacabant

2006 3051 2215 3117 oiliciis,
2235 3051 2347 3121 jam
2380 3051 2756 3117 Continentes,
2780 3051 2849 3106 de
2876 3052 3078 3122 quibus
3109 3054 3303 3107 Petrus
3333 3052 3581 3107 Damian.

329 3143 526 3212 cuique
558 3142 745 3197 tribuit
771 3142 1149 3206 reverentiam,
1170 3142 1493 3212 vovisseque
1522 3157 1645 3197 cum
1684 3144 1904 3205 marito,
1936 3134 1979 3194 C
2013 3150 2207 3219 tractat
2247 3141 2301 3194 in
2353 3139 2618 3195 Sermone
2659 3141 2725 3195 de
2762 3150 2953 3196 sancto
2998 3140 3244 3206 Nicola‘o,
3288 3143 3456 3199 instar
3488 3143 3588 3197 Sa-

328 3251 361 3291 e
391 3251 498 3304 quo
528 3234 696 3288 filium
732 3241 1076 3303 susceperat,
1107 3234 1495 3288 continentiam
1531 3234 1659 3300 Deo,
1695 3241 1900 3298 narrat,

333 3325 631 3393 annuitque
667 3333 726 3378 ut
757 3332 929 3393 gestet
972 3323 1226 3378 vestitum
1277 3324 1655 3388 matronalem,
1697 3324 1793 3379 sed
1824 3323 1907 3375 iu-

335 3416 444 3469 vito
481 3416 596 3469 viro
621 3429 688 3469 ne
720 3415 986 3469 vidualem
1028 3423 1239 3485 gestare
1268 3424 1456 3485 pergat
1484 3414 1739 3484 prohibet
1777 3430 1906 3483 pru-

334 3509 543 3562 denter.
588 3506 823 3562 Sanctus
870 3504 1236 3577 Hieronymus
1274 3506 1327 3559 in
1369 3507 1617 3575 epistolis
1649 3505 1720 3559 28
1749 3515 1804 3560 et
1837 3506 1908 3561 29

337 3600 402 3653 ad
433 3599 802 3663 Theodoram,
833 3598 1074 3654 insinuat
1099 3598 1234 3654 satis
1265 3612 1386 3652 eam
1420 3612 1542 3652 cum
1573 3597 1771 3651 marito
1803 3596 1909 3650 Lu-

335 3691 480 3745 cinio
510 3690 715 3745 Bmtico
746 3698 954 3745 castam
985 3689 1208 3745 duxisse
1236 3689 1401 3743 vitam
1423 3727 1440 3752 ,
1471 3691 1557 3743 cui
1584 3688 1777 3743 doctor
1820 3688 1911 3742 ille

339 3783 490 3850 ponit
532 3780 889 3851 epitaphium,
926 3789 976 3835 et
1020 3781 1200 3835 mariti
1236 3795 1357 3834 eam
1404 3780 1484 3834 uti
1519 3793 1763 3833 sororem
1810 3793 1911 3831 no-

337 3874 545 3939 minat;
579 3874 630 3927 in
660 3883 861 3929 sancta:
899 3871 1125 3941 Agnetis
1150 3871 1339 3925 Romae
1366 3878 1545 3926 exstat
1571 3869 1908 3939 epitaphium

339 3965 657 4029 'fheodorae,
686 3980 809 4035 quae
845 3967 978 4020 vixit
1014 3965 1175 4020 annis
1199 3965 1291 4032 21,
1324 3964 1606 4020 mensibus
1635 3965 1686 4029 7,
1719 3964 1913 4019 diebus

338 4058 410 4111 9.4
470 4058 524 4112 in
570 4073 722 4127 pace.
780 4058 873 4113 Est
919 4059 1214 4125 bisomum,
1266 4060 1317 4113 id
1351 4070 1455 4123 est,
1500 4059 1611 4113 duo
1659 4072 1910 4126 corpora,

344 4162 538 4216 nempe
586 4149 760 4217 ipsius
803 4158 858 4204 et
907 4151 1085 4205 mariti
1144 4150 1357 4220 Evagrii
1408 4150 1695 4206 continens
1735 4148 1915 4219 sepul-

342 4255 494 4294 crum
527 4255 650 4295 cum
685 4242 837 4296 hisce
874 4243 1142 4312 versibus,
1190 4253 1245 4298 et
1275 4251 1401 4299 nota
1439 4243 1772 4299 consulum:

410 4364 745 4434 Ampliﬁcam
772 4367 1010 4436 sequitur
1036 4369 1202 4421 vitam
1231 4367 1358 4419 dum
1385 4377 1538 4420 casta
1569 4365 1882 4434 Aphrodite.

419 4455 564 4509 Fecit
595 4457 663 4510 ad
688 4468 837 4511 astra
866 4460 1027 4522 viam,
1052 4458 1252 4512 Christi
1277 4459 1429 4512 modo
1462 4459 1656 4528 gaudet
1677 4459 1730 4512 in
1755 4456 1882 4511 aula
1897 4473 1923 4542 ί
1949 4486 1994 4540 ι)

418 4547 627 4600 Restitit
654 4547 763 4602 ha'c
801 4547 994 4602 munda
1023 4564 1225 4618 semper
1247 4549 1477 4603 caelestia
1503 4563 1741 4620 quterens
1760 4589 1774 4614 ,

419 4640 632 4707 Optima
661 4641 919 4692 servatrix
961 4640 1111 4709 legis,
1143 4640 1368 4709 ﬁdeique
1403 4642 1681 4710 magistra,

419 4731 571 4784 Inter
598 4731 818 4784 eximios
855 4729 1104 4784 Paradisi
1136 4741 1319 4800 regnat
1343 4730 1529 4784 odores

419 4816 666 4885 Tempore
704 4817 952 4869 continuo
996 4827 1212 4870 vernant
1249 4818 1337 4870 ubi
1383 4820 1624 4887 gramina
1663 4817 1803 4877 rivis.

422 4908 569 4960 Dedit
603 4909 858 4979 egregiam
905 4910 1105 4962 sanctis
1146 4925 1239 4977 per
1273 4909 1471 4962 siecula
1500 4918 1742 4973 mentem,

426 4997 809 5067 Exspectatque
865 4999 1032 5052 Deum
1060 5015 1277 5068 superas
1304 5016 1405 5069 quo
1433 5009 1613 5068 surgat
1642 4998 1711 5051 ad
1737 5015 1918 5064 auras,

419 5094 529 5142 Hoc
556 5091 728 5155 posuit
762 5107 948 5157 corpus
987 5090 1192 5144 tumulo
1226 5090 1480 5144 mortalia
1507 5090 1748 5159 linquens

424 5178 788 5247 Fumlavitque
835 5180 1007 5231 locum
1035 5180 1267 5248 conjuna:
1317 5177 1577 5249 Euagrius
1622 5194 1802 5232 orans.

494 5268 642 5323 DEP.
689 5270 910 5327 lllE.....

419 5358 720 5413 ANTONIO
754 5362 830 5415 Ψ.
873 5359 1174 5417 SYAGRIO
1199 5376 1380 5417 conss.
1430 5362 1544 5416 sive
1584 5372 1729 5414 anno
1765 5358 1827 5415 C.
1859 5358 1924 5415 N.

420 5451 526 5506 585
567 5450 586 5521 (
607 5450 652 5502 E
696 5450 951 5506 Panvinio
966 5451 1006 5523 ).

354 5565 504 5620 lianc
537 5564 699 5620 etiam
736 5581 984 5622 servasse
1017 5566 1411 5622 continentiam
1450 5568 1503 5619 in
1543 5563 1798 5635 conjugio
1837 5564 1926 5618 illa

357 5659 541 5723 verba,
573 5665 723 5711 casta
752 5659 1068 5728 Aphroditc,
1089 5659 1224 5713 satis
1246 5658 1527 5733 indicant;
1559 5663 1613 5710 et
1642 5647 1927 5724 Evagrimn

360 5750 616 5804 maritum
695 5748 955 5804 Orantem
1038 5749 1246 5811 fuisse,
1326 5748 1442 5804 sive
1519 5746 1742 5812 ἱκέτην,
1820 5759 1930 5813 quo

2013 3232 2376 3298 rabaitarum,
2413 3240 2508 3285 aut
2538 3230 2994 3297 Sarabaritarum,
3029 3232 3251 3288 forsitan
3287 3247 3317 3287 a
3353 3234 3587 3288 Saraha-

2013 3337 2073 3376 ra
2118 3330 2287 3388 veste,
2328 3322 2395 3377 de
2441 3338 2547 3389 qua
2584 3323 2638 3376 in
2675 3316 3058 3378 dissertatione
3092 3338 3210 3378 mea
3254 3324 3322 3379 de
3369 3321 3589 3379 Fanone

2013 3416 2266 3478 disserui,
2302 3416 2394 3486 qui
2434 3425 2489 3471 et
2534 3417 2652 3471 suis
2700 3416 2753 3471 in
2799 3417 3110 3480 domiciliis,
3161 3423 3256 3471 aut
3314 3419 3523 3473 cellulis
3558 3436 3589 3472 a

2015 3527 2075 3566 se
2126 3512 2454 3566 constructis
2495 3520 2773 3565 morantes
2819 3511 3125 3566 consistunt
3191 3510 3418 3565 arbitrio
3465 3526 3589 3576 suo,

2014 3610 2068 3656 et
2132 3615 2272 3669 quos
2321 3602 2543 3654 damnat
2605 3599 2926 3665 Cassianus,
2962 3616 3148 3655 vocem
3213 3599 3589 3672 Egyptiacam

2016 3707 2247 3746 censetis
2276 3691 2670 3758 signiﬁcantem
2705 3692 2977 3757 renultas,
3008 3692 3124 3746 sive
3149 3692 3401 3746 abbatem
3440 3691 3594 3746 refu-

2016 3792 2216 3844 tantes,
2249 3782 2431 3835 collat.
2469 3780 2521 3839 8,
2555 3794 2606 3834 c.
2639 3779 2692 3843 5,
2726 3780 2802 3833 uti
2839 3790 3063 3835 sanctus
3100 3780 3446 3845 Benedictus,
3476 3796 3526 3835 c.
3562 3782 3596 3835 5

2019 3875 2256 3944 Regulae,
2296 3882 2356 3926 ut
2382 3882 2465 3926 cst
2491 3872 2681 3940 optimi
2713 3872 2951 3941 pessima
2989 3871 3289 3940 corruptio,
3326 3874 3453 3939 quia
3484 3886 3595 3926 non

2019 3966 2309 4020 servabant
2337 3973 2745 4032 actemosynen,
2783 3963 2897 4017 sive
2925 3961 3227 4015 nuditatem
3262 3977 3443 4016 rerum
3475 3976 3596 4015 om-

2018 4058 2211 4120 nium,
2286 4064 2766 4126 paupertatemque
2846 4063 3082 4120 arctam,
3135 4069 3231 4109 seu
3290 4053 3403 4125 (uti
3450 4057 3599 4110 canit

2021 4150 2312 4221 Horatius)
2367 4158 2652 4219 angustam
2703 4149 3039 4220 pauperiem,
3087 4162 3185 4204 nec
3214 4150 3600 4205 abdicaverant

2021 4257 2142 4297 sese
2178 4240 2652 4312 possessionibus,
2686 4256 2786 4296 nec
2822 4239 3184 4295 obedientiam
3216 4240 3601 4304 observabant,

2022 4333 2251 4388 necdum
2299 4333 2526 4404 perfecti
2578 4333 2855 4397 monachi,
2907 4333 2953 4388 si
3004 4346 3113 4387 non
3151 4333 3294 4386 ultra
3338 4346 3601 4402 propera-

2023 4433 2163 4478 rent.
2199 4424 2425 4480 Exstant
2451 4423 2557 4479 Nili
2580 4424 2647 4479 ad
2686 4423 2868 4479 varios
2902 4433 3115 4480 ascetas
3145 4424 3419 4494 epistolae;
3452 4437 3602 4477 nem-

2022 4517 2156 4587 pel.
2193 4532 2254 4584 ιι,
2298 4518 2362 4571 ad
2401 4515 2748 4572 Vincentium
2800 4516 2859 4572 5i
2886 4556 2902 4582 ,
2939 4531 3062 4587 qua:
3109 4526 3426 4571 numeratur
3458 4514 3601 4583 apud

2020 4609 2309 4665 Possiuum
2341 4608 2438 4662 ‘28l
2474 4626 2489 4674 ;
2539 4609 2604 4664 ad
2648 4607 2842 4664 Zosam
2884 4609 3075 4663 eodem
3125 4607 3220 4662 lib.
3266 4623 3325 4673 ιι,
3375 4613 3460 4660 est
3494 4605 3600 4670 7'5;

2020 4699 2257 4772 denique
2283 4701 2347 4754 ad
2385 4699 2803 4762 Thaumasium,
2831 4714 2924 4755 seu
2953 4695 3350 4759 Thaumarum,
3377 4696 3465 4762 35,
3502 4695 3599 4749 lib.

2021 4809 2241 4862 m,qu:e
2271 4793 2444 4862 prima
2476 4791 2728 4857 Possino,
2748 4800 3097 4859 nuncupatur
3120 4789 3210 4843 hic
3237 4786 3604 4868 Thaumasius

2023 4884 2078 4939 in
2121 4883 2301 4939 Indice
2346 4883 2645 4939 monachus
2676 4884 2744 4936 ab
2782 4881 2998 4935 Allatio.
3043 4876 3149 4933 Sed
3202 4877 3287 4932 adi
3334 4876 3608 4947 (benigne

2022 4975 2229 5043 lector)
2276 4973 2475 5027 librum
2525 4986 2766 5026 mearum
2812 4969 3223 5024 adnotationum
3279 4967 3604 5037 Lexicogra-

2024 5062 2193 5131 phum
2225 5061 2277 5116 in
2322 5075 2456 5116 voce
2496 5061 2785 5131 'Aaxqatg,
2818 5058 2894 5113 uti
2926 5058 3254 5128 praemonui.

2097 5195 2312 5250 Tertius
2342 5196 2575 5265 gradus,
2620 5203 2681 5249 ut
2713 5209 2830 5249 mea
2879 5192 3095 5264 quidem
3138 5207 3285 5246 nunc
3331 5190 3437 5247 fert
3481 5206 3607 5247 sen-

2031 5287 2222 5352 tentia,
2262 5285 2366 5340 fuit
2419 5285 2802 5356 μοναζόντων,
2863 5284 2956 5353 qui
3014 5284 3178 5337 vitam
3243 5282 3605 5344 sanctiorem.

2028 5385 2190 5444 atque
2218 5376 2575 5430 monasticam
2625 5374 2917 5435 ducebant,
2957 5374 3260 5442 aspirantes
3289 5372 3508 5442 propius
3537 5370 3602 5424 ad

2030 5467 2448 5528 monachatum,
2500 5474 2555 5517 et
2605 5464 2724 5532 ejus
2765 5464 2928 5517 veluti
2983 5463 3254 5518 candidati
3290 5481 3304 5517 :
3339 5474 3417 5515 διο
3465 5461 3606 5533 apud

2034 5552 2276 5607 Vestales
2322 5553 2573 5623 profanas
2617 5552 2892 5608 Romanas
2936 5552 3211 5624 μελλιέραι
3234 5560 3360 5605 sunt
3398 5566 3610 5606 nuncu-

2033 5655 2170 5715 pata:
2214 5648 2327 5714 (uti
2365 5646 2689 5700 Plutarchus
2733 5644 2963 5715 asserit)
3005 5661 3127 5715 qua:
3162 5644 3381 5699 fuerunt
3412 5656 3610 5698 conse-

2031 5735 2270 5790 crationi
2321 5734 2603 5805 proximae.
2660 5732 2718 5790 In
2762 5733 3020 5804 Epistolis
3071 5733 3312 5806 profecto
3352 5731 3459 5789 Nili
3502 5745 3611 5788 non
