4066 6146
446 264 451 269 ’
542 276 678 345 tas"!

1487 276 1636 335 JOS.
1679 274 1944 334 MARI/E
1985 274 2343 333 SUARESII
2387 273 2883 336 DISSEtlTATIO

3688 269 3824 333 1328

537 392 732 451 otiose,
762 402 824 440 ac
855 385 975 441 sine
1016 384 1224 440 delectu
1262 381 1480 452 quidam
1516 383 1761 451 μοναχοὶ,
1798 380 2118 451 μονάζοντες

2236 381 2579 450 ltosweidns,
2615 383 2670 437 in
2704 381 3045 438 Onomastico
3075 379 3145 434 ad
3186 378 3330 434 Vitas
3354 388 3664 433 sanctorum
3708 379 3821 434 Pa-

536 481 624 535 alii
660 486 786 533 sunt
818 476 1092 543 inscripti,
1124 475 1199 528 ita
1227 474 1507 542 Δαὸουρίῳ
1529 513 1543 538 ,
1568 474 1685 527 sive
1728 469 2120 541 Ἀρδαϐουρίῳ.

538 569 875 624 Ardaburius
931 567 1152 636 quidam
1195 566 1299 620 fuit
1342 566 1537 619 consul
1591 579 1736 618 anno
1769 562 1975 618 Christi
2020 562 2125 617 429

538 665 588 718 in
620 663 871 727 Oriente,
904 669 961 715 at
1002 662 1056 714 in
1085 659 1384 715 Occidente
1423 658 1645 715 Hierius
1677 658 1781 714 sub
1811 656 2124 712 Theodosio

531 755 760 810 Juniorc
792 762 845 808 et
892 751 1276 808 Valentiniano
1326 751 1389 805 Ill
1427 752 1726 823 Augustis;
1779 751 2024 821 comperi
2072 758 2126 805 et

546 844 926 916 ’Λρδοιὸούριον
975 843 1090 896 υἱὸν
1122 845 1406 913 "Aenaria;
1433 843 1537 897 sub
1585 840 1765 896 Leone
1793 841 1934 912 Aug.
1964 840 2123 911 Apud

537 937 805 1001 Suidam,
858 935 946 989 hic
1002 935 1177 1004 Aspar
1247 935 1314 989 ad
1392 943 1650 1004 patrem,
1713 949 1837 988 cum
1922 931 2122 987 Leonis

533 1029 675 1099 Aug.
740 1027 898 1098 jussu
989 1027 1152 1081 ambo
1226 1026 1646 1089 occiderentur,
1710 1022 1903 1079 Nonne
1974 1024 2126 1078 dice-

534 1124 660 1178 bam
724 1122 819 1177 tibi
869 1119 1155 1192 (aiebat),
1190 1117 1463 1188 Φᾶγωμεν
1510 1115 1719 1170 Λέοντα
1780 1117 1910 1187 πρίν
1976 1116 2126 1187 ἡμᾶς

535 1212 872 1284 ἀριστῆσαι,
938 1210 1289 1266 Comedumus
1353 1208 1614 1273 Leonem,
1689 1209 2001 1278 priusquam
2064 1208 2127 1261 de

536 1304 686 1357 nobis
727 1312 900 1357 sumat
941 1301 1256 1371 prandium,
1310 1297 1500 1355 Billius
1545 1298 1709 1354 refert
1753 1300 1807 1353 in
1849 1299 2125 1354 Observat.

536 1407 679 1446 sacr.
706 1407 736 1447 e
769 1388 1110 1459 Nicephoro;
1136 1387 1274 1442 Galli
1297 1389 1489 1443 dicunt
1516 1404 1531 1441 :
1558 1387 1631 1441 Le
1659 1388 1781 1457 (you
1808 1388 1948 1457 enfin
1963 1387 2123 1458 θοι

536 1498 724 1553 mange
754 1498 851 1536 son
873 1482 1109 1536 maistre.
1145 1479 1453 1544 Μονάζοντι
1504 1477 1614 1532 Nili
1652 1479 1883 1549 epistola
1939 1477 2129 1534 Possi-

538 1573 704 1628 niana
738 1573 826 1639 15,
853 1572 1125 1642 dirigitur,
1157 1587 1280 1644 quae
1314 1570 1456 1641 apud
1487 1569 1746 1625 Allatium
1778 1579 1866 1626 est
1891 1571 1983 1635 55,
2024 1570 2122 1625 lib.

538 1681 623 1731 ιιι,
655 1674 740 1721 est
788 1673 843 1718 et
872 1663 978 1718 216
1020 1663 1125 1719 alia
1158 1682 1172 1719 :
1229 1674 1338 1717 tam
1380 1661 1670 1729 Possinus,
1698 1677 1865 1732 quam
1895 1662 2128 1717 Allatius

538 1722 622 1816 ibi
659 1755 961 1828 μονάζοντα
989 1756 1224 1813 reddunt
1250 1755 1588 1820 Monac/tum,
1624 1722 1680 1810 avt
1715 1722 2007 1825 .inscripta.
2022 1756 2127 1809 Εὐ·
2163 1722 2204 1776 Β

541 1849 711 1918 Datim
741 1846 1030 1918 μονάζοντι
1058 1848 1126 1901 ab
1174 1847 1377 1902 Allatio
1408 1856 1694 1901 numerata
1727 1847 1818 1910 40,
1884 1846 1981 1901 lib.
2038 1862 2123 1913 ιιι,

542 1938 635 1991 ubi
676 1936 1007 1991 monachum
1040 1937 1265 2005 exponit
1298 1936 1623 2006 μονάζοντα,
1651 1936 1841 1990 eadem
1864 1944 1970 2003 est,
2003 1952 2128 2006 quae

539 2030 605 2083 21
634 2029 872 2093 Possini,
903 2028 998 2099 qui
1034 2028 1267 2099 μοναχόν
1300 2031 1591 2094 enuntiat,
1638 2038 1693 2083 et
1737 2029 2127 2099 interpretatur

536 2120 879 2176 monachum.
921 2120 1178 2190 Δαμιανῷ
1205 2121 1494 2190 μονάζοντι
1521 2136 1606 2189 ep.
1641 2121 1764 2187 110,
1797 2115 2014 2177 Possin.
2070 2123 2124 2177 in

540 2227 605 2266 ea
637 2213 800 2267 vertit
828 2213 1131 2282 μονάζοντα
1166 2212 1492 2279 solitarium,
1521 2224 1578 2268 at
1614 2213 1929 2267 monachum
1986 2214 2126 2267 Alla-

540 2303 650 2358 tius
679 2304 773 2358 lib.
806 2321 884 2368 ιιι,
915 2305 1076 2375 epist.
1111 2304 1235 2370 151,
1269 2304 1442 2374 ipsam
1471 2306 1694 2360 locans:
1727 2304 1997 2376 Μαριανῷ
2031 2322 2126 2375 μο-

545 2396 765 2461 νάζοντι
795 2399 959 2466 epist.
1005 2396 1121 2451 216
1147 2415 1158 2450 :
1189 2396 1420 2452 Possino
1450 2397 1633 2453 itidrm
1661 2399 1965 2450 solitarium
2025 2412 2123 2451 ex-

541 2487 782 2557 plicanti,
812 2498 897 2544 est.
924 2489 1013 2554 11,
1048 2489 1142 2545 lib.
1178 2505 1228 2543 iv
1253 2507 1265 2543 :
1293 2490 1492 2544 Allatio
1523 2490 1836 2543 monachum
1854 2490 2118 2545 vertenti:

537 2580 713 2635 eidem
752 2582 1019 2637 Allatiana
1045 2582 1099 2649 7,
1144 2582 1237 2636 lib.
1272 2598 1345 2649 IV,
1369 2582 1577 2636 directa
1602 2591 1707 2646 est,
1739 2583 1831 2637 sed
1865 2583 2121 2636 monac/to

539 2673 620 2729 uti
647 2672 982 2739 Possiuiana:
1020 2674 1111 2737 5-1,
1146 2672 1234 2739 55,
1263 2672 1369 2725 227
1408 2682 1461 2727 et
1491 2671 1617 2727 228.
1656 2671 1722 2726 Ει
1766 2671 1996 2727 forsitan
2053 2674 2121 2729 ad

539 2764 899 2820 monastioum
926 2779 1252 2833 progressus
1284 2764 1511 2832 gradum
1548 2762 1821 2817 hlarianus
1848 2761 2027 2817 fuerat
2054 2778 2120 2818 ex

537 2857 729 2911 ordine
779 2856 1127 2925 μονάζοντος.
1187 2856 1504 2920 Μονὰςοντα
1556 2855 1832 2927 Θεόδωρον
1884 2858 2120 2914 Allatius

534 2959 589 3003 ct
624 2949 934 3002 monachum
978 2948 1212 3018 appellat
1236 2949 1291 3002 in
1322 2948 1581 3016 Epistolis
1610 2947 1716 3002 Nili
1753 2949 1846 3004 lib.
1881 2966 1962 3016 ιιι,
1999 2951 2117 3016 157,

2233 480 2397 538 trum,
2426 473 2525 528 lib.
2560 489 2613 537 ι,
2648 488 2702 542 p.
2738 473 2860 538 105,
2895 473 3175 534 observat,
3205 470 3280 523 ita
3316 479 3527 536 tamen,
3561 479 3619 525 ut
3654 487 3822 540 pavo.-

2228 564 2335 633 χοὶ,
2349 562 2604 634 νεώτεροι
2629 565 2998 619 voeitarentur
3018 562 3194 628 initio,
3216 570 3269 617 et
3293 561 3515 617 interim
3537 561 3671 616 dum
3686 564 3819 617 vali-

2228 655 2352 709 dam
2376 654 2768 724 professionem
2788 655 3131 711 emitterent:
3151 653 3216 708 ad
3229 652 3534 724 νεωτέρως
3558 654 3695 709 istos
3711 655 3820 724 epi-

2228 746 2367 801 stola
2391 748 2497 804 505
2524 748 2619 802 lib.
2642 764 2699 802 ιιι
2726 747 2929 810 Allatii.
2948 756 3022 812 et,
3043 762 3167 817 qum
3195 747 3453 816 deinceps
3475 746 3816 816 subsequun—

2225 849 2318 894 tur
2343 839 2718 911 ἀνεπίγραφαι
2764 854 2940 909 usque
2973 839 3040 895 ad
3066 839 3196 895 535.
3236 838 3516 908 Mirorque
3544 838 3601 893 in
3639 836 3815 894 indice

2227 930 2501 985 Atlatiano
2540 939 2863 1001 conceptam
2896 932 3046 985 illam
3096 930 3203 985 505
3262 929 3359 985 lib.
3421 946 3481 986 ιιι
3526 932 3811 1000 epistolam

2229 1022 2368 1094 πρὸς
2397 1024 2753 1093 μονάζοντας,
2780 1024 2887 1080 nisi
2916 1024 3063 1094 quod
3108 1022 3358 1078 cenfudit
3384 1037 3481 1078 eos
3521 1023 3808 1093 interpres.

2231 1113 2477 1185 Denique
2516 1116 2880 1171 sacrabantur
2913 1117 3194 1181 monachi,
3242 1124 3299 1171 et
3330 1114 3555 1171 nomina
3588 1116 3800 1171 submu-

2230 1208 2441 1263 tnbant.
2469 1207 2601 1264 Erat
2629 1208 2773 1264 enim
2804 1218 3041 1264 esancto
3069 1208 3330 1278 Dionysio
3358 1208 3413 1261 in
3437 1206 3809 1262 Ecclesiastica

2236 1299 2577 1366 Hierarchia,
2609 1316 2748 1371 apex
2783 1300 3141 1372 perfectionis
3191 1303 3579 1366 monachatus,
3638 1302 3735 1355 καὶ
3774 1304 3806 1371 ἡ

2226 1390 2635 1463 τετελουμὲνων
2669 1391 2982 1464 ὑψηλοτέρα.
3003 1390 3178 1459 τάξις,
3210 1401 3268 1446 et
3300 1392 3500 1447 Suidas
3528 1390 3727 1458 refert;
3746 1392 3807 1446 de

2229 1483 2538 1549 monachis,
2601 1483 2694 1553 qui
2744 1485 2911 1539 etiam
2968 1484 3278 1551 singulares
3317 1483 3803 1554 nuncupabantur,

2230 1574 2342 1643 agit
2373 1573 2490 1629 fuse
2514 1573 2850 1630 Scholiastes
2877 1576 3041 1645 602
3072 1576 3127 1629 in
3153 1572 3306 1629 Notis
3334 1575 3402 1631 ad
3455 1576 3493 1631 l.
3556 1591 3691 1630 um
3740 1574 3804 1629 C.

2232 1665 2507 1721 Theodos.
2544 1665 2619 1720 De
2644 1667 2969 1721 decurionib.
3000 1683 3125 1737 quae
3154 1666 3224 1721 26
3254 1677 3342 1723 est
3385 1667 3440 1722 in
3471 1666 3810 1723 Justinianeo

2229 1757 2365 1814 Cod.
2386 1757 2513 1813 data
2542 1757 2723 1831 Beryti
2751 1775 2781 1814 a
2802 1759 3186 1817 Valentiniano
3225 1769 3280 1817 et
3299 1760 3526 1817 Valente
3550 1760 3807 1832 Augustis

2229 1853 2268 1909 l.
2298 1867 2462 1907 xxxv:
2500 1851 2560 1907 C.
2589 1851 2863 1908 Theodos.
2896 1853 2971 1908 De
2999 1853 3253 1923 episcop.,
3271 1853 3396 1908 data
3421 1853 3713 1909 Mediolani
3740 1853 3808 1908 ab

2228 1944 2465 2001 Arcadio
2494 1953 2548 2001 et
2590 1944 2854 2013 Honorio,
2886 1946 3000 2000 AA.
3045 1946 3282 2003 Severus
3328 1946 3541 2016 Sulpic.
3608 1946 3803 2017 dialog.

2228 2054 2270 2103 ι,
2306 2054 2355 2094 c.
2389 2040 2442 2104 1,
2474 2039 2616 2110 apud
2649 2038 2969 2095 Gratianum
3003 2042 3057 2094 in
3092 2039 3319 2095 Decreto
3367 2038 3457 2104 16,
3511 2054 3569 2110 q.
3601 2038 3655 2093 1.
3709 2037 3807 2092 De-

2231 2128 2551 2184 scribuntur
2588 2130 2846 2185 monachi
2876 2144 2907 2184 a
2937 2128 3145 2183 Rutilio
3170 2126 3501 2184 Numatiano
3521 2128 3612 2184 bis
3639 2128 3695 2183 in
3716 2125 3804 2182 lti-

2227 2235 2425 2287 nerar,
2483 2220 2577 2275 sed
2648 2221 2856 2276 ironice
2917 2231 3219 2291 carpuntur
3271 2235 3302 2274 a
3342 2229 3541 2275 sancto
3607 2218 3806 2275 Joanne

2224 2308 2627 2380 Chrysostomo
2655 2310 2847 2365 homil.
2884 2310 2917 2365 8
2952 2310 3004 2364 in
3035 2308 3390 2378 Matthaeum;
3426 2311 3498 2366 ab
3538 2310 3802 2380 Eunapio,

2222 2400 2300 2455 De
2324 2403 2414 2455 vit.
2442 2401 2798 2471 philosophor.
2831 2402 2888 2455 in
2911 2401 3150 2460 IEdesio.
3178 2417 3210 2457 a
3234 2401 3492 2457 Salviano
3513 2401 3803 2457 Massilien.

2224 2489 2321 2543 lib.
2380 2489 2455 2544 De
2482 2489 2865 2557 Providentia;
2901 2492 2957 2545 in
2990 2489 3130 2546 Vitis
3154 2491 3378 2546 Patrum
3407 2506 3439 2546 a
3474 2500 3666 2548 sancto
3694 2492 3806 2547 Hie-
3850 2518 3854 2523 ο

2226 2597 2475 2654 ronytuo,
2511 2593 2565 2639 et
2589 2583 2734 2649 aliis,
2765 2597 2903 2654 quos
2946 2584 3162 2655 collegit
3209 2585 3485 2654 ediditque
3522 2584 3689 2640 simul
3739 2583 3800 2640 11.

2222 2672 2285 2728 Ρ.
2350 2673 2690 2744 Rosweydus
2747 2675 2861 2743 jam
2898 2690 2928 2728 a
2961 2689 3048 2730 me
3082 2675 3367 2739 laudatus,
3403 2674 3804 2746 illustravitque

2223 2762 2688 2819 adnotationibus.
2723 2761 2798 2819 De
2825 2761 3077 2818 laudibus
3098 2763 3266 2817 eremi
3324 2770 3506 2818 exstat
3560 2763 3800 2834 Epistola

2231 2852 2489 2908 Eucherii
2526 2855 2773 2924 episcopi
2795 2853 3179 2925 Lugdunensis
3210 2853 3279 2907 ad
3306 2852 3577 2908 Hilarium
3613 2869 3800 2909 mona-

2223 2944 2388 2999 chum
2426 2945 2668 3000 Lirinen.
2708 2946 2760 2999 in
2793 2958 2900 3015 qua
2924 2944 3279 2999 imitabantur
3301 2944 3428 3015 (ait)
3460 2943 3799 3000 solitariieos

538 3042 662 3105 158,
702 3042 824 3105 159,
862 3041 985 3095 160.
1012 3043 1082 3093 At
1106 3038 1372 3095 Pessinus
1403 3039 1656 3110 Epistolis
1686 3040 1807 3105 115,
1845 3041 1968 3106 114,
1994 3042 2116 3110 115,

2224 3037 2292 3093 de
2323 3039 2524 3109 quibus
2551 3038 2847 3109 Apostolus
2876 3038 3071 3093 scribit
3099 3037 3155 3091 in
3190 3036 3364 3106 Epist.
3419 3036 3488 3091 ad
3546 3036 3798 3094 Hebraeos

539 3132 662 3198 116,
700 3133 953 3203 μοναχὸν,
988 3141 1044 3185 et
1073 3130 1264 3185 Latine
1313 3131 1657 3196 monac/mm;
1695 3132 1922 3200 epistola
1974 3142 2119 3188 certe

539 3223 641 3278 160
671 3239 834 3293 penes
890 3222 1148 3276 Allatium
1187 3223 1400 3277 brevior
1428 3230 1535 3286 est,
1584 3238 1747 3290 quam
1783 3226 1925 3292 apud
1981 3223 2118 3281 Pos-

534 3316 721 3369 sinum
770 3314 893 3368 116.
929 3313 1192 3367 Eumdem
1226 3310 1574 3366 Theodorum
1614 3313 1848 3383 μοναχόν
1896 3330 2116 3370 nuncu-

535 3415 648 3473 pat,
679 3415 731 3458 et
786 3404 946 3457 vertit
974 3403 1207 3456 Allatius
1238 3403 1333 3456 lib.
1374 3416 1433 3467 ιι,
1466 3402 1716 3469 epistolis
1747 3401 1837 3466 65,
1880 3403 1969 3471 76,
2021 3407 2114 3460 sed

535 3495 702 3557 et25,
738 3494 831 3547 lib.
867 3508 939 3557 ιν,
971 3508 1091 3562 quae
1138 3492 1388 3560 adempta
1449 3499 1533 3544 est
1564 3491 1665 3545 116
1710 3493 1966 3559 Possini;
2028 3499 2116 3551 cui

537 3600 731 3640 rursus
764 3582 1106 3652 adjungenda
1136 3591 1241 3644 est,
1273 3581 1403 3650 quin
1437 3581 1618 3651 potius
1684 3592 1828 3637 esset
1888 3585 2116 3642 delenda

536 3677 653 3745 ipsa
682 3673 991 3729 lliO-Allatii
1034 3680 1289 3743 tanquam
1336 3688 1465 3742 pars
1497 3673 1724 3743 repetita
1756 3674 1918 3743 hujus
1975 3676 2111 3744 116;

535 3776 590 3822 et
634 3766 902 3819 Allatiana
936 3764 1029 3832 25,
1062 3765 1159 3820 lib.
1195 3779 1271 3820 tv.
1298 3763 1539 3836 Εὑγενίῳ
1561 3765 1867 3833 μονάζοντι,
1888 3768 2115 3838 epistola

538 3857 641 3914 102
676 3855 893 3912 Possini
931 3866 1017 3912 est
1058 3855 1357 3926 inscripta;
1397 3855 1698 3909 solitarium
1759 3856 1806 3911 is
1860 3857 2110 3925 reddidit,

533 3948 767 4004 Allatius
789 3947 1104 4002 monachum
1132 3946 1227 4000 lib.
1270 3961 1390 4011 xm,
1426 3946 1585 4016 epist.
1621 3945 1744 4001 147.
1786 3946 2112 4003 Monachum

532 4039 779 4111 profecto
814 4039 1033 4095 vocavit
1060 4038 1112 4092 in
1147 4038 1309 4092 titulo
1338 4037 1694 4107 epistolarum
1727 4039 1849 4103 175,
1908 4040 2011 4095 176
2059 4051 2114 4097 et

536 4130 662 4197 182,
720 4131 884 4200 inque
910 4130 1001 4184 illa
1032 4129 1148 4198 ipsa
1181 4128 1282 4183 175
1328 4129 1568 4182 nondum
1620 4129 1770 4183 illum
1829 4144 2111 4186 emensum

536 4221 710 4278 fuisse
766 4236 940 4276 annos
1001 4220 1333 4290 quindecim,
1377 4220 1601 4290 μονήρει
1648 4218 1749 4289 βίῳ
1793 4222 2111 4292 ἑνοικούμε-

539 4332 651 4380 νον,
703 4316 754 4368 id
807 4323 909 4380 est,
964 4313 1304 4367 insistentem
1357 4316 1481 4365 vita;
1534 4311 1850 4366 monasticae
1903 4314 2107 4378 tradit;

421 4434 427 4444 -
533 4407 1007 4476 undecolligotam
1035 4404 1089 4457 in
1114 4402 1433 4473 ἐγκρατείᾳ,
1462 4418 1555 4457 seu
1583 4404 2110 4474 continentia,quam
2144 4413 2186 4466 D
2217 4416 2562 4471 commendat
2595 4417 2762 4469 vitam
2815 4415 3196 4480 monasticam,
3226 4430 3281 4485 p.
3337 4413 3475 4481 567;
3504 4423 3559 4468 et
3617 4414 3669 4467 in
3718 4410 3776 4465 21

421 4559 425 4562 ν
533 4498 588 4550 in
613 4498 865 4566 ἀσκήσει,
883 4507 979 4549 aut
998 4493 1390 4549 exercitatione
1410 4492 1581 4549 fuisse
1601 4495 1666 4549 de
1683 4509 1853 4562 more,
1878 4499 2113 4566 spatium

534 4599 641 4643 tem
652 4588 801 4656 poris
823 4587 1158 4655 impendere,
1174 4584 1316 4639 sicut
1332 4599 1506 4639 annos
1531 4585 1887 4654 probationis,
1911 4589 1993 4642 vel
2020 4606 2111 4644 no-

532 4683 779 4748 vitiatus,
812 4680 923 4733 imo
951 4688 1005 4733 et
1054 4679 1107 4732 in
1133 4677 1233 4750 βίῳ
1264 4677 1576 4749 μονάζοντι,
1620 4679 1735 4734 sive
1761 4680 1814 4734 in
1848 4679 2107 4736 Monazo-

531 4775 624 4829 nio
649 4775 775 4845 (qua
816 4786 947 4825 voce
988 4772 1062 4824 uti
1102 4780 1232 4840 puto
1260 4770 1530 4825 Alciatum
1569 4770 1622 4824 in
1650 4774 1906 4826 versione
1933 4772 2107 4828 Graeci

531 4867 997 4937 Epigrammatis).
1053 4866 1310 4920 Addenda
1357 4876 1442 4922 est
1483 4864 1788 4922 Theodosia
1848 4866 2109 4935 μονάζον-

535 4977 624 5025 σα,
666 4958 749 5013 cui
788 4957 940 5010 Nilus
968 4956 1159 5012 scribit
1214 4957 1311 5010 lib.
1349 4971 1407 5019 ιι,
1435 4956 1595 5025 epist.
1632 4956 1755 5020 116,
1791 4956 1932 5024 apud
1956 4956 2111 5008 Atla-

534 5052 685 5113 tium,
725 5049 817 5117 qui
850 5048 1129 5102 monialem
1164 5049 1364 5113 vertit;
1400 5048 1722 5102 hortabatur
1775 5062 1896 5100 eam
1929 5044 2107 5110 Nilus,

532 5157 599 5195 ne
625 5151 888 5210 praecepta
917 5141 1051 5195 viris
1082 5143 1133 5193 in
1169 5140 1398 5194 ecclesia
1428 5139 1639 5193 tradere
1688 5138 1931 5201 auderet,
1989 5152 2111 5193 eos-

531 5249 637 5302 que
669 5233 942 5288 desineret
970 5232 1185 5287 docere.
1222 5230 1263 5284 E
1293 5230 1680 5301 suprascriptis
1707 5229 1871 5300 igitur
1900 5229 2107 5299 liquido

530 5334 679 5394 patet
733 5322 1065 5394 μονάζοντας
1094 5322 1283 5390 fuisse,
1337 5322 1430 5392 qui
1477 5320 1723 5391 proxime
1779 5319 2109 5375 accedebant

532 5416 597 5471 ad
630 5416 995 5472 monachatus
1023 5415 1445 5485 professionem,
1502 5428 1626 5468 eum
1654 5422 1832 5467 autem
1864 5412 1930 5466 ad
1961 5411 2106 5467 illam

531 5509 975 5574 admittebantur,
1032 5507 1400 5562 induebantur
1448 5504 1746 5572 schemate,
1805 5519 1901 5560 seu
1959 5514 2109 5559 veste

530 5601 743 5665 novitii,
796 5619 917 5671 quae
946 5603 1158 5657 diversa
1190 5612 1328 5665 erat,
1354 5617 1416 5657 ac
1442 5601 1698 5655 distincta
1742 5600 1811 5655 ab
1857 5615 1940 5664 ea,
2000 5614 2106 5669 qua

535 5690 923 5760 vestiebantur,
954 5709 1076 5746 cum
1127 5693 1375 5747 monachi
1405 5690 1625 5761 perfecti
1660 5691 1982 5756 evadebant,
2022 5691 2100 5744 uti

2220 3133 2473 3202 superius
2504 3133 2665 3187 allato
2687 3147 2737 3187 c.
2756 3139 3067 3198 n,errantes
3088 3133 3144 3185 in
3164 3131 3513 3197 montibus,et
3535 3132 3795 3201 speluncis

2220 3227 2553 3296 cavernisque
2603 3235 2756 3280 terra
2785 3225 3013 3292 abditos,
3056 3224 3245 3294 quibus
3275 3223 3467 3293 dignus
3528 3239 3634 3276 non
3682 3232 3796 3276 erat

2220 3316 2467 3369 mundus.
2500 3316 2635 3385 Vide
2661 3316 2996 3381 Tristanum,
3032 3325 3163 3370 tom.
3192 3316 3235 3368 ll
3289 3313 3499 3368 Hister.
3529 3314 3684 3369 Rom.
3731 3329 3797 3366 es

2222 3405 2607 3474 Numismatis,
2650 3422 2702 3477 p.
2738 3406 2872 3473 155,
2904 3407 2973 3461 de
3021 3405 3305 3460 monachis
3335 3418 3636 3475 eorumque
3683 3405 3793 3458 eel-

2221 3499 2378 3567 lulis;
2412 3508 2465 3554 et
2496 3498 2818 3554 feminarum
2849 3499 3182 3567 monastrize,
3204 3495 3793 3561 moniales,sanctimo»

2218 3592 2409 3658 niales,
2444 3592 2652 3647 ancillae
2672 3592 2785 3659 Dei,
2817 3601 2870 3646 et
2903 3590 3012 3646 Deo
3037 3590 3243 3646 devotae
3268 3591 3507 3661 virgines
3526 3590 3792 3645 vocaban-

2218 3688 2325 3747 tur,
2361 3682 2567 3751 passim
2600 3683 2738 3752 apud
2787 3690 3039 3737 sanctum
3097 3680 3440 3753 Gregorium,
3496 3680 3590 3752 qni
3632 3681 3666 3734 I.
3714 3695 3787 3745 ir,

2216 3772 2377 3841 epist.
2418 3772 2481 3825 15
2512 3772 2580 3827 de
2609 3773 2788 3827 insula
2831 3772 3115 3842 Capraria,
3148 3772 3216 3827 de
3261 3772 3440 3826 insula
3493 3770 3785 3842 Gorgonis,

2219 3866 2390 3935 deque
2421 3864 2709 3919 monachis
2738 3865 2931 3919 insulae
2961 3864 3157 3919 Montis
3185 3863 3412 3930 Christi,
3461 3863 3561 3919 lib.
3600 3879 3614 3917 ι
3656 3861 3782 3915 Dia-

2215 3957 2321 4028 log.
2360 3974 2409 4012 c.
2440 3958 2528 4013 49.
2573 3956 2806 4013 Sanctus
2836 3957 3126 4029 Gregorius
3160 3957 3539 4012 Nazianzenus
3569 3957 3624 4011 in
3657 3955 3788 4010 Pon-

2216 4056 2330 4101 tum
2365 4046 2661 4117 profectus,
2687 4048 2816 4101 dum
2848 4047 2986 4118 fugit
3015 4048 3413 4118 episcopatum,
3434 4046 3784 4117 philosopha-

2217 4149 2304 4194 tus
2334 4147 2417 4193 est
2458 4154 2581 4194 cum
2611 4139 2833 4207 Basilio,
2878 4148 3109 4208 uterque
3134 4139 3279 4209 leges
3332 4139 3456 4194 tulit
3512 4139 3638 4193 vitae
3674 4150 3790 4192 mo-

2216 4232 2459 4295 nasticae,
2490 4231 2564 4286 uti
2596 4240 2841 4286 recenset
2871 4230 3065 4286 Billius
3102 4233 3157 4286 in
3189 4232 3308 4302 ejus
3351 4230 3474 4285 Vita
3500 4247 3514 4296 ;
3550 4231 3639 4287 hic
3665 4243 3785 4284 san-

2214 4334 2335 4379 ctus
2371 4322 2687 4392 Gregorius,
2720 4331 2863 4379 orat.
2888 4323 2959 4377 20
2992 4324 3043 4377 in
3079 4323 3293 4378 laudem
3342 4324 3519 4379 sancti
3579 4320 3782 4385 Basilii,

2213 4507 2459 4562 oratione
2490 4508 2544 4561 in
2574 4507 2789 4563 laudem
2824 4509 3001 4564 sancti
3022 4506 3332 4572 Athanasii,
3359 4522 3415 4576 p.
3445 4505 3572 4570 589,
3599 4506 3652 4558 in
3674 4519 3786 4560 ora-

2215 4602 2364 4656 tione
2398 4600 2597 4670 prima,
2635 4615 2687 4670 p.
2716 4599 2807 4664 44,
2841 4608 2896 4655 et
2923 4600 2976 4654 in
3012 4598 3254 4654 Carmin.
3283 4612 3336 4667 p.
3370 4596 3538 4663 i370;
3572 4597 3626 4650 in
3655 4595 3784 4650 deti-

2213 4688 2418 4742 nitione
2442 4695 2581 4742 orat.
2625 4687 2711 4752 12,
2762 4703 2814 4756 p.
2858 4686 3000 4754 459;
3033 4685 3220 4741 Carm.
3252 4687 3319 4741 ad
3351 4685 3508 4742 fictos
3532 4685 3779 4740 monach.

2213 4794 2266 4846 p.
2298 4776 2436 4831 1502
2465 4775 2773 4842 eti5l'5,ad
2810 4776 3109 4831 monachos
3139 4775 3194 4828 in
3221 4772 3486 4830 coenobiis
3512 4774 3779 4844 degentes,

2213 4871 2276 4921 ad
2311 4866 2637 4921 Hellenium.
2675 4866 2908 4921 Sanctus
2952 4866 3293 4937 Augustinus
3345 4865 3646 4919 monachos
3696 4877 3782 4917 no-

2214 4960 2564 5013 minatservos
2599 4957 2717 5023 Dei,
2753 4958 2912 5039 epist.
2946 4957 3015 5011 70
3043 4967 3095 5012 et
3119 4957 3363 5026 passim;
3399 4965 3453 5010 et
3479 4954 3783 5009 monachis-

2214 5066 2360 5104 mum
2389 5049 2554 5104 simul
2586 5064 2710 5104 eum
2743 5050 3013 5119 baptismo
3044 5049 3306 5118 suscepit,
3337 5055 3394 5101 ut
3443 5046 3638 5116 probat
3691 5043 3783 5097 Ri—

2212 5145 2354 5211 vius,
2397 5143 2491 5196 lib.
2526 5158 2562 5207 ι,
2607 5156 2726 5211 cap.
2758 5140 2943 5211 i,§52
2999 5139 3105 5194 Vit.
3154 5139 3326 5192 sancti
3383 5137 3686 5206 Augustini,
3732 5142 3783 5187 et

2212 5234 2509 5289 amicitiam
2543 5249 2666 5287 cum
2701 5233 2947 5287 Eudoxio
2995 5232 3191 5287 abbate
3228 5229 3634 5286 Cellulanorum
3677 5225 3780 5281 Ca-

2212 5326 2409 5397 prariae
2436 5326 2630 5381 insulae
2652 5323 2823 5379 coluit
2854 5323 3015 5393 epist.
3040 5322 3127 5388 81,
3163 5330 3217 5375 et
3240 5320 3477 5374 instituit
3502 5318 3619 5388 ipse
3668 5332 3781 5370 mo-

2214 5420 2438 5486 nachos,
2477 5420 2652 5489 deque
2691 5432 2855 5487 opere
2909 5416 3126 5472 illorum
3185 5413 3388 5469 librum
3440 5409 3778 5478 conscripsit.

2211 5510 2402 5565 Rivius
2435 5511 2501 5564 de
2528 5510 2673 5580 ipso,
2706 5508 2735 5579 §
2762 5508 2819 5573 2,
2847 5522 2896 5562 c.
2938 5507 2987 5573 1,
3014 5506 3107 5560 lib.
3141 5521 3225 5570 ιιι,
3266 5509 3480 5557 sanctas
3512 5500 3777 5570 formicas.

2211 5609 2264 5653 et
2315 5610 2526 5652 sanctas
2559 5615 2679 5668 apes
2720 5595 3021 5651 monachos
3048 5595 3339 5664 compellat
3381 5593 3521 5647 idem
3565 5599 3778 5645 sanctus

2211 5691 2419 5746 doctor.
2469 5689 2646 5746 Verba
2688 5690 2916 5760 quidem
2964 5688 3145 5745 Grzcca
3176 5702 3298 5743 cum
3359 5699 3648 5757 paragoge,
3685 5692 3775 5734 seu
