4066 6146
312 330 451 396 1329

302 445 683 520 productione,
701 452 836 518 αζω,
856 456 933 511 uti
985 458 1226 529 κωμάξω
1246 502 1264 528 ,
1289 463 1553 534 ἑορτάζω,
1613 474 1881 544 χειμάζω,

307 541 615 610 σπουδάζω,
648 546 913 616 σχολάζω,
939 549 1185 615 λωοάςω,
1203 556 1446 627 πειράςω
1464 541 1766 632 emphasim
1786 541 1884 622 ha;

306 631 453 697 bere,
504 646 668 721 atque
721 640 961 697 indicare
985 644 1236 701 videntur
1262 647 1515 707 affectum
1572 660 1884 728 quemdam,

304 733 359 778 et
390 718 915 797 pretensioncm,sic
940 733 1048 787 ἀπὸ
1078 735 1170 789 τοῦ
1204 739 1457 807 μονάζειν
1488 745 1539 796 οἱ
1566 718 1890 815 ρίονάζοντεξ

303 817 565 885 erantqui
586 817 795 887 jamdiu
817 823 1140 890 appetebant
1165 827 1371 899 ingenti
1399 847 1525 888 cum
1548 834 1745 892 aﬂ'ectu
1769 855 1888 895 mo-

304 905 625 971 naehatum,
646 916 701 964 et
720 909 883 964 veluti
910 914 1290 985 pertingebant
1313 924 1470 991 quasi
1501 927 1749 994 proxime
1772 931 1892 985 eiu-

299 995 486 1061 gendi,
537 1007 590 1053 et
621 998 1010 1067 mettoproximi
1055 1021 1190 1062 voce
1244 1008 1660 1071 Graeco-Latins
1714 1018 1893 1075 Juris—

299 1086 707 1152 consultorum,
738 1102 837 1157 pro
867 1090 1068 1149 cinctis
1094 1097 1482 1167 censebantur,
1506 1104 1893 1160 sumebantur-

299 1190 409 1243 que
458 1178 774 1245 promiscue
811 1197 910 1251 pro
941 1187 1248 1253 monachis,
1286 1191 1365 1245 uti
1414 1194 1654 1252 tironcs'
1701 1198 1892 1255 multis

300 1264 588 1333 Stipendiis
616 1271 869 1339 expletis,
893 1282 990 1328 aut
1017 1276 1289 1346 προλυτού⁸
1316 1281 1568 1349 pluribus
1591 1288 1755 1342 anuis
1771 1298 1889 1343 stn-

299 1354 392 1409 dio
420 1356 865 1427 jurisprudentiae
892 1363 1192 1436 impensis,
1247 1372 1601 1431 continentiae
1669 1394 1887 1450 nempe,

301 1459 398 1499 seu
428 1448 700 1505 castitatis
724 1453 1003 1521 specimen
1032 1456 1296 1514 dederant
1347 1471 1740 1535 temperantes,
1793 1448 1888 1525 seu

300 1538 618 1609 ἐγκρατεῖς,
648 1551 706 1597 at
734 1548 1095 1614 paupertatis,
1123 1558 1179 1605 et
1207 1552 1559 1622 obedientiaz,
1583 1560 1712 1613 dum
1736 1575 1892 1615 asce-

304 1640 389 1685 tas
418 1642 666 1701 egerant,
696 1644 791 1690 aut
818 1640 1256 1699 exercitatores:
1290 1646 1528 1719 denique
1582 1652 1745 1706 trium
1787 1652 1888 1708 ha-

298 1736 424 1775 rum
463 1723 889 1790 virtutum,dum
919 1731 1248 1799 μονάζοντες
1283 1735 1487 1807 forent,
1525 1740 1689 1812 603
1731 1743 1886 1813 quasi

299 1813 668 1871 maturitatem
698 1821 1155 1889 assequebantur.

369 1945 428 2002 In
498 1942 867 2013 ecclesiastica
919 1958 1151 2018 historia
1213 1968 1608 2026 monachorum
1678 1975 1890 2043 species

301 2038 467 2094 varia:
514 2056 955 2111 pereensentur:
1013 2067 1115 2125 ego
1157 2071 1286 2113 vero
1342 2061 1703 2120 animadverti
1761 2081 1891 2136 per-

301 2131 601 2186 scrutando
652 2134 969 2207 diligentius
1014 2142 1180 2200 hosce
1221 2149 1491 2219 praecipue
1525 2161 1634 2208 tres
1688 2131 1889 2225 gradus

296 2236 490 2290 parum
521 2228 589 2280 ab
613 2227 736 2283 aliis
767 2230 1226 2299 observatos,imo
1253 2240 1572 2314 plerumque
1594 2246 1876 2317 confusos,

297 2321 354 2365 et
383 2313 686 2382 μονάζοντα
736 2324 962 2390 exposui
998 2336 1246 2395 agentem
1284 2313 1647 2391 monasticam
1685 2313 1878 2396 vitam.

298 2402 568 2473 Agathius
601 2408 766 2477 igitur
797 2412 903 2468 iste
930 2419 1287 2475 monasticam
1318 2423 1483 2479 vitam
1511 2441 1677 2497 agens
1701 2429 1886 2488 Nilum

300 2495 752 2555 meditabundum
787 2508 1044 2574 tanquam
1077 2523 1147 2564 ex
1178 2510 1394 2570 insidiis
1428 2495 1653 2574 adortus
1696 2532 1804 2589 est,
1832 2534 1890 2581 et

303 2602 595 2658 aggressus
621 2591 1002 2667 improvisum,
1030 2609 1083 2656 et
1106 2604 1336 2662 suadere
1359 2611 1521 2680 coepit
1558 2625 1615 2668 ut
1640 2613 1886 2675 Ethicam

301 2681 638 2750 quampiam,
670 2699 763 2740 seu
798 2685 1056 2745 Moralem
1105 2693 1539 2755 iucubrationcm
1574 2706 1889 2762 conscribe-

301 2781 405 2826 ret.
438 2773 507 2827 At
533 2772 689 2832 Nilus
720 2777 774 2832 in
809 2777 1159 2851 Expositione
1185 2784 1529 2845 Psalmorum
1562 2807 1882 2866 occupatus,

301 2863 461 2932 cujus
521 2864 820 2936 fragmenta
877 2873 1139 2929 nonnulla
1191 2879 1545 2947 reperiuntur
1603 2884 1659 2938 in
1696 2863 1886 2942 codice

302 2953 603 3011 Barberino
634 2962 1030 3032 manuscripto,
1064 2974 1119 3019 et
1148 2969 1289 3037 apud
1322 2968 1625 3028 Bessonum
1684 2976 1740 3030 in
1776 2977 1884 3032 Ca-

303 3058 483 3103 tenam
524 3048 777 3123 Procopii
822 3069 983 3140 super
1022 3056 1264 3116 Canticis
1303 3063 1666 3133 canticorum,
1718 3070 1883 3140 tergi-

1507 353 1609 415 DE
1641 355 2021 426 OPERIBUS
2052 366 2113 428 S.
2148 370 2331 435 NILI.

3443 387 3581 453 1330

1911 482 2383 546 Atentationibus
2430 507 2554 547 eum
2590 493 2911 562 admonens,
2963 512 3071 568 quo
3119 496 3252 568 ipsis
3311 498 3577 570 obsistat;

1988 586 2042 632 et
2094 577 2325 635 forsnan
2378 585 2445 638 ad
2499 586 2839 644 diaconatum
2902 593 3213 660 promoveri
3279 605 3574 649 meruerat-

1990 663 2218 721 Esstant
2273 679 2329 723 et
2378 670 2884 732 isidoriPclusiotte
2921 678 3038 748 qui,
3082 678 3271 734 eodem
3335 690 3580 750 tempore

1991 757 2456 839 vixisse\vidctur,
2489 774 2541 819 et
2570 768 2820 822 eumdem
2854 769 3175 838 magistrum
3222 770 3415 826 habuit
3456 788 3583 829 san-

1992 855 2139 901 ctum
2159 846 2425 906 Joannem
2451 852 2930 926 Chrysostomum,
2956 859 3025 914 ad
3046 861 3320 931 Agathum
3349 864 3578 934 presby-

1993 948 2167 994 terum
2206 942 2245 995 1.
2279 959 2316 997 l.
2369 945 2527 1014 epist.
2555 947 2682 1015 270,
2719 959 2773 1004 et
2805 951 2841 1005 l.
2892 968 2976 1015 ιιι,
3015 952 3174 1022 epist.
3208 954 3294 1021 18,
3327 956 3418 1020 9.7,
3452 955 3574 1021 160,

1988 1030 2115 1094 296,
2153 1034 2277 1101 505,
2305 1036 2421 1091 sive
2449 1036 2935 1108 Agathodazmona.
2972 1045 3052 1099 Eo
3086 1045 3346 1100 nimirum
3379 1055 3580 1118 tempo-

1990 1139 2050 1179 re
2082 1127 2281 1196 saepius
2324 1144 2355 1183 e
2387 1133 2673 1189 monachis
2701 1133 2918 1190 diaconi
2964 1138 3363 1209 deligebantur,
3408 1141 3583 1197 immo

1990 1218 2294 1287 presbyteri
2347 1230 2401 1275 et
2447 1223 2715 1295 episcopi,
2772 1237 2991 1284 auctore
3043 1231 3194 1286 card.
3239 1231 3477 1288 Baronio
3509 1236 3580 1290 ad

1990 1324 2120 1366 ann.
2155 1312 2258 1368 598
2288 1312 2351 1369 C.
2386 1314 2476 1380 N.,
2521 1326 2576 1371 et
2609 1318 2777 1388 liquet
2804 1337 2833 1376 e
2883 1323 2921 1375 Ι.
2977 1339 3148 1379 xxxii.
3187 1323 3249 1379 C.
3300 1324 3575 1381 Theodos.

1992 1402 2071 1459 De
2102 1407 2264 1475 episc.
2298 1419 2346 1461 et
2376 1408 2553 1477 cleric.
2586 1409 2759 1468 Tanta
2789 1422 2907 1469 erat
2956 1417 3352 1473 monachorum
3388 1419 3574 1473 multi—

1990 1496 2124 1549 tudo
2153 1535 2167 1560 ,
2215 1506 2293 1552 tot
2323 1501 2575 1556 examina
2619 1519 2904 1560 servorum
2959 1507 3086 1562 Dei:
3119 1508 3237 1564 haec
3279 1509 3427 1563 enim
3472 1524 3574 1566 vox

1993 1582 2094 1652 (ut
2117 1582 2230 1652 jam
2266 1589 2455 1643 monui
2483 1590 2500 1657 )
2538 1594 2838 1650 monachos
2871 1596 3155 1668 significat.
3187 1598 3423 1657 Sanctus
3445 1601 3577 1657 Gre-

1989 1674 2176 1742 gorius
2205 1674 2389 1733 M.lib.
2420 1697 2472 1734 x.
2504 1683 2666 1752 epist.
2687 1685 2775 1750 51,
2795 1698 2848 1744 et
2875 1688 2968 1745 lib.
3002 1707 3064 1745 ιι.
3094 1691 3257 1761 epist.
3296 1693 3367 1747 24
3399 1702 3453 1749 et
3480 1693 3573 1757 9|.

1973 1765 2084 1834 Jih.
2119 1784 2214 1823 vnt
2238 1779 2291 1824 et
2320 1787 2507 1827 χχχιχ.
2535 1772 2630 1831 lib.
2654 1792 2749 1832 xxx
2775 1793 2821 1833 e.
2849 1780 3186 1840 12.Sanctus
3212 1782 3577 1858 Hieronymus

1919 1842 1962 1897 Β
1990 1858 2185 1927 psalm.
2221 1862 2344 1917 15⁷5.
2377 1863 2740 1936 θεραπευταὶ,
2772 1869 3008 1930 Sanctus
3042 1874 3334 1947 Dionysius
3369 1842 3570 1934 Eccles.

1995 1948 2316 2021 Hieran/1.;
2352 1954 2507 2013 Philo
2566 1960 2659 2015 lib.
2716 1962 2795 2016 De
2832 1965 2925 2019 vit.
2963 1968 3289 2037 contempl.;
3338 1969 3579 2028 Sanctus

1993 2045 2333 2116 Augustinus
2349 2053 2511 2122 epist.
2527 2054 2595 2110 56
2618 2072 2633 2123 ;
2656 2055 2942 2116 Ennodius
2969 2061 3007 2116 1.
3032 2064 3291 2134 tn.epist.
3305 2065 3409 2130 99;
3440 2069 3572 2138 quin
3612 2125 3618 2131 _

1992 2148 2046 2195 et
2075 2141 2326 2199 homines
2351 2145 2517 2219 604
2540 2147 2653 2213 Dei,
2690 2151 2790 2205 viri
2816 2151 2945 2219 Dei;
2979 2153 3054 2209 ita
3095 2166 3320 2213 sanctus
3349 2160 3574 2213 Alexius

1991 2235 2283 2302 vocitatus,
2318 2248 2371 2293 et
2385 2238 2718 2312 Porphyrius
2753 2243 2808 2299 in
2833 2243 2959 2299 Vita
2980 2248 3155 2302 sancti
3176 2249 3411 2318 Agapiti,
3435 2261 3489 2306 et
3518 2252 3575 2305 in

1992 2323 2266 2397 Martyrol.
2302 2325 2459 2383 Rom.
2490 2328 2561 2383 20
2585 2332 2839 2402 Augusti.
2876 2334 3037 2388 Anno
3066 2335 3205 2390 1658
3239 2336 3435 2390 effossa
3471 2338 3573 2390 luit

1991 2417 2094 2474 sub
2121 2419 2358 2475 statione
2380 2420 2633 2478 Cohortis
2660 2423 3033 2481 Helvetiorum
3060 2426 3327 2497 praetoriae
3353 2429 3405 2482 in
3430 2432 3572 2484 Area

1991 2505 2255 2565 Vaticana
2314 2510 2696 2580 hujuscemodi
2747 2526 2903 2570 vetus
2948 2516 3258 2587 inscriptio,
3309 2532 3469 2587 quam
3501 2518 3571 2571 ad

1989 2616 2193 2657 annum
2235 2603 2441 2660 Christi
2474 2605 2601 2675 405,
2658 2622 2803 2664 coss.
2850 2607 3164 2666 Theodosio
3198 2609 3417 2677 iuniore
3458 2613 3571 2681 pri-

1990 2710 2138 2749 mum
2174 2704 2230 2751 et
2255 2696 2603 2765 Rumoridio,
2644 2700 3051 2756 eruditissimus
3083 2700 3400 2757 Holstenins
3425 2713 3572 2757 retu-

1989 2786 2079 2840 lit:
2113 2785 2474 2853 Quintilianus
2520 2790 2672 2844 Itomo
2707 2791 2802 2845 Dei
2854 2794 3179 2861 conﬁrmans
3234 2793 3571 2860 Trinitatem,

1988 2895 2174 2935 amans
2207 2882 2540 2945 castitatem,
2580 2899 2828 2952 respuens
2862 2885 3117 2937 mundum
3141 2885 3424 2955 requiescet
3463 2901 3572 2939 una

1988 2975 2519 3044 cum.......quivia:it
2548 2991 2678 3029 ann.
2699 2975 2767 3029 P.
2788 2979 2865 3032 Μ.
2888 2975 3404 3033 X.......Tlteodosio
3430 2977 3567 3046 Aug.

1987 3073 2037 3117 et
2071 3064 2138 3119 Β.
2174 3065 2268 3120 ubi
2298 3066 2448 3121 vides
2476 3067 2743 3121 castitatis
2783 3083 3046 3133 amorem,
3078 3078 3135 3124 et
3163 3068 3352 3123 mundi
3383 3068 3569 3154 deSpi:

299 3140 643 3227 versabatur,
677 3157 940 3204 causatus
979 3152 1162 3207 saeculi
1197 3156 1518 3225 nequitiam,
1558 3175 1724 3230 quam
1759 3178 1881 3218 eor-

1986 3157 2266 3223 cientiam,
2297 3158 2411 3213 sive
2433 3158 2687 3230 ἄσκησιν,
2727 3168 2779 3214 et
2800 3161 3152 3231 ἐγκράτειαν.
3197 3161 3286 3216 Isti
3319 3140 3569 3216 homines

297 3214 420 3301 rigi,
480 3247 545 3287 ac
599 3236 874 3291 emendari
908 3238 1250 3311 desperabat,
1284 3261 1407 3301 cum
1445 3214 1744 3318 nonesset,
1792 3214 1951 3325 qui“
1991 3248 2260 3304 seu’servi
2301 3247 2395 3304 Dei
2416 3248 2774 3315 definiuntur,
2802 3249 2893 3319 qui
2919 3249 2988 3304 ad
3017 3249 3213 3305 faciem
3256 3251 3570 3305 ministrant

297 3322 503 3378 faceret
558 3326 762 3382 bonum
836 3346 1010 3401 usque
1054 3334 1120 3387 ad
1167 3352 1335 3391 unum
1419 3338 1459 3406 ⁸,
1506 3354 1560 3397 et
1629 3322 1886 3402 vanitatis

297 3411 512 3467 daemon
544 3423 718 3472 terras
755 3416 1008 3490 indagine
1049 3423 1312 3494 cingeret,
1351 3431 1720 3501 expansisque
1750 3436 1884 3490 reti-

298 3505 402 3559 bus
431 3514 657 3563 cunctos
683 3510 942 3567 mortales
965 3512 1332 3584 illaqueasset,
1357 3519 1429 3574 ita
1457 3530 1515 3575 ut
1541 3522 1593 3576 hi
1625 3525 1884 3594 expedire

296 3611 355 3650 se
407 3612 513 3651 non
571 3608 813 3667 possent,
869 3602 948 3656 uti
1026 3607 1425 3662 monachorum
1484 3613 1886 3683 antesignanus

295 3688 434 3741 alter
457 3697 681 3745 sanctus
712 3691 983 3749 Antonius
1011 3698 1286 3766 quondam
1335 3701 1564 3768 viderat,
1596 3720 1645 3759 c.
1684 3705 1748 3759 2i
1780 3707 1883 3762 Le-

292 3781 475 3851 gendtz
507 3781 700 3838 Claud.
734 3783 798 3839 de
825 3784 981 3839 Rata.
1028 3789 1294 3858 Agathius
1335 3807 1467 3863 ergo
1532 3794 1879 3854 Peristeriam

293 3876 717 3942 commendavit,
763 3887 818 3933 ct
867 3878 1009 3934 hanc
1064 3893 1227 3936 unam
1282 3888 1539 3955 opposuit
1566 3889 1714 3944 vitiis
1774 3890 1882 3946 late

295 3969 667 4025 crescentibus
713 3972 1131 4044 exemplumque
1169 3974 1358 4045 dedit;
1400 3987 1565 4048 atque
1617 3981 1756 4037 adeo
1788 3985 1873 4039 di-

297 4055 555 4121 laudavit,
594 4065 653 4111 ut
688 4066 850 4114 tantae
911 4063 1127 4120 virtutis
1157 4065 1519 4122 admiratione
1578 4075 1870 4140 perculsus

296 4146 449 4202 Nilus
476 4149 728 4205 alacriter
779 4161 1067 4210 tractatum
1111 4157 1273 4212 istum
1306 4159 1377 4215 sit
1421 4176 1671 4229 exorsus,
1715 4175 1879 4237 atque

297 4239 612 4308 perfecerit;
661 4242 804 4298 unde
847 4261 879 4300 a
920 4246 1233 4315 Peristcria,
1266 4267 1389 4318 quae
1439 4253 1566 4308 huic
1621 4261 1875 4323 tractatui

294 4348 516 4386 causam
549 4335 844 4402 praebuisse
873 4340 1105 4405 videtur,
1143 4342 1357 4398 titulum
1412 4360 1530 4400 sum
1565 4360 1872 4407 mutuatus.

295 4423 359 4477 Et
416 4425 585 4481 sectio
643 4426 885 4495 quidem,
946 4447 1109 4501 quam
1149 4441 1330 4488 statuo
1387 4435 1677 4506 decimam,
1733 4444 1873 4511 sapit

1989 3342 2240 3397 Domino.
2304 3339 2481 3398 llomo
2550 3342 2756 3398 Graecis
2833 3342 3227 3398 recentioribus
3280 3340 3568 3412 ἄνθρωπος

1987 3434 2152 3498 idem,
2184 3434 2279 3505 qui
2310 3449 2522 3490 servus.
2550 3434 2896 3490 Constantin.
2932 3432 3011 3488 De
3030 3434 3338 3488 administr.
3373 3433 3561 3502 imper.

1986 3525 2064 3581 La
2094 3526 2266 3583 Cerda
2303 3543 2352 3582 e.
2387 3527 2509 3581 146.
2542 3544 2596 3581 n.
2633 3527 2722 3582 12.
2767 3527 3054 3583 Adversar.
3087 3543 3229 3581 sacr.
3267 3528 3472 3596 passim
3509 3527 3562 3579 iu
3637 3583 3640 3586 ,

1986 3616 2141 3674 libris
2188 3618 2496 3674 feudorum.
2539 3617 2714 3675 llomo
2739 3628 2822 3676 est
2852 3620 3142 3683 vassallus,
3174 3626 3228 3675 et
3264 3618 3564 3673 hominium

1984 3710 2128 3776 inde,
2166 3711 2311 3780 quod
2338 3711 2460 3766 aliis
2511 3712 2825 3780 homagium
2872 3712 2941 3766 ab
3003 3710 3139 3781 ὠμῷ
3187 3711 3351 3782 ἁγίῳ,
3392 3711 3447 3765 id
3485 3718 3568 3764 est

1985 3811 2176 3858 sancto
2203 3801 2567 3872 jurejurando
2606 3802 2864 3856 trahitur.

2058 3891 2453 3961 Suprascriptze
2501 3891 2727 3947 decima;
2777 3891 3007 3946 sectioni
3056 3891 3276 3946 adtexui
3340 3891 3568 3947 undeci-

1981 4000 2150 4051 mam,
2187 3983 2275 4038 cui
2322 3983 2513 4038 titulus
2553 3991 2689 4048 erat,
2726 3984 2863 4054 Περὶ
2900 3982 2996 4035 τοῦ
3050 3983 3270 4054 Ἰωσὴφ,
3312 3984 3406 4036 καὶ
3467 3983 3569 4047 τῆς

1984 4075 2269 4137 Σωσάννας
2326 4074 2408 4127 ὅτι
2442 4073 2644 4144 μείζων
2681 4075 2710 4127 ὁ
2735 4073 2830 4127 τοῦ
2876 4072 3074 4142 Ἰωσὴφ
3108 4073 3260 4141 ἀγὼν
3292 4074 3391 4143 τῆς
3427 4075 3570 4126 κατὰ

1979 4167 2080 4237 τὴν
2115 4165 2390 4237 μακαρίαν
2436 4165 2741 4219 Σωσὰνναν.
2772 4164 2850 4218 De
2897 4163 3147 4234 Joseplto,
3178 4174 3336 4235 atque
3366 4163 3567 4220 Susan-

1981 4276 2070 4325 na,
2102 4269 2464 4329 certamenque
2512 4259 2677 4327 fuisse
2715 4258 2888 4328 majus
2919 4257 3138 4327 Iosephi
3189 4275 3248 4312 eo
3295 4259 3435 4327 quod
3466 4259 3565 4312 ad-

1981 4367 2155 4405 versus
2206 4350 2412 4404 beatam
2459 4347 2762 4405 Snsannam
2790 4361 3085 4418 susceptum
3123 4349 3245 4419 fuit.
3298 4348 3563 4403 Prteterca

1978 4441 2355 4497 duodecimam
2373 4440 2670 4497 sectionem
2693 4441 2914 4512 appinxi
2939 4459 2953 4495 :
2977 4440 3114 4511 Περὶ
3134 4440 3231 4512 τῆς
3250 4438 3565 4512 παραϐολῆς

269 4496 564 4604 ἰθρίἔοςιιιη
630 4518 852 4587 operis,
903 4521 1018 4576 sive
1085 4524 1537 4594 conclusionem;
1600 4534 1870 4588 convertit

1981 4532 2070 4585 τοῦ
2131 4532 2489 4603 ἀμπελῶνος,
2547 4533 2642 4588 καὶ
2848 4496 3228 4604 μισθωθέντιιλν
3290 4496 3560 4603 ἔργατῶθ,

269 4610 434 4684 ξριιὶηι
471 4624 592 4665 sese
618 4610 852 4681 scriptor
884 4613 952 4669 ad
1011 4616 1272 4684 amicum,
1301 4620 1592 4691 Agathium
1642 4627 1869 4681 scilicet.

297 4698 493 4754 Verum
530 4715 654 4754 cum
684 4701 737 4754 in
767 4700 1030 4758 Vaticano
1064 4707 1252 4762 codice
1284 4711 1605 4779 reperissem
1638 4715 1872 4784 inscrip-

292 4801 409 4845 tum
472 4792 688 4847 titulum
738 4792 814 4848 De
859 4802 1129 4850 beatorum
1212 4805 1633 4873 conversatione,
1714 4808 1875 4878 deque

289 4882 491 4936 diaboli
520 4884 1026 4955 malignitate,illam
1054 4906 1249 4945 nonam
1279 4894 1570 4948 sectionem
1600 4899 1777 4965 posui,
1796 4907 1872 4961 et,

291 4984 350 5030 ut
382 4977 437 5032 in
468 4979 647 5049 capite
673 4980 708 5033 ‘9.
738 4980 953 5051 ab'ipso
990 4983 1112 5038 Nilo
1144 4986 1318 5051 innui,
1351 4986 1695 5045 Peristeriam
1722 5007 1873 5047 cam-

288 5068 409 5122 detn
445 5069 703 5124 adnotavi
755 5085 918 5140 quam
969 5074 1136 5129 variis
1185 5075 1439 5132 aillictam
1489 5081 1771 5147 azrumuis,
1821 5091 1874 5136 et

287 5160 585 5215 exercitam
634 5164 1027 5219 tentalionihns
1092 5166 1353 5223 affirmat.
1402 5168 1480 5224 Ad
1529 5171 1675 5226 hunc
1727 5175 1872 5239 Aga-

289 5251 464 5305 thium
500 5252 753 5322 suspicor
784 5255 1042 5324 scriptam
1075 5274 1103 5311 a
1135 5256 1256 5314 Nilo
1291 5261 1576 5330 epistolam
1614 5263 1714 5317 152
1744 5264 1875 5318 Pos-

288 5344 582 5408 sinianam,
615 5345 1102 5419 ibiqucnuncupat
1146 5351 1383 5406 Allatius
1417 5355 1709 5424 Agathium
1759 5357 1874 5409 dia-

287 5449 513 5498 conum,
544 5434 693 5489 illam
737 5437 1024 5507 epistolam
1061 5441 1113 5493 in
1161 5441 1300 5496 duas
1346 5442 1593 5499 dividens
1630 5445 1724 5500 lib.
1787 5460 1869 5498 nr.

286 5525 446 5592 epist.
479 5526 585 5580 215
608 5536 661 5581 et
686 5527 811 5583 2l6.
843 5546 967 5598 quae
1020 5548 1301 5601 perperam
1358 5533 1410 5587 in
1467 5534 1657 5590 Grteco
1696 5535 1872 5590 lmlicc

290 5627 611 5696 numeratur
643 5634 740 5687 pro
760 5621 886 5686 216,
919 5638 1043 5676 cum
1078 5624 1148 5677 sit
1173 5622 1403 5692 trajecta
1438 5624 1553 5679 162.
1592 5627 1777 5696 ibique.
1809 5628 1872 5679 de

364 5803 377 5832 ¹
423 5803 562 5859 Pasti.
593 5821 707 5868 XIII,
746 5806 814 5871 5,
851 5805 991 5861 Paul.
1027 5824 1118 5871 tu,
1148 5807 1198 5864 εὶ.

1978 4620 2121 4675 κατὰ
2176 4621 2472 4692 διαφόρους
2537 4621 2723 4694 ὥρας,
2791 4622 2870 4677 De
2932 4621 3194 4692 parabola
3244 4622 3439 4686 vincte,
3513 4632 3561 4676 et

1978 4697 2212 4770 mercede
2273 4715 2547 4770 conductis
2618 4717 2872 4785 operariis
2929 4716 2999 4769 ad
3060 4717 3217 4772 Itoras
3282 4717 3562 4779 diversas;

1976 4809 2448 4879 subsequebantur
2502 4809 2702 4879 quippe
2791 4811 2912 4863 ista:
2986 4808 3108 4862 dua:
3153 4809 3563 4864 lucubrationes

1975 4906 2268 4952 tractatum
2313 4898 2638 4963 Peristeriar,
2700 4907 2753 4952 et
2805 4897 3135 4966 appendices
3210 4897 3557 4951 videbantur.

1976 4986 2291 5043 Tractatum
2340 4997 2511 5044 totum
2562 4989 2815 5058 insignivi
2858 4989 2962 5042 hoc
2995 4988 3151 5043 titulo
3178 4988 3364 5043 (ἕνεκα
3397 5004 3410 5039 :
3447 4987 3557 5041 Τοῦ

1972 5079 2122 5133 ὁσίου
2158 5081 2367 5151 [ἰατρὸς
2389 5081 2546 5152 ἡμῶν
2562 5081 2757 5134 Νείλου
2788 5079 2923 5150 πρὸς
2953 5078 3204 5148 Ἀγάοιον
3231 5080 3554 5148 μονάζοντα,

1977 5173 2082 5227 Sed
2142 5173 2293 5227 illum
2348 5175 2513 5229 latius
2569 5174 2801 5243 expandi
2844 5173 3068 5228 Latine:
3123 5171 3306 5227 Sancti
3371 5173 3556 5227 Patris

1975 5268 2141 5321 nostri
2229 5265 2346 5319 Nili
2448 5267 2518 5319 ad
2590 5266 2872 5336 Agat/tium
2968 5266 3315 5319 monasticam
3393 5268 3557 5319 vitam

1973 5368 2208 5427 agentem
2282 5358 2594 5422 Peristerin,
2668 5375 2758 5411 seu
2848 5356 3127 5410 Tractatus
3192 5359 3253 5411 de
3342 5360 3556 5413 virtuti-

1975 5451 2067 5503 bus
2097 5452 2417 5517 excolendis,
2450 5460 2497 5504 et
2536 5450 2681 5503 vitiis
2708 5449 2970 5518 fugiendis
2999 5449 3233 5518 exemplo
3256 5448 3555 5506 Peristerite

1932 5542 2285 5599 'clarissimw
2335 5560 2393 5596 ro
2439 5541 2632 5596 stcculo
2697 5543 2926 5613 ferinum.
2966 5542 3023 5596 In
3075 5544 3383 5609 sectiones,
3438 5547 3555 5602 sive

1974 5638 2232 5707 τμήματα
2260 5655 2329 5691 xu
2376 5634 2760 5690 divisiJ'rimn
2790 5636 3028 5691 continet
3080 5637 3253 5709 capita
3305 5655 3394 5693 sex
3452 5657 3550 5696 ceu
