4066 6146
462 255 594 325 1331
1384 267 1531 330 JOS.
1581 271 1847 333 MARL'E
1883 273 2240 334 SUARESII
2278 276 2775 338 DlSSERTATIO

3599 265 3747 331 i332

454 373 862 441 Praefationem,
901 375 1143 431 secunda
1195 378 1263 434 de
1311 385 1672 453 temperantia
1705 387 1819 443 sive
1872 388 2043 444 absti-
2074 394 2119 452 Α
2150 391 2313 448 nibus
2343 392 2637 463 egentibus
2694 388 3048 460 suppeditans
3100 384 3390 445 auxilium.
3429 397 3543 437 non
3569 398 3757 438 cessa-

452 466 663 530 nentia,
700 478 823 534 cap.
874 463 1148 535 quinque;
1200 469 1356 524 tertia
1404 473 1471 526 de
1525 488 1664 530 vana
1716 477 1921 546 gloria,
1956 492 2050 532 ca-

454 554 565 624 pita
615 553 748 620 tria;
782 564 976 623 quarta
1007 557 1074 611 de
1101 556 1357 624 lectione,
1385 572 1440 616 et
1477 566 1745 629 oratione,
1775 582 1895 637 cap.
1928 585 2051 638 scp-

460 644 791 711 temdecim;
832 646 1212 718 quinta,quod
1254 652 1452 709 animat
1499 658 1797 711 amantium
1827 659 2052 715 divitias

458 735 585 789 vitae
616 734 828 804 cupidas
856 752 1000 807 a-gre
1027 740 1153 794 hinc
1196 742 1529 799 divelluntur
1560 745 1614 800 in
1657 746 1791 817 hora
1819 749 2012 803 mortis
2036 787 2051 812 ,

458 842 579 896 cap.
618 828 755 893 tria;
791 839 965 895 sexta,
1002 832 1147 900 quod
1176 835 1375 890 merito
1397 837 1724 905 puniuntur,
1754 840 1846 908 qui
1880 837 2052 894 facul-

459 926 600 973 tates
628 920 938 989 promiscue
966 924 1384 996 quibuscunque
1413 929 1746 999 relinquunt,
1765 947 1886 1002 cap.
1913 932 2054 999 duo;

459 1014 689 1081 septima
723 1012 791 1067 de
814 1012 924 1076 bis,
956 1015 1049 1085 qui
1081 1015 1133 1069 in
1173 1026 1418 1088 tempore
1471 1021 1667 1076 mortis
1702 1023 1907 1076 nullam
1939 1037 2055 1077 suae

461 1103 654 1160 salutis
681 1118 870 1164 curam
920 1106 1144 1174 habent,
1178 1108 1273 1163 sed
1317 1118 1372 1165 et
1399 1119 1727 1167 testamenta
1758 1114 2059 1169 scribentes

458 1196 656 1265 jubere
708 1211 768 1254 se
806 1195 999 1253 dicunt
1053 1196 1121 1253 de
1151 1199 1237 1254 his
1286 1215 1523 1270 quorum
1573 1211 1897 1272 potestatem
1948 1220 2057 1259 non

463 1288 687 1356 habent,
730 1303 853 1359 cap.
890 1290 1181 1357 undecim;
1238 1301 1430 1347 octava
1466 1294 1534 1350 de
1563 1295 1890 1359 haeredibus,
1937 1312 2058 1367 cap.

463 1394 636 1434 unum
660 1397 676 1443 ;
703 1394 868 1445 nona,
890 1382 1203 1451 suggillatio
1230 1399 1448 1447 eorum,
1467 1386 1559 1455 qui
1588 1393 1906 1443 testamenta
1928 1389 2064 1442 scri-

462 1467 623 1530 bunt,
662 1483 782 1538 cap.
814 1467 1036 1534 decem;
1083 1469 1297 1526 decima
1351 1472 1423 1527 de
1458 1475 1745 1529 beatorum
1776 1491 2065 1532 conversa-

466 1560 505 1613 ti
533 1574 637 1627 :ne,
681 1575 803 1630 cap.
854 1569 1093 1632 septem;
1138 1562 1426 1618 undecima
1506 1580 1626 1635 cap.
1698 1565 1885 1637 viginti
1928 1566 2064 1631 tria;

468 1667 706 1722 quorum
742 1652 1027 1723 aliquibus
1058 1653 1200 1708 tituli
1233 1663 1365 1711 sunt
1392 1655 1672 1726 impositi;
1714 1654 2061 1721 duodecima,

470 1758 593 1813 cap.
628 1743 911 1798 tredecim.

538 1830 878 1903 Opusculum
905 1830 1012 1887 Nili
1042 1833 1215 1888 locavi
1245 1835 1497 1901 subinde,
1530 1835 1674 1905 quod
1709 1836 2064 1892 inscribitur:

468 1924 615 1997 Πρὸς
710 1925 809 1995 τὴν
872 1927 1428 1996 σεμνοπρεπεστάτην
1496 1928 1723 1997 Μάγναν
1801 1928 1900 1998 τὴν
1952 1928 2070 1984 διά-

470 2033 628 2071 κονον
674 2015 967 2088 Ἀγκύρας.
998 2017 1168 2087 Λόγος
1194 2019 1322 2088 περὶ
1360 2021 1766 2091 ἀκτημοπύνης.
1809 2021 1891 2074 Ad
1924 2037 2078 2076 rene-

474 2109 682 2164 ratione
729 2108 1096 2178 dignissimam
1164 2108 1419 2179 Magnam
1476 2111 1835 2165 diaconissam
1884 2112 2070 2181 Ancy-

474 2213 584 2264 rae,
631 2191 890 2257 tractatus
930 2198 992 2252 de
1039 2198 1340 2253 voluntaria
1383 2211 1728 2270 paupertate,
1777 2202 1892 2257 sive
1938 2201 2072 2256 nihil

476 2287 827 2357 possidendo.
862 2287 1199 2359 Principium
1227 2289 1419 2361 πρώην
1459 2290 1809 2361 μέν.ιΝτερει’
1838 2292 2071 2361 quidem.

473 2379 726 2452 Magnam
759 2383 949 2436 vocavi
979 2395 1085 2435 non
1120 2381 1474 2452 Magnesiam,
1513 2392 1739 2439 secutus
1769 2382 2067 2439 Vaticanos

477 2473 697 2528 codices
719 2472 826 2528 653
851 2483 905 2528 et
935 2474 1095 2539 14⁸54,
1116 2483 1170 2528 et
1198 2473 1517 2529 Heracliden
1535 2474 1696 2546 605
1723 2476 1779 2529 in
1806 2474 2073 2530 Paradiso

477 2581 530 2620 c.
561 2565 651 2629 55,
686 2581 782 2621 seu
815 2565 1118 2619 Palladium
1148 2566 1201 2619 in
1235 2565 1439 2621 Hister.
1465 2567 1733 2623 Luusiaca
1754 2583 1805 2623 c.
1834 2569 1958 2634 151,
1982 2568 2074 2637 qui

481 2656 732 2727 Magnam
766 2665 1008 2722 vocant;
1059 2667 1114 2711 et
1142 2656 1418 2713 Palladius
1456 2658 1677 2727 quidem
1737 2658 1836 2714 lib.
1867 2674 1962 2713 vnt
2000 2659 2076 2712 De

480 2750 577 2801 vit.
610 2745 856 2812 Patrum,
887 2746 1091 2802 relatus
1121 2762 1173 2817 p.
1205 2750 1328 2814 776,
1356 2749 1436 2802 sic
1464 2749 1658 2803 habet:
1702 2768 1721 2800 ι
1753 2748 1809 2802 In
1851 2749 2072 2804 civitate

482 2841 697 2909 Ancyra
731 2837 952 2909 (estea
993 2839 1309 2910 metropolis
1351 2840 1580 2895 Galatiae
1611 2842 1665 2895 in
1700 2840 1829 2896 Asia
1868 2840 2078 2897 Minore

482 2929 842 2987 celeberrima
876 2931 1085 3002 synodo
1132 2931 1267 2989 inibi
1305 2932 1489 2987 habita
1548 2948 1691 2988 anno
1736 2933 1799 2988 C.
1840 2931 1905 2985 N.
1948 2933 2075 2997 514,

2155 482 2248 538 bat
2282 482 2533 538 hilariter
2572 480 2874 552 dispartiri,
2925 490 2981 535 et
3029 477 3245 549 operari
3275 475 3531 543 pietatem
3564 473 3754 529 laten-

2155 582 2259 637 ter,
2317 581 2374 627 et
2426 586 2521 642 per
2574 586 2656 636 se,
2713 578 2769 626 et
2824 584 2922 639 per
2979 582 3170 624 servos
3222 565 3577 620 ﬁdelissimos
3616 581 3632 619 :
3682 562 3756 618 ab

2159 663 2394 720 ecclesia
2425 678 2534 718 non
2565 661 2848 728 recedens,
2879 669 3046 717 noctu
3087 659 3348 723 maxime,
3384 657 3441 712 in
3491 657 3756 713 omnibus

2157 769 2422 811 exercens
2448 768 2510 809 se
2530 762 2752 824 pr0ptcr
2772 766 2924 821 spem
2954 750 3097 821 ejus,
3120 764 3246 819 quas
3275 763 3403 803 vere
3430 757 3535 814 est,
3568 748 3749 801 vitae.-

2158 843 2227 898 Et
2280 844 2471 901 eadem
2519 841 2836 899 Heraclides
2881 842 3065 896 verbis
3090 840 3371 910 paululum
3420 838 3749 904 immutatis,

2161 952 2269 992 non
2332 952 2496 993 sensu
2537 953 2553 991 :
2609 935 2819 1006 Magnae
2867 949 3066 989 nomen
3132 931 3397 987 Romanis
3457 939 3667 992 notum,
3698 938 3752 984 et

2163 1031 2484 1091 usurpatum
2535 1018 2659 1084 luit,
2691 1028 2747 1073 et
2781 1017 2997 1087 Magnis
3040 1015 3242 1072 Urbica
3297 1014 3559 1069 Maxentii
3604 1015 3747 1083 Aug.

2164 1129 2326 1177 uxor,
2365 1112 2509 1182 apud
2539 1109 2932 1182 Spanbemium
2977 1109 3033 1163 in
3073 1106 3355 1174 Nummis;
3386 1114 3438 1161 et
3476 1106 3533 1159 in
3560 1104 3753 1160 inscri-

2163 1208 2352 1277 ptione
2382 1205 2650 1269 Romana,
2680 1202 2735 1256 in
2756 1202 2882 1256 villa
2913 1198 3129 1254 Felicia
3166 1196 3548 1252 Pallavicinze:
3570 1195 3637 1249 υ.
3671 1193 3749 1248 ΙΙ.

2167 1297 2388 1367 Μαςηία
2419 1297 2592 1367 Tyche
2626 1294 2747 1365 fecit
2777 1292 2880 1348 sibi
2906 1301 2953 1346 et
2980 1290 3124 1345 karis
3153 1290 3263 1343 suis
3285 1287 3347 1341 Τ.
3375 1286 3595 1357 Magnio
3615 1291 3756 1354 Any-

2166 1400 2278 1446 ceto
2299 1401 2350 1446 et
2374 1388 2435 1443 Τ.
2467 1387 2684 1457 Magnio
2707 1381 2985 1454 Eutychio,
3007 1393 3057 1437 et
3082 1381 3151 1447 ρ.
3178 1379 3338 1433 Tillio
3361 1376 3648 1448 Figuliano
3669 1381 3756 1430 be—

2168 1478 2569 1540 nemerentibus,
2600 1485 2651 1531 et
2679 1474 2929 1537 Libertis,
2963 1468 3398 1539 Libertabttsque,
3430 1468 3756 1538 posterisque

2166 1584 2347 1624 eorum
2387 1566 2462 1621 ll.
2489 1563 2569 1619 ll.
2595 1563 2663 1618 D.
2702 1561 2783 1619 Η.
2833 1561 2900 1615 Α.
2938 1560 3016 1629 (id
3050 1568 3156 1615 est.
3195 1576 3208 1613 :
3248 1555 3388 1611 Huic
3421 1563 3757 1609 monumento

2170 1661 2321 1716 dolus
2353 1659 2524 1713 malus
2576 1654 2802 1726 abesto.)
2848 1652 2984 1709 Item
3028 1656 3086 1708 T.
3116 1650 3345 1706 Claudio
3376 1647 3677 1711 Honorato,
3706 1655 3755 1700 et

2093 1724 2141 1785 Β
2172 1755 2414 1810 Claudiae
2431 1750 2709 1806 Marcella:
2737 1724 2922 1802 amicis
2950 1743 3276 1816 ﬁdelissimis
3291 1758 3417 1796 uasa
3439 1739 3759 1794 obrendaria

2170 1848 2301 1910 dua,
2335 1846 2459 1898 item
2489 1842 2713 1898 alicaria
2743 1842 2850 1894 tria
2878 1837 3265 1893 introeuntibus
3285 1844 3435 1905 parte
3461 1834 3754 1888 dextera...

2170 1938 2416 2006 orefecit,
2468 1944 2517 1989 et
2578 1932 2811 1987 donavit.
2877 1927 3208 1984 Obrendaria
3272 1926 3503 1991 corbes,
3559 1923 3758 1995 quibus

2173 2027 2445 2085 vindemia
2485 2025 2749 2088 defertur,
2801 2023 2943 2092 apud
2977 2019 3314 2075 Lombardos
3340 2018 3447 2073 dici
3476 2018 3679 2079 solent,
3704 2026 3760 2068 et

2171 2122 2315 2178 dolia
2349 2119 2578 2184 vinaria,
2610 2132 2705 2173 seu
2737 2131 2910 2186 cupze.
2940 2114 3303 2169 Nominantur
3332 2111 3387 2165 in
3412 2109 3758 2165 Gruterianis

2175 2211 2630 2283 inscriptionibus
2672 2206 2871 2277 Magna
2938 2203 3147 2268 Ironia,
3199 2202 3449 2273 Magneia
3492 2199 3761 2271 jucunda,

2172 2305 2469 2376 Magnesia,
2501 2301 2719 2372 Magnia
2756 2298 2818 2353 Τ.
2855 2298 2920 2352 L.
2944 2298 3137 2365 Met/te,
3177 2294 3510 2361 Maximiola,
3568 2292 3762 2357 Stalis,

2174 2406 2230 2454 et
2268 2395 2326 2450 S.
2359 2392 2629 2464 Magnilus
2662 2392 2746 2445 bis
2802 2400 2992 2459 terque
3023 2397 3487 2443 commemoratur
3535 2385 3589 2438 in
3622 2383 3765 2439 Ma:-

2178 2488 2447 2562 terIOgio
2495 2485 2718 2539 Lucano
2764 2482 2834 2536 ab
2861 2480 3313 2551 eloquentissimo
3352 2488 3407 2533 et
3441 2476 3763 2532 doctissimo

2175 2579 2536 2636 Florentinio.
2582 2576 2623 2630 A
2688 2572 2885 2644 Magna
2942 2570 3126 2626 vocari
3187 2570 3364 2640 potuit
3424 2566 3665 2637 Magnia,
3712 2573 3767 2619 et

2181 2670 2448 2740 Magnisia
2484 2677 2537 2722 et
2570 2663 2906 2735 Magnisill'a,
2948 2677 3043 2717 seu
3073 2660 3344 2731 Magnesia
3374 2668 3428 2714 et
3455 2656 3764 2726 Magnesilla

2179 2759 2636 2834 ὑποκοριστικῶς.
2663 2758 2724 2810 Οἱ
2756 2754 2865 2826 γὰρ
2894 2752 3130 2825 ἐρῶντες
3169 2750 3395 2805 εἰώθασι
3433 2749 3600 2820 606
3636 2749 3763 2808 τοὺς

2177 2855 2492 2928 ἐρωμένους
2512 2847 2791 2931 ὲρῳτικῶς
2809 2846 2876 2900 δι’
2901 2843 3292 2914 ὑποκορισμῶν
3309 2842 3519 2904 καλεῖν,
3544 2856 3575 2894 e
3596 2839 3767 2893 Suida

2179 2950 2233 3002 in
2267 2929 2603 3019 εὐριπίδιονο
2638 2942 2711 2995 ita
2750 2939 3020 2993 Romulus
3073 2945 3126 2990 et
3152 2933 3491 3005 Augustulus
3539 2929 3763 3019 delicia-

484 3023 601 3079 sive
662 3029 722 3078 ut
776 3024 1114 3095 ltosweydus
1179 3025 1253 3080 ibi
1289 3025 1509 3080 adnutat
1549 3041 1581 3080 e
1637 3042 1789 3093 ms.,~
1826 3025 2075 3083 Caesarea

2181 3053 2302 3092 rum
2331 3016 2496 3089 causa
2529 3040 2583 3086 et
2634 3028 3046 3091 blanditiarum,
3085 3025 3138 3078 in
3185 3023 3386 3092 quibus
3430 3016 3765 3075 diminutivis

483 3113 844 3185 Cappadociae
890 3130 944 3185 p.
994 3115 1134 3185 792)
1191 3126 1321 3172 sunt
1391 3116 1575 3170 multa:
1644 3116 1864 3186 quidem
1954 3117 2075 3173 alia:

484 3206 724 3276 virgines
751 3247 765 3272 ,
817 3222 1013 3277 nempe
1044 3208 1112 3262 ad
1143 3208 1329 3263 decem
1371 3208 1538 3262 millia
1577 3208 1722 3280 (duo
1757 3209 1926 3263 millia
1973 3209 2076 3264 He-

487 3298 676 3353 raclidi
724 3307 779 3354 et
828 3300 1094 3371 amplius)
1134 3316 1259 3371 qua:
1305 3311 1653 3366 exercentur,
1704 3311 1756 3355 ct
1806 3302 1861 3356 in
1925 3301 2076 3356 omni

486 3391 706 3446 virtutis
739 3391 1088 3447 institutione
1118 3394 1370 3455 militant,
1427 3408 1732 3462 omnesque
1765 3403 2078 3463 temperan—

492 3486 583 3538 tiae
613 3482 825 3552 legibus
886 3485 1046 3539 clara:
1077 3494 1131 3540 et
1166 3485 1408 3556 insignes
1459 3484 1695 3550 feminea,
1727 3493 1781 3538 ct
1832 3485 2076 3539 divinum

491 3585 768 3635 certamen
805 3575 988 3631 studio
1041 3592 1241 3649 magno
1302 3587 1688 3647 exsequentes,
1746 3579 1886 3632 inter
1940 3592 2081 3648 quas

493 3667 859 3738 principatum
888 3669 1097 3724 obtinet
1128 3671 1181 3723 in
1218 3670 1419 3740 pietate
1454 3669 1651 3738 Magna
1686 3669 2079 3725 honestissima

496 3757 698 3813 femina
752 3767 808 3813 et
865 3761 1218 3830 probissima,
1252 3776 1415 3828 quam
1446 3761 1632 3817 nescio
1673 3763 1802 3831 quid
1844 3763 1946 3818 sim
1981 3778 2082 3817 no-

496 3847 828 3912 minaturus,
881 3848 1171 3918 virginem,
1204 3866 1271 3903 an
1305 3850 1525 3905 viduam
1554 3850 1577 3903 ?
1609 3866 1639 3905 a
1678 3859 1854 3905 matre
1883 3851 2083 3922 quippe

408 3947 414 3952 '
498 3955 592 4007 per
626 3939 735 3992 vim
763 3939 881 3992 viro
924 3939 1237 4010 conjuncta,
1285 3957 1409 3995 eum
1460 3951 1641 3996 tamen
1682 3941 1870 3996 fefellit
1917 3942 2084 3998 variis

498 4032 751 4085 inescans
780 4030 1156 4098 dilationibus,
1172 4043 1225 4086 et
1247 4033 1493 4102 corporis
1517 4035 1737 4089 morbos
1760 4043 2081 4103 praetexens,

499 4136 528 4173 a
576 4120 949 4190 corruptionis
981 4121 1112 4176 vitio
1151 4122 1361 4191 integra
1416 4132 1468 4179 et
1529 4124 1732 4177 intacta
1763 4124 2085 4192 permansit,

500 4224 561 4271 ut
586 4216 779 4274 dicunt
821 4216 941 4286 ejus
976 4217 1310 4283 necessarii;
1359 4231 1596 4286 cumque
1629 4218 1790 4285 paulo
1823 4225 1946 4286 post
1990 4217 2086 4270 dc-

498 4309 758 4365 ccssisset
803 4310 925 4378 ejus
979 4310 1230 4375 maritus,
1289 4310 1533 4364 omnium
1585 4310 1747 4364 simul
1802 4309 1943 4363 facta
2004 4320 2088 4365 est

499 4403 671 4456 haeres
703 4401 885 4460 unica,
972 4411 1026 4454 et
1052 4401 1443 4469 temporalibus
1472 4409 1818 4455 commutans
1865 4411 2089 4468 materna,

501 4492 613 4548 Deo
643 4503 808 4549 totam
859 4495 1095 4562 seipsam
1146 4492 1365 4558 obtulit,
1402 4506 1616 4546 summe
1669 4506 1855 4551 curam
1890 4508 2088 4563 gerens

499 4586 628 4639 vitae
683 4599 805 4654 quae
835 4600 1049 4653 semper
1079 4591 1282 4648 manet,
1317 4584 1434 4638 suis
1462 4582 1680 4641 famulis
1704 4583 2090 4638 honestissime

502 4672 801 4741 imperans,
854 4672 1056 4741 degens
1090 4669 1538 4737 laboriosissime,
1580 4679 1633 4724 et
1667 4684 1830 4740 agens
1876 4671 2089 4740 plenam

503 4763 918 4831 temperantiam
970 4763 1385 4824 monachorum.
1436 4762 1488 4820 in
1539 4777 1832 4833 cotigrcssu
1867 4772 1972 4816 tam
2005 4777 2092 4817 sc-

505 4867 655 4918 vera,
700 4863 760 4909 ut
810 4854 987 4922 ipsum
1022 4854 1141 4925 ejus
1199 4865 1478 4924 aspectum
1526 4863 1903 4909 revererentur
1927 4853 2090 4908 etiam

505 4945 951 5002 excellentissimi
981 4946 1225 5017 episcopi
1258 4955 1479 5016 propter
1507 4947 1776 5016 insignem
1814 4946 2091 5014 pietatem,

507 5054 572 5094 ac
601 5038 937 5109 religionem.
980 5042 1157 5111 Atque
1201 5042 1319 5115 ipsa
1349 5040 1566 5110 quidem
1628 5054 2091 5108 supervacaneam

507 5138 562 5187 et
588 5132 811 5185 nimiam
831 5146 995 5203 opum
1018 5137 1302 5194 materiam
1328 5132 1664 5204 paupertatis
1689 5134 1811 5201 igne
1841 5144 2096 5184 consum-

514 5223 657 5291 psit;
696 5239 818 5294 qua:
864 5235 1045 5282 autem
1083 5236 1410 5296 supererant
1456 5243 1518 5280 ca
1537 5223 1820 5279 constituit
1864 5223 1929 5277 ad
1967 5223 2097 5277 sub-

516 5316 968 5371 ministrationem
1023 5320 1393 5382 monasteriis,
1450 5317 1720 5381 ecclesiis,
1768 5314 2098 5383 pauperibus

517 5410 948 5476 tt'atlseultlilIUS,
987 5410 1280 5482 episcopis,
1327 5410 1610 5480 orphanis,
1661 5407 1863 5473 viduis,
1899 5416 1953 5462 et
1983 5424 2101 5463 om-

2182 3125 2411 3181 Bomani
2444 3122 2702 3191 majestas
2738 3118 2950 3188 imperii
2982 3116 3084 3173 fuit
3115 3115 3383 3171 diminuta
3415 3112 3502 3186 (‘).
3533 3111 3610 3166 De
3645 3111 3764 3165 dia—

2179 3218 2412 3275 conissis
2450 3214 2572 3270 fuse
2621 3212 2673 3266 in
2703 3211 2797 3266 lib.
2848 3208 3289 3278 chicograpbo,
3336 3205 3512 3275 deque
3576 3218 3765 3271 σεμνο-

2179 3305 2565 3380 πρεπεστάτης
2626 3302 2889 3373 cpitbeto.
2953 3298 3240 3353 Tractatus
3290 3297 3394 3351 iste
3452 3301 3767 3349 numeratur

2182 3399 2455 3456 secundus
2494 3397 2550 3450 in
2595 3393 2787 3449 codice
2816 3389 3082 3446 Vaticano
3110 3388 3272 3452 1454.
3308 3386 3451 3441 unde
3503 3382 3766 3451 subsequi

2181 3506 2304 3546 eum
2338 3487 2611 3544 decuisset
2650 3493 2942 3538 tractatum
2977 3480 3052 3535 De
3074 3479 3379 3534 monastica
3414 3476 3765 3531 exercitatio-

2183 3600 2272 3647 ne,
2323 3589 2383 3635 ut
2438 3578 2614 3648 prima
2664 3575 2828 3629 verba
2861 3572 3104 3628 indicant
3150 3570 3336 3625 etiam.
3376 3567 3443 3642 At
3492 3569 3545 3621 in
3584 3565 3768 3621 codice

2183 3671 2485 3726 Barberino
2524 3683 2630 3722 ms.
2688 3678 3067 3735 compererant
3122 3669 3247 3730 post
3276 3659 3448 3725 illum,
3483 3666 3767 3712 tractatum

2183 3763 2251 3819 de
2282 3760 2577 3818 virtutibus
2628 3765 2682 3812 et
2725 3756 2872 3810 vitiis
2904 3757 3172 3809 directum
3207 3753 3274 3806 ad
3314 3750 3607 3821 Agathium
3628 3790 3643 3814 ,
3674 3763 3765 3803 seu

2181 3852 2559 3916 Peristeriam,
2592 3848 2828 3919 ideoque
2864 3846 3092 3912 inserui,
3141 3844 3331 3914 religio
3363 3856 3602 3913 namque
3637 3839 3765 3892 mihi

2184 3949 2289 4005 fuit
2339 3948 2586 4002 ordinem
2644 3941 2958 4012 scriptionis
2994 3940 3048 3995 in
3093 3939 3333 3994 editione
3366 3952 3476 3991 non
3531 3948 3766 3991 servare.

2198 4037 2611 4111 Ἀκτημοσύνην
2645 4035 2942 4107 potuissem
2979 4041 3187 4087 vertere
3215 4046 3339 4086 cum
3371 4028 3642 4083 Cassiano
3674 4040 3772 4078 nu-

2186 4135 2408 4189 ditatem
2433 4145 2635 4194 rerum,
2670 4128 2752 4183 vel
2780 4126 3066 4182 enuntiare
3096 4124 3288 4178 Latino
3317 4121 3588 4177 vocalmlo
3614 4120 3768 4171 Acte-

2191 4237 2500 4289 mosvnem,
2518 4220 2611 4275 sed
2628 4216 2965 4289 expressisse
2988 4214 3312 4269 concinnius
3329 4211 3630 4266 arbitratus
3652 4222 3769 4263 sum

2194 4315 2561 4372 voluntariam
2591 4317 2993 4383 paupertatem,
3027 4323 3126 4363 seu
3160 4306 3295 4360 nihil
3328 4304 3632 4375 possidere.

2125 4408 2169 4465 D
2265 4407 2480 4477 Excipit
2507 4411 2799 4459 tractatum
2830 4401 2975 4454 hunc
2998 4399 3065 4454 de
3089 4406 3406 4468 paupertate
3448 4392 3667 4455 'HOtzb;
3692 4391 3776 4443 3.6-

2195 4519 2313 4572 γος,
2363 4499 2457 4553 καὶ
2500 4492 2836 4563 πολυμερὴς,
2872 4493 2931 4543 ἐν
2993 4481 3340 4557 ᾦνουθεσίαι
3387 4481 3773 4553 πνευματικαὶ,

2199 4596 2250 4651 id
2281 4604 2364 4650 cst
2398 4593 2682 4647 Tractatus
2708 4583 2948 4650 moralis,
2977 4591 3028 4637 et
3072 4580 3425 4649 multifarius,
3454 4579 3510 4632 in
3541 4594 3645 4647 quo
3676 4575 3777 4643 spi-

2200 4684 2420 4740 rituales
2439 4692 2562 4736 sunt
2583 4679 3009 4739 admonitiones;
3041 4680 3095 4725 et
3121 4668 3391 4739 capitibus
3417 4674 3659 4735 quatuor
3680 4662 3775 4715 ab.

2200 4778 2451 4831 solvitur.
2496 4773 2830 4842 Principium
2889 4774 2973 4821 est
3018 4759 3353 4832 πολυμερὴς,
3386 4757 3481 4811 καὶ
3520 4753 3779 4823 πολύτρο-

2202 4886 2302 4931 πος
2336 4867 2648 4937 πρόκειται.
2688 4865 2802 4918 lloc
2831 4858 3159 4932 opusculum
3189 4863 3275 4911 cst
3322 4850 3481 4923 quasi
3511 4848 3708 4904 concio
3728 4852 3779 4898 et

2202 4959 2525 5016 admonitio.

2275 5054 2450 5107 Erunt
2487 5048 2581 5120 qui
2623 5056 2815 5118 putent
2856 5060 2940 5100 me
2996 5052 3176 5099 actum
3232 5039 3432 5107 egisse,
3462 5034 3589 5105 quia
3633 5032 3778 5085 Ἐπι-

2204 5145 2403 5215 κτήτου
2434 5140 2772 5212 ἐγχειρίδιον,
2804 5154 2898 5193 seu
2947 5133 3249 5190 Manualem
3309 5132 3503 5184 librum
3537 5122 3773 5215 Epicteti,

2199 5231 2355 5303 quasi
2385 5230 2644 5284 cramben
2675 5234 2948 5281 recoctam
2982 5221 3191 5277 intcxui
3224 5218 3325 5272 Nili
3355 5214 3657 5287 opusculis,
3680 5224 3777 5303 nec

2201 5298 2393 5395 ignoro
2450 5319 2749 5390 abjndicari
2800 5315 2921 5370 Nilo
2967 5315 3125 5369 istaut
3163 5310 3639 5369 lncubrationem;
3689 5298 3774 5403 sed

2200 5417 2291 5487 qui
2325 5413 2725 5486 praecipitanter
2766 5409 2935 5464 tulere
2966 5406 3290 5463 sententiam
3340 5402 3523 5464 istam,
3569 5411 3636 5451 ne
3660 5402 3775 5463 qut-

688 5630 821 5716 }ficlc
871 5635 905 5685 ι.
948 5638 979 5687 3
1012 5637 1069 5689 (Ζ.
1129 5637 1337 5690 Πρωὶ.
1369 5637 1437 5689 De
1464 5638 1556 5703 [Η.
1592 5647 1638 5689 et
1672 5636 1785 5704 jttr.
1821 5635 1954 5687 12.15:.
1999 5647 2043 5688 ct

2209 5640 2377 5716 Epist.
2443 5636 2901 5709 Sytmnadt..lib.
2967 5650 3032 5698 v,
3087 5630 3162 5684 Ile
3228 5627 3489 5697 Magnit‘lo
3579 5617 3774 5676 Vicetto

525 5699 611 5777 (ψ
629 5700 739 5749 ἕνα».
