4066 6146
367 332 506 400 1333

1581 329 1679 394 DE
1716 330 2103 394 OPERIBUS
2135 332 2194 393 S.
2236 328 2423 394 NILI.

3475 323 3490 385 i
3505 326 3619 388 33.1

362 446 486 500 dein
512 458 578 497 ex
615 442 894 498 breviculo
939 440 1242 510 recitatum,
1276 443 1323 499 si
1353 443 1719 515 dispexissent
1763 457 1933 502 atten-
1969 452 2015 509 Α
2044 446 2210 515 cium,
2241 454 2338 501 aut
2362 445 2536 517 Pugio
2570 456 2637 498 ex
2676 440 2783 509 his,
2820 456 2940 512 qua:
2984 440 3275 511 reliquerat
3307 439 3622 505 Epictetus.-

367 536 474 590 tius
512 533 646 588 illud
676 549 816 605 opus
853 550 883 589 a
928 535 1053 590 Nilo
1094 530 1398 601 οοηοὶειιηι,
1453 544 1508 592 et
1555 537 1937 608 interpolatum

365 636 476 680 tam
526 636 798 692 accurate,
845 625 1003 682 sicuti
1041 627 1375 698 praescripsi,
1431 627 1555 684 Nilo
1586 630 1774 702 utique
1813 630 1941 701 iure

367 717 758 773 vindicassent.
787 714 923 772 Nam
949 733 1076 773 cum
1103 716 1334 789 Epicteti
1353 720 1488 776 liber
1509 720 1671 778 {usus
1699 732 1866 789 esset,
1885 733 1941 779 et

365 806 625 877 copiosus
690 808 1038 878 uberiorque,
1091 810 1169 864 uti
1202 820 1534 883 compertum
1569 814 1773 870 habent
1816 818 1940 887 qui-

367 914 587 969 cunque
614 897 970 953 illustrissimi
1026 899 1439 974 doctissimique
1491 903 1754 975 Stephani
1806 908 1939 963 Gra-

367 989 444 1044 dii
475 988 718 1045 codicem
747 996 1030 1045 exaratum
1061 991 1296 1057 calamo,
1324 1002 1379 1049 et
1405 995 1815 1067 perantiquum,
1847 1014 1943 1069 op-

367 1082 514 1136 timaa
565 1078 647 1150 (si
688 1079 815 1148 quis
861 1078 1000 1136 alius
1025 1081 1145 1151 est)
1195 1092 1356 1151 notae,
1405 1093 1459 1140 et
1509 1100 1703 1142 aurum
1754 1097 1943 1144 contra

367 1170 748 1227 intimandum
806 1170 1215 1241 pervolverunt,
1272 1184 1328 1231 et
1384 1190 1511 1231 cum
1576 1178 1735 1234 editis
1789 1180 1945 1236 libris

366 1272 761 1329 compararunt
795 1276 810 1313 :
841 1262 996 1316 illum
1063 1261 1293 1333 Epicteti
1340 1263 1761 1323 Commentariis
1830 1270 1947 1325 suis

370 1352 663 1407 illustravit
696 1352 864 1407 fetum
893 1351 1158 1410 Arrianus
1184 1354 1405 1411 Adriani
1457 1357 1685 1428 Augusti
1715 1360 1807 1430 qui
1832 1375 1948 1416 :evo

370 1444 569 1500 ﬂorens
596 1443 915 1512 παράπλους
940 1446 1291 1516 conscripsit,
1330 1457 1382 1504 et
1429 1448 1726 1505 Alexandri
1769 1451 1946 1523 Magni

375 1534 587 1602 Vitam;
644 1550 822 1607 neque
857 1549 989 1592 vero
1031 1536 1333 1594 libellqum
1390 1539 1567 1606 illum,
1610 1543 1703 1611 qui
1742 1547 1945 1613 passim

374 1626 625 1681 manibus
674 1627 919 1682 omnium
966 1629 1175 1694 teritur,
1235 1631 1391 1701 quasi
1423 1647 1566 1687 vera!
1608 1632 1803 1690 Stoica:
1830 1636 1950 1705 phi-

2041 548 2096 593 et
2170 537 2435 607 ampliora
2517 550 2581 591 ea
2668 532 2839 588 fuisse
2910 526 3310 587 convincuntur
3378 542 3491 587 tum
3579 551 3626 590 θ’

2041 627 2228 684 codice
2266 625 2658 697 suprascripto,
2693 633 2810 679 tum
2833 639 2865 679 e
2911 621 3333 679 Commentariis
3359 624 3608 692 Arriani,

2042 727 2098 775 et
2122 719 2291 789 liquet
2319 731 2387 772 ex
2423 716 2485 770 Δ.
2516 714 2708 779 Gellio,
2753 720 2807 769 et
2837 706 3046 767 Joanne
3085 708 3464 779 Stobaeo;‘nec
3511 729 3611 767 ex-

2040 819 2148 866 stat
2198 811 2251 864 in
2283 794 2596 864 Enehiridio
2624 805 3032 861 celeberrimum
3056 802 3276 859 eﬁmtm
3313 802 3466 872 illud,
3502 821 3612 875 quo

2044 911 2154 957 tota
2229 900 2350 971 ejus
2426 897 2770 971 philosophia
2851 896 3183 960 continetur,
3241 893 3436 967 ἀνέχου
3519 896 3613 948 καὶ

2044 993 2274 1064 ἀπέχου.
2340 990 2541 1045 Verum
2569 991 2832 1044 hactenus
2854 986 3210 1042 desideratur.
3242 985 3396 1040 Nilus
3430 993 3618 1039 autem

2044 1084 2366 1140 Ethnicismi
2422 1098 2607 1138 naevos
2664 1090 2719 1137 et
2762 1079 3006 1135 maculas
3062 1078 3301 1141 sustulit,
3356 1079 3619 1148 pleraque

2045 1179 2364 1241 resecando,
2399 1184 2563 1246 atque
2617 1173 2897 1238 mutando,
2953 1171 3112 1242 plane
3163 1179 3356 1241 aptans
3386 1183 3614 1240 opuscu-

2045 1272 2156 1326 lum
2187 1266 2520 1335 Christiano,
2549 1268 2682 1339 quin
2731 1274 2784 1321 et
2826 1266 3095 1329 monacho
3148 1262 3610 1326 accommodavit;

2045 1356 2401 1430 qum'turpia,
2447 1372 2569 1428 qua:
2591 1351 2992 1426 superstitiosa,
3027 1353 3111 1408 vel
3142 1351 3501 1407 idololatriam
3525 1367 3613 1406 sa-

2044 1450 2265 1520 piebant
2307 1449 2522 1514 delevit,
2564 1449 2674 1503 imo
2730 1455 2784 1501 et
2826 1445 3066 1500 Socratis
3121 1459 3314 1499 nomen
3361 1443 3612 1506 sustulit;

2046 1538 2313 1609 Paulique
2358 1539 2645 1610 supposuit
2703 1536 2966 1609 Apostob,
3004 1544 3167 1607 atque
3197 1534 3421 1590 omnino
3455 1550 3613 1589 suum

2047 1630 2246 1686 effecit.
2296 1628 2483 1700 Itaque
2523 1629 2664 1684 sicut
2691 1628 2823 1683 illud
2853 1630 2992 1683 inter
3042 1626 3306 1696 opuscula
3330 1621 3434 1677 Nili
3459 1623 3618 1678 adin-

375 1716 638 1787 losophize
694 1732 896 1774 succus
956 1733 1268 1788 expressus,
1325 1728 1492 1791 utque
1542 1723 1815 1781 alchimiei
1868 1727 1949 1781 lo-
1983 1788 2005 1791 Α
2049 1736 2328 1785 veneram,
2368 1722 2449 1777 sic
2494 1720 2779 1790 dercliqui.
2809 1719 3186 1787 rationemque
3242 1716 3466 1771 reddam
3524 1730 3615 1767 (to-

372 1802 635 1876 qu'untur,
686 1807 873 1875 Elixir,
924 1810 1189 1880 cujusque
1237 1788 1590 1883 principium,
1636 1815 1744 1869 τῶν
1778 1815 1948 1871 ὄντων
1982 1788 2023 1843 Β
2052 1814 2259 1885 piosius
2301 1813 2355 1868 in
2397 1788 2873 1877 Adnotationlbus,
2907 1810 2997 1864 ubi
3031 1809 3097 1864 de
3129 1798 3346 1862 amante
3373 1805 3617 1859 Platonis

374 1898 441 1952 τὰ
472 1898 573 1969 μέν
623 1900 773 1953 ἐστιν
808 1901 895 1969 ἐφ’
949 1903 1112 1972 ἡμῖν,
1161 1903 1211 1957 id
1263 1912 1347 1959 est
1381 1907 1740 1961 exsistentium
1775 1924 1948 1963 rerum

372 1993 613 2064 qutedam
639 2003 760 2050 sum
784 1995 838 2049 in
873 1995 1039 2063 nobis,
1079 1996 1353 2066 Epictetus
1396 1997 1470 2052 ita
1504 2000 1806 2067 contexuit,
1865 2001 1951 2055 ille

375 2084 673 2155 (inquam)
701 2083 1001 2151 Epictetus,
1056 2088 1151 2157 qui
1215 2098 1369 2144 ortus
1397 2088 1669 2161 Hierapoli
1705 2090 1952 2163 Phrygiae

378 2172 748 2241 Epaphrodito
766 2174 997 2231 Neronis
1019 2176 1250 2247 Augusti
1284 2177 1504 2235 Liberto
1533 2180 1723 2235 serviit
1765 2180 1951 2236 [ionice

372 2272 429 2318 et
459 2263 753 2320 Domitiani
784 2266 1012 2336 Augusti
1045 2268 1327 2324 dominatu
1369 2270 1630 2337 offensus,
1668 2270 1752 2327 vel
1792 2273 1861 2327 ob
1890 2271 1947 2328 S.

375 2356 720 2419 Consultum,
739 2372 849 2427 quo
880 2359 1020 2427 pulsi
1053 2358 1273 2414 fuerunt
1300 2361 1353 2415 in
1375 2362 1600 2432 patriam
1619 2362 1948 2433 philosophi,

383 2444 436 2497 in
462 2461 582 2499 eam
618 2461 890 2508 reversus.
926 2451 977 2503 in
1004 2448 1243 2519 Nicopoli
1273 2454 1473 2523 oppido
1500 2455 1839 2525 Epiri'Novre
1857 2458 1951 2511 ba-

378 2532 588 2600 bitavit,
621 2545 674 2590 et
705 2551 1028 2606 permanens
1069 2540 1134 2594 ad
1167 2539 1238 2595 Μ.
1266 2541 1523 2596 Antonini
1558 2551 1798 2614 tempora
1831 2561 1952 2615 per-

378 2627 551 2693 venit,
599 2636 657 2682 ut
698 2628 968 2685 aﬁirma'nt
1018 2630 1216 2685 Suidas
1267 2642 1321 2686 et
1372 2633 1611 2701 Angelus
1647 2634 1950 2690 Politianus

378 2717 431 2771 iu
465 2719 691 2788 cpistola
722 2720 940 2790 praeﬁxa
970 2736 1035 2776 ex
1077 2720 1140 2789 Α.
1173 2720 1344 2777 Gellio
1390 2734 1443 2778 et
1481 2724 1621 2780 aliis.
1674 2723 1952 2794 Epaphro-

377 2810 522 2864 ditus
560 2818 741 2864 autem
770 2809 1005 2866 Neronis
1034 2811 1309 2876 Libertus,
1345 2823 1399 2867 et
1431 2830 1461 2868 a
1492 2814 1733 2881 Libellis,
1761 2825 1813 2870 et
1843 2817 1951 2870 τῶν

382 2899 875 2969 σωματοφυλάκων,
897 2900 948 2955 id
972 2912 1053 2957 est
1080 2905 1325 2972 corporis
1357 2905 1693 2972 custodibus,
1726 2907 1819 2976 qui
1850 2906 1954 2962 Nc~

381 3004 567 3043 ronem
605 2989 657 3044 in
691 2992 1076 3046 consciscenda
1110 2994 1212 3048 sibi
1242 3002 1415 3049 morte
1442 2994 1668 3064 adjuvit,
1702 3011 1732 3050 e
1759 2997 1953 3050 Sueto-

381 3080 473 3133 nio
534 3081 587 3133 in
641 3079 874 3144 Nerone,
927 3096 992 3138 ac
1014 3081 1342 3149 Domitiano,
1392 3092 1445 3139 et
1477 3083 1685 3152 Tacito,
1732 3085 1825 3140 lib.
1859 3102 1948 3150 xv,

379 3170 572 3224 Annal.
586 3171 981 3228 condemnatus
998 3173 1094 3228 fuit
1110 3173 1230 3228 ideo
1249 3189 1277 3228 a
1294 3173 1766 3229 Domitiano.Sunl
1787 3170 1951 3245 607

381 3261 447 3315 dc
474 3263 579 3317 isto
611 3261 842 3331 aliisque
900 3263 1313 3333 cognominibus
1348 3263 1730 3335 Epaphroditis
1783 3266 1954 3336 pluri-

385 3369 484 3407 mas
514 3352 893 3424 inscriptiones
922 3355 1063 3425 apud
1091 3355 1406 3412 Gruterum.
1453 3357 1686 3413 Sanctus
1753 3357 1956 3414 Paulus

386 3446 437 3498 in
470 3445 625 3514 epist.
659 3446 724 3499 ad
750 3445 1140 3515 Philippenses,
1167 3462 1216 3501 c.
1249 3463 1307 3508 ll.
1345 3464 1395 3501 v.
1430 3450 1520 3515 ‘25,
1542 3449 1787 3505 meminit
1814 3448 1956 3519 Epa-

385 3535 899 3603 phroditil‘ratris,et
926 3538 1313 3607 cooperatoris,
1344 3548 1398 3593 et
1423 3541 1812 3596 commilitonis
1843 3540 1953 3606 sui,

387 3626 628 3694 ipsorum
668 3635 848 3681 autem
888 3628 1137 3697 apostoli,
1167 3629 1217 3684 id
1270 3639 1371 3692 est,
1406 3638 1466 3684 ut
1524 3632 1780 3698 arbitror,
1838 3633 1957 3702 epi-

384 3719 555 3789 scopi,
574 3735 733 3791 quem
764 3721 1128 3775 necessarium
1147 3720 1479 3775 existimavit
1511 3723 1724 3778 mittere
1750 3724 1817 3778 ad
1841 3739 1963 3780 eos-

385 3810 533 3875 dem,
566 3818 621 3863 et
649 3823 843 3864 rursus
881 3823 930 3864 e.
967 3823 1040 3874 tv,
1078 3824 1130 3862 v.
1172 3807 1263 3875 Ἡ,
1350 3811 1626 3880 accepisse
1652 3827 1711 3867 se
1761 3812 1960 3868 fatetur

385 3903 453 3957 ab
488 3905 627 3972 ipso,
660 3919 780 3974 quae
814 3903 888 3958 illi
921 3903 1225 3968 miserant;
1261 3909 1316 3956 et
1342 3902 1545 3957 salutat
1594 3917 1693 3960 eos
1739 3905 1960 3961 nomine

390 3993 624 4045 maxime
654 3992 894 4057 illorum,
932 3992 1025 4061 qui
1049 3993 1116 4047 de
1172 3991 1405 4046 Caesaris
1434 3990 1598 4046 domo
1630 4001 1780 4056 sunt,
1822 4008 1957 4049 san-

390 4091 637 4148 ctorum;
667 4082 806 4137 hanc
827 4083 893 4135 ad
924 4083 1298 4153 Philippenses
1352 4085 1642 4153 Epistulam
1699 4087 1959 4157 scriptam

393 4175 561 4231 fuisse
580 4174 763 4229 Romae
782 4190 877 4245 per
901 4176 1350 4246 Epaphroditum,
1376 4177 1752 4234 Theodoretus
1773 4190 1961 4236 auctor

390 4274 494 4321 est.
522 4266 830 4321 Cardinalis
856 4265 1123 4321 Baronius
1146 4267 1199 4320 in
1235 4265 1385 4322 Notis
1408 4266 1480 4321 ‘ad
1505 4266 1777 4339 Martyrol.
1803 4268 1957 4324 Rom.

391 4359 477 4413 die
509 4359 577 4411 εξ
605 4356 801 4422 Martii,
830 4357 1256 4428 Epaphroditum
1287 4359 1601 4428 episcopum
1643 4358 1957 4415 Terracinae

2063 1906 2344 1961 veritatem
2377 1903 2680 1959 Theosebio
2743 1901 3088 1973 philosopho,
3129 1900 3219 1969 qui
3299 1890 3620 1952 Aiituniuia-

2051 2014 2136 2054 nte
2162 1986 2558 2052 lucubrationis
2586 1995 2654 2050 de
2685 2009 2745 2051 se
2768 1995 2915 2064 ipso,
2952 2008 3045 2048 seu
3073 1992 3137 2045 de
3171 1988 3292 2045 Vita
3319 1999 3416 2044 sua
3448 1990 3618 2042 inter-

2050 2089 2283 2160 polator,
2319 2086 2433 2143 sive
2476 2093 2763 2155 cxcerptor
2792 2085 3005 2140 videtur
3035 2085 3087 2137 in
3135 2080 3473 2152 Ἐγχειριδίῳ
3499 2079 3620 2131 δευ-

2048 2181 2191 2252 τέρῳ
2232 2179 2580 2251 Ἐπικτήτου,
2610 2177 2754 2248 quod
2777 2176 3102 2246 conscripsit
3135 2174 3301 2229 multa
3341 2189 3371 2227 e
3417 2171 3619 2226 scholis

2051 2271 2277 2342 Epicteti
2333 2270 2598 2335 delibans,
2628 2285 2722 2325 seu
2767 2284 2798 2323 e
2857 2267 3080 2330 scholia,
3140 2280 3317 2335 agam.
3379 2262 3621 2316 Theose-

2053 2365 2199 2417 bium
2245 2363 2312 2417 ab
2353 2362 2578 2433 Apamia
2619 2361 2837 2416 civitate
2861 2360 2999 2414 Asiae
3033 2357 3354 2412 translatum
3386 2354 3452 2409 ad
3512 2352 3622 2407 Eu-

2051 2453 2404 2522 doxiopolim,
2457 2467 2580 2522 qua:
2602 2451 2806 2506 dudum
2858 2448 3157 2504 Salembria
3203 2452 3449 2510 vocatur,
3505 2460 3619 2498 me-

2052 2551 2229 2597 morat
2259 2542 2530 2607 Auxilius,
2574 2542 2667 2597 lib.
2696 2558 2709 2596 l
2742 2540 2819 2594 De
2844 2539 3262 2595 ordinationibus
3293 2555 3323 2590 a
3362 2533 3618 2590 Formosa

2050 2650 2187 2704 papa
2227 2634 2406 2704 factis,
2447 2650 2495 2689 c.
2543 2649 2579 2688 ll
2609 2651 2623 2700 ;
2655 2640 2709 2687 et
2735 2632 2831 2687 lib.
2865 2647 2925 2696 ll,
2965 2647 3014 2685 c.
3039 2616 3129 2695 29.,
3176 2630 3490 2701 episcopum
3520 2646 3534 2693 ;
3570 2638 3623 2681 ct

2053 2726 2453 2796 Eudoxiaepolis
2472 2725 2889 2795 nuncupabatur
2918 2723 3214 2795 Selymbria
3235 2722 3426 2778 civitas
3455 2712 3625 2775 Thra-

2053 2819 2150 2873 ciae
2195 2818 2509 2888 provinciae,
2567 2826 2673 2871 act.
2724 2815 3008 2871 lConcilii
3054 2815 3455 2871 Chalcedoneu.
3500 2830 3619 2883 pag.

2052 2908 2179 2965 401.
2211 2908 2459 2963 Concilio
2492 2905 3101 2975 Constantinopolitano
3137 2905 3238 2960 sub
3276 2904 3509 2958 Damaso
3533 2919 3625 2972 pa-

2055 3016 2121 3072 pa
2153 3016 2296 3055 anno
2326 3000 2387 3054 C.
2428 2997 2493 3053 N.
2518 2996 2641 3063 58!,
2672 2997 2995 3067 subscripsit
3059 2997 3199 3050 inter
3257 2995 3392 3049 alios
3443 2992 3620 3047 Theo-

1979 3115 2021 3172 ο
2055 3094 2239 3150 sebius
2272 3091 2559 3161 episcopus
2588 3089 3024 3144 Philomeliensis
3053 3087 3344 3158 provinciae
3409 3084 3622 3141 Pisidia?

2058 3198 2150 3252 per
2182 3181 2409 3236 Bassum
2433 3180 2807 3251 presbyterum
2840 3176 3039 3249 Lyciae,
3074 3191 3127 3246 p.
3151 3175 3276 3241 9.40,
3314 3190 3465 3228 num.
3524 3172 3624 3225 liti

2057 3278 2109 3332 in
2165 3274 2312 3331 calce
2350 3272 2671 3328 Crabbiauae
2707 3270 3015 3337 Editionis;
3068 3284 3136 3323 an
3180 3267 3270 3322 hic
3330 3265 3624 3321 translatus

2055 3366 2182 3421 inde
2216 3364 2286 3418 sit
2317 3362 2744 3441 Eudoxiaepolim
2767 3358 2933 3432 608
2961 3374 3069 3413 non
3107 3359 3343 3412 arbitror
3373 3352 3641 3426 indagan-’

2057 3457 2222 3521 dum;
2252 3470 2372 3509 nam
2409 3453 2608 3508 diserte
2632 3450 2927 3506 translatus
2959 3449 3266 3520 abApamia
3285 3447 3626 3511 enuntiatur,

2058 3565 2157 3604 nec
2189 3564 2257 3602 an
2289 3550 2357 3604 sit
2402 3544 2754 3600 Antoniniani
2787 3542 3031 3612 opusculi
3063 3549 3260 3605 sector,
3295 3538 3438 3609 quod
3474 3539 3626 3609 prin-

2059 3640 2232 3708 cipem
2272 3638 2445 3699 decet,
2482 3651 2588 3690 non
2641 3636 2823 3688 minus
2885 3650 3046 3703 quam
3108 3631 3331 3702 Epicteti
3384 3628 3628 3683 Manuale

2060 3732 2253 3785 civem.
2285 3727 2437 3782 Nilus
2466 3728 2633 3781 abbas
2660 3724 2851 3780 scribit
2871 3723 3197 3790 Thcosebio,
3229 3722 3388 3792 epist.
3413 3720 3501 3782 15,
3535 3720 3628 3774 lib.

2058 3836 2097 3875 tt
2133 3820 2204 3873 De
2242 3818 2446 3872 duabus
2479 3817 2628 3870 olivis
2665 3815 2839 3868 aureis
2881 3814 3021 3881 apud
3087 3810 3408 3864 Zachariam
3436 3827 3482 3864 c.
3553 3825 3626 3871 tv,

2059 3925 2198 3981 quas
2246 3907 2479 3978 explicat
2511 3906 2853 3961 Christianos
2887 3919 2950 3959 ex
2987 3901 3226 3957 Hebraeis
3277 3910 3327 3955 et
3355 3899 3627 3971 gentibus.

2059 4001 2386 4058 Iamdudum
2413 3998 2664 4069 equidem
2703 3998 2919 4051 animus
2960 4002 3045 4049 est
3077 4007 3226 4046 meas
3267 4006 3332 4046 eo
3368 3991 3434 4045 de
3489 4006 3631 4057 opus

2061 4096 2214 4152 sculo
2242 4102 2399 4147 notas
2437 4091 2725 4161 evulgare:
2757 4087 2951 4143 Suidas
2975 4084 3218 4140 meminit
3245 4083 3386 4138 illius
3418 4082 3470 4136 in
3497 4082 3631 4135 Επί·

2058 4204 2277 4260 κτητος,
2309 4196 2361 4240 et
2399 4184 2631 4239 Mcricus
2660 4180 3018 4237 Casaubonus
3037 4184 3224 4231 narrat
3275 4175 3328 4229 in
3365 4175 3506 4230 netis
3561 4175 3629 4229 ad

2062 4277 2323 4334 Antonini
2347 4277 2538 4332 libros.

2136 4368 2353 4439 Subjeei
2408 4364 2786 4421 Narrationem
2832 4360 3084 4417 monachi
3114 4357 3353 4424 Pachon,
3386 4372 3507 4427 quae
3528 4355 3632 4412 La-

391 4459 606 4512 ceuset;
643 4459 696 4501 at
724 4448 917 4503 Petrus
947 4449 1012 4504 dc
1037 4446 1318 4503 Natalibus
1348 4449 1441 4502 lib.
1473 4465 1544 4516 vt,
1580 4465 1629 4503 c.
1667 4451 1770 4505 100
1851 4450 1955 4506 ila-

2069 4462 2179 4516 tine
2208 4461 2423 4531 quidem
2457 4474 2614 4513 versa
2646 4455 2747 4510 fuit
2778 4471 2806 4509 a
2838 4452 3106 4509 Gentiauo
3130 4447 3365 4506 Herveto
3397 4447 3634 4503 eGrzccu

391 4542 543 4607 driae,
569 4541 683 4596 sive
709 4539 995 4595 Andriacaa
1034 4540 1290 4595 Ecclesiae
1331 4540 1643 4609 praefectum
1715 4554 1965 4597 autumat

392 4647 422 4683 e
482 4629 751 4684 Dorotheo
780 4628 974 4684 abbate
1007 4627 1062 4682 in
1092 4628 1313 4698 synopsi
1352 4629 1420 4682 de
1459 4628 1525 4681 72
1553 4628 1836 4699 discipulis
1859 4629 1966 4682 Do-

393 4720 546 4774 mini.
581 4720 660 4775 Ad
688 4734 812 4775 eum
845 4734 951 4775 non
998 4719 1273 4790 pertinere
1293 4719 1616 4776 crediderim
1652 4722 1962 4794 inscriptio-

395 4827 538 4877 nem,
567 4826 659 4868 seu
683 4812 1042 4884 epitaphium,
1073 4811 1221 4881 quod
1262 4811 1319 4865 in
1352 4827 1477 4867 arca
1532 4829 1843 4871 marmorea
1879 4831 1966 4870 se-

391 4905 613 4973 pulcrali
646 4905 878 4960 incisum
909 4906 1035 4976 legi,
1067 4906 1129 4959 Θ.
1156 4906 1226 4958 Κ.
1248 4904 1553 4958 ΑΥΡΗΛΙΩ
1590 4904 1966 4977 Ἐπαφροδίτῳ

394 4997 618 5068 Συμὸῐῳ
642 4995 944 5055 ΑΝΤΩΝῙΑ
972 4997 1206 5070 Βαλέρια
1226 4998 1412 5068 ἔθηκε.
1447 4996 1577 5050 Erat
1606 4997 1739 5051 illud
1791 4999 1845 5052 in
1878 5013 1968 5051 ar-

394 5091 762 5160 chicpiscopio
792 5089 1163 5160 Lugdunensi,
1197 5101 1251 5147 et
1283 5091 1674 5162 inspiciebatur
1696 5090 1966 5159 insculpta

393 5186 558 5238 Ceres
582 5184 635 5236 in
675 5197 860 5248 curru,
902 5199 1065 5252 quem
1124 5183 1412 5238 trahebant
1465 5196 1692 5253 angues,
1747 5181 1969 5251 perqui-

394 5292 522 5332 rens
550 5275 712 5331 tiliam
734 5275 1116 5345 Proserpinam
1148 5290 1177 5330 a
1208 5275 1439 5331 Plutone
1487 5282 1720 5344 raptam.
1782 5272 1887 5328 Sed
1940 5289 1969 5327 e

397 5369 590 5423 semita
638 5370 690 5422 iu
724 5368 888 5422 viam.
927 5367 1213 5422 Contraxit
1269 5366 1497 5437 Epicteti
1562 5379 1702 5433 opus
1755 5372 1966 5418 vastum

400 5460 714 5528 Simplicius
741 5460 1101 5531 philosophus
1130 5459 1304 5515 hostis
1338 5457 1796 5518 Christianorum,
1829 5456 1973 5510 sicut

400 5555 609 5608 amicus
643 5552 1131 5622 olim,multiplicis
1196 5552 1284 5605 vir
1344 5549 1591 5605 lectionis
1640 5546 1973 5616 TheOphilus

401 5645 730 5715 liaynaudus
762 5646 815 5698 in
852 5646 946 5699 lib.
983 5644 1054 5699 De
1096 5645 1227 5697 bona
1258 5640 1506 5712 regimine
1529 5640 1777 5702 adnotat,
1815 5640 1887 5692 ita
1916 5650 1974 5692 ut

403 5737 755 5793 i'luchiridion
788 5737 964 5794 solum
1009 5749 1151 5792 esset
1199 5737 1263 5789 ad
1312 5748 1554 5800 manum,
1629 5747 1722 5788 seu
1784 5730 1971 5799 Pycta-

2065 4567 2338 4616 sermone,
2374 4551 2721 4617 referturque
2756 4548 2807 4600 in
2861 4561 2910 4601 c.
2947 4545 3015 4599 29
3066 4540 3321 4595 Historiis
3360 4537 3634 4592 Lausiacw

2064 4641 2289 4697 Palladii
2341 4657 2369 4694 a
2404 4639 2556 4696 R.P.
2606 4637 2930 4709 Rosweydo,
2987 4636 3080 4689 lib.
3140 4648 3231 4687 vm
3283 4630 3356 4683 De
3391 4627 3493 4682 Vit.
3526 4628 3634 4682 Pa-

2067 4747 2227 4800 trum,
2263 4735 2355 4804 qui
2385 4733 2611 4805 Evagrio
2645 4725 2817 4802 ipsam
2844 4729 3053 4795 tribuit,
3090 4725 3243 4793 cuius
3270 4737 3322 4782 ct
3355 4727 3487 4780 alias
3515 4728 3631 4774 ten-

2068 4827 2300 4881 lationes
2331 4823 2492 4878 refert
2535 4840 2566 4877 e
2603 4838 2653 4877 c.
2677 4823 2746 4876 86
2797 4818 3045 4881 Palladii,
3087 4827 3141 4873 et
3174 4819 3227 4872 in
3258 4816 3425 4883 notis,
3481 4828 3632 4868 num.

2068 4917 2135 4971 7O
2163 4927 2215 4972 et
2246 4916 2367 4979 155,
2396 4915 2559 4971 sedet
2601 4913 2785 4970 Graece
2812 4912 3009 4966 ibidem
3044 4910 3260 4981 legitur,
3328 4924 3380 4963 c.
3440 4920 3636 4973 nempe

2068 5008 2136 5061 86
2193 5006 2490 5077 Lausiacm.
2523 5003 2783 5070 Quamvis
2839 5001 3070 5055 luxurias
3105 4999 3311 5055 crimen
3336 4998 3472 5052 adeo
3499 5011 3635 5050 con-

2069 5106 2310 5151 temnere
2342 5094 2590 5149 videatur
2624 5093 2930 5147 daemonum
2964 5090 3217 5160 princeps
3264 5086 3498 5149 Lucifer,
3530 5085 3636 5139 sic-

2072 5199 2131 5245 ut
2156 5189 2204 5242 ei
2234 5188 2398 5258 aliqui
2439 5187 2529 5241 alii
2587 5183 2812 5250 diaboli,
2872 5183 2999 5253 quia
3060 5195 3331 5235 memores
3399 5178 3637 5247 antiqtuc

2071 5296 2181 5335 suae
2212 5276 2509 5333 nobilitatis
2537 5275 2666 5329 illud
2697 5273 3077 5342 dedignantur,
3110 5271 3220 5323 imo
3274 5284 3373 5323 nec
3430 5268 3636 5322 dmino-

2074 5383 2199 5423 num
2252 5368 2508 5438 princeps
2541 5364 2797 5433 dignatus
2826 5361 2897 5416 sit
2928 5360 2995 5414 de.
3023 5360 3115 5412 illo
3142 5358 3419 5412 Christum
3454 5354 3667 5413 Ποιιιὶ-,

2075 5473 2200 5513 num
2229 5464 2437 5511 tentare
2467 5456 2522 5508 in
2566 5453 2805 5515 deserto,
2839 5449 3304 5519 quemadmodum
3340 5464 3404 5501 ex
3464 5449 3631 5515 mugi-

2074 5549 2200 5604 stris
2237 5545 2420 5601 retulit
2458 5553 2684 5599 sanctus
2717 5542 2961 5597 Thomas
3014 5540 3284 5610 Aquinas,
3328 5538 3637 5607 Theologia:

2076 5636 2409 5694 scholastirm
2424 5633 2906 5704 praestantissimus
2935 5631 3287 5695 architectus,
3310 5630 3402 5684 lib.
3425 5645 3478 5691 v,
3499 5644 3546 5682 c.
3570 5628 3632 5681 2|

2082 5730 2152 5783 Dc
2180 5729 2475 5782 eruditione
2499 5725 2827 5793 principum;
2868 5722 3069 5778 conscii
3102 5730 3280 5776 tamen
3316 5719 3638 5792 perduellio-
