4066 6146
471 301 607 370 1335

1379 316 1527 377 JOS.
1567 319 1830 379 MARI/E
1866 320 2223 382 SUARESII
2263 323 2753 383 DISSERTATIO

465 420 553 476 nis
610 421 791 477 caeteri
838 422 1058 493 maligni
1112 424 1339 494 spiritus
1394 427 1546 496 ipsos
1591 432 1910 497 monachos,
1980 441 2032 486 ct
2063 437 2105 493 Α
2139 434 2277 487 tibus
2318 434 2566 499 alnotat;
2592 442 2648 488 et
2681 434 2746 488 ad
2780 446 2975 487 manus
3016 427 3443 500 impositiouem,
3484 438 3707 496 aposto—

465 519 845 583 anachoretas,
879 518 988 572 imo
1013 534 1375 592 quoscunque
1428 525 1516 594 pie
1540 526 1751 582 vivendi
1812 530 2027 584 modum

463 620 749 675 capessere
798 618 1018 675 norunt,
1055 625 1163 665 non
1189 613 1293 667 alia
1327 614 1500 684 magis
1549 616 1825 681 illecebra,
1868 632 2028 688 quam

462 693 830 762 impudicitiae,
874 710 971 751 seu
1006 696 1385 757 fornicationis
1411 703 1680 773 decipere,
1736 716 1901 777 atque
1962 708 2031 762 ab

461 782 710 836 instituto
743 792 985 840 avertere
1014 797 1303 853 conantur,
1337 792 1860 848 meretricium‘illis
1919 795 2032 851 bel-

461 871 572 923 lum
606 870 956 938 intentantes,
982 890 1082 932 nec
1115 892 1209 934 eos
1244 878 1610 949 solummodo,
1640 885 1734 954 qui
1755 886 1930 940 aetatis
1977 888 2029 941 in

459 961 594 1016 ﬂore
641 965 891 1033 corporis
935 967 1117 1036 vigent
1146 970 1364 1036 robore,
1398 988 1585 1027 verum
1615 983 1669 1029 et
1714 977 1866 1032 senio
1897 992 2032 1031 con-

458 1053 630 1109 fectos
665 1055 958 1113 identidem
991 1062 1399 1130 aggrediuntur.
1437 1064 1631 1120 Narrat
1673 1076 1894 1121 sanctus
1917 1067 2030 1121 Au-

457 1147 710 1214 gustinus
732 1149 798 1204 de
830 1150 1051 1206 homine
1079 1162 1271 1224 agente
1306 1155 1577 1224 octoginta
1599 1166 1831 1226 quatuor
1857 1173 2031 1213 annos

457 1237 552 1304 qui
592 1238 842 1308 religiose
867 1256 991 1296 cum
1035 1244 1265 1314 conjuge
1312 1247 1568 1315 religiosa
1605 1248 1813 1302 vixerat
1856 1264 2031 1304 annos

456 1328 547 1393 24,
583 1343 706 1383 eum
732 1332 930 1386 emisse
967 1334 1034 1388 ad
1074 1334 1354 1392 libidinem
1388 1338 1490 1392 sibi
1567 1338 1880 1408 lyristriam,
1931 1338 2028 1393 lib.

463 1435 527 1474 ιιι
573 1420 835 1476 Adversus
868 1422 1168 1493 lulianum,
1214 1444 1271 1481 ι).
1295 1429 1420 1483 561.
1449 1429 1595 1484 Adeo
1617 1430 1763 1484 nulla
1793 1440 1876 1484 est
1898 1438 2031 1485 tetas

457 1512 721 1569 immunis
764 1515 831 1569 ab
855 1516 1066 1577 infestis
1094 1517 1400 1585 daemonum
1430 1520 1575 1575 circa
1607 1520 1877 1575 luxuriam
1941 1521 2027 1574 in—

458 1605 633 1670 sidiis,
675 1622 815 1676 quas
847 1608 921 1662 illi
956 1618 1106 1669 tanto
1137 1619 1367 1671 struunt
1396 1612 1673 1666 molimine
1703 1612 1838 1666 viris
1872 1610 2029 1664 undi-

456 1712 562 1764 que
585 1700 856 1769 prtecipue
882 1700 1169 1773 religiosis.
1204 1703 1278 1769 De
1303 1704 1485 1768 divina
1515 1702 1879 1770 Providentia,
1909 1718 2031 1773 qua!

458 1788 652 1843 cedere
678 1789 981 1862 videturin
1010 1792 1155 1848 lucta
1188 1803 1375 1851 contra
1440 1793 1729 1857 Venerem,
1785 1804 1839 1851 et
1896 1810 2023 1864 per-

456 1879 625 1932 mittit
655 1880 933 1935 hominem
961 1882 1300 1950 spiritualem
1322 1899 1385 1939 ea
1430 1885 1646 1951 foedari,
1679 1894 1739 1945 ut
1769 1894 2028 1955 agnoscat

457 1964 716 2020 vilitatem
762 1982 913 2021 suam
940 2008 955 2032 ,
1012 1968 1320 2027 Diadocbus
1351 1974 1641 2043 episcopus
1673 1974 1925 2030 Pltolices
1968 1976 2022 2030 in

456 2052 623 2120 Epiro
653 2064 833 2111 vetere
888 2057 1085 2127 Illyrici
1119 2074 1239 2130 cap.
1269 2060 1337 2115 99
1370 2061 1694 2121 Sermonum
1734 2064 1909 2123 fusius
1928 2080 2025 2119 ex-

455 2159 685 2213 ponens.
729 2146 1097 2213 Quamobrem
1124 2160 1178 2205 et
1224 2155 1382 2206 istam
1413 2153 1784 2218 narrationem
1833 2172 2023 2211 mona-

454 2235 543 2289 chi
574 2234 791 2291 Paclton
823 2238 1003 2294 denuo
1042 2240 1279 2305 inserere
1330 2258 1438 2302 non
1494 2244 1760 2311 dubitavi,
1823 2261 1853 2300 e
1917 2263 2023 2316 qua

452 2327 614 2395 plane
632 2329 800 2399 liquet
821 2329 973 2400 alapa
989 2330 1162 2402 fugari
1184 2333 1509 2399 daemonem,
1527 2344 1585 2390 ut
1601 2337 1742 2406 apud
1773 2349 2022 2393 sanctum

454 2415 771 2487 Gregorium
808 2419 1060 2492 Magnum
1091 2423 1146 2477 in
1176 2423 1386 2494 Dialog.
1427 2425 1465 2480 Ι.
1501 2441 1561 2491 ιι,
1595 2441 1644 2481 c.
1666 2426 1755 2492 '50,
1797 2429 2026 2483 traditur

452 2509 518 2562 de
546 2519 736 2569 sancto
770 2511 1096 2579 Benedicto;
1135 2524 1189 2571 et
1239 2516 1385 2581 inde,
1450 2532 1574 2571 cum
1624 2530 2022 2582 sacramentum

453 2600 886 2658 conﬁrmationis
914 2604 1354 2672 administratur,
1383 2609 1522 2662 solet
1570 2610 1863 2678 episcopus
1906 2611 2025 2665 ala-

453 2705 579 2757 pam
612 2690 912 2773 obsignatis
940 2692 1203 2764 inﬂigere,
1223 2696 1382 2770 quasi
1407 2695 1709 2752 daemonem
1738 2700 2024 2753 infirmita-

370 2826 381 2833 .
457 2782 526 2837 tis
584 2782 639 2835 in
689 2782 794 2837 ﬁde
827 2792 990 2854 atque
1040 2785 1509 2855 pusillanimitatis
1566 2790 1868 2867 expellens.
1922 2790 2027 2845 Ca-

452 2873 798 2945 vendumque
854 2890 1069 2948 semper
1114 2887 1198 2932 est
1257 2880 1609 2941 atcntatione
1678 2883 2028 2952 impudicitia

454 2975 935 3035 quantumcunque
956 2967 1145 3036 aﬂ‘ecta
1180 2969 1354 3034 simus
1383 2980 1559 3038 aetate,
1590 2973 1885 3047 tardusque
1908 2991 2029 3029 san-

454 3055 576 3123 guis
615 3054 889 3120 ltebescat,
925 3066 979 3109 et
1008 3056 1237 3126 frigeant
1265 3057 1407 3129 vires
1466 3058 1626 3126 (ξαριο
1689 3061 1744 3115 in
1775 3075 2021 3131 corpore.

454 3144 688 3216 lirsinus
717 3148 1000 3218 presbyter
1051 3149 1104 3201 in
1161 3149 1397 3204 Ecclesia
1460 3149 1670 3215 Nursiae
1721 3151 2025 3218 ordinatus,

454 3253 577 3290 rum
612 3238 825 3307 longam
855 3240 976 3294 vita:
1000 3240 1275 3309 implesset
1305 3250 1541 3306 aetatem,
1576 3242 1803 3313 jamque
1862 3244 2030 3306 mori:

453 3326 920 3399 lmndusjaceret,
957 3330 1162 3400 conjux
1204 3332 1322 3401 ejus
1356 3331 1702 3402 Presbytera,
1745 3349 1912 3403 quam
1971 3344 2032 3389 ut

453 3431 698 3472 sororem
725 3419 982 3494 diligebat
1017 3422 1207 3495 procul
1262 3437 1291 3476 a
1323 3438 1382 3478 se
1441 3429 1733 3488 remotam;
1802 3440 2032 3494 qumque

454 3526 735 3583 nunquam
796 3513 862 3583 ad
923 3528 1048 3570 eum
1113 3522 1420 3574 accesserat
1468 3514 1634 3585 609
1686 3514 1901 3581 exinde,
1934 3531 2030 3571 ve-

454 3600 556 3659 nit.
653 3610 707 3671 et
828 3602 1097 3660 resolutos
1181 3611 1334 3663 artus
1431 3606 1720 3674 aspiciens,
1802 3605 2030 3675 ipsoque

456 3691 817 3759 conclamato,
865 3694 1116 3761 apposuit
1170 3710 1361 3753 aurem
1403 3695 1469 3755 ad
1520 3696 2029 3767 nares,exploratu-

456 3799 515 3836 ra
535 3783 693 3839 vitale
712 3783 983 3859 Spitamen
1001 3799 1068 3853 an
1082 3784 1502 3854 adbucinesset;
1526 3795 1639 3855 tum
1666 3786 1753 3842 ille
1773 3786 2029 3855 colligens

455 3890 666 3942 vocem,
701 3874 1104 3947 fugientemque
1120 3878 1281 3947 veluti
1304 3893 1564 3934 revocans
1590 3878 1826 3933 animam
1848 3878 2030 3933 excla-

457 3966 623 4037 mavit
658 3986 671 4021 :
700 3966 912 4023 Recede
937 3985 968 4041 a
1002 3983 1109 4033 me,
1141 3969 1356 4041 mulier,
1391 3971 1690 4039 etiamnum
1727 3971 1860 4025 vivit
1887 3970 2027 4042 igni-

455 4058 631 4112 culus.
698 4057 880 4132 ltefert
947 4058 1063 4125 haec
1100 4059 1330 4129 ipsemet
1367 4071 1591 4128 sanctus
1634 4061 1799 4131 Greg.
1840 4061 1934 4116 lib.
1975 4078 2026 4115 IV

458 4148 810 4218 Dialogorum
841 4165 961 4220 cap.
1001 4150 1311 4206 undecimo.
1357 4151 1703 4223 Agnoscebat
1752 4153 2026 4223 capularis

456 4255 617 4294 senex
669 4242 867 4296 veteris
914 4240 1147 4296 ﬂamma:
1195 4241 1416 4311 vestigia
1478 4243 1532 4296 in
1584 4243 1935 4314 semimortua
1976 4252 2029 4296 et

454 4334 703 4385 funerata
749 4347 935 4389 carne.
976 4331 1227 4402 Episcopi
1269 4341 1444 4403 autem
1492 4334 1784 4402 colaphum
1829 4333 2028 4404 impin-

2132 528 2311 581 lorum
2336 541 2488 582 more
2529 526 2915 590 revocandam,
2953 525 3095 580 sicut
3133 522 3186 575 in
3236 520 3390 575 novis
3421 519 3703 583 militibus,

2132 616 2419 671 Durandus
2467 617 2580 672 ﬁeri
2618 617 2843 672 solitum
2883 623 2946 670 ut
2982 611 3358 684 percutiantur
3397 608 3601 678 prodit,
3652 615 3709 661 et

2133 705 2185 759 in
2226 706 2398 760 servis
2434 707 2528 774 qui
2564 706 3042 760 manumittuntur.
3082 704 3220 757 Hinc
3250 719 3266 755 :
3293 699 3508 769 pulsata
3533 698 3711 767 [route

2131 795 2344 851 recedit.
2396 796 2501 850 Et:
2545 794 2612 850 In
2657 798 2821 851 civem
2862 796 3083 850 rubuere
3122 808 3287 864 gente,
3340 793 3490 847 canit
3542 790 3711 845 Clau—

2130 886 2327 942 dianus
2357 887 2430 942 De
2464 888 2751 943 consulatu
2788 897 2982 957 quarto
3004 885 3266 949 Honorii;
3290 899 3416 938 nam
3440 884 3704 937 videban-

2131 984 2221 1032 tur
2260 978 2495 1043 asserti,
2557 978 2648 1048 qui
2710 978 3208 1041 conﬁrmabantur,
3262 976 3315 1029 in
3374 975 3700 1028 libertatem.

2132 1066 2448 1123 Vicecomes
2469 1069 2664 1123 ibidem
2680 1069 2864 1123 laudat
2883 1077 3127 1123 sanctum
3147 1066 3403 1120 Basilium
3424 1063 3699 1117 Exhortor.

2130 1160 2199 1212 ad
2219 1159 2477 1227 Baptism.
2496 1179 2516 1211 ι
2536 1161 2667 1228 quin
2686 1161 2898 1229 alapam
2926 1172 3145 1227 quoque
3165 1158 3380 1226 plagam
3406 1164 3701 1209 extremam

2133 1264 2416 1304 servorum
2441 1265 2540 1318 pro
2557 1250 2879 1305 liberatione
2898 1249 3081 1303 omnis
3102 1248 3155 1301 in
3175 1246 3420 1301 futurum
3447 1246 3695 1309 infamiae,

2131 1355 2193 1395 ac
2226 1340 2408 1409 probri
2431 1340 2662 1395 libenter
2683 1340 2962 1397 sustines?
2995 1358 3015 1392 ι
3055 1346 3203 1393 certe
3229 1337 3484 1392 Christus
3522 1335 3701 1389 Domi-

2131 1445 2236 1484 nus
2268 1430 2440 1499 alapis
2462 1446 2633 1486 caasns
2667 1430 2769 1485 fuit
2804 1448 2821 1497 ;
2848 1439 2903 1485 et
2936 1437 3158 1484 sanctus
3185 1426 3389 1480 Paulus
3442 1425 3630 1479 scribit
3657 1423 3698 1476 ll

2132 1518 2256 1575 Cor.
2292 1534 2323 1573 c
2361 1536 2420 1584 ιι,
2461 1536 2513 1573 v.
2542 1520 2613 1573 20
2644 1539 2657 1575 :
2693 1519 2995 1583 Sustinetis,
3041 1519 3088 1572 si
3118 1523 3237 1588 quis
3271 1519 3327 1571 in
3357 1517 3554 1586 faciem
3610 1534 3699 1571 ros

2140 1608 2330 1675 credit;
2361 1608 2429 1661 de
2464 1608 2638 1663 servis
2674 1608 3050 1672 manumissis,
3094 1607 3190 1675 qui
3227 1606 3471 1674 percussi
3509 1606 3697 1674 alapis,

2132 1699 2321 1755 Isidor.
2357 1699 2632 1770 llispalen.
2668 1700 2705 1753 l.
2739 1698 2807 1754 IX
2832 1699 3089 1770 EtymaL,
3122 1713 3174 1753 c.
3198 1698 3276 1751 De
3304 1698 3522 1752 ciuibus.
3565 1696 3699 1752 Boe-

2133 1792 2242 1846 tius
2279 1792 2335 1845 in
2371 1792 2548 1859 Topic.
2595 1790 2837 1847 Valerius
2882 1790 3044 1845 Prob.
3082 1790 3161 1844 De
3198 1790 3356 1843 uotis.
3408 1789 3599 1844 Donat.
3638 1789 3694 1843 in

2133 1881 2356 1951 Adelph.
2382 1891 2435 1937 et
2463 1880 2946 1950 Hcrmogenianus.
2978 1880 3333 1949 Rhapismata
3361 1877 3695 1933 Iustinianus

2132 1972 2363 2041 appellat
2395 1971 2675 2041 colaphos,
2721 1971 2920 2040 quibus
2980 1971 3136 2024 liberi
3168 1968 3326 2029 caedi,
3361 1983 3486 2022 cum
3512 1982 3697 2021 eman-

2130 2061 2464 2130 ciparentur,
2497 2068 2918 2124 consueverunt,
2945 2060 2980 2114 l.
3007 2059 3103 2114 ult.
3134 2075 3160 2111 c
3184 2099 3196 2111 .
3226 2060 3289 2112 de
3323 2054 3697 2126 emancipatio-

2137 2150 2314 2215 nibus,
2371 2159 2420 2203 et
2465 2149 2673 2204 novella
2720 2148 2810 2204 82.
2857 2147 3100 2216 Opinor,
3149 2146 3295 2217 quod
3344 2146 3700 2202 abdicationis

2131 2257 2300 2311 genus
2312 2241 2579 2311 quoddam
2597 2255 2719 2296 esse
2734 2240 3034 2295 videbatur.
3059 2239 3334 2294 Cornutus
3361 2243 3416 2292 in
3433 2237 3698 2305 Persium,

2131 2345 2318 2392 servos
2360 2331 2544 2395 tradit,
2580 2331 2801 2401 quando
2834 2331 3368 2395 manumitterentur,
3409 2329 3544 2385 caedi
3581 2345 3702 2399 per-

2131 2423 2351 2491 cutique
2380 2421 2569 2476 solitos
2587 2421 2764 2491 alapa,
2798 2429 2854 2475 et
2880 2420 3201 2490 circumagi,
3232 2430 3396 2489 atque
3415 2420 3703 2474 conﬁrma-

2131 2512 2328 2567 bantur
2376 2513 2448 2566 ita
2497 2512 2672 2567 liberi.
2722 2514 3065 2566 Hotomanus
3117 2511 3170 2564 in
3231 2508 3594 2573 Commentar,
3636 2511 3701 2566 de

2133 2603 2273 2658 verb.
2304 2603 2534 2673 signiﬁc.
2559 2602 2877 2668 Balduinus,
2918 2604 2974 2657 in
3020 2601 3328 2657 Iustiniano
3356 2612 3511 2671 putat
3539 2602 3703 2671 ῥαπι-

2132 2712 2315 2765 σματα
2340 2695 2445 2749 ista
2470 2694 2638 2750 fuisse
2655 2694 2794 2750 ictus
2827 2694 3077 2750 vindictas
3122 2709 3219 2749 seu
3256 2692 3481 2763 virgula:
3505 2702 3700 2762 prato-

2130 2784 2254 2849 rite;
2274 2799 2396 2837 nam
2417 2783 2665 2852 ῥαπίζειν
2684 2784 2952 2853 signiﬁcat
2971 2792 3022 2838 et
3036 2783 3529 2854 pa68iCstv.Cujac.
3544 2782 3633 2836 lib.
3657 2780 3700 2836 ν

2135 2874 2410 2930 Observat.
2437 2874 2558 2928 Jur.
2589 2889 2640 2930 c.
2676 2874 2764 2928 15.
2793 2873 3185 2938 Gothofredus,
3220 2875 3287 2929 ad
3316 2875 3373 2928 d.
3400 2872 3699 2935 Novellam,

2131 2982 2254 3037 quae
2286 2966 2588 3022 Authentic.
2623 2965 2806 3021 collat.
2839 2965 2892 3030 6,
2918 2967 3001 3020 tit.
3033 2966 3086 3030 9,
3120 2965 3461 3029 inscribitur,
3491 2962 3702 3017 Consti-

2134 3060 2287 3123 tutio,
2319 3074 2435 3128 qua:
2454 3056 2822 3127 dignitatibus,
2849 3067 2899 3110 et
2927 3057 3230 3125 episcopatu
3255 3055 3444 3109 liberat
3473 3072 3505 3106 a
3525 3057 3700 3125 patria

2131 3160 2385 3221 potestate
2416 3150 2469 3204 in
2501 3165 2555 3204 γ.
2598 3149 2789 3219 alapis,
2822 3149 2914 3204 ubi
2943 3149 3379 3219 GlosSOgrapltus
3410 3157 3701 3203 consuetu-

2131 3245 2313 3302 dinem
2362 3242 2521 3301 istam
2557 3241 2837 3312 alaparum
2870 3241 2923 3294 in
2959 3242 3376 3309 desponsatione
3412 3239 3698 3293 mulierum

2132 3333 2335 3388 servari
2359 3332 2614 3389 Bononiae
2642 3331 2891 3389 aﬂirmat.
2924 3329 3319 3396 Tertullianus,
3349 3329 3424 3384 De
3440 3337 3702 3397 spectacu-

2130 3422 2219 3488 lis,
2250 3422 2532 3492 alaparum
2591 3422 2952 3478 contumelias
2991 3421 3147 3485 dixit,
3181 3421 3384 3490 quibus
3415 3420 3700 3474 utebantur

2132 3514 2187 3568 in
2225 3514 2676 3579 manumissione,
2713 3514 2856 3569 unde
2875 3513 3215 3570 Claudianus
3243 3514 3429 3569 felices
3473 3511 3699 3582 injurias

2132 3608 2389 3678 appellat,
2434 3606 2663 3665 Vossius
2707 3607 2763 3662 in
2804 3608 3034 3678 colapho
3068 3606 3305 3677 Etymol.
3340 3606 3580 3661 Glossar.
3607 3603 3700 3658 In-

2130 3700 2321 3769 scripsi
2356 3699 2521 3771 διο
2552 3700 2921 3755 narrationem
2958 3699 3120 3754 istam
3167 3698 3419 3752 monachi
3439 3698 3656 3753 Paehon
3681 3714 3699 3751 :

2128 3792 2393 3861 Διήγησις
2442 3789 2537 3843 τοῦ
2585 3789 2740 3860 ἁγίου
2790 3789 2987 3843 Νείλου
3040 3789 3169 3860 περὶ
3225 3790 3423 3859 Πάχων
3466 3787 3701 3857 πόλεμον

2129 3882 2382 3952 πορνικὸν
2415 3881 2713 3952 πάσχοντος
2741 3881 2833 3935 καί
2858 3880 3139 3942 νικῶντος.
3170 3879 3389 3950 "Et-spot
3421 3878 3480 3931 δὲ
3521 3878 3705 3945 λέγου-

2131 3989 2214 4025 σιν
2262 3968 2403 4025 εἶναι
2450 3970 2544 4025 τοῦ
2587 3971 2891 4042 Εὑαγρίου,
2938 3970 3142 4040 ὁμοίως
3196 3971 3255 4023 δὲ
3296 3972 3327 4024 ό
3373 3971 3491 4039 μετ’
3532 3966 3701 4038 αὐτὴν

2130 4061 2469 4131 Δογματικὸς
2500 4060 2679 4129 λόγος.
2723 4059 2984 4114 Narratio
3012 4061 3183 4114 sancti
3226 4058 3345 4113 Nili
3388 4060 3452 4112 de
3490 4058 3701 4112 Pachou

2127 4154 2357 4220 patiente
2403 4151 2598 4206 bellum
2641 4152 3017 4218 meretricium,
3057 4160 3106 4205 et
3139 4153 3392 4204 vincente.
3440 4150 3553 4203 Alii
3583 4164 3697 4203 vero

2127 4245 2309 4296 dicunt
2340 4240 2557 4312 Evagrii
2599 4258 2742 4303 esse:
2780 4251 2839 4296 ut
2885 4244 3086 4312 pariter
3113 4253 3161 4297 et
3197 4244 3285 4307 qui
3314 4252 3430 4311 post
3480 4258 3592 4296 eam
3622 4256 3703 4295 se-

2127 4336 2309 4405 quitur
2364 4349 2536 4388 sermo
2567 4332 2913 4402 Dogmoticus
2943 4351 2963 4389 :
2993 4344 3109 4389 erat
3138 4334 3193 4388 in
3224 4349 3328 4389 ms.
3353 4333 3551 4388 Codice
3575 4333 3703 4386 titu-

3564 308 3714 380 1335

454 4427 591 4493 gunt
620 4419 957 4487 conﬁrmatis
1005 4428 1117 4474 lum
1156 4421 1521 4500 suprascripta
1555 4421 1624 4475 de
1669 4436 1858 4487 causa,
1910 4433 2022 4476 tum
2059 4443 2101 4496 ι)
2130 4425 2213 4478 lus
2235 4424 2329 4478 τοῦ
2361 4424 2518 4491 ἁγίου
2550 4423 2781 4494 Evagrio
2813 4425 3142 4494 adscriptus,
3169 4438 3329 4494 quem
3370 4423 3566 4487 delevi,
3601 4435 3704 4475 no-
3762 4482 3771 4500 ἰ

454 4511 616 4583 vllam
650 4518 712 4578 ut
740 4519 1078 4579 assuescant,
1113 4511 1204 4579 qui
1231 4521 1630 4585 sacramentum
1671 4514 1815 4568 istud
1847 4515 2023 4570 susci-

454 4603 627 4675 piunt,
662 4601 854 4675 alapis,
884 4610 937 4671 et
977 4602 1283 4667 tormentis,
1314 4616 1436 4673 quae
1462 4609 1672 4674 tyranni
1726 4622 2026 4664 consueve-

459 4701 581 4745 tattl
607 4690 883 4747 Christum
930 4693 1314 4769 confitentibus
1354 4694 1572 4762 inferre,
1619 4715 1755 4763 neve
1792 4701 2026 4771 ignomi-

454 4785 564 4844 nia,
604 4799 706 4852 qua
739 4785 1065 4859 notabantur
1092 4786 1161 4841 ab
1202 4785 1467 4863 Etbtticis,
1511 4791 1913 4858 erubescerent,
1946 4794 2027 4848 uti

456 4874 624 4928 refert
677 4875 971 4945 episcopus
1015 4875 1293 4951 Mimaten.
1343 4878 1664 4941 Guillelnttls
1712 4883 2022 4948 limandus,

455 4965 550 5019 "ub.
606 4980 656 5018 vt
710 4965 1010 5039 Rationalis
1056 4968 1281 5025 divitior.
1314 4971 1528 5043 o/ﬁcior.
1558 4974 1600 5040 Ῑ.
1651 4972 1777 5039 206,
1831 4976 1937 5035 col.
1984 4991 2023 5028 ι.

455 5057 618 5108 tlartl.
650 5056 901 5126 Bcllartn.
935 5067 1066 5133 tom.
1100 5077 1138 5115 tt
1169 5073 1375 5131 contra.
1418 5065 1454 5117 ι.
1494 5081 1553 5128 ιι,
1584 5082 1630 5118 c.
1661 5066 1713 5127 5,
1761 5065 1835 5117 ait
1861 5081 2026 5135 quar-

458 5160 566 5199 tam
588 5151 963 5223 rzct'entoniatn
990 5152 1040 5204 in
1064 5155 1493 5228 conlirn‘tationis
1515 5164 1855 5221 Sacramcnlo
1881 5172 2023 5219 esse.

460 5249 517 5317 ut
550 5243 928 5314 conﬁrmatum
959 5244 1247 5317 episcopus
1284 5261 1446 5299 manu
1471 5246 1660 5311 leviter
1696 5246 1885 5309 cadat,
1918 5263 2031 5315 quo.

464 5332 728 5400 intelligat
780 5347 838 5386 se
902 5344 1093 5399 contra
1141 5334 1493 5407 ignominiam
1550 5344 1604 5388 et
1644 5336 1865 5390 verbera
1929 5354 2027 5409 pro

456 5424 675 5475 tito-isto
730 5420 951 5495 ferenda
987 5426 1255 5493 pra-cipue
1285 5439 1553 5495 armatum
1601 5427 1878 5496 patientia.
1912 5431 2022 5482 Ad-

459 5512 537 5562 ιλιι
576 5511 881 5576 Durandus,
917 5518 1190 5569 memoria:
1220 5518 1268 5570 id
1317 5533 1478 5572 eausa
1512 5517 1644 5581 ﬁeri,
1683 5527 1740 5570 ut
1774 5520 2027 5590 obsigna-

462 5604 550 5655 tas
581 5603 913 5666 recordetur,
963 5619 1094 5657 neve
1121 5606 1320 5657 oblivio
1365 5608 1709 5674 subreperet;
1744 5609 1886 5675 quod
1941 5609 2026 5661 Vi-
2050 5593 2072 5676 ,-

464 5701 727 5756 cq:(.antes,
760 5692 847 5743 lib.
878 5709 934 5754 ιι,
970 5711 1014 5748 ι’.
1050 5695 1106 5746 12
1148 5696 1215 5747 Dc
1255 5698 1424 5766 Anti/7.
1461 5700 1887 5767 (.‘ott/irntatimtia.
1929 5702 2025 5755 [ιις

1562 5874 1609 5886 ,ι-
1626 5882 1629 5885 .

2130 4524 2322 4585 tasque
2361 4515 2726 4571 consulendos
2760 4514 3022 4572 admonui
3057 4534 3073 4569 :
3102 4516 3290 4584 incipit
3335 4514 3554 4584 συνέϐη,
3587 4512 3700 4567 Το·

2125 4624 2216 4662 mo
2260 4606 2301 4663 ll
2332 4607 2670 4667 Bibliotheca!
2702 4606 2928 4661 Patrum
2959 4606 3401 4673 Graeco—Latinae,
3439 4622 3494 4673 ρ.
3540 4604 3697 4661 1011).

2128 4702 2409 4756 Ilabcntur
2447 4701 2563 4755 haec
2600 4701 2763 4754 etiam
2809 4701 2993 4756 omnia
3021 4701 3209 4755 Graece
3241 4716 3363 4769 cap.
3396 4700 3578 4755 itidem
3607 4697 3698 4765 86,

2130 4795 2221 4849 ubi
2256 4794 2473 4863 Evagrii
2534 4793 2879 4863 Origenistae,
2928 4795 3086 4849 istius
3127 4795 3353 4859 scilicet,
3387 4808 3575 4863 opera,
3605 4806 3699 4847 seu

2126 4884 2348 4939 Librum
2388 4894 2607 4941 exstare
2650 4886 2948 4942 adnotatur
2985 4887 3080 4941 lib.
3113 4902 3166 4950 v,
3202 4896 3257 4941 et
3279 4885 3566 4940 laudantur
3606 4882 3705 4936 So.-

2127 4989 2301 5033 crates
2330 4978 2425 5032 lib.
2457 4994 2510 5032 tv
2533 4976 2676 5033 Hist.
2717 4995 2767 5033 c.
2803 4980 2887 5041 18,
2926 4979 3219 5034 Sozomen.
3239 4980 3331 5033 lib.
3358 4994 3431 5045 vr,
3452 4994 3504 5033 c.
3528 4976 3617 5041 30,
3643 4985 3701 5030 et

2124 5071 2464 5138 Niccpltorus
2489 5070 2699 5124 Callisti
2718 5072 2896 5133 Iib.xt.
2927 5086 2976 5127 c.
2996 5071 3085 5127 42.
3109 5070 3298 5140 Incipit
3318 5072 3478 5127 etiam
3507 5071 3698 5140 Πάχων

2126 5179 2208 5224 τις
2239 5161 2462 5231 ὀνόματι
2494 5162 2620 5231 περὶ
2652 5161 2719 5215 τὰ
2748 5164 3115 5233 ἐϐδομήκοντα
3148 5163 3343 5227 ἐλάσας
3384 5163 3478 5233 ἔτη
3506 5159 3699 5214 ἑκαθέ-

2163 5270 2251 5305 ετο
2283 5254 2341 5305 ἐν
2369 5253 2584 5322 Σκήτει,
2617 5263 2671 5308 et
2695 5254 2896 5310 desinit
2922 5254 3022 5308 οὐκ
3048 5255 3131 5307 ἔτι
3161 5257 3408 5326 ἤγγισεν.
3454 5252 3579 5308 Haec
3604 5267 3698 5306 au-

2132 5351 2237 5395 tem
2268 5341 2504 5397 llistoria
2532 5341 2797 5398 Lausiaca
2829 5358 2858 5396 a
2882 5343 3125 5404 Palladio
3165 5345 3356 5399 Galata
3400 5343 3696 5410 Helenopo-

2130 5434 2299 5486 litano
2333 5433 2547 5500 (civitas
2597 5448 2719 5488 esse
2759 5433 3024 5506 Bithyniae
3069 5435 3288 5501 dicitur)
3327 5435 3582 5502 episcopo
3631 5431 3695 5485 ad

2128 5526 2367 5579 Lausum
2395 5527 2744 5596 praepositum
2780 5529 2981 5598 scripta
3020 5540 3123 5593 est,
3152 5529 3240 5599 qui
3277 5527 3549 5580 Palladius
3574 5541 3695 5580 cou-

2130 5617 2416 5671 suctudine
2436 5617 2790 5685 suprascripti
2820 5616 3054 5688 Evagrii,
3082 5634 3241 5687 quem
3267 5616 3473 5669 adierat
3498 5617 3549 5668 in
3575 5629 3689 5667 ere-

2133 5723 2240 5773 mo,
2277 5705 2526 5776 Origenis
2567 5707 2800 5763 infectus
2839 5709 3136 5773 erroribus,
3185 5706 3364 5761 Nitritr
3407 5707 3693 5775 trienniqu

3762 4496 3770 4517 Ι

3752 4591 3779 4651 ἑ
