4066 6146
156 3450 165 3487 5

156 3508 187 3595 \

188 3602 285 3857 .\

357 319 491 388 1337

1560 325 1657 386 DE
1697 325 2092 387 OPEBIBUS
2132 328 2173 387 S
2234 328 2415 392 NlLl.

3478 333 3618 402 i338

353 432 486 501 egit,
532 429 659 484 inde
706 428 1051 484 Palaestinam
1110 427 1388 498 profectus
1434 429 1659 488 Paulam
1712 435 1940 489 illismet
1973 444 2011 498 Α
2046 431 2266 500 tiarum,
2321 446 2539 492 centum
2581 437 2635 493 itt
2682 439 2917 511 capitula
2961 440 3228 511 digestum
3273 442 3621 501 anacboretit

358 536 710 591 corrumpere
744 519 947 577 frustra
983 528 1235 584 conatus,
1280 521 1557 579 obnitente
1584 534 1776 580 sancto
1807 524 1937 578 Hie-

360 628 616 685 ronymo,
668 612 975 683 Bithyniam
1010 612 1163 678 adiit,
1189 627 1357 682 seque
1402 614 1700 669 insinuavit
1743 623 1937 670 sancto

357 705 557 760 Joanni
593 705 1007 773 Chrysostomo,
1040 719 1069 757 a
1106 719 1216 773 quo
1260 720 1404 759 anno
1442 705 1644 761 Christi
1680 708 1808 771 400,
1838 709 1938 764 de-

361 797 594 849 stinatus
636 792 703 847 ad
733 792 1001 863 synodum
1047 792 1700 863 Constantinopolitanam
1729 796 1800 849 22
1821 796 1938 867 epi-

360 900 675 955 scoporum,
700 893 755 937 et
787 882 911 936 inde
939 882 1169 953 Romam
1202 886 1266 937 ad
1294 883 1666 940 Innocentium
1692 886 1935 956 primum

361 994 578 1048 papam,
608 990 719 1045 quo
752 973 967 1028 videtur
995 989 1093 1042 pro
1110 974 1329 1042 Pelagio
1360 977 1586 1031 rediisse
1616 992 1761 1032 anno
1789 980 1929 1047 417;

362 1071 416 1122 in
444 1068 687 1122 Siciliam
721 1064 926 1120 dicitur
964 1072 1121 1118 antea
1168 1065 1386 1120 venisse
1419 1081 1543 1120 cum
1577 1066 1804 1133 Melania
1840 1084 1930 1124 se-

361 1160 531 1223 niore,
565 1168 729 1224 atque
761 1155 908 1208 illius
947 1154 1260 1217 comitibus,
1291 1169 1436 1208 anno
1461 1154 1585 1220 408,
1626 1170 1748 1224 qua:
1787 1171 1933 1210 anno

358 1251 464 1305 572
514 1248 813 1319 Egyptum
884 1246 1100 1302 adierat
1154 1261 1277 1301 cum
1345 1245 1560 1300 Rnlﬁno
1605 1246 1930 1303 Monachum

359 1342 611 1411 professo
644 1361 659 1396 :
687 1339 1289 1409 Hiemosolymisdeinde
1317 1354 1441 1393 cum
1481 1339 1673 1396 eodem
1706 1355 1737 1392 a
1770 1340 1935 1409 Didy-

359 1451 449 1489 mo
472 1448 616 1489 caeco
641 1447 856 1488 errores
878 1432 1134 1485 hauserat
1167 1430 1438 1501 Origenis,
1467 1445 1606 1499 quos
1634 1445 1777 1484 anno
1828 1429 1933 1483 591

358 1526 588 1579 Romam
647 1523 895 1585 tendens,
951 1537 1207 1591 spargere
1257 1522 1515 1587 tentavit;
1562 1521 1705 1576 unde
1750 1520 1934 1574 Palla—

359 1617 509 1669 dinm
534 1623 690 1669 vocat
717 1613 1069 1667 mulierosum
1107 1613 1349 1667 Isidorus
1377 1612 1651 1667 Pelusiota
1673 1611 1933 1680 epist?“

361 1708 375 1760 l
404 1708 455 1761 b.
493 1724 551 1761 ιι.
572 1704 679 1761 Iste
706 1711 889 1759 autem
918 1703 1194 1759 Palladius
1225 1704 1426 1774 passim
1457 1705 1612 1758 audit
1643 1702 1787 1773 apud
1828 1703 1931 1758 SS.

2044 528 2402 609 inscriptum;
2448 540 2568 586 erat
2608 532 2755 586 enim
2780 541 2833 589 et
2873 533 2989 603 ipse
3019 533 3264 590 Bullinus
3303 536 3525 604 perinde
3552 552 3617 592 ac

2044 618 2305 688 Evagrius
2346 623 2648 679 monachus
2677 625 2779 695 (uti
2808 626 3058 695 superius
3084 625 3283 692 innui),
3321 625 3448 679 item
3483 641 3618 694 pau-

2042 724 2136 764 cas
2165 710 2479 768 Sententias
2512 714 2668 770 valde
2707 716 2973 771 obscuras
3003 712 3398 771 monachorum
3437 717 3617 771 cordi—

2041 803 2145 858 bus
2171 804 2302 859 solis
2350 807 2763 877 cognoscibiles,
2816 824 2954 879 quas
3000 809 3226 863 forsitan
3270 808 3617 863 Commenta-

2042 894 2182 949 rium
2209 895 2526 952 Gnosticum
2549 909 2708 954 vocat
2746 899 3019 963 Socrates,
3045 899 3251 960 Hister.
3271 898 3472 952 Eccles.
3505 899 3541 952 ι.
3565 913 3617 953 tv

2041 1002 2091 1041 c.
2118 988 2205 1052 18,
2238 988 2536 1056 Palladius,"
2557 989 2938 1061 Climacusque
2964 1000 3297 1055 memorant;
3328 991 3374 1045 is
3404 990 3469 1042 ad
3498 1005 3616 1043 mo—

2039 1080 2248 1133 nachos
2282 1088 2401 1133 erat
2422 1081 2685 1148 directus,
2717 1083 2907 1137 dubito
2932 1098 3003 1138 ne
3029 1084 3136 1137 sint
3162 1082 3450 1151 Κεφάλαια
3481 1098 3616 1149 γνω-

2042 1171 2208 1224 στικὰ
2258 1170 2531 1241 Εὑαγρίου
2606 1174 2877 1243 μοναχοῦ,
2929 1190 3050 1244 quae
3104 1183 3464 1228 numerantur
3506 1173 3611 1236 (il,

2038 1278 2269 1336 qumque
2303 1265 2438 1318 verti
2476 1266 2712 1320 eGneco
2743 1269 2905 1320 etiam
2955 1269 3069 1336 ipse
3125 1267 3180 1320 in
3227 1265 3501 1331 Latinum,
3529 1265 3616 1317 in-

2038 1360 2377 1428 cipiuntque,
2423 1360 2451 1410 ὁ
2494 1360 2727 1429 Χριστὸς
2755 1399 2768 1421 ,
2818 1355 2854 1434 ᾖ
2907 1360 3008 1430 μέν
3046 1361 3162 1412 ἔστι
3189 1359 3446 1430 Χριστὸς,
3500 1357 3613 1425 ἔχει

2037 1451 2134 1522 τὴν
2165 1450 2372 1519 γνῶσιν
2408 1451 2508 1521 τὴν
2554 1451 2806 1520 οὑσιὼδη,
2850 1461 2954 1506 etc.
3005 1450 3278 1515 Christus,
3323 1465 3423 1519 quo
3461 1459 3614 1518 pacto

2038 1543 2247 1612 quidem
2274 1542 2516 1598 Christus
2543 1551 2639 1608 est,
2679 1543 2832 1596 habet
2875 1545 3221 1613 cognitionem
3264 1540 3609 1595 essentialem.

2041 1633 2272 1702 Evagrio
2295 1646 2442 1690 certe
2476 1635 2792 1690 tribuuntur
2824 1637 2876 1689 in
2909 1635 3108 1691 Codice
3137 1633 3451 1695 Barberino,
3471 1640 3534 1695 et
3554 1631 3610 1685 in

2043 1724 2304 1780 Vaticano
2332 1725 2435 1779 635
2477 1727 2752 1781 desinunt.
2773 1728 2853 1780 Τὰ
2874 1726 2929 1780 δὲ
2949 1727 3076 1796 τρία
3119 1725 3357 1796 καθαρὰ,
3397 1723 3613 1778 ἀνείδεα

361 1800 753 1868 Hieronymum
782 1837 796 1861 ,
847 1804 903 1850 et
941 1795 1327 1866 Epiphanium,
1365 1797 1707 1865 Origenista,
1761 1804 1816 1850 et
1866 1796 1932 1851 ad

2049 1817 2094 1869 Βὲ
2125 1817 2296 1870 εἴκοσι
2324 1818 2487 1874 ὀκτώ.
2528 1819 2584 1873 Id
2630 1831 2734 1882 est,
2769 1819 2894 1873 Tres
2937 1836 3056 1872 vero
3087 1820 3291 1872 notitia:
3317 1832 3495 1885 purse;
3530 1817 3615 1867 itt-

360 1907 520 1960 quem
564 1898 781 1943 exstant
822 1889 995 1942 sancti
1042 1886 1146 1941 Nili
1193 1888 1434 1957 epistolas
1471 1887 1595 1943 dua:
1642 1887 1709 1942 ad
1747 1886 1938 1942 Mona-

361 1984 547 2045 chum,
580 1995 776 2051 nempe
810 1981 933 2043 155,
965 1980 1058 2033 lib.
1094 1996 1157 2042 ιι,
1192 1978 1353 2033 Allat.
1387 1979 1440 2033 in
1471 1994 1579 2047 qua
1627 1994 1753 2033 eum
1786 1994 1939 2033 com-

362 2085 511 2144 parat
546 2072 794 2127 Jonathae
822 2072 1128 2142 degustanti
1160 2072 1265 2127 mel
1294 2072 1596 2141 spirituale,
1628 2080 1683 2126 et
1717 2071 1938 2134 τελείως

363 2166 792 2237 κεκαθάρμενον,
811 2166 863 2224 id
888 2165 1238 2235 est,perfecte
1268 2174 1556 2235 purgatum
1588 2165 1684 2218 ait.
1720 2162 1779 2217 In
1807 2164 1938 2229 alia,

365 2260 569 2313 scilicet
612 2259 736 2323 134,
768 2258 1001 2311 allirmat
1046 2271 1170 2310 eum
1212 2254 1501 2326 ἀναζητεῖν
1558 2255 1771 2325 ὑψηλὰς
1801 2254 1941 2309 θεω-

370 2353 511 2422 ρίας,
546 2354 821 2421 requirere
859 2351 998 2405 altas
1027 2351 1536 2416 contemplationes,
1568 2349 1710 2405 forte
1735 2366 1859 2404 cum
1883 2350 1938 2405 in

369 2453 552 2498 monte.
580 2443 788 2504 Nitriae,
828 2453 991 2510 atque
1037 2441 1328 2499 solitudine
1376 2451 1720 2496 moraretur:
1747 2442 1943 2512 legitur

366 2546 415 2591 et
450 2536 547 2590 tib.
576 2552 654 2590 ιιι.
677 2536 829 2604 epist.
858 2533 987 2598 259,
1018 2534 1083 2589 ad
1109 2533 1409 2588 Palladium
1434 2534 1839 2605 Presbyterum,
1870 2550 1939 2589 an

367 2628 667 2683 eumdem?
708 2628 774 2683 de
826 2627 959 2691 Deo,
998 2627 1090 2696 qui
1147 2634 1406 2682 exoratus
1431 2627 1694 2696 disperdit
1744 2627 1941 2694 impias

366 2720 761 2789 cogitationes,
790 2718 1070 2773 Palladius
1095 2717 1361 2788 (inquam)
1391 2719 1443 2772 in
1472 2734 1534 2772 ea
1563 2717 1824 2773 Lausiaca
1850 2718 1945 2770 mi-

365 2812 533 2866 rilicis
559 2809 708 2863 eliert
742 2809 991 2864 laudibus
1010 2807 1298 2877 Evagrium
1336 2808 1621 2863 Ponticum
1649 2824 1680 2864 e
1726 2809 1943 2865 civitate

369 2902 669 2966 lbet-orum,
704 2917 825 2970 quae
878 2901 1021 2954 circa
1073 2900 1369 2954 Euxinum.
1402 2901 1505 2955 sita
1557 2910 1639 2955 est
1677 2903 1729 2955 in
1768 2902 1942 2956 Ponto

370 2992 623 3056 Amasim,
657 2991 738 3045 vel
762 2990 1142 3059 Ilelenoponti,
1169 3006 1274 3044 non
1308 2990 1362 3043 in
1400 2990 1806 3055 Polemoniaco,
1840 3009 1941 3046 na-

368 3094 482 3137 tum
515 3101 528 3136 :
563 3082 689 3136 hinc
737 3090 959 3136 sanctus
994 3082 1358 3153 Hieronymus
1389 3082 1803 3153 Hyperboritam
1848 3099 1941 3151 ap-

371 3173 567 3242 pellat,
633 3169 943 3240 Presbyteri
1002 3170 1205 3236 tilium,
1257 3171 1512 3224 lectorem
1569 3173 1878 3226 ordinatum
1911 3188 1942 3227 a

369 3275 556 3318 smcto
581 3262 781 3317 Basilio
809 3263 1062 3332 episcopo
1102 3262 1365 3317 Caesareae
1409 3264 1476 3317 ad
1514 3264 1785 3334 Argarum,
1829 3277 1942 3319 tum

367 3354 656 3406 diaconum
702 3360 1010 3421 promotum
1063 3367 1093 3405 a
1144 3362 1335 3407 sancto
1374 3353 1638 3424 Gregorio
1685 3354 1943 3409 Nazianz.

368 3445 459 3512 qui
508 3445 574 3498 ad
630 3445 923 3499 concilium
966 3444 1633 3516 Constantinopolitauum
1680 3450 1945 3504 accedens

369 3550 513 3591 anno
551 3535 645 3589 581
688 3536 930 3589 habitum
990 3551 1020 3589 a
1069 3537 1173 3590 130
1203 3537 1499 3606 episcopis,
1533 3539 1586 3591 in
1617 3554 1792 3609 coque
1822 3556 1947 3595 con-

371 3628 617 3681 ﬁrmatus
670 3626 1088 3695 Constantinop.
1142 3627 1450 3696 episcopus,
1513 3628 1752 3682 Maximo
1783 3630 1947 3700 Cyni-

370 3734 434 3770 co
463 3719 733 3787 deposito,
780 3726 832 3770 et
865 3716 1099 3785 Spiritus
1158 3718 1332 3772 sancti
1381 3718 1599 3770 decreta
1642 3718 1944 3784 divinitate,

366 3808 516 3875 juxta
560 3809 815 3863 volumen
845 3808 1064 3861 Patrum
1124 3808 1565 3872 occidentalium,
1619 3806 1685 3862 de
1733 3823 1842 3876 quo
1891 3809 1946 3861 in

298 3906 325 3973 κ,
368 3903 592 3957 (lunone
608 3904 803 3972 quinto
819 3902 979 3973 611
1003 3902 1202 3971 agitur,
1224 3900 1440 3970 reliquit
1459 3900 1772 3969 Evagrium,
1794 3915 1947 3953 com-

320 3970 359 4073 λζ
371 3995 750 4062 memlavitque
766 4008 887 4047 suct
900 3993 1074 4046 essuri
1098 4008 1199 4046 suo
1216 3990 1488 4045 Nectario.
1504 3990 1603 4044 Hic
1615 3999 1794 4044 autem
1810 3989 1951 4045 Eva-

354 4078 522 4146 ‘grius
572 4081 877 4147 discipulus
931 4079 1104 4134 sancti
1144 4079 1306 4149 Greg.
1346 4078 1609 4134 Nazianz.
1655 4088 1950 4147 censetur,

372 4168 558 4240 htpsus
601 4182 779 4226 tamen
831 4172 886 4225 in
925 4169 1178 4241 Origenis
1210 4178 1414 4225 sectam
1477 4169 1545 4224 ab
1573 4184 1662 4222 an.
1702 4169 1828 4235 579,
1859 4169 1951 4223 Di-

371 4242 534 4357 (ἰξιηο
593 4264 850 4328 docente;
888 4264 981 4318 sed
1033 4278 1153 4318 cum
1202 4262 1677 4330 Constantinopoli
1732 4261 1949 4315 diaconi

376 4352 690 4423 luugeretur
718 4368 966 4418 munere,
1001 4354 1072 4407 ibi
1106 4361 1441 4422 pertentatus
1475 4352 1542 4406 ab
1574 4365 1744 4406 uxore
1770 4353 1950 4421 cujus.

2041 1909 2234 1974 formes
2265 1926 2402 1972 vero,
2436 1927 2525 1963 seu
2572 1910 2858 1963 invisibiles
2906 1910 3088 1980 viginti
3135 1918 3272 1963 octo,
3319 1906 3615 1962 Sententia:

2046 2012 2232 2056 autem
2264 2000 2493 2056 forsitan
2527 2010 2684 2055 erant
2714 2001 2819 2055 illm
2844 2010 3082 2066 centum,
3124 2016 3260 2069 quas
3286 2016 3408 2053 mox
3438 1997 3613 2067 subji-

2042 2094 2127 2149 cio
2154 2109 2383 2148 numero
2414 2094 2501 2159 l5,
2528 2093 2594 2147 14
2639 2102 2693 2146 et
2724 2093 2811 2154 15,
2848 2091 3252 2161 praeferuntque
3290 2091 3506 2145 titulum
3523 2105 3615 2141 κε-

2041 2184 2285 2255 φαλαίων
2313 2185 2395 2252 λγ¹
2437 2185 2580 2238 κατὰ
2611 2178 2979 2238 ἀκολουθίανέ
3007 2184 3062 2237 id
3103 2195 3207 2246 est,
3245 2184 3477 2251 capitum
3520 2181 3612 2247 35,

2041 2293 2134 2347 per
2148 2278 2345 2348 gradus
2362 2275 2616 2346 quosdam
2636 2277 2804 2327 instar
2814 2275 3191 2343 consequenliw
3212 2273 3612 2341 dispositorum,

2043 2377 2157 2422 tum
2189 2367 2484 2421 νουθεσιῶν
2501 2365 2889 2435 πνευματικῶν
2917 2366 3038 2419 κατ’
3065 2364 3373 2433 ἁλφάΰητον
3403 2364 3611 2434 ἕτερον,

2045 2457 2421 2527 Spiritualium
2458 2456 2873 2509 admonitionum
2927 2454 3211 2508 secundum
3259 2451 3611 2522 alphabetum,

2043 2550 2307 2612 alterum;
2354 2554 2850 2616 computanturque
2894 2546 2998 2598 illa:
3021 2545 3112 2599 25.
3158 2544 3384 2599 Detnum
3418 2542 3614 2597 subse-

2043 2650 2281 2711 quuntur
2307 2640 2428 2694 aliae
2466 2654 2659 2708 nempe
2704 2637 3018 2701 Sententiae,
3064 2634 3614 2701 autAdmonitiones,

2042 2730 2462 2804 ἓτεραιγνῶμαι
2483 2730 2516 2801 ἦ
2534 2729 2825 2789 νουθεσίαι,
2860 2737 3322 2794 numeranturque
3351 2725 3439 2779 26.
3468 2724 3620 2778 Prin-

2045 2826 2244 2894 cipium
2264 2823 2638 2892 Capitulorum
2662 2831 2774 2875 est:
2794 2819 3008 2889 ῖκτερός
3041 2819 3188 2871 ἐστιν
3206 2817 3320 2881 ἕξις
3335 2818 3580 2888 χειρίστη
3598 2859 3616 2882 ,

2045 2917 2100 2970 id
2130 2924 2235 2981 est,
2274 2912 2492 2982 Morbus
2532 2919 2786 2980 orquatus
2828 2917 2904 2962 est
2948 2907 3158 2960 habitus
3187 2908 3443 2974 pessimus
3472 2924 3486 2961 :
3516 2906 3621 2959 ini-

2045 3009 2180 3062 tium
2213 3006 2442 3058 alterius
2472 3000 2758 3070 Alpltabeti
2791 2999 3223 3053 admonitionum
3252 2997 3616 3066 spiritualium

2046 3098 2126 3152 sic
2154 3105 2235 3150 est
2253 3102 2595 3163 conceptum,
2623 3092 2975 3154 ἆτοπὸνὲστι,
3006 3089 3058 3143 id
3085 3097 3168 3143 est
3194 3089 3481 3142 absurdum
3505 3099 3621 3142 est:

2047 3187 2281 3256 denique
2321 3185 2588 3254 incipiunt
2635 3183 2754 3237 alia:
2799 3182 3080 3236 sementim
3125 3181 3266 3250 ἀρχὴ
3299 3180 3538 3249 ἀγάπης,
3567 3180 3619 3233 id

2048 3292 2154 3343 est,
2209 3275 2532 3347 principium
2577 3273 2881 3337 charitatis,
2916 3270 3302 3340 continentque
3347 3270 3624 3323 Abeceda-

2050 3371 2191 3424 rium
2223 3368 2475 3437 amplius,
2510 3376 2563 3419 et
2595 3364 2859 3418 collectus
2904 3377 3166 3417 numerus
3198 3362 3435 3430 capitum
3472 3362 3541 3416 55
3570 3370 3625 3417 et

2047 3464 2119 3518 25
2146 3474 2196 3516 et
2227 3462 2297 3516 26
2319 3459 2562 3529 exsurgit
2590 3456 2658 3511 ad
2682 3457 2749 3511 84
2773 3474 2788 3522 ;
2817 3455 3016 3525 quibus
3045 3456 3089 3508 si
3108 3454 3372 3523 adieceris
3397 3454 3467 3507 25
3498 3470 3623 3508 νου-

2050 3558 2258 3619 θεσίας,
2311 3556 2425 3611 sive
2463 3553 2689 3624 γνώμας
2743 3552 3078 3624 δογματικὰς
3130 3554 3249 3606 κατ’
3289 3550 3622 3622 ἀλφάϐητον,

2049 3663 2169 3717 quae
2200 3647 2269 3699 ab
2310 3645 2612 3700 llolsteinio
2647 3645 2994 3698 vindicantur
3044 3657 3234 3696 omnes
3277 3641 3526 3708 Evagrio,
3573 3647 3629 3695 et

2051 3738 2379 3792 inchoantur
2412 3734 2613 3807 ξ’Ᾱρχὴ
2642 3735 2852 3803 σοφίας,
2883 3736 2967 3788 vel
3016 3732 3314 3803 σωτηρίας,
3351 3733 3629 3787 adnotavit

2052 3831 2196 3886 enim
2237 3831 2317 3883 vir
2366 3830 2560 3882 doctus
2621 3828 2753 3881 istas
2795 3824 3020 3895 γνώμας
3065 3825 3388 3886 sententias,
3442 3834 3536 3878 aut
3580 3824 3627 3879 si

2053 3921 2210 3974 malis
2247 3917 2550 3981 νουθεσίας,
2600 3915 2697 3967 καὶ⁸
2742 3913 3012 3981 κεφάλαια
3041 3951 3055 3976 ,
3104 3913 3155 3966 id
3184 3922 3267 3967 est
3305 3912 3630 3965 Admonitio-

2054 4030 2140 4068 ues
2184 4023 2231 4066 et
2283 4008 2533 4078 Capitula
2578 4006 2792 4077 Evagrii
2845 4005 3018 4073 Opera
3064 4018 3208 4067 esse,
3242 4018 3335 4057 seu
3377 4003 3631 4074 παραινέ-

2055 4121 2188 4169 σεις,
2230 4103 2282 4157 id
2314 4112 2395 4157 est
2425 4101 2587 4173 612
2607 4098 3035 4161 Adhortationes,
3060 4110 3124 4147 ex
3152 4093 3503 4162 inscriptione
3530 4110 3629 4146 an-

2054 4189 2349 4259 tiquissimi
2380 4189 2585 4243 codicis
2614 4186 2730 4239 BB.
2769 4184 2871 4239 BB.
2923 4183 2987 4237 Et
3011 4182 3139 4252 quia
3195 4182 3438 4251 ejusdem
3492 4181 3632 4235 Eva-

2055 4283 2155 4353 grii
2197 4281 2419 4336 nomine
2450 4279 2650 4348 passim
2703 4278 2944 4331 citantur
2979 4274 3034 4329 in
3065 4273 3276 4327 Melissa
3305 4274 3476 4327 sancti
3516 4272 3631 4325 Ma—

2056 4373 2211 4434 ximi,
2243 4380 2294 4426 ct
2333 4369 2578 4434 Antonii,
2626 4369 2730 4423 etsi
2764 4365 2885 4420 Nilo
2930 4365 3304 4420 inscribantur
3337 4362 3388 4415 itt
3433 4362 3633 4415 Biblio-

374 4448 503 4533 dant
538 4462 568 4502 e
606 4447 897 4515 praefectis,
934 4457 989 4501 et
1018 4449 1136 4501 visu
1175 4448 1398 4501 territus
1428 4447 1643 4517 cogitur
1691 4450 1944 4501 excedere

2061 4466 2217 4521 theca
2251 4464 2507 4518 Veterum
2537 4464 2757 4518 Patrum
2788 4459 3191 4516 Graeco-Latina
3226 4455 3452 4511 Parisiis
3488 4454 3633 4508 edita

375 4530 562 4594 divino
587 4541 845 4609 impulsu.
880 4538 1163 4594 Melaniam
1214 4540 1398 4610 itaque
1445 4540 1718 4595 seniorem
1766 4540 1955 4595 invisit

280 4701 293 4713 .
374 4631 768 4702 Hierosolymis
801 4642 1127 4695 versantem,
1170 4641 1224 4686 et
1253 4632 1479 4687 adluesit
1510 4633 1592 4699 ei;
1629 4648 1864 4702 eumque
1897 4632 1952 4686 in

376 4730 629 4783 morbum
675 4729 977 4796 incidisset,
1020 4729 1247 4809 Melania
1279 4731 1453 4784 induit
1494 4745 1618 4784 eum
1654 4729 1840 4783 habitu
1874 4728 1956 4800 (ut

375 4824 651 4878 Palladius
690 4824 906 4886 asserit)
940 4825 1267 4888 monastico,
1292 4835 1344 4876 et
1375 4825 1582 4877 dimisit
1605 4826 1671 4878 ad
1713 4833 1951 4879 montem

377 4913 586 4979 Nitrim,
644 4916 734 4968 ubi
801 4931 895 4984 per
940 4916 1221 4969 biennium
1267 4927 1636 4971 commoratus
1681 4926 1796 4982 est;
1839 4926 1953 4971 tum

379 5007 512 5060 abiit
544 5009 595 5060 in
629 5008 1004 5071 solitudinem,
1043 5008 1225 5076 ibique
1255 5023 1428 5061 annos
1450 5010 1861 5077 quatuordecim
1898 5009 1952 5061 in

375 5100 564 5157 Celiiis
594 5102 748 5163 vixit.
798 5101 1059 5155 insistens
1088 5099 1311 5169 jejuniis
1343 5107 1396 5154 et
1445 5102 1806 5163 orationibus,
1839 5102 1955 5154 lun-

378 5207 611 5261 gantqne
639 5193 931 5263 eotnplevit
973 5200 1221 5246 aetatem:
1256 5192 1564 5262 composuit
1596 5193 1858 5261 plurimos
1895 5193 1927 5244 li

377 5284 528 5337 bros.
566 5279 733 5347 Οὗτος
757 5284 962 5354 ἔγραψε
993 5285 1247 5356 διὰιρορα,
1281 5285 1377 5338 καὶ
1418 5285 1722 5353 ὑπόμνημα
1752 5286 1830 5346 εἰς
1864 5286 1958 5349 τὰς

379 5376 689 5446 Παροιμίας
723 5375 811 5429 τοῦ
851 5376 1212 5446 Σολομῶντος.
1246 5377 1349 5430 Iste
1378 5375 1592 5444 scripsit
1635 5377 1869 5436 diversa,
1910 5390 1963 5431 et

383 5465 849 5518 Ctnuntenlarimn
916 5466 967 5518 in
1024 5466 1313 5518 Proverbia
1375 5463 1687 5517 Salomonis
1745 5466 1962 5533 (inquit

386 5556 603 5625 Suidas)
634 5556 698 5609 ad
733 5556 971 5625 virgines
1022 5556 1130 5608 Deo
1165 5564 1431 5615 sacratas,
1470 5555 1709 5607 libellum
1740 5570 1960 5624 compe-

383 5657 582 5701 tentent
614 5646 767 5699 sexui
791 5657 843 5700 et
868 5648 1137 5713 religioni,
1164 5664 1189 5697 ιι
1218 5646 1429 5698 llnllino
1454 5646 1769 5715 presbytero
1798 5648 1964 5715 Aqui-

388 5743 576 5796 leiensi
613 5756 825 5795 \‘Ci'Stttll
866 5744 918 5795 in
957 5741 1232 5807 Latinum,
1256 5743 1392 5795 sicut
1422 5752 1471 5795 ct
1505 5741 1698 5793 librum
1736 5740 1965 5794 Senten-

2058 4572 2202 4612 anno
2239 4555 2404 4620 1624,
2429 4568 2624 4624 nempe
2650 4552 2840 4623 viginti
2866 4560 2974 4607 tres
3002 4560 3292 4622 postremas
3322 4546 3484 4601 simul
3512 4560 3632 4599 cum

2059 4647 2181 4701 aliis
2216 4646 2347 4709 206,
2384 4660 2521 4714 quas
2570 4646 2689 4714 ipse
2729 4644 2912 4709 omisi,
2954 4642 3078 4713 quia
3118 4641 3282 4696 vertit
3323 4654 3417 4693 eas
3467 4636 3635 4690 Ziuus

2061 4741 2464 4807 suprascriptus
2490 4736 2704 4798 Latine,
2739 4735 3086 4804 Venetiisqne
3115 4729 3638 4803 promulgavitanno

2060 4831 2219 4895 1574,
2260 4841 2313 4884 et
2355 4830 2644 4898 incipiunt,
2673 4829 2841 4881 Φόϐον
2867 4827 2957 4897 ἔχε
2991 4825 3145 4888 Θεοῦ,
3177 4824 3229 4878 id
3261 4833 3363 4885 est,
3399 4823 3636 4873 timorem

2059 4924 2188 4976 habe
2232 4922 2325 4976 Dei
2357 4941 2373 4982 :
2404 4932 2456 4976 et
2487 4923 2539 4975 in
2565 4920 2857 4974 Parisiensi
2901 4917 3139 4970 editione
3171 4914 3355 4969 Graece
3394 4929 3457 4966 ac
3488 4909 3637 4963 Lati-

2062 5030 2129 5068 ne
2156 5016 2319 5068 simul
2359 5022 2610 5075 exstanl;
2649 5009 2941 5062 Latinitate
2989 5017 3169 5059 autem
3206 5002 3403 5058 donavi
3436 5001 3504 5055 ’ὀῦ
3530 4999 3637 5054 Ca»

2061 5108 2254 5177 pilnla,
2303 5104 2666 5159 Alietsedarias
2703 5102 2899 5154 alteras
2938 5097 3339 5151 admonitiones
3382 5094 3453 5148 25
3481 5102 3534 5148 et
3566 5090 3638 5146 96

2063 5220 2137 5255 set
2165 5202 2383 5265 tentias,
2416 5214 2536 5266 qua:
2569 5212 2675 5250 una
2726 5210 2848 5248 cum
2888 5190 3076 5261 viginti
3131 5191 3304 5243 tribus
3339 5190 3638 5254 exsurgunt

2062 5295 2129 5348 ad
2162 5294 2305 5355 107;
2359 5296 2695 5359 possuntque
2749 5282 3044 5336 Sententia:
3100 5279 3202 5331 illm
3245 5289 3459 5333 centum
3517 5287 3638 5329 esse

2063 5382 2303 5451 Evagrii,
2341 5396 2478 5451 quas
2502 5378 2752 5430 Ruiiinus
2771 5373 2961 5426 Latine
2997 5371 3177 5430 vertit,
3207 5372 3345 5422 sicut
3377 5368 3495 5420 alia:
3530 5378 3639 5418 m0-

2069 5475 2369 5527 nachorutn
2404 5470 2663 5525 cordibus
2699 5463 3093 5533 cognoscibiles
3124 5461 3374 5514 videntur
3405 5472 3526 5512 esse
3546 5472 3639 5508 κε-

2069 5564 2272 5631 egi-lata
2316 5558 2596 5614 Γνωστικὰ
2650 5556 2857 5624 Evagrii
2889 5593 2902 5616 ,
2958 5550 3305 5621 quantumvis
3359 5548 3424 5600 ad
3482 5560 3634 5598 oram

2071 5655 2424 5719 tltttlztts‘t‘l'ipll
2454 5648 2656 5702 codicis
2683 5645 3030 5704 Barberini,e
3053 5658 3159 5709 quo
3190 5639 3454 5705 exsoripta
3484 5644 3631 5695 sunt,

2071 5748 2337 5812 apt-iitum
2364 5745 2427 5796 sit
2460 5756 2517 5792 ca
2542 5740 2592 5791 in
2630 5741 2813 5794 codice
2844 5737 3098 5790 Vaticano
3128 5731 3255 5784 143i
3288 5730 3636 5794 ἁπτῖξγραφα
