4066 6146
515 283 648 352 1339

1435 286 1583 346 JOS.
1619 287 1884 348 MAR”!
1918 287 2277 349 SUARESII
2321 287 2820 349 DISSERTATIO

3626 291 3781 356 1310

504 399 789 466 exsistere,
838 405 894 453 et
921 411 1045 453 esse
1096 395 1228 463 Nili,
1274 396 1345 451 ab
1378 397 1631 467 ipsemet,
1684 415 1862 471 neque
1907 400 2087 465 fallor,
2120 406 2165 462 Α
2261 399 2489 469 Evagrii
2511 399 2754 470 quidem,
2785 407 2840 453 et
2864 395 2970 453 Nili
3002 399 3264 468 opuscula
3290 401 3362 453 ita
3406 411 3533 456 sunt
3561 411 3776 472 pcrmi-

509 489 831 552 llolsteinio,
855 489 950 559 qui
985 498 1167 543 tamen
1211 489 1326 544 haec
1377 489 1566 545 omnia
1609 490 1831 546 demum
1871 491 2085 561 Evagrii

508 600 634 643 esse
664 584 798 639 vult.
831 582 964 637 Utut
1000 582 1094 649 sit,
1127 582 1539 640 lucubrationes
1568 584 1735 641 hasce
1781 586 1919 641 duas
1948 586 2086 639 Eva-

513 676 638 747 grii,
670 690 793 744 quae
828 674 898 729 ad
939 671 1321 741 anachoretas,
1366 683 1422 730 et
1450 676 1758 733 monachos
1793 676 2083 746 pertinent,

508 766 761 821 Bullinus
798 766 1183 836 interpretatus
1205 774 1308 827 est,
1346 766 1421 820 uti
1445 766 1710 821 Libellum
1734 765 1802 820 ad
1838 763 2086 835 Virgines

509 855 622 909 Deo
661 855 907 921 devotas,
944 854 1078 925 quin
1121 863 1176 910 et
1201 854 1511 910 Doetrinam
1563 864 1745 922 aptam
1782 854 1905 909 vitae
1937 870 2087 909 com-

507 945 694 1001 munis
723 945 1034 1010 cenabitis,
1081 953 1137 1000 et
1175 944 1452 1017 Synoditis
1481 944 1550 1000 ad
1599 943 1880 1015 Virginem
1922 943 2086 999 Mela-

505 1037 654 1091 niam
677 1036 748 1091 ab
784 1036 974 1091 eodem
1009 1035 1243 1107 Evagrio
1264 1037 1500 1107 scriptae,
1532 1036 1676 1092 sicut
1705 1045 1929 1093 sanctus
1955 1036 2084 1092 liieo

504 1138 768 1195 ronymus
797 1132 1065 1190 testatur;
1091 1124 1313 1194 insuper
1345 1126 1541 1181 librum
1580 1127 1657 1182 De
1688 1127 1809 1181 vitis
1831 1126 2080 1191 Patrum,

505 1215 553 1269 si
585 1230 694 1285 qua
729 1214 864 1272 lldes
886 1216 1192 1281 Gennadio,
1222 1227 1277 1271 et
1306 1227 1431 1271 octo
1453 1218 1643 1284 libros,
1658 1233 1797 1287 quos
1825 1218 2085 1289 opposuit

505 1306 777 1377 Evagrius
806 1307 1069 1365 adversus
1098 1316 1224 1364 octo
1254 1309 1638 1380 principalium
1668 1310 1923 1367 vitiorum
1953 1327 2085 1383 sug-

505 1394 818 1464 gestiones,
868 1412 1010 1467 quos
1059 1396 1378 1453 Gennadius
1426 1399 1616 1469 jussus
1663 1399 1856 1455 Latine
1902 1402 2082 1457 reddi-

503 1485 911 1555 ditzpraeterea
959 1486 1216 1553 Librum,
1265 1505 1357 1545 seu
1410 1488 1746 1546 Sententiam
1798 1492 1928 1562 περὶ
1979 1492 2080 1561 τῆς

501 1576 795 1641 ἀπαθείας,
829 1579 897 1634 de
946 1579 1391 1650 impossibilitate
1417 1622 1434 1649 ,
1467 1583 1582 1638 sive
1615 1583 2081 1653 impcrturbabili-

503 1676 634 1734 tate,
667 1670 767 1739 qui
812 1667 1121 1740 Pelagianis
1150 1688 1340 1727 ansam
1389 1674 1640 1743 praebuit,
1684 1691 1917 1743 quorum
1949 1690 2079 1745 epe-

2189 498 2295 553 sta,
2328 499 2383 546 et
2414 491 2641 558 inserta,
2673 503 2741 545 ne
2770 490 2948 545 (licam
2981 490 3212 546 confusa
3261 492 3314 545 in
3345 493 3587 562 antiquis
3607 498 3776 552 codi-

2187 581 2347 636 cibus
2393 581 2604 636 calamo
2655 581 2916 647 exaratis,
2970 590 3031 635 ut
3061 595 3204 651 a-gre
3246 581 3486 638 discerni
3530 587 3774 656 possint,

2192 672 2536 742 arduumque
2560 671 2957 742 sitdijudicare
3000 671 3068 726 ad
3100 686 3262 742 quem
3305 687 3370 727 ex
3404 674 3490 729 his
3524 689 3590 729 ea
3645 692 3774 747 spe-

2186 770 2333 817 ctent
2357 761 2705 816 librariorum
2729 776 2923 817 errore
2939 762 3128 817 titulos
3149 777 3435 833 perperam
3454 764 3769 823 inscriben-

2186 854 2324 910 tium
2359 872 2373 909 :
2404 853 2578 924 stylus
2610 853 2727 924 ipse
2753 867 3126 923 compressus,
3165 865 3220 909 et
3253 855 3308 908 in
3333 864 3548 912 arctam
3578 858 3769 916 coiens

2186 945 2242 1000 in
2270 944 2544 1015 capitulis,
2577 944 2889 1011 sententiis,
2930 952 3096 1015 atque
3140 944 3396 1003 brevibus
3438 948 3770 1004 admonitio.

2185 1034 2348 1091 nibus
2376 1050 2484 1091 non
2523 1044 2609 1091 est
2635 1036 2772 1091 satis
2801 1045 2985 1091 certus
3048 1050 3114 1091 ac
3152 1046 3305 1093 tutus
3331 1036 3515 1105 index,
3561 1040 3766 1094 chara-

2184 1135 2409 1199 cterque
2435 1127 2693 1185 dictionis
2735 1141 3130 1197 nonnunquam
3163 1129 3328 1184 etiam
3378 1130 3556 1187 fusius
3587 1147 3765 1188 emn-

2183 1214 2368 1271 dantis
2390 1215 2615 1270 minime
2659 1214 2863 1285 arguit,
2888 1214 3147 1284 clareque
3170 1215 3427 1285 patefacit
3455 1227 3761 1283 auctorem,

2191 1306 2383 1362 eadem
2407 1305 2476 1361 de
2516 1305 2768 1372 materia,
2799 1306 2992 1360 eadem
3020 1314 3204 1373 aetate,
3241 1307 3296 1360 in
3325 1308 3516 1365 eadem
3552 1308 3763 1378 profes-

2183 1396 2336 1452 sione
2374 1396 2754 1452 disserentem.
2797 1396 2888 1452 llle
2917 1396 3033 1467 ipse
3072 1395 3343 1463 Socrates,
3375 1399 3470 1468 qui
3515 1400 3649 1453 vixit
3671 1417 3758 1463 eo.

2180 1502 2290 1558 quo
2324 1484 2479 1542 Nilus
2508 1497 2563 1542 et
2598 1487 2865 1557 Evagrius
2899 1488 3132 1544 ﬂoruere
3179 1489 3400 1552 saeculo,
3419 1490 3609 1544 tribuit
3628 1490 3761 1544 Eva.

2181 1577 2301 1649 grio
2346 1577 2542 1632 librum
2590 1578 2664 1633 De
2688 1580 2917 1633 ascetira
2958 1581 3089 1643 vita,
3130 1580 3245 1635 sive
3288 1581 3608 1647 aseeticum,
3633 1598 3758 1636 cum

2183 1678 2364 1723 tamen
2394 1668 2578 1724 nullus
2621 1669 2895 1724 inlicietur
2937 1669 3120 1725 Nilum
3148 1669 3268 1740 ejus
3306 1682 3583 1728 auctorem
3615 1689 3755 1729 esse.

503 1773 624 1811 rum
648 1768 854 1828 septem
877 1759 1145 1830 interpres
1161 1761 1388 1820 Latinus
1414 1765 1514 1819 fuit
1533 1766 1799 1830 Rullianus,
1824 1766 1890 1821 ad
1913 1744 2078 1836 quem
2111 1744 2151 1799 Β
2184 1759 2415 1830 Evagrio
2439 1772 2657 1829 quoque
2685 1761 3034 1816 ascribuntur
3052 1761 3156 1817 150
3180 1763 3483 1826 sententia.
3508 1773 3563 1818 et
3581 1765 3754 1833 capita

500 1848 816 1919 ἡσυχαστὴν
870 1850 1091 1919 scripsit
1146 1852 1321 1919 Nilus,
1369 1855 1447 1908 uti
1501 1855 1753 1923 superius
1799 1856 2077 1919 adnotavi,

502 1939 595 2006 qui
629 1936 881 2009 Origenis
906 1955 1125 2011 quoque
1146 1942 1314 2000 libros
1340 1943 1494 2000 Latio
1521 1946 1688 2010 dedit,
1718 1946 1812 2001 sed
1846 1946 2077 2002 infelici-

504 2039 624 2096 ter;
668 2045 794 2084 nam
838 2031 971 2085 tanti
1004 2031 1127 2096 viri,
1179 2048 1309 2103 quo,
1360 2035 1449 2090 ubi
1490 2036 1626 2091 bene
1685 2037 1875 2099 sensit,
1917 2053 2078 2091 nemo

502 2121 722 2183 melius,
766 2123 858 2177 ubi
890 2122 1052 2188 male,
1087 2139 1248 2179 nemo
1282 2125 1457 2195 pejus,
1490 2142 1706 2183 errores
1754 2129 1990 2191 imbibit,
2024 2137 2077 2183 et

498 2223 592 2266 eos
625 2213 788 2267 tutari
817 2213 947 2268 dum
974 2224 1225 2278 conatur,
1261 2216 1445 2285 lapsus
1475 2228 1560 2274 est
1587 2220 1836 2288 turpiter.
1873 2235 1937 2274 ac
1968 2219 2077 2290 glo-

496 2301 611 2366 riae,
641 2317 806 2371 quam
838 2322 868 2359 e
899 2307 1146 2361 versione
1168 2305 1422 2361 Historia:
1448 2307 1822 2365 ecclesiastica:
1852 2307 2073 2365 Eusebii

493 2387 873 2456 Caesariensis,
901 2393 989 2446 cui
1023 2393 1164 2449 duos
1191 2395 1361 2450 libros
1407 2396 1658 2461 attexuit,
1690 2407 1879 2467 totque
1909 2396 2073 2452 Volu-

495 2479 707 2535 tninum
733 2480 834 2536 SS.
866 2481 1075 2549 Basilii,
1105 2485 1350 2556 Gregorii
1377 2484 1726 2549 Nazianzeni,
1749 2498 1804 2543 et
1837 2489 2068 2543 aliorum

493 2569 596 2625 sibi
641 2581 1045 2641 construxerat,
1091 2578 1368 2631 cumulum
1402 2580 1567 2634 diruit
1617 2579 1720 2634 ltoc
1768 2581 1942 2650 lapsu,
1977 2581 2071 2636 de-

494 2670 745 2718 mortuus
777 2664 830 2718 in
881 2665 1099 2733 Sicilia;
1152 2679 1341 2723 sancto
1375 2669 1708 2741 Hieronymo
1745 2672 1941 2735 indice,
1976 2674 2070 2737 qui

490 2770 617 2809 eum
653 2752 963 2825 Scorpinm,
990 2768 1043 2813 et
1081 2759 1388 2815 Grunnium
1417 2772 1595 2825 vocat,
1624 2774 1677 2817 et
1724 2763 1915 2818 scribit
1945 2763 2069 2819 Tri—

492 2845 695 2900 nacria:
737 2845 905 2900 humo
952 2851 1124 2917 premi
1175 2849 1316 2904 inter
1347 2848 1675 2906 Enceladum
1717 2863 1771 2908 et
1826 2854 2068 2927 Porphy-

494 2937 658 3003 rium,
688 2936 741 2990 in
766 2941 1000 3006 primum
1029 2938 1492 2996 Commentariun:
1515 2943 1582 2997 ad
1611 2942 1807 3000 Ezech.
1841 2947 1892 3001 in
1920 2948 2064 3002 Prae-

492 3028 587 3084 [ιιι.
639 3030 705 3084 ad
740 3028 1096 3087 Eustocbitnu
1129 3043 1262 3087 tom.
1296 3033 1359 3089 IV
1381 3075 1397 3100 ,
1436 3052 1557 3108 pag.
1585 3039 1711 3095 550.
1744 3039 1798 3093 id
1850 3050 1952 3104 est,
1998 3042 2067 3096 ad

491 3120 737 3176 JEtuam.
787 3123 1095 3179 (Iardinalis
1135 3125 1402 3183 Barunius
1453 3131 1746 3183 verisimile
1801 3139 1957 3199 putat
2002 3147 2067 3187 eo

493 3209 768 3266 Bullinum
811 3228 936 3268 cum
980 3214 1209 3269 Melania
1232 3216 1566 3285 confugisse,
1601 3228 1761 3287 capta
1800 3219 1968 3274 Roma
1998 3223 2066 3275 ad

492 3317 623 3357 ann.
652 3302 714 3358 C.
744 3303 870 3359 410.
922 3304 1131 3359 Laudat
1172 3322 1295 3360 eum
1337 3318 1561 3363 sanctus
1593 3308 1873 3374 Paulinus,
1905 3314 2062 3380 epist.

494 3396 528 3447 υ
574 3395 639 3445 ad
674 3394 962 3461 Severum,
1010 3395 1309 3464 scribitque
1344 3399 1411 3452 ad
1443 3400 1694 3453 eumdem
1726 3401 1886 3468 epist.
1914 3403 1979 3455 47
2014 3415 2067 3458 et

492 3484 584 3538 48.
634 3482 1068 3553 Origenistarum
1115 3488 1507 3557 antesignanus
1553 3489 1659 3544 luit
1706 3492 1961 3556 habitus,
2010 3496 2063 3547 in

492 3590 655 3644 quem
697 3584 922 3631 sanctus
961 3575 1324 3649 Hieronymus
1355 3582 1483 3636 olim
1527 3586 1712 3639 socius
1745 3595 1799 3639 et
1831 3587 2063 3650 amicus,

494 3666 694 3736 stylum
726 3666 863 3720 adeo
890 3668 1087 3723 acerbe
1126 3670 1397 3741 stringere
1442 3684 1667 3731 coactus
1725 3687 1827 3732 est.
1864 3679 2065 3733 Dolen—

493 3757 623 3811 dum
671 3757 917 3827 profecto
956 3760 1023 3816 de
1060 3761 1305 3833 Didymi,
1349 3764 1610 3831 Melaniae,
1639 3768 1887 3833 Palladii,
1925 3770 2064 3824 lava-

493 3848 617 3917 grii,
660 3847 972 3918 Rullinique
1014 3853 1255 3918 casibus,
1291 3865 1345 3909 et
1388 3857 1570 3912 stellas
1639 3860 1802 3915 hasce
1829 3862 2064 3917 caducas

492 3935 753 3994 Ecclesiae
788 3938 987 3996 deﬂere
1024 3942 1347 3999 deberemus
1382 3948 1644 4015 amarius,
1689 3949 1791 4004 nisi
1820 3952 2060 4021 suspica-

493 4042 678 4082 remttr
707 4029 775 4084 ab
808 4030 893 4086 ltis
928 4047 1036 4086 non
1071 4041 1179 4086 tam
1213 4045 1479 4103 proterve,
1513 4046 1731 4107 tamque
1769 4043 2061 4110 pertinaci-

491 4129 573 4173 ter
595 4135 789 4189 pravas
817 4119 1066 4193 Origenis
1091 4125 1375 4194 Opiniones
1405 4126 1573 4184 fuisse
1594 4128 1865 4192 defensos.
1901 4134 2061 4205 613

489 4213 740 4281 quamvis
758 4223 815 4269 ut
832 4230 1011 4271 scenae
1026 4219 1310 4287 servirent,
1333 4220 1410 4274 ira
1426 4230 1793 4277 transversum
1812 4227 1936 4289 acti,
1953 4244 2062 4281 cer-

491 4304 750 4373 landique
772 4305 1047 4372 studio,et
1061 4308 1241 4363 calore
1258 4308 1536 4377 lueriut,et
1556 4315 1772 4370 nomine
1794 4315 2057 4387 Pamphili

2183 1858 2306 1904 octo
2349 1852 2615 1905 adversus
2661 1859 2786 1905 octo
2838 1851 3184 1916 vitiositates,
3218 1868 3341 1923 qua:
3368 1851 3557 1907 Latine
3598 1855 3757 1909 vertit

2183 1941 2363 1994 omnia
2395 1941 2711 1996 Gennadius
2730 1980 2745 2005 ,
2777 1955 2845 1995 an
2870 1940 3154 1999 Bullinus?
3179 1959 3285 1997 non
3310 1953 3491 1999 autem
3525 1945 3657 2000 liber
3687 1947 3756 2002 de

2183 2026 2320 2085 Vitis
2350 2029 2598 2095 Patrum,
2631 2031 2683 2085 in
2715 2032 2915 2101 quibus
2953 2041 3163 2088 tantum
3187 2034 3436 2089 laudatur
3467 2034 3750 2105 Evagrius,

2183 2130 2241 2175 ut
2298 2122 2409 2176 vult
2453 2120 2789 2194 Rosweydus
2833 2120 2887 2175 in
2930 2121 3251 2179 Lausiacam
3304 2123 3552 2186 Palladii.
3602 2136 3658 2179 et
3702 2127 3752 2180 in

2178 2217 2578 2286 prolegomenis
2622 2217 2690 2271 ad
2728 2214 2876 2271 Vitas
2912 2214 3158 2269 Patrum.
3190 2214 3246 2268 lu
3281 2215 3535 2272 conlcsso
3572 2226 3752 2271 autem

2176 2316 2258 2364 cst
2285 2308 2541 2363 omnibus
2568 2308 2763 2363 harum
2808 2307 2911 2362 l50
2935 2308 3355 2374 sententiarum,
3384 2308 3531 2364 sicut
3552 2319 3608 2363 et
3632 2309 3752 2364 libri

2176 2396 2435 2450 adversus
2456 2403 2582 2449 octo
2600 2394 2929 2450 vitiositates
2956 2404 3239 2449 auctorem
3256 2409 3380 2449 esse
3396 2392 3602 2450 Nilum.
3625 2395 3752 2450 Vide

2174 2490 2504 2544 cardinalcm
2562 2490 2852 2545 Baronium
2912 2489 2968 2544 in
3009 2499 3124 2543 not.
3178 2490 3244 2544 ad
3309 2488 3748 2561 Martyrologium

2175 2580 2501 2647 Romanum,
2543 2581 2896 2637 Passerinum
2936 2582 3089 2636 illum
3121 2597 3246 2636 cum
3283 2581 3623 2638 Antiocheno
3656 2584 3750 2637 mi-

2173 2684 2436 2730 scentem.
2469 2674 2744 2745 Quidquid
2778 2675 2867 2742 sit,
2898 2676 3013 2730 sive
3042 2676 3174 2730 alter
3203 2674 3273 2729 ab
3316 2676 3491 2731 altero
3524 2676 3598 2731 sit
3633 2691 3747 2734 mu-

2174 2773 2381 2829 tuatus,
2414 2765 2638 2820 damnat
2657 2766 2948 2837 Evagriqu
2971 2765 3209 2821 Joannes
3238 2765 3533 2830 Climacus,
3574 2776 3633 2822 et
3666 2768 3746 2820 in-

2171 2857 2625 2927 sipientissimum
2668 2856 2922 2928 appellat,
2969 2866 3023 2912 et
3067 2857 3157 2909 τὸν
3184 2856 3476 2927 θεηλάτην,
3509 2856 3562 2910 id
3585 2864 3687 2919 est,
3715 2870 3743 2908 a

2173 2948 2314 3003 malo
2361 2947 2460 3004 Dei
2501 2949 2697 3018 spiritu
2756 2949 3019 3019 agitatum
3066 2948 3218 3018 grad.
3266 2949 3364 3013 14,
3393 2964 3448 3018 p.
3479 2948 3603 3002 203.
3643 2946 3743 3001 Sed

2173 3055 2295 3094 mox
2320 3040 2599 3111 copiosius
2633 3041 2735 3095 hac
2764 3040 2830 3095 de
2857 3040 3085 3096 mistura
3109 3041 3378 3105 tractabo,
3402 3040 3577 3111 deque
3603 3038 3745 3109 capi-

2173 3132 2319 3187 tibus
2347 3134 2608 3187 adversus
2638 3142 2765 3187 octo
2803 3133 2954 3186 vitia.

2237 3222 2491 3278 Occurrit
2510 3225 2654 3277 enim
2679 3224 2936 3292 ἐπιστολὴ
2963 3224 3270 3295 δογματικὴ
3293 3223 3425 3295 περὶ
3453 3224 3552 3293 τῆς
3586 3223 3743 3291 ἄγεις

2169 3317 2398 3385 Τριάδος
2422 3316 2561 3386 πρὸς
2595 3317 2720 3379 τοὺς
2754 3317 2813 3369 ὲν
2850 3317 3074 3387 πατρίδι
3103 3316 3437 3386 μονάζοντας
3481 3316 3639 3385 ἡνίκα
3677 3310 3743 3384 ἦν

2167 3406 2225 3457 ἐν
2259 3404 2831 3458 Κωνσταντινουπόλει
2852 3404 2991 3474 μετὰ
3022 3402 3118 3457 τοῦ
3152 3406 3424 3477 μακαρίου
3451 3404 3742 3475 Γρηγορίου

2165 3494 2543 3565 Ναζιανζηνοῦ
2573 3495 2605 3564 ἢ
2655 3497 2962 3550 ἐπισκόπου
3004 3496 3312 3560 Ναςιάνζου
3334 3537 3351 3561 ,
3387 3497 3502 3550 sive
3542 3497 3742 3563 δογμα-

2165 3584 2317 3647 τικὸς
2339 3585 2520 3652 λόγος,
2556 3594 2615 3639 ιιι
2645 3586 2843 3655 legitur
2887 3587 2941 3640 itt
2977 3587 3314 3643 Narrationis
3350 3586 3567 3641 Pacbon
3617 3586 3742 3656 Epi-

2166 3678 2387 3744 graplte,
2425 3676 2635 3745 incipit,
2664 3676 2929 3740 πολλάκις
2953 3676 3261 3748 ἐθαύμασα,
3291 3677 3341 3731 τι
3374 3679 3571 3748 δήποτε
3606 3678 3742 3748 πρὸς

2165 3767 2333 3835 ὑμᾶς.
2386 3765 2535 3836 δωρθ
2574 3770 2770 3837 εωρὶιιε
2809 3768 3107 3823 admiratus
3148 3769 3250 3838 fui,
3291 3785 3387 3822 cur
3425 3769 3633 3822 laudent
3674 3769 3740 3822 ad

2167 3874 2277 3913 vos.
2317 3857 2537 3914 Titulus
2564 3868 2745 3914 autem
2779 3860 2954 3914 editus
2990 3867 3153 3915 estet
3186 3860 3238 3913 in
3268 3858 3522 3914 Latinum
3555 3875 3740 3914 versus

2165 3950 2407 4017 trajectis
2431 3951 2827 4020 aliquantisper
2851 3951 3052 4017 verbis,
3089 3962 3287 4006 etcum
3323 3961 3587 4007 tractatus
3611 3967 3743 4005 unn-

2164 4044 2353 4110 cupari
2392 4043 2697 4107 debuisset,
2727 4042 2907 4097 dicttts
2937 4055 3022 4097 est
3055 4040 3261 4106 Sermo,
3301 4044 3408 4097 sire
3440 4043 3742 4111 dogmatica

2167 4132 2409 4200 Epistola
2437 4134 2502 4187 de.
2529 4142 2719 4187 sancta
2753 4132 3014 4187 Trinitate
3045 4133 3115 4186 ad
3161 4149 3269 4198 eos,
3298 4135 3388 4203 qui
3415 4133 3581 4206 614
3626 4150 3741 4188 mo-

2164 4227 2420 4278 nasticam
2470 4226 2634 4278 vitam
2674 4220 2868 4294 degunt
2922 4224 2978 4277 in
3015 4226 3211 4290 patria,
3244 4225 3371 4278 dum
3426 4238 3564 4280 esset
3603 4226 3744 4280 Con-

2162 4316 2513 4384 stantinopoli
2541 4332 2661 4369 cum
2703 4315 2852 4369 beato
2877 4315 3133 4387 Gregorio
3162 4316 3406 4385 episcopo
3452 4315 3739 4380 Naziauai,

492 4396 747 4464 martyris
785 4412 883 4465 pro
931 4412 1000 4452 eo
1051 4399 1367 4469 Apologiam
1409 4401 1635 4457 ediderit
1671 4403 1961 4471 Ευενιήυε.
2007 4418 2060 4463 et
2087 4417 2136 4469 9
2161 4423 2252 4460 seu
2283 4405 2631 4460 Nazianzeno
2661 4406 2966 4475 :potuisset
2994 4407 3100 4462 dici
3130 4407 3484 4476 dogmaticus,
3509 4422 3604 4461 seu
3627 4407 3740 4477 dig-

486 4482 756 4549 llullinus,
791 4487 884 4552 qui
915 4489 1056 4543 duas
1083 4489 1136 4543 in
1186 4500 1434 4545 sanctum
1488 4491 1872 4567 Hieronymum
1912 4499 2061 4554 inve.

485 4577 661 4632 etivas
692 4580 854 4631 «tiam
884 4578 1093 4648 effudit,
1141 4580 1339 4651 Sulpit.
1373 4584 1560 4640 Sever.
1610 4588 1809 4659 dialog.
1841 4608 1877 4657 ι,
1921 4608 1970 4646 c.
2002 4594 2056 4658 3,

483 4678 539 4723 ct
560 4671 687 4725 licet
716 4671 966 4727 absurdae
1021 4682 1075 4728 et
1107 4674 1312 4730 insana:
1348 4674 1548 4733 fuerint
1582 4678 1924 4750 Origenianae
1955 4684 2060 4739 illa:

486 4772 770 4821 manantes
796 4780 828 4820 e
874 4766 1215 4837 philosophia
1247 4767 1486 4826 Platonis
1517 4777 1815 4841 sementim,
1841 4794 1944 4830 non
1976 4787 2058 4832 ta-

485 4870 610 4910 tuen
629 4858 854 4914 omnino
873 4859 1143 4916 damnata:
1166 4860 1385 4916 luerunt
1411 4874 1537 4919 ante
1560 4864 1812 4937 Vigilium
1838 4884 2053 4938 papam,

486 4948 564 5001 uti
599 4948 962 5006 Cassiodorus
1007 4954 1227 5018 asserit,
1267 4966 1322 5010 et
1351 4964 1477 5010 ante
1505 4959 1750 5026 quintam
1786 4962 2053 5031 synodum

485 5038 539 5092 in
576 5040 724 5094 calce
750 5057 871 5096 can.
905 5042 969 5106 ll,
1006 5055 1112 5099 tam
1140 5047 1360 5113 diserte,
1390 5057 1450 5102 ut
1480 5047 1740 5119 Origenes
1770 5052 2058 5107 haereticus

483 5143 801 5187 censeretur
836 5139 1073 5205 penitus,
1118 5153 1241 5192 cum
1279 5140 1574 5207 praesertim
1608 5141 1729 5208 ejus
1760 5156 1923 5208 opera
1958 5142 2055 5197 fal-

482 5232 598 5275 sata
632 5223 799 5279 fuisse
824 5226 1170 5295 dicerentur;
1199 5245 1305 5299 qua
1336 5230 1404 5284 de
1434 5246 1493 5285 re
1521 5230 1760 5286 Joannes
1791 5233 1972 5295 Picus,
1999 5244 2053 5289 et

481 5312 758 5369 Gilbertus
801 5316 1183 5375 Genebrardus
1220 5322 1538 5377 consulendi
1573 5334 1720 5391 sunt,
1768 5334 1822 5379 et
1864 5341 2054 5381 recen-

482 5404 652 5460 ti0rcs
667 5405 907 5473 Binetus,
936 5408 1257 5474 llalloixius,
1296 5424 1345 5467 ct
1376 5412 1568 5468 Petrus
1591 5414 1775 5470 Daniel
1806 5414 2050 5484 Huetius,

481 5494 576 5563 qui
609 5505 734 5551 ante
783 5500 1071 5553 triennium
1103 5499 1388 5571 Rotomagi
1440 5504 1655 5559 duobus
1700 5507 1861 5562 tomis
1902 5523 2050 5576 quae-

487 5598 702 5667 cunque
773 5589 995 5653 reperiri
1054 5599 1347 5658 potuerunt
1407 5592 1657 5663 Origenis
1704 5598 2048 5667 scriptiones,

485 5666 668 5724 Gra‘ce
713 5675 1005 5746 Latineque
1032 5681 1339 5747 publicavit,
1378 5694 1428 5738 et
1459 5686 1742 5742 adornavit
1772 5666 1936 5745 notis.

2165 4501 2415 4566 maticus,
2445 4499 2538 4555 sed
2576 4498 2775 4553 retinui
2804 4498 3091 4553 lectionem
3129 4498 3442 4569 dogmatici.
3495 4498 3739 4564 Quatuor

2163 4607 2360 4660 genera
2393 4591 2646 4657 docendi,
2682 4591 2801 4646 sive
2828 4590 3220 4661 interpretandi
3251 4605 3465 4645 sacram
3494 4590 3738 4659 Scriptu-

2162 4700 2279 4739 ram
2322 4693 2672 4739 recensentur
2708 4702 2722 4738 :
2768 4684 3005 4753 primum
3053 4692 3139 4738 est
3160 4682 3551 4752 dogmaticum,
3579 4681 3737 4752 quasi

2161 4775 2549 4841 decretorium,
2580 4777 2817 4836 alterum
2848 4778 3273 4849 προστακτικὸν,
3308 4777 3734 4846 siveimpcrati-
3804 4812 3809 4825 .

2161 4882 2310 4930 vum,
2346 4867 2569 4923 tertium
2612 4868 2912 4939 ὁριστικὸν,
2947 4868 3255 4924 deﬁniendo
3282 4882 3496 4938 nempe,
3544 4882 3607 4921 ac
3637 4867 3733 4921 de-

2159 4959 2535 5023 terminando;
2584 4970 2839 5029 quartum
2890 4962 3308 5031 propheticum,
3341 4958 3729 5022 denuntiando,

2160 5059 2319 5119 atque
2341 5050 2704 5121 praedicendo.
2738 5053 3044 5121 Διεξοδικόν
3069 5064 3153 5109 est
3182 5053 3344 5107 etiam
3363 5050 3615 5117 docendi,
3639 5066 3729 5106 seu

2159 5143 2431 5198 scribendi
2480 5159 2652 5213 genus
2712 5144 2788 5211 id,
2837 5159 2947 5215 quo
3013 5159 3102 5201 res
3152 5155 3444 5200 narrantur
3474 5153 3729 5213 perpetuo

2158 5249 2321 5288 cursu
2343 5234 2632 5292 orationis.
2656 5234 2859 5305 Dogma
2877 5236 3135 5292 delinitur
3155 5252 3185 5292 a
3220 5236 3395 5291 Psello
3415 5236 3467 5288 in
3490 5235 3729 5289 oratione

2156 5328 2227 5381 4'2
2254 5329 2429 5382 sancti
2457 5328 2703 5399 Gregorii
2730 5327 3059 5384 Narianzeni
3090 5346 3143 5399 p.
3170 5330 3276 5385 939
3297 5370 3311 5393 ,
3341 5329 3417 5383 rei
3451 5328 3649 5389 dubiae,
3678 5331 3728 5377 et

2156 5430 2525 5475 controversa!
2550 5428 2672 5491 post
2699 5431 3011 5476 accuratam
3058 5421 3469 5491 inquisitionem
3502 5432 3726 5486 pronun-

2156 5512 2287 5566 tiata
2314 5513 2603 5568 sententia.
2632 5512 2913 5568 Vocantur
2943 5513 3196 5583 dogmata
3226 5513 3424 5580 placita
3465 5522 3722 5564 sectarum

2157 5619 2184 5656 a
2214 5611 2403 5658 sancto
2429 5606 2771 5673 Augustino,
2812 5605 2848 5659 l.
2884 5623 2923 5667 ι,
2953 5621 3002 5658 c.
3040 5604 3123 5671 ll),
3169 5605 3369 5669 Quart.
3401 5601 3720 5672 Evangelia;

2158 5695 2238 5748 sic
2293 5693 2555 5765 Dogmata
2601 5697 2924 5752 Medicorum
2968 5714 2996 5750 ει
3048 5706 3238 5751 sancto
3287 5695 3613 5764 Hieronymo
3660 5691 3720 5746 ad
