4066 6146
423 262 553 353 13341

1607 298 1706 359 DE
1746 301 2123 366 OPERIBUS
2161 308 2221 368 S.
2265 308 2448 370 NlLI.

3521 315 3669 380 1342

419 408 729 468 Paulinum.
755 409 1076 478 Aptior-imi,
1100 419 1153 464 et
1192 410 1496 478 Opiniones.
1518 414 1632 471 sive
1660 415 1985 485 Sententiae;
2016 426 2063 482 Α
2091 421 2237 478 edita
2265 422 2388 489 fuit,
2445 439 2569 478 nam
2612 427 2914 496 appositum
2946 426 2993 483 ci
3033 427 3154 493 fuit,
3205 442 3305 485 nec
3339 432 3656 498 essentiam,

420 501 501 555 sic
535 498 795 570 Dogmata
823 500 1250 571 pltilompltorum
1271 517 1300 555 a
1335 503 1617 570 Cicerone,
1645 516 1699 561 et
1724 509 1880 574 aliis;
1906 513 1989 567 sic

418 592 634 663 Regqu
653 595 883 661 ;uris,et
897 594 1040 663 luris
1063 593 1445 650 consultorum.
1474 595 1569 651 Est
1590 607 1643 653 et
1666 599 1990 657 Erotemati-

419 698 544 738 cum
579 683 856 738 scribendi
902 699 1095 753 genus.
1138 686 1522 755 interrogando
1551 689 1780 753 scilicet,
1825 700 1990 761 atque

418 782 826 852 respondendo,
876 782 1021 850 quod
1058 790 1113 835 et
1140 782 1331 837 Cicero
1373 785 1568 852 probat
1612 786 1666 840 in
1727 788 1881 843 libris
1919 789 1990 842 De

418 885 630 927 oratore
658 872 724 927 ad
755 871 818 938 Q.
844 871 1112 938 Fratrem,
1140 882 1197 927 et
1222 873 1276 927 in
1310 872 1716 942 Partitionibus,
1744 893 1838 933 seu
1873 877 1993 934 Dia-

417 964 676 1034 logicum,
695 964 839 1017 unde
864 962 1158 1035 Dialogista
1180 964 1360 1021 dictus
1388 967 1695 1023 Antoninus
1710 970 1774 1023 A.
1801 985 1831 1024 a
1858 970 1993 1027 Cas—

416 1053 520 1119 sio,
558 1060 617 1105 ut
649 1049 927 1106 Vulcatius
956 1052 1269 1108 Gallicanos
1310 1051 1573 1119 alllrmat;
1605 1055 1684 1109 sic
1715 1055 1991 1112 Deﬁnitio-

415 1156 513 1196 nes
564 1141 881 1195 orthodoxae
931 1140 1100 1206 Fidei,
1145 1159 1240 1198 seu
1282 1142 1531 1199 Canones
1559 1184 1574 1210 ,
1628 1144 1987 1215 Regulzeque,

415 1230 799 1287 Ecclesiastica
831 1232 1109 1302 Dogmata,
1151 1233 1220 1288 de
1266 1235 1463 1305 quibus
1496 1236 1790 1305 inscriptus
1813 1246 1895 1293 est
1926 1239 1991 1292 li—

415 1326 512 1379 her
557 1323 823 1381 Gennadii
879 1323 1261 1392 Hassiliensis,
1292 1327 1565 1396 ascriptus
1611 1326 1747 1382 falso
1797 1337 1991 1385 sancto

336 1422 339 1423 ⁷
413 1418 740 1487 Augustino,
770 1428 824 1471 et
850 1415 1234 1472 Coufessiones
1273 1416 1421 1482 ﬁdei,
1461 1432 1558 1472 seu
1602 1416 1901 1484 Ἐκθέσεις,
1935 1419 1987 1474 id

415 1515 521 1571 est,
576 1503 973 1573 Expositiones,
1012 1504 1322 1574 cuiusmodi
1355 1517 1439 1561 est
1471 1506 1562 1560 illa
1591 1504 1886 1561 Justiniani
1921 1507 1986 1560 Α.

332 1654 336 1658 Α
415 1610 537 1663 quae
568 1595 770 1649 inserta
800 1595 903 1649 fuit.
926 1595 965 1652 1.
995 1595 1142 1650 Inter
1159 1595 1335 1650 claras
1360 1596 1415 1661 4,
1448 1596 1511 1652 C.
1546 1596 1623 1651 De
1645 1614 1836 1651 summ.
1871 1596 1989 1652 Tri-

415 1690 513 1741 nit.
563 1687 703 1742 etin
752 1687 1002 1743 conciliis
1046 1688 1418 1755 tecumrnicis,
1461 1689 1541 1744 rel
1568 1691 1989 1759 particularibus

414 1793 754 1847 quaecunque
778 1778 1049 1848 symbola,
1084 1778 1196 1848 jam
1228 1795 1400 1849 usque
1429 1796 1458 1835 a
1487 1780 1710 1835 Nicaeno
1750 1791 1985 1847 exstant,
2022 1759 2062 1814 Β

414 1870 634 1924 utemini
658 1884 745 1924 tne
770 1870 902 1924 olim
935 1869 1135 1940 legisse
1163 1870 1217 1924 in
1246 1871 1383 1925 Cod.
1406 1868 1528 1926 Vat.
1563 1872 1721 1937 1455,
1767 1888 1820 1941 p.
1850 1873 1985 1941 σλγν,

413 1976 508 2015 seu
553 1955 658 2015 935
703 1975 955 2016 manusc.
1005 1960 1120 2016 haec
1167 1979 1181 2015 :
1240 1962 1336 2013 Ἐκ
1372 1962 1469 2032 τῆς
1525 1962 1988 2034 ἐκκλησιαστικῆς

415 2057 658 2128 ἱστορίας
708 2057 985 2128 Θεοδώρου
1055 2056 1428 2121 Ἀναγνώστου
1480 2058 1989 2112 Κωνσταντινουπό-

413 2148 569 2212 λεως.
596 2151 766 2204 Πόσαι
793 2151 850 2202 αἱ
878 2152 974 2221 τῆς
1011 2149 1247 2212 πίστεως
1287 2149 1530 2212 ἐκθέσεις
1557 2166 1572 2180 ·
1602 2144 1762 2204 αὗται
1799 2151 1898 2220 μὲν
1929 2152 1988 2203 ἐν

413 2242 977 2295 Κωνσταντινουπόλει
1004 2242 1126 2295 τότε
1160 2242 1563 2312 ἀνεγνὼθησαν,
1607 2244 1765 2312 ἡμεῖς
1800 2242 1857 2296 δὲ
1893 2241 1989 2295 τὸν

413 2332 735 2401 λαϐύρινθον
772 2333 880 2385 τῶν
925 2333 1189 2385 ἐκθέσεων
1218 2331 1316 2399 ὀψέ
1358 2348 1488 2384 ποτε
1523 2332 1869 2396 διανύσαντες
1897 2333 1987 2386 τὸν

415 2422 832 2493 ἁπαριθμισμὸν
864 2422 1046 2477 αὐτῶν
1105 2423 1487 2492 συνηγάγομεν
1511 2439 1522 2452 ’
1560 2424 1698 2492 μετὰ
1729 2425 1835 2495 γὰρ
1888 2427 1988 2496 τὴν

414 2516 472 2567 ἐν
496 2513 700 2583 Νικαιᾳ
722 2513 923 2576 πίστιν,
947 2512 1173 2582 ὕστερον
1209 2514 1267 2565 ἐν
1310 2514 1614 2584 Ἀντιοχείᾳ
1641 2516 1753 2577 τοῖς
1798 2516 1988 2582 ἐγκαι-

411 2603 547 2667 vict;
591 2603 780 2662 δισσὰς
813 2601 1060 2665 ἐκθέσεις
1100 2603 1503 2673 ὑπηγόρευσεν,
1541 2603 1700 2674 τρίτη
1732 2604 1791 2657 δέ
1838 2607 1987 2657 ἐστιν

411 2697 446 2764 ή
464 2693 776 2748 ἐπιδοθεῖσα
793 2694 898 2746 ὑπὸ
911 2693 1018 2746 τῶν
1037 2693 1164 2762 περὶ
1180 2694 1491 2764 Νάρκισσον
1514 2695 1570 2746 ἐν
1590 2696 1710 2756 ταῖς
1736 2695 1984 2758 Γαλλίαις

409 2787 487 2856 τῷ
523 2786 731 2856 βασιλεῖ
761 2785 1125 2839 Κωνστάντει.
1162 2786 1319 2854 "Apri
1342 2783 1621 2855 [τετάρτη]
1650 2784 1708 2837 δὲ
1733 2784 1851 2854 ήδι’
1884 2786 1987 2837 Εὐ-

411 2878 586 2942 δοξίου
628 2879 741 2940 τοῖς
795 2879 851 2928 ἐν
896 2877 1098 2948 Ἰταλίᾳ
1140 2876 1478 2945 πεμφθεῖσα.
1539 2877 1629 2929 Ἐν
1659 2877 1717 2929 δὲ
1773 2877 1985 2947 Σιρμίῳ

412 2973 561 3040 τρεῖς
620 2968 1075 3040 ὑπηγορεύθησαν
1136 2963 1212 3023 ὧν
1252 2970 1352 3039 μία
1404 2972 1461 3022 ἐν
1535 2966 1796 3039 Ἀριμίνῳ
1848 2969 1985 3040 μετὰ

2090 527 2267 580 neque
2294 513 2699 567 subsistentiam
2748 515 2802 568 in
2865 515 2976 569 Deo
3030 516 3229 572 dicere.
3282 516 3372 572 Isti
3415 519 3660 588 Ulpbilas

2089 602 2416 658 Gottborum
2439 605 2728 675 episcopus
2759 615 2888 661 tunc
2916 606 3148 676 priurum
3183 610 3483 677 consensit,
3514 620 3661 666 ante-

2089 693 2222 748 riori
2256 710 2492 763 namque
2525 706 2763 766 tempore
2801 712 2943 760 eam,
2987 714 3109 766 qua:
3135 696 3327 753 Nicaea:
3362 701 3464 754 fuit
3490 702 3658 755 stabi-

2089 782 2205 848 lita,
2254 784 2411 839 ﬁdem
2460 786 2742 853 amplexus
2776 797 2860 841 est
2905 788 3231 845 subsecutus
3275 788 3657 862 Theophilum,

2087 876 2179 944 qui
2207 874 2530 931 Gotthornm
2564 877 2854 947 episcopus
2888 876 3117 935 Nicaea:
3147 881 3352 951 synodo
3392 881 3657 948 interfuit,

2087 970 2541 1040 subscripsitque.
2590 970 2714 1026 llaec
2738 971 2956 1040 quidem
2981 972 3049 1026 de
3076 973 3179 1027 ista
3212 989 3270 1028 re
3306 973 3447 1028 dicta
3472 975 3600 1030 sint.
3633 993 3652 1026 ι

2088 1060 2218 1127 Quae
2245 1063 2687 1131 quandoquidem
2722 1062 2774 1115 in
2801 1062 3157 1118 Collectaneis
3190 1064 3360 1133 ipsius
3390 1062 3656 1120 Theodori

2088 1154 2313 1223 prolatis
2342 1154 2396 1207 in
2427 1153 2664 1208 editione
2694 1153 2989 1208 Parisieusi
3050 1155 3188 1210 1544
3220 1155 3271 1209 in
3305 1155 3399 1209 fol.
3437 1173 3543 1211 non
3568 1173 3657 1211 re-

2090 1243 2396 1311 periuntur,
2454 1243 2543 1297 hic
2581 1244 2734 1298 libuit
2774 1245 3036 1299 intexere.
3072 1244 3147 1298 Ea
3200 1248 3443 1314 profecto
3483 1248 3658 1300 lucvm

2089 1332 2356 1400 accipient
2393 1332 2753 1387 clarissimam
2792 1349 2856 1388 ex
2892 1334 3013 1399 bis,
3066 1350 3189 1401 qua:
3236 1336 3393 1390 all'ert
3427 1336 3660 1394 Severus

2090 1420 2352 1491 Sulpitius
2400 1422 2452 1476 in
2505 1423 2599 1477 lib.
2632 1441 2667 1477 ll
2698 1422 2877 1479 Same
2926 1424 3204 1489 Historiae,
3237 1436 3289 1480 et
3320 1436 3505 1480 narrat
3534 1444 3661 1481 san-

2088 1523 2211 1569 ctus
2236 1515 2571 1569 Athanasius
2620 1518 2682 1569 de
2715 1516 2949 1587 Synodis
2996 1518 3248 1583 Arimini,
3280 1528 3334 1572 et
3374 1517 3655 1579 Seleuciae.

2088 1618 2152 1659 ac
2187 1606 2391 1674 passim
2448 1616 2502 1660 et
2553 1605 2982 1678 llistoriographi
3024 1609 3400 1665 ecclesiastici.
3436 1609 3661 1664 Exstant

2089 1696 2262 1765 ipsius
2295 1698 2789 1754 sanetLAtbanasii
2832 1700 3159 1771 symbolum,
3211 1702 3352 1769 quod
3407 1702 3461 1754 in
3488 1702 3659 1762 eccle-

2089 1788 2311 1843 siastico
2362 1789 2618 1844 recitatur
2664 1790 2873 1855 Ollicio,
2923 1800 2977 1845 et
3027 1792 3308 1861 Expositio
3366 1793 3530 1859 ﬁdei;
3565 1793 3657 1847 diu

2088 1888 2247 1935 antea
2279 1896 2308 1935 a
2336 1881 2497 1936 beato
2526 1880 2737 1936 Joanne
2768 1884 3100 1950 evangelista
3117 1892 3338 1939 sanctus
3364 1884 3661 1953 Gregorius

2087 1972 2560 2036 Neocmsariettsis,
2596 1989 2625 2027 a
2656 1974 3043 2029 miraculorum
3075 1976 3229 2043 copia
3269 1976 3449 2031 dictus
3478 1975 3652 2030 Thau-

2087 2071 2395 2135 maturgns,
2428 2065 2693 2119 didicerat
2729 2066 3120 2121 interueniente
3156 2068 3506 2123 sanctissima
3535 2067 3658 2121 Vir-

2087 2155 2212 2224 gine
2241 2157 2331 2210 Dei
2386 2155 2661 2210 Genitrice
2705 2157 2921 2211 brevem
2977 2157 3097 2211 ﬁdei
3137 2158 3559 2223 confessionem,
3603 2158 3657 2212 itt

2088 2263 2192 2315 qua
2241 2248 2523 2312 asseritur,
2558 2242 2639 2311 εἷς
2689 2248 2820 2312 Θεὸς
2849 2248 3058 2318 Πατὴρ,
3099 2242 3179 2309 εἷς
3222 2248 3355 2312 Θεὸς
3404 2250 3469 2301 ὲκ
3520 2248 3657 2301 Θεοῦ

2090 2339 2269 2405 σοφία,
2301 2337 2358 2390 ἓν
2381 2338 2604 2407 Πνεῦμα
2633 2340 2809 2406 ἆγιον,
2853 2355 2907 2410 p.
2940 2340 2995 2392 ll
3036 2338 3295 2408 Operum.
3339 2337 3659 2409 Promulga—

2088 2429 2231 2484 vitis
2254 2430 2475 2497 insuper
2495 2429 2568 2482 Ex
2580 2431 2899 2499 positionem
2925 2430 3046 2484 lidei
3075 2431 3336 2486 adversus
3353 2428 3654 2485 Elianum.

2087 2520 2496 2575 Consuevnrant
2543 2522 2609 2575 ad
2645 2521 2938 2575 discrimen
2991 2522 3370 2575 haereticorum
3405 2523 3656 2577 catholici

2086 2612 2326 2681 episcopi
2382 2628 2571 2667 recens
2626 2613 3027 2667 electimittere
3066 2613 3523 2682 Chirograpbum,
3561 2628 3656 2668 seu

2087 2705 2213 2760 ﬁdei
2263 2704 2577 2759 Formulam
2632 2705 2698 2760 ad
2734 2706 2868 2759 alios
2915 2705 3229 2774 episcopos;
3281 2713 3466 2775 postea
3511 2705 3657 2759 enim

2086 2799 2421 2868 pullularunt
2467 2799 2701 2853 lnercses
2735 2807 2991 2867 tanquam
3025 2800 3234 2853 zizania
3282 2799 3334 2853 in
3382 2798 3659 2869 Evangelii

2086 2905 2216 2960 agro
2241 2906 2364 2944 cum
2407 2902 2652 2945 semente
2681 2892 2823 2945 bona
2854 2892 3025 2946 laetius
3052 2892 3389 2958 germinante
3417 2908 3431 2944 :
3461 2891 3515 2944 itt
3547 2891 3659 2946 ele-

2086 2980 2283 3035 ctionis
2323 2980 2637 3049 primordiis
2666 2980 2903 3049 cpiscOpi
2927 2980 3364 3035 transmittebant
3396 2980 3503 3034 sibi
3541 2996 3660 3032 ntu-

411 3059 1979 3127 τῆςὺπατείας....................

2091 3082 2187 3125 tuo
2219 3070 2510 3140 Epistolas,
2544 3079 2598 3124 et
2630 3070 2695 3124 ad
2731 3070 2887 3123 llom.
2941 3071 3271 3139 pontiﬁcem,
3302 3078 3356 3124 et
3394 3069 3461 3123 ad
3493 3068 3656 3123 Rom.

414 3149 698 3218 (Εὐσεόίου
738 3150 831 3203 καὶ
868 3149 1182 3221 ’Υπατίου),
1214 3150 1447 3221 legerem
1477 3163 1506 3202 e
1540 3149 1873 3205 Gotbofredo
1929 3150 1983 3204 in

409 3240 671 3294 Cbronol.
696 3239 827 3295 Cod.
864 3239 1135 3295 Tltcodos.
1169 3242 1235 3296 ad
1272 3256 1474 3295 annum
1515 3242 1716 3296 Christi
1756 3240 1821 3295 N.
1854 3242 1979 3296 559.

424 3329 781 3400 ’Λνεγνώσθη.
822 3330 1083 3401 Ὀγδόηδέ
1137 3332 1285 3384 ἐστιν
1329 3333 1377 3402 ἠ’
1421 3332 1480 3385 ἐν
1538 3332 1864 3403 Σελευκείᾳ,
1916 3332 1983 3401 ἢν

412 3419 611 3487 οἱπερὶ
668 3419 919 3472 Ἀκάκιον
951 3418 1380 3486 ἀνεγνώκεισαν,
1431 3420 1719 3475 τελευταία
1757 3422 1811 3474 δὲ
1862 3422 1985 3492 ἥτις

411 3509 467 3558 ὲν
496 3507 1304 3582 Κωνσταντινουπόλειμετὰτῆς
1337 3510 1655 3580 προσθήκης
1689 3509 1981 3564 ἐκδέδοται.

412 3597 740 3666 Προσέκειτο
789 3598 899 3666 γὰρ
929 3598 1064 3668 αὐτῇ
1114 3599 1249 3668 μήτε
1273 3599 1481 3662 οὐσίαν,
1519 3601 1655 3669 μήτε
1686 3599 1984 3653 ὑπόστασιν

409 3692 502 3743 ἐπὶ
534 3688 671 3742 Θεοῦ
704 3689 904 3759 λέγειν.
940 3691 1124 3762 Ταύτῃ
1157 3692 1251 3745 καὶ
1294 3692 1564 3760 (ismara;
1614 3691 1722 3745 τῶν
1772 3692 1984 3746 Γότθων

411 3780 706 3843 ἐπίσκοπος
744 3780 865 3832 τότε
883 3780 1097 3850 πρῶτον
1120 3781 1394 3834 συνέθετο·
1414 3782 1520 3834 τῶν
1543 3780 1651 3851 γὰρ
1676 3780 1985 3850 ἔμπροσθεν

408 3873 640 3940 χρόνων,
672 3871 768 3941 τὴν
804 3874 863 3925 ἐν
910 3872 1117 3943 Νικαίᾳ
1166 3872 1349 3924 πίστιν
1384 3872 1659 3934 ἁσπάζετο
1715 3873 1983 3943 ἑπόμενος

408 3962 652 4031 θειφίλῳ
682 3962 738 4023 ὃς
765 3961 873 4013 τῶν
901 3961 1114 4013 Γότθων
1148 3960 1446 4023 ἐπίσκοπος
1471 3959 1545 4012 ὢν
1581 3963 1648 4032 τῇ
1697 3963 1753 4014 ἐν
1778 3963 1985 4035 Nimia

410 4053 619 4120 Συνὸδῳ
675 4052 864 4122 παρὼν
914 4052 1326 4124 καθυπέγραψε.
1391 4053 1641 4107 Τοσαῦτα
1694 4054 1792 4124 μὲν
1854 4057 1985 4124 περὶ

409 4140 580 4194 ταῦτα
605 4142 864 4212 εἰρήσθω.
899 4143 1031 4211 Quae
1048 4142 1239 4198 Latine
1266 4143 1338 4197 ita
1372 4143 1579 4197 reddidi
1602 4163 1615 4197 :
1641 4161 1659 4193 ι
1688 4143 1774 4199 Ea:
1802 4144 1984 4199 Eccle-

410 4234 629 4286 siastica
665 4232 910 4287 Historia
940 4234 1211 4289 Theodori
1239 4234 1485 4290 Lector-is
1518 4236 1982 4305 Constantinopo-

413 4325 500 4381 lis.
543 4324 771 4390 Quanta:
812 4326 918 4380 sint
967 4325 1115 4379 Fidei
1160 4326 1555 4393 Expositiones.
1602 4325 1720 4381 Ista:
1761 4329 1979 4396 quidem

2093 3161 2412 3225 Ecclesiam,
2472 3176 2594 3230 qua:
2623 3160 2779 3228 quasi
2831 3161 2894 3214 ad
2931 3172 3175 3216 centrum
3227 3161 3382 3223 liueat:
3413 3161 3657 3215 omnium

2082 3253 2467 3322 episcoporum
2493 3252 2975 3308 ecircumfcrentia
3005 3253 3171 3307 totius
3200 3252 3360 3307 Orbis
3386 3261 3653 3305 terrarum

2086 3344 2460 3399 referebantur
2492 3385 2507 3410 ,
2547 3346 2816 3399 vocabant
2873 3344 3185 3414 lincyclicas
3210 3383 3226 3409 ,
3280 3342 3655 3399 communica-

2086 3437 2292 3491 toriase
2319 3454 2364 3492 s.
2382 3435 2616 3506 August.
2639 3436 2795 3505 epist.
2824 3435 2947 3498 165,
2972 3444 3025 3489 et
3045 3435 3302 3490 formatas
3335 3449 3401 3490 ex
3441 3433 3646 3503 0pm.,

2085 3519 2315 3596 quarum
2347 3528 2607 3583 societate
2634 3528 3043 3582 concordabant
3071 3545 3084 3581 :
3122 3527 3509 3597 professionem
3553 3527 3657 3580 ilhc

2085 3619 2457 3682 continebant,
2493 3636 2590 3675 seu
2626 3618 2917 3673 formulam
2950 3618 3093 3683 ﬁdei,
3145 3619 3222 3673 uti
3261 3628 3522 3673 tesseram
3560 3632 3655 3685 pro

2085 3709 2452 3764 ecclesiastica
2491 3710 2864 3772 unanimitate,
2901 3720 3064 3777 atque
3087 3710 3471 3764 communione
3505 3726 3519 3763 :
3551 3708 3656 3762 lm-

2080 3800 2385 3868 juscemodi
2421 3809 2502 3854 est
2539 3801 2767 3869 epistola
2796 3799 3015 3853 Damasi
3049 3815 3199 3869 pap:e
3231 3801 3391 3869 primi
3426 3801 3491 3854 ad
3516 3800 3657 3854 l‘au-

2086 3891 2257 3945 linum
2289 3892 2606 3959 episcomttn
2646 3890 3043 3943 Antiocltenum
3092 3891 3145 3942 in
3178 3899 3308 3944 tom.
3344 3890 3572 3946 Concill.
3597 3908 3652 3960 p.

2083 3982 2210 4036 2%.
2243 3983 2374 4037 edit.
2418 3981 2615 4035 Crabb.
2657 3981 2981 4035 Tlteodoret.
3028 3980 3177 4034 Ilist.
3222 3981 3422 4034 Ecclus.
3463 3981 3556 4036 lib.
3599 4000 3652 4037 ν.

2085 4090 2134 4129 c.
2171 4072 2258 4128 l0.
2299 4072 2429 4148 Vide
2459 4073 2731 4126 Honorem
2785 4070 3011 4124 llonorii
3062 4086 3094 4125 a
3144 4087 3229 4125 me
3280 4072 3652 4138 vindicatum;

2086 4181 2209 4220 nam
2250 4174 2305 4219 et
2337 4173 2460 4219 ante
2485 4166 2949 4218 consecrationem
2990 4163 3223 4217 edebant
3270 4162 3391 4217 ﬁdei
3446 4161 3655 4217 formu-

2083 4258 2213 4323 lam;
2236 4265 2290 4311 et
2321 4256 2434 4325 ipse
2464 4254 2740 4311 Romanus
2772 4252 3010 4325 pontifex
3036 4252 3371 4322 reliquorum
3404 4254 3653 4321 princeps

2085 4348 2246 4404 istum
2269 4362 2598 4401 consensum
2623 4345 2931 4416 praestabat,
2962 4360 3054 4398 seu
3077 4342 3471 4413 professionem
3506 4343 3653 4407 ﬁdei,
3732 4364 3741 4369 τ

411 4416 882 4483 ConstantinOpoli
929 4426 1058 4471 tunc
1094 4418 1243 4471 lectae
1280 4417 1534 4487 fuerunt,
1578 4434 1678 4474 nos
1721 4436 1847 4474 vero
1885 4421 1982 4473 La-

2086 4456 2204 4508 qua:
2242 4439 2437 4508 legitur
2465 4439 2517 4491 in
2549 4437 2780 4493 concilio
2803 4436 3177 4491 Constantien.
3206 4449 3340 4489 sess.
3361 4434 3429 4490 ’59
3456 4434 3656 4489 editio-

411 4508 726 4582 byrintlmm
778 4507 1190 4577 Expositionum
1250 4509 1464 4561 tandem
1521 4510 1813 4580 aliquando
1858 4528 1981 4567 cum

411 4600 1030 4673 perfecissentus,615
1067 4616 1352 4655 numerum
1378 4603 1590 4657 illarum
1645 4604 1981 4671 collegimus.

410 4697 622 4750 Etenim
656 4694 951 4764 postlidem
982 4692 1174 4748 Nicaeae
1202 4695 1422 4760 editam,
1445 4696 1568 4749 dein
1602 4697 1904 4752 Antiochia:
1930 4698 1980 4751 in

410 4787 701 4852 Encaeniis,
746 4787 860 4842 sive
904 4796 1156 4840 renovata
1190 4785 1451 4848 Ecclesia,
1487 4798 1579 4841 aut
1612 4790 1793 4858 potius
1837 4789 1986 4842 exci-

410 4890 524 4935 tato
558 4879 857 4943 Dominico,
881 4896 945 4934 ex
998 4878 1352 4949 Hieronymo,
1392 4880 1634 4948 Socrate
1674 4881 1984 4935 Sazomcuo

408 4989 462 5032 ct
506 4978 769 5033 Albanas.
836 4976 1082 5045 duplices
1136 4976 1519 5044 Expositiones
1570 4989 1979 5048 suggesscrunt.

410 5069 588 5123 Tertia
637 5085 769 5122 vero
811 5079 914 5132 est,
950 5084 1071 5137 quae
1113 5069 1307 5121 tradita
1337 5067 1437 5120 fuit
1474 5069 1543 5121 ab
1588 5070 1694 5133 his,
1731 5070 1822 5138 qui
1853 5084 1980 5123 cum

408 5164 670 5220 Narcisso
698 5173 856 5219 crant
889 5166 942 5218 in
985 5164 1198 5227 Galliis,
1231 5174 1284 5218 et
1314 5164 1493 5220 oblata
1520 5165 1835 5234 imperatori
1882 5164 1984 5219 fuit

410 5255 721 5311 Constanti.
775 5255 983 5318 Quarta
1010 5266 1191 5310 autem
1232 5257 1302 5310 ab
1331 5255 1578 5311 Eudoxio
1607 5257 1773 5310 missa
1813 5273 1984 5325 nuper

413 5346 516 5410 bis,
546 5347 637 5414 qui
671 5355 830 5400 erant
862 5347 913 5400 in
943 5346 1131 5413 Italia;
1165 5346 1348 5399 Sirmii
1378 5362 1505 5400 vero
1547 5356 1658 5402 tres
1689 5347 1983 5402 enuntiata:

409 5443 553 5498 sunt,
576 5450 808 5502 quarunt
836 5451 941 5488 una
966 5434 1197 5488 Arimini
1229 5445 1347 5502 post
1375 5435 1718 5489 consulatum
1745 5434 1981 5501 Eusebii,

404 5522 691 5593 etHypatii
727 5525 861 5577 lecta
894 5525 1023 5588 fuit;
1056 5523 1254 5578 Octava
1302 5533 1404 5591 est,
1456 5541 1575 5593 quae
1618 5525 1720 5579 fuit
1767 5528 1981 5581 condita

412 5614 688 5678 Seleucia},
738 5634 901 5685 (ptum
948 5619 1038 5687 qui
1089 5634 1212 5671 cum
1263 5620 1462 5672 Acacio
1512 5629 1666 5673 erant
1721 5619 1979 5687 legerunt.

412 5710 606 5764 litima
637 5710 893 5775 denique,
928 5726 1047 5781 qua:
1068 5713 1536 5781 Constantinopoli
1564 5728 1685 5766 cum
1712 5711 1984 5769 additionc

2087 4532 2172 4585 nis
2209 4530 2549 4594 Crabbianae,
2581 4537 2634 4583 et
2659 4529 2710 4581 in
2740 4527 3010 4582 Basileen.
3055 4542 3193 4582 sess.
3224 4526 3294 4581 25
3335 4536 3390 4581 et
3432 4524 3523 4580 58.
3560 4524 3653 4578 Di-

2086 4623 2226 4676 rexit
2259 4620 2594 4679 Francorum
2626 4620 2735 4687 regi
2777 4620 3123 4675 Cltildebcrto
3164 4619 3415 4688 Pelagius
3445 4633 3578 4688 papa
3602 4633 3652 4672 c.

2086 4710 2470 4780 Satagendum,
2511 4711 2677 4780 616
2695 4710 2788 4773 25,
2810 4726 2864 4780 q.
2884 4709 2924 4773 I,
2940 4709 3187 4779 Philippo
3218 4710 3399 4764 itidem
3418 4707 3655 4761 Franco-

2086 4819 2204 4857 rum
2219 4818 2434 4872 quoque
2452 4802 2580 4870 Regi
2597 4804 2645 4872 (ο
2658 4801 2874 4868 Bzovio,
2889 4812 2940 4856 et
2957 4801 3165 4871 Rubeo)
3183 4800 3487 4854 Bonifacius
3508 4808 3658 4853 octa-

2085 4911 2184 4949 vus
2209 4911 2352 4959 eam,
2397 4910 2561 4964 qnam
2616 4903 2744 4947 tunc
2792 4893 2907 4961 ipse
2956 4892 3297 4957 recitaverat,
3333 4893 3461 4947 dum
3493 4892 3656 4945 iniret

2087 4986 2481 5056 pontiﬁcatum,
2532 4994 2818 5053 exstatque
2873 4999 2975 5038 ms.
3026 4984 3082 5036 in
3145 4983 3343 5038 Codice
3395 4982 3656 5037 Vaticano

2084 5078 2243 5133 4905.
2281 5076 2465 5131 Refert
2491 5086 2545 5131 et.
2580 5076 2718 5129 banc
2747 5073 3142 5143 professionem
3170 5073 3462 5128 cardinalis
3490 5072 3657 5126 Baro-

2085 5170 2212 5224 nius
2264 5183 2413 5223 tomo
2465 5168 2511 5221 Χ
2542 5168 2834 5222 Annalium
2883 5166 3373 5220 ecclesiasticornm
3415 5164 3481 5219 ad
3522 5179 3651 5217 ann.

2085 5260 2209 5326 869,
2255 5277 2285 5314 e
2320 5259 2520 5314 Codice
2567 5259 2780 5312 calamo
2821 5265 3047 5311 exarato
3078 5256 3301 5310 Antonii
3342 5255 3652 5325 Augustini,

2084 5352 2176 5420 qui
2193 5368 2308 5406 ram
2335 5352 2700 5420 exscripserat
2724 5366 2754 5405 e
2771 5351 2967 5404 diurno
2998 5348 3189 5403 codice
3204 5347 3467 5401 Vaticano
3491 5345 3652 5401 5302.

2085 5445 2217 5499 Eam
2242 5444 2365 5497 inde
2394 5442 2595 5506 laudat,
2617 5452 2672 5496 et
2692 5459 2723 5497 e
2746 5440 3036 5495 Panormia
3077 5439 3255 5494 lronis
3282 5438 3653 5503 Carnotensis,

2086 5533 2672 5595 eardinalisCusanus,
2703 5549 2798 5587 seu
2829 5533 2895 5587 de
2933 5531 3097 5591 Cusa,
3128 5531 3220 5583 lib.
3248 5545 3283 5584 ll
3320 5528 3393 5582 De
3437 5544 3654 5581 concor-

2087 5628 2268 5680 dantia
2291 5625 2570 5685 catholica,
2597 5639 2647 5690 p.
2684 5624 2804 5677 745.
2840 5622 2911 5677 De
2936 5623 3023 5676 illa
3051 5622 3294 5687 Crespet.
3330 5618 3463 5674 inV.
3498 5619 3657 5687 Papa:

2088 5719 2359 5789 professio.
2420 5714 2822 5771 Professioncm
2857 5700 2978 5770 ﬁdei
3015 5712 3285 5768 Adrianus
3329 5712 3490 5767 ctiam
3520 5725 3652 5780 papa
