4066 6146
334 325 473 392 13ἓ9

1527 345 1627 407 DE
1660 347 2040 416 OPERIBUS
2071 356 2131 418 S.
2168 359 2351 423 NILI.

3463 371 3602 438 1330

324 440 704 514 productione,
721 446 857 512 αξω,
876 449 953 504 uti
1004 451 1284 522 κωμάζω,
1310 456 1573 527 ὲορτάζω,
1633 465 1901 535 χειμάζω,

2011 476 2403 534 tentationibus
2449 495 2574 535 cum
2611 480 2931 548 admonens,
2983 498 3091 553 quo
3140 481 3273 553 ipsis
3333 481 3600 553 obsistat;

330 536 635 604 σπουδάζω,
668 539 932 609 σχολάζω,
959 542 1205 608 λωόάζω,
1222 549 1466 618 πειράζω
1485 555 1786 623 emphasim
1806 558 1904 613 ba-

328 627 476 692 bere,
526 638 690 701 atque
742 634 981 690 indicare
1004 638 1256 694 videntur
1282 639 1535 698 affectum
1592 650 1904 719 quemdam,

327 728 382 773 et
414 723 836 791 pratensionem,
855 725 935 780 sic
961 727 1068 780 ἀπὸ
1098 728 1191 781 τοῦ
1225 733 1477 799 μονάζειν
1508 736 1558 788 ot
1587 739 1911 806 μονάζοντες

326 812 587 879 erantqui
607 811 815 881 jamdiu
837 817 1162 884 appetebant
1185 819 1391 891 ingenti
1421 839 1546 879 cum
1569 826 1766 883 aﬂ‘ectu
1790 845 1909 885 πηο-

330 899 646 964 nacbatum,
667 911 722 957 et
740 903 903 958 veluti
932 907 1311 978 pertingebant
1335 916 1491 983 quasi
1522 918 1770 985 proxime
1793 922 1914 976 cin-

324 989 510 1056 gendi,
560 1002 613 1047 et
642 992 1031 1061 melloproximi
1077 1014 1212 1055 voce
1265 1000 1682 1062 Graeco-Latina
1736 1008 1914 1065 Juris-

325 1080 729 1147 consultorum,
760 1097 859 1151 pro
888 1085 1091 1142 cinctis
1116 1089 1504 1157 censebantur,
1529 1095 1915 1150 sumebantur-

325 1184 434 1237 que
483 1172 797 1239 promiscue
834 1191 933 1245 pro
964 1180 1271 1246 monachis,
1309 1182 1388 1237 uti
1438 1185 1647 1242 tirones
1724 1188 1914 1245 multis

325 1258 612 1327 stipendiis
639 1264 893 1332 expletis,
917 1275 1014 1321 aut
1041 1268 1312 1339 προλυταὶ
1340 1273 1591 1342 pluribus
1616 1278 1778 1333 annis
1794 1288 1912 1333 stn-

323 1348 416 1403 dio
444 1350 890 1421 jurisprudentiae
916 1357 1217 1428 impensis,
1271 1364 1623 1422 continentia;
1693 1384 1910 1441 nempe,

324 1453 423 1493 seu
452 1442 724 1499 castitatis
749 1447 1028 1515 specimen
1057 1449 1320 1506 dederant
1371 1464 1764 1526 temperantes,
1817 1475 1911 1515 seu

323 1533 642 1602 ἐγκρατεῖς,
673 1544 731 1590 at
758 1541 1119 1608 paupertatis,
1149 1551 1203 1597 et
1231 1544 1584 1614 obedientiae,
1607 1551 1737 1604 dum
1759 1566 1915 1605 asce-

327 1634 412 1678 tas
441 1636 690 1695 egerant,
720 1637 816 1683 aut
843 1633 1280 1691 exercitatores:
1315 1637 1553 1711 denique
1607 1643 1769 1697 trium
1810 1643 1912 1698 ha-

321 1730 447 1769 rum
485 1718 914 1784 virtutum,dum
944 1724 1273 1792 μονάζοντες
1309 1727 1512 1799 forent,
1550 1732 1713 1803 603
1755 1733 1911 1804 quasi

2011 1755 2108 1823 111).
2143 1773 2238 1811 vnt
2262 1768 2316 1813 et

323 1807 692 1864 maturitatem
724 1814 1179 1882 assequebantur.
1266 1831 1268 1834 '

394 1939 453 1995 in
523 1940 891 2005 ecclesiastica
943 1951 1175 2010 historia
1237 1959 1633 2017 monachorum
1702 1966 1915 2035 species

326 2031 493 2087 varia:
539 2048 980 2105 percensentur:
1037 2060 1139 2117 ego
1182 2063 1311 2105 vero
1367 2031 1750 2110 animadverti-
1786 2072 1914 2128 per-

326 2125 626 2180 scrutando
677 2128 994 2200 diligentius
1039 2134 1205 2192 hosce
1245 2140 1517 2211 praecipue
1547 2151 1659 2199 tres
1713 2125 1914 2216 gradus

322 2229 515 2284 parum
547 2221 614 2274 ab
639 2221 761 2277 aliis
791 2223 1252 2292 observatos,imo
1278 2232 1597 2305 plerumque
1620 2237 1901 2307 confusos,

323 2314 380 2359 et
409 2306 711 2376 μονάζοντα
762 2316 987 2383 exposui
1024 2329 1272 2388 agentem
1310 2326 1672 2382 monasticam
1709 2306 1903 2387 vitam.

325 2396 594 2466 Agatbius
627 2401 792 2471 igitur
823 2405 929 2461 iste
956 2412 1314 2467 monasticam
1344 2414 1509 2470 vitam
1536 2432 1703 2487 agens
1727 2419 1911 2478 Nilum

327 2489 778 2548 meditabundum
814 2502 1070 2566 tanquam
1104 2515 1173 2555 ex
1205 2501 1420 2561 insidiis
1454 2507 1679 2564 adortus
1722 2522 1830 2579 est,
1857 2524 1915 2571 et

330 2595 622 2652 aggressus
648 2584 1029 2658 improvisum,
1057 2601 1109 2648 et
1133 2596 1363 2653 suadere
1385 2602 1545 2671 coepit
1584 2615 1642 2659 ut
1666 2604 1912 2665 Etbieam

329 2675 665 2743 quampiam,
697 2692 791 2733 seu
825 2677 1082 2737 Moralem
1132 2685 1567 2745 iucubrationem
1601 2697 1915 2753 conscribe-

328 2774 431 2819 ret.
465 2766 534 2821 At
560 2765 716 2825 Nilus
747 2770 801 2824 in
836 2770 1186 2843 Expositione
1213 2776 1556 2836 Psalmorum
1589 2798 1909 2857 occupatus,

328 2857 488 2926 cujus
547 2857 847 2929 fragmenta
904 2865 1167 2921 nonnulla
1218 2870 1572 2938 reperiuntur
1631 2875 1687 2929 in
1723 2877 1913 2932 codice

328 2947 629 3004 Barberino
660 2954 1057 3024 manuscripto,
1093 2965 1147 3011 et
1175 2961 1316 3028 apud
1350 2960 1653 3019 Bessouum
1712 2967 1768 3021 in
1804 2968 1913 3023 Ca-

329 3051 510 3096 tenam
550 3041 805 3116 Procopii
849 3062 1010 3133 super
1050 3048 1291 3108 Cantieis
1331 3054 1695 3124 canticorum,
1746 3060 1911 3130 tergi-

2007 576 2062 621 et
2114 567 2344 624 forsnan
2398 572 2465 626 ad
2519 574 2860 631 diaconatum
2922 576 3235 646 promoveri
3301 587 3597 631 meruerat-

2010 653 2238 710 Exstant
2293 667 2349 712 et
2398 659 2905 717 isidoriPelusiotze
2942 664 3058 733 qui.
3103 662 3293 718 eodem
3356 674 3602 734 tempore

2011 746 2476 829 vixisse\videtur,
2509 761 2562 806 et
2590 753 2841 808 eumdem
2874 755 3197 823 magistrum
3244 754 3437 811 habuit
3478 772 3604 812 san-

2012 846 2159 890 ctum
2180 835 2446 894 Joannem
2472 840 2952 913 Chrysostomum,
2977 845 3046 900 ad
3069 846 3342 917 Agathum
3370 848 3599 918 presby-

2014 937 2188 983 terum
2227 931 2265 985 i.
2299 948 2337 985 ι.
2390 933 2548 1002 epist.
2576 935 2703 1001 270,
2741 946 2794 991 et
2827 938 2862 991 1.
2913 955 2998 1001 ιιι,
3036 938 3196 1008 epist.
3230 939 3316 1005 18,
3348 941 3440 1005 9.7,
3474 940 3597 1005 160,

2010 1019 2136 1084 296,
2174 1023 2299 1090 505,
2326 1024 2442 1080 sive
2470 1026 2957 1097 Agathodeemona.
2994 1031 3074 1085 Eo
3109 1031 3369 1085 nimirum
3400 1040 3603 1102 tempo-

2012 1128 2071 1168 re
2104 1117 2302 1185 saepius
2346 1133 2377 1172 e
2409 1121 2694 1176 monachis
2723 1121 2940 1177 diaconi
2986 1124 3385 1195 deligebantur,
3430 1126 3602 1181 immo

2011 1208 2315 1276 presbyteri
2370 1219 2423 1264 et
2468 1211 2737 1283 episcopi,
2794 1225 3013 1270 auctore
3066 1216 3217 1271 card.
3262 1216 3501 1273 Baronio
3533 1220 3603 1274 ad

2013 1314 2143 1355 ann.
2178 1301 2280 1357 598
2311 1301 2373 1358 C.
2408 1302 2499 1369 N.,
2544 1314 2598 1360 et
2630 1306 2799 1376 liquet
2826 1324 2856 1362 e
2907 1309 2944 1362 I.
3000 1325 3171 1364 xxxu.
3210 1308 3272 1365 C.
3324 1309 3597 1366 Theodos.

2014 1391 2093 1448 De
2125 1396 2288 1463 episc.
2320 1407 2369 1450 et
2399 1396 2575 1465 cleric.
2608 1397 2781 1455 Tanta
2811 1409 2930 1455 erat
2979 1402 3376 1457 monachorum
3412 1403 3598 1458 multi—

2014 1485 2146 1539 tudo
2177 1525 2191 1548 ,
2238 1495 2317 1541 tot
2347 1489 2597 1544 examina
2642 1506 2928 1548 servorum
2982 1493 3109 1548 Dei:
3143 1493 3261 1549 haec
3303 1494 3451 1549 enim
3495 1511 3598 1550 vox

2016 1572 2117 1642 (ut
2141 1573 2253 1642 jam
2290 1577 2479 1631 monui
2506 1577 2523 1645 )
2562 1582 2862 1638 monachos
2895 1583 3179 1654 significat.
3211 1584 3447 1642 Sanetus
3470 1585 3602 1642 Gre-

2013 1664 2199 1733 gorius
2230 1663 2413 1721 M.lib.
2444 1685 2496 1722 x.
2528 1670 2690 1739 epist.
2710 1672 2799 1737 51,
2819 1684 2872 1730 et
2899 1675 2992 1730 lib.
3027 1692 3088 1732 ιι.
3119 1676 3282 1747 epist.
3320 1677 3391 1732 24
3422 1687 3477 1734 et
3504 1678 3596 1741 9|,

2344 1775 2531 1815 xxxrx.
2559 1760 2655 1819 iib.
2679 1779 2773 1819 xx:
2799 1779 2846 1820 c.
2873 1767 3210 1825 12.8anctus
3236 1767 3601 1842 Hieronymus

1944 1832 1987 1888 Β
2014 1847 2210 1918 psalm.
2245 1851 2368 1905 155.
2401 1852 2764 1924 θεραπευταὶ,
2797 1856 3032 1917 Sanctus
3066 1860 3358 1933 Dionysius
3392 1832 3594 1919 Eccles.

2019 1938 2341 2009 Hieran/1.;
2377 1942 2532 2001 Philo
2590 1948 2683 2002 lib.
2741 1949 2819 2004 De
2857 1953 2948 2007 vit.
2987 1954 3313 2024 contempl.;
3363 1955 3603 2013 Sanctus

2016 2035 2357 2106 Augustinus
2374 2042 2536 2111 epist.
2552 2043 2620 2098 56
2643 2060 2659 2111 ;
2682 2044 2967 2104 Ennodius
2994 2049 3031 2103 1.
3058 2051 3315 2120 ut.epist.
3330 2051 3433 2117 929;
3465 2055 3598 2124 quin
3638 2111 3643 2117 ,

2016 2138 2071 2185 et
2099 2131 2351 2188 homines
2376 2134 2542 2208 604
2564 2135 2678 2201 Dei,
2715 2139 2815 2193 viri
2842 2139 2970 2207 Dei;
3004 2140 3078 2196 ita
3120 2152 3344 2199 sanctus
3373 2146 3599 2199 Alexius

2016 2225 2308 2291 vocitatus,
2343 2226 2743 2300 etPorphyrius
2779 2231 2833 2286 in
2860 2230 2983 2286 Vita
3005 2234 3180 2288 sancti
3200 2235 3436 2304 Agapiti,
3460 2246 3514 2290 et
3543 2237 3600 2289 in

2017 2312 2292 2386 Martyrol.
2326 2314 2484 2371 Rom.
2516 2316 2586 2371 20
2611 2319 2865 2390 Augusti.
2901 2320 3062 2374 Anno
3091 2321 3230 2376 1658
3264 2321 3460 2375 eﬂ'ossa
3497 2323 3599 2375 luit

2016 2407 2120 2463 sub
2146 2407 2383 2463 statione
2406 2408 2659 2466 Cohortis
2687 2410 3060 2467 Helvetiorum
3087 2410 3353 2482 praetoriae
3379 2414 3430 2466 in
3456 2416 3597 2469 Area

2017 2494 2282 2553 Vaticana
2340 2499 2721 2568 hujuscemodi
2773 2513 2930 2557 vetus
2974 2502 3285 2572 inscriptio,
3334 2517 3496 2572 quam
3527 2502 3595 2555 ad

2016 2606 2219 2646 annum
2261 2592 2467 2648 Christi
2501 2592 2628 2663 405,
2685 2610 2830 2653 coss.
2877 2594 3190 2651 Theodosio
3225 2594 3444 2662 iuniore
3485 2597 3598 2665 pri-

2017 2700 2165 2739 mum
2201 2693 2256 2740 et
2283 2685 2630 2753 Rumoridio,
2671 2687 3077 2743 eruditissimus
3109 2686 3427 2742 Holstenius
3453 2696 3599 2741 retu-

2015 2775 2106 2830 lit:
2140 2774 2502 2842 Quintilianus
2547 2778 2699 2832 homo
2734 2779 2829 2833 Dei
2880 2779 3205 2847 conﬁrmans
3261 2778 3598 2843 Trinitatem,

2015 2884 2201 2923 amans
2234 2871 2567 2934 castitatem,
2608 2887 2855 2940 respuens
2890 2871 3144 2924 mundum
3168 2871 3452 2940 requiescet
3491 2885 3600 2922 una

2017 2964 2547 3033 cum.......quivixit
2576 2979 2706 3017 ann.
2727 2962 2795 3016 P.
2816 2966 2893 3020 Μ.
2915 2961 3432 3019 X.......Tlteodosio
3458 2961 3595 3030 Aug.

2016 3062 2065 3108 et
2099 3053 2167 3109 R.
2203 3054 2296 3109 ubi
2326 3055 2476 3109 vides
2504 3055 2772 3110 castitatis
2811 3070 3074 3119 amorem,
3105 3064 3163 3110 et
3190 3053 3379 3109 mundi
3411 3052 3597 3138 despi:

327 3134 670 3221 versabatur,
705 3149 967 3197 causatus
1006 3144 1190 3199 saeculi
1224 3147 1548 3216 nequitiam,
1588 3166 1754 3220 quam
1788 3169 1910 3209 cor-

2015 3147 2294 3213 cientiam,
2325 3147 2440 3202 sive
2461 3146 2715 3217 ἄσκησιν,
2755 3156 2807 3202 et
2830 3147 3180 3217 ἐγκράτειαν.
3225 3147 3314 3201 Isti
3346 3134 3598 3202 homines

326 3208 449 3295 ri'gi,
506 3240 571 3281 ac
627 3230 900 3285 emendari
935 3231 1278 3304 desperabat,
1312 3253 1436 3292 eum
1474 3208 1774 3309 nortcsset,
1821 3208 1980 3315 qui“
2019 3238 2289 3295 seu’servi
2329 3235 2423 3293 Dei
2444 3237 2803 3303 definiuntur,
2831 3236 2922 3306 qui
2948 3235 3016 3291 ad
3046 3236 3240 3291 faciem
3284 3236 3599 3290 ministrant

327 3315 531 3372 faceret
586 3320 790 3376 bonum
863 3340 1037 3395 usque
1081 3327 1147 3381 ad
1194 3344 1363 3383 unum
1448 3330 1488 3397 ί,
1536 3344 1589 3388 et
1658 3335 1916 3392 vanitatis

327 3404 540 3461 daemon
573 3417 746 3465 terras
784 3408 1036 3482 indagine
1077 3416 1340 3486 cingeret,
1380 3422 1749 3492 expansisque
1779 3427 1913 3480 reti-

328 3498 432 3552 bus
461 3507 686 3554 cunctos
710 3502 971 3558 mortales
994 3504 1360 3575 illaqueassct,
1386 3510 1459 3565 ita
1486 3521 1544 3567 ut
1570 3513 1623 3567 hi
1654 3516 1913 3585 expedire

326 3604 386 3643 se
437 3604 543 3642 non
602 3599 843 3659 possent,
898 3593 978 3647 uti
1055 3597 1455 3653 monachorum
1515 3605 1931 3674 antesignanus

327 3680 464 3734 alter
488 3688 711 3736 sanctus
743 3682 1015 3738 Antonius
1043 3688 1316 3755 quondam
1365 3692 1595 3758 viderat,
1627 3711 1676 3749 c.
1715 3695 1779 3749 2t
1811 3697 1914 3752 Le-

324 3772 505 3844 gendte
539 3772 731 3829 Ctaud.
765 3775 828 3830 de
855 3774 1013 3829 Rata.
1060 3778 1326 3847 Agathius
1367 3797 1499 3854 ergo
1563 3784 1911 3845 Peristeriam

326 3867 748 3933 commendavit,
794 3878 850 3924 et
900 3867 1041 3923 hanc
1097 3881 1260 3926 unam
1314 3879 1569 3945 opposuit
1598 3879 1745 3934 vitiis
1806 3881 1912 3937 late

327 3960 698 4015 crescentibus
744 3961 1163 4032 exemplumque
1200 3964 1391 4035 dedit;
1432 3977 1597 4039 atque
1649 3972 1787 4027 adeo
1820 3976 1904 4029 di-

328 4048 586 4113 laudavit,
626 4057 684 4103 ut
719 4058 883 4105 tanta:
942 4052 1159 4109 virtutis
1189 4055 1551 4113 admiratione
1610 4064 1902 4130 perculsus

327 4139 480 4194 Nilus
507 4141 758 4197 alacriter
810 4152 1098 4201 tractatum
1142 4147 1305 4203 istum
1338 4150 1409 4204 sit
1453 4167 1703 4220 exorsus,
1747 4165 1911 4227 atque

327 4231 643 4300 perfecerit;
691 4234 835 4290 unde
878 4252 909 4291 a
952 4237 1264 4306 Pcristeria,
1297 4257 1421 4310 quze
1469 4243 1597 4299 huic
1652 4250 1906 4313 tractatui

325 4340 547 4379 causam
580 4327 874 4395 praebuisse
903 4332 1135 4397 videtur,
1174 4335 1389 4390 titulum
1443 4351 1561 4392 sum
1598 4351 1904 4397 mutuatus.

301 4416 390 4499 .Et
447 4417 617 4474 sectio
675 4419 915 4489 quidem,
976 4441 1139 4494 quam
1179 4434 1360 4480 statuo
1417 4426 1710 4497 decimam,
1765 4434 1905 4502 sapit

2018 3332 2269 3387 Domino.
2332 3329 2510 3386 Homo
2580 3330 2785 3386 Graecis
2861 3328 3256 3384 recentioribus
3308 3326 3598 3398 ἄνθρωπος

2017 3424 2182 3488 idem,
2213 3424 2308 3495 qui
2339 3438 2551 3479 servus.
2579 3422 2926 3478 Constantia.
2960 3419 3040 3474 De
3058 3420 3366 3474 administr.
3402 3418 3590 3487 imper.

2016 3514 2093 3571 La
2123 3516 2296 3573 Cerda
2333 3532 2382 3572 c.
2416 3515 2538 3571 M6.
2572 3532 2626 3570 n.
2663 3515 2751 3570 η.
2798 3514 3084 3569 Adversar.
3117 3529 3258 3567 sacr.
3295 3513 3501 3582 passim
3538 3512 3592 3564 in

2016 3606 2171 3665 libris
2219 3608 2526 3664 feudorum.
2568 3606 2745 3663 iiomo
2769 3616 2852 3664 est
2883 3606 3171 3669 vassallus,
3203 3613 3258 3661 et
3294 3604 3594 3660 hominium

2015 3699 2159 3765 inde,
2197 3701 2341 3770 quod
2369 3700 2491 3755 aliis
2541 3700 2855 3769 homagium
2903 3699 2971 3754 ab
3033 3696 3169 3768 ὠμῷ
3217 3697 3380 3768 ἁγίῳ,
3423 3697 3477 3751 id
3515 3703 3599 3749 est

2015 3800 2207 3848 sancto
2234 3790 2597 3862 jurejurando
2638 3791 2895 3845 trahitur.

2088 3881 2484 3951 Suprascriptae
2532 3880 2758 3936 decima:
2808 3881 3038 3935 sectioni
3088 3879 3307 3934 adtexui
3370 3878 3599 3932 undeci-

2014 3990 2182 4039 mam,
2219 3973 2306 4028 cui
2354 3973 2544 4028 titulus
2584 3981 2721 4040 erat,
2758 3973 2894 4044 Περὶ
2931 3972 3027 4026 τοῦ
3080 3972 3301 4042 Ἰωσὴφ,
3343 3970 3437 4023 καὶ
3497 3969 3599 4033 τῆς

2015 4065 2301 4127 Σωσάννας
2358 4064 2440 4117 ὅτι
2475 4063 2677 4133 μείζων
2713 4065 2742 4117 ὁ
2766 4063 2862 4117 τοῦ
2907 4063 3105 4132 Ἰωσὴφ
3140 4062 3291 4130 ἀγὼν
3324 4060 3422 4130 τῆς
3458 4061 3601 4113 κατά

2011 4156 2111 4227 τὴν
2147 4155 2422 4227 μακαρίαν
2468 4156 2772 4210 Σωσάνναν.
2803 4155 2882 4209 De
2929 4153 3179 4224 Joseplto,
3209 4162 3367 4223 atque
3396 4150 3598 4206 Susan-

2013 4266 2102 4314 na,
2134 4259 2496 4319 certamenque
2544 4248 2708 4318 fuisse
2746 4248 2919 4318 majus
2951 4247 3169 4317 Iosephi
3221 4263 3280 4299 eo
3326 4246 3466 4314 quod
3497 4245 3596 4298 ad-

2013 4357 2187 4395 versus
2238 4340 2444 4394 beatam
2492 4337 2794 4394 Susannam
2821 4350 3117 4408 susceptum
3155 4337 3276 4407 fuit.
3329 4335 3594 4390 Praeterea

2011 4431 2387 4487 duodecimam
2406 4430 2702 4487 sectionem
2725 4431 2945 4501 appinxi
2971 4449 2984 4484 :
3009 4429 3145 4499 napi.
3166 4428 3263 4498 τῆς
3281 4425 3595 4507 παραϐολῆς

324 4509 596 4579 epilogum
662 4512 883 4580 operis,
933 4514 1049 4568 sive
1115 4517 1569 4586 conclusionem;
1632 4524 1903 4579 convertit

2011 4522 2102 4576 τοῦ
2163 4522 2521 4593 ἀμπελῶνος,
2579 4522 2674 4576 καὶ
2723 4520 2830 4576 τῶν
2881 4520 3260 4593 μισθωθέντων
3322 4518 3591 4590 ἐργατῶν,

302 4603 466 4677 ζρηὶηι
503 4618 624 4659 sese
649 4603 884 4674 scriptor
915 4606 984 4661 ad
1043 4608 1303 4677 amicum,
1332 4612 1624 4683 Agathium
1675 4617 1901 4671 scilicet.

330 4691 526 4747 Verum
563 4708 686 4747 eum
716 4694 769 4747 in
798 4692 1062 4751 Vaticano
1095 4699 1284 4755 codice
1314 4703 1638 4771 reperissem
1671 4706 1905 4775 inscrip-

325 4794 442 4839 tum
505 4786 720 4839 titulum
771 4785 846 4841 De
892 4794 1162 4842 beatorum
1244 4796 1666 4863 conversatione,
1747 4800 1908 4869 deque

322 4877 524 4929 diaboli
553 4877 1059 4948 malignitate,illam
1087 4897 1282 4936 nonam
1311 4885 1603 4939 sectionem
1635 4890 1810 4956 posui,
1829 4898 1905 4952 et,

325 4978 383 5024 ut
416 4971 471 5025 in
501 4973 680 5042 capite
707 4973 742 5027 2
772 4972 986 5042 ab‘ipso
1024 4975 1144 5030 Nilo
1177 4977 1352 5042 innui,
1384 4977 1728 5035 Peristeriam
1755 4998 1906 5037 cam-

322 5062 443 5115 dem
479 5062 736 5117 adnotavi
788 5078 953 5132 quam
1004 5065 1170 5120 variis
1219 5066 1473 5122 atllictam
1524 5072 1803 5137 aerumnis,
1853 5080 1908 5126 et

322 5154 619 5208 exercitam
666 5155 1061 5210 tcntationibus
1126 5157 1387 5214 affirmat.
1435 5159 1514 5214 Ad
1563 5160 1709 5215 hunc
1761 5164 1905 5229 Aga-

324 5244 498 5299 thium
535 5245 787 5314 suspicor
819 5247 1076 5316 scriptam
1108 5266 1136 5302 a
1170 5248 1289 5305 Nilo
1325 5252 1610 5321 epistolam
1646 5253 1747 5306 1’52
1778 5254 1908 5309 Pos-

324 5336 618 5402 sinianam,
649 5338 832 5409 ibique
854 5352 1136 5411 nuncupat
1180 5342 1416 5397 Allatius
1450 5344 1743 5414 Agathium
1792 5347 1908 5399 dia-

324 5442 549 5491 conum,
580 5427 727 5481 illam
772 5430 1058 5499 epistolam
1096 5432 1147 5484 iu
1195 5432 1334 5488 duas
1379 5433 1627 5488 dividens
1665 5434 1758 5489 lib.
1820 5450 1902 5489 ur.

322 5518 481 5586 epist.
514 5519 620 5573 215
644 5520 846 5576 et216.
879 5538 1002 5590 qua:
1054 5539 1334 5593 perperam
1392 5525 1444 5578 in
1501 5523 1693 5580 Graeco
1730 5524 1905 5580 Indice
1966 5532 1971 5537 “

325 5620 647 5665 numeratur
678 5627 775 5680 pro
795 5613 922 5678 ﬂlti,
954 5629 1078 5668 cum
1112 5615 1183 5667 sit
1208 5614 1436 5684 trajecta
1473 5616 1588 5670 162.
1627 5615 1810 5685 Ibique
1842 5620 1905 5670 de

401 5797 412 5826 ¹
460 5796 597 5853 Pani.
630 5814 743 5861 Xltl,
781 5798 849 5864 5;
886 5796 1025 5853 Psui.
1062 5815 1153 5863 Ltt,
1183 5799 1234 5855 9..

2011 4610 2153 4666 κατὰ
2209 4611 2504 4682 διαφόρους
2569 4610 2755 4683 ὥρας,
2822 4610 2902 4665 De
2964 4609 3225 4681 parabola
3277 4609 3472 4673 vincte,
3544 4618 3593 4662 et

2011 4688 2244 4760 mercede
2305 4705 2579 4759 conductis
2650 4706 2904 4774 operariis
2961 4704 3031 4758 ad
3092 4706 3249 4759 horas
3315 4704 3594 4765 diversas;

2009 4798 2481 4869 subsequebantur
2534 4798 2735 4868 quippe
2825 4799 2944 4851 ista:
3018 4796 3140 4850 dum
3185 4796 3596 4850 lucubrationes

2008 4896 2300 4942 tractatum
2345 4887 2670 4952 Peristerizze,
2733 4896 2787 4942 et
2837 4885 3166 4955 appendices
3242 4884 3589 4938 videbantur.

2009 4976 2323 5032 Tractatum
2373 4986 2543 5033 totum
2595 4977 2848 5047 insigniri
2890 4976 2994 5031 hoc
3027 4975 3183 5030 titulo
3211 4975 3397 5030 Graece
3431 4991 3444 5025 :
3481 4974 3590 5027 Τοῦ

2005 5070 2155 5122 ὁσίου
2190 5070 2400 5141 Πατρὸς
2421 5071 2579 5141 ἡμῶν
2594 5070 2790 5123 Νείλου
2820 5067 2956 5138 πρὸς
2978 5066 3237 5135 -Ὰγὰθιον
3265 5067 3588 5135 μονάζοντα,

2010 5164 2115 5217 Sed
2176 5164 2327 5217 illum
2381 5164 2546 5218 latius
2603 5161 2834 5231 expandi
2877 5161 3099 5215 Latine:
3155 5159 3340 5215 Sancti
3405 5160 3590 5213 Patris

2009 5257 2175 5310 nostri
2261 5254 2379 5309 Nili
2481 5255 2551 5307 ad
2623 5254 2906 5324 Agat/tium
3000 5253 3350 5305 monasticam
3428 5254 3590 5306 vitam

2006 5357 2241 5417 agentem
2316 5347 2627 5412 Peristeria,
2702 5364 2791 5399 seu
2881 5342 3160 5397 Tractatus
3225 5346 3286 5398 tle
3377 5347 3590 5398 virtuti-

2008 5442 2100 5493 bns
2130 5441 2451 5506 excolendis,
2483 5448 2532 5493 et
2569 5439 2714 5490 vitiis
2742 5436 3004 5507 fugiendis
3032 5436 3265 5504 exemplo
3290 5436 3589 5491 Peristcrite

2007 5534 2318 5587 clarissima:
2370 5550 2428 5585 ro
2474 5530 2665 5584 stacqu
2731 5530 2960 5600 ferninte.
3000 5528 3057 5582 in
3109 5531 3417 5595 scctiones,
3472 5532 3589 5587 sive

2007 5628 2267 5697 τμήματα
2295 5643 2364 5679 .vn
2411 5622 2793 5678 divisiJ‘rima
2824 5622 3063 5676 continet
3114 5623 3288 5694 capita
3339 5641 3430 5678 sex
3487 5642 3585 5681 cru
