4066 6146
464 260 595 329 I331

1387 272 1534 333 JOS.
1583 275 1849 336 MARIJE
1884 277 2242 339 SUARESII
2280 280 2778 342 DlSSERTATIO

3600 271 3742 335 1332

456 377 864 445 Praefationem,
903 380 1145 436 secunda
1197 383 1265 438 de
1313 390 1675 457 temperantia
1707 391 1822 447 sive
1874 392 2045 447 absti-
2076 398 2122 455 Α
2153 395 2315 451 nibus
2345 396 2639 466 egentibus
2696 391 3052 463 suppeditans
3104 387 3393 450 auxilium,
3432 401 3545 441 non
3572 403 3750 443 cessa-

455 469 664 534 nentia,
702 482 825 538 esp.
876 468 1151 539 quinque;
1202 474 1358 528 tertia
1407 478 1473 530 de
1527 492 1667 534 vana
1718 481 1923 549 gloria,
1959 496 2052 536 ca-

457 558 567 627 pita
617 558 750 624 tria;
784 569 978 627 quarta
1009 560 1076 614 de
1104 561 1359 628 lectione,
1387 576 1442 621 et
1479 571 1747 633 oratione,
1777 587 1897 641 cap.
1931 588 2053 642 sep-

462 648 793 715 temdecim;
835 651 1213 722 quinta,quod
1256 656 1454 713 animae
1502 662 1799 715 amantium
1828 663 2055 719 divitias

460 738 586 792 vitae
617 738 831 808 cupida:
858 756 1002 811 :egre
1029 743 1155 799 hinc
1198 746 1531 803 divelluntur
1561 749 1617 804 in
1660 750 1793 815 liora
1821 753 2014 806 mortis
2038 791 2053 815 ,

461 846 581 900 cap.
619 832 757 897 tria;
793 843 967 899 sexta,
1004 836 1148 905 quod
1179 840 1377 894 merito
1399 841 1727 909 puniuntur,
1757 843 1848 912 qui
1882 841 2054 897 facul-

459 930 602 977 tates
629 924 940 993 promiscue
968 929 1386 1000 quibuscunque
1415 932 1748 1003 relinquunt,
1768 950 1888 1005 cap.
1914 936 2056 1003 duo;

462 1018 692 1084 septima
725 1016 794 1071 de
816 1017 926 1079 bis,
958 1019 1051 1088 qui
1083 1018 1135 1074 in
1175 1030 1420 1092 tempore
1474 1024 1669 1079 mortis
1704 1027 1910 1080 nullam
1942 1041 2057 1081 suae

463 1106 656 1163 salutis
683 1122 872 1168 curam
921 1110 1147 1178 habent,
1181 1112 1275 1167 sed
1319 1122 1374 1169 et
1401 1122 1729 1171 testamenta
1760 1118 2061 1172 scribentes

460 1200 659 1269 jubere
710 1214 770 1258 se
809 1198 1001 1256 dicunt
1055 1200 1124 1257 de
1153 1203 1239 1258 his
1289 1219 1525 1275 quorum
1576 1215 1900 1276 potestatem
1950 1224 2059 1263 non

465 1291 690 1359 habent,
733 1307 855 1363 cap.
892 1293 1184 1361 undecim;
1240 1305 1432 1351 octava
1469 1298 1536 1354 de
1565 1299 1893 1363 liaaredibus,
1940 1315 2061 1370 cap.

465 1398 638 1437 unum
663 1399 678 1447 ;
705 1398 870 1448 nona,
892 1386 1205 1455 suggillatio
1234 1402 1450 1451 eorum,
1469 1390 1561 1459 qui
1590 1397 1908 1446 testamenta
1930 1393 2067 1446 scri-

464 1470 625 1533 bunt.
664 1486 784 1541 cap.
816 1471 1039 1538 decem;
1085 1473 1301 1530 decima
1353 1476 1426 1531 de
1461 1478 1748 1533 beatorum
1778 1495 2068 1535 conversa-

469 1563 507 1615 ti
548 1577 640 1630 ne,
683 1578 806 1634 cap,
856 1575 1095 1636 septem;
1141 1566 1428 1622 undecima
1509 1583 1628 1638 cap.
1699 1569 1887 1641 viginti
1930 1571 2066 1634 tria;

470 1670 709 1725 quorum
744 1656 1030 1728 aliquibus
1060 1657 1202 1713 tituli
1235 1668 1368 1715 sunt
1394 1659 1674 1730 impositi;
1716 1659 2063 1725 duodecima,

473 1761 596 1816 cap.
631 1746 914 1802 tredecim.

541 1833 881 1905 Opuseulum
908 1834 1014 1891 Nili
1046 1837 1217 1892 locavi
1247 1840 1500 1906 subinde,
1533 1839 1677 1909 quod
1711 1840 2066 1896 inscribitur:

470 1926 618 1999 Πρὸς
713 1928 812 1998 τὴν
875 1931 1431 1999 σεμνοπρεπεστάτην
1499 1931 1726 2000 Μάγναν
1803 1931 1902 2001 τὴν
1954 1932 2072 1987 διά-

473 2035 631 2072 κονον
677 2018 970 2090 Ἀγκύρας.
1000 2020 1171 2089 Λόγος
1196 2022 1324 2091 περὶ
1362 2023 1768 2095 ἀκτημοπύνης.
1811 2024 1894 2077 Ad
1926 2040 2081 2079 rene-

477 2111 684 2167 ralione
731 2110 1099 2181 dignissimam
1166 2111 1421 2182 Magnam
1478 2114 1837 2168 diaconissam
1887 2116 2072 2184 Ancy—

476 2215 586 2265 rtz,
633 2194 893 2258 tractnlu's
932 2200 995 2254 de
1042 2201 1343 2255 uoluntaria
1384 2214 1729 2272 paupertate,
1779 2205 1895 2260 sive
1940 2205 2073 2259 nihil

478 2289 829 2358 possidendo.
865 2289 1201 2361 Principium
1229 2291 1421 2363 πρώην
1461 2294 1577 2364 μέν.
1597 2295 1610 2364 ι
1630 2292 1811 2363 Nuper
1840 2295 2073 2365 quidem.

475 2381 728 2454 Magnam
761 2384 951 2438 vocavi
980 2398 1087 2437 non
1122 2383 1476 2454 Magnesiam,
1514 2397 1741 2442 secutus
1772 2385 2069 2443 Vaticanos

478 2475 699 2531 codices
721 2474 826 2531 655
852 2485 906 2531 et
937 2476 1097 2541 H34,
1117 2485 1172 2530 et
1199 2475 1518 2532 Heracliden
1536 2477 1698 2549 605
1725 2479 1780 2532 in
1807 2478 2075 2533 Paradiso

479 2583 532 2623 e.
563 2567 653 2632 55,
688 2584 783 2624 seu
816 2568 1119 2622 Palladium
1149 2568 1202 2622 in
1237 2568 1440 2623 llistor.
1467 2570 1735 2626 Lausiaca
1755 2587 1806 2626 c.
1836 2572 1959 2637 151,
1983 2572 2075 2640 qui

482 2658 734 2730 Magnam
768 2668 1010 2726 vocant;
1060 2670 1115 2714 et
1143 2659 1419 2716 Palladius
1458 2661 1678 2730 quidem
1739 2661 1837 2717 lib.
1869 2677 1964 2716 vm
2001 2663 2077 2716 De

482 2752 578 2804 vit.
611 2748 857 2815 Patrum,
889 2750 1091 2805 relatus
1122 2766 1174 2820 p.
1206 2753 1329 2818 776,
1357 2753 1437 2806 sic
1465 2752 1659 2807 habet:
1703 2771 1722 2803 ε
1754 2751 1811 2805 In
1853 2753 2073 2807 civitate

484 2845 699 2912 Ancyra
733 2840 953 2912 (estea
995 2843 1310 2913 metropolis
1352 2843 1581 2899 Galatiae
1611 2845 1666 2899 in
1701 2843 1830 2900 Asia
1869 2844 2079 2900 Miuore

484 2933 844 2991 celeberrima
878 2934 1086 3005 synodo
1133 2935 1269 2993 inibi
1306 2935 1490 2990 habita
1549 2951 1692 2991 anno
1737 2937 1800 2991 (3.
1841 2934 1906 2989 Ν.
1949 2936 2076 3000 514,

2157 486 2249 541 bat
2284 486 2535 542 hilariter
2575 484 2876 555 dispartiri,
2928 493 2983 539 et
3031 481 3248 553 operari
3278 480 3534 548 pietatem
3566 477 3748 533 laten-

2157 586 2262 640 ter,
2320 584 2377 630 et
2428 590 2523 645 per
2576 589 2658 640 se,
2715 582 2771 629 et
2826 588 2924 643 per
2982 586 3173 628 servos
3224 569 3579 624 fidelissimos
3618 586 3634 623 :
3681 567 3750 623 ab

2161 667 2396 725 ecclesia
2427 681 2537 722 non
2568 665 2850 733 recedens,
2881 673 3048 720 noctu
3090 663 3350 727 maxime,
3387 662 3444 717 in
3493 662 3750 717 omnibus

2159 773 2425 814 exercens
2451 772 2512 813 se
2533 766 2755 828 propter
2774 770 2926 825 spem
2956 755 3099 825 ejus,
3122 768 3248 823 quae
3278 767 3404 808 vere
3432 763 3538 819 est,
3571 753 3745 806 vita:

2160 847 2229 902 Et
2283 849 2473 904 eadem
2521 845 2839 903 Heraclides
2883 846 3068 900 verbis
3092 844 3374 915 paululum
3423 842 3747 909 immutatis,

2164 956 2271 996 non
2334 956 2555 997 sensu:
2612 939 2821 1010 “agnae
2869 953 3068 993 nomen
3134 935 3399 991 Romanis
3459 943 3749 996 notum,et

2166 1034 2486 1095 usurpatum
2538 1022 2661 1088 fuit,
2693 1032 2748 1077 et
2784 1020 3000 1091 Magnis
3043 1019 3244 1076 Urbica
3299 1018 3560 1074 Maxentii
3607 1020 3744 1088 Aug.

2166 1133 2328 1181 uxor,
2368 1116 2511 1186 apud
2541 1114 2935 1185 Spanhemium
2980 1113 3036 1167 in
3076 1111 3358 1179 Nummis;
3388 1119 3441 1165 et
3479 1111 3533 1164 in
3564 1109 3749 1165 inscri-

2165 1212 2353 1281 ptione
2384 1209 2653 1273 Romana,
2682 1207 2737 1260 in
2758 1206 2885 1260 villa
2917 1202 3132 1258 Felicia!
3168 1201 3550 1256 Pallavicinaa:
3574 1199 3638 1254 D.
3671 1198 3746 1254 ll.

2169 1300 2390 1372 Hognia
2421 1300 2595 1370 Tyche
2628 1298 2750 1368 fecit
2779 1297 2882 1352 sibi
2908 1305 2957 1350 et
2982 1294 3127 1350 karis
3154 1295 3265 1348 suis
3288 1292 3350 1346 Τ.
3378 1291 3598 1361 Magnio
3618 1296 3754 1359 Ang-

2169 1404 2279 1449 ceto
2302 1405 2352 1449 et
2376 1392 2437 1447 Τ.
2469 1390 2686 1460 Magnio
2709 1384 2988 1458 Eutycltio,
3010 1397 3061 1441 et
3085 1385 3153 1451 ρ.
3180 1383 3341 1438 Tillio
3364 1381 3650 1453 Figuliano
3670 1386 3753 1434 be-

2170 1482 2572 1544 nemerentibus,
2603 1489 2652 1535 et
2682 1478 2931 1542 Libertis,
2965 1473 3400 1542 Libertabusque,
3432 1472 3754 1542 posterisque

2168 1588 2349 1628 eorum
2389 1570 2463 1624 Η.
2491 1567 2571 1623 Μ.
2597 1567 2666 1622 D.
2704 1565 2784 1623 Μ.
2836 1564 2903 1619 Α.
2940 1564 3018 1634 (id
3052 1573 3158 1619 est.
3197 1580 3211 1617 :
3251 1559 3391 1615 Huic
3424 1567 3755 1613 monumento

2172 1665 2323 1719 dolus
2355 1663 2526 1717 malus
2578 1659 2804 1730 abesto.)
2851 1657 2987 1713 Item
3032 1660 3089 1712 Τ.
3118 1654 3348 1711 Claudio
3377 1651 3677 1715 Honorato,
3707 1658 3754 1704 et

2173 1758 2417 1813 Claudia:
2433 1755 2710 1811 Marcella:
2738 1753 2925 1807 amicis
2951 1748 3278 1820 ﬁdelissimis
3294 1762 3420 1801 uasa
3440 1744 3757 1799 obrenderia

2171 1852 2304 1915 dua,
2337 1850 2461 1903 item
2491 1846 2715 1902 olicaria
2745 1845 2853 1898 tria
2880 1841 3268 1897 introeuntibus
3287 1848 3436 1909 parte
3464 1839 3753 1892 dextera...

2171 1942 2417 2010 orefecit,
2470 1948 2519 1993 et
2580 1936 2813 1991 donavit.
2879 1931 3210 1989 Obrendaria
3274 1930 3506 1995 corbes,
3559 1928 3756 1998 quibus

2174 2032 2447 2089 vindemia
2487 2029 2750 2093 defertur,
2803 2027 2945 2096 apud
2978 2023 3317 2079 Lombardos
3342 2022 3449 2078 dici
3478 2022 3678 2083 solent,
3704 2030 3757 2073 et

2173 2126 2317 2181 dolia
2350 2124 2580 2187 vinaria,
2612 2137 2707 2177 seu
2739 2135 2911 2190 cupas.
2941 2117 3305 2174 Numinantur
3334 2116 3390 2169 in
3414 2113 3755 2169 Gruterianis

2176 2215 2631 2287 lnscriptionilius
2673 2210 2874 2282 Magna
2939 2207 3150 2273 Ironia,
3201 2206 3450 2278 Magneia
3495 2203 3756 2274 jucunda,

2173 2308 2470 2380 Magnesia,
2503 2305 2720 2377 Magnia
2758 2302 2819 2358 T.
2856 2302 2921 2357 L.
2946 2303 3139 2370 Met/te,
3180 2300 3513 2367 Maximiola,
3568 2297 3758 2362 Statis,

2175 2410 2231 2457 et
2270 2399 2328 2453 S.
2361 2396 2630 2468 Magnilus
2663 2396 2747 2449 bis
2803 2404 2993 2463 terque
3024 2402 3490 2448 commemoratur
3535 2390 3591 2443 in
3622 2388 3761 2443 Ma:-

2179 2491 2448 2565 tyrologio
2497 2488 2719 2543 Lucano
2766 2486 2835 2540 ab
2863 2485 3315 2554 eloquentissimo
3352 2492 3409 2537 et
3442 2481 3760 2537 doctissimo

2177 2583 2537 2640 Florentinio.
2583 2580 2625 2633 A
2688 2576 2886 2648 Magna
2943 2574 3127 2631 vocari
3187 2575 3367 2644 potuit
3426 2571 3665 2641 Magnia,
3711 2579 3763 2624 et

2182 2673 2450 2744 Magnisia
2486 2680 2539 2725 et
2572 2667 2908 2739 Magnisilla,
2950 2682 3044 2720 seu
3075 2664 3345 2735 Magnesia
3374 2672 3429 2717 et
3456 2660 3761 2731 Magnesilla

2179 2764 2637 2838 ὑποκοριστικῶς.
2664 2762 2725 2814 υἱ
2758 2758 2866 2831 γὰρ
2896 2756 3131 2829 ἐρῶντες
3171 2754 3396 2809 εἰώθασι
3435 2754 3601 2824 606
3637 2752 3759 2813 reb;

2178 2858 2493 2931 ἐρωμένους
2513 2851 2791 2935 ὲρῳτικῶς
2810 2850 2877 2904 δι’
2901 2847 3293 2919 ὑποκορισμῶν
3311 2846 3521 2909 καλεῖν,
3546 2860 3576 2898 e
3597 2844 3764 2897 Suida

2180 2953 2234 3005 in
2268 2947 2605 3023 εὐριπιδιονσ
2639 2946 2713 2999 ila
2752 2942 3021 2997 Romulus
3074 2947 3126 2994 et
3153 2938 3492 3009 Augustulus
3540 2934 3762 3023 delicia-

485 3026 602 3082 .S-ive
664 3032 724 3081 Ill
777 3027 1116 3097 ROSWCYdHS
1181 3028 1254 3083 ibi
1290 3029 1511 3084 εειηυιιιι
1550 3045 1581 3084 θ
1639 3045 1789 3096 mS-t‘
1827 3029 2076 3086 (ἷωεπεδ
2103 3070 2146 3125 c
2182 3055 2302 3095 rum
2331 3021 2498 3093 causa
2530 3044 2585 3089 et
2636 3032 3046 3095 blanditiarum,
3085 3029 3139 3082 in
3186 3028 3388 3097 quibus
3432 3021 3763 3079 diminutivis

485 3115 845 3188 Cappadociae
891 3132 945 3188 ιλ
996 3118 1135 3188 792)
1193 3129 1321 3175 sum
1393 3120 1576 3174 multa:
1645 3120 1865 3189 quidem
1955 3115 2146 3176 aliae"
2183 3128 2412 3185 Romani
2444 3126 2704 3195 majestas
2740 3122 2951 3193 imperii
2982 3121 3085 3178 fuit
3117 3120 3385 3177 diminuta
3416 3117 3504 3191 (θ).
3537 3117 3613 3171 De
3648 3116 3763 3170 dia-

486 3208 726 3278 virgines
752 3249 767 3274 ,
818 3225 1014 3279 nempe
1045 3210 1113 3265 ad
1144 3212 1330 3266 decem
1373 3212 1539 3265 millia
1578 3211 1723 3283 (duo
1758 3213 1927 3266 millia
1975 3212 2077 3267 He-

488 3301 678 3356 raclidi
727 3310 781 3356 et
830 3303 1095 3374 amplius)
1136 3319 1260 3374 quae
1307 3313 1654 3369 exercentur,
1705 3314 1758 3359 et
1807 3305 1862 3359 in
1926 3305 2077 3361 omni

487 3393 708 3448 virtutis
741 3393 1089 3450 institutione
1120 3397 1371 3457 militant.
1428 3411 1733 3466 omnesque
1766 3406 2079 3467 temperan—

493 3489 584 3542 tia:
614 3485 826 3555 legibus
888 3487 1047 3542 clara:
1079 3497 1133 3543 et
1167 3488 1410 3560 insignes
1461 3488 1697 3555 feminae,
1729 3496 1783 3543 et
1833 3489 2077 3544 divinum

493 3589 770 3639 certamen
807 3578 990 3635 studio
1042 3595 1242 3652 magno
1304 3591 1689 3652 exsequentes,
1746 3582 1887 3637 inter
1941 3598 2082 3653 quas

496 3670 860 3741 principatum
889 3671 1098 3727 obtinet
1130 3674 1183 3727 in
1219 3675 1420 3744 pietate
1455 3672 1653 3742 Magna
1687 3673 2080 3729 honestissima

497 3760 699 3817 femina
753 3771 809 3816 et
866 3764 1220 3833 probissima,
1254 3781 1416 3832 quam
1447 3765 1633 3820 nescio
1674 3767 1804 3835 quid
1845 3767 1946 3820 sim
1981 3781 2082 3821 nu-

498 3851 829 3916 minaturus,
882 3851 1173 3921 virginem,
1206 3870 1273 3906 an
1306 3854 1526 3909 viduam
1555 3854 1578 3906 ?
1609 3868 1640 3907 a
1679 3861 1854 3907 matre
1884 3854 2083 3924 quippe

400 3936 416 3956 ⁷·
499 3958 594 4011 per
628 3943 736 3995 vim
764 3944 883 3996 viro
925 3943 1239 4013 conjuncta,
1287 3960 1410 3998 eum
1461 3953 1641 3998 tamen
1682 3943 1871 3999 fefellit
1918 3945 2085 4001 variis

500 4036 752 4088 inescans
781 4034 1227 4101 dilationibus,ct
1247 4036 1493 4104 corporis
1518 4038 1737 4092 morbos
1760 4047 2082 4106 praetexens,

500 4140 529 4176 a
578 4118 950 4193 corruptionis
982 4124 1114 4179 vitio
1152 4125 1361 4194 integra
1416 4135 1469 4180 et
1529 4126 1732 4181 intacta
1763 4127 2084 4197 permansit,

502 4227 562 4274 ut
588 4219 780 4276 dicunt
822 4219 942 4289 ejus
977 4219 1310 4287 necessarii;
1360 4234 1597 4290 cumque
1630 4222 1791 4290 paulo
1824 4229 1947 4290 post
1992 4222 2087 4275 dc-

500 4313 760 4369 ccssisset
805 4313 926 4382 ejus
981 4312 1231 4378 maritus,
1290 4314 1533 4367 umidum
1586 4314 1748 4367 simul
1803 4313 1943 4367 facta
2005 4323 2089 4369 est

501 4406 672 4460 haeres
704 4404 887 4463 unica,
973 4413 1027 4457 et
1053 4404 1444 4473 temporalibus
1473 4412 1819 4459 commutans
1866 4415 2089 4472 natet-na,

501 4496 614 4551 Deo
644 4507 809 4553 totam
860 4498 1095 4566 seipsam
1146 4496 1365 4562 obtulit,
1404 4510 1617 4551 summe
1670 4510 1856 4555 curam
1891 4512 2088 4567 gerens

500 4590 629 4643 vitae
683 4602 806 4658 quat
835 4604 1050 4657 semper
1081 4596 1283 4652 manet,
1318 4587 1434 4643 suis
1463 4586 1680 4645 famulis
1705 4587 2091 4642 honestissime

502 4676 802 4745 imperans,
855 4676 1057 4745 degens
1091 4673 1539 4740 laboriosissime,
1580 4683 1634 4727 ct
1668 4688 1831 4743 agens
1877 4675 2090 4744 plenam

504 4767 919 4835 temperantiam
971 4767 1386 4828 monachorum,
1436 4766 1488 4823 in
1539 4782 1832 4836 congressu
1866 4776 1973 4820 tam
2005 4781 2093 4820 se-

506 4871 656 4921 vera,
701 4866 761 4915 ut
811 4858 988 4927 ipsum
1022 4857 1142 4929 ejus
1200 4869 1478 4928 aspectum
1527 4866 1903 4912 revererentur
1928 4857 2091 4911 etiam

505 4948 951 5005 excellentissimi
981 4949 1226 5021 episcopi
1259 4959 1480 5020 propter
1507 4950 1777 5019 insignem
1813 4950 2092 5017 pietatem,

507 5057 573 5098 ac
600 5041 937 5113 religionem.
980 5046 1157 5115 Atque
1201 5046 1320 5117 ipsa
1349 5043 1567 5113 quidem
1628 5058 2092 5112 supervacaneam

507 5142 563 5191 et
588 5136 811 5189 nimiam
831 5150 995 5207 apum
1018 5140 1302 5198 materiam
1328 5136 1664 5207 paupertatis
1690 5137 1811 5205 igne
1841 5149 2097 5188 consum-

514 5226 658 5294 psit;
697 5243 819 5297 qua:
865 5240 1045 5285 autem
1084 5239 1411 5299 supererant
1456 5246 1519 5284 ea
1538 5227 1820 5284 constituit
1864 5227 1929 5281 ad
1967 5226 2098 5281 sub-

516 5320 968 5373 ministrationem
1024 5324 1393 5386 monasteriis,
1450 5321 1721 5386 ecclesiis,
1769 5319 2099 5388 pauperibus

518 5412 949 5479 transeuntibus,
986 5414 1280 5484 episcopis,
1327 5414 1609 5484 orpbanis,
1662 5411 1863 5477 viduis,
1900 5421 1953 5467 et
1984 5428 2101 5466 om-

2181 3222 2412 3279 conissis
2452 3218 2573 3274 fuse
2622 3217 2674 3270 in
2704 3216 2798 3270 lib.
2849 3212 3289 3282 Lexicograpbo,
3337 3209 3513 3279 deque
3576 3222 3764 3277 σεμνοο

2180 3310 2566 3383 πρεπεστάτης
2627 3307 2889 3377 epitheto.
2953 3302 3242 3357 Tractatus
3290 3301 3394 3355 iste
3453 3306 3766 3354 numeratur

2183 3403 2456 3459 secundus
2496 3401 2551 3454 in
2597 3397 2788 3453 codice
2817 3393 3083 3450 Vaticano
3111 3392 3273 3456 1454,
3309 3391 3453 3446 unde
3506 3387 3767 3456 subsequi

2182 3510 2305 3550 eum
2339 3491 2612 3548 decuisset
2651 3496 2942 3541 tractatum
2977 3484 3052 3538 De
3075 3483 3381 3538 monastica
3416 3480 3765 3536 exercitatio-

2185 3603 2272 3650 ne,
2324 3593 2384 3638 ut
2439 3582 2615 3653 prima
2664 3578 2829 3634 verba
2862 3576 3104 3632 indicant
3151 3575 3338 3630 etiam.
3377 3572 3444 3647 A_t
3494 3573 3548 3626 in
3584 3570 3768 3626 codice

2184 3674 2486 3730 Barberino
2525 3687 2631 3726 ms.
2690 3682 3068 3739 compereram
3122 3674 3249 3734 post
3277 3664 3450 3730 illum,
3484 3671 3768 3717 tractatum

2184 3767 2253 3823 de
2282 3764 2579 3821 virtutibus
2629 3769 2682 3816 et
2726 3760 2873 3814 vitiis
2904 3759 3174 3813 directum
3208 3758 3275 3811 ad
3317 3756 3607 3827 Agathium
3629 3796 3642 3820 ,
3674 3769 3764 3808 seu

2182 3856 2560 3920 Peristeriam,
2593 3852 2829 3923 ideoque
2864 3850 3094 3915 inserui,
3142 3848 3333 3918 religio
3365 3862 3603 3918 namque
3638 3844 3764 3898 mihi

2186 3952 2290 4009 fuit
2340 3952 2597 4005 ordinem
2644 3946 2959 4017 scriptionis
2994 3944 3049 3998 in
3094 3943 3336 3999 editione
3368 3957 3478 3996 non
3534 3953 3763 3995 servare.

2199 4041 2612 4115 Ἀκτημοσύνην
2646 4040 2943 4111 potuissem
2980 4045 3189 4092 vertere
3217 4051 3342 4091 cum
3374 4033 3642 4089 Cassiano
3672 4045 3769 4083 nu-

2187 4139 2409 4193 ditatem
2434 4150 2636 4197 rerum,
2671 4133 2753 4187 vel
2781 4131 3067 4186 enuntiare
3097 4129 3290 4184 Latino
3320 4126 3590 4183 vocabulo
3614 4124 3767 4177 Acte-

2192 4241 2501 4293 mosynem,
2518 4223 2612 4279 sed
2629 4221 2965 4293 expressisse
2989 4220 3314 4275 concinnius
3332 4217 3631 4271 arbitratus
3653 4227 3768 4269 sum

2195 4318 2562 4376 voluntariam
2592 4323 2994 4386 paupertatem,
3029 4328 3127 4368 seu
3161 4311 3297 4365 nihil
3330 4309 3632 4380 possidere.

2126 4412 2170 4470 ο
2266 4411 2481 4481 Excipit
2508 4415 2800 4463 tractatum
2831 4406 2976 4459 hunc
2999 4403 3067 4458 de
3090 4410 3408 4473 paupertate
3452 4397 3668 4460 Ἠθικὺς
3692 4396 3771 4448 λό-

2196 4522 2314 4576 γος,
2364 4502 2458 4556 καὶ
2501 4496 2836 4568 πολυμερὴς,
2873 4497 2932 4548 ἐν
2994 4487 3341 4562 ᾧνουθεσίαι
3389 4486 3770 4559 πνευματικαὶ,

2199 4600 2251 4654 id
2282 4608 2364 4654 est
2400 4596 2682 4651 Tractatus
2710 4587 2950 4653 moralis,
2978 4596 3029 4642 et
3073 4585 3428 4654 multifarius,
3458 4584 3512 4636 in
3544 4599 3644 4652 quo
3676 4579 3773 4648 spi—

2200 4689 2421 4743 rituales
2441 4696 2562 4740 sunt
2584 4683 3010 4743 admonitiones;
3042 4684 3096 4729 et
3122 4673 3393 4744 capitibus
3418 4680 3658 4741 quatuor
3680 4665 3771 4719 ab-

2201 4781 2452 4834 solvitur.
2497 4777 2831 4847 Principium
2890 4778 2974 4825 est
3020 4764 3354 4836 πολυμερὴς,
3387 4762 3483 4815 καὶ
3521 4757 3775 4827 1:016:90-

2204 4889 2303 4935 πος
2337 4871 2649 4942 πρόκειται.
2690 4869 2803 4922 lloc
2833 4862 3159 4936 opusculum
3190 4869 3275 4915 cst
3323 4854 3484 4927 quasi
3512 4853 3706 4909 concio
3727 4857 3775 4903 et

2203 4964 2525 5019 admonitio.

2276 5058 2451 5111 Erunt
2488 5053 2582 5124 qui
2624 5061 2815 5123 putent
2856 5065 2942 5105 me
2996 5056 3177 5104 actum
3232 5043 3433 5112 egisse,
3463 5038 3590 5109 quia
3632 5036 3775 5089 Ἐπι-

2205 5148 2404 5219 κτήτου
2435 5145 2772 5217 ἐγχειρίδιον,
2804 5159 2898 5197 seu
2948 5138 3249 5195 Manualem
3309 5136 3504 5188 librum
3537 5126 3770 5219 Epicteti,

2200 5218 2356 5307 quasi
2386 5234 2645 5289 cramben
2674 5240 2948 5285 recoctam
2983 5226 3190 5282 intexui
3224 5223 3325 5277 Nili
3355 5218 3655 5291 opusculis,
3679 5228 3774 5307 nec

2202 5302 2394 5399 ignoro
2452 5323 2749 5395 abjudicari
2800 5320 2921 5374 Nilo
2967 5320 3125 5373 istam
3163 5315 3637 5372 lucubrationem;
3688 5302 3772 5407 sed

2200 5422 2292 5492 qui
2326 5417 2726 5491 prmcipilanter
2766 5413 2935 5468 tulere
2967 5411 3290 5467 sententiam
3339 5407 3521 5469 istam,
3568 5416 3634 5455 ne
3658 5412 3773 5467 qut-

686 5633 820 5721 fitle
871 5638 906 5690 ι.
949 5641 979 5691 3
1012 5640 1069 5693 C.
1129 5640 1337 5693 Tl.cud.
1369 5640 1437 5692 De
1464 5643 1557 5707 ﬁJ.
1592 5651 1639 5693 et
1671 5641 1785 5708 jur.
1821 5640 1954 5692 Izasz.
2000 5651 2044 5693 ct

2210 5645 2378 5721 Epist.
2445 5642 2757 5713 Symmacli.
2809 5640 2901 5693 ιη).
2967 5655 3032 5702 v,
3089 5635 3163 5689 Ile
3228 5630 3487 5701 Magn-illo
3577 5622 3771 5680 Vicetia

525 5703 612 5781 ,Ajt
629 5704 739 5753 ire.
