4066 6146
371 337 509 405 1333

1582 335 1683 399 DE
1719 336 2104 400 OPERIBUS
2138 338 2196 398 S.
2238 334 2425 399 NILI’.

3479 328 3621 393 133i

366 450 490 505 dem
516 464 581 503 ex
617 447 896 503 breviculo
941 445 1245 519 recitatam,
1278 448 1326 504 si
1357 449 1722 520 dispexissent
1766 462 1935 508 atten»
1970 457 2017 514 Α
2046 453 2213 521 cium,
2244 460 2340 506 aut
2364 450 2538 522 Pugio
2573 460 2639 503 ex
2679 445 2785 513 his,
2824 461 2943 517 qum
2987 446 3278 517 reliquerat
3312 444 3626 509 Epictetus..

371 541 477 595 tius
516 539 648 594 illud
678 554 818 611 opus
855 555 885 595 a
930 541 1056 596 Nilo
1097 536 1402 606 cencisum,
1456 550 1512 597 et
1557 542 1941 614 interpolatum

368 640 480 685 tam
528 642 800 698 accurate,
847 631 1006 687 sicuti
1044 632 1378 704 prtescripsi,
1434 633 1558 690 Nilo
1590 635 1777 707 utique
1816 635 1943 706 jure

372 722 760 778 vindicassent.
788 720 923 778 Nam
952 738 1079 779 cum
1105 722 1337 795 Epicteti
1356 726 1492 782 liber
1513 726 1674 783 l‘usus
1702 737 1870 794 esset,
1888 738 1944 784 et

369 811 627 882 copiosus
693 814 1041 885 uberiorque,
1094 816 1171 870 uti
1205 826 1538 888 compertum
1572 820 1776 875 habent
1820 822 1943 892 qui-

371 918 590 975 cunque
617 904 973 960 illustrissimi
1030 906 1441 980 doctissimique
1495 908 1757 981 Stephani
1809 913 1943 968 Gra-

371 993 448 1048 dii
479 994 720 1050 codicem
750 1003 1034 1049 exaratum
1065 996 1300 1063 calamo,
1327 1008 1384 1054 et
1409 1001 1818 1072 perantiquum,
1851 1019 1947 1074 op-

372 1086 517 1140 tima:
568 1084 651 1155 (si
691 1085 818 1154 quis
865 1085 1003 1142 alius
1029 1086 1149 1156 est)
1199 1097 1360 1156 notae,
1408 1098 1463 1145 et
1513 1104 1706 1146 aurum
1757 1103 1946 1149 contra

370 1176 753 1232 aestimandum
810 1176 1218 1247 pervolverunt,
1276 1188 1332 1236 et
1388 1195 1515 1236 cum
1580 1183 1739 1239 editis
1794 1185 1950 1241 libris

371 1278 766 1334 compararunt
800 1282 815 1319 :
845 1268 1000 1322 illum
1066 1266 1297 1339 Epicteti
1344 1267 1766 1328 Commentariis
1833 1275 1950 1330 suis

374 1358 667 1413 illustravit
700 1357 869 1413 fetum
897 1357 1162 1416 Arrianus
1188 1360 1410 1416 Adriani
1460 1362 1689 1433 Augusti
1719 1365 1812 1435 qui
1836 1380 1952 1421 (evo

372 1449 573 1506 ﬂorens
599 1450 919 1519 παράπλους
945 1452 1294 1521 conscripsit,
1335 1462 1387 1509 et
1433 1453 1731 1510 Alexandri
1773 1456 1950 1528 Magni

377 1539 591 1608 Vitam;
647 1555 827 1612 neque
861 1556 994 1598 vero
1036 1542 1337 1599 libellulum
1394 1544 1570 1612 illum,
1615 1548 1707 1616 qui
1747 1551 1949 1618 passim

376 1631 629 1687 manibus
678 1633 923 1688 omnium
970 1636 1180 1700 teritur,
1240 1636 1396 1706 quasi
1426 1653 1570 1693 verae
1612 1637 1808 1695 Stoicae
1835 1641 1954 1710 phi-

2043 553 2099 598 et
2172 542 2438 613 ampliora
2519 555 2583 595 ea
2670 538 2841 594 fuisse
2913 538 3313 593 convincuntur
3380 546 3495 592 tum
3582 555 3629 594 θ’

2043 632 2230 690 codice
2269 631 2661 703 suprascripto,
2695 639 2813 684 tum
2837 644 2868 684 e
2914 627 3336 684 Commentariis
3361 629 3611 695 Arriani,

2045 732 2100 781 et
2124 724 2294 794 liquet
2321 736 2389 777 ex
2426 721 2487 776 A.
2518 718 2710 783 Gellio,
2756 726 2810 774 et
2841 710 3048 772 Joanne
3088 713 3340 784 Stobaeo;
3369 732 3467 772 nec
3514 734 3613 771 ex-

2043 824 2152 870 stat
2201 815 2254 869 in
2286 813 2598 869 Enchiridio
2626 809 3033 866 celeberrimum
3058 807 3278 864 eﬁ’ntum
3315 808 3467 875 illud,
3504 824 3615 879 quo

2047 915 2159 962 tota
2231 905 2353 975 ejus
2429 901 2772 974 philosophia
2854 901 3185 965 continetur,
3242 898 3439 972 ἀνέχου
3521 899 3615 953 καὶ

2048 998 2277 1069 ἀπέχου.
2344 995 2544 1050 Verum
2571 994 2835 1049 hactenus
2857 991 3212 1047 desideratur.
3244 989 3399 1045 Nilus
3433 997 3620 1043 autem.

2048 1088 2369 1145 Ethnicismi
2424 1101 2610 1142 naevos
2667 1095 2722 1141 et
2765 1083 3008 1139 maculas
3064 1083 3303 1145 sustulit,
3358 1082 3622 1152 pleraque

2050 1184 2368 1245 resecando,
2402 1189 2565 1250 atque
2620 1176 2899 1242 mutando,
2956 1174 3114 1246 plane
3166 1184 3359 1244 aptans
3388 1186 3617 1243 opuscu-

2049 1277 2160 1330 lum
2191 1273 2522 1338 Christiano,
2553 1271 2685 1342 quin
2733 1276 2787 1325 et
2829 1271 3098 1324 monacho
3152 1267 3613 1330 accommodavit;

2049 1358 2403 1434 quae'turpia,
2450 1376 2572 1431 qua:
2594 1354 2996 1430 superstitiosa,
3031 1357 3114 1410 vel
3145 1354 3504 1410 idololatriam
3529 1371 3617 1410 sa-

2048 1454 2269 1524 piebant
2310 1453 2525 1518 delevit,
2566 1452 2676 1506 imo
2733 1458 2788 1505 et
2828 1448 3070 1503 Socratis
3125 1462 3319 1502 nomen
3365 1446 3616 1509 sustulit;

2050 1542 2315 1614 Paulique
2362 1542 2648 1613 supposuit
2706 1540 2971 1612 Apostoh,
3009 1548 3171 1610 atque
3201 1537 3425 1594 omnino
3459 1553 3617 1592 suum

2051 1635 2249 1690 cﬂ'ecit.
2300 1632 2487 1704 Itaque
2527 1634 2668 1687 sicut
2694 1631 2826 1686 illud
2857 1633 2997 1686 inter
3046 1629 3309 1699 opuscula
3333 1626 3438 1681 Nili
3463 1627 3622 1681 adin-

378 1721 640 1792 losophiae
697 1738 900 1780 succus
961 1739 1272 1795 expressus,
1329 1733 1496 1796 utque
1546 1728 1819 1788 alchimici
1872 1731 1953 1786 lo-
1987 1793 2013 1796 _
2053 1740 2333 1788 veneram,
2372 1727 2452 1781 sic
2497 1723 2782 1794 dereliqui.
2813 1723 3191 1790 rationemque
3247 1720 3470 1775 reddam
3527 1734 3619 1771 eo-

375 1808 638 1882 qnuntnr,
689 1813 877 1880 Elixir,
928 1793 1192 1886 cujusque
1240 1793 1593 1888 principium,
1640 1819 1749 1874 τῶν
1783 1821 1953 1875 ὅντων
1986 1793 2027 1848 Β
2056 1819 2263 1890 piosius
2305 1818 2359 1872 in
2400 1793 2877 1881 Adnotationibus,
2910 1814 3001 1869 ubi
3035 1813 3101 1868 de
3133 1820 3350 1866 amante
3376 1810 3621 1864 Platonis

376 1904 445 1957 τὰ
476 1904 577 1975 μέν
627 1906 777 1960 ἐστιν
811 1906 898 1975 ἐφ’
953 1909 1115 1978 ἡμῖν.
1164 1908 1215 1962 id
1266 1918 1351 1965 est
1385 1912 1744 1965 eminentium
1779 1929 1952 1967 rerum

376 1999 617 2069 quaedam
642 2009 763 2055 sunt
788 2001 842 2055 in
877 2001 1042 2068 nobis,
1082 2001 1356 2071 Epictetus
1401 2002 1474 2057 ita
1508 2005 1809 2071 contexuit,
1868 2006 1955 2060 ille

379 2089 675 2160 (inquam)
704 2089 1004 2157 Epictetus,
1059 2094 1155 2163 qui
1219 2104 1372 2149 ortus
1401 2093 1673 2165 Hierapoli
1709 2095 1956 2167 Phrygiae

382 2177 752 2246 Epaphrodito
770 2179 1001 2235 Neronis
1022 2181 1253 2253 Augusti
1286 2183 1508 2240 Liberto
1537 2186 1726 2240 serviit
1768 2184 1956 2241 Romae

376 2278 433 2323 et
463 2268 757 2325 Domitiani
788 2270 1016 2340 Augusti
1048 2273 1330 2329 dominatu
1372 2275 1634 2341 oﬂ'ensus,
1672 2276 1756 2331 vel
1796 2278 1865 2331 ob
1894 2276 1952 2333 S.

379 2361 724 2424 Consultum,
743 2377 854 2432 quo
884 2364 1025 2433 pulsi
1058 2363 1277 2419 fuerunt
1304 2366 1357 2420 in
1379 2367 1604 2437 patriam
1623 2368 1953 2438 philosoiibi,

388 2449 440 2501 in
467 2465 587 2504 eam
622 2466 894 2513 reversus,
930 2455 981 2508 in
1008 2454 1247 2524 Nicopoli
1276 2459 1476 2528 oppido
1504 2459 1956 2530 Epiri'Novmha-

382 2537 592 2605 bitavit,
625 2550 678 2596 et
709 2556 1032 2611 permanens
1073 2545 1138 2599 ad
1171 2544 1242 2601 M.
1270 2547 1527 2602 Antonini
1562 2557 1803 2620 tempora
1836 2566 1957 2620 per-

382 2632 556 2698 venit,
603 2642 661 2687 ut
702 2633 972 2690 aﬂirma'nt
1022 2636 1220 2692 Suidas
1271 2648 1326 2691 et
1376 2638 1615 2707 Angelus
1651 2639 1954 2695 Politianus

381 2723 436 2775 in
469 2724 694 2793 epistola
727 2725 944 2795 praeﬁxa
975 2742 1038 2781 ex
1081 2725 1144 2795 A.
1177 2726 1348 2782 Gellio
1394 2740 1447 2784 et
1485 2730 1625 2785 aliis.
1679 2729 1956 2799 Epaphro-

381 2815 527 2869 ditns
565 2824 745 2869 autem
776 2815 1009 2872 Neronis
1037 2817 1312 2882 Libertus,
1349 2829 1402 2873 et
1435 2836 1465 2874 a
1496 2820 1736 2886 Libellis,
1766 2830 1817 2875 et
1848 2822 1956 2875 τῶν

385 2904 879 2974 σωματοφυλάκων.
900 2906 951 2960 id
976 2916 1057 2962 est
1084 2911 1328 2977 corporis
1360 2911 1697 2977 custodibus,
1730 2912 1822 2981 qui
1854 2911 1958 2966 Ne-

384 3008 571 3047 ronem
609 2994 661 3048 in
695 2997 1079 3052 consciscenda
1114 2999 1216 3053 sibi
1246 3006 1419 3054 morte
1446 3000 1672 3069 adjuvit,
1706 3016 1735 3055 e
1763 3002 1958 3055 Sueto-

385 3084 477 3137 nio
537 3085 591 3138 in
645 3084 878 3149 Nerone,
930 3102 994 3144 ac
1019 3087 1346 3154 Domitiano,
1396 3098 1449 3144 et
1482 3089 1690 3157 Tacito,
1736 3091 1829 3146 lib.
1864 3107 1951 3154 xv,

382 3174 576 3228 Annal.
590 3175 984 3233 condemnatus
1001 3178 1097 3233 fuit
1114 3178 1234 3233 ideo
1252 3194 1281 3233 a
1298 3178 1770 3234 Domitiano.Sunl
1791 3174 1956 3251 607

384 3266 450 3319 de
478 3268 583 3321 isto
615 3267 845 3337 aliisque
902 3268 1317 3339 cognominibus
1353 3268 1734 3340 Epaphroditis
1787 3272 1957 3341 pluri-

387 3373 488 3411 mae
518 3357 896 3429 lnscriptiones
926 3360 1066 3430 apud
1095 3361 1410 3417 Gruterum.
1457 3362 1691 3418 Sanctus
1759 3362 1960 3419 Paulus

389 3450 442 3501 in
475 3449 629 3517 epist.
665 3451 729 3503 ad
753 3449 1144 3519 Philippenses,
1171 3467 1220 3507 c.
1254 3468 1312 3515 ιι,
1349 3469 1399 3506 v.
1434 3454 1524 3519 ‘25,
1546 3454 1792 3509 meminit
1819 3454 1960 3524 Epa-

389 3538 903 3607 phroditil‘ratris,et
930 3543 1318 3610 eooperatoris,
1350 3552 1403 3597 ct
1427 3546 1817 3601 commilitonis
1847 3546 1957 3611 sui,

391 3630 633 3697 ipsorum
673 3638 852 3683 autem
893 3631 1143 3699 apostoli,
1173 3632 1223 3687 id
1275 3643 1377 3695 est,
1412 3642 1471 3687 ut
1529 3636 1785 3703 arbitror,
1843 3638 1962 3706 epi-

390 3722 560 3791 scopi,
580 3737 739 3793 quem
770 3724 1134 3777 necessarium
1154 3723 1485 3778 existimavit
1516 3726 1729 3782 mittere
1756 3728 1822 3782 ad
1845 3743 1967 3785 cos-

392 3812 539 3878 dem,
572 3820 626 3866 et
654 3825 849 3866 rursus
887 3824 935 3866 c.
973 3825 1047 3875 IV,
1084 3826 1136 3864 v.
1179 3809 1270 3877 22,
1356 3814 1631 3882 accepisse
1658 3831 1716 3871 se
1767 3816 1964 3873 fatetur

391 3905 459 3960 ab
495 3906 632 3974 ipso,
665 3921 786 3976 qua
821 3905 895 3959 illi
927 3904 1231 3970 miserant;
1267 3911 1322 3959 et
1348 3904 1551 3959 salutat
1600 3921 1698 3963 eos
1744 3908 1965 3965 nomine

395 3996 630 4048 maxime
659 3994 900 4059 illorum,
938 3993 1031 4063 qui
1056 3993 1122 4049 de
1177 3993 1410 4049 Caesaris
1439 3993 1603 4050 domo
1635 4006 1785 4059 sunt,
1827 4013 1962 4052 san-

395 4095 640 4152 ctorum;
672 4086 811 4140 hanc
833 4085 898 4139 ad
929 4085 1303 4156 Philippenses
1357 4088 1647 4156 Epistulam
1704 4091 1964 4161 scriptam

397 4179 565 4234 fuisse
583 4178 767 4233 Romae
786 4194 881 4248 per
905 4179 1355 4250 Epaphroditum,
1380 4180 1757 4238 Theodoretus
1777 4194 1965 4240 auctor

394 4278 497 4325 est.
526 4270 834 4325 Cardinalis
860 4269 1126 4325 Baronius
1149 4271 1203 4325 in
1238 4269 1388 4327 Notis
1412 4271 1483 4325 'ad
1508 4270 1781 4344 Martyrol.
1808 4272 1961 4328 Rom.

395 4363 481 4416 die
513 4363 580 4415 22
608 4361 805 4426 Martii,
833 4362 1260 4433 Epaphroditum
1289 4363 1605 4433 episcopum
1648 4364 1960 4419 Terracinae

2068 1910 2348 1966 veritatem
2380 1907 2683 1964 Theosebio
2746 1906 3091 1978 philosopho,
3133 1904 3223 1974 qui
3303 1895 3623 1957 Aiitoninia-

2056 2018 2140 2058 nae
2166 2000 2562 2057 lucubrationis
2589 2000 2658 2055 de
2688 2014 2748 2056 se
2772 2000 2918 2070 ipso,
2955 2014 3049 2054 seu
3077 1998 3141 2050 de
3174 1994 3296 2050 Vita
3323 2006 3420 2050 sua
3452 1995 3621 2048 inter-

2055 2094 2287 2165 polator,
2323 2092 2437 2149 sive
2480 2098 2766 2160 excerptor
2795 2090 3008 2145 videtur
3038 2090 3090 2143 in
3138 2086 3476 2157 Ἐγχειριδίῳ
3502 2085 3623 2136 δευ-

2052 2187 2195 2257 τέρῳ
2236 2184 2583 2255 Ἐπικτήτου,
2613 2181 2757 2254 quod
2780 2181 3106 2250 conscripsit
3138 2179 3305 2233 multa
3345 2193 3374 2232 e
3420 2176 3622 2231 scholis

2056 2276 2281 2347 Epicteti
2336 2275 2601 2340 delibans,
2631 2291 2726 2330 seu
2771 2289 2802 2328 e
2860 2272 3084 2334 scholio,
3144 2284 3321 2339 agam.
3383 2266 3625 2321 Theose-

2057 2370 2203 2422 bium
2249 2369 2317 2423 ab
2358 2367 2581 2438 Apamia
2622 2366 2840 2421 civitate
2864 2365 3002 2419 Asiae
3036 2362 3357 2417 translatum
3389 2358 3455 2413 ad
3516 2354 3625 2412 Eu-

2055 2457 2408 2527 doxiopolim,
2460 2472 2583 2527 quae
2606 2456 2809 2511 dudum
2861 2453 3161 2508 Salembria
3207 2457 3453 2514 vocatur,
3509 2464 3622 2502 me-

2057 2557 2233 2603 morat
2263 2548 2534 2613 Auxilius,
2578 2548 2670 2603 lib.
2699 2564 2713 2601 ι
2746 2545 2822 2600 De
2848 2544 3266 2600 ordinationibus
3297 2559 3327 2594 ιι
3367 2537 3621 2595 Formosa

2055 2654 2192 2709 papa
2231 2640 2410 2709 factis,
2450 2655 2499 2695 c.
2546 2655 2583 2694 ιι
2612 2656 2626 2705 ;
2659 2646 2712 2693 et
2740 2638 2835 2692 lib.
2867 2652 2929 2702 ll,
2968 2651 3018 2690 c.
3043 2621 3133 2701 θεέ,
3179 2634 3495 2706 episcopum
3524 2651 3538 2696 ;
3574 2642 3627 2685 et

2058 2731 2457 2802 Eudoximpolis
2476 2731 2893 2801 nuncupabatur
2922 2727 3218 2800 Selymbria
3239 2727 3431 2782 civitas
3459 2714 3628 2779 Thra-

2057 2824 2155 2878 cia:
2200 2824 2512 2893 provinciae,
2570 2832 2677 2877 act.
2727 2821 3011 2877 iConcilii
3058 2820 3459 2877 Chalcedonen.
3503 2834 3623 2889 pag.

2057 2914 2183 2970 401.
2216 2914 2462 2968 Concilio
2496 2910 3105 2980 Constantinopolitano
3140 2910 3242 2965 sub
3280 2909 3513 2963 Damaso
3538 2924 3629 2976 pa-

2060 3021 2126 3077 pa
2158 3021 2301 3060 anno
2331 3005 2391 3059 C.
2431 3002 2497 3057 N.
2523 3003 2645 3067 581,
2676 3002 2999 3072 subscripsit
3063 3002 3203 3055 inter
3261 3000 3396 3054 alios
3447 2997 3624 3051 Theo-

1984 3119 2026 3177 ρ
2060 3099 2243 3155 sebius
2276 3096 2563 3166 episcopus
2592 3093 3027 3148 Philomeliensis
3057 3091 3347 3162 provinciae
3413 3088 3626 3144 Pisidia?

2061 3203 2154 3257 per
2187 3186 2413 3240 Bassum
2436 3184 2811 3254 presbyterum
2844 3180 3042 3253 Lyciae,
3078 3195 3131 3251 p.
3155 3179 3280 3246 “liti,
3318 3194 3468 3232 num.
3528 3176 3628 3229 illi

2061 3282 2114 3337 in
2169 3280 2317 3335 calce
2354 3275 2675 3332 Crabbianae
2711 3274 3019 3340 Editionis;
3072 3288 3140 3327 an
3184 3271 3274 3326 hic
3334 3269 3628 3324 translatus

2060 3371 2186 3426 inde
2219 3368 2290 3422 sit
2321 3365 2748 3444 Eudoxizepolim
2770 3362 2937 3436 608
2965 3377 3073 3417 non
3111 3362 3346 3416 arbitror
3377 3355 3646 3430 indagan-'

2062 3462 2227 3525 dum;
2257 3474 2376 3513 nam
2413 3457 2612 3512 diserte
2635 3454 2932 3509 translatus
2963 3453 3269 3523 ahApamia
3289 3451 3631 3515 enuntiatur,

2062 3569 2161 3609 nec
2193 3568 2261 3607 an
2293 3554 2360 3608 sit
2406 3547 2759 3604 Antoniniani
2791 3546 3035 3616 opusculi
3067 3553 3265 3609 sector,
3299 3542 3442 3612 quod
3479 3543 3629 3612 prin-

2063 3645 2236 3713 eipem
2276 3643 2449 3703 decet,
2486 3655 2592 3694 non
2645 3639 2827 3691 minus
2889 3653 3051 3706 quam
3112 3635 3335 3705 Epicteti
3388 3631 3632 3686 Manuale

2064 3736 2257 3791 civem.
2288 3733 2441 3787 Nilus
2470 3732 2637 3786 abbas
2665 3728 2855 3785 scribit
2876 3726 3201 3794 Theosebio,
3233 3725 3392 3795 epist.
3418 3724 3506 3785 15,
3539 3723 3632 3777 lib.

2063 3841 2102 3880 ll
2137 3825 2208 3878 De
2246 3823 2450 3878 duabus
2483 3822 2633 3876 olivis
2669 3820 2843 3872 aureis
2884 3818 3025 3886 apud
3090 3813 3412 3868 Zachariam
3440 3830 3486 3867 ι’.
3557 3828 3630 3875 tv,

2064 3931 2202 3986 quas
2250 3913 2483 3985 explicat
2515 3912 2856 3967 Christianos
2890 3924 2954 3963 ex
2990 3905 3230 3961 Hebraeis
3281 3913 3331 3959 et
3359 3902 3631 3975 gentibus.

2063 4007 2390 4062 Iamdudum
2418 4004 2668 4075 equidem
2707 4003 2923 4057 animus
2964 4005 3049 4054 est
3081 4011 3229 4051 meas
3271 4010 3336 4051 eo
3372 3995 3439 4049 de
3493 4010 3635 4062 opu-

2066 4100 2218 4157 sculo
2247 4108 2403 4153 notas
2442 4097 2730 4167 evulgare:
2760 4092 2955 4148 Suidas
2979 4089 3221 4144 meminit
3248 4087 3390 4142 illius
3422 4087 3475 4140 in
3501 4086 3634 4139 Επε-

2063 4208 2282 4264 κτητος,
2313 4202 2365 4245 et
2403 4189 2636 4245 Met-iens
2664 4185 3022 4243 Casaubonus
3041 4189 3228 4237 narrat
3278 4176 3511 4235 iunotis
3566 4179 3633 4232 ad

2067 4282 2327 4339 Antonini
2351 4282 2542 4337 libros.

2140 4373 2357 4443 Subjeci
2413 4370 2790 4427 Narrationem
2836 4365 3089 4422 monachi
3119 4363 3356 4429 Pachon,
3390 4376 3511 4432 quae
3531 4359 3636 4416 La-

394 4463 610 4516 Cetlsel:
647 4463 700 4506 31
727 4453 920 4508 Ρριΐιιε
949 4454 1015 4508 de
1039 4452 1320 4509 Nalalibus
1350 4455 1445 4507 lih-
1476 4471 1548 4520 VI.
1584 4469 1633 4508 οι
1670 4455 1774 4510 100
1853 4456 1963 4510 Ha-
2001 4454 2043 4509 ο
2072 4466 2183 4520 tine
2212 4466 2427 4535 quidem
2461 4479 2617 4518 versa
2650 4461 2751 4515 fuit
2781 4476 2810 4515 a
2841 4458 3110 4515 Gentiano
3134 4452 3369 4511 Herveto
3401 4451 3637 4507 eGrteco

395 4546 547 4611 drize,
573 4545 687 4600 sive
713 4544 999 4600 Andriacat
1037 4546 1293 4601 Ecclesim
1335 4546 1647 4614 praefectum
1718 4558 1969 4601 amumat

395 4652 426 4688 e
486 4634 756 4688 Dorotheo
784 4633 977 4688 abbate
1011 4633 1065 4687 in
1094 4633 1317 4704 synopsi
1355 4634 1422 4687 de
1462 4633 1529 4685 72
1557 4633 1840 4705 discipulis
1864 4634 1969 4686 Dn-

397 4726 550 4785 mini.
585 4724 664 4778 Ad
692 4739 816 4779 eum
849 4739 955 4779 non
1001 4724 1276 4794 pertinere
1296 4724 1619 4780 crediderim
1656 4727 1966 4798 inscriptio-

398 4833 542 4881 nem,
571 4831 664 4873 seu
688 4816 1046 4888 epitaphium,
1076 4815 1224 4886 quod
1265 4815 1322 4869 in
1355 4831 1481 4871 area
1535 4834 1846 4876 marmorea
1882 4836 1970 4875 se-

395 4910 617 4978 pulcrali
651 4909 882 4964 incisum
914 4910 1039 4980 legi,
1070 4910 1132 4963 Θ.
1159 4911 1230 4962 Κ.
1253 4908 1557 4962 ΑΥΡΗΛΙΩ
1593 4909 1970 4982 Ἐπαφροδίτῳ

398 5002 622 5073 Συμϐῐῳ
647 5000 948 5058 ΑΝΙῺΝΙΑ
978 5001 1210 5074 Βαλέρια
1229 5002 1416 5072 ἔθηκε.
1450 5000 1580 5054 Erat
1609 5001 1742 5056 illud
1794 5004 1849 5056 in
1881 5018 1971 5057 ar-

398 5095 767 5165 ehiepiscopio
798 5093 1166 5163 Lugdunensi,
1201 5104 1255 5150 et
1286 5095 1677 5165 inspiciebatur
1699 5094 1968 5164 insculpta

397 5191 562 5243 (lieres
587 5189 640 5240 in
680 5201 866 5251 curru,
906 5202 1069 5255 quem
1127 5187 1416 5241 trahebant
1469 5200 1695 5256 angues,
1751 5187 1971 5257 perqui-

398 5296 526 5336 rens
554 5280 717 5336 tiliam
740 5279 1120 5349 Proserpinam
1151 5294 1181 5334 a
1211 5278 1442 5334 Plutone
1490 5285 1723 5347 raptam.
1785 5277 1889 5332 Sed
1942 5294 1972 5332 c

401 5373 595 5429 semita
642 5373 695 5426 in
729 5372 893 5426 viam.
931 5370 1215 5425 Contraxit
1271 5370 1500 5440 Epicteti
1566 5383 1705 5436 opus
1758 5378 1969 5423 vastum

405 5465 719 5533 Simplicius
747 5463 1104 5535 philosophus
1132 5462 1307 5518 hostis
1341 5461 1798 5522 Christianorum,
1831 5460 1975 5515 sicut

405 5560 613 5613 amicus
648 5556 1134 5625 olim,mulliplieis
1200 5555 1287 5609 vir
1347 5552 1593 5610 lectionis
1644 5550 1975 5621 Theophilus

406 5651 734 5720 llaynandns
766 5650 818 5702 in
856 5649 949 5702 lib.
985 5648 1057 5702 De
1099 5648 1231 5701 bono
1261 5645 1508 5716 regimine
1532 5644 1779 5706 adnotat,
1817 5645 1888 5697 ita
1917 5655 1975 5697 ut

407 5742 757 5798 i‘iuchiridion
791 5740 967 5797 solum
1011 5752 1153 5796 esset
1202 5741 1266 5794 ad
1314 5753 1556 5804 manum,
1632 5751 1724 5791 seu
1785 5735 1972 5805 Pycta-

2069 4571 2343 4620 sermone,
2379 4555 2724 4622 referturque
2759 4553 2811 4605 in
2864 4567 2914 4606 c.
2951 4550 3018 4605 ἓξ)
3069 4545 3325 4600 Historia:
3364 4541 3638 4596 Lausiarw

2068 4645 2294 4700 Palladii
2345 4661 2373 4699 τι
2408 4644 2559 4700 (LP.
2610 4642 2934 4713 Roswcydo,
2990 4641 3084 4694 lii).
3144 4653 3235 4692 vm
3287 4635 3359 4687 De
3395 4632 3496 4687 Vit.
3529 4633 3638 4686 Pa-

2071 4752 2232 4803 trum,
2267 4739 2359 4809 qui
2389 4737 2615 4808 Evagrio
2648 4728 2819 4806 ipsam
2848 4734 3057 4799 tribuit,
3093 4730 3246 4798 cuius
3274 4741 3326 4787 ct
3358 4731 3490 4785 alias
3518 4732 3635 4779 ten-

2072 4832 2302 4885 tationes
2335 4828 2496 4882 refert
2539 4844 2570 4882 e
2607 4842 2656 4881 c.
2680 4827 2749 4880 86
2801 4822 3049 4885 Palladii,
3091 4832 3145 4877 ct
3179 4824 3230 4877 in
3261 4821 3429 4888 notis,
3484 4832 3635 4872 num.

2072 4922 2138 4975 70
2166 4931 2219 4976 et
2251 4921 2371 4985 155,
2399 4920 2491 4975 sed
2509 4927 2563 4975 ct
2604 4918 2788 4974 Graece
2815 4917 3012 4971 ibidem
3048 4914 3264 4986 legitur,
3332 4928 3383 4968 c.
3443 4924 3640 4978 nempe

2071 5012 2139 5067 86
2196 5011 2494 5083 Lausiacae.
2526 5008 2787 5075 Quamvis
2843 5006 3074 5061 luxuriae
3109 5004 3315 5060 crimen
3339 5003 3475 5057 adeo
3503 5016 3638 5054 conn

2071 5112 2313 5156 temnere
2346 5100 2592 5154 videatur
2627 5098 2933 5152 daemonum
2969 5095 3220 5166 princeps
3266 5090 3502 5156 Lucifer,
3534 5090 3639 5145 sic-

2073 5203 2134 5250 ut
2160 5194 2207 5248 ei
2237 5194 2401 5263 aliqui
2442 5192 2532 5246 alii
2589 5189 2815 5255 diaboli,
2875 5189 3003 5259 quia
3064 5201 3335 5241 memores
3403 5184 3639 5252 antiqurc

2074 5301 2184 5340 sum
2216 5282 2512 5338 nobilitatis
2541 5280 2668 5335 illud
2700 5278 3081 5348 dedignantur,
3114 5276 3224 5330 imo
3278 5291 3377 5330 nec
3434 5274 3639 5328 daemo-

2077 5388 2203 5427 uum
2256 5373 2511 5443 princeps
2544 5370 2800 5438 dignatus
2830 5367 2900 5422 sit
2931 5366 2998 5420 de.
3026 5366 3119 5419 illo
3146 5365 3422 5419 Christum
3458 5360 3670 5418 Domi-,

2078 5478 2202 5517 num
2232 5470 2440 5515 tentare
2471 5461 2525 5514 in
2570 5458 2810 5521 deserto,
2843 5456 3307 5526 quemadmodum
3343 5469 3408 5506 ex
3467 5453 3632 5518 magi-

2076 5554 2203 5609 stris
2240 5550 2424 5605 retulit
2462 5558 2687 5604 sanctus
2721 5548 2964 5603 Thomas
3018 5545 3288 5614 Aquinas,
3331 5542 3640 5610 'l‘heologia:

2078 5641 2412 5698 scholasticae
2428 5638 2910 5708 prmstantissimns
2938 5636 3290 5697 architectus,
3314 5634 3405 5686 lib.
3428 5648 3481 5692 v,
3502 5646 3549 5685 c.
3573 5631 3635 5683 21

2084 5734 2154 5787 De
2182 5732 2479 5787 eruditione
2503 5728 2831 5797 principum;
2871 5726 3073 5780 conscii
3106 5734 3283 5778 tamen
3320 5721 3641 5793 perduellio-
