4066 6146
462 252 599 321 1335

1372 268 1519 328 JOS.
1560 270 1823 330 MARIJE
1859 270 2216 332 SUARESII
2255 273 2745 333 DISSERTATIO

3556 258 3701 329 I338

457 372 545 428 nis
602 372 782 429 caeteri
830 372 1051 444 maligni
1105 375 1332 445 spiritus
1386 378 1539 447 ipsos
1584 382 1903 447 monachos,
1971 391 2025 436 et
2055 388 2097 443 Α
2130 384 2270 437 tibus
2310 384 2559 449 alnotat;
2584 393 2639 439 et
2672 384 2737 438 ad
2772 395 2966 436 manus
3007 376 3435 449 impositionem,
3476 386 3694 445 aposto—

458 470 837 535 auachoretas,
870 469 981 524 imo
1006 485 1368 543 quoscunque
1421 475 1509 545 pie
1532 477 1743 532 vivendi
1805 480 2020 534 modum

456 571 741 627 capessere
790 570 1011 626 norunt,
1048 576 1157 617 non
1182 564 1286 618 alia
1321 565 1493 634 magis
1542 566 1817 631 illecebra,
1861 583 2021 638 quam

455 645 822 713 impudicitia‘,
866 662 963 702 seu
1000 647 1378 708 fornicationis
1404 654 1673 725 decipere,
1729 666 1894 727 atque
1955 659 2024 713 ab

454 734 703 787 instituto
735 744 978 792 avertere
1007 749 1296 803 conantur,
1330 743 1695 799 meretricium
1718 746 1853 799 ‘illis
1912 746 2025 801 bel-

454 823 565 875 lum
598 822 950 889 intentantes,
975 842 1075 884 nec
1107 844 1203 885 eos
1236 830 1603 899 solummodo,
1632 836 1726 905 qui
1748 837 1923 891 aetatis
1969 838 2021 891 in

452 912 586 968 flore
634 917 883 985 corporis
928 918 1110 988 vigent
1140 921 1356 987 robore,
1391 939 1578 978 verum
1607 935 1661 980 et
1707 928 1860 982 senio
1890 943 2025 982 con-

452 1004 624 1061 fectos
659 1007 952 1065 identidem
984 1013 1392 1083 aggrediuntur.
1430 1015 1624 1070 Narrat
1666 1027 1886 1072 sanctus
1910 1017 2023 1071 Au-

451 1098 703 1165 gustinus
725 1101 791 1155 de
823 1102 1044 1157 homine
1073 1114 1264 1175 agente
1299 1106 1570 1175 octoginta
1592 1117 1824 1176 quatuor
1850 1123 2023 1164 annos

451 1189 546 1256 qui
585 1190 836 1260 religiose
860 1208 984 1247 cum
1029 1195 1258 1265 conjuge
1306 1198 1562 1266 religiosa
1597 1199 1806 1253 vixerat
1848 1214 2024 1254 annos

450 1279 541 1345 24,
576 1295 700 1335 eum
725 1282 924 1337 emisse
960 1284 1027 1339 ad
1068 1286 1347 1342 libidinem
1381 1289 1484 1343 sibi
1560 1289 1874 1359 lyristriam,
1923 1289 2021 1344 lib.

458 1386 520 1425 ιιι
567 1372 828 1427 Adversus
861 1373 1161 1443 lulianum,
1208 1395 1265 1432 ιι.
1289 1380 1413 1434 561.
1442 1380 1587 1435 Adeo
1609 1381 1756 1434 nulla
1786 1391 1869 1434 est
1890 1389 2024 1435 setas

452 1464 715 1521 immunis
758 1466 825 1520 ab
848 1467 1060 1529 infestis
1088 1467 1395 1533 daemonum
1423 1470 1568 1526 circa
1600 1470 1870 1525 luxuriam
1935 1471 2020 1525 in-

452 1555 627 1621 sidiis,
669 1573 809 1627 quas
840 1559 915 1613 illi
949 1569 1100 1621 tanto
1131 1570 1360 1617 struunt
1389 1562 1667 1617 molimine
1697 1563 1831 1616 viris
1864 1561 2023 1616 undi—

450 1664 556 1715 que
579 1652 850 1720 praecipue
875 1651 1163 1725 religiosis.
1198 1653 1273 1719 De
1297 1654 1479 1718 divina
1509 1653 1872 1720 Providentia,
1902 1668 2024 1722 quae

452 1739 647 1795 cedere
673 1740 887 1796 videtur
921 1743 975 1796 in
1003 1743 1149 1798 lucta
1182 1754 1370 1800 contra
1433 1744 1723 1807 Venerem,
1778 1754 1832 1801 et
1889 1760 2016 1814 per-

450 1829 619 1883 mittit
650 1831 927 1886 hominem
955 1832 1294 1901 spiritualem
1316 1850 1380 1889 ea
1424 1835 1639 1902 foedari,
1673 1845 1732 1889 ut
1763 1845 2022 1905 agnoscat

451 1915 710 1971 vilitatem
756 1933 907 1973 suam
934 1959 949 1983 ,
1006 1919 1315 1979 Diadochus
1345 1924 1635 1994 episcopus
1666 1924 1919 1981 Photices
1962 1926 2016 1981 in

450 2003 618 2071 Epiro
648 2015 827 2063 vetere
882 2007 1079 2078 Illyrici
1113 2025 1232 2081 cap.
1263 2011 1331 2067 99
1364 2012 1688 2071 Sermonum
1728 2014 1902 2071 fusius
1922 2030 2019 2069 ex-

450 2111 679 2165 ponens.
723 2097 1091 2163 Quamobrem
1119 2111 1173 2156 et
1219 2106 1375 2157 istam
1406 2105 1777 2168 narrationem
1826 2123 2017 2161 mona-

448 2186 537 2239 rhi
569 2185 785 2242 Pachon
817 2188 998 2257 denuo
1035 2190 1273 2255 inserere
1323 2208 1432 2253 non
1487 2194 1754 2260 dubitavi,
1816 2212 1847 2251 e
1910 2212 2017 2267 qua

447 2278 609 2346 plane
626 2279 794 2350 liquet
815 2281 968 2351 alapa
984 2281 1156 2357 fugari
1178 2284 1503 2350 daemonem,
1521 2294 1579 2340 ut
1595 2288 1736 2357 apud
1767 2300 2016 2344 sanctum

448 2367 765 2438 Gregorium
802 2370 1055 2442 Magnum
1086 2373 1141 2428 in
1170 2373 1380 2445 Dialog.
1421 2375 1460 2431 l.
1496 2391 1555 2441 ιι,
1588 2392 1638 2431 c.
1661 2376 1749 2442 50,
1790 2379 2020 2433 traditur

447 2460 512 2513 de
540 2470 731 2515 sancto
765 2462 1090 2530 Benedicto;
1130 2475 1184 2521 et
1233 2467 1380 2531 inde,
1444 2482 1568 2522 cum
1618 2480 2017 2535 sacramentum

448 2550 880 2609 confirmationis
908 2555 1349 2621 administratur,
1377 2558 1517 2612 solet
1564 2560 1857 2629 episcopus
1900 2562 2019 2615 ala-

448 2656 573 2709 pam
606 2641 907 2723 obsignatis
934 2644 1197 2715 infligere,
1217 2647 1376 2718 quasi
1401 2645 1703 2701 daemonem
1732 2651 2018 2703 infirmita-

366 2778 377 2783 -
452 2732 521 2788 tis
579 2733 635 2786 in
683 2733 789 2788 fide
822 2743 984 2804 atque
1034 2736 1503 2806 pusillanimitatis
1560 2740 1862 2815 expellens.
1916 2740 2020 2795 Ca-

447 2824 794 2895 vendumque
849 2841 1063 2898 semper
1107 2837 1192 2883 est
1252 2831 1603 2889 atentatione
1673 2832 2023 2902 impudicitiae

449 2926 931 2986 quantumcunque
952 2918 1140 2987 affecta
1174 2919 1348 2985 simus
1378 2930 1553 2988 aetate,
1584 2923 1880 2992 tardusque
1903 2940 2023 2979 sau-

450 3006 571 3074 guis
610 3006 885 3071 hebescat,
921 3017 974 3060 et
1003 3006 1232 3077 frigeant
1259 3008 1402 3079 vires
1461 3008 1620 3076 eerto
1684 2994 1741 3064 in
1770 3025 2015 3080 corpore.

450 3095 683 3167 ursinus
712 3099 996 3168 presbyter
1047 3099 1099 3151 in
1155 3099 1392 3154 Ecclesia
1455 3099 1664 3165 Nursiae
1716 3100 2020 3167 ordinatus,

450 3205 573 3241 cum
608 3189 821 3258 longam
851 3190 971 3244 vita:
996 3190 1270 3259 implesset
1300 3200 1536 3256 :etatem,
1571 3192 1798 3262 jamque
1857 3194 2024 3256 mori:

448 3278 916 3349 bundusjaeeret,
953 3281 1156 3351 conjux
1199 3282 1318 3351 ejus
1352 3282 1697 3352 Presbytera,
1740 3299 1907 3353 quam
1967 3294 2027 3339 ut

450 3382 693 3422 sororem
720 3370 978 3444 diligebat
1012 3372 1203 3443 procul
1257 3388 1286 3426 a
1318 3388 1377 3428 se
1436 3379 1728 3438 remotam;
1797 3390 2026 3444 quaaque

450 3476 729 3534 nunquam
793 3463 859 3533 ad
919 3478 1044 3521 eum
1109 3472 1416 3525 accesserat
1463 3464 1629 3535 609
1681 3464 1896 3531 exinde,
1929 3481 2024 3520 ve-

451 3550 551 3609 nit,
649 3560 703 3620 et
825 3552 1093 3607 resolutos
1176 3562 1329 3613 artus
1427 3555 1716 3623 aspiciens,
1798 3555 2025 3624 ipsoque

452 3641 813 3707 conclamato,
861 3644 1112 3711 apposuit
1166 3659 1357 3702 aurem
1399 3645 1465 3703 ad
1515 3646 2025 3716 nares,exploratu-

452 3749 511 3786 ra
530 3733 690 3788 vitale
708 3733 979 3806 spiramen
997 3750 1063 3791 an
1077 3733 1497 3802 adhucinesset;
1522 3744 1635 3801 tum
1661 3735 1749 3791 ille
1769 3736 2024 3804 colligens

452 3840 663 3891 vocem,
697 3824 1100 3896 fugientemque
1115 3827 1276 3881 veluti
1300 3842 1560 3882 revocans
1585 3827 1822 3882 animam
1844 3827 2025 3882 excla-

453 3916 620 3987 mavit
654 3936 667 3970 :
697 3915 907 3972 Recede
933 3934 963 3989 a
999 3932 1104 3981 me,
1136 3918 1352 3990 mulier,
1386 3920 1686 3979 etiamnum
1722 3919 1855 3973 vivit
1883 3919 2022 3990 igni-

451 4008 627 4061 culus.
694 4006 876 4080 ltefert
943 4007 1059 4062 haec
1096 4007 1326 4077 ipsemet
1362 4019 1587 4076 sanctus
1630 4009 1795 4079 Greg.
1836 4010 1930 4065 lib.
1971 4026 2022 4064 tv

454 4098 806 4167 Dialogorum
837 4113 958 4168 cap.
997 4098 1307 4153 undecimo.
1354 4099 1698 4171 Agnoscebat
1748 4101 2021 4173 capularis

451 4205 612 4243 senex
665 4191 864 4245 veteris
911 4189 1143 4244 flammae
1192 4189 1412 4260 vestigia
1475 4191 1529 4244 in
1580 4193 1930 4263 semimortua
1972 4201 2025 4244 et

450 4285 699 4336 funerata
745 4296 931 4337 carne.
973 4279 1224 4351 Episc0pi
1264 4289 1440 4351 autem
1489 4282 1780 4351 colaphum
1825 4282 2024 4353 impin-

2125 478 2303 531 lorum
2329 491 2481 532 more
2521 476 2907 540 revocandam,
2945 474 3087 529 sicut
3125 470 3179 524 in
3228 468 3383 523 novis
3414 467 3690 532 militibus,

2124 566 2412 622 Durandus
2459 566 2572 622 fieri
2611 567 2835 622 solitum
2875 572 2938 620 ut
2975 561 3350 633 percutiantur
3390 556 3591 627 prodit,
3640 564 3695 611 et

2125 655 2178 710 in
2219 656 2390 710 servis
2427 656 2521 724 qui
2555 655 3034 710 manumittuntur.
3074 653 3212 705 Hine
3243 668 3258 704 :
3285 648 3500 718 pulsata
3525 647 3697 716 fronte

2124 745 2336 800 recedit.
2388 746 2493 801 Et:
2537 744 2604 799 In
2649 747 2814 801 civem
2855 746 3075 799 rubuere
3114 758 3280 813 genus,
3333 742 3482 797 canit
3535 740 3696 795 Clau-

2123 837 2319 892 dianus
2349 836 2422 892 De
2456 837 2743 893 consulatu
2780 847 2975 907 quarto
2997 834 3258 899 Honorii;
3282 848 3409 887 nam
3433 833 3691 886 videban-

2124 934 2214 981 tur
2252 928 2488 992 asserti,
2549 928 2641 998 qui
2702 928 3201 990 confirmabantur,
3253 926 3308 978 in
3368 924 3688 977 libertatem.

2125 1016 2441 1073 Vicecomes
2461 1018 2656 1073 ibidem
2672 1018 2856 1073 laudat
2875 1027 3120 1072 sanctum
3140 1015 3395 1069 Basilium
3417 1011 3688 1066 Exhortat.

2123 1110 2192 1162 ad
2211 1109 2469 1177 Baptism.
2490 1128 2509 1161 ι
2529 1110 2660 1178 quin
2679 1110 2890 1178 alapam
2919 1122 3137 1177 quoque
3160 1107 3374 1176 plagam
3399 1113 3692 1158 extremam

2126 1214 2409 1254 servorum
2434 1215 2533 1268 pro
2551 1200 2871 1255 liberatione
2891 1198 3073 1253 omnis
3095 1197 3148 1250 in
3168 1195 3414 1250 futurum
3440 1194 3687 1259 infamiae,

2124 1305 2186 1345 ac
2220 1290 2401 1358 probri
2425 1290 2654 1346 libenter
2676 1289 2955 1345 sustines?
2987 1307 3008 1341 ι
3048 1296 3196 1342 certe
3222 1286 3477 1341 Christus
3513 1284 3692 1337 Domi-

2124 1395 2230 1434 nus
2261 1380 2433 1449 alapis
2455 1396 2626 1436 caesus
2659 1379 2761 1434 fuit
2796 1388 2896 1445 ;et
2929 1386 3151 1433 sanctus
3178 1376 3383 1430 Paulus
3435 1375 3621 1428 scribit
3648 1371 3693 1425 lf

2125 1468 2249 1525 Cor.
2285 1484 2317 1524 c
2355 1486 2414 1534 ιι,
2455 1486 2507 1523 v.
2535 1469 2606 1523 20
2637 1489 2650 1525 :
2686 1468 2988 1532 Sustinetis,
3035 1468 3082 1522 si
3112 1472 3231 1537 quis
3264 1469 3320 1520 in
3351 1466 3546 1535 {aciem
3601 1483 3691 1521 ros

2134 1558 2324 1624 erudit;
2354 1558 2423 1611 de
2457 1557 2631 1613 servis
2667 1557 3043 1621 manumissis,
3089 1556 3183 1625 qui
3220 1555 3465 1623 percussi
3502 1555 3691 1623 alapis,

2124 1649 2314 1705 lsidnr.
2351 1649 2626 1719 llispalen.
2661 1650 2699 1702 1.
2733 1648 2801 1703 lX
2825 1648 3082 1720 Etymol.,
3115 1663 3167 1703 e.
3193 1647 3269 1701 De
3297 1647 3516 1701 civibus.
3558 1644 3693 1701 Boe-

2126 1742 2236 1796 tius
2273 1742 2329 1795 in
2365 1741 2541 1809 Topic.
2587 1740 2831 1796 Valerius
2876 1740 3038 1795 Proh.
3078 1739 3154 1793 De
3192 1739 3350 1792 natis.
3402 1738 3593 1793 Donat.
3630 1738 3688 1791 in

2127 1831 2351 1901 Adelph.
2376 1840 2429 1887 et
2457 1830 2940 1899 Hcrmogenianus.
2972 1829 3326 1898 Rhapismata
3354 1825 3689 1881 Jttstinianus
3778 1896 3783 1905 ν

2125 1922 2357 1991 appellat
2388 1921 2669 1990 colaphos,
2714 1920 2914 1989 quibus
2974 1920 3129 1974 liberi
3161 1918 3319 1977 caedi,
3354 1932 3481 2007 cum
3507 1931 3690 1969 eman-

2124 2011 2458 2080 ciparentur,
2491 2017 2912 2072 consueverunt,
2939 2009 2974 2063 l.
3001 2008 3097 2063 ult.
3128 2024 3154 2060 c
3178 2048 3191 2061 .
3220 2009 3283 2060 de
3317 2007 3690 2074 emancipatio-

2131 2100 2308 2165 nibus,
2364 2108 2414 2152 et
2459 2099 2667 2152 novella
2714 2097 2804 2152 82.
2851 2096 3094 2165 Opinor,
3142 2095 3289 2165 quod
3339 2094 3693 2150 abdicationis

2125 2206 2294 2260 genus
2305 2190 2573 2261 quoddam
2590 2204 2712 2245 esse
2728 2189 3029 2244 videbatur.
3054 2187 3328 2243 Cornutus
3355 2191 3410 2240 in
3428 2185 3690 2252 Persium,

2124 2295 2312 2335 servos
2353 2280 2538 2345 tradit,
2574 2280 2795 2351 quando
2828 2279 3363 2343 manumitterentur,
3404 2278 3539 2333 caedi
3574 2293 3693 2348 per-

2125 2372 2345 2441 cutique
2374 2370 2564 2426 solitos
2581 2370 2759 2440 alapa,
2793 2378 2849 2425 et
2874 2368 3195 2438 circumagi,
3226 2376 3391 2437 atque
3409 2368 3694 2422 confirma-

2125 2463 2323 2518 bantur
2371 2462 2442 2516 ita
2491 2461 2666 2516 liberi.
2716 2463 3060 2515 Hotomanus
3111 2460 3165 2513 in
3226 2456 3588 2521 Commentar,
3628 2459 3693 2514 de

2127 2553 2268 2609 verb.
2297 2552 2528 2624 signi/ie.
2553 2551 2871 2617 Balduinus,
2913 2553 2967 2606 in
3015 2550 3323 2606 Iustiniano
3351 2560 3506 2620 putat
3534 2550 3693 2620 ῥαπι-

2127 2661 2309 2715 σματα
2334 2644 2439 2699 ista
2464 2643 2633 2699 fuisse
2648 2643 2788 2699 ictus
2821 2643 3072 2699 vindictae
3117 2658 3215 2698 seu
3251 2642 3476 2712 virgulae
3501 2650 3692 2710 praeto-

2124 2735 2249 2799 rias;
2268 2749 2390 2787 nam
2411 2732 2659 2803 ῥαπίζειν
2678 2732 2947 2802 significat
2965 2741 3017 2787 et
3031 2732 3323 2803 ῥαϐδίζειν.
3337 2732 3524 2800 Cujac.
3540 2730 3626 2784 lib.
3647 2728 3691 2785 γ

2129 2824 2405 2879 Observat.
2431 2824 2552 2878 Jur.
2582 2838 2634 2879 c.
2671 2823 2758 2878 15.
2787 2823 3179 2887 Gothofredus,
3215 2824 3281 2878 ad
3311 2823 3367 2877 d.
3396 2821 3691 2883 Novellam,

2126 2932 2248 2986 quae
2280 2916 2582 2971 Aut/tentis.
2618 2914 2800 2970 collat.
2833 2914 2887 2979 6,
2912 2916 2995 2969 tit.
3027 2915 3081 2979 9,
3116 2914 3456 2978 inscribitur,
3487 2910 3694 2965 Consti-

2128 3009 2281 3073 tutio,
2313 3023 2428 3077 qua:
2449 3005 2817 3077 dignitatibus,
2843 3015 2893 3060 et
2922 3005 3224 3074 episcopatu
3250 3003 3439 3057 liberat
3469 3020 3501 3055 a
3521 3004 3692 3072 patria

2125 3108 2380 3170 potestate
2410 3099 2465 3153 in
2495 3114 2549 3153 v.
2592 3098 2784 3168 alapis,
2816 3098 2909 3153 ubi
2937 3098 3375 3168 Glossographus
3406 3104 3693 3152 consuetu-

2126 3194 2308 3251 dinem
2357 3192 2516 3248 istam
2552 3190 2832 3261 alaparum
2864 3190 2918 3243 in
2953 3190 3371 3258 desponsatione
3409 3188 3691 3241 mulierum

2126 3282 2329 3337 servari
2354 3282 2609 3337 Bononia:
2636 3280 2885 3339 afﬁrmat.
2918 3278 3315 3345 Tertullianus,
3344 3278 3420 3332 De
3436 3286 3696 3346 spectacu-

2124 3371 2213 3438 lis,
2244 3372 2527 3441 alaparum
2586 3370 2946 3426 contumelias
2985 3370 3142 3434 dixit,
3176 3369 3378 3439 quibus
3411 3368 3694 3423 utebantur

2127 3464 2182 3518 in
2220 3463 2672 3529 manumissione,
2707 3463 2850 3519 unde
2870 3462 3210 3518 Claudianus
3238 3463 3424 3517 felices
3469 3460 3694 3531 injurias

2127 3558 2384 3627 appellat,
2429 3556 2658 3615 Vossius
2702 3556 2758 3611 in
2798 3557 3029 3627 colapho
3064 3555 3300 3627 Etymol.
3335 3555 3578 3609 Glossar.
3606 3551 3693 3607 ln-

2125 3650 2316 3719 scripsi
2351 3649 2516 3720 610
2547 3649 2916 3704 narrationem
2953 3648 3115 3703 istam
3162 3646 3693 3702 monacbiPacbon:

2123 3741 2388 3810 Διήγησις
2436 3738 2532 3792 τοῦ
2579 3739 2735 3809 ἁγίου
2786 3738 2982 3792 Νείλου
3034 3739 3165 3809 περὶ
3220 3739 3420 3807 Πάχων
3463 3736 3695 3806 πόλεμον

2124 3831 2377 3902 πορνικὸν
2410 3830 2708 3901 πάσχοντος
2737 3830 2828 3883 καὶ
2853 3829 3134 3891 νικῶντος.
3165 3828 3385 3898 Ἐτεροι
3417 3827 3476 3880 δὲ
3518 3827 3699 3893 λέγου-

2126 3939 2209 3975 σιν
2257 3917 2397 3974 εἶναι
2444 3920 2540 3974 τοῦ
2582 3920 2886 3990 Εὑαγρίου,
2933 3919 3137 3989 ὁμοίως
3191 3919 3251 3972 δὲ
3291 3921 3322 3972 ὁ
3368 3919 3487 3987 μετ’
3530 3915 3696 3986 αὐτὴν

2126 4010 2465 4079 Δογματικδς
2495 4008 2674 4077 λόγος.
2718 4008 2979 4062 Narratio
3008 4010 3179 4062 sancti
3222 4006 3341 4061 Nili
3383 4008 3449 4060 de
3487 4006 3695 4060 Pachou

2123 4102 2352 4168 patiente
2399 4100 2593 4154 bellum
2636 4100 3013 4166 meretricium,
3052 4108 3100 4153 et
3134 4100 3388 4153 vincente.
3437 4099 3550 4152 Alii
3580 4112 3693 4151 vero

2123 4193 2304 4245 dicunt
2335 4189 2552 4261 Evagrii
2594 4207 2737 4252 esse:
2775 4200 2835 4245 ut
2880 4192 3081 4261 pariter
3108 4201 3157 4246 et
3193 4192 3281 4255 qui
3310 4200 3426 4259 post
3476 4206 3590 4244 eam
3620 4205 3697 4243 se-

2123 4285 2305 4353 quitur
2361 4298 2531 4336 sermo
2563 4281 2907 4350 Dogmaticus
2939 4299 2958 4337 :
2988 4292 3102 4337 erat
3134 4282 3189 4336 in
3220 4297 3324 4336 nis.
3349 4281 3549 4335 Codice
3573 4281 3697 4334 titu-

450 4378 586 4436 punt
616 4369 953 4437 confirmatis
1001 4377 1114 4422 tum
1152 4370 1517 4447 suprascripta
1551 4369 1620 4424 de
1665 4385 1853 4435 causa,
1906 4382 2017 4425 tum
2054 4391 2097 4445 ι)
2126 4373 2208 4426 lus
2231 4372 2325 4426 τοῦ
2356 4373 2514 4439 ἁγίου
2547 4371 2776 4442 Evagrio
2808 4373 3137 4442 adscriptus,
3165 4386 3326 4441 quem
3368 4371 3564 4435 delevi,
3599 4383 3697 4423 no-
3752 4388 3764 4464 ί

449 4462 611 4513 etiam
646 4468 708 4512 ut
735 4468 1075 4529 assuescant,
1110 4460 1201 4528 qui
1227 4470 1626 4534 sacramentum
1668 4464 1811 4517 istud
1843 4464 2018 4519 susci-

449 4554 623 4623 piunt,
658 4551 851 4623 alapis,
880 4559 933 4605 et
973 4552 1279 4617 tormentis,
1310 4566 1433 4621 quae
1458 4559 1668 4624 tyranni
1723 4571 2021 4613 consueve-

454 4651 577 4695 iant
602 4640 879 4696 Christum
926 4644 1311 4718 confitentibus
1350 4644 1568 4712 inferre,
1616 4665 1751 4713 neve
1790 4650 2021 4720 ignomi-

450 4735 560 4795 nia,
600 4749 703 4802 qua
735 4734 1061 4802 notabantur
1089 4735 1157 4790 ab
1199 4734 1463 4813 Ethnicis,
1507 4740 1909 4805 erubescerent,
1942 4742 2022 4795 uti

452 4824 620 4877 refert
673 4824 967 4895 episcopus
1012 4825 1291 4901 Mimaten.
1340 4829 1660 4889 Cuillulmtts
1710 4831 2018 4895 lluraptlus,

452 4915 547 4968 ιιι).
603 4930 653 4968 ιί
707 4914 1007 4989 Rationalth
1052 4918 1278 4974 divinat.
1310 4921 1525 4989 οῆῖεὶοι·⁸
1556 4922 1597 4989 f.
1647 4919 1773 4987 206,
1827 4922 1934 4982 col.
1981 4939 2020 4975 ι.

451 5007 615 5059 tiard.
647 5006 897 5073 Bellarm.
933 5016 1063 5064 tom.
1097 5026 1136 5064 ιι
1166 5023 1371 5079 contra.
1414 5013 1451 5064 l.
1491 5029 1549 5075 ιι,
1580 5030 1626 5065 c.
1657 5012 1710 5075 5,
1758 5013 1831 5065 ait
1857 5029 2022 5083 quar-

454 5109 562 5148 tam
584 5100 960 5173 creremoniam
986 5102 1037 5153 iu
1062 5103 1490 5177 confirmationis
1512 5112 1852 5167 Sacmlllcnlo
1878 5120 2020 5167 esse.

455 5199 513 5237 nt
547 5192 925 5263 confirmatum
956 5194 1243 5266 episcopus
1281 5209 1442 5247 manu
1467 5194 1656 5257 leviter
1692 5195 1883 5259 caedat,
1914 5212 2021 5265 quo

460 5280 725 5349 intelligat
777 5295 836 5334 se
899 5293 1089 5348 contra
1138 5284 1489 5355 ignominiam
1546 5293 1601 5337 et
1641 5286 1861 5353 verbera
1926 5304 2023 5356 pro

454 5373 673 5424 tibi-isto
728 5368 947 5445 ferenda
983 5374 1252 5442 prmeipue
1282 5386 1549 5444 armatum
1598 5377 1874 5445 patientia.
1910 5380 2019 5432 Atl-

456 5462 535 5510 nit
574 5460 879 5524 Dnrandus,
914 5466 1186 5519 memoria.-
1216 5466 1264 5519 id
1312 5482 1474 5521 c:iusa
1508 5466 1641 5533 Iieri,
1680 5477 1737 5521 nt
1771 5470 2023 5540 obsigna-

459 5553 547 5603 tns
579 5550 910 5615 rreonletur,
961 5568 1091 5605 neve
1118 5555 1316 5607 oblivio
1360 5558 1707 5624 subreperet;
1741 5559 1883 5624 quod
1939 5542 2069 5623 Vis-

462 5650 724 5705 μἰυιξιυδτ
758 5640 845 5691 ιξυο
877 5657 932 5703 ll.
967 5659 1011 5696 ι’.
1047 5644 1103 5695 l9.
1144 5645 1211 5697 De
1251 5649 1420 5716 Antii].
1457 5650 1884 5716 (fon/immuniti»
1928 5650 2022 5703 Ῐῖἱ·

1560 5823 1683 5843 ο----ζ

2126 4473 2318 4533 tasque
2356 4464 2722 4519 consulendos
2755 4463 3016 4520 admonui
3051 4482 3067 4518 :
3096 4464 3287 4532 incipit
3331 4462 3554 4531 συνέϐη,
3586 4460 3693 4515 To-

2121 4572 2212 4610 mo
2256 4555 2296 4609 ll
2328 4555 2666 4615 Bibliotltecw
2698 4554 2923 4610 Patrum
2954 4554 3398 4620 Graeco—Latina,
3437 4570 3491 4621 p.
3539 4552 3691 4608 l0l0.

2124 4650 2405 4705 [labentur
2444 4650 2559 4703 haec
2595 4650 2759 4703 etiam
2804 4649 2987 4704 omnia
3016 4650 3205 4703 Gmce
3236 4664 3357 4717 cap.
3392 4648 3577 4702 itidem
3605 4644 3692 4710 86,

2126 4743 2218 4797 ubi
2251 4742 2469 4812 Evagrii
2530 4742 2875 4811 Origenistae,
2924 4743 3082 4798 istius
3122 4742 3350 4806 scilicet,
3384 4756 3573 4811 opera,
3602 4754 3692 4794 seu

2122 4832 2345 4887 Librum
2385 4843 2602 4889 exstare
2647 4834 2944 4890 adnotatur
2980 4834 3074 4889 lib.
3108 4850 3161 4897 v,
3198 4843 3253 4888 et
3274 4833 3565 4888 laudantur
3605 4830 3694 4883 So-

2123 4937 2297 4981 crates
2327 4926 2421 4980 lib.
2453 4942 2507 4981 iv
2529 4924 2673 4981 Hist.
2712 4943 2764 4981 c.
2799 4928 2883 4989 l8,
2921 4926 3214 4982 Sozomen.
3234 4928 3328 4981 lib.
3354 4943 3429 4993 vt,
3451 4942 3502 4981 c.
3527 4923 3614 4989 ὅθ,
3640 4931 3693 4977 et

2121 5019 2166 5073 Ν
2175 5019 2461 5087 icepborus
2485 5019 2695 5073 Callisri
2714 5020 2892 5080 lib.xt.
2923 5034 2972 5074 c.
2992 5019 3081 5075 42.
3104 5018 3295 5088 incipit
3314 5021 3477 5074 etiam
3505 5019 3691 5088 [ἰάχων

2122 5128 2205 5173 τις
2235 5110 2458 5179 ὀνόματι
2491 5111 2617 5180 περὶ
2648 5110 2714 5163 τὰ
2743 5111 3112 5180 ἐϐδομήκοντα
3144 5111 3341 5174 ἐλάσας
3381 5112 3477 5181 ἐτη
3503 5106 3691 5163 ἐκαθέ-

2125 5202 2247 5266 ζετο
2280 5203 2337 5254 ἐν
2365 5202 2580 5271 Σκήτει,
2613 5212 2667 5256 et
2691 5202 2892 5257 desinit
2918 5202 3019 5255 οὐκ
3044 5202 3126 5254 ἔτι
3157 5204 3406 5273 ήγγισεν.
3452 5200 3578 5256 Hac
3600 5213 3691 5253 Ill-

2128 5302 2233 5345 tem
2265 5289 2501 5347 llistoria
2530 5290 2793 5347 Lausiaca
2825 5306 2854 5344 a
2878 5291 3121 5351 Palladio
3162 5293 3354 5347 Galata
3398 5290 3688 5357 Helenopo-

2126 5383 2296 5436 litauo
2329 5382 2543 5449 (civitas
2594 5397 2716 5437 esse
2755 5380 3020 5453 Bithyniae
3064 5383 3285 5449 dicitur)
3324 5383 3581 5450 episcopo
3626 5377 3687 5431 ad

2126 5475 2364 5528 Lausum
2392 5476 2741 5544 praepositum
2776 5476 2977 5545 scripta
3016 5487 3120 5540 est,
3149 5477 3239 5546 qui
3276 5474 3548 5528 Palladius
3573 5487 3687 5528 emt-

2127 5565 2413 5619 suetmlinc
2433 5564 2787 5633 suprascripti
2817 5563 3051 5635 Evagrii,
3078 5581 3239 5634 quem
3267 5565 3471 5617 adierat
3495 5564 3546 5616 in
3573 5574 3682 5615 ere-

2130 5672 2237 5721 mo,
2275 5653 2522 5725 Origenis
2564 5655 2795 5710 infectus
2835 5656 3133 5719 erroribus,
3184 5654 3362 5709 Nitriae
3404 5654 3685 5723 triennith

3744 4536 3769 4596 ἐ
