4066 6146
355 301 489 371 1337

1557 307 1655 368 DE
1695 307 2090 369 OPERIBUS
2129 311 2170 370 S
2231 311 2412 376 NlLl.

3477 317 3616 386 i338

353 414 485 484 egit,
530 412 657 468 inde
703 411 1048 468 Palmstlnam
1109 409 1386 482 prolectus
1431 411 1658 470 Paulam
1710 417 1938 472 illismet
1969 426 2009 480 Α
2043 413 2264 483 tiarum,
2318 429 2537 476 centum
2577 421 2632 476 in
2679 423 2915 496 capitula
2959 424 3228 494 digestum
3270 425 3618 484 anachoretis

357 519 708 574 corrumpere
741 502 944 561 frustra
980 511 1232 567 conatus,
1277 505 1554 562 obnitente
1581 516 1774 562 sancto
1805 505 1935 560 Hie-

359 611 613 668 ronymo,
664 595 973 666 Bithyniam
1008 595 1160 661 adiit,
1187 610 1355 666 seque
1400 597 1698 652 insinuavit
1741 605 1935 652 sancto

356 687 556 743 Joanni
591 687 1004 756 Chrysostomo,
1037 702 1067 740 a
1103 702 1214 756 quo
1258 703 1401 742 anno
1439 688 1642 744 Christi
1677 691 1806 754 £00,
1836 690 1936 746 de-

359 779 594 832 stinatus
634 775 701 830 ad
731 775 1000 846 synodum
1044 775 1698 847 Constantinopolitanam
1727 779 1798 832 “22
1819 779 1936 850 epi-

359 883 674 938 scoporum,
698 876 753 922 et
785 865 908 920 inde
935 865 1166 938 llotnam
1199 869 1264 920 ad
1291 867 1664 924 Innocentium
1689 869 1932 938 primum

360 976 576 1031 papam,
607 973 718 1028 quo
751 957 964 1012 videtur
993 973 1091 1026 pro
1108 957 1326 1026 Pelagio
1357 960 1584 1015 rediisse
1614 975 1759 1016 anno
1785 963 1927 1029 M7;

360 1053 416 1105 iu
443 1050 686 1105 Siciliam
719 1048 924 1103 dicitur
961 1057 1120 1102 antea
1167 1049 1384 1104 venisse
1416 1065 1542 1104 cum
1573 1049 1804 1116 Melania
1837 1067 1928 1107 se-

359 1143 530 1206 uiore,
564 1151 729 1208 atque
761 1139 908 1192 illius
945 1137 1258 1201 comitibus,
1289 1153 1434 1192 anno
1459 1138 1583 1203 408,
1624 1154 1746 1207 quae
1786 1154 1930 1194 anno

356 1234 464 1289 572
513 1231 812 1302 Egyptum
882 1231 1098 1286 adierat
1151 1245 1274 1284 cum
1343 1229 1558 1285 Rullino
1603 1229 1928 1286 Monachum

358 1325 610 1396 professo
642 1344 657 1380 :
685 1323 1078 1394 Hierosolymis
1091 1322 1287 1378 deinde
1315 1337 1440 1376 cum
1478 1322 1671 1378 eodem
1705 1339 1735 1376 a
1768 1323 1932 1392 Didy-

355 1434 448 1474 mo
470 1431 614 1473 czeco
639 1431 855 1472 errores
877 1416 1133 1469 hauserat
1166 1413 1438 1484 Origenis,
1463 1429 1605 1483 quos
1632 1428 1776 1468 anno
1826 1413 1932 1468 ὖθῖ

355 1509 585 1562 Romam
643 1507 894 1570 tendens,
950 1520 1206 1575 spargere
1255 1505 1514 1570 tentavit;
1560 1505 1704 1560 unde
1748 1503 1934 1558 Palla—

355 1600 506 1652 dium
530 1606 688 1652 vocat
715 1596 1068 1650 mulierosum
1105 1596 1348 1650 Isidorus
1375 1595 1650 1650 Pelusiota
1671 1594 1932 1664 epist.28-i

357 1691 372 1743 l
400 1691 452 1744 b.
490 1707 548 1744 ιι.
569 1687 677 1744 Iste
703 1695 887 1742 autem
918 1687 1193 1742 Palladius
1225 1687 1424 1757 passim
1455 1689 1610 1742 audit
1642 1686 1786 1756 apud
1827 1686 1930 1742 SS.

2041 510 2400 591 inscriptum;
2445 523 2566 570 erat
2605 516 2752 570 enim
2777 525 2830 573 et
2871 517 2986 588 ipse
3017 516 3262 574 Bullinus
3300 519 3524 588 perinde
3549 533 3616 575 ac

1982 641 1990 650 .
2041 600 2302 671 Evagrius
2345 606 2646 663 monachus
2675 609 2777 678 (uti
2806 611 3056 680 superius
3081 609 3280 676 innui),
3319 609 3446 664 item
3481 623 3617 678 pau-

2041 705 2134 747 cas
2163 692 2476 750 Sententias
2511 697 2666 754 valde
2705 699 2970 756 obscuras
3000 696 3400 755 monachorum
3434 699 3615 754 cordi-

2039 785 2144 840 bus
2169 786 2300 842 solis
2349 790 2761 860 cognoscibiles,
2813 809 2951 862 quas
2997 793 3224 848 forsitan
3268 791 3615 847 Commenta-

2039 877 2182 932 rium
2209 877 2526 936 Gnosticum
2547 892 2706 936 vocat
2743 881 3018 946 Socrates,
3043 883 3248 944 Πέδιον.
3268 881 3470 936 Eccles.
3503 881 3539 935 l.
3563 895 3615 935 tv

2039 985 2090 1024 c.
2117 971 2204 1036 18,
2237 970 2534 1037 Palladius,
2555 971 2936 1044 Climacusquc
2961 983 3295 1039 memorant;
3325 974 3372 1028 is
3402 972 3466 1025 ad
3496 987 3614 1026 mo-

2037 1062 2247 1117 nachos
2280 1071 2400 1117 erat
2421 1062 2684 1130 directus,
2715 1065 2905 1120 dubito
2929 1081 3000 1120 ne
3027 1067 3134 1120 sint
3159 1065 3448 1134 Κεφάλαια
3479 1080 3614 1132 γνωο

2041 1154 2206 1208 στικὰ
2257 1153 2530 1223 Εὐαγριου
2605 1155 2875 1225 μοναχοιλ
2927 1173 3049 1227 qua:
3101 1165 3462 1212 numerantur
3503 1155 3610 1219 6|,

2035 1261 2267 1320 qumque
2302 1247 2436 1300 verti
2473 1247 2710 1302 eGrteco
2741 1251 2903 1302 etiam
2953 1251 3068 1318 ipse
3123 1249 3178 1302 in
3225 1247 3500 1312 Latinum,
3527 1247 3615 1300 iit-

2037 1343 2375 1412 cipiuntque,
2421 1343 2450 1393 ὁ
2492 1342 2726 1410 Χριστὸς
2753 1381 2767 1404 ,
2907 1341 3006 1412 μὲν
3045 1343 3161 1394 sort
3187 1341 3446 1412 Χριστὸς,
3501 1339 3612 1407 ἔχει

2035 1434 2133 1506 τὴν
2163 1433 2370 1502 γνῶσιν
2406 1433 2508 1503 τὴν
2552 1433 2806 1502 οὑσιώδη,
2849 1443 2954 1488 etc.
3003 1431 3278 1497 Christus,
3323 1446 3423 1500 quo
3461 1440 3614 1500 pacto

2037 1527 2246 1596 quidem
2273 1524 2514 1582 Christus
2541 1533 2638 1590 est,
2677 1525 2831 1578 habet
2873 1526 3221 1594 cognitionem
3263 1521 3609 1576 essentialem.

2039 1617 2271 1685 Evagrio
2293 1629 2441 1673 certe
2475 1617 2790 1672 tribuuntur
2822 1618 2876 1671 in
2907 1617 3108 1672 Codice
3137 1615 3451 1675 Barbcrino.
3479 1621 3534 1668 ct
3555 1613 3610 1666 in

2041 1707 2303 1764 Vaticano
2330 1707 2434 1762 6:35
2475 1709 2752 1763 desinunt.
2773 1709 2852 1762 Τὰ
2873 1708 2928 1762 δὲ
2948 1708 3076 1778 τρία
3118 1706 3357 1777 καθαρὰ,
3397 1705 3613 1760 ἅνεῑδεα

359 1783 752 1852 Hieronymum
779 1821 794 1846 ,
845 1787 900 1834 et
939 1778 1328 1849 Epiphanium,
1364 1779 1706 1849 Origenista,
1759 1787 1814 1834 et
1865 1779 1930 1834 ad

2047 1801 2093 1853 se
2123 1801 2295 1854 εἴκοσι
2323 1801 2486 1856 ὀκτὼ.
2526 1799 2583 1856 Id
2629 1812 2733 1864 est,
2769 1801 2894 1855 Tres
2936 1817 3056 1855 vero
3087 1801 3290 1854 notitiae
3317 1813 3495 1868 parte;
3530 1799 3615 1850 in-

357 1889 519 1944 quem
562 1881 778 1928 exstant
821 1872 993 1926 sancti
1039 1869 1145 1924 Nili
1191 1872 1434 1940 epistolae
1471 1870 1594 1926 dua:
1641 1871 1708 1926 ad
1745 1869 1936 1925 Mona-

359 1967 545 2028 chum,
579 1979 774 2034 nempe
808 1965 931 2028 155,
962 1964 1056 2017 lib.
1092 1979 1156 2026 ιι,
1190 1963 1352 2017 Allat.
1385 1961 1439 2016 in
1469 1977 1578 2031 qua
1626 1977 1752 2016 eum
1785 1977 1938 2017 com-

360 2067 510 2127 parat
545 2055 794 2111 Jonathae
821 2056 1127 2126 degustanti
1157 2056 1264 2110 mel
1292 2055 1595 2124 spirituale,
1627 2063 1682 2110 et
1715 2054 1937 2118 τελείως

360 2149 791 2220 κεκαθὰρμενον,
809 2149 862 2208 id
885 2149 1236 2218 est,perlccte
1266 2157 1556 2219 purgatum
1587 2148 1683 2202 ait.
1719 2145 1777 2200 In
1805 2147 1936 2213 alia,

363 2243 568 2297 scilicet
610 2242 734 2306 154,
767 2241 1000 2294 aliirmat
1044 2255 1168 2294 eum
1211 2238 1500 2310 ἀναζητεῖν
1557 2237 1768 2308 ὑψηλὰς
1799 2237 1940 2292 Θεω-

367 2335 510 2406 ρίας,
544 2337 820 2404 requirere
857 2334 996 2389 altas
1026 2335 1536 2400 contemplationes,
1567 2332 1708 2389 l'orte
1733 2349 1856 2388 cum
1881 2333 1936 2388 in

367 2436 551 2481 monte
579 2425 786 2488 Nitriae,
827 2435 989 2494 atque
1035 2424 1326 2484 solitudine
1375 2425 1941 2496 moraretur:legitur

363 2529 413 2574 ct
449 2519 546 2573 lib.
575 2535 654 2574 tn.
675 2520 828 2588 epist.
857 2517 986 2582 259,
1016 2518 1082 2572 ad
1107 2517 1408 2572 Palladium
1433 2516 1838 2588 Presbyterum,
1868 2533 1938 2573 an

364 2611 667 2666 enmdem?
706 2611 774 2666 de
824 2611 957 2674 Deo,
997 2611 1088 2680 qui
1145 2618 1406 2666 exoratus
1430 2610 1693 2680 disperdit
1742 2611 1940 2678 impias

363 2703 760 2772 cogitationes,
789 2701 1068 2757 Palladius
1093 2701 1360 2772 (inquam)
1390 2703 1442 2756 in
1471 2717 1533 2756 ea
1562 2701 1823 2757 Lausiaca
1849 2701 1944 2754 mi-

363 2795 532 2850 rilicis
557 2793 707 2848 elfert
741 2793 990 2848 laudibus
1007 2791 1296 2862 Evagrium
1335 2792 1621 2848 Ponticum
1648 2808 1680 2848 e
1725 2793 1942 2849 civitate

366 2886 667 2950 lberorum,
702 2901 823 2954 quae
875 2885 1020 2938 circa
1070 2884 1368 2938 Euxinum.
1401 2885 1504 2940 sita
1556 2894 1638 2940 est
1675 2887 1728 2940 in
1766 2887 1941 2941 Ponto

365 2977 621 3040 Amasiae,
655 2975 736 3028 vel
760 2974 1140 3043 Helenoponti,
1167 2989 1272 3029 non
1305 2975 1362 3028 in
1399 2973 1806 3040 Polemoniaco,
1839 2993 1940 3031 na-

365 3077 480 3120 tum
513 3085 525 3120 :
560 3067 686 3120 hinc
734 3074 957 3121 sanctus
992 3065 1357 3137 Hieronymus
1387 3065 1802 3136 Hyperboritam
1847 3084 1941 3136 ap-

368 3156 564 3226 pellat,
632 3153 941 3226 Presbytcri
999 3154 1202 3220 lilium,
1255 3155 1512 3208 lectorem
1569 3156 1941 3212 ordinatuma

365 3259 554 3302 suncto
579 3246 778 3302 Basilio
805 3247 1060 3316 episcopo
1100 3246 1362 3302 Caesarea!
1407 3247 1474 3302 ad
1513 3247 1785 3318 Argtcum,
1829 3260 1941 3304 tum

363 3335 654 3388 diaconum
699 3345 1008 3405 promotum
1060 3351 1090 3390 a
1141 3346 1334 3392 sancto
1372 3337 1638 3410 Gregorio
1683 3339 1942 3394 Nazianz.

365 3428 458 3496 qui
508 3427 574 3479 ad
629 3429 922 3482 concilium
963 3429 1632 3500 Constantinopolitannm
1679 3434 1945 3488 accedens

366 3532 513 3572 anno
551 3517 644 3570 581
687 3518 928 3572 habitum
988 3535 1018 3572 a
1068 3520 1172 3572 {50
1202 3521 1498 3590 episcopis,
1531 3524 1585 3576 in
1615 3539 1791 3593 coque
1821 3539 1946 3580 con-

369 3611 616 3662 ﬁrmatus
669 3607 1089 3676 Constantinop.
1141 3609 1450 3678 episcnpus,
1513 3612 1752 3666 Maximo
1782 3613 1946 3683 Cyni-

369 3715 434 3753 co
462 3699 734 3768 deposito,
780 3707 832 3752 ct
865 3696 1100 3766 Spiritus
1159 3699 1332 3753 sancti
1381 3700 1598 3754 decreta
1640 3701 1944 3766 divinitate,

365 3791 517 3858 juxta
561 3790 814 3844 volumen
845 3789 1066 3842 Patrum
1125 3789 1564 3854 occidentalium,
1617 3789 1685 3845 de
1732 3805 1842 3859 quo
1891 3791 1946 3844 in

367 3885 593 3938 (lunone
608 3885 802 3954 quinto
819 3883 980 3954 611
1003 3881 1204 3951 agitur,
1225 3881 1440 3951 reliquit
1459 3882 1772 3952 Evagrium,
1795 3897 1946 3936 com-

369 3975 750 4043 mendavitque
765 3973 1074 4028 successori
1098 3988 1198 4027 suo
1215 3970 1488 4026 Nectario.
1503 3972 1794 4027 Hicautetn
1810 3971 1952 4028 Eva-

369 4061 521 4132 grius
571 4062 876 4130 discipulus
931 4061 1104 4116 sancti
1143 4059 1306 4130 Creg.
1344 4059 1608 4117 Nazianz.
1653 4069 1950 4130 censetur,

369 4155 557 4224 lapsus
599 4163 777 4209 tamen
829 4155 884 4208 in
923 4151 1176 4224 Origcnis
1208 4159 1413 4208 sectam
1475 4151 1544 4207 ab
1571 4167 1662 4205 an.
1701 4151 1828 4218 579,
1857 4151 1952 4205 Di-

369 4247 532 4316 dymo
591 4246 848 4312 docente;
887 4246 978 4302 sed
1029 4261 1150 4302 cum
1199 4244 1676 4314 Constantinopoli
1731 4243 1948 4298 diaconi

373 4336 688 4406 iungeretur
716 4351 962 4402 munere,
996 4337 1069 4391 ibi
1103 4345 1438 4406 pertentatus
1471 4336 1540 4390 ab
1571 4349 1743 4390 uxore
1768 4335 1950 4406 cujus-

2039 1893 2234 1958 formes
2264 1909 2401 1956 vero,
2433 1910 2524 1946 seu
2569 1893 2858 1946 invisibiles
2905 1893 3088 1964 viginti
3135 1901 3271 1946 octo.
3318 1888 3615 1945 Sententiae

2045 1993 2231 2040 antem
2263 1984 2490 2040 forsitan
2525 1993 2682 2039 erant
2713 1984 2818 2038 illae
2843 1993 3082 2050 centum,
3123 1999 3260 2052 quas
3285 1998 3408 2037 mox
3438 1980 3613 2050 subji-

2040 2077 2126 2132 cio
2153 2093 2382 2131 numero
2412 2077 2498 2142 l5,
2526 2076 2592 2130 l4
2637 2087 2690 2130 et
2722 2076 2810 2136 15,
2847 2074 3251 2144 praeferuntquc
3289 2074 3506 2129 titulum
3523 2088 3614 2125 κε-

2039 2168 2284 2238 φαλαίων
2311 2168 2393 2236 λγ¹
2435 2168 2578 2222 κατὰ
2609 2161 2978 2222 ἀκολουθίανέ
3005 2167 3062 2220 id
3102 2178 3206 2230 est,
3244 2168 3476 2234 capitum
3519 2165 3611 2231 3'5,

2039 2277 2133 2330 per
2146 2261 2344 2331 gradus
2360 2259 2614 2330 quosdam
2634 2260 2802 2311 instar
2813 2257 3190 2328 consequentia:
3211 2256 3612 2325 dispositorum,

2041 2360 2156 2405 tum
2188 2349 2482 2404 νουθεσιῶν
2499 2349 2888 2420 πνευματικῶν
2916 2349 3037 2403 κατ’
3063 2347 3373 2417 ἀλφάὸητον
3403 2347 3610 2418 ἕτερον,

2043 2440 2419 2511 Spiritualium
2455 2439 2873 2493 admonitionum
2925 2437 3210 2491 secundum
3258 2434 3612 2504 alphabetum,

2041 2533 2306 2596 alterum;
2353 2537 2848 2599 computanturque
2893 2529 2998 2582 illa!
3020 2527 3112 2582 25.
3157 2528 3384 2582 Demum
3417 2525 3614 2580 subse-

2041 2633 2280 2695 quuntur
2306 2623 2426 2678 alite
2464 2638 2659 2692 nempe
2703 2621 3017 2684 Sententiae,
3063 2628 3156 2682 aut
3180 2617 3614 2684 Admonitiones,

2041 2718 2229 2788 ἕτεραι
2244 2714 2460 2785 γνῶμαι
2481 2714 2514 2784 ἦ
2533 2712 2824 2774 νουοεσξαι,
2859 2721 3322 2778 numeranturque
3350 2708 3438 2762 26.
3469 2708 3620 2762 Prin-

2044 2809 2243 2878 cipium
2263 2807 2637 2876 Capitulorum
2661 2815 2744 2859 est
2761 2823 2773 2858 :
2793 2803 3008 2873 ῐκτερός
3040 2803 3188 2855 ἐστιν
3205 2801 3319 2866 ἕξις
3335 2800 3580 2872 χειρίστη
3597 2841 3616 2866 ,

2044 2900 2099 2955 id
2130 2907 2234 2964 est,
2273 2897 2490 2966 Morbus
2531 2903 2785 2964 arquatus
2827 2901 2903 2946 est
2947 2891 3158 2945 habitus
3187 2891 3486 2956 pessimus:
3515 2889 3620 2943 ini-

2043 2992 2179 3046 tium
2211 2989 2440 3042 alterius
2469 2984 2757 3054 Alphabeti
2790 2983 3223 3038 admonitionum
3251 2981 3615 3051 spiritualium

2045 3082 2125 3137 sic
2153 3089 2234 3134 est
2252 3087 2594 3147 conceptum,
2622 3075 2822 3130 ἄτοπόν
2839 3076 2974 3138 ἐστι,
3005 3073 3058 3128 id
3085 3081 3167 3128 est
3193 3073 3480 3126 absurdum
3504 3083 3581 3126 est
3598 3084 3620 3125 :

2045 3171 2280 3240 denique
2319 3168 2587 3237 incipiunt
2633 3167 2754 3220 alia:
2798 3166 3080 3220 sententiae
3124 3165 3266 3234 ἀρχὴ
3298 3163 3538 3233 ἀγάπης,
3567 3163 3618 3216 id

2047 3275 2154 3326 est,
2208 3259 2532 3331 principium
2576 3257 2881 3321 charitatis,
2916 3255 3300 3324 continentque
3345 3253 3623 3308 Abeceda-

2049 3355 2190 3408 rium
2221 3351 2474 3420 amplius,
2509 3359 2563 3402 et
2595 3347 2859 3402 collectus
2904 3361 3166 3400 numerus
3197 3345 3434 3414 capitum
3471 3345 3540 3398 55
3569 3353 3624 3400 ct

2046 3448 2118 3501 ‘25
2145 3458 2196 3500 et
2225 3445 2296 3499 26
2317 3442 2557 3512 exsurgit
2590 3439 2658 3495 ad
2681 3441 2749 3494 84
2773 3457 2788 3506 ;
2816 3439 3015 3510 quibus
3044 3439 3089 3492 si
3107 3438 3372 3508 adieceris
3395 3437 3466 3491 25
3496 3454 3622 3492 νου-

2049 3541 2257 3604 Θεσίας,
2311 3540 2424 3594 sive
2461 3536 2689 3608 γνώμας
2742 3535 3077 3608 δογματικὰς
3129 3537 3248 3590 κατ’
3287 3533 3620 3605 ἀλφάσητον,

2047 3647 2169 3701 quae
2199 3631 2268 3684 ab
2309 3629 2612 3684 l-lolsteinio
2647 3629 2994 3682 vindicantur
3043 3640 3232 3680 omnes
3276 3624 3525 3692 Evagrio,
3571 3630 3628 3678 et

2051 3723 2378 3776 inchoantur
2411 3719 2612 3791 ζἌρχὴ
2641 3718 2852 3787 σοφίας,
2883 3719 2967 3771 vel
3016 3715 3313 3786 σωτηρίας,
3349 3716 3628 3770 adnotavit

2051 3815 2196 3870 enim
2236 3815 2316 3868 vir
2365 3813 2560 3868 doctus
2620 3811 2752 3865 istas
2795 3807 3020 3879 γνώμας
3065 3808 3386 3870 sententias,
3441 3815 3534 3860 aut
3579 3806 3626 3862 si

2052 3905 2210 3959 malis
2246 3901 2550 3966 νουθεσίας,
2600 3899 2696 3952 καὶ
2741 3896 3011 3966 κεφάλαια
3039 3934 3054 3957 ,
3102 3895 3154 3950 id
3183 3904 3267 3950 est
3303 3895 3628 3948 Admonitio-

2053 4013 2140 4052 nes
2183 4008 2231 4050 et
2283 3993 2532 4063 Capitula
2577 3989 2792 4060 Evagrii
2845 3987 3017 4057 Opera
3063 4001 3206 4052 esse,
3239 4000 3333 4040 seu
3375 3985 3630 4056 παραινέ-

2055 4105 2188 4152 σεις,
2229 4087 2282 4142 id
2313 4097 2395 4142 est
2424 4085 2588 4157 612
2607 4081 3034 4144 Adhortationes,
3059 4094 3122 4131 ex
3150 4077 3502 4146 inscriptione
3529 4093 3628 4129 an-

2054 4173 2349 4242 tiquissimi
2381 4173 2586 4228 codicis
2615 4169 2730 4223 BB.
2767 4168 2870 4223 ΒΒ.
2922 4167 2987 4221 Et
3010 4166 3138 4236 quia
3193 4165 3437 4234 ejusdem
3490 4164 3630 4218 Eva-

2054 4265 2155 4336 grii
2197 4263 2419 4318 nomine
2449 4263 2650 4332 passim
2703 4261 2944 4316 citantur
2977 4257 3033 4312 in
3063 4256 3274 4311 Melissa
3303 4257 3474 4312 sancti
3515 4256 3630 4308 Ma-

2055 4355 2212 4418 ximi,
2242 4364 2294 4409 ct
2333 4353 2578 4418 Antonii,
2625 4353 2730 4406 etsi
2763 4349 2884 4404 Nilo
2931 4349 3302 4404 inscribantur
3335 4345 3386 4398 in
3432 4345 3632 4399 Biblio-

371 4431 497 4488 dam
537 4445 566 4484 e
605 4430 894 4498 praefectis,
930 4439 985 4486 et
1013 4431 1133 4486 visu
1171 4433 1395 4486 territus
1425 4430 1641 4502 cogitur
1690 4433 1942 4485 excedere

2059 4449 2216 4504 theca
2249 4446 2506 4500 Veterum
2535 4447 2757 4502 Patrum
2787 4441 3190 4499 Graeco-Latina
3224 4439 3450 4493 Parisiis
3485 4437 3631 4491 edita

373 4523 560 4577 divino
585 4523 842 4592 impulsu.
877 4522 1160 4578 Melaniam
1210 4524 1395 4594 itaque
1443 4523 1717 4579 seniorem
1764 4524 1954 4578 invisit

277 4686 291 4700 .
373 4614 765 4685 Hierosolymis
798 4625 1125 4678 versantem,
1166 4624 1221 4670 et
1249 4616 1477 4670 adhresit
1507 4617 1590 4683 ei;
1626 4631 1862 4686 cumque
1895 4615 1950 4670 in

374 4712 628 4765 morbum
672 4711 974 4779 incidisset,
1017 4712 1244 4792 Melania
1275 4713 1451 4766 induit
1491 4727 1616 4767 eum
1653 4712 1838 4766 habitu
1871 4711 1954 4784 (ut

373 4805 649 4860 Palladius
687 4807 904 4868 asserit)
937 4807 1264 4870 monastico,
1289 4817 1342 4859 et
1373 4807 1580 4860 dimisit
1603 4807 1670 4861 ad
1712 4816 1950 4861 montem

375 4896 584 4962 Nitriae,
642 4897 733 4950 ubi
797 4912 893 4968 per
937 4898 1218 4952 biennium
1265 4909 1634 4954 commoratus
1679 4907 1796 4964 est;
1837 4909 1951 4952 tum

377 4989 511 5043 abiit
543 4991 594 5042 in
628 4989 1001 5054 solitudinem,
1039 4989 1223 5058 ibique
1252 5005 1426 5043 annos
1447 4991 1860 5059 quatuordecim
1896 4992 1952 5044 in

373 5081 562 5140 Cclliis
592 5083 746 5144 vixit,
797 5083 1056 5137 insistens
1085 5081 1309 5152 jejuniis
1340 5089 1394 5137 et
1441 5083 1805 5145 orationibus,
1838 5084 1955 5136 Ion-

376 5189 609 5244 gamque
637 5175 929 5244 etimplevit
970 5183 1180 5228 aetatem
1207 5193 1220 5228 :
1253 5174 1561 5244 composuit
1593 5175 1856 5244 plurimos
1893 5175 1926 5227 li

377 5267 526 5319 bros.
565 5259 732 5329 Οὗτος
755 5266 961 5336 ἔγραψε
989 5267 1245 5338 διάφορα,
1278 5266 1374 5321 καὶ
1415 5267 1720 5336 ὑπόμνημα
1751 5267 1828 5328 εἰς
1861 5268 1958 5330 τὰς

377 5357 688 5428 Παροιμίας
721 5357 810 5410 τοῦ
849 5359 1210 5428 Σολομῶντος.
1243 5358 1346 5412 lsle
1374 5359 1588 5426 seripsit
1631 5359 1867 5418 diversa.
1909 5370 1960 5412 ct

381 5447 848 5501 Commentariutn
914 5449 965 5500 in
1021 5447 1310 5500 Proverbia
1371 5445 1684 5500 Salomonis
1742 5447 1960 5514 (inquit

384 5537 601 5607 Suidas)
631 5537 697 5591 ad
732 5539 969 5607 virgines
1020 5538 1127 5590 Deo
1161 5545 1428 5598 sacratas,
1466 5537 1706 5590 libellum
1737 5552 1959 5606 compe-

381 5637 581 5684 tentcut
612 5629 764 5682 sexui
789 5639 842 5682 ct
866 5629 1134 5695 religioni,
1161 5645 1186 5680 ιι
1214 5628 1426 5682 ιὶιιιιίιιο
1451 5629 1766 5698 presbytero
1796 5630 1963 5696 Aqui-

386 5724 575 5778 leiensi
610 5739 824 5778 versum
865 5725 916 5777 in
954 5723 1390 5788 l.-.otiutttn,sicut
1418 5733 1468 5776 ct
1502 5724 1696 5776 librum
1735 5721 1965 5776 Senten-

2057 4555 2202 4596 anno
2239 4537 2403 4602 1624,
2428 4551 2624 4606 nempe
2649 4535 2840 4606 viginti
2865 4543 2972 4590 tres
3001 4542 3290 4604 postremae
3321 4528 3484 4584 simul
3509 4543 3631 4582 cum

2058 4631 2180 4684 aliis
2215 4628 2346 4692 ‘206,
2383 4642 2520 4696 quas
2570 4628 2688 4696 ipse
2728 4626 2910 4692 omisi,
2953 4624 3076 4694 quia
3116 4623 3282 4678 vertit
3321 4636 3416 4676 eas
3465 4617 3634 4672 Zinus

2059 4723 2464 4790 suprascriptus
2489 4719 2704 4782 Latine,
2737 4717 3084 4786 Venetiisque
3113 4711 3637 4785 promulgavitanno

2059 4815 2218 4877 1574,
2259 4823 2313 4866 ct
2353 4813 2642 4882 incipiunt,
2671 4811 2840 4864 Φόϐον
2865 4809 2955 4879 ἔχε
2989 4807 3144 4870 Θεοῦ,
3175 4806 3227 4860 id
3259 4815 3362 4868 est,
3397 4804 3636 4856 timorem

2057 4907 2188 4960 habe
2231 4905 2324 4960 Dei
2355 4923 2372 4964 :
2402 4915 2453 4958 ct
2485 4905 2538 4958 in
2562 4902 2854 4961 Parisiensi
2899 4899 3136 4953 editione
3169 4895 3352 4951 Graece
3392 4910 3456 4949 ac
3486 4891 3636 4946 Lati-

2060 5013 2128 5052 ne
2154 4998 2317 5052 simul
2357 5004 2567 5050 esstant
2595 5011 2608 5059 ;
2647 4991 2940 5045 Latinitate
2987 4999 3167 5042 autem
3203 4985 3402 5040 donavi
3435 4983 3502 5037 53
3529 4981 3637 5036 (Ia-

2061 5091 2251 5159 pitnla,
2301 5085 2664 5142 Altccedarius
2701 5083 2898 5136 alteras
2937 5079 3338 5134 admonitiones
3381 5075 3452 5130 25
3479 5085 3533 5130 et
3565 5073 3638 5129 96

2061 5184 2382 5247 sententias,
2414 5197 2535 5249 «pta:
2567 5193 2674 5232 una
2723 5191 2846 5230 cum
2887 5173 3074 5243 viginti
3128 5172 3302 5225 tribus
3337 5171 3637 5235 exsurgunt

2061 5277 2128 5330 ad
2161 5275 2303 5336 107;
2358 5278 2693 5342 possuntque
2747 5263 3043 5318 Sententia:
3097 5261 3200 5314 illzr.
3243 5271 3458 5315 centum
3515 5269 3638 5311 esse

2061 5364 2302 5434 Evagrii,
2339 5377 2478 5432 quas
2501 5359 2750 5412 Bullinus
2771 5356 2960 5409 Latine
2995 5353 3175 5412 vertit.
3205 5354 3343 5405 sicut
3375 5351 3493 5402 alite
3529 5361 3638 5400 mo-

2067 5457 2368 5510 nncltorum
2403 5449 2662 5506 cordibus
2697 5445 3091 5516 cognoscibilcs
3122 5443 3372 5497 videntur
3403 5454 3524 5494 esse
3545 5455 3638 5490 κε-

2068 5547 2270 5614 φάλαια
2314 5538 2594 5596 Γνωστικέι
2648 5538 2900 5606 Evagrii,
2956 5533 3303 5604 quantumvis
3357 5531 3422 5584 ad
3480 5541 3633 5580 oram

2069 5635 2423 5700 manuscript:
2453 5627 2655 5682 codicis
2682 5627 3029 5687 Bntbcrini,c
3050 5640 3157 5692 quo
3187 5621 3452 5689 exscripta
3483 5627 3630 5678 sunt,

2070 5729 2336 5796 oppletum
2363 5727 2427 5778 si:
2459 5737 2516 5775 ca
2541 5720 2592 5769 in
2629 5721 2814 5774 codice
2844 5717 3096 5770 Vaticano
3127 5714 3253 5767 lilii
3286 5713 3637 5777 ἀνεπίγραφα
