4066 6146
497 255 630 323 1339

1417 258 1564 317 JOS.
1601 258 1864 318 MARIJE
1901 258 2257 320 SUARESII
2302 258 2800 318 DISSERTATIO

3609 260 3746 324 1240

487 372 771 437 exsistere,
821 377 1027 425 etesse
1079 367 1210 434 Nili,
1257 368 1326 422 ab
1361 369 1612 438 ipsomet,
1667 386 1843 441 neque
1889 371 2068 434 fallor,
2102 378 2146 432 Α
2244 369 2468 438 Evagrii
2493 369 2735 439 quidem,
2767 377 2820 423 et
2846 365 2950 422 Nili
2984 369 3245 437 opuscula
3272 371 3342 422 ita
3388 380 3515 424 sunt
3546 380 3742 440 permi-

491 461 812 524 llolstcinio,
838 461 932 530 qui
969 470 1147 514 tamen
1195 461 1309 514 haec
1360 461 1547 515 omnia
1592 462 1812 516 detnuin
1853 463 2065 531 Evagrii

491 574 615 614 esse
647 557 780 610 vult.
814 555 946 610 Utut
982 553 1076 620 sit,
1111 554 1520 611 lucubrationes
1551 556 1716 611 hasce
1763 557 1900 611 duas
1931 557 2067 609 Eva-

496 649 620 719 grii.
653 663 775 716 quae
811 646 880 701 ad
923 644 1304 711 anachoretas,
1349 655 1403 701 et
1434 647 1740 703 monachos
1776 647 2064 716 pertinent,

491 738 743 793 Bullinus
781 739 1165 806 interpretatus
1189 747 1290 798 est,
1329 738 1403 790 uti
1428 737 1692 791 Libellum
1716 736 1784 790 ad
1820 735 2067 805 Virgines

492 827 605 881 Deo
645 827 888 893 devotas,
928 826 1061 897 quin
1104 836 1158 881 et
1185 827 1492 881 Doctrinam
1545 836 1727 892 aptam
1764 825 1886 879 vitae
1919 841 2068 879 com-

491 917 676 972 munis
706 917 1016 981 cmnobitis,
1065 925 1119 971 et
1159 915 1434 988 Synoditis
1465 915 1532 971 ad
1582 915 1860 985 Virginem
1904 914 2068 970 Mela—

488 1009 636 1063 niam
661 1008 730 1062 ab
767 1008 956 1062 eodem
993 1008 1226 1079 Evagrio
1247 1009 1482 1078 scriptae,
1515 1007 1658 1063 sicut
1688 1016 1910 1064 sanctus
1939 1007 2066 1062 Ilie-

488 1111 750 1167 ronymus
780 1105 1046 1162 testatur;
1074 1096 1296 1166 insuper
1328 1098 1524 1151 librum
1562 1098 1640 1152 De
1671 1099 1790 1152 vitis
1815 1097 2062 1161 Patrum,

488 1187 536 1240 si
568 1203 676 1256 qua
713 1187 846 1243 lldes
871 1187 1174 1252 Gennadio,
1205 1199 1259 1242 et
1289 1199 1413 1242 octo
1435 1189 1778 1258 libros,quos
1808 1190 2068 1260 opposuit

489 1279 759 1349 Evagrius
789 1279 1051 1336 adversus
1081 1289 1206 1336 octo
1237 1281 1620 1351 principalium
1651 1282 1904 1337 vitiorum
1936 1299 2067 1353 sug-

489 1367 800 1436 gesﬁones,
852 1384 992 1438 quos
1043 1369 1361 1424 Gennadius
1409 1371 1598 1440 jussus
1647 1371 1838 1426 Latine
1886 1374 2064 1427 reddi-

487 1457 892 1526 ditzpraaterea
943 1459 1198 1524 Librum,
1248 1477 1340 1516 seu
1394 1461 1729 1517 Seutentiam
1781 1464 1911 1534 περὶ
1963 1464 2063 1532 τῆς

485 1549 778 1612 ἀπαθείας,
813 1551 880 1605 de
930 1551 1373 1622 impossibilitate
1401 1595 1416 1620 ,
1451 1556 1565 1609 sive
1599 1555 2063 1624 imperturbabili-

487 1649 617 1705 tate,
651 1642 750 1710 qui
796 1640 1103 1712 Pelagianis
1134 1660 1323 1698 ansam
1373 1646 1622 1715 prazbuit,
1667 1663 1899 1714 quorum
1932 1661 2062 1715 ope-

487 1746 607 1782 rum
632 1741 837 1799 septem
861 1731 1127 1802 interpres
1146 1733 1370 1791 Latinus
1398 1737 1496 1790 fuit
1517 1738 1782 1801 liullinus,
1807 1738 1872 1792 ad
1897 1754 2060 1806 quem

484 1821 798 1891 ἡσυχαστὴν
854 1822 1074 1892 scripsit
1130 1824 1303 1890 Nilus,
1353 1827 1429 1879 uti
1485 1827 1736 1895 superius
1783 1827 2060 1890 adnotavi,

487 1912 578 1978 qui
613 1909 864 1980 Origenis
889 1929 1107 1982 quoque
1130 1915 1298 1971 libros
1324 1915 1478 1971 Latio
1504 1918 1671 1980 dedit,
1702 1918 1796 1971 sed
1830 1917 2060 1972 infelici-

488 2012 607 2067 ter;
652 2019 777 2056 nam
822 2005 954 2057 tanti
987 2005 1110 2068 viri,
1163 2021 1291 2075 quo,
1344 2007 1432 2060 ubi
1474 2008 1609 2062 bene
1669 2009 1859 2070 sensit,
1901 2024 2061 2062 nemo

487 2094 704 2154 melius,
750 2095 841 2147 ubi
873 2095 1035 2160 male,
1071 2111 1231 2150 nemo
1266 2098 1440 2166 pejus,
1474 2114 1689 2154 errores
1738 2100 1972 2161 imbibit,
2008 2109 2060 2153 et

481 2196 575 2237 eos
609 2186 771 2238 tutari
801 2185 929 2240 dum
958 2196 1208 2248 conatur,
1245 2188 1428 2257 lapsus
1459 2200 1543 2245 est
1571 2192 1819 2260 turpiter.
1857 2206 1920 2245 ac
1953 2191 2060 2260 glo-

481 2275 595 2338 ri:e,
625 2290 790 2344 quam
822 2295 851 2332 e
883 2279 1129 2333 versione
1153 2278 1406 2333 Historia:
1433 2280 1806 2335 ecclesiastica:
1836 2279 2056 2336 Eusebii

477 2360 857 2429 Caesariensis,
886 2365 972 2419 cui
1008 2366 1146 2422 duos
1176 2367 1344 2421 libros
1391 2368 1642 2431 attexuit,
1674 2378 1862 2438 totque
1894 2367 2056 2422 Volu-

479 2452 691 2508 tninum
717 2454 818 2508 SS.
852 2455 1060 2522 Basilii,
1090 2458 1334 2528 Gregorii
1362 2456 1710 2520 Nazianzcni,
1734 2469 1787 2513 et
1821 2461 2052 2514 aliorum

478 2543 580 2596 sibi
626 2554 1030 2614 construxerat,
1075 2551 1352 2603 cumulum
1388 2552 1551 2605 diruit
1603 2551 1704 2604 hoc
1754 2552 1926 2621 lapsu,
1961 2553 2055 2606 dc-

479 2643 730 2690 tnortuus
763 2637 814 2688 in
867 2637 1084 2704 Sicilia;
1138 2651 1326 2693 sancto
1361 2641 1692 2712 Hieronymo
1731 2644 1926 2705 indice,
1961 2645 2053 2707 qui

475 2742 601 2780 eum
637 2725 948 2796 Scorpinm,
977 2740 1029 2783 et
1067 2730 1374 2785 Grunnium
1403 2743 1580 2795 vocat,
1609 2745 1662 2787 et
1710 2735 1899 2789 scribit
1930 2735 2052 2789 Tri-

478 2816 680 2870 nacria:
722 2816 891 2870 ltumo
939 2822 1109 2886 premi
1162 2820 1301 2874 inter
1333 2820 1659 2876 Enceladum
1702 2834 1755 2878 et
1811 2825 2052 2897 Porphy-

480 2908 644 2972 rium,
675 2907 726 2961 in
752 2912 985 2976 primum
1016 2909 1476 2965 Commentariun:
1501 2914 1566 2967 ad
1597 2913 1791 2970 Ezech.
1827 2917 1876 2970 in
1905 2919 2048 2972 Prte-

478 3000 572 3053 fat.
625 3001 690 3054 ad
726 2999 1081 3056 Eustochitnn
1116 3013 1247 3056 tom.
1281 3003 1382 3069 lV,
1420 3021 1541 3076 pag.
1571 3009 1696 3064 550.
1730 3009 1782 3062 id
1835 3020 1936 3074 est,
1983 3012 2051 3066 ad

477 3091 721 3146 xElnam.
773 3093 1080 3148 (Iat'dinalis
1121 3095 1387 3152 Baronius
1438 3100 1730 3152 verisimile
1787 3110 1940 3169 putat
1987 3118 2052 3156 eo

479 3181 752 3236 Bullinum
796 3199 921 3237 cum
965 3183 1194 3238 Melania
1217 3186 1550 3256 confugisse,
1587 3199 1744 3257 capta
1786 3190 1954 3244 Roma
1983 3193 2050 3245 ad

478 3289 608 3327 ann.
638 3272 699 3328 C.
729 3273 854 3328 410.
908 3274 1115 3329 Laudat
1157 3294 1280 3331 cum
1323 3289 1546 3334 sanctus
1578 3279 1857 3344 Paulinus,
1890 3285 2047 3350 epist.

479 3368 512 3417 υ
560 3365 624 3416 ad
660 3365 946 3432 Severum,
995 3367 1293 3437 scribitque
1329 3370 1396 3423 ad
1429 3372 1678 3424 eumdem
1711 3373 1870 3440 epist.
1900 3375 1964 3426 47
1999 3385 2052 3429 et

477 3456 569 3510 48.
620 3455 1052 3526 Origenistarum
1100 3462 1492 3530 antesignanus
1539 3462 1644 3516 luit
1691 3465 1945 3526 habitus,
1995 3468 2048 3518 in

479 3563 640 3616 quem
684 3559 908 3604 sanctus
948 3549 1308 3623 Hieronymus
1341 3555 1467 3609 olim
1514 3559 1696 3611 socius
1730 3568 1783 3611 et
1817 3559 2047 3621 amicus,

480 3640 680 3709 stylum
713 3640 848 3694 adeo
876 3643 1070 3696 acerbe
1111 3644 1381 3714 stringere
1427 3657 1651 3703 coactus
1711 3660 1812 3704 est.
1851 3651 2050 3704 Dolen-

479 3731 608 3784 dum
658 3731 902 3800 proiecto
943 3734 1008 3788 de
1046 3735 1290 3806 Didymi,
1335 3737 1596 3802 Melaniae,
1626 3740 1872 3804 Palladii,
1911 3742 2049 3795 lava-

481 3822 602 3889 grii,
648 3821 957 3891 Rnlliuique
1000 3827 1240 3890 casibus,
1277 3839 1330 3881 et
1373 3831 1555 3882 stellas
1626 3831 1787 3885 hasce
1816 3833 2050 3888 caducas

479 3909 738 3967 Ecclesiae
775 3913 972 3969 deﬂere
1009 3915 1332 3970 deberemus
1367 3919 1630 3985 amarius,
1675 3920 1776 3974 nisi
1807 3924 2046 3990 suspica-

480 4017 665 4055 rentur
693 4003 761 4056 ab
794 4004 878 4059 his
914 4021 1021 4058 non
1057 4015 1164 4058 tam
1200 4018 1465 4075 proterve,
1499 4018 1716 4077 tamque
1756 4014 2047 4080 pertinaci-

478 4103 559 4146 ter
582 4109 774 4162 pravas
803 4093 1052 4167 Origenis
1077 4097 1361 4166 opiniones
1393 4098 1559 4154 luisse
1581 4099 1851 4161 defensus.
1887 4105 2047 4175 613

476 4187 726 4254 quamvis
746 4197 800 4240 ut
819 4204 994 4244 scena:
1012 4191 1297 4256 servirent,
1319 4191 1397 4244 ira
1412 4201 1778 4247 transversum
1799 4197 1922 4259 acti,
1939 4215 2048 4251 cer-

478 4277 736 4345 Iandique
759 4278 1228 4344 studio,etcalore
1245 4280 1521 4348 l‘uerint,et
1543 4286 1758 4339 nomine
1783 4286 2042 4357 Pamphili

2171 470 2275 523 sta.
2309 470 2363 515 et
2397 461 2622 527 inserta,
2655 474 2722 514 ne
2753 460 2929 514 dicam
2963 459 3193 515 confusa
3243 461 3295 513 in
3327 463 3570 530 antiquis
3591 467 3742 520 codi-

2170 552 2328 606 cibus
2375 552 2586 606 calamo
2637 552 2897 617 exaratis,
2952 559 3012 605 ut
3043 565 3184 620 a-gre
3229 551 3468 606 discerni
3513 556 3741 624 possint,

2173 643 2517 712 arduumque
2542 641 2937 711 sitdijudicare
2983 641 3049 695 ad
3083 656 3244 711 quem
3287 656 3351 695 ex
3387 643 3472 698 his
3507 659 3572 698 ea
3623 662 3741 716 spe.

2168 741 2314 787 ctent
2339 732 2686 786 librariorum
2712 746 2905 786 errore
2923 731 3109 786 titulos
3133 747 3416 802 perperam
3437 734 3738 790 inscriben-

2170 825 2306 879 tium
2341 843 2354 879 :
2387 823 2560 894 stylus
2592 823 2708 893 ipse
2735 837 3107 892 compressus,
3148 834 3202 878 et
3236 824 3290 876 in
3315 835 3529 880 arctum
3560 827 3738 884 colens

2168 917 2223 970 in
2252 915 2526 985 capitulis,
2560 914 2870 980 sententiis,
2912 923 3078 984 atque
3123 914 3377 971 brevibus
3421 917 3738 972 admonitio-

2167 1005 2330 1062 nibus
2358 1021 2466 1060 non
2505 1015 2590 1060 est
2618 1006 2754 1060 satis
2783 1015 2967 1060 certus
3031 1020 3096 1060 ac
3135 1016 3286 1061 tutus
3314 1006 3496 1073 index,
3543 1009 3734 1063 chara-

2167 1107 2391 1168 cterque
2418 1097 2675 1154 dictionis
2719 1112 3112 1166 nonnunquam
3147 1099 3310 1153 etiam
3360 1099 3538 1155 fusius
3569 1117 3734 1156 exun-

2165 1186 2350 1242 dantis
2373 1186 2598 1240 minime
2643 1185 2846 1255 arguit,
2872 1184 3129 1254 clareque
3154 1185 3410 1254 patefacit
3439 1196 3730 1251 auctorem,

2175 1277 2365 1332 eadem
2390 1276 2458 1331 de
2499 1276 2751 1340 materia,
2783 1276 2974 1330 eadem
3003 1285 3186 1342 aetate,
3223 1277 3278 1329 in
3308 1277 3499 1332 eadem
3535 1277 3734 1346 proles-

2166 1367 2318 1423 sione
2357 1367 2736 1422 disserentem.
2780 1367 2870 1422 Ille
2901 1366 3016 1437 ipse
3055 1365 3326 1432 Socrates,
3358 1369 3452 1437 qui
3499 1369 3730 1431 vixiteo,

2163 1473 2272 1528 quo
2307 1455 2461 1512 Nilus
2491 1468 2546 1512 et
2582 1459 2848 1527 Evagrius
2883 1458 3114 1514 ﬂoruere
3162 1459 3383 1520 saeculo,
3405 1459 3589 1512 tribuit
3609 1459 3736 1512 Eva-

2165 1548 2284 1619 grio
2329 1549 2524 1602 librum
2574 1549 2646 1602 De
2672 1550 2900 1602 ascetira
2942 1551 3072 1612 vita,
3114 1549 3228 1604 sive
3271 1550 3588 1616 asceticum,
3615 1567 3733 1605 cum

2166 1649 2346 1694 tamen
2377 1639 2561 1693 nullus
2605 1640 2877 1694 inlicietur
2921 1639 3102 1694 Nilum
3131 1639 3250 1710 ejus
3289 1652 3565 1696 auctorem
3598 1658 3732 1696 esse.

2095 1715 2134 1769 Β
2168 1731 2398 1800 Evagrio
2422 1744 2640 1799 quoque
2669 1731 3016 1786 ascribuntur
3036 1731 3138 1786 150
3164 1733 3466 1794 sententiae,
3492 1743 3546 1786 et
3565 1734 3732 1802 capita

2167 1829 2289 1874 octo
2333 1823 2598 1875 adversus
2645 1829 2768 1875 octo
2822 1821 3166 1884 vitiositates,
3203 1838 3324 1892 quze
3351 1821 3542 1876 Latine
3583 1825 3735 1877 vertit

2166 1912 2346 1964 omnia
2379 1911 2694 1965 Gennadius
2713 1951 2729 1974 ,
2761 1927 2827 1964 an
2854 1910 3137 1968 Bullinus?
3163 1929 3268 1966 non
3294 1922 3474 1967 autem
3510 1915 3642 1968 liber
3671 1916 3735 1971 de

2167 1997 2304 2055 Vitis
2334 2000 2581 2064 Patrum,
2615 2002 2666 2055 in
2699 2003 2898 2071 quibus
2937 2011 3146 2057 tantum
3171 2004 3420 2058 laudatur
3453 2003 3730 2074 Evagrius,

2167 2101 2224 2146 ut
2283 2093 2392 2146 vult
2437 2091 2772 2163 Rosweydus
2817 2091 2870 2144 in
2914 2091 3234 2148 Lausiacam
3288 2093 3536 2154 Palladii.
3585 2105 3637 2148 et
3683 2096 3732 2148 iu

2163 2187 2560 2256 prolegomenis
2606 2187 2672 2240 ad
2712 2185 2860 2241 Vitas
2897 2184 3141 2238 Patrum.
3175 2184 3229 2237 In
3265 2185 3520 2240 confesso
3556 2195 3732 2240 autem

2160 2287 2241 2335 est
2269 2278 2524 2332 omnibus
2553 2279 2746 2332 harum
2792 2278 2894 2331 150
2919 2277 3338 2342 sententiarum,
3369 2278 3513 2332 sicut
3536 2288 3589 2332 et
3615 2278 3732 2332 libri

2160 2367 2418 2420 adversus
2441 2374 2564 2418 octo
2585 2365 2912 2420 vitiositates
2941 2374 3222 2418 auctorem
3240 2379 3362 2418 esse
3382 2362 3583 2418 Nilum.
3607 2364 3733 2418 Vide

2159 2461 2487 2514 cardinalem
2547 2460 2836 2514 Barouium
2897 2460 2951 2514 in
2994 2469 3107 2512 not.
3162 2459 3227 2513 ad
3293 2457 3728 2529 Martyrologium

2160 2551 2485 2616 Romanum,
2528 2551 2879 2607 Possevinum
2921 2551 3071 2606 illum
3106 2567 3229 2605 eum
3267 2551 3605 2606 Antioclieno
3637 2553 3730 2605 mi-

2157 2655 2420 2700 scentem.
2454 2645 2728 2714 Quidquid
2763 2645 2851 2711 sit,
2883 2645 2996 2699 sive
3026 2646 3158 2700 alter
3187 2645 3256 2698 ah
3301 2645 3475 2699 altero
3509 2645 3580 2699 sit
3615 2660 3728 2697 mu-

2159 2745 2366 2799 tuatus,
2399 2736 2622 2790 damnat
2643 2736 2931 2807 Evagrium
2956 2735 3194 2789 Joannes
3222 2735 3518 2795 Climacus,
3559 2745 3612 2789 et
3647 2736 3727 2788 in-

2157 2828 2607 2898 sipientissimum
2653 2827 2906 2897 appellat,
2953 2836 3006 2881 et
3052 2826 3141 2878 τὸν
3169 2825 3460 2895 Θεηλάτην,
3496 2825 3544 2878 id
3568 2833 3667 2886 est,
3697 2839 3725 2876 a

2159 2919 2298 2972 malo
2347 2918 2444 2973 Dei
2486 2920 2681 2988 spiritu
2741 2919 3003 2988 agitatum
3051 2918 3203 2987 grad.
3252 2919 3348 2980 14,
3378 2933 3433 2986 p.
3463 2917 3584 2970 9.03.
3625 2915 3724 2968 Sed

2159 3026 2279 3064 mox
2305 3011 2584 3080 copiosius
2618 3011 2719 3064 hac
2749 3010 2814 3064 de
2843 3010 3070 3064 mistura
3094 3010 3362 3074 tractabo,
3387 3010 3558 3078 deque
3586 3007 3727 3077 capi-

2157 3102 2303 3156 tibus
2333 3104 2592 3156 adversus
2623 3112 2749 3156 octo
2789 3102 2937 3156 vitia.

2223 3193 2476 3247 Occurrit
2496 3195 2639 3246 enim
2665 3193 2920 3262 ὲπιστολὴ
2948 3194 3255 3264 δογματικὴ
3279 3192 3409 3264 περὶ
3438 3193 3536 3262 τῆς
3571 3191 3725 3259 ἁγί;;

2154 3287 2381 3355 Τριάδος
2408 3286 2545 3355 πρὸς
2581 3288 2704 3348 τοὺς
2739 3288 2797 3338 ὲν
2837 3287 3059 3356 πατρίδι
3088 3285 3420 3355 μονάζοντας
3467 3285 3623 3354 ἡνίκα

2152 3377 2210 3427 ἐν
2245 3374 2815 3427 Κωνσταντινουπόλει
2837 3374 2975 3443 μετὰ
3008 3371 3102 3426 τοῦ
3138 3375 3409 3446 μακαρίου
3437 3373 3725 3442 Γρηγορξου

2151 3465 2528 3534 Ναζιανζηνοῦ
2559 3465 2590 3534 ἢ
2642 3467 2946 3519 ἐπισκόπου
2989 3465 3297 3528 Ναζιὰνζου
3320 3506 3336 3528 ,
3372 3465 3486 3518 sive
3527 3465 3726 3530 δογμα-

2150 3556 2301 3617 τικὺς
2324 3556 2504 3622 λόγος,
2542 3565 2600 3608 ut
2632 3556 2828 3625 legitur
2873 3557 2927 3610 in
2962 3556 3299 3610 Narrationis
3335 3555 3550 3609 Pachon
3602 3554 3724 3623 Epi-

2152 3648 2372 3714 graplie,
2411 3647 2620 3714 incipit,
2650 3646 2914 3709 πολλάκις
2939 3646 3246 3716 ἐθαύμασα,
3276 3646 3325 3699 τί
3359 3648 3556 3716 δήποτε
3592 3646 3726 3716 πρὸς

2151 3738 2318 3806 ὑμᾶς,
2372 3737 2520 3806 Scrpe
2559 3741 2755 3808 swpius
2794 3737 3092 3792 admiratus
3135 3738 3235 3806 fui,
3277 3754 3372 3791 cur
3411 3738 3617 3790 tandem
3656 3738 3722 3789 ad

2152 3845 2262 3882 vos.
2303 3827 2522 3884 Titulus
2549 3840 2730 3883 autem
2765 3830 2939 3883 editus
2976 3837 3138 3883 estet
3173 3829 3224 3881 in
3255 3827 3507 3882 Latinum
3541 3845 3722 3882 versus

2151 3921 2393 3987 trajectis
2417 3922 2812 3990 aliquantisper
2837 3921 3038 3985 verbis,
3075 3930 3128 3974 et
3151 3936 3272 3974 cum
3310 3930 3572 3974 tractatus
3597 3936 3725 3973 nunc

2151 4015 2338 4079 cupari
2378 4013 2682 4076 debuisset,
2713 4013 2892 4065 dictus
2924 4024 3007 4066 est
3042 4010 3247 4075 Sermo,
3289 4013 3392 4065 sire
3428 4012 3724 4079 dogmatica

2154 4103 2394 4170 Epistola
2423 4104 2488 4156 de.
2515 4112 2703 4156 sancta
2739 4103 2999 4157 Trinitate
3032 4103 3101 4155 ad
3148 4119 3256 4168 eos,
3285 4105 3374 4172 qui
3401 4102 3566 4174 614
3613 4119 3722 4154 mo-

2151 4197 2406 4248 nasticam
2457 4196 2619 4248 vitam
2660 4194 2853 4264 degunt
2909 4195 2962 4247 in
3002 4196 3197 4260 patria,
3231 4195 3358 4247 dum
3412 4207 3549 4247 esset
3590 4195 3724 4248 Con-

2149 4286 2500 4354 stantinopoli
2528 4302 2646 4338 cum
2690 4285 2837 4339 beato
2865 4286 3120 4357 Gregorio
3150 4287 3392 4355 episcopo
3440 4284 3719 4348 Nazianzi,

479 4369 733 4437 martyris
773 4385 869 4437 pro
918 4385 986 4424 co
1038 4371 1352 4440 Apologiam
1396 4373 1621 4427 ediderit
1659 4373 1946 4442 EUSt'iliIIS,
1994 4389 2046 4433 et
2075 4387 2122 4439 ί)
2147 4393 2237 4429 seu
2269 4376 2617 4430 Nazianzeno
2648 4392 2666 4429 :
2687 4377 2953 4444 potuisset
2981 4377 3086 4432 dici
3117 4377 3470 4445 dogmaticus,
3496 4392 3590 4428 seu
3613 4375 3720 4443 dig-

473 4455 742 4520 llullinus,
778 4459 870 4524 qui
903 4461 1042 4515 duas
1070 4461 1122 4514 in
1173 4472 1420 4516 sanctum
1475 4463 1859 4536 Hieronymum
1900 4470 2048 4524 inve-

472 4551 647 4605 cuivas
679 4553 840 4602 ttiam
872 4551 1079 4619 ell‘udit,
1128 4552 1324 4622 Sulpit.
1360 4556 1546 4611 Sever.
1597 4559 1796 4629 dialog.
1828 4579 1864 4626 ι,
1909 4579 1956 4616 c.
1989 4565 2042 4629 5,

470 4652 525 4696 et
547 4644 673 4698 licet
703 4644 952 4699 absurda:
1009 4655 1061 4700 et
1095 4646 1298 4700 insana:
1335 4647 1534 4704 fuerint
1569 4649 1910 4720 Origcniame
1944 4655 2046 4709 illa:

473 4746 757 4793 nzanantes
784 4753 814 4792 e
862 4738 1202 4808 philosophia
1234 4739 1472 4796 Platonis
1504 4747 1802 4812 sententim,
1828 4765 1930 4801 non
1963 4759 2044 4802 ta-

472 4845 596 4883 men
615 4831 840 4886 omnino
861 4832 1129 4888 damnata:
1153 4832 1371 4888 luerunt
1399 4845 1524 4888 ante
1549 4835 1798 4906 Vigilium
1825 4855 2039 4908 papam,

473 4921 550 4974 liti
586 4921 948 4978 Cassiodorus
995 4926 1213 4989 asserit,
1254 4937 1308 4981 et
1338 4936 1462 4981 ante
1491 4930 1736 4997 quintam
1773 4934 2040 5002 synodum

473 5012 525 5064 in
563 5014 710 5067 calce
737 5030 858 5068 can.
891 5015 954 5078 ll,
993 5029 1098 5071 tam
1127 5018 1347 5084 diserte,
1377 5029 1436 5073 ut
1467 5019 1727 5090 Origenes
1758 5023 2044 5077 haereticus

472 5117 787 5159 censeretur
823 5113 1059 5178 penitus,
1105 5127 1228 5164 cum
1266 5113 1560 5180 praesertim
1595 5113 1716 5180 ejus
1748 5129 1910 5179 Opera
1945 5114 2042 5168 lal-

471 5205 585 5247 sata
619 5196 785 5252 fuisse
811 5201 1156 5266 dicercutttr;
1187 5219 1292 5270 qua
1324 5203 1391 5256 de
1421 5219 1479 5256 re
1509 5203 1747 5258 Joannes
1779 5206 1959 5266 Picus,
1987 5216 2040 5259 et

470 5285 745 5340 Gilbertus
788 5289 1170 5346 Genehrardus
1208 5295 1525 5348 consulendi
1561 5307 1707 5361 sunt,
1755 5307 1809 5350 et
1853 5313 2042 5351 recen-

471 5377 638 5431 ti0res
655 5377 893 5444 Binetus,
924 5381 1244 5444 Halloixius,
1284 5397 1332 5438 et
1363 5385 1555 5438 Petrus
1580 5386 1762 5441 Daniel
1796 5386 2038 5453 Huetius,

471 5466 721 5532 quiante
770 5472 1057 5524 triennium
1091 5472 1375 5542 Rotomagi
1428 5475 1642 5529 duobus
1688 5477 1848 5531 tomis
1890 5493 2037 5545 quie-

478 5568 690 5619 cunque
762 5561 982 5624 reperiri
1042 5571 1334 5629 potuerunt
1396 5564 1644 5631 Origenis
1693 5567 2035 5636 scriptiones,

475 5637 657 5694 Graece
702 5645 992 5716 Latineque
1021 5653 1326 5718 publicavit,
1367 5664 1416 5707 et
1448 5655 1729 5710 adornavit
1761 5659 1924 5713 notis.

2151 4471 2400 4535 matirus,
2432 4469 2524 4523 sed
2565 4469 2761 4523 retinui
2792 4469 3076 4522 lectionem
3116 4467 3427 4537 dogmatici.
3482 4466 3718 4531 Quatuor

2150 4578 2346 4629 genera
2380 4561 2634 4626 docendi,
2671 4561 2787 4616 sive
2816 4559 3205 4630 interpretandi
3239 4574 3451 4612 sacram
3481 4557 3718 4624 Scriptu-

2148 4670 2265 4708 ram
2310 4662 2660 4708 recensentur
2696 4671 2709 4707 :
2755 4653 2991 4722 primum
3040 4661 3124 4706 est
3147 4651 3538 4720 dogmatieum,
3567 4649 3715 4718 quasi

2148 4746 2535 4810 decretorium,
2568 4747 2803 4802 alterum
2835 4747 3260 4817 προστακτικὸν,
3295 4744 3714 4813 siveimperati-

2149 4853 2296 4900 vum,
2333 4837 2555 4892 tertium
2600 4838 2897 4907 ὁριστικὸν,
2934 4837 3240 4892 deliniendo
3269 4852 3484 4905 nempe,
3532 4851 3592 4889 ac
3623 4835 3714 4887 dc-

2146 4929 2522 4992 terminando;
2572 4940 2826 4998 quartum
2877 4929 3294 4999 propheticum,
3329 4925 3712 4988 denuntiando,

2147 5030 2306 5089 atque
2329 5021 2692 5091 prmdicendo.
2727 5021 3029 5088 Διεξοδικόν
3055 5033 3140 5077 est
3169 5021 3331 5075 etiam
3351 5019 3600 5084 docendi,
3624 5033 3712 5072 seu

2147 5113 2418 5168 scribendi
2468 5129 2639 5182 genus
2699 5113 2775 5180 id,
2825 5128 2934 5183 quo
3001 5127 3088 5169 res
3140 5123 3432 5168 narrantur
3463 5120 3712 5180 perpetuo

2147 5220 2308 5258 cursu
2331 5205 2618 5260 orationis.
2642 5204 2847 5274 Dogma
2865 5205 3122 5260 delinitur
3142 5221 3171 5260 a
3206 5205 3383 5258 Psello
3404 5204 3454 5256 in
3479 5202 3713 5255 oratione

2146 5298 2215 5351 4'2
2243 5299 2416 5351 sancti
2444 5299 2690 5368 Gregorii
2718 5297 3045 5353 Na7ianzeni
3078 5315 3129 5368 p.
3158 5299 3263 5353 939
3284 5338 3297 5360 ,
3329 5297 3405 5350 rei
3441 5296 3635 5355 dubim,
3664 5300 3713 5344 et

2145 5400 2512 5444 controversm
2537 5398 2659 5460 post
2686 5399 2998 5444 accuratam
3046 5391 3457 5459 inquisitionem
3491 5401 3712 5454 pronun-

2144 5482 2275 5535 tiata
2302 5483 2590 5536 sententia.
2619 5481 2900 5536 Vocantur
2932 5482 3183 5552 dogmata
3213 5482 3412 5549 placita
3456 5491 3706 5533 sectarum

2146 5589 2172 5625 a
2203 5581 2390 5627 sancto
2417 5575 2758 5643 Augustino,
2801 5575 2835 5627 Ι.
2873 5592 2911 5636 ι,
2943 5591 2990 5627 e.
3029 5574 3110 5640 10,
3157 5575 3357 5638 Quarst.
3390 5571 3706 5640 Evangelia:

2147 5665 2226 5717 sic
2282 5662 2542 5733 Dogmata
2588 5666 2911 5720 Medii-orant
2959 5683 2985 5719 a
3038 5676 3224 5720 sancto
3275 5664 3599 5732 Hieronymo
3647 5660 3706 5713 ad
