4066 6146
405 289 533 357 1341

1588 299 1687 360 DE
1728 301 2105 364 OPERIBUS
2142 305 2203 366 S.
2248 306 2429 367 NlLI.

3502 309 3651 374 1342'

401 412 711 470 Paulinum.
736 411 1058 481 Aphorismi,
1082 421 1135 466 et
1174 412 1478 480 Opinioues.
1501 414 1615 470 sive
1641 415 1967 484 Sententiae;
1998 424 2045 481 Α
2073 419 2219 475 edita
2247 419 2369 485 fuit,
2427 436 2551 474 nam
2593 423 2895 492 appositum
2928 421 2974 477 ei
3015 421 3135 488 fuit,
3186 436 3287 478 nec
3320 425 3639 491 essentiam,

402 504 482 558 sic
517 503 777 573 Dogmata
805 502 1232 572 philosOphorum
1254 518 1282 555 a
1316 503 1599 570 Cicerone,
1627 516 1681 561 et
1706 509 1862 573 aliis;
1888 512 1972 565 sic

402 595 616 666 Regqu
636 597 865 664 ;uris,et
880 596 1022 664 Juris
1046 595 1427 651 consultorum.
1456 595 1550 651 Est
1573 608 1625 653 et
1648 598 1972 656 Erotemati-

402 702 527 741 cum
561 686 838 741 scribendi
885 701 1078 755 genus,
1123 687 1504 756 interrogando
1534 689 1763 753 scilicet,
1808 699 1974 760 atque

401 784 809 854 respondendo,
860 784 1004 853 quod
1041 792 1096 837 et
1123 784 1314 838 Cicero
1355 786 1551 853 probat
1594 786 1648 839 in
1708 788 1863 843 libris
1901 787 1973 841 De

401 889 613 931 oratore
642 875 707 929 ad
738 873 801 940 ρ.
828 873 1096 939 Fratrem,
1124 883 1180 929 et
1205 874 1259 928 in
1293 873 1699 941 Partitionibus,
1726 892 1821 932 seu
1857 877 1976 933 Dia-

401 967 659 1036 logicum,
678 966 822 1019 unde
848 964 1142 1036 Dialogista
1164 965 1344 1021 dictus
1372 967 1679 1024 Antoninus
1693 969 1759 1023 A.
1784 984 1815 1023 a
1841 969 1976 1025 Cas-

400 1056 504 1122 sio,
542 1062 600 1107 ut
634 1051 911 1107 Vulcatius
940 1053 1253 1108 Gallicanos
1293 1052 1557 1120 allirmat;
1588 1055 1668 1109 sic
1698 1054 1974 1109 Definitio-

399 1159 498 1199 nes
548 1143 865 1197 orthodoxae
914 1141 1085 1207 Fidei,
1129 1160 1225 1198 seu
1267 1143 1514 1199 Canones
1543 1184 1559 1209 ,
1611 1143 1970 1214 Regulzeque,

400 1233 783 1289 Ecelesiastica
815 1233 1094 1304 Dogmata,
1136 1233 1205 1289 de
1251 1236 1448 1306 quibus
1480 1236 1774 1304 inscriptus
1797 1245 1879 1292 est
1910 1238 1976 1291 li-

400 1329 496 1381 ber
542 1326 808 1382 Gennadii
863 1324 1246 1392 Massiliensis,
1276 1327 1549 1396 ascriptus
1595 1326 1732 1381 falso
1782 1336 1976 1383 sancto

399 1420 725 1489 Augustino,
756 1429 809 1472 et
835 1416 1220 1474 Confessiones
1258 1416 1407 1482 fidei,
1447 1432 1543 1472 seu
1587 1415 1885 1484 'Exeéoetg,
1920 1418 1972 1473 id

401 1517 507 1573 est,
561 1505 958 1575 Expositiones,
997 1505 1308 1575 cujnsmodi
1341 1516 1425 1560 est
1457 1506 1548 1560 illa
1575 1503 1872 1560 Justiniani
1907 1507 1971 1559 Α.

318 1656 321 1659 _
400 1612 524 1665 quae
555 1597 756 1652 inserta
786 1596 888 1651 fuit
911 1596 950 1654 ι.
981 1596 1128 1651 Inter
1145 1595 1320 1651 claras
1347 1597 1401 1661 4,
1435 1596 1498 1652 C.
1532 1596 1609 1650 De
1631 1613 1822 1650 summ.
1856 1595 1975 1651 Tri-

401 1692 499 1743 m‘t.
548 1690 688 1744 etin
738 1689 988 1745 conciliis
1032 1689 1406 1754 mcumrnicis,
1447 1689 1528 1743 vel
1556 1689 1975 1758 particularibus

401 1795 740 1849 qnzecunque
765 1780 1034 1850 symbolo,
1070 1779 1183 1850 jam
1214 1796 1386 1850 usque
1415 1796 1445 1834 a
1474 1780 1696 1834 Nicaeae
1737 1790 1971 1846 exstant,
2009 1758 2049 1813 Β

400 1872 621 1927 utemini
644 1887 732 1927 me
756 1872 889 1926 olim
922 1871 1121 1941 legisse
1149 1871 1204 1925 in
1233 1872 1373 1927 Cod.
1393 1869 1515 1926 Vat.
1550 1871 1709 1936 1455,
1755 1887 1807 1940 p.
1837 1871 1972 1939 σ>.γ’,

400 1978 496 2019 seu
540 1957 646 2018 255
691 1977 941 2017 manusc.
991 1962 1107 2017 hinc
1154 1980 1169 2017 :
1226 1962 1323 2014 Ἐκ
1359 1962 1457 2032 τῆς
1512 1961 1975 2032 ἐκκλησιαστικῆς

402 2060 646 2130 ἱστορίας
696 2059 972 2130 Θεοδώρου
1042 2057 1415 2123 Ἀναγνώστου
1468 2056 1977 2111 Κωνσταντινουπό-

401 2152 556 2215 λεως.
583 2152 753 2205 Πόσαι
781 2153 838 2204 αἱ
866 2153 961 2223 τῆς
999 2151 1235 2214 πίστεως
1275 2150 1519 2212 ἐκθέσεις
1545 2166 1560 2180 ·
1590 2143 1750 2203 αὗται
1787 2149 1886 2219 μὲν
1916 2150 1975 2202 ὲν

400 2244 965 2297 Κωνσταντινουπόλει
992 2243 1114 2296 τότε
1148 2242 1551 2312 ἀνεγνὼθησαν,
1594 2243 1753 2312 ἡμεῖς
1788 2241 1846 2295 δὲ
1881 2239 1976 2293 τὸν

400 2335 724 2404 λαϐύρινθον
760 2335 868 2387 τῶν
913 2335 1177 2388 ἐκθέσεων
1206 2332 1303 2401 ὀιζκὲ
1346 2348 1476 2385 ποτε
1512 2333 1858 2395 διανύσαντες
1886 2331 1976 2385 τὸν

403 2425 821 2496 ἁπαριθμισμὸν
853 2425 1034 2479 αὐτῶν
1094 2424 1476 2493 συνηγάγομεν
1499 2438 1511 2452 ·
1549 2425 1687 2492 μετὰ
1717 2423 1824 2494 γὰρ
1876 2425 1977 2494 τὴν

403 2519 461 2570 ἐν
484 2516 689 2586 Νικαιᾳ
711 2515 913 2579 πίστιν,
936 2513 1162 2584 ὕστερον
1198 2515 1255 2567 ὲν
1298 2514 1603 2583 Ἀντιοχείᾳ
1630 2516 1741 2576 τοῖς
1786 2515 1977 2581 ἐγκαι-

400 2605 535 2669 vict;
579 2606 768 2664 δισσὰς
802 2603 1049 2667 ἐκθέσεις
1089 2604 1491 2674 ὑπηγόρευσαν,
1530 2603 1689 2673 τρίτη
1721 2604 1779 2656 δέ
1828 2606 1976 2656 ἐστιν

400 2700 434 2767 ἠ
452 2696 765 2750 ἐπιδοθεῖσα
783 2695 1007 2748 ὑπὺτῶν
1026 2695 1154 2765 περὶ
1169 2695 1480 2765 Νάρκισσον
1503 2695 1559 2746 ἐν
1580 2696 1699 2756 ταῖς
1726 2693 1973 2756 muas;

398 2790 476 2859 τῷ
512 2789 721 2859 βασιλεῖ
750 2787 1114 2841 Κωνστάντει.
1150 2786 1308 2855 Ἀρτι
1331 2782 1610 2856 [τετάρτη]
1639 2784 1697 2836 δὲ
1723 2783 1840 2853 ήδι’
1873 2784 1977 2836 Εὑ-

400 2880 576 2944 δοξίου
618 2881 731 2942 τοῖς
785 2881 841 2930 ὲν
886 2879 1088 2950 Ἰταλίᾳ
1129 2877 1467 2946 πεμφθεῖσα.
1528 2876 1618 2929 Ἐν
1649 2877 1707 2928 δὲ
1763 2876 1974 2947 Σιρμίῳ

400 2975 551 3043 τρεῖς
610 2970 1065 3042 ὑπηγορεύθησαν
1125 2964 1200 3026 ὧν
1242 2970 1341 3040 μία
1393 2972 1450 3023 ὲν
1525 2967 1786 3039 Ἀριμίνῳ
1837 2968 1975 3038 μετὰ

2071 526 2249 579 neque
2277 510 2681 564 subsiStentiam
2730 512 2785 564 in
2847 511 2958 565 Deo
3013 511 3211 567 dicere.
3264 510 3355 566 lsti
3398 513 3642 581 Ulphilas

2071 601 2397 657 Gotihorum
2421 602 2710 671 episcopus
2742 611 2869 656 tunc
2897 602 3130 672 primum
3165 604 3466 671 consensit,
3497 613 3644 660 ante-

2071 692 2205 746 riori
2238 707 2474 761 namque
2507 703 2746 763 tempore
2782 708 2926 755 eam,
2970 708 3093 762 qua:
3118 691 3310 747 Nicata:
3345 694 3447 748 fuit
3473 695 3641 749 stabi-

2072 781 2188 847 lita,
2237 781 2394 837 (idem
2442 782 2725 849 amplexus
2759 791 2842 837 est
2888 784 3215 838 subsecutus
3258 782 3640 855 Theophilum,

2071 874 2162 942 qui
2190 873 2512 928 Gotthorum
2547 874 2837 943 episcopus
2872 872 3100 930 Nicaeus:
3130 875 3336 945 synodo
3376 874 3641 942 interluit,

2070 967 2524 1038 subscripsitque.
2573 966 2697 1022 llaec
2722 967 2939 1035 quidem
2965 966 3032 1021 de
3060 969 3162 1021 ista
3195 983 3254 1022 re
3290 967 3431 1023 dicta
3456 969 3584 1024 sint.
3618 987 3636 1020 ι

2072 1058 2201 1125 Quae
2229 1060 2670 1128 quandoquidem
2705 1057 2757 1112 in
2785 1057 3141 1113 Collectaneis
3175 1058 3344 1128 ipsius
3375 1057 3641 1113 Theodori

2072 1151 2297 1220 prolatis
2326 1151 2380 1204 in
2410 1150 2648 1205 editione
2678 1149 2975 1204 Parisiensi
3034 1150 3172 1205 1544
3204 1149 3256 1203 in
3290 1149 3382 1204 fol.
3422 1167 3529 1205 non
3553 1166 3642 1204 re—

2075 1241 2381 1309 periuntur,
2438 1240 2527 1295 hic
2565 1241 2719 1294 libuit
2759 1242 3021 1294 intexere.
3057 1240 3132 1294 Ea
3185 1242 3428 1309 profecto
3468 1242 3642 1294 lucem

2074 1330 2341 1398 accipient
2378 1329 2737 1384 clarissimam
2777 1345 2841 1384 ex
2877 1329 2998 1396 his,
3051 1345 3173 1396 quae
3222 1331 3378 1385 all'ert
3412 1330 3644 1388 Severus

2075 1418 2337 1489 Sulpitius
2384 1420 2438 1473 in
2489 1420 2583 1474 lib.
2617 1437 2652 1474 ιι
2683 1419 2862 1475 Sacra:
2911 1419 3190 1484 Historiw,
3223 1431 3275 1474 et
3306 1430 3491 1474 narrat
3520 1437 3646 1476 san-

2073 1522 2197 1567 ctus
2221 1513 2555 1568 Athanasius
2605 1515 2667 1565 de
2700 1512 2934 1583 Synodis
2982 1513 3233 1578 Arimini,
3266 1523 3320 1567 et
3360 1511 3641 1573 Seleucite.

2073 1617 2138 1658 ac
2173 1604 2375 1672 passim
2432 1614 2487 1658 et
2538 1602 2968 1673 llistoriographi
3009 1604 3386 1660 ecclesiastici.
3422 1603 3647 1657 Ελδιοιιι

2076 1695 2248 1763 ipsius
2281 1695 2775 1751 sanctLAthauasii
2817 1696 3145 1767 symbolum,
3196 1696 3339 1764 quod
3395 1696 3447 1748 in
3475 1695 3646 1755 cccle-

2075 1786 2297 1842 siastico
2346 1787 2604 1841 recitatur
2649 1786 2859 1852 Otticio,
2908 1795 2963 1841 et
3012 1786 3294 1856 Expositio
3352 1786 3473 1841 ﬁdei
3503 1803 3517 1853 ;
3551 1786 3643 1840 diu

2074 1887 2233 1932 antea
2265 1894 2294 1933 a
2322 1878 2483 1933 beato
2512 1877 2723 1933 Joanne
2754 1879 3086 1946 evangeliSIa
3103 1887 3325 1934 sanctus
3351 1877 3648 1947 Gregorius

2074 1970 2547 2033 Neocaesariensis,
2583 1987 2612 2024 a
2642 1971 3029 2025 miraculorum
3062 1971 3216 2038 copia
3255 1971 3435 2025 dictus
3465 1969 3639 2024 Thau-

2075 2068 2382 2132 maturgus,
2415 2063 2679 2116 didicerat
2716 2062 3107 2117 intcncnieute
3145 2063 3493 2118 sanctissima
3522 2060 3646 2114 Vir-

2075 2152 2199 2222 gine
2229 2154 2319 2207 Dei
2373 2152 2649 2207 Genitriee
2690 2153 2907 2207 brevem
2964 2153 3084 2207 fidei
3125 2153 3546 2217 confessionem,
3591 2152 3645 2206 in

2076 2260 2180 2313 qua
2228 2246 2510 2308 asseritur,
2546 2239 2625 2308 εἷς
2676 2244 2807 2308 Θεὸς
2835 2244 3046 2313 Πατὴρ,
3087 2237 3168 2304 εἷς
3209 2242 3343 2306 Θεὸς
3392 2244 3457 2296 ἐκ
3508 2241 3645 2306 Θεοῦ

2077 2336 2257 2403 costa,
2289 2334 2345 2388 ἓν
2369 2335 2592 2403 Πνεῦμα
2621 2336 2796 2403 ἅγιον,
2841 2351 2895 2406 p.
2927 2336 2982 2387 ll
3024 2333 3284 2403 Operum.
3328 2332 3648 2402 Promulga-

2077 2427 2153 2479 vit
2172 2427 2219 2481 is
2243 2427 2463 2494 insuper
2484 2425 2556 2478 Ex
2568 2427 2887 2495 positionem
2914 2426 3034 2480 tidei
3064 2426 3324 2481 adversus
3341 2422 3642 2478 Elianum.

2075 2518 2485 2572 Consueverant
2532 2519 2598 2572 ad
2633 2518 2927 2571 discrimen
2980 2517 3359 2571 haereticorum
3395 2516 3645 2570 catholici

2075 2610 2315 2678 episcopi
2370 2625 2560 2664 recens
2614 2609 3017 2663 electi-mittere
3055 2608 3512 2676 Cbirographum,
3550 2621 3645 2662 seu

2077 2702 2201 2757 fidei
2252 2702 2566 2756 Formulam
2621 2702 2687 2755 ad
2723 2702 2858 2755 alios
2905 2701 3218 2770 episcopos;
3271 2707 3456 2769 postea
3500 2699 3647 2753 enim

2076 2796 2411 2866 pullularunt
2457 2796 2691 2850 haereses
2724 2804 2980 2863 tanquam
3015 2795 3224 2848 zizania
3271 2794 3323 2848 in
3371 2792 3649 2863 Evangelii

2076 2903 2207 2958 agro
2231 2903 2354 2941 cum
2397 2898 2641 2942 semente
2670 2888 2813 2941 bcna
2843 2888 3015 2942 laetius
3042 2886 3379 2953 germinante
3406 2903 3420 2938 :
3451 2885 3505 2939 in
3537 2885 3648 2939 ele-

2076 2978 2273 3033 ctionis
2313 2977 2627 3046 primordiis
2656 2976 2893 3044 episcoiii
2917 2975 3355 3031 transmittebant
3386 2973 3491 3028 sibi
3530 2989 3650 3026 mu-

401 3061 1969 3129 τῆςύπατείας....................

2081 3079 2178 3122 tuo
2209 3067 2501 3138 Epistolas,
2536 3075 2589 3120 et
2620 3066 2685 3120 ad
2720 3066 2877 3120 Rom.
2931 3066 3261 3135 pontificem,
3292 3072 3347 3117 et
3384 3063 3451 3117 ad
3483 3062 3646 3116 Rom.

404 3152 689 3221 (Εὑσεϐἱου
729 3152 822 3206 καὶ
859 3150 1171 3222 Taraciae),
1204 3152 1436 3222 legerem
1467 3164 1496 3203 e
1531 3149 1862 3205 Gothofredo
1920 3150 1973 3203 in

399 3243 661 3297 Chronol.
686 3241 818 3298 Cod.
855 3241 1125 3297 Theodos.
1159 3243 1225 3297 ad
1262 3257 1465 3296 annum
1506 3242 1706 3296 Christi
1746 3240 1812 3295 N.
1845 3241 1969 3295 559.

414 3333 772 3402 Ἀνεγνώσθη.
813 3333 999 3403 Ὀγδόη
1016 3333 1073 3386 δέ
1126 3334 1275 3386 ἐστιν
1320 3334 1369 3403 ἡ“
1412 3333 1471 3386 ἐν
1528 3332 1855 3402 Σελευκείᾳ,
1906 3330 1974 3400 ἢν

403 3420 603 3489 οἱπερὶ
659 3421 911 3474 Ἀκάκιον
942 3420 1372 3487 ἀνεγνώκεισαν,
1423 3421 1709 3475 τελευταία
1747 3421 1802 3474 δὲ
1853 3421 1976 3491 ἥτις

403 3512 459 3559 ἐν
487 3508 1296 3582 Κωνσταντινσυπόλειμετὰτῆς
1329 3510 1646 3580 προσθήκης
1680 3508 1972 3563 ὲκδέὂοται.

405 3598 733 3668 ιιροσέκειτο
783 3598 891 3666 γὰρ
921 3598 1057 3666 αὐτῇ
1107 3599 1241 3667 μήτε
1265 3599 1474 3661 οὐσίαν,
1512 3600 1647 3668 μήτε
1678 3599 1975 3651 ὑπόστασιν

403 3694 494 3745 ἐπὶ
528 3689 664 3743 Θεοῦ
697 3690 897 3758 λέγειν.
932 3689 1117 3760 Ταύτῃ
1150 3690 1244 3743 καὶ
1287 3690 1558 3759 Οὐλφίλας
1607 3691 1714 3743 τῶν
1764 3691 1976 3744 Γότθων

405 3782 699 3843 ἐπίσκοπος
737 3780 859 3832 τότε
877 3779 1091 3848 πρῶτον
1115 3778 1388 3832 συνέθετο·
1408 3780 1514 3832 τῶν
1536 3779 1644 3850 γὰρ
1670 3780 1978 3849 ἔμπροσθεν

403 3874 635 3942 χρόνων,
666 3871 763 3941 τὴν
799 3874 857 3923 ἐν
905 3870 1111 3941 Νικαίᾳ
1160 3869 1343 3922 πίστιν
1378 3871 1653 3933 ἁσπάζετο
1708 3872 1976 3941 ἑπόμενος

403 3963 647 4032 Θεοφίλῳ
676 3963 733 4023 ὃς
760 3960 867 4013 τῶν
896 3960 934 4010 Γ
937 3958 1109 4011 ότθων
1142 3957 1440 4022 ἐπίσκοπος
1465 3958 1540 4012 ὢν
1575 3962 1642 4031 τῇ
1691 3962 1748 4013 ὲν
1772 3961 1979 4034 Nimia.

404 4054 613 4122 Συνὸδῳ
668 4053 859 4122 παρὼν
908 4051 1320 4123 καθυπὲγραψε.
1385 4052 1636 4106 Τοσαῦτα
1688 4053 1786 4123 μὲν
1849 4055 1978 4122 περὶ

403 4142 575 4195 ταῦτα
599 4143 858 4213 εἰρήσθω.
893 4143 1025 4210 Qua:
1042 4141 1233 4197 Latine
1259 4143 1332 4196 ita
1366 4143 1573 4197 reddidi
1596 4162 1608 4197 :
1635 4161 1652 4193 ι
1682 4143 1767 4198 Ea:
1795 4143 1978 4197 Eccle-

404 4236 623 4288 siastica
659 4233 902 4288 Historia
933 4233 1205 4290 Theodori
1232 4235 1478 4291 Lector-is
1511 4236 1975 4304 Constantinopo-

408 4327 495 4383 lis.
537 4326 764 4391 Quautze
804 4327 911 4380 sint
960 4325 1108 4380 Fidei
1154 4326 1548 4394 Expositiones.
1594 4325 1714 4382 Ista:
1755 4328 1972 4396 quidem

2084 3158 2404 3221 Ecclesium,
2463 3172 2585 3226 qua:
2614 3156 2770 3225 quasi
2821 3157 2885 3210 ad
2920 3168 3165 3212 centrum
3218 3156 3373 3218 lineae
3404 3154 3649 3209 omnium

2074 3251 2458 3321 episcOporum
2484 3248 2966 3304 ecircumferentia
2996 3248 3162 3302 totius
3190 3246 3351 3301 Orbis
3376 3255 3644 3299 terrarum

2078 3342 2451 3397 referebantur
2484 3383 2499 3407 ,
2538 3342 2808 3396 vocabant
2864 3339 3176 3409 Encyclicas
3202 3378 3218 3403 ,
3271 3336 3646 3394 communica-

2077 3434 2284 3489 toriase
2310 3451 2355 3488 ε.
2374 3432 2607 3502 August.
2631 3432 2786 3500 epist.
2816 3430 2938 3493 165,
2963 3439 3017 3484 et
3036 3429 3293 3484 formatas
3327 3444 3392 3484 ex
3433 3427 3638 3497 Optat.,

2076 3516 2307 3594 quarum
2339 3524 2599 3579 societate
2627 3523 3035 3578 concordabant
3063 3539 3076 3576 :
3113 3520 3501 3591 professionem
3545 3521 3650 3574 ilhc

2077 3617 2450 3679 continebant,
2485 3632 2582 3671 seu
2618 3613 2909 3669 formulam
2942 3612 3085 3677 (Hei,
3137 3613 3214 3667 uti
3254 3622 3514 3667 tesseram
3552 3626 3648 3678 pro

2077 3707 2445 3761 ecclesiastica
2483 3706 2857 3767 unanimitate,
2893 3715 3056 3773 atque
3080 3704 3463 3759 communione
3497 3720 3511 3757 :
3542 3702 3648 3755 hu-

2072 3798 2378 3868 juscemodi
2414 3806 2495 3851 est
2532 3796 2760 3865 epistola
2788 3794 3009 3849 Damasi
3041 3810 3191 3864 papae
3224 3795 3384 3864 primi
3419 3795 3484 3848 ad
3509 3794 3650 3848 Pau-

2078 3890 2250 3943 linum
2282 3889 2599 3957 episcopum
2640 3886 3036 3939 Antiochenam
3086 3886 3138 3937 in
3171 3894 3302 3938 tom.
3338 3884 3564 3939 Concill.
3591 3902 3644 3954 p.

2075 3980 2202 4035 228.
2235 3982 2366 4035 edit.
2411 3979 2608 4033 Crabb.
2650 3977 2975 4031 Theodoret.
3022 3976 3170 4029 Hist.
3216 3976 3416 4029 Eccles.
3455 3975 3549 4029 lib.
3592 3993 3645 4031 γ.

2077 4090 2128 4127 c.
2164 4072 2250 4128 10.
2292 4071 2422 4146 Vide
2452 4070 2725 4124 Honorem
2778 4066 3005 4120 llormrii
3056 4082 3087 4120 a
3138 4082 3222 4120 me
3274 4066 3646 4131 vindicatum;

2079 4180 2203 4218 nam
2243 4172 2298 4218 et
2329 4171 2453 4216 ante
2478 4163 2943 4216 consecrationem
2984 4158 3216 4213 edebant
3264 4156 3385 4211 lidei
3440 4155 3648 4211 formu-

2076 4257 2206 4320 lam;
2229 4262 2283 4308 et
2314 4254 2428 4323 ipse
2457 4252 2734 4307 Romanus
2765 4248 3005 4321 pontifex
3031 4247 3364 4317 reliquorum
3398 4247 3647 4315 princeps

2078 4347 2239 4402 istum
2263 4359 2591 4399 consensum
2617 4341 2926 4412 pra-stabat,
2956 4356 3049 4394 seu
3072 4336 3466 4408 professionem
3500 4336 3647 4401 fidei,
3726 4356 3735 4363 η

405 4418 877 4486 Constantinolmli
921 4428 1051 4472 ωηο
1087 4418 1236 4472 leam
1272 4417 1527 4482 meum"
1573 4434 1672 4474 "05
1715 4435 1841 4474 "ero
1879 4420 1976 4472 ιω-
2010 4443 2051 4495 υ
2079 4454 2198 4507 qua:
2236 4437 2430 4507 legitur
2458 4437 2510 4489 in
2542 4433 2774 4491 concilio
2797 4432 3170 4487 Conslantien.
3200 4444 3335 4483 sess.
3355 4428 3424 4483 ’59
3451 4427 3650 4482 editio-

405 4511 719 4584 byrinthum
770 4509 1184 4578 Expositionum
1243 4510 1457 4563 tandem
1515 4510 1807 4580 aliquando
1852 4527 1975 4566 cum

405 4601 1024 4676 perfecissemus,615
1061 4617 1345 4656 numerum
1372 4604 1584 4657 illarum
1639 4604 1975 4672 collegimus.

405 4700 617 4753 Etenim
650 4696 946 4766 postlidem
976 4693 1168 4748 Nicaeae
1196 4695 1417 4760 editam,
1441 4696 1562 4748 dein
1596 4696 1898 4751 Antiochia:
1925 4697 1975 4748 in

406 4790 696 4854 Enczeniis,
741 4789 855 4844 sive
897 4796 1151 4840 renovata
1184 4785 1446 4847 Ecclesia,
1482 4797 1574 4841 aut
1608 4790 1787 4856 potius
1831 4788 1981 4841 exci-

405 4892 519 4937 tato
552 4881 940 4943 Dominico,ex
994 4878 1347 4949 Hieronymo,
1388 4880 1629 4946 Socrate
1669 4880 1979 4934 Sozomeno

404 4992 458 5034 et
500 4980 765 5035 Athanas.
832 4978 1078 5045 duplices
1133 4975 1515 5043 Expositiones
1566 4987 1975 5047 suggesscrunt.

406 5071 585 5126 Tertia
632 5086 764 5124 vero
807 5080 910 5131 est,
945 5084 1067 5136 qua:
1108 5067 1303 5120 tradita
1332 5067 1433 5120 fuit
1470 5068 1539 5120 ab
1584 5069 1690 5131 his,
1726 5069 1817 5136 qui
1849 5082 1976 5121 cum

404 5167 667 5222 Narcisso
694 5174 853 5220 erant
884 5165 938 5218 in
980 5163 1193 5225 Galliis.
1227 5173 1280 5218 et
1310 5163 1489 5219 oblata
1516 5163 1830 5233 imperatori
1876 5164 1981 5218 fuit

407 5257 718 5314 Constanti.
772 5256 979 5319 Quarta
1005 5265 1186 5309 autem
1229 5256 1298 5309 ab
1329 5255 1574 5310 Eudoxio
1605 5256 1770 5308 missa
1810 5271 1980 5324 nuper

409 5349 513 5412 his,
543 5349 635 5417 qui
669 5357 827 5400 erant
858 5347 910 5400 in
941 5346 1126 5412 Italia;
1160 5346 1345 5399 Sirmii
1374 5361 1502 5399 vero
1544 5355 1654 5400 tres
1685 5345 1979 5401 enuntiatae

406 5444 551 5499 sunt,
573 5451 806 5505 quarunt
832 5451 937 5488 una
962 5433 1193 5487 Arimini
1225 5444 1344 5502 post
1372 5434 1716 5488 coosulatum
1742 5433 1977 5499 Eusebii,

402 5524 689 5596 etHypatii
724 5526 859 5578 lecta
892 5525 1020 5587 fuit;
1052 5523 1250 5578 Octava
1298 5533 1401 5590 est,
1453 5540 1573 5593 qua:
1617 5524 1718 5578 fuit
1765 5527 1978 5580 condita

409 5616 687 5679 Seleuciae.
736 5634 898 5686 quam
944 5620 1034 5687 qui
1086 5634 1208 5672 cum
1260 5620 1459 5672 Acacio
1510 5628 1663 5671 erant
1718 5618 1976 5686 legerunt.

410 5714 429 5768 ι
458 5714 605 5765 ltinta
637 5712 890 5775 denique,
925 5727 1043 5782 qua:
1064 5712 1534 5781 Constantinopoli
1561 5727 1682 5765 cum
1710 5710 1981 5767 adtuliticnc

2082 4530 2165 4583 nis
2203 4528 2543 4591 Crabhianae,
2575 4534 2627 4580 et
2653 4526 2704 4578 in
2735 4523 3004 4578 Basileen.
3049 4537 3187 4577 sess.
3217 4520 3288 4575 ‘25
3329 4529 3384 4575 et
3427 4518 3517 4574 58.
3555 4517 3647 4572 Di-

2080 4620 2221 4674 rexit
2254 4618 2588 4673 Francorum
2620 4617 2730 4684 regi
2771 4616 3117 4671 Childebcrto
3158 4613 3410 4682 Pelagius
3440 4626 3573 4682 papa
3597 4626 3647 4666 c.

2081 4707 2464 4777 Satageudum,
2506 4707 2671 4777 616
2689 4707 2783 4770 25,
2805 4722 2859 4776 q.
2878 4704 2918 4769 l,
2934 4705 3181 4774 Philippo
3212 4704 3394 4758 itidem
3413 4701 3651 4755 Franco-

2080 4817 2200 4855 rum
2214 4816 2429 4869 quoque
2446 4799 2575 4868 Regi
2591 4801 2639 4868 (e
2653 4798 2868 4863 Bzovio,
2884 4807 2935 4852 et
2952 4796 3159 4867 Rubeo)
3177 4795 3483 4848 Bonifacius
3502 4802 3654 4847 octa-

2080 4908 2179 4947 vus
2204 4908 2347 4957 eam,
2392 4907 2555 4961 quam
2611 4900 2739 4944 tunc
2787 4888 2902 4958 ipse
2950 4888 3293 4954 recitaverat,
3328 4887 3456 4941 dum
3488 4886 3651 4939 iniret

2082 4984 2476 5054 pontificatum,
2527 4991 2814 5050 exstatque
2868 4994 2970 5034 ms.
3022 4980 3077 5032 in
3140 4979 3339 5034 Codice
3390 4976 3652 5031 Vaticano

2079 5076 2239 5132 4905.
2277 5075 2461 5129 Refert
2487 5083 2541 5128 et
2575 5074 2714 5125 hanc
2742 5069 3137 5140 professionem
3165 5068 3458 5123 cardinalis
3485 5067 3653 5120 Baro-

2082 5169 2208 5222 nius
2260 5180 2409 5221 tomo
2461 5165 2507 5219 Χ
2538 5165 2829 5219 Annalium
2878 5161 3369 5217 ceclesiasticorum
3411 5158 3478 5213 ad
3518 5173 3647 5211 ann.

2080 5258 2205 5325 869,
2250 5276 2280 5312 e
2316 5257 2516 5312 Codice
2563 5256 2776 5308 calamo
2816 5261 3043 5307 exorato
3073 5251 3297 5305 Antonii
3338 5249 3648 5319 Augustini,

2080 5351 2173 5419 qui
2189 5366 2304 5404 ram
2331 5349 2696 5417 exscripserat
2720 5362 2750 5401 e
2766 5346 2963 5400 diurno
2994 5344 3185 5400 codice
3200 5341 3464 5397 Vaticano
3488 5339 3648 5395 5302.

2082 5443 2214 5497 Eam
2239 5442 2362 5496 inde
2390 5439 2592 5503 laudat,
2613 5449 2668 5492 et
2688 5455 2718 5493 e
2742 5438 3032 5492 Panormia
3073 5435 3252 5490 lvonis
3278 5432 3650 5498 Carnotensis,

2082 5532 2668 5592 cardinalisCusanus,
2699 5546 2793 5584 seu
2826 5530 2891 5583 de
2930 5529 3094 5588 Cosa,
3124 5527 3216 5579 lib.
3244 5541 3279 5580 ιι
3317 5524 3390 5577 De
3435 5538 3650 5576 concor~

2085 5626 2265 5677 dantia
2288 5622 2568 5682 catholica,
2594 5634 2644 5686 p.
2681 5620 2801 5673 745.
2837 5619 2909 5673 De
2933 5620 3020 5672 illa
3047 5618 3290 5684 Crespel.
3326 5613 3459 5669 inV.
3495 5613 3655 5681 Papi:

2085 5717 2356 5786 professio.
2418 5711 2819 5766 Professionem
2854 5696 2975 5766 fidei
3011 5708 3281 5763 Adrianus
3326 5708 3487 5763 etiam
3517 5719 3650 5774 papa
