4066 6146
460 289 598 356 1343

1388 292 1536 353 JOS.
1582 295 1846 381 ΜᾼΗΙᾸΞ
1890 295 2251 357 SUARESII
2288 298 2787 359 DISSERTATIO

3588 292 3723 358 13H

453 404 817 467 exhibuerat;
857 401 1081 457 abbates
1111 414 1325 471 quoque
1359 412 1522 472 atque
1560 404 1685 458 laici
1723 404 2030 460 Professio—
2059 410 2106 467 Α
2134 408 2331 477 opinor
2379 407 2638 477 scriptam
2669 404 2964 475 Epistolam
2997 401 3096 456 251
3152 401 3246 454 lih.
3287 417 3300 454 ι
3337 400 3532 456 lsidori
3562 404 3725 457 Pelu-

455 512 555 551 ues
574 495 880 558 ediderunt,
905 501 960 547 et
991 494 1412 548 transmiserunt
1446 510 1619 565 papae,
1648 504 1708 551 ut
1735 496 2029 567 Gregorius

455 589 744 643 Panzanus
772 586 1060 655 episc0pus
1099 584 1334 641 Mileten.
1382 588 1437 641 in
1493 604 1594 643 lllS.
1645 587 2033 644 Dissertatione

455 677 525 732 de
554 675 861 731 obedientia
888 675 1131 745 pontiﬁci
1152 675 1388 730 Maximo
1410 677 1654 731 exhiberi
1683 678 1844 732 solita
1876 694 1906 731 a
1942 693 2024 732 re-

457 770 615 841 gibus
644 786 658 823 :
694 779 941 824 recenset
959 770 1031 823 ita
1073 769 1300 825 Flaccus
1330 770 1579 836 Albinus,
1621 771 1735 826 sive
1769 773 2035 828 Alcuinus

455 877 598 925 eam,
630 875 792 932 quam
841 863 1208 931 promulgavit
1262 863 1324 916 ll.
1357 863 1416 917 Ρ.
1450 861 1776 919 Franciscus
1818 865 2035 919 Chillle-

458 951 605 1016 tius,
646 950 878 1006 Divione
922 951 1061 1005 1656
1103 953 1155 1006 in
1192 953 1247 1007 4.
1285 954 1359 1007 lla
1414 952 1700 1008 Heraclius
1742 955 2037 1025 imperator

455 1045 602 1099 circa
634 1045 1131 1111 Monotbclismum,
1153 1063 1246 1102 seu
1281 1049 1615 1103 voluntatem
1638 1049 1853 1104 unicam
1880 1050 2040 1104 Chri-

458 1136 526 1191 sti
546 1136 700 1206 ;jure
714 1136 994 1190 damnavit
1011 1137 1154 1191 illam
1174 1136 1411 1193 Joannes
1430 1155 1563 1209 papa
1591 1141 1644 1193 in
1661 1141 1891 1211 synodo,
1912 1150 1965 1195 et
1983 1142 2036 1196 in

457 1227 708 1296 epistola,
741 1243 905 1297 quam
932 1229 1150 1299 scripsit
1180 1231 1246 1283 ad
1276 1230 1693 1285 Constantinum
1714 1234 1780 1287 A.
1813 1248 1841 1286 e
1865 1231 2042 1287 Theo-

459 1318 657 1389 phane,
702 1327 756 1373 et
792 1318 1063 1374 Cedreno.
1097 1319 1160 1374 Et
1206 1320 1500 1389 imperator
1537 1338 1707 1378 ausus
1759 1339 1901 1378 areae
1945 1322 2039 1380 Dei

463 1422 685 1461 manum
716 1410 1028 1473 admovere,
1065 1413 1241 1465 instar
1268 1411 1433 1475 Oziae,
1465 1424 1518 1467 et
1556 1412 1838 1468 thuribulo
1878 1429 2043 1484 super

465 1497 634 1551 altare
663 1498 1053 1567 thymiamatis,
1092 1499 1236 1553 velut
1278 1499 1462 1565 Ozias,
1502 1501 1700 1556 misere
1734 1502 2038 1568 cruciatus,

463 1598 517 1643 et
541 1604 832 1659 percussus
864 1591 1086 1655 interiit,
1117 1594 1259 1648 sicut
1294 1593 1422 1647 Saul
1445 1594 1641 1647 offerre
1667 1594 2039 1651 holocaustum

461 1684 518 1732 et
565 1678 789 1747 paciﬁca
821 1679 970 1750 (R-g.
1001 1680 1093 1735 lib.
1127 1680 1147 1733 Ι
1176 1696 1225 1737 c.
1261 1697 1380 1744 ιιιιι,
1419 1691 1472 1736 et
1500 1682 1596 1736 lib.
1631 1681 1693 1746 ll,
1728 1698 1847 1752 cap.
1879 1701 1961 1750 vt;
1989 1693 2042 1739 et

2136 498 2292 552 sieta:
2321 497 2394 551 De
2438 496 2586 551 Veste
2612 495 2877 559 Ludibrii,
2915 493 3004 546 ubi
3044 494 3342 546 Diacouum
3372 508 3499 546 eum
3547 494 3725 547 nomi-

2134 600 2259 654 nat;
2286 597 2341 643 et
2386 588 2612 643 forsitan
2657 588 2722 641 ad
2766 586 2887 655 ejus
2921 595 3166 655 patrem,
3212 594 3298 637 est
3348 584 3522 653 ipsius
3550 586 3721 639 sancti

2134 678 2375 748 Gregorii
2415 678 2743 733 Nazianzeni
2776 676 2936 746 epist.
2981 676 3104 730 l55.
3162 675 3258 729 Est
3278 682 3332 728 et
3374 676 3516 729 inter
3552 675 3723 745 Opera

2136 771 2459 826 Nazianzeni
2489 772 2555 825 de
2600 771 2704 824 fide
2735 769 2951 823 Nicazua
2994 775 3286 828 tractatus,
3319 782 3412 820 seu
3441 766 3724 822 Confessio

2137 863 2257 917 ﬁdei
2292 864 2345 916 in
2377 862 2620 917 oratione
2653 862 2752 925 50,
2787 859 3003 914 Rulﬁuo
3033 858 3364 928 Presbytero
3414 855 3611 911 Latino
3641 858 3724 910 iu-

2140 964 2403 1025 terprete,
2445 968 2495 1023 p.
2542 952 2699 1007 1006.
2744 951 2811 1005 Et
2851 960 2979 1006 sunt
3027 949 3152 1003 duae
3181 947 3490 1006 orationes.
3537 962 3726 1017 nempe

2137 1047 2200 1102 51
2232 1056 2285 1100 et
2324 1046 2427 1107 52,
2465 1045 2530 1099 ad
2569 1043 2895 1098 Cledonium
2928 1042 3313 1113 presbyterum
3351 1040 3420 1093 de
3443 1039 3724 1107 Capitibus

2139 1138 2259 1193 ﬁdei
2282 1179 2297 1203 ,
2345 1151 2467 1205 quae
2504 1133 2742 1190 conferri
2785 1141 3014 1203 possunt
3050 1147 3175 1186 cum
3206 1131 3310 1186 isto
3336 1140 3599 1196 tractatu,
3631 1145 3723 1183 seu

2139 1228 2367 1297 epistola
2402 1226 2651 1296 Evagrii;
2696 1226 2837 1279 sicut
2879 1235 2933 1279 et
2968 1225 3145 1278 oratio
3177 1223 3248 1278 49
3283 1224 3352 1278 de
3391 1224 3530 1285 lide,
3569 1221 3725 1290 cujus

2141 1320 2408 1390 interpres
2441 1318 2544 1373 fuit
2574 1318 2713 1372 idem
2746 1315 3019 1380 Bullinus,
3053 1316 3259 1385 p.997.
3284 1313 3519 1367 Amabat
3547 1323 3722 1366 autem

2142 1427 2270 1468 suos
2307 1413 2573 1466 diaconos
2601 1417 2825 1464 sanctus
2872 1408 3169 1477 Gregorius
3206 1404 3585 1459 Nazianzenus
3614 1444 3628 1465 ,
3673 1413 3725 1456 et

2142 1504 2539 1567 condiaconos,
2574 1507 2633 1555 ut
2666 1500 2900 1570 appellat
2927 1509 2979 1554 et
3010 1496 3313 1566 Eugenium
3338 1539 3351 1561 ,
3386 1509 3549 1566 atque
3575 1510 3723 1549 com-

2143 1597 2368 1650 mendat
2400 1594 2712 1649 Euthalium
2749 1591 2914 1661 epist.
2953 1590 3057 1645 l58
3082 1598 3139 1645 et
3182 1590 3304 1645 159.
3356 1588 3605 1659 Synodos
3633 1602 3727 1641 au-

2147 1697 2251 1743 tem
2276 1684 2745 1753 ConstantinOpoli
2773 1686 2911 1739 duas
2937 1693 3067 1738 tunc
3085 1682 3298 1736 habitas
3343 1680 3513 1735 fuiSse
3542 1680 3607 1733 ad
3632 1695 3726 1733 an-

464 1765 798 1838 Paralipom.
851 1749 946 1824 lib.
977 1770 1043 1835 ll,
1083 1787 1202 1841 cap.
1248 1789 1411 1839 xxvr;
1452 1772 1509 1827 S.
1544 1749 1909 1843 Augustinus,
1942 1749 2037 1832 lib.
2069 1749 2117 1809 Β
2147 1796 2275 1834 num
2306 1795 2336 1834 a
2365 1778 2429 1833 C.
2462 1777 2525 1831 N.
2560 1749 2658 1831 58l
2694 1775 2963 1845 sagaciter
2990 1772 3180 1828 Binius
3215 1773 3267 1825 in
3303 1770 3461 1825 Netis
3494 1772 3561 1825 ad
3585 1770 3726 1825 Cou-

465 1872 576 1912 xvu
605 1857 682 1912 De
711 1861 922 1914 civitate
955 1860 1070 1925 Dei,
1102 1877 1222 1931 cap.
1257 1864 1310 1928 4,
1334 1871 1387 1916 et
1415 1863 1484 1917 ibi
1506 1862 2045 1936 Coqureus),pr;esu-

466 1961 644 2013 mens,
672 1957 720 2002 et
753 1951 1029 2019 prophetae
1057 1966 1279 2015 munus,
1325 1962 1490 2022 atque
1532 1956 1833 2012 sacerdotis
1885 1973 2045 2011 usur-

469 2052 626 2107 pans,
673 2040 919 2108 abjectus
950 2040 1051 2095 fuit
1074 2058 1103 2095 a
1141 2042 1272 2097 Deo.
1324 2044 1391 2097 At
1423 2046 1595 2099 multo
1629 2046 1843 2103 felicius
1876 2065 2046 2118 expo-

467 2130 578 2184 suit
610 2145 768 2185 suam
809 2131 991 2186 Fidem
1019 2134 1344 2189 catholicam
1374 2134 1737 2204 Justinianus,
1776 2149 1834 2195 ut
1879 2157 2042 2212 Supe-

466 2221 586 2276 rius
613 2223 920 2278 observavi.
954 2222 1240 2280 Mittebant
1271 2227 1550 2295 pontiﬁces
1581 2229 1721 2285 Max.
1750 2231 1900 2286 Fidei
1932 2233 2045 2287 for-

472 2310 679 2365 mulam
724 2313 788 2367 ad
815 2315 952 2369 alios
974 2315 1282 2386 episcopos,
1318 2328 1372 2372 et
1415 2319 1483 2373 ad
1532 2321 1643 2375 AA.
1678 2330 1736 2376 ut
1791 2323 1889 2391 ipsi
1924 2340 2044 2380 eam

465 2403 944 2473 amplecterentur,
974 2416 1028 2462 et
1054 2420 1449 2478 sequerentur;
1486 2420 1542 2470 at
1578 2416 1815 2483 episcopi
1849 2417 1962 2481 alii,
1994 2427 2046 2471 et

462 2493 579 2550 AA.
619 2497 685 2551 ad
715 2499 995 2566 pontiﬁces
1034 2500 1322 2571 Maximos,
1357 2518 1415 2558 ut
1444 2506 1517 2559 illi
1559 2522 1679 2561 eam
1719 2510 2043 2579 comproba-

463 2595 611 2653 rent,
652 2588 698 2642 si
728 2605 861 2645 sana
920 2600 1104 2658 esset;
1150 2595 1234 2647 vel
1277 2598 1614 2666 corrigercnt
1662 2601 1706 2653 si
1767 2616 2041 2669 perversa,

462 2676 586 2733 fuse
615 2676 900 2736 Ferrarius
950 2682 1003 2735 in
1051 2682 1145 2736 lib.
1186 2683 1260 2737 De
1309 2686 1489 2756 Auliq.
1524 2688 1794 2753 epistolar.
1836 2689 2042 2746 Eccles.

462 2784 660 2839 gener.,
680 2774 980 2840 praesertim
1008 2773 1099 2828 lib.
1130 2791 1191 2840 ll,
1218 2790 1267 2829 c.
1299 2775 1351 2830 6.
1393 2776 1585 2832 Verum
1617 2790 1677 2836 ut
1708 2792 1948 2836 revertar
1975 2784 2044 2839 ad

462 2860 826 2932 dogmaticam
860 2864 1021 2919 istam
1067 2867 1377 2936 epistolam,
1421 2870 1503 2923 vel
1532 2886 1873 2935 sermonem,
1930 2875 2047 2929 sive

463 2961 776 3021 tractatum,
811 2956 1071 3028 ἐπιστολὴ
1103 2974 1339 3029 namque
1387 2962 1607 3029 dicitur,
1640 2971 1803 3033 atque
1846 2963 2002 3033 λόγος
2028 3006 2043 3030 ,

462 3043 784 3099 crediderim
818 3047 968 3102 illius
1016 3059 1294 3105 auctorem
1323 3050 1636 3124 Evagrium,
1678 3055 1770 3124 qui
1820 3059 1885 3109 ad
1924 3057 2046 3111 dia-
2072 3079 2118 3140 ρ

463 3143 718 3189 conatum
748 3146 1041 3205 provectus
1063 3139 1166 3195 fuit
1189 3158 1220 3195 a
1245 3153 1433 3199 sancto
1458 3143 1721 3214 Gregorio
1749 3144 2047 3201 Nazianze-

469 3240 564 3292 no,
598 3235 653 3282 ut
682 3229 1006 3296 praedicaret
1051 3232 1220 3301 (quod
1266 3242 1385 3287 erat
1425 3250 1623 3290 munus
1670 3237 2044 3301 diaconoruui,

464 3315 628 3385 idque
673 3317 727 3370 in
779 3320 1128 3375 ordinatione
1179 3322 1420 3389 ipsorum
1476 3326 1634 3379 hodie
1684 3341 1902 3395 quoque
1941 3328 2048 3382 illis

464 3407 872 3477 committitur);
903 3424 1080 3478 neque
1112 3427 1240 3465 vero
1274 3412 1467 3467 licebat
1503 3414 1588 3469 bis
1616 3417 1909 3484 praedicare
1944 3420 2049 3473 nisi

464 3497 649 3558 ﬁdem,
684 3486 852 3566 quam
891 3499 1302 3566 proﬁtebantur,
1332 3513 1595 3569 tenerent,
1630 3516 1687 3561 ut
1724 3523 1843 3561 eam
1876 3525 2047 3580 popu-

465 3586 533 3641 lis
560 3589 969 3650 aununtiarent,
998 3593 1127 3658 quin
1153 3590 1477 3663 Episcopum
1504 3596 1883 3654 custodiebant
1908 3617 2045 3655 con~

466 3679 778 3732 cionantem
810 3720 823 3743 ,
868 3696 937 3736 ne
977 3683 1105 3751 quid
1160 3684 1261 3753 ipsi
1313 3687 1585 3743 excideret
1620 3690 1727 3744 nisi
1783 3692 2046 3746 orthodo-

466 3784 596 3822 xum
643 3777 697 3823 et
745 3769 895 3825 Fidei
951 3775 1150 3844 regulis
1198 3791 1539 3848 consonum;
1607 3783 1749 3836 unde
1795 3782 2047 3841 Clemens

467 3860 523 3913 in
547 3859 974 3921 Constitutionib.
1011 3868 1247 3936 Aposlal.
1299 3864 1477 3938 lib.'tt,
1516 3888 1565 3927 c.
1601 3873 1691 3937 61,
1719 3874 2044 3947 Episcopum

468 3948 828 4007 Gubernatori
858 3955 1091 4022 confert,
1120 3958 1385 4015 Diaconos
1416 3963 1617 4018 nautis.
1654 3964 1712 4019 S.
1758 3965 2047 4038 Dionysius

467 4042 729 4098 diaconos
798 4057 1129 4116 purgantes,
1188 4051 1473 4121 episcopos
1538 4057 1881 4124 perlicientes
1937 4074 2046 4112 vo-

469 4142 600 4200 rat,
654 4146 917 4206 erantque
981 4142 1235 4195 custodes
1297 4142 1496 4199 Levita:
1555 4146 1931 4211 tabernaculi,
1987 4159 2048 4203 ut

467 4223 617 4281 Elias
661 4227 714 4281 in
751 4230 1052 4284 orationem
1111 4233 1132 4285 1
1198 4237 1369 4289 sancti
1423 4236 1670 4306 Gregorii
1715 4238 2043 4295 Nazianzeui

470 4325 621 4372 notat
666 4334 719 4388 p.
777 4321 917 4387 157;
971 4324 1130 4390 quasi
1183 4326 1325 4379 oeuli
1381 4330 1796 4397 episcoporum,
1851 4332 2042 4386 Isidor.

2144 1871 2267 1928 cilia
2291 1869 2658 1925 subodoratus
2680 1878 2780 1923 est.
2804 1866 3068 1931 Primam,
3095 1864 3146 1918 in
3170 1879 3276 1934 qua
3300 1862 3538 1918 Maximo
3563 1862 3725 1934 Cyni-

2144 1978 2211 2018 co
2242 1961 2455 2015 intruso
2474 1959 2705 2028 depulso
2728 1974 2758 2012 e
2784 1956 2910 2012 sede
2930 1954 3537 2023 Constantinopolitana
3554 1996 3569 2019 ,
3595 1951 3727 2007 Gre-

2145 2050 2333 2121 gorius
2353 2048 2762 2111 Nazianzenus,
2792 2045 2887 2116 qui
2920 2045 3336 2099 administrarat
3365 2043 3537 2109 illam,
3566 2058 3725 2112 quam

2146 2141 2373 2211 regebat
2414 2139 2739 2209 jamdudum
2789 2138 2858 2191 ab
2911 2151 3003 2189 an.
3051 2135 3157 2189 579
3200 2135 3309 2204 (uti
3345 2143 3576 2189 testatur
3616 2136 3731 2204 ipse

2147 2234 2445 2304 Gregorius
2485 2232 2540 2284 in
2589 2229 2793 2283 lambis
2829 2229 2894 2282 de
2938 2228 3060 2282 Vita
3098 2245 3228 2287 sua.
3281 2243 3333 2296 p.
3363 2226 3463 2297 l5)
3491 2227 3727 2280 delectus

2145 2323 2250 2378 fuit
2280 2342 2293 2378 :
2332 2324 2424 2377 illo
2456 2321 2727 2391 (inquam)
2762 2320 3023 2383 Maximo,
3057 2320 3148 2388 qui
3173 2320 3225 2372 in
3263 2319 3452 2372 habitu
3486 2318 3616 2371 idoli
3650 2318 3729 2371 iu-

2147 2416 2406 2480 cedebat,
2458 2415 2509 2468 id
2570 2424 2654 2467 est
2707 2413 3003 2482 palliatus,
3053 2419 3110 2464 ut
3160 2410 3373 2464 erudite
3423 2408 3729 2463 Holstenius

2147 2503 2405 2567 adnotat,
2438 2517 2491 2571 p.
2517 2501 2620 2556 259
2666 2502 2719 2555 in
2753 2498 2973 2555 Collect.
3009 2498 3249 2552 Romana
3288 2499 3445 2567 (qua:
3476 2498 3729 2551 beneﬁcio

2147 2589 2592 2659 splendidissimo
2616 2588 2959 2643 eminentiss.
2991 2587 3280 2641 cardiualis
3314 2585 3597 2639 Barberiui
3634 2586 3726 2638 bo-

2148 2696 2220 2735 no
2272 2676 2532 2735 Ecclesia:
2572 2681 2684 2734 nati
2736 2679 2965 2733 feliciter
2996 2679 3171 2733 lucent
3215 2677 3476 2748 aspexit)
3514 2694 3545 2731 e
3570 2675 3729 2731 Cale-

2149 2772 2292 2826 sliuo
2343 2786 2479 2839 papa
2508 2812 2523 2834 ,
2557 2783 2611 2824 et
2643 2769 2973 2825 Tertullian.
3019 2779 3073 2824 et
3118 2770 3235 2823 Act.
3286 2768 3387 2824 SS.
3434 2767 3638 2837 Perpet.
3676 2774 3730 2821 et

2147 2861 2364 2916 Felicit.
2390 2862 2588 2932 quibus
2613 2862 2809 2915 addam
2842 2875 3090 2916 sanetum
3130 2861 3498 2929 Augustinum
3524 2899 3540 2924 ,
3570 2869 3722 2915 tract.

2149 2955 2217 3021 7,
2259 2971 2379 3025 cap.
2422 2971 2436 3008 ι
2485 2955 2539 3007 in
2579 2953 2859 3023 Evangelii
2895 2951 3125 3007 Joannis
3153 2952 3511 3023 Expositione
3548 2969 3597 3021 p.
3627 2953 3725 3017 2i,

2151 3050 2245 3104 ubi
2292 3049 2510 3103 novisse
2552 3060 2612 3101 se
2657 3046 2849 3101 scribit
2897 3045 3085 3114 aliquo
3152 3054 3398 3113 tempore
3436 3045 3579 3099 illius
3615 3046 3726 3115 pal-

2152 3142 2263 3195 liati
2295 3141 2406 3210 (sic
2435 3139 2580 3193 enim
2619 3137 2905 3209 legendum
2936 3145 3019 3191 est
3047 3151 3147 3206 pro
3182 3137 3382 3205 pileato
3410 3136 3728 3207 utrobique)

2150 3229 2483 3284 sacerdotem
2522 3227 2697 3282 solere
2737 3226 2918 3279 dicere
2951 3244 2965 3281 :
3014 3226 3078 3280 Et
3126 3227 3241 3295 ipse
3278 3227 3529 3295 palliatus
3567 3227 3730 3280 Chri-

2148 3321 2358 3374 stianus
2404 3330 2522 3386 est;
2574 3320 2626 3373 id
2666 3328 2751 3373 est
2796 3318 3049 3388 Serapis,
3101 3319 3262 3388 cujus
3309 3318 3515 3375 idolum
3561 3318 3727 3387 pallio

2149 3412 2548 3466 amiciebatur:
2586 3421 2640 3465 et
2670 3411 2773 3465 hoc
2802 3423 2922 3475 est,
2958 3411 3104 3479 quod
3145 3414 3195 3465 in
3243 3411 3469 3481 epistola
3508 3409 3727 3465 Adriani

2148 3503 2211 3555 A.
2270 3502 2412 3572 apud
2455 3500 2751 3573 Vopiscum
2801 3502 3156 3568 enuntiatur,
3204 3502 3425 3572 Serapis
3465 3501 3732 3557 Christia—

2149 3606 2276 3645 IIIIS.

2217 3681 2344 3736 Fuit
2385 3682 2626 3754 synodus
2672 3682 2945 3748 secunda,
2994 3682 3049 3736 in
3093 3697 3201 3751 qua
3258 3697 3381 3737 sese
3437 3681 3728 3736 abdicante

2149 3781 2338 3829 saneto
2356 3772 2619 3844 Gregorio
2638 3772 3007 3839 Nazianzeno,
3026 3784 3081 3831 et
3108 3774 3379 3846 episcopis
3399 3773 3728 3842 junioribus,

2148 3863 2245 3933 qui
2289 3872 2676 3933 pertraxerunt
2716 3866 2782 3919 ad
2827 3881 2885 3920 se
2915 3866 3053 3921 alios
3086 3867 3365 3926 seniores,
3411 3864 3731 3933 subrogatus

2147 3954 2195 4008 ei
2229 3954 2329 4008 fuit
2357 3954 2664 4021 Nectarius,
2689 3957 2756 4011 ad
2778 3973 2940 4026 quem
2969 3967 3022 4012 et
3051 3958 3166 4027 ipse
3193 3966 3416 4011 sanctus
3438 3955 3731 4025 Gregorius

2149 4046 2335 4116 dirigit
2366 4047 2672 4103 orationem
2712 4048 2800 4112 46,
2836 4050 2889 4102 in
2922 4065 3026 4118 qua
3058 4050 3303 4118 deplorat
3337 4050 3591 4104 Ecclesiae
3624 4061 3733 4103 διι-

2151 4149 2263 4195 tum
2294 4141 2587 4209 ipsumque
2617 4140 2889 4205 hertatur,
2925 4149 2985 4194 ut
3023 4144 3258 4195 haereses
3310 4149 3649 4210 compescat,
3679 4149 3732 4195 et

2150 4234 2451 4289 hzrreticos.
2515 4231 2593 4286 Eo
2639 4246 2770 4287 sane
2816 4233 3047 4286 consilio
3106 4247 3240 4287 usus
3287 4231 3570 4299 Nectarius
3609 4246 3726 4285 cum

2149 4323 2419 4393 episcopis
2461 4321 2562 4375 150
2602 4322 2621 4392 (
2657 4330 2737 4374 tot
2775 4321 2923 4375 enim
2971 4304 3373 4385 convenerant,
3411 4333 3459 4376 et
3487 4320 3729 4375 diversa-

469 4407 761 4472 l’elusiola.
815 4413 972 4479 epist.
1015 4413 1104 4477 29,
1152 4413 1243 4469 lib.
1301 4432 1337 4469 ι.
1384 4415 1499 4470 Νυιι
1554 4419 1753 4473 mirum
1812 4422 1975 4491 igitur
2000 4425 2044 4478 si
2081 4413 2122 4467 ι)
2153 4415 2350 4468 bantur
2376 4412 2885 4481 Constantinopoli)
2916 4411 3187 4465 Eucherio
3226 4420 3275 4465 el
3308 4409 3536 4481 Syagrio
3564 4425 3726 4470 coss,

467 4498 713 4569 ejusdem
766 4499 1197 4571 Evpositionem,
1243 4520 1336 4559 seu
1399 4503 1800 4569 Professionem
1853 4521 2044 4581 protu-

468 4590 594 4645 lerit
646 4588 911 4662 Fvagrius
947 4591 1236 4657 Diaconos,
1278 4611 1402 4649 eum
1446 4602 1743 4667 praesertim
1795 4616 1861 4656 eo
1912 4612 2047 4657 tem-

467 4694 599 4748 pore
642 4681 884 4751 synodus
920 4682 1213 4737 haberetur
1258 4684 2047 4758 Constantinopoli,,consu“-

464 4770 628 4840 317
690 4771 973 4842 verintque
1014 4772 1231 4827 diaconi
1284 4777 1542 4832 assistere
1573 4821 1588 4845 ,
1636 4795 1700 4833 ac
1734 4782 2047 4838 ministrare

466 4863 584 4917 suis
623 4862 893 4932 episcopis
937 4882 951 4919 :
998 4865 1071 4920 ita
1123 4879 1346 4924 sanctus
1395 4870 1729 4928 Athanasius
1779 4874 2046 4932 diaconus

466 4954 849 5009 Alexandrina
895 4955 1153 5012 Ecclesiae
1201 4961 1514 5018 Alexandro
1554 4966 1811 5034 episcopo
1858 4968 2048 5021 aderat

467 5045 611 5113 apud
640 5044 912 5101 Niemnam
937 5049 1231 5119 synodum;
1268 5061 1404 5108 teste
1422 5052 1626 5109 Severo
1644 5055 1877 5122 Sulpitio
1896 5057 1988 5111 lib.
2009 5074 2044 5111 ιι

468 5134 626 5192 Sacr.
641 5138 921 5195 ΗὶειονΕι
936 5142 1058 5199 hinc
1073 5144 1430 5215 ἀνιστορησία
1448 5146 1651 5200 infandi
1676 5148 2047 5203 bzeresiarche

466 5225 907 5297 deprehenditur,
934 5244 986 5289 et
1010 5235 1327 5291 confutatur
1350 5280 1364 5302 ,
1405 5240 1496 5307 qui
1526 5248 1773 5293 sanctum
1810 5241 2049 5293 Athana-

468 5319 610 5373 sium
647 5319 881 5377 Nicaena:
923 5322 1145 5395 Synodo
1191 5325 1477 5395 pnefuisse
1524 5328 1782 5382 somniat.
1830 5327 2048 5397 Legitur

469 5419 620 5465 tome
665 5411 687 5464 ι
729 5412 967 5482 Operum
1013 5417 1185 5471 sancti
1222 5417 1466 5489 Gregorii
1493 5416 1819 5472 Nazianzeni
1861 5417 2046 5474 Oratio

474 5501 561 5560 i5,
616 5504 681 5554 ad
739 5503 1025 5573 Evagrium
1074 5509 1441 5573 monachum,
1490 5509 1651 5563 istum
1693 5508 1860 5575 forte,
1917 5510 2044 5564 dum

474 5585 649 5638 adhuc
680 5590 992 5645 diaconalui
1032 5609 1138 5647 non
1173 5594 1362 5665 [uisset
1392 5597 1667 5662 initiatus,
1704 5598 2044 5665 interrogau-

480 5686 584 5729 tcm
630 5677 702 5730 De
750 5681 1068 5748 Dirinilate,
1128 5702 1179 5751 p.
1231 5688 1353 5739 988.
1400 5688 1474 5742 Ad
1527 5689 1701 5756 ipsum
1754 5689 2041 5758 Evagrium

2154 4506 2270 4561 sive
2319 4517 2463 4556 anno
2504 4518 2535 4555 a
2567 4501 2637 4557 C.
2676 4500 2742 4555 N.
2778 4501 2902 4565 581,
2956 4518 2985 4555 a
3031 4517 3217 4555 mense
3249 4501 3390 4555 Maio
3429 4500 3495 4554 ad
3550 4500 3581 4552 7
3613 4500 3728 4553 ldus

2151 4596 2325 4650 Julias
2353 4594 2619 4665 synodum
2651 4593 2841 4647 habuit
2868 4593 3262 4647 meumenicam
3283 4632 3298 4656 ,
3336 4591 3517 4661 quoad
3544 4590 3729 4645 Orien—

2153 4701 2259 4743 tem
2291 4688 2577 4759 (Chronic.
2611 4684 2867 4741 Historic.
2896 4685 3031 4739 Cod.
3057 4682 3447 4755 Theodosian.)
3478 4692 3533 4736 et
3558 4681 3726 4735 Mace-

2153 4780 2421 4835 doniauos
2474 4779 2824 4849 potissimum
2886 4777 3198 4842 damnans,
3260 4773 3499 4843 Spiritus
3558 4770 3725 4827 sancti

2154 4872 2491 4927 divinitatem
2536 4869 2876 4932 inﬁcientes,
2931 4869 3139 4923 sarcire
3170 4875 3402 4922 conatus
3441 4876 3528 4919 est
3570 4862 3726 4917 dissi-

2154 4963 2241 5017 dia
2282 4962 2566 5025 Ecclesiae,
2607 4959 2775 5030 618
2809 4972 3110 5027 pacemque
3139 4956 3458 5010 conciliare.
3507 4952 3564 5007 In
3603 4950 3723 5004 llol-

2155 5053 2335 5107 steiuii
2369 5051 2588 5122 quidem
2637 5052 3037 5118 Diagrammate
3073 5046 3483 5100 chronotactico
3516 5042 3725 5113 pontilio

2156 5141 2565 5197 catus'Damasi
2594 5179 2608 5203 ,
2639 5138 2786 5209 quod
2853 5137 2995 5190 inter
3022 5135 3143 5205 ejus
3182 5134 3416 5190 schedas
3458 5142 3720 5202 repertum

2156 5228 2417 5283 inscrtum
2455 5228 2557 5282 fuit
2591 5226 2849 5281 Romanae
2880 5222 3201 5301 Collectioni
3223 5263 3239 5286 ,
3279 5236 3333 5289 p.
3363 5221 3458 5274 501
3487 5259 3501 5283 ,
3534 5220 3599 5273 ad
3635 5232 3723 5269 an-

2156 5336 2285 5378 num
2314 5321 2439 5382 458,
2473 5321 2706 5373 locatum
2729 5316 3023 5371 concilium
3048 5312 3447 5370 (ncumeuicutn
3471 5310 3721 5365 Constan-

2157 5414 2575 5484 tiuopolitanum
2607 5411 2848 5465 habitum
2882 5423 3069 5464 mense
3093 5407 3235 5460 Maio
3255 5446 3272 5469 ,
3315 5403 3534 5459 Maximi
3566 5413 3721 5456 teme

2155 5509 2286 5560 ritas
2346 5507 2655 5557 damnatur.
2717 5500 3013 5569 Gregorius
3081 5496 3454 5566 episcopatum
3511 5490 3720 5561 deponit

2156 5607 2370 5667 propter
2395 5595 2718 5650 discordiam
2747 5592 3126 5660 episcoporum
3147 5628 3162 5650 ,
3196 5587 3441 5640 Mcletius
3462 5586 3718 5641 Constan—

2155 5689 2378 5757 tinopoli
2426 5687 2685 5751 mori'ur,
2736 5684 2992 5738 sullcclus
3032 5680 3322 5735 Flavianus
3358 5678 3714 5747 episcopatum
