4066 6146
423 298 560 365 1345

1595 301 1690 360 DE
1745 266 2125 359 ornamus
2264 299 2449 359 NILI.

3533 302 3670 374 1346

416 412 535 483 ejus
558 411 1014 480 suseipitvivente
1031 408 1276 476 Paulino,
1295 410 1542 481 Gregorii
1565 412 1687 467 loco
1701 410 1989 468 Nectarius
2017 415 2060 471 Α
2093 409 2170 462 thi
2198 423 2384 465 eremo
2419 408 2620 478 passim
2655 419 2834 479 agitur
2863 412 2917 466 in
2973 410 3102 467 Vitis
3134 411 3359 469 Patrum
3382 458 3396 483 ,
3428 418 3523 473 ubi
3550 422 3673 488 pin-

414 501 665 571 eligitur;
711 516 833 570 qua:
850 500 1031 555 omnia
1051 515 1440 569 congeruntur,
1459 503 1536 557 uti
1563 503 1725 557 simul
1748 501 1920 564 facta,
1941 509 1996 556 et

414 599 595 645 tamen
610 590 840 644 multum
861 588 1117 658 temporis
1132 590 1461 658 intercessit,
1480 592 1611 647 dum
1628 599 1852 647 sanctus
1869 590 1996 646 Gre-

411 680 598 749 gorius
614 681 697 736 eIa
707 695 828 735 vum
850 678 1102 735 Ecclesia
1124 681 1332 744 tenuit,
1356 681 1696 751 tentavitque
1715 681 1992 737 Orientem

410 771 692 828 Oecidenti
718 787 909 827 rursus
929 771 1160 842 jungere
1180 812 1196 837 ,
1228 786 1294 828 ac
1323 772 1546 827 eollisas
1575 774 1825 843 regiones
1849 772 1993 827 ans

411 860 802 916 schismatibus
852 875 915 916 ac
956 861 1254 917 haeresibus
1270 861 1336 916 ad
1359 876 1539 916 arcem
1560 859 1856 932 Religionis
1878 860 1991 915 Ro-

409 967 626 1007 manam
643 950 964 1013 Ecclesiam,
977 953 1331 1022 polarcmque
1350 953 1562 1007 stellam
1579 953 1869 1018 reducere;
1892 966 1989 1006 ne-

408 1041 705 1110 quidquam
739 1050 920 1095 tamen
950 1058 964 1094 :
1006 1048 1064 1095 et
1086 1042 1211 1097 ideo
1234 1042 1569 1112 distinguere
1588 1041 1727 1096 duas
1751 1040 1989 1112 synodos

407 1145 505 1198 par
532 1139 643 1185 est:
681 1130 934 1200 quamvis
960 1130 1012 1183 in
1031 1131 1176 1185 notis
1195 1146 1249 1200 p.
1274 1130 1380 1186 260
1402 1172 1416 1196 ,
1449 1131 1516 1186 ad
1535 1131 1749 1185 Damasi
1773 1129 1990 1200 Episto-

406 1218 516 1273 lam
538 1219 810 1284 observet,
833 1219 974 1273 istud
1005 1220 1293 1274 concilium
1325 1218 1798 1289 Constantinopoli
1821 1218 1987 1274 colle-

406 1321 552 1366 ctum
591 1310 660 1364 ad
699 1309 1139 1365 substituendum
1172 1310 1643 1379 Constantinopoli
1670 1310 1985 1379 episcopum

406 1401 628 1456 Maximi
650 1402 789 1465 vice,
810 1401 901 1472 qui
922 1400 1100 1457 fuerat
1125 1402 1404 1467 exclusus,
1437 1401 1605 1457 fuisse
1629 1402 1976 1472 particulare.

406 1495 562 1562 Quod
585 1502 768 1550 autem
788 1496 1029 1566 appingit
1054 1495 1357 1551 Eeelesiam
1380 1496 1681 1550 Romanam
1704 1511 1985 1566 nunquam

406 1588 458 1641 id
495 1588 751 1643 habuisse
770 1602 866 1657 pro
891 1589 1159 1660 generali,
1182 1588 1250 1643 de
1278 1590 1454 1659 primo
1481 1588 1860 1651 concederem,
1887 1588 1983 1643 sed

407 1694 513 1732 non
543 1679 610 1733 dc
638 1679 908 1745 secundo;
944 1679 1089 1748 quod
1119 1694 1216 1748 pro
1238 1678 1475 1749 generali
1498 1678 1770 1732 nominari
1804 1678 1985 1733 videa-

2092 500 2423 570 guescebant
2459 500 2705 568 speciosa
2743 502 2965 567 deserti,
2992 512 3044 558 ct
3077 503 3403 561 laetabantur
3429 508 3668 574 deserta,

2090 601 2146 647 et
2174 591 2319 645 invia
2351 629 2367 655 ,
2403 599 2458 647 et
2479 592 2790 648 exsultabat
2816 593 3091 657 solitudo,
3143 595 3299 664 juxta
3345 600 3667 656 vaticinium

2091 682 2244 738 Isaiae
2279 696 2330 739 c.
2360 698 2507 737 xxxv
2528 725 2542 750 ,
2568 699 2619 737 v.
2652 684 2677 736 I
2697 724 2715 751 ,
2746 699 2864 739 eam
2897 684 3263 744 incolentibus
3285 689 3524 759 undique
3552 707 3672 748 mo-

2090 773 2388 828 naeborum
2428 773 2773 830 examinibus
2797 813 2812 838 ,
2861 784 2919 830 et
2953 777 3411 833 anaehoretarum
3447 783 3666 839 turmis.

2089 863 2376 936 Scytbiaca
2413 864 2582 936 regio,
2609 876 2798 934 postea
2829 865 3029 932 Sectis,
3069 869 3157 923 vel
3185 868 3352 926 Scitis
3377 873 3667 941 appellata,

2088 954 2163 1010 ibi
2213 969 2375 1011 mons
2416 964 2502 1011 est
2541 956 2713 1011 Sectis
2737 995 2753 1021 ,
2804 957 2898 1012 ubi
2936 959 3352 1030 philosophatus
3389 972 3472 1017 est
3502 967 3669 1019 Arse-

2088 1045 2215 1101 nius
2258 1046 2316 1101 S.
2345 1045 2408 1101 Β.
2447 1046 2504 1100 E.
2542 1047 2696 1101 card.
2716 1046 2783 1119 (ἲ)
2802 1047 2869 1103 de
2899 1064 3009 1119 quo
3038 1050 3105 1105 19
3129 1049 3257 1106 Julii
3295 1053 3348 1106 in
3380 1052 3664 1125 Martyrol.

2086 1136 2463 1207 suprascripto
2482 1176 2498 1202 ,
2529 1146 2584 1191 et
2603 1152 2766 1207 quem
2794 1139 2994 1194 accola:
3032 1138 3503 1209 Nitriannocant,
3539 1146 3668 1215 quia

2084 1229 2239 1285 vicus
2273 1231 2495 1300 quidam
2538 1231 2587 1286 ei
2616 1231 2827 1287 vicinus
2864 1241 2948 1288 est
2968 1272 2985 1301 ,
3040 1233 3095 1288 in
3127 1250 3240 1305 quo
3270 1234 3483 1292 Nitrum
3513 1239 3670 1293 colli-

2083 1321 2230 1391 gitur
2268 1341 2281 1376 :
2323 1322 2522 1378 ibidem
2569 1326 2900 1380 monasteria
2943 1326 3197 1397 contigua
3245 1342 3355 1382 non
3404 1330 3664 1398 pauciora

2084 1428 2251 1482 quam
2287 1413 2376 1480 50,
2411 1428 2646 1484 quorum
2673 1416 2923 1470 monachi
2963 1417 3162 1483 simul,
3199 1419 3281 1473 vel
3308 1419 3539 1474 seorsim
3573 1421 3670 1475 ha-

2085 1505 2299 1571 bitant,
2331 1514 2385 1560 et
2417 1504 2706 1576 Nicephor.
2740 1507 2949 1561 Callisti
2993 1522 3045 1563 c.
3090 1509 3160 1564 58
3185 1547 3201 1572 ,
3246 1509 3341 1564 lib.
3372 1525 3410 1564 ιι
3455 1512 3666 1567 Hister.

2086 1594 2291 1649 Eccles.
2318 1598 2477 1650 Anno
2511 1596 2702 1652 salutis
2735 1598 2963 1666 publicm
2994 1599 3474 1668 septingentesimo
3504 1600 3667 1670 quino-

2085 1687 2401 1756 quagesimo
2439 1703 2506 1743 ex
2535 1702 2802 1757 responso
2832 1688 3109 1744 Zachariae
3148 1691 3420 1758 pontiﬁcis
3444 1688 3668 1745 Maximi

406 1769 581 1838 tur_ihi
604 1810 619 1835 ,
648 1780 702 1825 et
727 1771 779 1826 in
803 1770 1146 1840 professione
1166 1770 1291 1825 ﬁdei
1314 1769 1613 1825 Romanor.
1641 1769 1980 1840 pontificum.
2014 1761 2056 1816 Β
2083 1775 2425 1833 Childericus
2446 1821 2460 1845 ,
2501 1786 2597 1833 aut
2642 1777 2952 1834 Hildericus
2984 1794 3077 1834 rex
3122 1777 3457 1834 Francorum
3491 1795 3522 1833 c
3554 1778 3667 1834 Me-

402 1866 473 1919 At
489 1881 708 1919 manum
727 1865 794 1920 de
809 1865 988 1919 tabula
1013 1881 1026 1916 :
1050 1865 1185 1919 satis
1205 1864 1506 1934 hucusque.
1520 1862 1739 1918 Interim
1756 1864 1983 1932 Evagrio

403 1955 811 2013 Professionem
842 1957 1001 2012 istam
1035 1956 1218 2021 tribui,
1243 1971 1273 2009 a
1305 1971 1415 2026 quo
1436 1966 1659 2011 sanctus
1684 1953 1837 2010 Nilus
1863 1968 1984 2009 eam

403 2048 641 2117 excepit,
697 2063 964 2116 suamque
994 2046 1191 2103 fecisse
1222 2046 1436 2101 videtur
1456 2083 1472 2110 ,
1501 2048 1632 2100 dum
1663 2046 1984 2115 comproba-

402 2138 499 2201 vit,
528 2148 582 2192 et
610 2140 892 2195 monachis
923 2141 1041 2194 suis
1064 2139 1461 2194 observandam
1481 2139 1652 2204 misit,
1680 2147 1741 2193 ut
1767 2138 1983 2207 opinor,

404 2230 637 2300 ideoque
674 2230 794 2286 Nilo
832 2232 1162 2287 vindicatur.
1193 2233 1236 2285 A
1261 2241 1453 2288 saneto
1475 2232 1737 2302 Gregorio
1759 2230 1987 2285 Nazian-

406 2335 540 2375 zeno
570 2322 764 2376 hausta
804 2320 1019 2389 fuerat,
1052 2331 1107 2375 et
1135 2322 1416 2387 derivata,
1446 2337 1512 2376 ex
1543 2323 1832 2391 colloquiis
1860 2336 1985 2377 cum
2018 2338 2029 2351 ν

404 2425 470 2465 eo
494 2411 697 2467 habitis
716 2455 730 2478 ,
766 2414 841 2466 uti
871 2414 1065 2482 legitur
1094 2413 1149 2467 in
1184 2411 1511 2469 Praefatione
1543 2414 1610 2468 ad
1640 2413 1944 2468 monachos
1966 2453 1981 2478 ,

404 2505 497 2573 qui
545 2512 702 2559 erant
743 2505 797 2558 in
839 2506 1170 2572 solitudine,
1207 2521 1370 2575 quam
1423 2506 1655 2575 patriam
1705 2505 1981 2561 nominat:

404 2606 532 2646 nam
563 2607 782 2647 cremus
807 2600 893 2647 est
914 2592 1089 2661 patria
1106 2607 1254 2657 vera,
1276 2596 1567 2663 solumque
1587 2593 1768 2648 natale
1798 2608 1988 2648 mona—

403 2688 656 2752 chorum,
683 2687 774 2742 ubi
810 2687 1012 2741 mortui
1044 2685 1268 2753 mundo,
1291 2684 1622 2756 Christoque
1644 2686 1756 2741 nati
1788 2701 1986 2742 nomen

403 2779 706 2846 dederunt,
751 2786 806 2834 et
841 2780 1051 2833 vivunt.
1099 2780 1165 2834 Ili
1200 2794 1330 2835 vero
1370 2779 1621 2834 monachi
1659 2779 1987 2834 revocabant

408 2871 583 2939 ipsum
611 2880 889 2924 auctorem
914 2910 928 2935 ,
959 2870 1054 2940 qui
1084 2884 1309 2925 causam
1343 2885 1510 2925 morte
1542 2871 1826 2940 praetendit
1851 2869 1987 2926 Gre-

407 2963 544 3032 gorii
586 2962 915 3016 Nazianzeni
964 2963 1418 3017 consuetudinem
1447 3000 1463 3026 ,
1511 2978 1575 3017 ac
1628 2962 1939 3017 Doctrinam
1966 3003 1981 3027 ,

408 3063 700 3123 monetque
727 3055 871 3118 illos,
903 3062 961 3108 ut
987 3061 1218 3109 caveant
1243 3069 1271 3108 a
1302 3054 1616 3119 Philistseis,
1645 3053 1986 3109 Maccdonia-
2011 3083 2054 3141 ο

405 3143 488 3196 nis
519 3158 732 3212 nempe,
766 3143 857 3212 qui
891 3141 1115 3213 Spiritui
1144 3152 1334 3198 saneto
1364 3143 1749 3212 abjudieabant
1787 3143 1984 3198 divini-

410 3244 613 3302 tatem;
667 3234 918 3290 Hazretici
973 3237 1171 3307 quippe
1215 3236 1514 3291 monachos
1571 3236 1886 3305 simplices,
1932 3244 1986 3290 et

404 3327 721 3395 plerumque
756 3327 951 3382 idiotas
986 3326 1209 3382 inlicere
1258 3328 1375 3382 suis
1400 3327 1681 3382 erroribus
1701 3329 1983 3382 conaban-

407 3425 514 3471 tur.
545 3417 701 3483 Ilinc,
731 3419 861 3471 licet
894 3419 985 3471 diu
1014 3431 1174 3487 post,
1207 3420 1454 3489 queritur
1481 3429 1711 3475 sanctus
1738 3420 1981 3489 Fulgen-

408 3511 515 3564 tius
547 3518 718 3563 terras
745 3508 1035 3564 Thebaida;
1059 3511 1298 3580 regionis
1326 3512 1380 3564 in
1413 3511 1650 3582 tEgypto
1671 3526 1703 3565 a
1732 3526 1980 3566 commu-

407 3602 571 3656 nione
602 3601 743 3655 beati
771 3599 916 3654 Petri
942 3600 1014 3655 ob
1040 3601 1301 3670 perfidam
1327 3600 1728 3657 dissensionem
1759 3618 1980 3673 separa-

407 3702 525 3756 tas,
576 3692 655 3746 uti
696 3691 898 3746 certior
945 3688 1120 3745 factus
1167 3688 1344 3745 fuerat
1390 3693 1458 3746 ab
1486 3690 1696 3746 Eulalia
1723 3693 1980 3762 episcopo

409 3785 776 3855 Syracusano,
800 3798 923 3838 cum
951 3781 1187 3851 migrare
1236 3795 1300 3836 ac
1324 3796 1548 3852 pergere
1571 3783 1981 3852 concupisceret

406 3878 473 3930 ad
504 3888 798 3931 extremam
836 3873 982 3927 illius
1014 3887 1258 3927 eremum
1293 3889 1307 3926 :
1369 3871 1600 3927 afﬁrmat
1625 3873 1728 3928 hoc
1751 3872 1981 3928 Cartha-

407 3967 651 4035 ginensis
685 3964 940 4020 Ecclesia:
964 3964 1231 4018 diaconus
1259 3961 1577 4018 Ferrandus
1616 3964 1667 4017 in
1705 3962 1828 4017 l'ita
1852 3979 1980 4018 san-

392 4060 477 4131 _cti
516 4057 788 4128 Fulgentii
812 4096 826 4120 ,
860 4071 908 4111 c.
952 4054 1051 4118 12,
1092 4070 1148 4124 p.
1183 4054 1319 4119 2‘22,
1353 4054 1421 4108 ad
1450 4069 1601 4108 num.
1646 4053 1679 4108 6
1713 4054 1841 4107 anni
1873 4053 1979 4107 456

407 4150 628 4205 Cardin.
668 4149 865 4202 Baron.
911 4163 965 4218 p.
998 4146 1140 4211 650,
1171 4160 1265 4201 eas
1306 4145 1518 4201 scilicet
1561 4146 1615 4199 in
1659 4144 1980 4200 solitudines

406 4241 675 4311 deportati
703 4239 1080 4295 haeresiarchas
1116 4237 1477 4308 deeipiebanb
1505 4236 1896 4298 anachoretas,
1926 4242 1981 4288 et

410 4331 706 4385 illudehant
731 4329 1012 4385 monachis
1043 4329 1259 4384 vicinis.
1312 4326 1598 4381 Nestorius
1645 4324 1935 4385 damnatus
1960 4363 1976 4387 ,

2083 1868 2252 1920 rowei
2302 1869 2472 1938 stirpe
2503 1870 2729 1924 ultimus
2757 1870 3038 1939 depositus
3060 1878 3165 1933 est,
3194 1884 3470 1941 regnoque
3490 1868 3669 1924 Fran-

2084 1972 2274 2011 corum
2307 1959 2459 2013 abire
2496 1960 2717 2029 jussus,
2770 1969 2825 2014 et
2872 1968 3125 2015 attonsus
3174 1961 3478 2015 monastieo
3517 1975 3668 2015 more

2087 2059 2340 2105 retrusus
2385 2049 2488 2104 fuit
2534 2051 2590 2105 in
2629 2054 3020 2107 monasterium
3063 2052 3236 2107 sancti
3280 2050 3522 2119 Bertini,
3553 2050 3668 2106 sive

2086 2144 2261 2197 sancti
2291 2142 2589 2197 Audomari
2617 2159 2632 2207 ;
2671 2150 2726 2194 et
2761 2158 2855 2211 per
2884 2143 3097 2198 diversa
3131 2140 3358 2197 latibula
3393 2149 3670 2198 monaste-

2088 2236 2298 2289 riorum
2331 2235 2635 2289 diversatus
2659 2274 2674 2297 ,
2713 2234 2927 2288 tandem
2970 2235 3104 2289 obiit
3139 2235 3191 2288 in
3231 2234 3529 2298 Sithicnsi,
3571 2249 3662 2289 an.

2088 2325 2210 2379 754.
2262 2324 2348 2379 Jo.
2397 2323 2514 2378 Jac.
2564 2322 2794 2378 Chifllet.
2838 2324 2891 2377 in
2933 2323 3183 2378 Anastas.
3224 2322 3556 2388 Childerici,
3607 2322 3664 2376 in

2088 2417 2260 2472 Sitbia
2302 2432 2439 2484 ,seu
2488 2415 2683 2480 Sithii;
2729 2416 2834 2469 hoc
2880 2415 3066 2469 datum
3115 2414 3294 2469 fuerat
3344 2429 3541 2469 nomen
3585 2413 3664 2468 illi

2085 2510 2369 2573 coenobio,
2427 2509 2479 2562 in
2524 2523 2634 2578 quo
2658 2506 3021 2561 versabantur
3057 2507 3311 2561 monachi
3357 2505 3664 2576 persimilrs

2088 2601 2309 2658 Sithieis
2338 2599 2608 2671 Egyptiis
2636 2598 2815 2668 quoad
2859 2598 3194 2653 institutum.
3228 2598 3383 2668 Apud
3408 2595 3661 2653 Godefri~

2086 2692 2214 2746 dum
2246 2689 2650 2746 chsehenium
2695 2688 2984 2744 Societatis
3011 2687 3164 2743 Jcsu;
3219 2688 3655 2759 Deportahantur

2085 2783 2358 2853 quondam
2396 2779 2581 2836 Oasim
2613 2776 2961 2834 eonfessores
2986 2776 3280 2832 Christiani
3312 2777 3417 2831 sub
3442 2774 3666 2832 Juliano

2086 2876 2254 2945 impio
2280 2881 2549 2945 apostata,
2576 2887 2729 2927 num.
2766 2870 2889 2933 563,
2917 2885 2970 2940 p.
3004 2869 3093 2924 49..
3127 2868 3318 2923 Baron.
3357 2867 3434 2923 lbi
3464 2868 3664 2923 Calen-

2086 2971 2216 3024 dion
2246 2968 2545 3024 catholicus
2573 2966 2862 3035 episcopus
2895 2963 3220 3016 Antiochen.
3250 2961 3427 3015 fuerat
3462 2963 3665 3031 relega-

2089 3070 2198 3124 tus,
2231 3059 2533 3128 majcstatis
2565 3064 2855 3111 accusatus
2887 3069 3028 3108 anno
3058 3053 3163 3107 489.
3187 3053 3493 3124 ,Baron.p.
3522 3053 3660 3119 355;

2086 3161 2142 3207 at
2175 3151 2367 3205 deinde
2401 3149 2593 3219 impii,
2630 3158 2683 3202 et
2710 3145 2944 3202 lueretici
2966 3185 2980 3207 ,
3017 3143 3294 3201 Severiani
3320 3186 3334 3211 ,
3363 3144 3659 3214 Aeephali,

2082 3252 2133 3296 rt
2173 3241 2264 3295 alii
2304 3242 2416 3310 jam
2464 3237 2812 3294 enumerati:
2862 3237 2942 3292 sic
2975 3235 3371 3291 monachorum
3404 3234 3557 3290 cellae
3597 3235 3657 3291 in

2082 3333 2373 3401 speluncas
2428 3337 2481 3385 et
2511 3329 2707 3399 spelaea
2735 3328 3006 3382 latronum
3041 3340 3213 3381 versae
3241 3332 3389 3381 sunt.
3422 3325 3663 3396 Agamus

2081 3422 2224 3492 quod
2254 3422 2457 3485 instat,
2493 3420 2537 3474 si
2570 3433 2834 3473 monucro
2866 3416 3156 3487 Evagrium
3191 3415 3484 3470 diaconum
3511 3416 3662 3471 ordi-

2083 3523 2268 3564 natum
2298 3523 2327 3562 a
2356 3516 2550 3564 sancto
2578 3506 2842 3577 Gregorio
2869 3504 3146 3575 Theologo
3179 3503 3535 3571 Nazianzeno,
3564 3521 3663 3560 eu-

2077 3602 2169 3672 jus
2198 3608 2315 3655 erat
2343 3599 2668 3668 discipulus,
2700 3610 2826 3669 post
2857 3598 2977 3668 ejus
3002 3597 3301 3653 discessum
3332 3612 3361 3650 a
3389 3595 3662 3652 Constan-
3696 3630 3697 3633 η

2081 3692 2439 3762 tinopolitana
2479 3689 2649 3753 urbe,
2702 3688 2952 3741 relictum
3002 3686 3136 3740 inibi
3178 3685 3543 3750 remansisse,
3601 3695 3660 3741 ut.

2078 3783 2329 3840 Nectario
2358 3780 2666 3838 successori
2710 3779 2764 3832 in
2792 3779 2919 3834 sede
2948 3778 3098 3833 illius
3128 3777 3386 3832 Ecclesiae
3418 3776 3486 3831 ad
3524 3776 3657 3848 dog-

2079 3891 2225 3935 mata
2257 3877 2609 3949 disquirenda
2638 3883 2781 3930 esset
2827 3872 3182 3941 adjumento;
3223 3871 3304 3925 sie
3341 3872 3409 3925 ad
3452 3885 3658 3926 annum

2078 3970 2215 4036 581,
2247 3967 2542 4025 eardinalis
2583 3963 2851 4018 Baronius
2878 3961 3163 4023 observat,
3203 3974 3259 4028 p.
3283 3958 3389 4013 448
3418 3959 3656 4021 Αιιηαι.;

2079 4077 2179 4117 nec
2202 4060 2346 4115 enim
2382 4059 2515 4114 satis
2547 4057 2765 4111 illorum
2790 4053 2992 4123 peritus
3020 4060 3138 4105 erat
3166 4048 3470 4106 Nectarius.
3505 4049 3659 4105 Desi-

2079 4151 2157 4205 nit
2180 4152 2282 4204 iste
2311 4156 2574 4203 tractatus
2604 4146 2658 4200 in
2689 4143 2867 4199 verbis
2892 4182 2908 4208 ,
2950 4142 3045 4194 καὶ
3095 4142 3128 4211 ἡ
3163 4139 3428 4210 παροιμία
3481 4141 3651 4211 φησί,

2077 4253 2128 4297 et
2161 4240 2500 4295 Proverbium
2533 4245 2779 4292 testatur.

2153 4352 2405 4409 Succedit
2465 4348 2567 4403 Nili
2631 4349 2712 4403 ὅτι
2762 4346 3104 4416 διαφέρουσιν
3172 4343 3281 4396 τῶν
3328 4345 3385 4396 ὲν
3435 4338 3655 4394 πόλεσιιὸ

407 4430 460 4474 et
489 4421 542 4473 in
583 4420 832 4474 exsilium
868 4419 1070 4473 missus
1106 4418 1158 4471 in
1188 4416 1316 4472 Oasi
1363 4415 1609 4469 habitare
1639 4414 1978 4483 dignoscitur

2082 4444 2412 4515 οἰκουμένων
2463 4442 2512 4494 oi
2556 4443 2615 4494 ὲν
2658 4439 2883 4509 ἐρήμοις
2923 4414 3302 4506 ἡσυχάζοντες,
3358 4432 3513 4497 Quod
3555 4447 3651 4487 ex-

410 4512 617 4582 (inquit
647 4509 932 4565 Libeuatus
955 4509 1008 4562 in
1040 4507 1316 4562 Breviario
1339 4504 1785 4560 Nestoriauorum
1809 4520 1861 4573 p.
1887 4504 1974 4570 55,

409 4611 539 4655 tom.
595 4598 637 4651 ll
670 4598 894 4653 Conciti.
947 4604 1002 4651 et
1051 4596 1305 4650 Socrates
1346 4593 1489 4663 apud
1548 4591 1975 4655 Cassiodorum,

408 4694 535 4745 l.xu
579 4690 724 4745 Hist.
761 4688 993 4758 Tripart.
1030 4703 1081 4742 e.
1114 4686 1204 4757 5),
1238 4686 1380 4740 sicut
1408 4683 1739 4741 daemonium
1778 4681 1847 4736 ab
1875 4696 1977 4735 an-

413 4784 530 4846 gelo
561 4779 830 4850 Raphaelc
867 4778 1151 4846 religatum
1176 4774 1352 4829 fuerat
1389 4773 1441 4827 in
1469 4772 1685 4826 deserto
1708 4768 1975 4838 superiori

410 4874 661 4942 Aigypti,
704 4869 884 4924 Tobiae
917 4884 1036 4938 cap.
1084 4868 1137 4930 8,
1171 4882 1220 4917 v.
1245 4865 1299 4919 4.
1332 4862 1626 4917 Monaebos
1656 4861 1884 4931 Scythas
1921 4859 1973 4911 in

407 4964 573 5036 619
627 4960 1042 5030 Septcmtrione,
1073 4957 1162 5011 ubi
1200 4955 1496 5010 etiamnum
1542 4950 1847 5007 Nestoriani
1881 4950 1976 5003 de-

411 5063 579 5121 gunt,
624 5052 719 5105 sed
765 5049 1133 5119 Eutychianos
1171 5043 1464 5100 cardinalis
1514 5041 1655 5095 idem
1705 5037 1991 5092 Baronius

413 5149 678 5197 memorat
703 5140 1058 5193 tumultuatos
1084 5136 1245 5190 etiam
1274 5133 1536 5187 adversus
1562 5139 1844 5199 paternum
1874 5141 1974 5179 an-

411 5235 632 5288 tistitem
646 5230 1011 5293 Tomitanum,
1031 5236 1085 5280 et
1103 5227 1288 5279 turbas
1302 5223 1464 5277 etiam
1486 5221 1751 5274 excitasse
1767 5216 1972 5279 Romze,

411 5327 476 5379 ad
504 5339 706 5378 annum
746 5321 879 5386 5l9,
911 5336 966 5389 p.
1011 5319 1080 5372 58
1113 5325 1168 5371 ct
1197 5315 1287 5369 46.
1319 5311 1609 5378 Idcmfuse
1633 5308 1745 5378 agit
1780 5308 1842 5362 de
1871 5306 1975 5360 0a-

412 5419 563 5471 sibus
589 5424 698 5468 tam
730 5411 966 5480 majore,
993 5423 1156 5478 quam
1187 5406 1399 5460 minore
1429 5443 1445 5467 ,
1481 5403 1535 5455 in
1564 5398 1716 5454 Notis
1744 5398 1811 5452 ad
1841 5396 1977 5450 Mar-

415 5488 738 5575 tyrologium
774 5500 1078 5552 Romanum
1110 5495 1197 5549 die
1222 5493 1287 5546 12
1312 5490 1481 5545 Junii.
1515 5487 1736 5555 Insuper
1768 5494 1823 5541 et
1849 5500 1976 5539 eru-

415 5596 717 5650 ditissimus
745 5591 1000 5644 Nicolaus
1030 5586 1299 5640 Antonius
1321 5622 1336 5645 ,
1384 5582 1479 5635 lib.
1506 5579 1580 5634 De
1603 5578 1788 5633 exsilio
1828 5591 1878 5638 I,
1922 5589 1971 5627 c.

418 5691 501 5753 Iri,
528 5708 579 5743 ιι.
606 5690 671 5743 Η
698 5697 749 5742 ct
779 5683 1130 5755 sequentibus
1150 5721 1164 5746 ,
1202 5679 1289 5733 ubi
1326 5686 1377 5731 ct
1410 5676 1475 5729 dc
1502 5674 1698 5745 Gypso.
1744 5670 1817 5726 Dc
1843 5671 1975 5738 Scy-

2079 4538 2296 4598 cellunt,
2327 4534 2415 4604 qui
2443 4534 2602 4586 vitam
2625 4539 2787 4600 agunt
2815 4527 3159 4599 tranquillam
3182 4525 3401 4580 desertis
3428 4524 3483 4578 in
3514 4523 3650 4577 soli-

2079 4628 2384 4691 hminibus,
2429 4641 2538 4693 pra:
2581 4625 2655 4676 his
2692 4624 2785 4692 qui
2828 4621 3068 4674 habitant
3114 4621 3167 4672 in
3214 4618 3458 4680 urbibus;
3486 4630 3647 4684 quem

2077 4721 2291 4775 titulum
2325 4719 2398 4771 ita
2447 4715 2696 4770 contraxi
2729 4732 2740 4767 :
2771 4714 2846 4768 De
2883 4710 3191 4782 prwstantia
3234 4709 3647 4772 monachorum,

2077 4829 2189 4877 seu,
2230 4812 2364 4879 quod
2390 4811 2455 4862 iis
2481 4849 2494 4871 ,
2526 4810 2614 4878 qui
2640 4808 2879 4860 habitant
2922 4807 2977 4857 in
3017 4804 3233 4856 urbibus
3256 4801 3650 4870 prtestantiores

2075 4906 2181 4958 sint
2216 4905 2572 4973 quiescentes,
2616 4910 2662 4953 et
2700 4898 2914 4952 silentes
2954 4897 3007 4949 in
3060 4896 3243 4948 eremis
3268 4934 3283 4959 ,
3329 4894 3428 4946 etsi
3468 4892 3649 4945 multis

2075 4995 2357 5062 inexpertis
2402 4992 2728 5046 contrarium
2780 4987 3043 5041 videatur.
3094 4985 3286 5054 Incipit
3320 4984 3421 5038 istc
3449 4990 3650 5035 tracta-

2077 5098 2201 5141 tus:
2236 5086 2441 5155 Τέχνης
2478 5084 2576 5153 μὲν
2610 5080 2826 5149 ἁπάσης
2852 5078 2918 5130 τὰ
2952 5077 3178 5147 τεχνητὰ
3200 5114 3214 5138 ,
3264 5075 3318 5129 id
3345 5082 3429 5129 est
3455 5115 3468 5138 ,
3504 5072 3650 5125 Artis

2074 5193 2281 5263 quidem
2323 5189 2485 5261 620
2524 5185 2771 5254 cujusque
2810 5182 3043 5250 artificia
3075 5197 3092 5234 :
3131 5177 3363 5242 desinit,
3399 5177 3648 5241 αἰώνιον,

2076 5295 2128 5350 id
2164 5303 2246 5349 est
2280 5304 2552 5347 azternum.
2591 5287 2747 5342 Certe
2780 5283 3119 5338 Theodosius
3168 5280 3395 5350 Magnus
3441 5279 3506 5332 A.
3549 5287 3649 5341 ut,

2075 5386 2387 5456 quicunque
2438 5380 2540 5437 sub
2584 5375 2922 5447 professione
2974 5371 3224 5426 monachi
3264 5369 3649 5439 reperiuntur,

2074 5478 2286 5531 deserta
2330 5474 2446 5528 loca
2468 5511 2483 5533 ,
2513 5479 2566 5524 et
2588 5477 2766 5523 vastas
2797 5465 3118 5529 solitudines
3144 5463 3297 5532 sequi
3317 5501 3331 5525 ,
3362 5472 3526 5528 atque
3555 5458 3651 5511 ha.

2076 5584 2249 5637 hilare
2295 5581 2418 5633 illos
2458 5578 2736 5647 jusscrat,
2790 5574 2903 5641 lege
2937 5569 3061 5622 (lata
3110 5569 3143 5622 '5
3186 5565 3325 5621 Non.
3372 5562 3647 5634 Septemb.

2078 5672 2303 5727 Veronae
2332 5666 2704 5723 Valentiniano
2737 5665 2800 5716 Λ.
2830 5660 2967 5715 lV'ct
2999 5657 3246 5712 Ncotcrio
3274 5671 3444 5714 coss.,
3477 5653 3527 5706 id
3565 5660 3646 5705 est
