4066 6146
437 260 574 328 13-17
1346 260 1474 321 JOS
1533 256 1795 321 MARIIE
1826 256 2010 320 SUAE

2113 254 2195 315 iII
2227 250 2728 315 DISSERTATIO
2994 304 2995 307 η
3340 301 3349 309 ,
3549 234 3688 298 1348

431 389 579 429 armo
603 373 666 429 C.
692 370 758 427 N.
790 371 915 435 590,
942 385 1009 426 ex
1035 368 1186 424 card.
1212 367 1471 432 Baronio,
1501 383 1557 423 n.
1583 367 1674 428 Π,
1704 365 1794 420 18.
1819 363 2010 419 Exstat
2036 373 2079 424 Α
2118 370 2339 424 verunt,
2370 361 2431 415 in
2455 360 2654 431 primis
2672 359 2848 420 decet,
2872 353 3030 424 juxta
3056 350 3260 408 Christi
3289 349 3502 406 Domini
3527 353 3693 407 verba

435 483 499 521 ea
535 469 586 519 in
613 465 746 520 Cod.
771 462 1039 518 Theodos.
1069 461 1172 515 sub
1192 460 1417 514 nomine
1441 461 1609 529 impp.
1636 456 2002 512 Valentiniani
2106 470 2155 509 c.
2188 470 2283 509 xxx
2304 452 2567 517 Maultaai,
2606 461 2663 506 et
2687 458 2886 504 secutae
2910 447 3207 502 consilium
3238 444 3473 512 apostoli
3503 443 3696 507 Pauli,

438 556 710 610 'I‘heodos.
746 562 800 606 et
825 551 1043 605 Arcadii
1088 550 1201 603 AA.
1252 549 1320 603 ad
1363 548 1651 603 Tatianum
1688 543 2002 615 praefectum
2104 562 2156 603 c.
2190 564 2266 602 vn
2301 549 2488 617 prima
2520 547 2590 601 ad
2621 543 2864 600 Corinth.
2901 556 3027 596 cum
3064 554 3233 596 sexus
3271 539 3347 593 sit
3372 537 3612 609 fragilis,
3644 548 3697 593 ct

433 643 688 715 praetorio
713 641 971 696 Orientis.
995 640 1102 695 Sed
1135 639 1272 694 idem
1302 636 1642 693 Theodosius
1667 650 1787 690 eam
1818 634 2007 703 viginti
2110 654 2179 694 ne
2227 639 2430 708 passim
2478 645 2742 706 vagantes
2784 634 2983 689 lmdant
3034 630 3353 700 opinionem
3403 627 3692 695 Ecclesia,

430 745 558 803 post
589 732 868 787 mensibus
887 732 1180 795 revocavit,
1211 739 1265 784 et
1282 729 1566 798 antiquata
1588 727 1788 795 priore,
1817 737 2011 779 mona-
2108 743 2235 783 can.
2264 729 2334 783 5'5
2360 726 2585 783 Consilii
2618 726 2761 781 tertii
2793 721 3250 791 Carthaginemis.
3308 718 3549 777 Sanctus
3577 722 3697 777 Ilie-

432 826 553 880 chis
584 825 786 878 liberos
822 824 878 877 in
904 823 1114 892 Oppida
1141 821 1365 891 largitur
1397 820 1707 889 ingressus,
1742 817 1857 885 lege
1884 815 2012 871 data
2112 835 2375 891 mymus
2401 819 2474 874 ita
2500 817 2857 874 Eustocth
2889 814 3118 870 edatur:
3147 831 3166 865 ι
3207 813 3436 883 Semper
3466 813 3696 869 tecubi-

434 918 504 972 15
537 916 656 970 Kal.
692 916 814 969 Maii
846 913 1340 982 Constantinopoli,
1374 911 1571 965 Arcad.
1599 909 1668 965 A.
1698 906 1767 962 XI
1788 916 1844 963 et
1875 905 2015 962 Buf-
2110 914 2219 968 culi
2253 913 2329 968 tui
2364 920 2574 968 secreta
2606 910 2923 967 custodiant
2943 946 2960 973 ,
2988 920 3203 975 semper
3234 903 3492 974 Sponsas
3510 915 3695 961 tecum

436 1010 545 1062 lino
572 1024 719 1063 coss.
755 1008 869 1061 sive
894 1021 1022 1059 ann.
1053 1005 1116 1057 C.
1141 1003 1207 1058 N.
1240 1002 1347 1058 592
1368 1018 1436 1057 .ex
1469 1000 1724 1061 Duronio,
1749 1013 1873 1053 eum
1904 1011 2010 1066 quo

2116 1005 2408 1059 claudatur
2438 1004 2804 1065 intrinsecus,
2831 1012 2939 1055 etc.
2975 998 3114 1055 Nolo
3147 1008 3198 1054 te
3235 997 3515 1065 Sponsum
3546 1011 3695 1066 qua-

432 1100 678 1169 iniquius
713 1098 1042 1170 digladiatur
1082 1094 1413 1150 Scholiastes
1445 1091 1580 1146 Cod.
1610 1088 1882 1144 Theodos.
1925 1087 2016 1141 ln-

436 1199 622 1258 crepat
676 1198 858 1243 autem
905 1194 960 1239 et
1015 1184 1347 1240 mouastrias
1396 1183 1478 1245 sl;
1538 1180 1692 1234 πόλιν
1746 1176 2019 1246 φοιτώσας

438 1282 610 1350 συχνά
648 1281 887 1335 Isidorus
916 1277 1241 1342 Pelusiotes,
1269 1276 1364 1330 lib.
1418 1289 1473 1339 I,
1508 1273 1668 1343 epist.
1700 1270 1825 1326 567.
1864 1267 2022 1324 Unde

437 1374 717 1428 Clauserat
767 1372 919 1425 initia
956 1370 1360 1440 deprehendere
1399 1366 1716 1422 facillimum
1746 1373 1874 1417 est:
1912 1361 2024 1415 imo

437 1477 615 1532 neque
649 1461 933 1517 eteuohitae
978 1468 1230 1528 poterant
1262 1457 1522 1527 evagari,
1564 1471 1615 1510 c.
1655 1452 1874 1524 quidam
1922 1451 2021 1511 16,

432 1571 495 1625 q.
558 1557 618 1617 l,
682 1571 713 1609 e
752 1570 877 1611 can.
928 1556 1000 1607 2')
1044 1552 1276 1607 Coneilii
1321 1549 1722 1605 Chalcedonen.
1785 1560 1906 1600 can.
1958 1542 2025 1596 16

433 1646 665 1702 Concilii
714 1646 978 1700 Turoucn.
1020 1645 1235 1699 secundi
1272 1660 1286 1708 ;
1331 1643 1384 1696 in
1430 1639 1663 1712 Synopsi
1715 1637 2021 1698 Basilicon,

2121 1112 2238 1150 rere
2270 1111 2368 1165 per
2399 1095 2609 1165 plateas
2630 1134 2645 1159 ,
2677 1093 2813 1148 foris
2840 1100 3110 1161 vagantur
3143 1090 3326 1145 stulta;
3366 1089 3603 1159 virgines
3623 1129 3637 1147 .
3670 1107 3689 1140 ι

2120 1188 2214 1241 lib.
2251 1203 2329 1250 ιι,
2378 1187 2540 1256 epist.
2590 1186 2686 1252 l7;
2746 1195 2801 1240 et
2845 1184 2989 1239 inter
3030 1197 3262 1237 munera
3306 1180 3491 1236 oﬂerri
3541 1181 3695 1235 solita
3733 1182 3746 1189 '

2121 1276 2364 1330 velandis
2389 1276 2688 1346 virginibus
2716 1275 2902 1329 sellam
2946 1279 3232 1334 numerat,
3266 1278 3327 1324 ut
3357 1270 3508 1341 virgo
3548 1268 3696 1324 foras

2120 1367 2285 1437 pedes
2322 1383 2430 1422 non
2465 1375 2710 1430 moveat,
2752 1366 2847 1420 lib.
2880 1380 2919 1430 I,
2953 1364 3112 1433 epist.
3142 1362 3209 1416 H
3252 1362 3318 1414 ad
3364 1359 3693 1415 Marcellam.

2126 1459 2497 1521 Erant,ctiam
2552 1458 2832 1512 nonnullae
2874 1456 3140 1520 reclusas,
3189 1461 3249 1508 nt
3294 1451 3601 1506 Alexandra
3642 1451 3694 1504 in

2125 1559 2480 1603 monumento
2500 1590 2515 1614 ,
2548 1548 2792 1603 Palladio
2825 1555 2992 1613 teste,
3016 1544 3210 1610 Maria,
3239 1542 3427 1608 Thais,
3462 1553 3518 1595 et
3546 1540 3697 1595 Pela-

2124 1641 2212 1710 gia
2252 1641 2305 1694 iu
2332 1640 2575 1695 Cellulis.
2612 1639 2873 1700 Phetius.
2918 1638 3009 1692 lib.
3048 1652 3064 1691 t
3110 1634 3408 1689 Nomocau.
3441 1648 3493 1688 e.
3520 1632 3579 1698 4,
3606 1632 3695 1686 ubi

434 1699 532 1792 lib.
567 1754 655 1803 tv,
786 1739 886 1801 I6,
930 1740 1013 1789 tit.
1054 1737 1073 1789 1
1100 1754 1116 1802 ;
1155 1699 1363 1790 Concil.
1395 1699 1680 1787 Mc'ldet'tsis
1706 1772 1722 1798 ,
1755 1746 1882 1785 can.
1917 1727 2021 1801 l9;
2059 1699 2098 1755 Β
2127 1699 2444 1791 ῖὶιιιδειιιιοη,
2475 1728 2559 1780 tit.
2581 1726 2671 1789 90,
2701 1741 2751 1780 c.
2786 1726 2806 1778 1
2845 1699 2901 1779 et
2926 1740 3051 1779 can.
3089 1724 3189 1778 ult.
3219 1723 3448 1778 Coucilii
3477 1721 3699 1792 Mogun-

439 1828 770 1898 Agathensis,
804 1843 926 1880 can.
954 1826 1024 1880 58
1048 1865 1063 1891 ,
1097 1835 1190 1879 aut
1221 1841 1251 1878 e
1288 1823 1622 1878 monasterio
1650 1822 1803 1877 exire
1823 1861 1838 1885 ,
1869 1826 2024 1873 extra

446 1920 591 1988 quod
638 1919 943 1972 monachus
986 1925 1071 1971 est
1114 1917 1256 1971 sicut
1295 1917 1464 1986 piscis
1499 1923 1654 1968 extra
1701 1928 1934 1982 aquam.
1970 1917 2023 1966 et

446 2012 558 2066 vita
582 2022 734 2065 caret
754 2051 770 2076 ,
798 2017 934 2063 teste
958 2009 1101 2078 Papa
1131 2006 1333 2075 Euge».
1363 2021 1487 2059 can.
1522 2002 1731 2057 Placuit
1758 2002 1845 2067 16,
1875 2018 1930 2072 q.
1961 2003 2009 2055 I.

446 2103 596 2157 Adde
627 2118 750 2156 can.
792 2100 826 2154 6
863 2099 1068 2156 Concil.
1104 2099 1381 2162 Toletani,
1420 2097 1655 2153 edictum
1694 2095 2015 2165 Luitprandi

438 2194 585 2264 regis
627 2192 1111 2262 Longobardorum
1135 2231 1151 2255 ,
1189 2191 1272 2245 tit.
1305 2190 1376 2243 22
1401 2199 1455 2243 et
1489 2189 1589 2254 75;
1638 2199 1801 2258 atque
1833 2187 2015 2243 Theo-

437 2284 568 2354 phili
605 2280 1190 2349 Constantinopolitani
1228 2280 1612 2348 imperatoris,
1656 2279 1709 2332 in
1745 2278 1836 2333 lib.
1883 2278 2009 2332 Jur.

438 2373 748 2439 0ricnlal.;
801 2373 1014 2426 canuit.
1068 2369 1105 2424 2
1154 2369 1231 2423 De
1255 2370 1629 2422 monachorum
1682 2371 2005 2438 expulsion.

438 2462 673 2517 Sanetus
727 2458 1085 2523 Benedictus,
1153 2471 1203 2510 c.
1265 2457 1299 2510 5
1345 2454 1558 2525 Regula:
1613 2456 1836 2511 damnat
1893 2472 2007 2511 ιιιον

439 2554 644 2609 nacbos
663 2551 999 2622 Gyrovagus,
1028 2565 1167 2619 quos
1187 2547 1381 2604 Petrus
1413 2547 1658 2602 Damiani
1684 2549 1874 2603 miscet
1890 2563 2014 2604 cum

439 2641 772 2708 Serabaitis;
819 2649 874 2696 et
916 2639 1179 2711 Synesins
1206 2640 1366 2709 epist.
1409 2640 1513 2701 67,
1547 2639 1628 2693 Ad
1672 2639 2017 2708 Theophilum

438 2741 717 2802 nuncupat
748 2731 1073 2785 Vticantivos
1098 2770 1112 2791 ,
1143 2728 1210 2783 de
1241 2730 1441 2799 quibus
1472 2729 1725 2797 superius
1761 2730 2011 2796 egimus:

437 2825 741 2895 quibusque
781 2830 1011 2892 possunt
1051 2808 1269 2890 adiungi
1315 2819 1678 2883 Gallodromi,
1718 2831 1772 2874 et
1803 2820 2013 2890 Spatio-

437 2912 614 2969 dromi
638 2953 653 2977 ,
693 2926 927 2980 quorum
962 2911 1165 2965 mentio
1205 2910 1260 2962 in
1290 2909 1429 2964 Vitis
1465 2907 1720 2975 Patrum,
1765 2909 2014 2964 Circum-

2128 1820 2291 1871 tinen.
2346 1817 2537 1875 Patres
2594 1833 2710 1873 aevo
2762 1817 3028 1886 Arnulphi
3086 1814 3437 1885 imperatoris
3495 1813 3694 1867 nullam

2126 1909 2449 1962 lilOllat'llam
2472 1950 2488 1975 ,
2540 1924 2637 1964 seu
2682 1908 2982 1963 Ascctriam
3030 1922 3061 1960 a
3093 1905 3425 1960 monasterio
3456 1901 3697 1958 abstrahi

2129 1997 2410 2065 patiuntur
2451 2038 2465 2063 ,
2527 1999 2641 2053 imo
2695 1998 2950 2053 claustris
3009 1996 3332 2067 regulariter
3397 1993 3697 2063 constringi

2122 2092 2407 2156 mandant,
2441 2102 2495 2146 et
2532 2092 2868 2161 permittitur
2904 2092 3184 2160 ingressus
3222 2102 3322 2158 pro
3359 2087 3543 2143 missis
3578 2094 3698 2140 tan-

2131 2193 2243 2237 tum
2299 2184 2430 2238 viris
2484 2185 2728 2254 probatae
2773 2184 2927 2249 vitae,
2972 2199 3038 2238 ac
3090 2182 3266 2237 aetatis
3316 2187 3583 2251 provectas
3628 2176 3699 2233 ad

2065 2291 2087 2313 ο
2127 2278 2491 2341 monasteria,
2531 2293 2653 2333 can.
2689 2278 2761 2334 58
2802 2276 3010 2332 Concil.
3062 2274 3335 2345 Epauncn.
3385 2271 3462 2327 Ita
3507 2278 3697 2327 sancta

2122 2364 2356 2421 Caesaria
2385 2383 2559 2437 usque
2587 2369 2653 2421 ad
2681 2369 2825 2421 diem
2852 2367 3116 2421 transitus
3147 2381 3256 2420 non
3287 2379 3506 2435 egressa
3553 2362 3695 2428 fuit,

2120 2474 2221 2513 nec
2254 2459 2375 2527 eius
2431 2474 2688 2523 sorores,
2739 2456 2873 2512 Vitae
2895 2458 3068 2511 sancti
3115 2457 3339 2511 Ctesarii
3391 2455 3695 2513 Arelatem.

2115 2552 2388 2619 scriptore
2437 2558 2717 2605 narrante.
2762 2549 3115 2604 Innocentius
3151 2546 3220 2601 ιν
3266 2547 3516 2603 Pontifex
3551 2547 3692 2603 Max.

2114 2643 2273 2711 epist.
2300 2641 2401 2696 159
2421 2685 2435 2707 ,
2469 2657 2614 2696 anno
2644 2641 2991 2711 potitilicatus
3017 2657 3065 2694 vt
3097 2684 3112 2708 ,
3145 2641 3369 2706 scribit,
3399 2643 3695 2697 sanctimo-

2115 2732 2286 2785 nialcs
2325 2733 2480 2800 quasi
2521 2733 2674 2786 vivas
2720 2733 2772 2785 in
2808 2731 3141 2786 monasterio
3175 2731 3456 2801 sepultas,
3490 2732 3693 2786 mundo

2114 2832 2359 2878 mortuas
2397 2824 2574 2877 vivere
2596 2824 2819 2879 Christo
2837 2866 2852 2889 ,
2898 2824 3115 2892 illisque
3140 2833 3453 2893 perpetuam
3477 2824 3692 2879 clausu-

2115 2926 2230 2964 ram
2261 2911 2455 2965 indixit
2477 2909 2793 2966 Bonifacius
2823 2903 2955 2977 V’Ill,
2987 2927 3109 2980 cap.
3134 2909 3465 2967 Periculose
3484 2910 3690 2966 ext.D¢

437 3006 715 3071 celliones,
750 3003 1136 3068 Circelliunes,
1168 3010 1224 3056 et
1253 3001 1565 3071 Agonastici
1613 3000 1754 3070 apud
1795 3000 2013 3055 Donati-
2042 3045 2083 3071 μ
2117 3011 2243 3054 stat.
2277 3002 2443 3069 regal.
2476 3001 2569 3055 lib.
2599 3016 2649 3054 νι
2669 3039 2685 3063 ,
2732 3000 2823 3055 ubi
2861 3001 2988 3056 licet
3021 3001 3263 3057 Joannes
3291 2992 3521 3058 Andreae
3546 3012 3691 3058 notet

438 3106 583 3159 stas,
626 3096 694 3150 de
742 3095 942 3164 quibus
996 3094 1054 3147 S.
1099 3093 1387 3161 Augustin.
1432 3093 1484 3145 in
1535 3092 1730 3161 psalm.
1773 3106 2011 3154 cxxxtv,

436 3202 494 3258 ιι.
526 3185 653 3242 556.
685 3183 771 3240 Uti
796 3184 863 3239 de
887 3185 1120 3256 Stylitis,
1150 3199 1243 3238 seu
1277 3183 1526 3247 Cionitis,
1553 3181 2014 3246 etColumnariis,

437 3279 613 3348 deque
639 3276 906 3340 Reclusis,
937 3290 967 3330 e
993 3274 1257 3343 Gregorio
1284 3273 1561 3328 Toronen.
1595 3272 1689 3326 lib.
1721 3288 1770 3325 vi
1806 3271 2013 3326 Hister.

440 3367 643 3424 Franc.
675 3383 724 3422 c.
753 3368 786 3421 6
808 3376 864 3421 et
888 3368 955 3427 8;
1001 3365 1173 3434 Deque
1201 3364 1372 3432 gloria
1399 3363 1782 3432 confessorem,
1811 3375 1858 3416 c.
1892 3363 2011 3428 103,

439 3456 533 3510 ubi
569 3470 675 3509 non
707 3452 883 3513 solum
917 3450 1247 3518 Hospitium,
1284 3450 1377 3502 sed
1407 3459 1462 3501 et
1484 3448 1808 3517 Eparchium
1837 3447 2013 3501 Julia-

439 3557 683 3611 numque
721 3549 1007 3603 recenset,
1055 3540 1131 3592 uti
1169 3538 1447 3593 Palladius
1475 3555 1526 3594 c.
1558 3539 1655 3592 Ml
1710 3540 2011 3602 Lausiacae,

441 3633 819 3698 Eustathium;
857 3641 914 3688 et
940 3631 1279 3701 Nicephorus
1310 3630 1550 3697 Callisti,
1594 3632 1688 3685 lib.
1721 3646 1834 3696 xiv,
1867 3646 1917 3686 c.
1944 3632 2007 3686 51

444 3728 593 3783 Eccl.
637 3727 842 3781 Ilistor.
879 3724 1213 3789 Simeonem,
1247 3731 1409 3792 atque
1439 3722 1753 3779 Danielum:
1792 3739 1858 3780 ac
1886 3724 2013 3797 Gly-

439 3835 535 3875 cas
564 3818 759 3873 Annal.
793 3829 925 3873 tom.
962 3817 1029 3872 IV
1058 3835 1073 3872 :
1111 3819 1204 3873 sed
1237 3828 1291 3872 et
1322 3827 1547 3873 sanctus
1571 3817 1865 3888 Gregorius
1893 3818 2009 3874 Ma—

439 3896 580 3983 gnus
610 3910 980 3966 Sel-undinum
1012 3910 1315 3976 inclusum;
1346 3926 1579 3981 quorum
1606 3911 1722 3966 vice
1748 3927 1893 3966 nunc
1916 3913 2011 3966 llo-

440 4012 562 4057 rent
584 4001 1030 4057 Camaldulenses
1061 4001 1166 4056 sub
1208 4001 1410 4072 Regula
1452 4003 1628 4058 sancti
1679 4003 1964 4058 Romualdi
1992 4042 2008 4068 ,

437 4104 494 4151 ct
530 4094 953 4150 Cartbusienses
995 4110 1065 4148 cx
1106 4094 1352 4150 Instituto
1392 4094 1566 4150 sancti
1602 4094 1908 4161 Brunonis,
1943 4096 2011 4151 de

437 4182 643 4251 quibus
674 4180 849 4237 Lucas
874 4182 927 4236 in
961 4182 1321 4238 Ilomualdina
1352 4184 1443 4238 lib.
1470 4200 1523 4249 v,
1559 4199 1609 4239 c.
1637 4183 1691 4246 6,
1727 4194 1779 4240 et
1816 4184 2011 4242 Petrus

436 4271 754 4328 Cluniacen.
794 4274 954 4343 epist.
991 4273 1090 4339 l2,
1119 4274 1211 4327 lib.
1252 4290 1328 4333 vi.
1380 4273 1436 4328 S.
1473 4276 1734 4331 Antoniu.
1790 4285 1932 4346 part.
1970 4291 2008 4330 ιι

2120 3094 2263 3148 istud
2311 3092 2607 3160 capitulum
2667 3093 2719 3146 in
2766 3108 2934 3162 regno
2971 3091 3213 3149 Francim
3261 3109 3368 3149 non
3414 3094 3580 3150 fuisse
3605 3110 3689 3150 re.

2118 3192 2358 3251 ceptum,
2394 3198 2547 3252 rcges
2590 3191 2772 3237 tamen
2807 3182 3146 3238 Francorum
3182 3183 3473 3255 episcopos
3505 3184 3689 3240 admo-

2116 3284 2280 3341 nent,
2339 3286 2398 3330 ut
2438 3277 2725 3346 diligenter
2767 3286 2995 3331 caveant
3039 3280 3352 3333 clausuram
3396 3280 3688 3335 sanctimo-

2117 3367 2340 3422 nialium
2379 3372 2618 3433 servari,
2658 3370 2858 3425 Codice
2896 3367 3259 3435 IIenririano,
3298 3371 3392 3425 lib.
3425 3386 3476 3436 ι,
3512 3372 3591 3427 tit.
3618 3372 3681 3426 11

2118 3458 2192 3512 De
2223 3459 2453 3528 religios.
2494 3469 2595 3514 art.
2629 3459 2663 3514 8
2696 3469 2751 3516 et
2792 3461 2825 3516 9
2847 3500 2864 3525 ,
2897 3460 3189 3516 Brouchel.
3227 3462 3281 3516 in
3315 3462 3533 3517 Basilio.
3562 3462 3683 3517 Jur.

2116 3548 2365 3604 Francic.
2400 3561 2457 3605 et
2482 3552 2537 3606 in
2562 3552 2866 3620 Conferant.
2892 3553 3254 3622 Imperatores
3277 3555 3441 3610 etiam
3464 3555 3686 3609 Cerma-

2114 3642 2223 3695 nici
2264 3643 2318 3696 in
2357 3641 2608 3698 Comitiis
2646 3646 2974 3714 Augustam,
3027 3644 3054 3716 §
3098 3644 3458 3706 Martialibus.
3492 3647 3573 3701 tit.
3608 3645 3685 3699 Ds

2112 3743 2397 3788 monaster.
2432 3743 2486 3789 et
2512 3734 2702 3790 Patres
2733 3736 2876 3790 sacri
2910 3736 3105 3791 concil.
3135 3735 3380 3792 Trident.
3412 3752 3552 3793 sees.
3574 3736 3642 3792 25
3663 3777 3679 3800 .

2112 3840 2163 3880 c.
2197 3827 2232 3882 ὸ
2265 3826 2344 3881 De
2373 3830 2653 3895 relormat.
2703 3837 2758 3882 et
2798 3827 3086 3897 pontifices
3113 3826 3242 3884 Pius
3263 3830 3305 3883 ν
3333 3829 3684 3901 Gregoriiquc

2111 3917 2231 3971 XIII
2266 3926 2321 3973 et
2350 3918 2477 3983 XV,
2518 3929 2668 3988 parte
2696 3920 2936 3975 secunda
2965 3919 3188 3974 Bullarii
3211 3961 3226 3986 ,
3263 3921 3409 3976 bulla
3443 3923 3509 3988 8,
3541 3937 3682 3978 anno

2112 4011 2272 4074 1566,
2300 4019 2354 4066 et
2380 4011 2522 4065 bulla
2553 4011 2608 4076 8,
2635 4026 2766 4065 ann.
2797 4010 2958 4076 1572,
2986 4021 3041 4067 et
3068 4013 3212 4067 bulla
3247 4013 3336 4077 18,
3367 4028 3497 4068 ann.
3527 4016 3677 4071 162i.

2114 4100 2352 4157 Sanctus
2386 4102 2615 4156 Carolus
2642 4103 2983 4159 Borromaeus
3011 4103 3071 4158 S.
3102 4105 3168 4159 II.
3196 4104 3259 4159 Ε.
3288 4106 3602 4171 cardinalis,
3626 4118 3685 4161 et

2111 4194 2557 4264 archiepiscopus
2582 4194 2971 4255 Mediolanens.
2995 4196 3049 4251 in
3074 4198 3270 4252 coneil.
3300 4198 3674 4268 provincialib.

2110 4284 2205 4339 lib.
2236 4299 2290 4338 vr
2316 4325 2332 4349 ,
2369 4284 2456 4339 tit.
2488 4284 2566 4339 De
2591 4285 2844 4340 clausura
2873 4287 3092 4341 monial.
3126 4303 3182 4341 ιι.
3206 4287 3310 4355 59;
3340 4289 3680 4360 Canegianus

437 4364 686 4419 Chronic.
740 4364 822 4417 tit.
858 4364 958 4427 15,
998 4379 1047 4417 c.
1074 4365 1179 4428 22,
1223 4380 1275 4434 p.
1306 4364 1396 4418 82.
1425 4366 1632 4422 Alanus
1667 4369 1733 4422 de
1764 4366 1916 4437 Rupe
1954 4370 2007 4422 in
2042 4370 2087 4425 D
2111 4376 2553 4445 archiepiscopus
2585 4378 2827 4446 Aqucns.
2877 4378 2931 4432 in
2967 4379 3285 4448 provinciali
3312 4382 3554 4452 synodo,
3583 4396 3680 4435 an-

436 4457 657 4513 Ordinis
705 4456 1052 4511 Carthusiani
1097 4455 1505 4526 Praerogativis,
1539 4457 1882 4516 Justinianus
1934 4462 2000 4516 A.

433 4547 630 4602 novell.
665 4546 771 4601 225
806 4545 881 4599 De
904 4547 1009 4599 div.
1046 4545 1195 4601 Eccl.
1233 4548 1498 4616 Capitul.,
1536 4551 1700 4605 relata
1734 4553 1917 4610 collat.
1948 4554 2000 4618 9,

431 4639 522 4692 tit.
566 4638 639 4692 De
669 4636 866 4692 sanctis
911 4637 1164 4705 cpiscop.,
1206 4640 1426 4693 mandat
1475 4643 1851 4699 sanctissimos
1889 4643 2004 4713 cpi-

433 4744 630 4799 scopos
655 4729 894 4783 locorum
926 4728 1231 4798 providere,
1256 4740 1315 4785 ut
1337 4746 1511 4803 neque
1532 4734 1803 4792 monachi.
1828 4750 2006 4805 neque

433 4821 714 4877 monachae
748 4821 1086 4875 circumeant
1115 4822 1401 4890 civitates;
1445 4825 1692 4895 idemque
1729 4828 1918 4882 statuit
1947 4829 2003 4882 in

431 4911 469 4965 I.
503 4909 832 4966 Generaliter
866 4911 935 4964 40
960 4951 974 4974 ,
1023 4926 1073 4966 c.
1114 4910 1193 4966 De
1221 4915 1378 4982 episc.
1412 4924 1461 4969 et
1494 4917 1671 4971 cleric.
1705 4933 1868 4986 quam
1903 4918 2004 4972 sub

429 5002 628 5059 Leonis
654 5003 875 5059 nomine
904 5003 1134 5074 Augusti
1162 5005 1324 5062 refert
1357 5006 1650 5065 Gratianus
1683 5025 1732 5065 c.
1769 5008 2000 5064 Genera-

428 5095 665 5161 ttmw,
695 5112 749 5165 q.
788 5097 837 5148 ι.

499 5185 656 5253 Quod
685 5188 730 5241 si
760 5198 968 5241 veteres
995 5196 1164 5256 poetae
1194 5184 1390 5242 Veneri
1425 5190 1797 5257 ascripserunt
1822 5197 2001 5244 testu-

428 5275 647 5342 dinem,
683 5284 744 5330 ut
778 5278 1082 5332 indicarent
1112 5277 1368 5332 mulieres
1394 5278 1557 5333 domo
1593 5277 1783 5346 pedem
1808 5278 2000 5334 efferre

431 5383 535 5421 non
596 5368 835 5429 debere,
915 5368 1008 5422 sed
1088 5367 1233 5422 sicut
1311 5368 1514 5421 animal
1589 5369 1750 5438 621
1821 5368 1997 5435 illud,

428 5454 783 5521 οἰκοφύὶακες
817 5470 959 5520 esse,
992 5455 1245 5510 custodes
1274 5456 1559 5517 domorum
1596 5477 1609 5512 :
1644 5460 1695 5513 id
1729 5474 1856 5516 vero
1884 5478 2002 5518 mo-

431 5544 654 5605 nachas,
691 5543 893 5613 Deique
922 5546 1150 5614 puellas,
1181 5547 1255 5601 uti
1286 5556 1482 5602 vocant
1506 5550 1694 5606 Patres
1725 5549 2000 5610 Toletana

430 5630 622 5699 synodi
652 5632 858 5699 primae,
889 5649 939 5688 c.
960 5634 1016 5698 6,
1043 5635 1156 5703 jam
1190 5635 1429 5705 laudato,
1458 5653 1580 5708 quae
1605 5656 1665 5696 se
1693 5640 1804 5699 Deo
1831 5643 2000 5700 devo-

2110 4480 2180 4520 no
2207 4465 2345 4521 1585
2365 4507 2379 4531 ,
2410 4465 2496 4521 tit.
2537 4465 2611 4519 De
2636 4465 2995 4531 moniolihus;
3029 4468 3324 4524 cardinalis
3357 4469 3675 4533 Taurusius.
3700 4456 3708 4463 ’

2107 4556 2549 4627 archiepiscopus
2591 4556 2956 4613 Avenionens.
2995 4560 3050 4612 in
3097 4561 3418 4629 provinciali
3467 4576 3679 4631 quoque

2107 4650 2317 4719 synodo
2339 4665 2482 4704 anno
2513 4650 2635 4716 l57,
2669 4651 2753 4704 tit.
2789 4649 2862 4705 De
2881 4652 3329 4707 sanctimonialib.
3359 4654 3429 4708 de
3447 4669 3675 4723 quarum

2105 4740 2274 4795 variis
2302 4740 2566 4795 institutis
2593 4739 2786 4796 Petrus
2812 4741 3061 4797 Damiani
3090 4744 3242 4799 card.
3268 4742 3505 4801 Ostiens.
3537 4761 3587 4800 c.
3619 4746 3674 4812 9,

2104 4846 2295 4899 Opusc.
2366 4831 2457 4886 50.
2522 4830 2723 4886 Verum
2771 4832 2863 4888 fel.
2916 4849 3079 4889 mem.
3133 4835 3579 4905 vigilantissimus
3621 4848 3676 4891 et

2104 4920 2492 4991 integerrimus
2543 4922 2771 4978 antistes
2821 4925 2972 4979 card.
3023 4923 3296 5001 gntonius
3328 4926 3672 4993 Barbarinus,

2101 5010 2536 5088 Capuccinorum
2567 5012 2757 5076 decus,
2792 5012 3184 5083 Senogslliensi
3218 5015 3273 5069 in
3304 5016 3514 5087 synodo
3544 5031 3673 5072 coo-

2103 5101 2412 5157 stitutiones
2462 5117 2562 5172 pro
2604 5103 2934 5159 monialibus
2974 5105 3159 5160 sanxit
3190 5106 3669 5170 nocentissimos,

2103 5207 2225 5261 qua:
2255 5194 2397 5263 typis
2424 5202 2644 5247 exstant
2664 5193 2841 5248 editae.

2177 5282 2544 5352 Subsequitur
2595 5285 2689 5338 τοῦ
2741 5284 2907 5339 αὐτοῦ
2965 5286 3257 5358 (Νείλου)
3314 5290 3489 5358 Λόγος
3541 5288 3670 5358 πρὸς

2101 5375 2361 5445 Εὐλόγιον
2391 5376 2916 5448 μόναχον,Ε]ωάειη
2944 5379 3062 5433 Nili
3095 5379 3376 5436 Tractatus
3406 5382 3475 5435 ad
3506 5379 3668 5435 Eulo-

2099 5468 2244 5538 gium
2280 5469 2628 5535 monachum,
2663 5469 2718 5523 in
2755 5484 2870 5539 quo
2905 5469 3195 5542 Capitula,
3237 5488 3335 5529 seu
3382 5472 3668 5527 Sermones

2102 5557 2298 5613 diversi
2337 5574 2368 5612 a
2414 5575 2503 5615 me
2544 5575 2642 5630 με·
2667 5561 2845 5630 capita
2892 5562 2960 5616 5i
2988 5563 3169 5619 divisi.
3222 5565 3387 5637 622
3447 5563 3663 5632 Incipit,

2101 5649 2165 5702 Ol
2194 5648 2285 5703 τὸν
2317 5650 2568 5719 οὐράνιον
2604 5650 2782 5721 χῶρον
2810 5651 3099 5723 νεμόμενοι
3130 5672 3145 5685 ·
3201 5654 3307 5720 Qui
3355 5654 3549 5710 calcati
3580 5651 3665 5708 rli-
