4066 6146
373 279 509 346 1349

1547 291 1644 350 DE
1679 290 2056 352 OPERIBUS
2091 293 2152 352 S.
2187 292 2366 355 NIIJ.

3495 297 3631 363 1350

366 405 641 446 versamur
695 393 749 446 in
797 394 947 461 loco;
1002 402 1054 449 et
1097 395 1334 463 desirlt,
1375 398 1442 453 τὰ
1476 399 1533 454 δὲ
1587 403 1807 473 ῥήματά
1845 420 1950 474 μου
1980 414 2024 469 Α
2055 406 2182 461 Item
2223 405 2560 476 superiorem
2596 411 2886 461 tractatum
2938 404 3013 461 De
3051 414 3169 462 octo
3201 407 3401 464 vitiosis
3430 410 3631 480 cogita-

363 484 632 557 τηρήσαις
668 486 735 554 θῇ
769 484 988 555 καρδίᾳ.
1020 485 1097 539 Τιι
1132 502 1251 540 vero
1277 505 1385 542 mea
1410 489 1683 545 observato
1718 497 1871 548 verba
1894 496 1949 548 in

365 573 521 626 corde
553 582 642 626 tuo
672 614 686 637 ,
720 586 825 630 etc.
866 574 1150 644 Eulogium
1184 589 1364 633 autem
1423 581 1576 636 illum
1618 587 1945 640 monachum

365 665 690 720 crediderim
729 664 924 732 fuisse,
954 666 1020 721 ad
1060 681 1222 736 quem
1271 672 1463 726 scribit
1498 671 1741 729 Isidorus
1784 675 1915 732 Pelu

364 753 565 818 siotes,
594 756 688 812 lib.
725 773 775 818 ι,
813 757 973 826 epist.
1005 755 1109 811 257
1155 757 1227 812 De
1255 758 1370 815 luce
1398 764 1694 831 matutina;
1732 765 1838 821 289
1874 767 1949 823 De

364 841 569 909 Cruce;
601 844 706 898 512
749 844 822 898 De
849 845 980 915 lege,
1016 847 1106 903 ubi
1154 850 1324 904 lector
1355 852 1709 920 inscribitur,
1744 856 1836 910 lib.
1872 875 1943 924 ιι,

362 932 525 1000 epist.
565 932 631 984 77
659 944 712 987 et
743 933 833 997 85,
868 933 1158 1006 Presbyter
1186 952 1572 1011 nuncupatur,
1604 953 1660 999 et
1686 945 1826 1011 202,
1852 947 1947 1001 de-

364 1021 530 1091 nique
565 1023 662 1078 lib.
697 1039 793 1088 tn,
833 1025 992 1096 epist.
1028 1027 1131 1082 184
1173 1038 1228 1082 et
1271 1030 1396 1085 236.
1441 1031 1592 1089 Hunc
1635 1043 1850 1099 autem,
1878 1036 1946 1091 ad

360 1128 524 1182 quem
549 1112 706 1169 hilus
736 1115 921 1187 dirigit
954 1118 1117 1173 istum
1149 1120 1346 1181 librum
1377 1138 1656 1180 censerem
1693 1127 1943 1183 eumdem

360 1218 481 1258 esse
507 1243 523 1269 ,
552 1205 646 1274 qui
681 1204 913 1263 Joannis
955 1210 1382 1283 archiepiscopi,
1428 1231 1523 1269 seu
1565 1218 1736 1271 sancti
1772 1218 1945 1290 Chry-

361 1298 588 1348 sosromi
633 1294 1226 1369 Constantinopolitani
1275 1304 1599 1372 patriarchae
1644 1307 1945 1378 discipulus

362 1392 416 1438 et
444 1386 724 1456 presbyter
756 1387 855 1443 fuit
883 1428 898 1452 ,
937 1390 1219 1446 abstinens
1244 1434 1258 1459 ,
1292 1402 1455 1464 atque
1485 1396 1779 1465 jejunans;
1810 1399 1947 1453 dici-

363 1484 557 1545 turque
587 1478 786 1534 adiisse
809 1480 1056 1535 abbatem
1087 1480 1286 1553 Joscph
1317 1486 1369 1539 in
1402 1487 1523 1540 loco
1549 1529 1564 1552 ,
1599 1490 1690 1557 qui
1721 1501 1944 1545 vocatur

360 1561 640 1633 Panepho,
666 1568 734 1620 ab
762 1567 970 1623 incerto
1000 1580 1242 1637 auctore,
1272 1573 1365 1627 lib.
1395 1589 1447 1640 ν,
1466 1573 1545 1629 De
1566 1576 1660 1630 vit.
1693 1576 1941 1643 Patrum,

360 1655 519 1726 cujus
537 1654 762 1712 Latinus
779 1660 1047 1730 interpres
1069 1661 1506 1734 estPelagius,et
1524 1666 1741 1722 lib.vut.
1765 1667 1943 1738 Atque

2053 498 2290 552 tionibus
2319 539 2335 564 ,
2370 497 2529 566 cujus
2556 497 2720 568 623
2755 497 2969 553 initium
2999 507 3102 565 est,
3137 498 3202 552 de
3228 499 3378 569 gula,
3406 516 3459 569 p.
3487 500 3629 563 975.

2049 589 2286 658 reperies
2320 588 2375 641 in
2401 586 2523 643 eod.
2554 589 2747 657 quinto
2779 596 2964 656 tome;
2997 604 3161 659 quem
3188 589 3358 644 alium
3404 605 3527 647 esse
3560 590 3633 645 ab

2046 687 2170 735 octo
2200 679 2355 734 libris
2378 721 2393 745 ,
2427 694 2568 749 quos
2611 680 2868 750 opposuit
2914 679 3179 752 Evagrius
3221 682 3482 738 adversus
3506 693 3634 738 octo

2048 770 2428 840 principalium
2475 772 2730 825 vitiorum
2769 773 3143 842 suggestiones
3171 813 3186 838 ,
3230 773 3524 839 existimo,
3576 784 3634 830 et

2045 860 2114 916 de
2139 875 2250 931 quo
2288 862 2543 930 superius
2566 861 2672 928 egi.
2709 859 2867 917 Certe
2896 861 3070 917 bestia
3096 902 3111 926 ,
3169 861 3237 917 de
3269 879 3376 933 qua
3405 874 3633 921 sanctus

2044 947 2287 1005 Joannes
2329 950 2521 1005 scribit
2559 965 2610 1003 c.
2648 950 2713 1003 l7
2753 951 3096 1022 Apocalypsis
3122 990 3139 1017 ,
3184 961 3388 1022 septem
3443 950 3634 1007 habuit

2045 1056 2250 1097 cornua
2280 1081 2296 1107 ,
2351 1049 2404 1095 et
2452 1040 2703 1097 diabolus
2749 1052 2954 1111 septem
3002 1044 3245 1113 suggerit
3295 1043 3422 1097 vitia
3449 1083 3465 1108 ,
3506 1058 3631 1113 quae

2045 1128 2370 1192 criminalia,
2402 1135 2462 1182 ut
2492 1138 2711 1197 peccata
2747 1129 2999 1198 capitalia
3033 1129 3408 1195 nominantur,
3440 1140 3497 1185 et
3518 1131 3633 1185 vel-

2046 1227 2105 1272 ut
2138 1218 2306 1286 hydra
2352 1216 2619 1285 septieeps
2643 1257 2660 1283 ,
2706 1217 2791 1271 his
2821 1215 3060 1286 assurgit
3116 1217 3382 1272 adversus
3413 1216 3583 1272 Deum
3609 1235 3627 1272 :

2051 1308 2371 1377 principalia
2405 1307 2568 1362 etiam
2606 1317 2764 1363 vocat
2800 1307 2993 1363 Petrus
3025 1307 3365 1363 Lombardus
3391 1349 3406 1373 ,
3448 1309 3546 1363 lib.
3588 1323 3631 1364 tt

2047 1400 2467 1465 Sententiarum,
2501 1399 2842 1455 distinction.
2872 1400 2962 1467 44,
2995 1409 3048 1456 et
3073 1409 3355 1454 enumerat
3380 1415 3411 1454 e
3439 1409 3628 1454 sancto

2044 1491 2305 1562 Gregorio
2340 1491 2536 1563 Magno
2568 1492 2620 1545 in
2658 1491 2842 1547 Exodo
2864 1532 2880 1558 ,
2927 1500 3023 1546 aut
3077 1491 3262 1560 potius
3304 1489 3584 1545 Ezechiele
3607 1528 3624 1554 ,

2044 1583 2155 1637 imo
2182 1598 2245 1638 ex
2281 1599 2376 1638 xm
2412 1583 2690 1637 Moralium
2718 1600 2734 1648 ;
2785 1595 2839 1638 et
2876 1583 2951 1637 ait
2981 1598 3011 1638 e
3037 1582 3429 1653 Chrysostomo
3455 1582 3629 1650 signi-

2046 1673 2201 1727 ﬁcata
2235 1672 2407 1728 fuisse
2441 1674 2493 1725 in
2528 1682 2735 1742 septem
2769 1673 3000 1742 populis,
3043 1673 3138 1743 qui
3166 1681 3362 1726 terram
3387 1674 3626 1743 promis-

361 1745 611 1803 l‘ortassis
639 1748 803 1815 idem,
837 1751 927 1819 qui
954 1754 1480 1810 communicantium
1511 1768 1721 1813 mentes
1751 1759 1942 1828 diguo-
1971 1755 2012 1810 Β
2042 1764 2234 1831 sionis,
2275 1779 2437 1833 quam
2476 1763 2621 1820 Deus
2662 1764 2846 1820 lsraeli
2878 1764 3149 1833 pollicitus
3182 1763 3378 1829 fuerat,
3407 1763 3622 1818 detine-

357 1838 563 1904 scebat,
591 1846 644 1892 et
673 1840 739 1892 de
765 1855 877 1908 quo
910 1839 1181 1910 Bullinus,
1211 1844 1246 1898 ι.
1275 1860 1343 1912 ιι,
1374 1860 1422 1900 c.
1442 1847 1542 1913 li,
1579 1848 1938 1916 Sozomenns,

358 1930 395 1983 I.
425 1945 515 1995 vr,
561 1944 611 1983 c.
644 1929 753 1997 28;
795 1932 1109 1989 Cassiodor.
1149 1935 1357 1991 Hister.
1408 1935 1641 2006 Tripart.
1700 1941 1735 1993 Ι.
1794 1956 1894 1994 vm
1921 1983 1937 2009 ,

358 2035 406 2072 c.
440 2019 464 2073 l
493 2036 508 2086 ;
541 2017 832 2089 Niceptior.
872 2021 911 2077 l.
949 2038 1001 2076 χι
1024 2063 1041 2090 ,
1072 2038 1122 2078 c.
1150 2025 1238 2079 54.
1291 2025 1403 2083 Nec
1430 2031 1578 2082 enim
1618 2029 1758 2084 ratio
1795 2039 1934 2085 tem-

358 2109 508 2176 poris
544 2110 766 2179 patitur,
804 2121 862 2166 ut
894 2113 965 2167 sit
997 2114 1086 2169 ille
1118 2117 1418 2173 monachus
1446 2118 1867 2189 Alexandrinus,
1910 2137 1942 2181 θ

359 2200 699 2256 Scholastico
727 2243 742 2267 ,
797 2204 890 2273 qui
921 2205 988 2259 ad
1026 2217 1275 2261 sanctum
1311 2209 1606 2265 Antonium
1658 2216 1936 2282 perrexit,

359 2292 427 2346 de
455 2309 564 2362 quo
590 2294 903 2360 Palladius,
937 2312 984 2350 c.
1017 2297 1088 2350 26
1122 2296 1405 2356 Lausiacat
1427 2343 1442 2368 ,
1486 2312 1539 2357 et
1570 2303 1811 2360 Incertus
1838 2321 1939 2360 au-

359 2394 516 2452 ctor,
550 2385 644 2439 lib.
675 2402 750 2440 vn
792 2386 866 2440 De
898 2389 992 2442 uit.
1040 2388 1263 2443 Patrum
1295 2433 1310 2458 ,
1348 2394 1506 2459 cujus
1543 2394 1811 2465 interpres
1838 2397 1940 2452 fuit

361 2476 713 2532 Paschasius.
752 2478 938 2548 Itaque
968 2482 1241 2553 colligitur
1280 2499 1343 2537 ex
1393 2485 1495 2540 ista
1537 2486 1894 2556 inscriptione
1918 2529 1935 2553 ,

357 2565 540 2620 Nilum
572 2584 710 2636 aevo,
739 2585 849 2639 quo
878 2569 1137 2638 Isidorus,
1164 2573 1444 2644 Eulogius,
1475 2578 1760 2647 Agathius,
1795 2580 1938 2634 Eva-

358 2657 533 2726 grius,
559 2666 612 2712 et
640 2660 733 2713 alii
764 2661 1055 2729 vixerunt,
1098 2662 1372 2720 ﬂoruisse.
1405 2665 1573 2721 Ornat
1600 2677 1746 2724 certe
1774 2670 1939 2725 Eulo-

359 2747 506 2815 gium
558 2748 724 2802 istum
792 2749 996 2820 insigni
1053 2750 1246 2823 Elogio
1308 2754 1496 2810 beatus
1551 2755 1745 2826 Nilus,
1806 2761 1935 2814 dum

362 2836 573 2906 μύστην
632 2837 741 2890 τῶν
787 2839 999 2909 ἀρετῶν
1056 2854 1371 2913 nuncupat,
1418 2849 1507 2917 qui
1571 2847 1674 2903 fuit
1736 2849 1936 2920 impul-

359 2941 487 2990 sor,
542 2935 595 2982 et
631 2928 1031 3000 ἐργοδιώκτης,
1095 2942 1153 2986 ιιι
1217 2949 1355 3004 opus
1431 2937 1572 2992 istud
1630 2941 1932 2995 conscribe-

358 3026 471 3085 ret,
506 3029 697 3074 auctor
738 3021 995 3076 nimirum
1017 3065 1032 3087 ,
1076 3034 1239 3080 exuta
1271 3027 1474 3082 tumida
1509 3028 1692 3085 carnis
1722 3032 1935 3087 sarcina

355 3104 714 3161 celebrandus
742 3145 757 3171 ,
793 3107 937 3162 unde
964 3108 1134 3177 ipsius
1156 3126 1227 3166 .se
1268 3114 1607 3169 commendat
1636 3115 1930 3188 suﬂ‘ragiis.

426 3215 725 3287 Snbjicitur
758 3219 852 3273 τοῦ
882 3221 1047 3276 αὐτοῦ
1079 3223 1097 3293 (
1122 3222 1312 3278 Νείλου
1340 3224 1576 3297 nempe)
1612 3226 1768 3296 λόγος
1798 3228 1935 3298 πρὸς

356 3306 445 3358 τὸν
473 3308 632 3361 αὐτὸν
664 3309 918 3379 Εὑλόγιον
947 3313 1078 3383 περὶ
1110 3313 1209 3377 τὰς
1239 3314 1562 3384 ἀντιζύγους
1589 3317 1699 3370 τῶν
1728 3319 1934 3388 ἀρεῖῶν

358 3397 575 3458 κακίας.
622 3397 872 3465 Ejusdem
902 3402 1051 3472 (Nili
1083 3407 1336 3478 scilicet)
1386 3409 1454 3461 ad
1481 3410 1721 3464 eumdem
1766 3409 1935 3466 Eulo-

356 3490 500 3558 gium
530 3489 676 3542 circa
711 3492 844 3544 uitia
872 3494 1152 3550 uirtutibus
1180 3500 1440 3567 opposita,
1470 3510 1566 3554 aut
1614 3502 1693 3555 uti
1737 3503 1934 3573 legitur

356 3584 413 3638 in
445 3582 632 3639 Grasco
674 3583 855 3641 Indice
900 3588 1028 3659 step).
1082 3590 1188 3644 τῶν
1228 3593 1529 3661 ἀντιζύγων
1570 3596 1677 3648 τῶν
1723 3598 1932 3666 ἀρετῶν

356 3675 566 3729 κακιῶν
588 3717 604 3744 ,
645 3675 724 3731 De
748 3678 890 3732 vitiis
914 3720 930 3745 ,
981 3695 1106 3749 qua:
1139 3693 1262 3736 sunt
1308 3687 1550 3753 opposita
1608 3688 1930 3744 uirtutibus:

356 3768 582 3838 incipit,
637 3771 934 3840 ἀναγκαῖον
980 3772 1222 3844 ἠγοῦμαι
1270 3776 1367 3830 καὶ
1414 3778 1513 3841 τὰς
1561 3780 1882 3850 ἀντιζύγους
1914 3822 1930 3847 ,

356 3857 731 3916 Necessarium
753 3863 989 3918 arbitror
1015 3867 1251 3934 oppositu
1277 3883 1500 3939 quoque,
1532 3871 1733 3927 desinit
1757 3874 1810 3928 in
1848 3876 1933 3930 his

354 3952 533 4006 verbis
564 3952 867 4023 Θελήματος
893 3955 1060 4010 αὐτοῦ
1091 3955 1269 4020 εὖοδος
1294 3999 1308 4023 ,
1348 3960 1636 4017 uoluntatis
1683 3980 1793 4020 sua:
1832 3966 1934 4019 iter

353 4039 569 4106 facile:
609 4054 847 4111 quatuor
897 4047 1165 4116 capitibus
1215 4049 1544 4117 absolvitur,
1594 4064 1648 4109 et
1702 4070 1931 4113 enume-

354 4138 546 4182 rantur
578 4130 708 4184 vitia
740 4148 956 4200 novem,
992 4137 1326 4208 totidemque
1350 4140 1599 4208 virtutes,
1627 4144 1780 4200 deest
1799 4147 1931 4217 quid

353 4219 425 4273 sit
444 4219 695 4288 ἀφθονία,
724 4223 776 4278 id
796 4233 912 4291 est,
938 4242 1039 4280 non
1070 4227 1380 4297 invidentia,
1414 4234 1537 4302 quid
1560 4234 1927 4306 ὑπερηφανία,

352 4311 483 4380 quid
512 4311 837 4378 ταπείνωσις
857 4353 874 4378 ,
902 4332 1019 4372 .seu
1057 4320 1309 4387 superbia
1332 4361 1348 4386 ,
1385 4331 1438 4376 et
1466 4324 1741 4379 humilitas
1767 4344 1781 4394 ;
1831 4330 1925 4384 sed

2042 1855 2175 1910 bant
2203 1874 2214 1909 :
2252 1871 2318 1909 ex
2350 1855 2436 1911 his
2467 1857 2622 1927 quasi
2654 1865 2859 1927 septem
2889 1855 3133 1911 fontibus
3164 1865 3374 1911 cunctae
3408 1856 3625 1910 anima-

2042 1962 2163 2002 rum
2194 1948 2493 2006 mortifera:
2521 1953 2845 2022 corruptelae
2884 1951 3189 2008 dimanan‘t.
3232 1951 3498 2006 Dicuntur
3534 1966 3627 2005 ca-

2040 2038 2248 2110 pitalia,
2276 2040 2404 2110 quia
2428 2055 2493 2096 ex
2523 2041 2606 2096 bis
2638 2042 2821 2097 omnia
2850 2042 2989 2095 mala
3014 2041 3265 2095 oriuntur
3290 2057 3306 2107 ;
3338 2049 3391 2094 ct
3415 2040 3625 2097 nullum

2042 2142 2127 2186 est
2172 2132 2371 2186 malum
2404 2172 2418 2198 ,
2467 2133 2613 2202 quod
2665 2148 2771 2188 non
2824 2134 3009 2188 trahat
3045 2132 3310 2204 originem
3341 2134 3412 2187 ab
3441 2132 3625 2201 aliquo

2042 2222 2304 2291 ipsorum.
2336 2222 2620 2292 Cupiditas
2657 2224 2875 2293 quidem
2919 2234 3007 2279 est
3040 2224 3195 2279 radix
3228 2224 3476 2277 omnium
3509 2238 3626 2277 ma-

2043 2311 2217 2366 lorum
2249 2312 2301 2366 in
2329 2314 2698 2382 exsecutione,
2730 2314 2890 2369 sicuti
2915 2314 3169 2385 superbia
3201 2313 3417 2368 initium
3445 2314 3623 2369 omnis

2040 2404 2248 2474 peccati
2277 2406 2453 2475 quoad
2479 2406 2866 2472 intentionem;
2904 2416 3031 2461 sunt
3053 2415 3231 2462 tamen
3255 2407 3342 2461 illa
3368 2419 3573 2477 septem
3601 2423 3617 2461 :

2040 2495 2218 2550 inanis
2244 2496 2432 2566 gloria,
2463 2496 2564 2560 ira,
2591 2496 2793 2551 invidia
2814 2533 2829 2560 ,
2862 2496 3043 2550 acedia
3080 2496 3167 2551 vel
3203 2495 3418 2551 tristitia
3443 2536 3460 2562 ,
3487 2510 3619 2550 ava-

2042 2586 2187 2651 ritia,
2214 2586 2615 2656 gastrimargia,
2646 2601 2742 2642 seu
2770 2588 2915 2658 gula,
2951 2597 3006 2641 et
3034 2586 3272 2641 luxuria.
3305 2584 3449 2642 Fuso
3483 2586 3618 2656 pits-

2039 2677 2215 2733 simus
2274 2687 2328 2732 et
2355 2678 2578 2734 doctiss.
2611 2677 2842 2734 Carolus
2876 2677 3235 2734 Thomassius
3268 2677 3499 2734 clericus
3530 2692 3619 2733 re-

2038 2771 2242 2841 gularis
2275 2813 2289 2836 ,
2337 2787 2502 2841 quem
2541 2786 2772 2826 veneror
2819 2772 2889 2827 ob
2930 2772 3064 2827 istas
3090 2771 3267 2839 dotes,
3307 2771 3361 2825 in
3411 2770 3619 2826 Arbore

2034 2861 2305 2917 Doctrina:
2337 2864 2512 2917 sancti
2549 2862 2791 2918 Thomas.
2822 2863 2899 2919 De
2935 2863 3120 2918 acedia
3157 2862 3617 2932 Diadochus,epi-

2038 2966 2235 3020 scopus
2262 2952 2514 3009 Pbotices
2563 2952 2617 3006 in
2650 2950 2813 3021 Epiro
2843 2953 3040 3007 veteris
3068 2952 3286 3022 Illyrici,
3309 2953 3401 3020 qui
3432 2951 3615 3006 ﬂoruit

2039 3057 2183 3096 anno
2202 3042 2263 3096 C.
2289 3041 2351 3097 N.
2380 3043 2507 3107 590,
2527 3058 2577 3098 c.
2607 3043 2697 3097 58.
2732 3043 2913 3113 Ipsam
2933 3044 3181 3098 dividunt
3208 3043 3442 3099 morales
3465 3043 3615 3097 theo-

2039 3130 2142 3200 logi
2202 3132 2254 3185 in
2308 3147 2451 3197 eam,
2491 3147 2613 3202 quae
2644 3143 2828 3202 torpor
2858 3140 2944 3187 est
2983 3142 3037 3187 et
3074 3131 3294 3187 taedium
3344 3132 3609 3187 bonorum

2036 3237 2282 3289 epotum,
2317 3233 2370 3277 et
2400 3224 2453 3277 in
2482 3223 2652 3290 illam,
2682 3239 2802 3293 quae
2829 3224 3067 3293 pondere
3090 3223 3327 3293 quodam
3353 3231 3612 3294 aggravet

2037 3314 2270 3370 tristitia:
2299 3316 2597 3370 humanum
2629 3316 2905 3377 animum.
2949 3316 3211 3370 inducens
3253 3314 3611 3385 pusillanimi—

2037 3410 2198 3456 tatem
2243 3412 2297 3457 et
2347 3402 2805 3473 desperationem.
2847 3402 2888 3456 F
2895 3418 2989 3457 use
3028 3403 3096 3457 de
3127 3402 3273 3457 vitiis
3307 3402 3606 3456 monacho-

2035 3509 2154 3548 rum
2183 3493 2374 3550 Petrus
2413 3495 2703 3550 cardinalis
2724 3494 2970 3550 Damiani
2994 3537 3011 3564 ,
3033 3510 3225 3564 epttsc.
3254 3496 3290 3550 2
3323 3498 3401 3551 De
3423 3494 3606 3550 stet-uti

2033 3594 2356 3653 contemptu,
2380 3586 2471 3655 qui
2497 3587 2676 3656 gulam
2702 3588 2905 3641 omittit
2931 3588 3073 3641 inter
3098 3587 3354 3658 capitalia
3381 3596 3606 3659 peccata

2036 3676 2127 3728 lih.
2172 3675 2250 3730 De
2277 3677 2421 3729 horis
2454 3679 2759 3743 canonicis;
2799 3688 2977 3731 tamen
3016 3678 3271 3734 Horatius
3297 3720 3312 3747 ,
3352 3680 3605 3733 ethnicus

2033 3777 2088 3823 et
2108 3766 2407 3838 Epicureus
2451 3781 2656 3838 septem
2700 3778 3060 3824 counumerat
3101 3772 3251 3827 hisce
3298 3773 3550 3828 versibus
3581 3811 3601 3839 ,

2033 3860 2126 3914 lib.
2161 3876 2175 3912 ι
2204 3900 2219 3924 ,
2269 3861 2428 3929 epist.
2459 3860 2482 3913 l
2514 3900 2529 3927 ,
2569 3858 2638 3912 ad
2677 3858 3016 3914 Maecenatem
3039 3876 3060 3915 :

2137 3946 2325 4003 Fervet
2360 3949 2617 4016 auaritia,-
2651 3949 2946 4019 miseraque
2977 3951 3224 4019 cupidine
3252 3962 3456 4021 pectus,

2031 4036 2227 4090 deinde
2259 4052 2273 4089 :

2135 4146 2378 4212 Invidus,
2409 4150 2718 4217 iracundus,
2749 4152 2917 4217 iners,
2954 4152 3187 4222 vinosus,
3224 4164 3451 4210 amator.

2098 4241 2169 4295 At
2196 4241 2350 4311 plura
2388 4241 2681 4300 Gratianus
2716 4244 2773 4299 in
2809 4243 3033 4301 Decreto
3067 4246 3134 4301 ad
3176 4261 3226 4302 c.
3256 4247 3431 4302 Unum
3469 4265 3594 4303 ora—

2032 4331 2169 4385 rium
2197 4332 2268 4387 25
2312 4333 2465 4396 dist.,
2503 4344 2807 4391 recensete
2848 4346 3037 4393 sancto
3066 4336 3372 4408 Augustino
3412 4341 3593 4396 homi-

353 4401 469 4455 haec
498 4403 740 4471 suppleri
784 4405 1039 4461 videntur
1062 4409 1241 4477 quoad
1287 4411 1416 4466 vitia
1469 4412 1523 4466 in
1571 4422 1801 4471 tractatu
1838 4432 1926 4473 se-
1955 4414 2000 4470 D
2030 4423 2099 4476 lia
2125 4423 2191 4475 de
2219 4423 2341 4493 igne
2370 4425 2702 4495 purgatorin,
2735 4442 2831 4483 seu
2866 4401 3212 4497 transitorio,
3246 4430 3359 4487 sive
3386 4449 3593 4488 sermo-

352 4490 538 4560 quenti
562 4531 578 4556 ,
615 4492 703 4545 cui
740 4494 928 4550 titulus
956 4505 1039 4551 est
1063 4539 1077 4564 ,
1123 4498 1229 4552 Τοῦ
1260 4500 1426 4556 αὑτοῦ
1470 4505 1739 4575 περὶτῶν
1777 4507 1923 4562 ὀκτὼ

351 4582 682 4652 πνευμάτων
707 4584 806 4655 τῆς
832 4587 1096 4658 πονηρίας
1113 4630 1128 4655 ,
1170 4588 1424 4654 Eiusdem
1450 4594 1581 4664 (Nili
1637 4596 1919 4668 nimirum)

348 4671 429 4725 De
452 4684 599 4738 spcto
643 4675 913 4743 spiritibus
939 4678 1198 4747 malitite;
1250 4690 1304 4736 et
1352 4683 1582 4754 incipit,
1639 4686 1772 4757 περὶ
1820 4687 1923 4757 τῆς

347 4767 825 4836 γαστριμαργίας,
890 4769 941 4823 id
992 4780 1118 4836 est,
1167 4772 1230 4826 de
1281 4774 1443 4842 gula.
1496 4776 1608 4831 sive
1651 4778 1916 4849 ingluvie,

345 4853 489 4924 ἀρχὴ
507 4896 523 4920 ,
581 4858 957 4930 καρποφορίας
1006 4859 1165 4925 ἄνθος
1187 4899 1204 4925 ,
1236 4862 1289 4917 id
1315 4872 1428 4929 est,
1457 4866 1776 4936 principium
1798 4868 1918 4937 fru-

345 4952 459 4997 ctus
512 4946 765 5015 a/Ierendi
828 4948 967 5018 ﬂos;
1033 4950 1257 5016 desinit,
1281 4953 1376 5007 καὶ
1428 4952 1649 5018 πολλαῖς
1699 4956 1920 5026 ἀρεταῖς

345 5035 695 5105 φαιδρύνεται
744 5041 1069 5105 ταπείνωσις
1114 5042 1342 5114 ἀνδρὸς,
1405 5054 1454 5099 et
1500 5046 1600 5099 uiri
1645 5047 1918 5102 humilitas

344 5126 526 5180 multis
590 5131 883 5196 resplendet
939 5133 1222 5188 uirtutibus
1247 5176 1262 5200 ,
1297 5135 1351 5189 in
1379 5136 1555 5206 capita
1581 5139 1648 5194 19
1675 5138 1918 5194 disseca-

343 5225 448 5272 tur.
481 5217 710 5274 Exstant
758 5221 977 5291 quidem
1020 5225 1296 5281 orationes
1338 5235 1462 5281 octo
1509 5225 1702 5283 Latine
1742 5233 1916 5287 sancti

337 5303 446 5359 Nili
484 5308 748 5364 adversus
801 5310 965 5377 vitia,
1023 5321 1172 5367 tomo
1215 5311 1288 5379 V,
1322 5323 1476 5384 parte
1507 5329 1545 5369 ιι
1580 5315 1916 5373 Bibliotheca:

340 5396 573 5452 Patrum
603 5401 657 5454 in
709 5401 946 5457 editione
984 5402 1300 5460 Coloniensi
1352 5420 1499 5462 anno
1540 5407 1698 5463 1618.
1740 5408 1912 5480 lncip.

339 5491 449 5544 Hoc
495 5500 570 5543 est
617 5493 958 5562 proﬁciendi,
993 5496 1057 5550 de
1093 5497 1219 5567 gula
1242 5539 1258 5564 ,
1289 5507 1392 5554 etc.
1436 5515 1492 5572 p.
1527 5502 1653 5570 969,
1698 5505 1802 5560 col.
1842 5506 1911 5573 1,

336 5580 388 5633 in
427 5580 519 5635 fol.
553 5581 784 5639 Eosdem
817 5587 977 5641 vertit
1032 5590 1086 5641 in
1137 5588 1391 5645 Latinum
1444 5591 1638 5651 Petrus
1689 5593 1914 5650 Franci-

331 5687 463 5726 suus
509 5674 679 5732 linus
738 5678 789 5730 in
836 5679 1074 5736 editione
1107 5681 1311 5738 Veneta
1363 5685 1416 5739 in
1463 5685 1534 5753 8,
1573 5702 1717 5741 anno
1749 5688 1907 5743 1574.

2023 4528 2093 4569 ne
2118 4514 2180 4568 il
2218 4513 2285 4568 de
2315 4516 2545 4579 sanctis,
2575 4525 2630 4571 et
2653 4517 2687 4572 4
2717 4517 2784 4573 de
2807 4518 3097 4576 animabus
3130 4522 3367 4577 fidelium
3394 4523 3592 4580 defun-

2022 4613 2256 4660 ctarum.
2287 4604 2458 4659 (ζιωοί
2485 4607 2644 4661 modo
2665 4618 2955 4665 numerant
2986 4621 3108 4667 octo
3128 4654 3142 4677 ,
3170 4613 3335 4668 modo
3365 4628 3589 4683 novem,

2021 4704 2081 4751 ut
2127 4696 2180 4752 in
2230 4697 2381 4753 hisce
2425 4701 2744 4755 tractatibus
2777 4704 3141 4773 perspicitur;
3174 4706 3316 4760 unde
3358 4707 3590 4761 libenter

2018 4785 2378 4841 exclamarem
2407 4803 2530 4842 eum
2559 4804 2682 4859 rege
2706 4789 2906 4858 Psalte,
2929 4791 3135 4847 Delicta
3161 4796 3278 4863 quis
3301 4796 3590 4866 intelligit?

2017 4872 2199 4943 (Psal.
2230 4891 2363 4930 xvm
2383 4917 2399 4943 ,
2433 4877 2558 4947 12.)
2595 4877 2652 4933 In
2684 4881 2925 4937 editione
2957 4881 3266 4939 Coloniensi
3320 4896 3587 4945 tractatus

2017 4964 2118 5020 iste
2164 4964 2242 5020 De
2287 4976 2402 5020 octo
2448 4970 2652 5023 vitiosis
2713 4973 3113 5041 cogitationibus
3172 4984 3349 5032 exstat
3393 4976 3588 5035 Latine

2017 5068 2138 5108 cum
2180 5054 2520 5123 Pratl'ationc,
2566 5059 2726 5129 cujus
2752 5061 3037 5118 exordium
3076 5078 3090 5112 :
3126 5062 3200 5117 De
3231 5073 3347 5118 octo
3379 5067 3585 5122 vitiosis

2014 5147 2424 5216 cogitationibus
2448 5189 2462 5211 ,
2507 5166 2597 5204 seu
2637 5151 2996 5219 affectionibus
3034 5155 3258 5209 scribere
3301 5156 3583 5212 instituen-

2016 5247 2111 5304 tes,
2132 5247 2237 5293 etc.
2261 5249 2372 5293 tum
2403 5241 2630 5309 incipit:
2665 5240 2730 5294 Ut
2756 5243 2970 5313 frugum
2987 5246 3305 5315 principium
3331 5247 3454 5316 ﬂos,
3474 5259 3578 5304 etc.

2013 5329 2168 5384 valde
2195 5330 2424 5386 diversae
2450 5340 2577 5386 sunt
2609 5334 2810 5400 periodi
2837 5351 2852 5401 ;
2889 5336 2981 5390 sed
3014 5338 3247 5406 scriptor
3280 5348 3406 5395 octo
3453 5342 3579 5397 vitia

2012 5421 2328 5490 exsequitur
2346 5423 2604 5491 persimili
2624 5425 2811 5482 ordine
2827 5426 3131 5496 ‘praclixum
3151 5437 3233 5484 est
3252 5431 3578 5489 distichum:

2116 5536 2257 5611 Area
2292 5537 2429 5606 rigat
2462 5534 2630 5611 Nilus
2657 5538 2871 5611 ﬂuvius,
2903 5542 2993 5595 sed
3021 5552 3233 5611 pectora
3266 5560 3439 5599 sermo

2188 5606 2272 5658 Ea:
2303 5606 2542 5659 monac/ti
2579 5606 2700 5662 Nili
2729 5612 2817 5680 qui
2847 5611 2967 5679 [luit
3004 5606 3126 5677 ore,
3157 5617 3311 5685 rigat.

2009 5694 2110 5761 Qtll
2139 5698 2276 5754 volet
2305 5698 2604 5769 versionem
2635 5700 2778 5756 illam
2809 5703 3073 5774 consulet,
3098 5723 3218 5777 qua:
3248 5708 3404 5774 longe
3425 5711 3583 5769 abest
