3998 6116
457 287 590 357 13ι1

1378 290 1527 349 JOS.
1568 287 1829 348 MARIE
1867 282 2221 350 SUARESII
2265 292 2762 351 DISSERTATIO

3575 297 3600 356 1
3611 296 3716 361 352

452 415 483 454 ι
526 409 673 455 textu
712 394 900 453 Gnaeo
936 396 1102 468 624.
1138 395 1344 451 codicis
1388 398 1690 451 Barheriui.
1729 396 1890 451 Forte
1933 399 1981 453 is
2006 439 2019 462 ,

2141 402 2263 454 lunt
2300 401 2421 455 alite
2451 389 2718 455 inchoatae
2746 400 2915 454 Φόϐον
2945 399 3035 471 ἔχε
3068 399 3204 452 Θεοῦ
3224 440 3238 465 ,
3279 401 3345 455 ad
3389 401 3517 468 229,
3561 421 3714 462 com.

450 497 548 560 qui
584 490 764 554 vertit,
816 488 983 542 alium
1034 489 1273 542 codicem
1322 489 1596 542 diversum
1642 497 1836 542 nactus
1865 499 2023 553 erat,

451 580 537 633 vel
572 578 848 646 indulgere
877 577 1081 631 amavit
1113 593 1176 631 ac
1225 578 1480 631 velilicari
1505 577 1725 645 eloquio
1752 592 1873 631 suo.
1914 576 2028 647 Ego

450 669 651 739 quippe
684 683 808 722 cum
863 668 965 723 fide
1012 683 1227 722 summa
1276 668 1564 733 transtuli,
1607 669 1752 721 sicut
1783 667 2026 736 ejusdem

451 757 557 812 Nili
594 766 886 812 tractatum
935 756 1012 811 De
1062 759 1330 822 oratione,
1376 772 1473 810 seu
1516 755 1612 808 τοῦ
1658 756 1825 809 αὐτοῦ
1873 756 2031 823 λόγον

452 850 588 920 Περὶ
612 848 710 917 τῆς
739 847 1046 917 προσευχῆς
1076 849 1158 911 είς
1196 853 1308 917 ρνγ¹
1322 846 1595 915 κεφάλαια
1622 846 2026 915 διειλημμένον,

451 940 508 994 in
565 940 806 1009 capitula
853 940 958 994 l53
1009 940 1352 994 distinctum.
1405 940 1716 993 Conversus
1751 937 1925 991 fuerat
1973 938 2028 990 in

452 1032 705 1087 Latinum
754 1032 857 1086 iste
901 1041 1165 1085 tractatus
1208 1048 1241 1084 a
1296 1029 1586 1084 Francisco
1613 1029 1888 1083 Turriauo
1914 1068 1929 1093 ,
1977 1039 2031 1082 et

458 1122 643 1175 editus
674 1122 986 1190 Antuerpite
1018 1123 1070 1173 in
1112 1123 1286 1174 lucem
1313 1124 1454 1185 apud
1485 1121 1791 1174 Plautinum
1832 1120 1884 1173 iu
1922 1120 1990 1173 12
2012 1157 2028 1182 ,

456 1221 570 1265 tum
601 1227 629 1266 a
663 1211 974 1280 Margariuo
1003 1211 1221 1281 Bignaao
1242 1250 1256 1274 ,
1306 1220 1361 1265 et
1409 1210 1545 1263 Zino
1581 1209 1818 1264 Venetiis
1848 1209 1986 1263 1574
2012 1226 2027 1275 ;

454 1307 587 1374 quin
617 1312 673 1358 et
702 1304 754 1357 in
789 1304 1113 1357 Bibliotheca
1142 1302 1365 1355 Patrum
1394 1301 1636 1356 Colonia:
1677 1317 1731 1371 p.
1767 1301 1892 1356 950.
1924 1302 2029 1357 Ve—

456 1410 576 1447 rum
609 1394 946 1448 desideratur
979 1403 1158 1447 textus
1217 1391 1460 1458 Graecus,
1497 1400 1551 1446 et
1581 1390 1768 1445 Latine
1818 1389 2031 1445 Graece-

454 1498 562 1552 que
593 1483 919 1549 prooemium
939 1523 958 1549 ,
989 1482 1135 1551 quod
1188 1482 1274 1536 hic
1309 1482 1565 1550 apposui,
1600 1482 1857 1551 quodque
1888 1481 2025 1535 iuri-

454 1577 534 1644 pit
564 1574 906 1645 [Ιυρέττοντά
960 1591 1027 1643 με
1056 1613 1070 1637 ,
1114 1574 1167 1627 id
1201 1583 1305 1634 est,
1343 1571 1747 1627 Febricitantem
1782 1589 1881 1626 me.
1929 1570 2033 1625 lui-

454 1666 590 1717 tium
631 1673 810 1717 autem
873 1673 1169 1727 tractatus,
1221 1679 1317 1717 seu
1371 1664 1610 1732 capitum
1663 1670 1785 1723 est,
1841 1662 1906 1714 Εἴ
1948 1678 2032 1724 τις

454 1754 696 1823 βούλοιτο
728 1794 743 1818 ,
785 1752 844 1808 Si
882 1755 997 1824 quis
1031 1755 1293 1819 voluerit;
1332 1753 1604 1808 clauditur
1645 1762 1701 1807 et
1740 1753 1845 1806 hor.
1887 1753 2030 1805 fine:
2069 1736 2108 1790 Β

454 1847 711 1917 Εΰρηκας
732 1849 1061 1916 προσευχήν.
1096 1845 1349 1900 Invenisti
1378 1846 1670 1899 orationem
1700 1862 1716 1911 ;
1744 1854 1798 1899 et
1834 1845 1887 1896 in
1916 1859 2035 1898 ver-

454 1944 611 1996 sione
643 1957 761 1994 ruca
796 1940 934 1993 forte
970 1942 1138 1994 lector
1162 1949 1420 2008 agnoscet
1443 1939 1769 2008 πιστοτέρας
1793 1977 1808 2001 ,
1854 1941 1896 1993 si
1927 1954 2034 1992 non

446 2028 767 2095 ,σοφωτέρας
822 2027 1112 2096 φροντίδας
1143 2028 1433 2097 δευτέρας;
1479 2029 1531 2084 id
1560 2038 1643 2083 est
1666 2069 1680 2094 ,
1712 2026 2031 2093 Fideliores,

452 2133 500 2174 et
523 2121 868 2189 sapientiores
899 2118 1155 2172 secundas
1178 2134 1357 2172 curas.

523 2210 753 2265 Omissis
790 2212 998 2279 aliquot
1024 2211 1305 2279 opusculis
1328 2248 1341 2273 ,
1371 2210 1438 2263 de
1463 2209 1663 2279 quibus
1694 2224 1823 2264 mox
1857 2210 2032 2266 disse-

454 2317 604 2365 ram,
652 2301 857 2371 subjcci
915 2302 1010 2353 τοῦ
1060 2301 1225 2353 αὑτοῦ
1290 2299 1570 2370 (Νείλου)
1610 2300 1882 2369 κεφάλαια
1950 2302 2032 2366 κζ’

453 2394 587 2463 Περὶ
613 2393 885 2463 διαφόρων
947 2391 1198 2462 πονηρῶν
1231 2390 1546 2462 λογισμῶν,
1586 2389 1837 2459 Ejusdem
1878 2391 2035 2462 (Nili

453 2484 675 2554 nempe)
712 2484 952 2553 capitula
991 2484 1059 2536 27
1110 2483 1189 2537 De
1223 2484 1443 2537 diversis
1476 2483 1723 2552 malignis
1753 2484 2033 2554 cogitatioq

453 2576 604 2628 nibus
660 2584 748 2632 τοι
805 2576 895 2630 hic
929 2585 1195 2630 tractatus
1226 2576 1476 2629 connecti
1514 2575 1704 2629 debuit
1740 2575 1863 2630 aliis
1896 2575 2034 2628 duo-

452 2668 555 2720 bus
589 2667 842 2734 superius
873 2666 1158 2720 collocatis
1179 2706 1196 2732 ,
1232 2675 1287 2719 et
1315 2680 1381 2719 ex
1425 2665 1511 2719 his
1559 2664 1787 2719 forsitan
1816 2666 2033 2734 collegit

454 2771 609 2810 suam
640 2756 947 2810 versionem
972 2755 1131 2824 quasi
1176 2763 1460 2808 centonem
1488 2769 1780 2818 consnens,
1808 2757 1887 2809 vel
1915 2756 2029 2809 eiu-

454 2862 585 2901 uum
618 2855 920 2901 contexens
956 2854 1146 2901 auctor
1172 2887 1187 2912 ,
1232 2854 1327 2900 aut
1355 2847 1624 2915 interpres
1653 2854 1918 2901 tractatus
1957 2846 2034 2900 De

454 2946 573 2991 octo
609 2938 814 2991 vitiosis
853 2938 1256 3007 cogitationibus
1303 2936 1545 2990 insertus
1573 2933 1883 2990 Coloniensi
1913 2934 2031 2989 edi-

2131 498 2330 561 putatis
2380 493 2525 557 istis,
2557 509 2679 565 qua:
2710 501 3066 547 numerantur
3092 490 3163 547 26
3191 494 3294 547 sub
3325 496 3481 550 titulo
3513 498 3709 555 Νείλου

2130 584 2425 637 ἐπισκόπου
2503 588 2597 637 καὶ
2673 585 2944 654 μάρτυρος
3021 584 3288 650 κεφάλαια
3342 626 3358 651 .
3449 584 3613 661 625
3675 578 3710 663 il

2132 675 2492 744 παραίνεσις,
2553 674 2605 728 id
2669 683 2789 739 est,
2858 664 3003 728 Nili.
3055 676 3285 746 episcopi
3349 688 3401 730 et
3461 690 3710 750 martyris

2130 767 2402 836 capitula,
2451 783 2541 820 seu
2591 767 2910 821 exhortatio.
2946 766 3236 821 Abundant
3276 766 3330 821 in
3360 769 3549 824 codice
3580 771 3708 826 Bar-‘

2131 861 2321 914 berino
2347 860 2463 914 istic
2487 858 2852 913 beatitudiues
2895 858 3030 928 (ride
3058 874 3219 927 supra
3269 862 3370 914 col.
3404 860 3559 925 1261,
3595 862 3704 935 0.).

2203 951 2459 1005 Arbitror
2502 961 2556 1005 et
2604 951 2947 1019 adjungenda
3006 950 3259 1019 capitulis
3309 952 3417 1007 illis
3466 955 3624 1010 editis
3654 958 3706 1009 io

2133 1051 2284 1096 tonio
2316 1041 2356 1095 ll
2386 1042 2525 1096 Bibl.
2559 1040 2983 1096 Grieco-Latiute
3013 1042 3312 1098 Parisieusi
3360 1044 3411 1097 id
3462 1048 3604 1114 quod
3637 1049 3689 1102 ib

2130 1137 2478 1192 desideratur
2515 1144 2639 1206 post
2667 1151 2787 1205 cap.
2826 1122 2896 1189 97
2933 1144 2986 1190 et
3015 1134 3201 1190 Grazce
3231 1135 3459 1191 in‘cod.
3513 1139 3681 1193 Barbc

2131 1231 2252 1284 rino
2310 1229 2506 1298 reperi.
2581 1228 2734 1299 (Hoc
2793 1228 3145 1298 fragmentum
3212 1230 3483 1297 posuimus
3550 1232 3707 1297 supra

2133 1324 2234 1376 col.
2269 1323 2427 1386 1257,
2461 1322 2550 1375 ubi
2586 1321 2755 1374 locum
2787 1320 3211 1387 opportuniorem
3243 1317 3490 1388 obtinet.)

2202 1414 2308 1466 Τοῦ
2332 1411 2668 1484 626αὑτοῦ
2685 1412 2743 1463 ὲν
2756 1411 2929 1478 ἁγίοις
2949 1410 3161 1479 Πατρὸς
3182 1410 3336 1479 ἡμῶν
3348 1410 3541 1462 Νείλου
3562 1411 3706 1481 Παρ-

2134 1507 2338 1569 αίνεσις
2389 1505 2525 1577 πρὸς
2561 1505 2848 1573 Μοναχοὺς
2879 1503 3233 1571 supponitur,
3274 1502 3432 1569 cujus
3471 1503 3702 1567 initium,

2146 1594 2462 1664 Ἀκρασίαν,
2500 1592 2554 1647 id
2585 1601 2686 1657 est,
2725 1592 3226 1660 intemperantiam;
3259 1589 3381 1645 finis
3414 1591 3548 1660 μηδὲ
3587 1609 3706 1643 συν-

2133 1686 2334 1739 εσθίειν
2375 1684 2557 1746 καυλὸν,
2588 1685 2636 1737 id
2659 1691 2761 1748 est,
2794 1699 2957 1752 neque
2987 1699 3105 1735 cum
3136 1699 3194 1736 eo
3226 1685 3491 1736 comedere
3518 1684 3705 1737 bonum

2135 1786 2233 1830 est.
2276 1774 2561 1830 Tractatus
2596 1774 2778 1843 hujus,
2802 1773 2915 1829 sive
2947 1771 3298 1827 Institutionis
3330 1776 3401 1827 ad
3428 1777 3705 1829 monachos

2136 1869 2376 1938 ejusdem
2421 1867 2593 1923 sancti
2631 1867 2806 1920 Patris
2834 1867 3004 1921 nostri
3034 1865 3138 1919 Nili
3171 1866 3493 1936 principium
3528 1868 3579 1921 in
3617 1866 3707 1922 Vi-

2138 1962 2209 2015 tis
2242 1959 2461 2015 Patrum
2496 1958 2760 2014 Hcriberti
2793 1957 3080 2028 Rosweydi
3109 1975 3161 2027 p.
3192 1957 3316 2023 598,
3354 1960 3571 2013 nomine
3593 1959 3707 2013 lau-

2136 2053 2298 2107 datur
2348 2051 2598 2122 Evagrii;
2650 2051 2701 2104 in
2746 2049 2981 2105 editione
3019 2048 3135 2102 Ziui
3177 2060 3229 2102 et
3270 2049 3324 2103 in
3374 2048 3706 2107 Bibliotheca

2137 2152 2447 2198 sanctorum
2480 2144 2700 2197 Patrum
2735 2156 2938 2195 excusa
2982 2139 3221 2195 Colonia:
3254 2142 3428 2195 sancti
3467 2140 3573 2196 Nili
3608 2144 3706 2196 ab-

2136 2233 2276 2287 batis
2298 2248 2420 2286 cum
2452 2232 2608 2286 titulo
2639 2233 2907 2300 reperitur
2935 2247 2988 2301 p.
3020 2230 3145 2285 968.
3181 2230 3308 2284 Eam
3338 2230 3567 2303 Evagrio
3593 2233 3709 2286 vin-

2135 2325 2281 2380 dicat
2319 2322 2649 2379 Holsteinius
2676 2337 2706 2377 e
2734 2322 3105 2392 manuscripto
3138 2322 3241 2375 ΒΒ.
3265 2322 3367 2376 ΒΒ.
3406 2324 3498 2393 qui
3542 2326 3707 2379 multa

2134 2415 2325 2469 deesse
2361 2413 2596 2483 capitula
2629 2412 2935 2467 observavit
2974 2413 3272 2482 supplenda
3315 2429 3380 2468 ex
3424 2415 3541 2483 ipso
3571 2415 3706 2467 Eva.

2136 2504 2275 2573 grio.
2297 2518 2416 2573 quae
2444 2504 2495 2556 iu
2522 2502 2626 2556 alio
2648 2501 2833 2556 codice
2854 2500 3203 2555 Bibliotheca:
3226 2501 3329 2556 ΒΒ.
3359 2502 3463 2556 sub
3496 2501 3705 2573 Evagrii

2135 2596 2355 2649 nomine
2389 2595 2670 2663 comperit.
2697 2593 2809 2662 Ego
2839 2607 2967 2647 vero
3003 2608 3109 2647 non
3141 2594 3384 2648 dubitavi
3423 2594 3555 2663 quin
3583 2608 3708 2649 sau-

2135 2697 2226 2744 cto
2273 2685 2396 2741 Nilo
2447 2687 2823 2751 inscriberem,
2866 2701 2896 2740 a
2930 2700 3038 2755 quo
3073 2685 3363 2756 Evagrium
3400 2695 3701 2741 mutuatum

2136 2780 2302 2834 fuisse
2334 2778 2653 2833 crediderim
2681 2776 2856 2842 facile,
2899 2778 2975 2831 uti
3002 2777 3168 2847 φίλων
3205 2778 3273 2831 τὰ
3315 2779 3490 2831 πάντα
3528 2779 3700 2841 κοινὰ,

2135 2869 2214 2924 sic
2239 2869 2395 2935 λόγον
2441 2867 2767 2938 δογματικὸν
2795 2867 2864 2921 ab
2896 2867 3145 2937 Evagrio,
3174 2868 3282 2922 imo
3301 2882 3332 2921 a
3366 2865 3424 2921 S.
3450 2868 3704 2938 Gregorio

2135 2959 2481 3014 Nazianzeno
2533 2958 2766 3028 sumpsit
2813 2956 2870 3012 S.
2921 2956 3098 3020 Nilus.
3145 2958 3236 3013 scd
3278 2957 3458 3013 fusius
3494 2959 3545 3011 in
3585 2956 3703 3013 Vita

457 3027 786 3097 tioni.,Certe
816 3028 869 3080 hi
901 3037 1010 3082 tres
1041 3036 1302 3081 tractatus
1333 3027 1476 3080 circa
1504 3026 1692 3078 cadent
1725 3033 2029 3088 versantur,
2059 3068 2101 3123 α
2135 3053 2250 3122 ipsa
2274 3051 2331 3106 δ’
2360 3051 2463 3105 Ni“
2486 3026 2872 3106 demohslrabo
2896 3049 3075 3104 Nilum
3100 3050 3150 3103 in
3179 3050 3573 3119 capitulaﬂim
3596 3050 3706 3115 ενδ,

454 3120 703 3189 quamvis
737 3119 790 3172 in
826 3118 1197 3187 mauuscripto
1228 3117 1528 3171 Barheriuo
1561 3116 1915 3185 interpositus
1959 3118 2032 3171 sit

457 3219 721 3271 tractatus
763 3210 830 3263 de
877 3207 1153 3274 oratione,
1209 3207 1341 3261 mihi
1382 3207 1571 3277 religio
1624 3204 1728 3260 fuit
1780 3208 2028 3261 ordinem

454 3302 671 3356 Codicis
708 3301 913 3354 exarati
959 3301 1170 3354 calamo
1205 3299 1576 3354 intervertere.
1634 3297 1849 3367 Initium
1903 3310 2028 3353 est:

456 3394 579 3446 Τῶν
614 3392 1007 3464 ἀντικειμένων
1067 3391 1337 3460 δαιμόνων
1383 3393 1449 3460 τῇ
1500 3392 1775 3461 πρακτικῇ
1817 3390 1865 3443 id
1915 3399 2030 3456 est,

464 3484 507 3538 E
545 3485 868 3537 da'ntonibus
935 3483 1188 3551 oppositis
1242 3482 1426 3534 activa:
1483 3482 1640 3542 vitat;
1687 3489 1743 3533 ct
1792 3479 2030 3543 desiuit,

459 3571 536 3629 Οὗ
593 3576 686 3628 καὶ
756 3573 1085 3644 ρυσθείημεν
1137 3574 1318 3643 χάριτι
1372 3570 1466 3623 τοῦ
1530 3569 1806 3640 Χριστοῦ,
1874 3580 2030 3625 ctc.:

460 3671 500 3720 Α
530 3682 632 3736 quo
656 3666 933 3718 liberemur
961 3667 1130 3734 gratia
1155 3664 1356 3719 Christi
1384 3705 1397 3728 ,
1431 3673 1534 3717 etc.

533 3757 725 3811 Addidi
768 3756 858 3808 τοῦ
896 3756 1060 3809 αὑτοῦ
1108 3755 1379 3823 κεφάλαια
1403 3753 1485 3823 λγ¹
1512 3752 1633 3806 κατ’
1672 3752 1993 3806 ἀκολουθίαν
2017 3793 2033 3818 ,

461 3847 515 3901 id
556 3855 640 3901 est
666 3887 680 3909 ,
735 3845 986 3914 Ejusdem
1027 3845 1263 3914 capitula
1304 3845 1372 3898 '53
1396 3886 1409 3909 ,
1441 3861 1532 3912 per
1558 3844 1755 3912 gradus
1783 3845 2035 3914 quosdam

460 3938 714 4007 disposita
743 3939 1139 4007 consequentiw.
1170 3936 1436 4006 Incipiunt
1472 3952 1535 3989 ea
1560 3952 1574 3988 :
1597 3935 1808 4005 ἴκτερός
1850 3939 1996 3991 ἐστιν
2017 3975 2033 4002 ,

462 4030 513 4081 id
549 4037 665 4094 est,
697 4027 912 4082 Morbus
938 4038 1216 4099 arquatus,
1260 4044 1350 4080 seu
1389 4028 1556 4096 regius
1585 4034 1700 4089 est;
1736 4028 2032 4081 terminan-

462 4130 551 4173 tur
572 4161 587 4185 ,
630 4119 987 4173 καταϐάλλειν
1038 4118 1466 4189 πεπιστευμέναι
1493 4155 1509 4180 ,
1558 4131 1676 4185 qua:
1708 4125 1938 4185 pratsunt
1968 4115 2037 4167 ad

458 4210 799 4281 repellendos.
839 4209 945 4265 Ista
977 4221 1336 4265 consectanea
1375 4218 1505 4262 sunt
1535 4207 1830 4275 persimilia
1864 4206 2035 4259 sancti

458 4298 708 4354 Eucherii
748 4300 1195 4370 Expositiouibus
1235 4296 1572 4352 brevissimis
1599 4311 1769 4349 sacra:
1794 4295 2036 4362 Scriptu-

2140 3143 2309 3196 ritalis
2336 3143 2659 3196 documenta
2681 3142 3017 3196 contraxisse
3039 3140 3393 3210 peritissime,
3425 3152 3481 3195 ut
3503 3142 3590 3210 qui
3612 3144 3705 3192 κέ-

2140 3234 2446 3304 φαλαιὼτου
2507 3233 2781 3303 epitheton
2842 3232 2970 3287 inde
3010 3232 3287 3295 meruerit,
3332 3241 3386 3285 et
3430 3231 3484 3284 iu
3524 3245 3704 3284 eremo

2140 3325 2347 3380 diutius
2404 3331 2680 3378 versatum
2730 3338 2854 3378 cum
2896 3321 3180 3376 monachis
3212 3336 3274 3375 ea
3306 3321 3563 3376 diuturno
3600 3336 3702 3374 usu

2140 3415 2415 3478 calluisse,
2442 3414 2535 3483 qui
2576 3427 2769 3482 nempe
2791 3412 3064 3481 specimen
3093 3411 3394 3481 prudentia:
3428 3425 3539 3466 sum
3569 3411 3703 3479 poli-

2142 3507 2261 3559 ticae
2287 3505 2341 3558 in
2372 3504 2690 3573 praefectura
2713 3503 2862 3557 urbis
2882 3502 3498 3570 Constantinopolitanae
3523 3500 3706 3570 patria

2141 3611 2256 3650 sum
2314 3610 2439 3649 cum
2493 3594 2828 3663 imperatori,
2862 3600 2979 3646 tum
3020 3592 3375 3662 popularibus
3426 3592 3539 3647 suis
3570 3606 3706 3662 prte-

2142 3689 2353 3752 huerat,
2391 3689 2557 3742 etiam
2608 3688 2663 3740 in
2706 3686 2998 3743 solitudine
3036 3696 3145 3741 tam
3188 3687 3495 3754 cmuohitis,
3545 3700 3705 3756 quam

2142 3779 2486 3834 auachoretis
2513 3778 2740 3834 consilia
2781 3778 3138 3832 saluberrima
3163 3778 3613 3833 subministravit.

2212 3870 2443 3925 Adtexui
2492 3869 2599 3922 Τοῦ
2653 3869 2818 3923 αὑτοῦ
2876 3870 3023 3923 ὁσίου
3060 3871 3272 3940 Harpe;
3322 3869 3480 3939 ἡμῶν
3516 3868 3705 3921 Νείλου

2144 3959 2366 4030 γνώμας
2398 3963 2507 4014 ἀπα
2525 3961 2718 4028 γούσας
2740 3961 2849 4013 τῶν
2876 3961 3153 4032 φθαρτῶν,
3182 3962 3276 4015 καὶ
3300 3961 3577 4022 κολλώσας
3597 3961 3707 4019 τοῖς

2144 4051 2439 4121 ἁφθάρτοις
2497 4051 2590 4104 τὸν
2648 4052 2954 4120 ἄνθρωπον.
3008 4051 3263 4121 Ejusdem
3312 4053 3483 4106 sancti
3535 4050 3709 4104 Patris

2144 4144 2311 4194 nostri
2341 4141 2459 4194 Nili
2485 4143 2769 4195 sententias
2805 4142 3165 4195 abstrahentes
3200 4159 3231 4194 a
3260 4141 3706 4211 corruptibilibus,

2142 4246 2191 4287 et
2245 4233 2507 4286 hominem
2570 4233 3055 4301 incorruptibilibus
3104 4233 3514 4303 agglutinantes.
3557 4234 3710 4286 Hunc

2145 4326 2361 4393 quidem
2417 4325 2629 4378 titulum
2685 4325 2981 4379 Sententiis
3019 4326 3146 4388 illis,
3189 4341 3326 4394 quas
3370 4326 3707 4394 prmtertnisi,

460 4406 569 4450 rm.
611 4406 731 4456 qua:
771 4391 1021 4456 leguntur
1065 4389 1118 4441 in
1151 4386 1422 4440 Lirinensi
1462 4384 1828 4484 Chronologia
1857 4386 2038 4484 relatae
2072 4410 2113 4464 η
2143 4384 2271 4484 q‘uia
2296 4415 2410 4484 iam
2446 4416 2761 4484 pmsmbam
2795 4416 2955 4470 edim
2990 4384 3175 4469 Graec
3206 4384 3281 4469 "ac
3320 4384 3507 4469 “hinc
3533 4415 3583 4467 in
3620 4384 3711 4465 Bk"

457 4497 489 4533 a
521 4480 802 4534 Vincentio
830 4479 1075 4543 ΒΑΝ-³1η
1103 4477 1392 4548 allegorice
1422 4476 1643 4545 quippe,
1672 4483 1835 4544 atque
1864 4475 2033 4529 auda-

457 4580 573 4623 cter
597 4610 611 4635 ,
647 4579 701 4624 et
739 4568 1072 4639 tropologice
1099 4583 1184 4622 res
1215 4568 1449 4635 explicat
1483 4581 1669 4622 sacras
1690 4607 1707 4631 ,
1751 4578 1805 4621 et
1832 4569 2039 4622 morbis

456 4662 704 4730 corporis
734 4659 1081 4729 aegritudines
1103 4658 1406 4709 animorum
1441 4657 1754 4711 assimilaus
1781 4658 2041 4727 explanat

458 4764 552 4802 eas
587 4741 663 4802 uti
712 4747 973 4817 spiritalis
1021 4747 1263 4801 medicus
1314 4743 1507 4811 Ndus,
1553 4747 1660 4801 illis
1700 4747 1963 4803 adhibens
2008 4764 2038 4803 e

462 4839 642 4894 Libris
683 4840 853 4894 sacris
883 4839 1201 4908 deprompta
1248 4838 1662 4892 medicamenta.
1706 4840 2036 4895 Prretermisi

461 4931 555 4984 τοῦ
590 4931 755 4984 αὑτοῦ
787 4929 1064 4992 νουθεσίας
1105 4931 1480 5000 πνευματικὰς
1508 4930 1652 4983 κατὰ
1680 4933 1991 5001 ἀλφάόητον
2023 4973 2037 4997 ,

462 5038 698 5092 quarunt
757 5021 1043 5076 exordium
1075 5063 1089 5087 ,
1144 5021 1287 5091 ἀρχὴ
1340 5023 1552 5091 σοφίας,
1614 5025 1708 5074 καὶ
1765 5024 2038 5092 σωτηρίας

466 5116 498 5183 ἡ
535 5113 764 5167 σεαυτοῦ
801 5115 1191 5181 κατάγνωσις;
1235 5113 1286 5165 id
1326 5123 1446 5177 est,
1493 5112 1747 5181 Ejusdem
1778 5115 2039 5168 Admoni-

464 5208 631 5258 tiottes
653 5206 953 5273 spirituales
978 5206 1161 5259 ordine
1182 5204 1507 5274 alphabetiro
1524 5245 1538 5270 ,
1561 5221 1794 5274 quorum
1824 5208 2036 5261 initium

463 5309 565 5366 est,
597 5298 923 5368 Principium
967 5299 1241 5368 sapientia
1286 5307 1335 5350 et
1366 5298 1558 5352 salutis
1586 5307 1662 5350 est
1698 5300 1783 5353 sui
1813 5314 2038 5351 accusa-

466 5394 537 5443 tio
570 5392 769 5456 ipsius;
806 5400 861 5443 at
910 5391 1032 5443 linis
1073 5399 1183 5456 est,
1212 5391 1389 5444 Ὠτων
1437 5393 1530 5442 καὶ
1561 5388 1813 5459 γλώσσης
1864 5391 2038 5459 μέγας

465 5482 493 5531 ὁ
525 5482 787 5540 κίνδυνος.
820 5481 1038 5532 Aurium
1061 5522 1076 5546 ,
1107 5494 1149 5533 et
1188 5482 1379 5549 lingua:
1428 5497 1675 5549 magnum
1713 5491 1788 5533 est
1828 5482 2038 5548 pericu-

466 5567 571 5615 lum
595 5582 611 5629 ;
635 5567 759 5631 quia
806 5568 962 5619 cdilze
990 5578 1116 5621 sunt
1139 5567 1323 5622 Gra‘ce
1352 5580 1514 5638 atquc
1539 5569 1727 5623 Latine
1753 5570 1807 5622 in
1836 5570 2038 5625 Biblio-

466 5653 620 5703 theca
648 5652 1057 5707 Grzero-Latiua
1075 5667 1389 5710 sanctorum
1416 5660 1636 5711 Patrum
1666 5667 1812 5713 tomo
1837 5676 2034 5713 secun-

467 5743 537 5794 do
573 5742 827 5795 editionis
861 5744 1153 5801 Parisieus.
1195 5749 1362 5815 ibi“,
1402 5751 1495 5803 fol.
1542 5751 1710 5816 1163,
1756 5761 1810 5806 et
1846 5767 2037 5807 succc-

2144 4506 2410 4560 bliotheca
2444 4514 2755 4560 sanctorum
2786 4504 3009 4559 Patrum
3051 4504 3349 4560 Parisiens.
3378 4520 3525 4558 anno
3555 4501 3709 4562 “525.
3749 4518 3780 4566 ῖ

2141 4607 2291 4651 tomo
2334 4598 2373 4650 ll
2425 4598 2554 4652 edit.
2587 4597 2641 4650 in
2671 4596 2764 4651 fol.
2804 4612 2927 4667 pag.
2974 4596 3126 4663 1168,
3167 4612 3232 4650 ex
3276 4596 3715 4663 Orthodoxogra-

2142 4688 2264 4756 phis
2297 4688 2351 4740 iu
2388 4686 2701 4750 Germania,
2728 4688 3010 4756 praeﬁxum
3042 4685 3221 4739 ferunt
3252 4694 3307 4739 et
3337 4690 3452 4740 istae
3483 4684 3714 4738 Senten-

2143 4775 2248 4837 tiae,
2292 4776 2382 4829 sed
2419 4775 2577 4828 valde
2605 4774 2898 4840 dill'eruut;
2944 4775 3211 4841 incipiunt
3245 4775 3412 4839 enim,
3453 4772 3601 4834 Ὀδὺς
3632 4774 3715 4833 είς

2140 4867 2339 4937 ἀρετὴν
2367 4866 2570 4935 ἀγαθὴ,
2598 4865 2692 4918 καὶ
2718 4864 2979 4935 σύντομος
3006 4868 3039 4936 ἠ
3065 4863 3160 4917 τοῦ
3187 4866 3303 4934 βίου
3335 4863 3500 4932 φυγή,
3528 4862 3580 4915 id
3608 4870 3712 4921 est,

2151 4952 2246 5006 Via
2272 4954 2481 5007 virtutis
2508 4954 2643 5007 bona
2690 4963 2738 5008 et
2770 4956 2980 5007 concisa
3001 4966 3075 5007 est
3105 4955 3375 5009 saecularis
3411 4955 3527 5006 siste
3553 4953 3715 5021 fuga;

2140 5046 2398 5099 desinunt
2450 5062 2578 5101 vero
2633 5046 3043 5117 ἀπολλυμένων,
3096 5048 3147 5101 id
3191 5056 3295 5111 est,
3344 5046 3713 5115 pereuntium;

2142 5138 2259 5190 ista:
2290 5148 2647 5191 numerantur
2687 5139 2806 5201 134,
2847 5140 2951 5191 illa:
2996 5152 3125 5192 vero
3156 5137 3276 5202 2‘29,
3325 5139 3447 5205 plus
3494 5136 3712 5197 minus;

2142 5238 2195 5281 et
2224 5228 2340 5283 ista:
2366 5230 2577 5283 collata:
2609 5230 2970 5283 fueruntcum
3002 5230 3285 5284 codicibus
3316 5228 3593 5282 Vaticanis
3612 5225 3718 5279 655

2140 5344 2193 5387 et
2224 5334 2393 5389 “34:
2424 5344 2588 5404 atque
2616 5335 2719 5390 illa:
2742 5336 3098 5405 praeferebant
3125 5336 3287 5390 etiam
3317 5335 3531 5387 titulum
3564 5331 3714 5401 Παρ·

2142 5439 2418 5505 αινέσεων,
2444 5440 2475 5510 ἦ
2502 5439 2821 5507 Κεφαλαίων
2851 5441 3141 5511 διαφόρων,
3173 5440 3226 5494 id
3257 5448 3359 5503 est,
3384 5436 3715 5490 Admonitio-

2143 5561 2287 5611 num,
2310 5562 2398 5599 seu
2433 5545 2800 5615 Capitulorum
2837 5547 2999 5618 627
3031 5548 3354 5599 diversorum
3374 5561 3392 5598 :
3414 5542 3714 5611 saepiusque

2146 5647 2320 5701 lucem
2354 5659 2677 5716 aspcxerunt
2707 5664 2920 5714 recusa,
2962 5649 3285 5703 Franekera:
3309 5646 3494 5701 Graece
3531 5643 3713 5698 itidem

2151 5767 2213 5806 ac
2242 5750 2430 5809 Latine
2457 5754 2509 5807 in
2538 5754 2622 5821 12,
2648 5769 2791 5809 anno
2822 5753 2978 5809 1608.
3014 5752 3318 5823 Stephanus
3345 5748 3619 5817 Schouing
3650 5760 3712 5801 cl
