3998 6116
334 310 470 379 1353

1529 301 1626 372 DE
1663 311 2046 372 OPERIBUS
2084 313 2144 374 S.
2176 305 2361 373 NlLl.

3435 315 3570 380 I354

330 438 389 478 se
439 409 746 475 traduxisse
783 417 1045 490 glorians,
1093 422 1144 471 et
1191 413 1514 472 testimoniis
1552 428 1664 473 tum
1698 419 1895 480 sacris,

2003 435 2148 489 ματα
2165 421 2244 483 εις
2265 420 2364 490 τὴν
2386 421 2572 493 ἁναέρε
2584 438 2662 478 σιν
2683 422 2790 477 τῶν
2808 425 2865 477 ἐν
2886 423 3013 494 Σινᾷ
3030 427 3124 478 καὶ
3154 424 3368 480 Ῥαιθοῦ
3399 428 3578 496 ἁγίων

329 519 443 565 tum
467 506 714 579 profanis
746 507 1069 569 illustrasse,
1102 505 1284 576 potius
1318 505 1434 576 ipsa
1462 509 1692 563 multum
1722 507 1898 565 Calvi-

329 600 477 655 niani
519 597 746 654 furfuris
780 599 1096 668 iuspergens
1130 597 1459 668 inquinavit.

394 690 721 746 Coronidem
750 689 900 743 hisce
925 687 1403 744 lucubrationibus
1424 687 1646 746 Niliacis
1667 689 1896 761 imposui

325 797 637 838 sermonem
690 780 830 834 beati
878 777 982 834 Nili
1032 780 1086 834 in
1144 779 1362 834 ell‘atum
1428 781 1559 836 illud
1621 779 1898 852 Evangelii

326 873 470 941 quod
507 872 637 927 dicit
677 889 692 924 :
729 868 886 923 Nune
917 871 1007 940 qui
1041 870 1192 925 liabet
1248 871 1540 936 saccttlnm,
1567 873 1718 926 tollat
1747 874 1899 926 simi—

325 964 448 1016 liter
495 971 542 1016 et
593 977 795 1030 peram,
834 972 884 1015 et
927 963 1018 1031 qui
1068 979 1171 1016 non
1217 962 1390 1026 habet,
1436 962 1622 1018 vendat
1675 962 1900 1032 pallium

325 1069 501 1118 suum,
530 1064 579 1106 et
606 1060 747 1106 emat
767 1051 1028 1121 gladium.
1057 1053 1147 1108 Sic
1172 1063 1354 1107 autem
1391 1068 1450 1108 se
1481 1054 1641 1110 habet
1674 1055 1897 1110 Graece:

325 1143 498 1210 Λόγος
535 1141 630 1194 τοῦ
683 1142 957 1212 μακαρίου
989 1141 1188 1195 Νείλου
1215 1143 1296 1206 εἰς
1318 1143 1377 1196 τὸ
1403 1143 1568 1214 ῥητὸν
1595 1141 1691 1196 τοῦ
1719 1143 1899 1212 Εὐαγ-

324 1233 506 1301 γελξου
563 1233 624 1286 τὸ
684 1234 910 1303 φάσκον.
971 1233 1084 1286 Νῦν
1123 1236 1151 1287 ὁ
1202 1233 1339 1305 ἔχων
1387 1233 1671 1304 βαλάντιον
1713 1236 1903 1310 ἀράτω

325 1325 528 1395 ὁμοίως
581 1327 674 1378 καὶ
724 1325 926 1394 πήραν,
977 1326 1071 1378 καὶ
1111 1325 1140 1377 ὁ
1182 1325 1256 1396 μὴ
1302 1324 1460 1395 ἔχων,
1501 1325 1812 1396 πωλησάτω
1841 1326 1904 1380 τὸ

330 1415 549 1486 ἱμάτιον
595 1413 782 1480 αὑτοῦ,
827 1416 922 1468 καὶ
964 1415 1290 1486 ἀγορασάτω
1324 1415 1620 1488 μάχαιραν.
1655 1414 1779 1471 Fuit
1811 1415 1902 1472 hic

327 1521 511 1562 sermo
547 1507 852 1576 exscriptus
889 1523 919 1561 e
948 1507 1139 1563 codice
1175 1506 1488 1562 Cassinensi
1531 1506 1902 1577 manuscripto

326 1611 482 1652 num.
545 1597 686 1662 278,
749 1598 802 1650 in
869 1597 1057 1652 codice
1125 1597 1370 1668 Gregorii
1435 1597 1760 1652 Nazianzeni
1815 1597 1902 1652 irr-

327 1698 526 1756 quarto
571 1703 736 1758 prope
780 1688 963 1743 linem.
1006 1687 1218 1758 Incipit,
1275 1688 1348 1742 Τὸ
1398 1688 1759 1768 προκείμενον
1799 1689 1898 1760 ῥη-

326 1781 440 1845 τόν,
487 1781 538 1834 id
593 1789 700 1845 est,
756 1778 1093 1849 Propositum
1148 1761 1770 1849 e/I'atumfterminatur
1815 1779 1901 1836 bis
1931 1761 1974 1819 Β

329 1870 528 1934 verbis,
569 1870 671 1926 Διὰ
719 1869 920 1934 παντὸς
965 1869 1346 1942 φυλασσομένη
1385 1869 1661 1935 εὐλάϐεια,
1696 1869 1750 1926 id
1793 1878 1900 1939 est,

326 1961 670 2017 Custodiente
690 1961 882 2030 pietate
904 1970 1171 2031 perpetuo.

400 2050 541 2107 Sunt
567 2060 620 2106 et
651 2051 741 2105 alii
764 2065 1043 2107 sermones
1069 2048 1194 2115 Nili,
1220 2049 1448 2113 scilicet,
1475 2051 1584 2106 duo
1607 2051 1898 2115 contracti,

327 2157 422 2197 seu
483 2141 667 2211 potius
711 2157 904 2196 eorum
958 2141 1208 2211 epitomat
1265 2143 1322 2197 in
1364 2142 1559 2197 festum
1617 2136 1902 2197 Pasebatis

327 2231 492 2295 diem,
524 2239 578 2285 et
618 2239 728 2284 tres
775 2230 834 2285 in
874 2230 1261 2287 Ascensiouem
1295 2231 1531 2297 Domini,
1571 2233 1712 2302 apud
1753 2231 1900 2287 Pho-

329 2322 465 2375 tium
491 2321 544 2374 in
568 2321 938 2392 Μυριοσξσὶῳ,
968 2336 1064 2377 seu
1094 2321 1422 2393 Βιϐλιοθήκῃ
1445 2322 1630 2378 codice
1653 2321 1779 2388 206,
1802 2338 1902 2396 pa-

331 2413 458 2482 gina
493 2412 618 2478 855,
651 2427 789 2482 quos
821 2411 1008 2468 Latine
1035 2413 1196 2467 vertit
1226 2414 1472 2468 Andreas
1510 2412 1770 2470 Scliottus
1801 2414 1902 2470 So-

329 2504 545 2558 cietatis
571 2501 722 2569 Jesu,
745 2503 876 2558 mihi
903 2504 1064 2558 etiam
1095 2503 1148 2559 in
1178 2503 1363 2576 Belgio
1385 2513 1566 2570 notus,
1589 2511 1644 2561 et
1671 2518 1902 2574 conjun-

329 2595 632 2661 ctissimus,
673 2610 780 2649 non
812 2594 1150 2650 humanitate
1171 2595 1373 2659 minus,
1409 2610 1574 2665 quam
1611 2595 1901 2652 humanio-

328 2701 453 2740 rum
483 2687 783 2740 litterarum
809 2685 1000 2756 peritia
1027 2686 1492 2742 commendandus
1517 2705 1530 2741 :
1555 2680 1661 2742 illce
1683 2688 1902 2758 quando

325 2779 488 2832 editae
525 2785 652 2832 sunt
675 2778 860 2832 Graece
897 2778 967 2832 ab
1001 2776 1314 2833 liaeschelio
1346 2793 1436 2832 an.
1471 2777 1599 2835 I60l
1641 2778 1903 2850 Augustae

332 2865 740 2923 Viudelicorum
774 2869 825 2923 in
853 2867 1005 2942 folio,
1032 2877 1086 2924 et
1122 2869 1328 2933 Graece,
1357 2868 1655 2942 Latineque
1682 2871 1752 2927 ab
1780 2872 1902 2928 illo-

331 2969 440 3014 met
477 2959 720 3023 Schetto,
757 2940 1086 3031 sclioliisque
1125 2960 1396 3017 auctiores
1436 2940 1755 3031 prodierunt
1799 2978 1901 3018 an-

332 3063 402 3102 no
449 3046 588 3101 I653
649 3044 970 3117 Rotliomagi
1012 3063 1230 3118 quoque
1285 3049 1339 3103 in
1376 3046 1537 3116 l'olio;
1584 3049 1658 3105 ibi
1693 3059 1818 3106 sunt
1849 3060 1902 3106 et

333 3139 489 3205 let-ta,
522 3152 616 3193 seu
663 3147 916 3206 excerpta
965 3153 1000 3194 e
1041 3138 1310 3209 capitibus
1345 3139 1446 3195 155
1510 3137 1798 3196 Tractatus
1829 3139 1899 3196 de

331 3230 600 3293 oratione,
633 3227 700 3282 de
733 3242 842 3297 quo
872 3227 1125 3298 superius
1165 3227 1246 3297 egi
1278 3228 1472 3299 pagina
1508 3227 1633 3294 624,
1659 3228 1755 3284 sed
1793 3243 1900 3284 nu-

333 3335 483 3374 mero
536 3319 634 3375 201
695 3317 947 3374 Pbotiaui
1008 3317 1309 3391 Hyriobibli
1363 3328 1576 3375 tantum
1627 3319 1847 3375 titulum
1881 3361 1898 3386 ,

332 3425 732 3479 numerumque
761 3412 1003 3480 capitum
1035 3412 1296 3481 comperi,
1330 3411 1454 3467 licet
1491 3409 1718 3468 Pbotius
1749 3411 1900 3481 judi-

330 3501 476 3553 cium
510 3497 646 3554 l'erat
671 3507 855 3567 postea
885 3499 1177 3555 conterens
1199 3516 1325 3556 eum
1349 3517 1474 3556 cum
1499 3501 1756 3558 Diadocbi
1786 3502 1902 3572 epi-

332 3589 483 3656 sc0pi
528 3585 781 3642 Pliotices
815 3585 1241 3654 deﬁnitionibus,
1271 3598 1326 3643 et
1346 3589 1635 3659 capitibus,
1668 3607 1902 3662 cumque

332 3679 494 3734 Marci
545 3680 795 3733 monachi
844 3678 1142 3741 Asceticis;
1184 3688 1240 3733 at
1283 3695 1434 3732 num.
1474 3679 1596 3734 276.
1629 3679 1900 3739 Prooemia

331 3769 674 3826 0ratiouum,
700 3783 790 3815 mu
825 3774 908 3815 tam
927 3781 1144 3816 ιιιυιιιιιιι
1165 3769 1215 3818 in
1239 3765 1530 3826 Pascliatc:
1559 3777 1667 3822 tam
1695 3771 1901 3839 primat,

331 3873 494 3924 quam
527 3863 695 3908 terth
718 3854 954 3908 humilia:
983 3855 1048 3906 de
1076 3855 1276 3911 Christi
1295 3855 1653 3924 Ascensioue,
1682 3870 1736 3914 et
1765 3860 1901 3915 alia-

334 3957 455 3996 rum
483 3939 820 4014 Compendia
849 3957 865 3996 :
892 3952 1070 4013 neque
1108 3959 1195 3999 me
1225 3943 1485 4002 cohibere
1513 3964 1736 4019 possum
1768 3947 1899 4021 quin

339 4034 426 4088 hic
455 4033 657 4088 Nicolai
687 4033 909 4089 Antonii
937 4035 1040 4090 viri
1073 4051 1353 4108 nunquam
1385 4040 1518 4095 satis
1556 4037 1757 4096 laudati
1802 4043 1899 4096 lib.

339 4129 413 4177 De
436 4123 642 4189 exsilio,
677 4125 1110 4180 observationem
1135 4127 1188 4180 in
1216 4127 1355 4182 hanc
1378 4129 1590 4184 tertiam
1623 4126 1899 4185 homiliam

332 4215 623 4269 ascribam.
670 4213 903 4270 Sanctus
945 4211 1124 4283 Nilus,
1163 4233 1331 4287 agens
1357 4218 1424 4274 de
1456 4217 1642 4275 Enoch
1673 4229 1728 4277 et
1759 4216 1900 4286 Elia,

332 4309 524 4361 scribit
551 4325 565 4361 :
598 4303 836 4378 Κατέχει
867 4308 977 4380 γὰρ
1007 4307 1228 4373 vetitae;
1259 4310 1287 4363 ὁ
1315 4307 1566 4382 Πλάστης
1603 4311 1662 4366 ἐν
1689 4310 1900 4384 σώματι

2002 512 2260 582 Πατέρων
2284 513 2362 576 εἰς
2383 513 2669 568 Θεόδουλον
2695 515 2788 568 τὸν
2809 516 2924 568 υἱὸν
2953 517 3118 571 αὐτοῦ
3139 533 3153 549 ·
3182 516 3297 572 Nili
3329 521 3574 578 monachi

1998 601 2232 655 eremitae
2254 599 2626 667 Narrationes,
2646 605 2834 675 quibus
2851 607 3020 660 cardcs
3039 609 3414 664 monachorum
3434 629 3573 666 mon.

2001 693 2068 746 tis
2088 691 2248 756 Since,
2267 703 2317 747 et
2337 693 2555 761 Rhaitu,
2571 705 2620 750 et
2637 695 2910 764 captivitas
2932 695 3187 752 Theoduli
3201 699 3307 767 ﬁlii
3323 704 3572 755 describi-

2003 793 2125 850 tur,-
2167 801 2291 840 uam
2339 787 2554 842 titulum
2587 789 2837 844 Latinum
2871 790 2941 844 ita
2972 793 3212 862 concipit
3250 809 3315 848 ex
3360 793 3571 861 Graeco,

2002 896 2163 950 quem
2198 882 2356 936 aliter
2382 882 2629 938 inscribit
2664 883 2730 938 Β.
2763 883 2920 939 Pater
2953 883 3214 940 Possinus
3255 884 3387 940 mihi
3427 901 3575 940 seru-

2001 987 2097 1042 per
2134 972 2460 1037 laudandus,
2495 983 2550 1030 et
2590 976 2644 1030 in
2683 985 2888 1047 septem
2922 975 3169 1031 distinxit
3201 973 3574 1032 Narrationes.

2003 1062 2141 1119 Tum
2164 1064 2257 1118 τοῦ
2285 1067 2345 1120 ἐν
2374 1066 2548 1136 ἁγίοις
2577 1068 2787 1140 Πατρὸς
2817 1068 2974 1139 ἡμῶν
2996 1068 3190 1123 Νείλου
3216 1068 3310 1122 τοῦ
3333 1069 3576 1140 πρεσϐυο

1999 1153 2159 1226 τέρου
2186 1155 2268 1218 si;
2311 1155 2591 1211 Ἀλσιανδν
2619 1155 2795 1226 λόγος.
2823 1156 3010 1214 Sancti
3042 1157 3227 1214 Patris
3262 1160 3429 1214 nostri
3455 1157 3574 1212 Nili

2000 1248 2304 1317 presbyteri,
2334 1249 2388 1302 in
2412 1247 2700 1303 Albianum
2729 1248 2938 1316 Oratio,
2961 1249 3138 1306 Vitam
3164 1251 3264 1306 viri
3289 1252 3576 1307 sanctissi-

2002 1337 2074 1392 mi
2115 1339 2473 1395 describendo
2523 1352 2576 1396 et
2623 1342 3055 1398 commendando
3105 1360 3122 1398 :
3171 1359 3294 1413 qua:
3353 1345 3573 1414 quidem

2002 1428 2176 1498 Opera
2228 1428 2414 1486 Graece
2496 1430 2794 1504 Latineque
2847 1447 3110 1490 conversa
3167 1451 3291 1490 cum
3349 1436 3576 1491 Parisiis

2002 1521 2304 1589 prodierint
2337 1537 2430 1580 an.
2462 1523 2618 1592 l659,
2669 1525 2721 1580 in
2747 1527 2800 1592 4,
2830 1529 3095 1599 attingere
3128 1527 3399 1598 piaculum
3441 1543 3578 1585 cen-

2002 1609 2109 1667 sui.
2151 1609 2306 1667 Notis
2339 1612 2540 1684 quippe
2571 1614 2654 1670 vir
2695 1615 2836 1671 idem
2877 1633 3108 1689 magnus
3155 1634 3216 1673 ea
3259 1619 3574 1682 illustravit,

2002 1709 2057 1756 et
2101 1703 2355 1772 quamvis
2384 1704 2590 1773 aliquid
2619 1706 2837 1777 adjnngi
2887 1719 3092 1779 posset,
3136 1709 3572 1766 lucubrationem

2003 1800 2206 1854 tamen,
2239 1799 2300 1846 ut
2326 1791 2553 1848 Veneris
2589 1794 2712 1850 (lose
2747 1797 2816 1850 ab
2837 1796 3026 1866 Apelle
3058 1798 3298 1853 nondum
3322 1799 3574 1869 perfectae

2004 1883 2268 1949 tabulam,
2322 1885 2422 1955 ipsi
2464 1887 2850 1956 perﬁciendam
2909 1889 3407 1962 absolvendamime
3458 1896 3575 1949 suis

2002 1975 2259 2032 omnibus
2285 1978 2529 2032 numrris
2556 1978 2825 2050 relinquo,
2853 1979 2993 2037 Plin.
3033 1981 3108 2036 lib
3129 1987 3294 2051 ων,
3333 2000 3386 2041 c.
3420 1985 3486 2040 I0
3521 1996 3575 2041 et

2007 2065 2093 2131 ll,
2115 2065 2293 2122 Cicer.
2325 2077 2378 2122 et
2400 2067 2641 2126 Etrusca:
2657 2068 2926 2127 facundiae
2942 2073 3146 2143 pliarus
3162 2073 3390 2132 Carolus
3405 2075 3574 2132 Datus

2005 2155 2058 2210 in
2076 2153 2198 2212 Vita
2214 2157 2416 2228 Apellis
2433 2175 2486 2230 p.
2508 2159 2666 2225 97,et
2689 2162 2742 2216 in
2766 2163 3240 2230 Adnotationibus,
3263 2166 3574 2238 p.145,'qul

2005 2250 2088 2302 vir
2133 2248 2535 2307 illustrissimus
2564 2254 2853 2325 omnigena
2893 2257 3087 2325 plenus
3117 2267 3204 2312 est
3240 2259 3569 2313 eruditione.

2004 2337 2197 2410 Incipit
2226 2340 2312 2398 his
2347 2341 2527 2397 verbis
2564 2359 2580 2398 :
2608 2331 2919 2415 ’Δλὼμενὸς
2948 2346 3057 2416 ἐγὼ
3088 2349 3227 2420 μετὰ
3260 2350 3356 2418 τὴν
3387 2349 3574 2420 ἔφοδον

2001 2429 2108 2483 τῶν
2136 2429 2436 2504 Βαρϐάρων
2457 2450 2468 2464 ·
2499 2433 2549 2489 id
2579 2442 2686 2501 est,
2716 2433 3062 2492 Errabnndus
3108 2456 3200 2508 ego
3225 2452 3340 2509 post
3371 2439 3574 2494 Barba-

2007 2538 2182 2576 rornm
2213 2525 2461 2594 infestum
2496 2527 2798 2582 adrentum.
2829 2531 3036 2585 Desinit
3074 2533 3126 2586 iu
3160 2533 3296 2599 haec,
3333 2529 3401 2604 ἧς
3433 2537 3574 2588 ἀπο-

2006 2615 2221 2679 λαῦσαι,
2252 2618 2347 2671 καὶ
2373 2618 2490 2679 νῦν,
2519 2621 2611 2673 καὶ
2646 2622 2703 2674 ὲν
2737 2621 2813 2693 τῷ
2839 2624 3088 2693 μέλλοντι
3120 2625 3279 2680 αἰῶνι
3306 2643 3319 2656 ·
3374 2629 3428 2682 id
3467 2641 3571 2694 est,

2003 2722 2106 2776 qua
2140 2711 2434 2780 perfruaris
2464 2722 2515 2765 et
2541 2729 2698 2780 nunc,
2745 2725 2794 2768 et
2820 2716 2874 2768 in
2903 2716 3086 2785 futuro
3128 2718 3342 2775 seculo.
3376 2719 3453 2776 De
3473 2723 3574 2776 ista

2003 2801 2318 2862 incursione
2369 2806 2685 2874 Barbaries,
2731 2820 2786 2865 et
2833 2826 2942 2881 quo
2991 2821 3236 2885 tempore
3289 2816 3576 2888 contigerit

2006 2897 2120 2962 illa,
2149 2895 2270 2953 fuse
2299 2897 2354 2953 in
2386 2899 2558 2970 ipsius
2585 2897 2690 2955 Nili
2723 2901 2862 2957 Vita.

2076 2987 2350 3059 Epistolas
2395 2991 2562 3048 etiam
2616 2990 2722 3047 Nili
2763 3008 2872 3049 non
2907 2995 3146 3066 inserui;
3208 2999 3325 3070 ipse
3378 3001 3574 3071 quippe

1925 3091 1970 3151 α
2001 3081 2262 3140 Pessinus
2299 3099 2396 3142 eas
2432 3083 2619 3143 Graec
2661 3087 2961 3161 Latineque
3004 3092 3308 3162 publicarat
3347 3091 3575 3150 Parisiis

2005 3175 2165 3242 i657,
2199 3176 2253 3232 in
2299 3187 2516 3248 quarto,
2555 3193 2680 3236 cum
2721 3179 2898 3249 Notis,
2937 3183 3046 3240 imo
3089 3195 3141 3239 et
3183 3184 3293 3242 Leo
3321 3187 3571 3252 Allatius,

2002 3267 2096 3338 qui
2123 3266 2351 3326 Graecia:
2387 3271 2534 3329 illius
2563 3275 2852 3343 naturalis,
2879 3291 3066 3344 verna,
3097 3286 3151 3334 et
3189 3280 3481 3348 genuinus,
3510 3299 3574 3337 ac

2003 3359 2176 3430 ipsius
2205 3363 2409 3418 ocellus
2433 3378 2464 3418 a
2487 3379 2571 3420 me
2587 3364 2794 3436 jamdiu
2824 3377 3192 3440 nuncupatus,
3223 3374 3572 3446 externisque

2003 3451 2372 3523 praeferendus
2398 3455 2699 3522 videbatur,
2725 3455 2912 3515 Romae
2936 3464 3077 3534 typis
3110 3462 3419 3523 Barberinls
3443 3468 3570 3540 Epi-

2001 3545 2170 3602 stolas
2207 3560 2352 3601 anno
2381 3547 2537 3614 I668,
2571 3548 2625 3605 in
2662 3547 2791 3606 folio
2818 3555 3177 3626 promulgavit
3216 3559 3453 3627 easdem,
3480 3564 3572 3616 sed

2001 3639 2259 3696 adauctas
2296 3649 2348 3695 et
2402 3640 2557 3697 libris
2612 3642 2786 3698 tribus
2825 3645 3112 3704 distinctas
3137 3650 3204 3705 ad
3243 3651 3416 3720 ιοθις
3449 3669 3572 3708 cum

2005 3731 2169 3785 variis
2208 3731 2532 3787 lectionibus
2576 3734 2629 3787 in
2666 3737 3032 3794 narrationem
3074 3741 3238 3798 caedis
3272 3747 3574 3801 monacho-

2003 3838 2148 3889 rum,
2178 3834 2232 3879 et
2259 3825 2497 3881 Diatriba
2522 3827 2589 3881 de
2610 3825 2768 3892 Nilis,
2796 3843 3095 3900 eorumque
3127 3833 3362 3903 scriptis,
3391 3845 3446 3890 et
3473 3855 3570 3892 sua

2001 3917 2250 3972 versione
2286 3917 2495 3982 Latina,
2529 3931 2580 3973 et
2618 3919 2775 3974 unica
2810 3921 3324 3993 nolula,lndicequc
3347 3925 3569 3996 duplici,

2003 4009 2282 4063 nominum
2311 4009 2517 4065 scilicet
2538 4025 2726 4064 eorum
2753 4010 2819 4064 ad
2851 4026 2990 4081 quos
3016 4011 3323 4081 diriguntur
3356 4013 3572 4085 Episto-

2003 4099 2088 4164 las,
2123 4115 2187 4154 ac
2229 4101 2530 4156 initiorum.
2580 4101 2726 4157 Inter
2771 4103 2904 4158 istas
2947 4102 3217 4174 Epistolas
3271 4105 3572 4163 Allatiauas

2000 4199 2132 4246 sunt
2168 4192 2236 4247 55
2268 4194 2435 4250 variis
2459 4193 2754 4266 Inscripta,
2793 4211 2916 4266 qua:
2954 4195 3010 4251 in
3047 4195 3237 4252 codice
3276 4195 3571 4255 Barberiuo

1999 4285 2104 4340 sub
2134 4300 2238 4339 una
2270 4287 2634 4352 continentur,
2667 4303 2788 4359 pag.
2822 4288 2944 4352 I65,
2976 4305 3098 4345 cum
3127 4289 3230 4347 hoc
3256 4290 3434 4360 titulo,
3461 4293 3570 4348 τοῦ

328 4394 676 4466 ψυχαγωγῶν
715 4377 814 4468 τῆν
849 4377 1122 4469 ἐξόριστον
1160 4398 1341 4470 φύσιν,
1382 4400 1441 4465 ὃς
1479 4377 1573 4456 καὶ
1621 4377 1898 4474 μετὰττὴν
1931 4423 1977 4482 υ
1999 4377 2157 4482 ili?”
2185 4378 2378 4482 $590?
2413 4379 2670 4482 amato?”
2694 4381 2894 4482 ἐξξυῗα
2935 4398 3065 4482 Ἐφ’
3091 4380 3192 4482 vi,
3227 4381 3414 4439 8”“!
3433 4381 3569 4482 AN?“

335 4486 624 4558 ὖπερόριον
651 4490 827 4560 φυγὴν
858 4488 1019 4544 πάλιν
1049 4493 1147 4556 εἰς,
1174 4489 1286 4546 sive
1315 4493 1413 4562 τῆς
1435 4490 1754 4560 ἀθανασίας,
1783 4495 1898 4550 sive

2005 4475 2246 4544 Epistola
2274 4475 2468 4531 habens
2497 4479 2676 4546 capita
2715 4478 2805 4532 55.
2841 4477 3030 4549 Incipit
3060 4494 3074 4530 :
3123 4479 3250 4534 Ἐὰν
3283 4480 3473 4553 μηδείς
3507 4498 3568 4535 σι

331 4579 429 4650 τὴν
470 4579 761 4644 ἀθάνατον,
816 4583 1104 4649 ἐπανάγων
1153 4583 1446 4638 πολιτείαν.
1491 4586 1548 4639 Id
1597 4593 1702 4648 est,
1741 4583 1897 4639 Tenet

333 4667 426 4721 hos
475 4668 694 4722 Creator
735 4672 1042 4737 incorpore,
1067 4680 1314 4725 naturam
1353 4673 1678 4728 exsulantem
1712 4691 1896 4728 conso-

332 4763 469 4825 lans,
491 4763 578 4829 qui
601 4764 758 4814 etiam
775 4772 887 4829 post
916 4763 1159 4816 exsilium
1185 4763 1332 4816 illam
1349 4766 1535 4818 iterum
1555 4768 1897 4820 restituturus

329 4854 398 4905 sit
443 4853 850 4917 immortalitati,
899 4870 986 4908 seu
1025 4861 1141 4922 post
1177 4854 1357 4923 fugam
1400 4865 1551 4911 extra
1600 4857 1750 4926 lines,
1793 4860 1897 4911 im-

333 4944 677 4995 mortalitatis
710 4943 874 4996 statui
903 4947 1242 4999 restituturus
1283 4948 1386 5012 sit;
1426 4946 1748 5017 praefertqu
1777 4964 1898 5001 ver-

332 5034 540 5087 sionem
599 5033 848 5098 Schotti,
912 5037 1145 5090 versioni
1205 5036 1467 5093 Desiderii
1522 5035 1738 5092 Ileraldi
1802 5039 1898 5092 lib.

332 5110 780 5181 Adversariorum
803 5169 818 5192 ,
855 5127 946 5198 qui
989 5127 1337 5198 ψυχαγωγῶν
1374 5144 1558 5184 vocem
1593 5129 1908 5184 reddiderat.

339 5232 583 5278 evocans,
607 5217 765 5286 cujus
807 5218 1110 5282 sententiae,
1137 5217 1341 5272 Nieolai
1367 5233 1580 5288 nempe,
1609 5217 1752 5272 ultro
1773 5217 1900 5274 sub-

333 5307 533 5362 scribo.

404 5394 675 5451 Hactenus
712 5398 943 5452 iudicavi
975 5397 1147 5469 Opera
1173 5397 1228 5454 S.
1258 5397 1384 5464 Nili,
1415 5416 1534 5470 qua:
1581 5401 1633 5453 in
1668 5399 1772 5453 hoc
1807 5414 1896 5453 vo-

333 5488 514 5541 lumen
538 5491 807 5558 congessi,
836 5506 982 5549 nunc
1002 5507 1085 5559 ea,
1107 5507 1226 5562 quae
1249 5491 1592 5562 praetermisi,
1621 5505 1903 5546 recensere

332 5593 512 5650 opera:
543 5583 769 5648 pretium
811 5584 961 5638 duxi.

405 5670 460 5723 lu
481 5673 666 5741 primis
685 5674 877 5728 Νείλου
901 5677 1221 5747 μονάζοντος
1426 5674 1689 5746 ὲρημίτον
1713 5675 1906 5742 Διηγή-

660 5794 926 5852 ΡΑτιιοιη
980 5798 1095 5856 (in.
1159 5793 1452 5856 LXXIX.

1995 4565 2169 4639 διώκῃ
2226 4567 2488 4638 τύραννος
2529 4567 2750 4638 Ἕλλην,
2779 4567 2898 4623 Etsi
2931 4569 3106 4624 nullus
3145 4581 3195 4626 te
3227 4582 3571 4642 persequatur

2001 4667 2257 4726 tyrannus
2290 4657 2550 4725 Gentilis;
2580 4675 2743 4729 quam
2775 4663 3045 4718 concisam
3069 4663 3362 4732 comperio,
3398 4674 3449 4717 et
3484 4665 3570 4720 lli--

2001 4760 2081 4802 ter
2113 4749 2462 4805 Possinianas
2496 4752 2749 4815 numJI,
2777 4769 2901 4824 pag.
2930 4754 3016 4813 69.
3047 4755 3305 4810 directam
3333 4757 3396 4810 ad
3431 4756 3570 4811 Plia-

2003 4843 2318 4897 rismanium
2355 4859 2526 4914 usque
2556 4845 2620 4898 ad
2654 4847 2988 4918 στραξιώτης
3008 4847 3100 4900 τοῦ
3128 4850 3381 4920 Χριστοῦ.
3417 4851 3567 4918 Apud

2000 4923 2258 4989 Allatium
2287 4935 2377 4990 lib.
2417 4951 2496 5002 ιιι,
2521 4937 2749 5006 epistola
2776 4939 2864 5003 7|,
2886 4949 3236 5006 numeratur;
3262 4939 3569 4997 Phan-isma-

2001 5028 2148 5082 nimo
2199 5027 2537 5095 Derembrio,
2563 5046 2656 5086 seu
2687 5028 3079 5100 Decempriiuo,
3119 5033 3192 5086 uti
3228 5034 3462 5104 corrigo,
3485 5046 3571 5090 est

2002 5120 2281 5189 inscripta.
2305 5119 2620 5176 Contulerat
2644 5123 2784 5176 hanc
2806 5122 3098 5192 Epistulam
3122 5124 3298 5192 capita
3329 5124 3395 5180 55
3419 5140 3570 5182 com.-

2002 5214 2323 5280 plcctentent
2373 5213 2688 5270 Holstenius
2737 5230 2858 5278 cum
2896 5215 3084 5271 codice
3134 5215 3395 5276 Vaticano
3431 5220 3570 5288 653;

2001 5315 2053 5358 et
2091 5307 2434 5361 continuarat
2459 5323 2582 5361 eum
2617 5306 2756 5371 aliis,
2794 5322 2823 5362 e
2853 5302 3072 5378 quibus,
3101 5307 3248 5377 quod
3282 5309 3573 5379 consequi-

2003 5405 2092 5450 tur
2124 5408 2285 5466 caput
2321 5398 2558 5467 Epistola
2585 5406 2687 5461 est,
2719 5413 2842 5465 «pne
2875 5396 3016 5467 apud
3058 5400 3217 5452 Allat.
3262 5401 3337 5453 lib
3367 5415 3448 5462 ιιι,
3488 5402 3540 5456 lo

2002 5497 2119 5542 cata
2146 5487 2243 5543 fuit
2271 5507 2418 5545 num.
2459 5489 2582 5543 295.
2616 5489 2824 5561 Incipit,
2861 5491 2951 5561 Μὴ
2987 5491 3357 5561 κατοκνῶμεν,
3383 5493 3432 5546 id
3463 5503 3571 5557 est,

2007 5579 2088 5634 Ne
2111 5597 2374 5634 versemur
2397 5579 2733 5649 negligenter,
2761 5581 3078 5636 inscribitur
3106 5578 3341 5652 Didyme
3361 5581 3573 5643 lectori,

2006 5672 2145 5723 sicut
2198 5687 2362 5739 penes
2398 5671 2704 5732 Possinum,
2738 5690 2788 5724 ιι.
2833 5673 2884 5726 4.
2922 5670 3142 5728 Desinit.
3182 5671 3240 5734 ἐξ
3269 5665 3342 5724 ὦν
3385 5673 3412 5725 ὁ
3451 5672 3573 5735 νοῦς

3211 5787 3283 5848 43
