3998 6116
295 358 425 423 1357
1368 412 1381 419 ,
1486 358 1584 420 DE
1617 354 1998 420 OPERIBUS
2037 356 2097 421 S.
2128 357 2315 421 NILI.
3414 352 3551 420 13.53

283 468 378 539 qui
405 466 704 523 arbitratur
732 482 796 523 ex
825 464 1244 538 Agatharcbide,
1274 481 1393 537 cap.
1426 467 1514 532 ιϐ,
1540 466 1714 523 leonis
1745 480 1867 523 esse
1894 470 1939 528 Α
1968 465 2069 521 Job
2108 467 2247 521 libro
2270 466 2431 522 unico
2461 484 2472 521 :
2508 485 2526 517 ι
2554 465 2692 534 Quia
2721 466 2883 537 rapit,
2922 475 2978 521 et
3018 465 3227 520 occulte
3267 468 3551 537 prosequi-

284 558 547 628 speciem,
589 565 644 613 et
671 559 804 614 nihil
848 559 917 612 ab
952 557 1075 613 aliis
1111 556 1330 613 dili‘erre
1373 567 1546 629 putat,
1582 560 1689 615 nisi
1723 558 1871 630 quod
1976 570 2066 615 tur
2097 554 2391 625 frumenta,
2424 574 2547 629 qua:
2587 559 2802 614 sublato
2834 558 2993 613 oculo
3030 557 3162 612 facit
3206 572 3312 612 nou
3350 560 3553 628 germi-

285 650 484 704 habeat
506 664 697 705 aversa
724 649 1002 721 genitalia,
1026 649 1328 720 nititurque
1349 650 1403 704 id
1426 651 1658 720 probare
1680 652 1772 705 “vel
1799 665 1867 707 ex
1974 664 2139 716 nare;
2175 669 2195 703 ι
2235 650 2328 705 ubi
2364 658 2587 705 sanctus
2614 654 2805 704 doctor
2829 644 3049 705 ccidunt
3091 647 3291 718 accipit
3325 663 3423 718 pro
3460 665 3549 711 eo,

283 739 516 813 Vulgata
554 742 804 798 ret-sione
832 742 892 796 in
920 755 1042 810 cap.
1075 757 1126 796 tr
1153 740 1276 808 Job,
1301 758 1356 797 v.
1392 743 1480 810 ll,
1519 744 1611 800 ubi
1656 745 1870 816 rugitus
1971 741 2116 811 Quod
2138 741 2293 795 estin
2324 741 2583 795 arborum
2611 740 2869 804 surculis,
2888 738 3032 794 unde
3061 738 3189 808 ipsrc
3206 740 3512 806 germinant
3533 756 3550 794 :
3575 741 3579 745 ’

282 834 459 888 leonis
515 848 616 903 pro
671 835 1163 904 myrmeco-leone,
1210 848 1277 890 ae
1318 834 1476 906 tigris
1517 836 1682 891 etiam
1733 836 1867 907 legi-
1972 834 2054 889 sic
2088 832 2327 889 sumitur
2367 834 2508 901 apud
2547 834 2831 898 Catonem,
2866 830 2944 886 De
2978 848 3035 886 re
3075 832 3295 885 rustica.
3324 832 3575 899 Oculos,-

283 934 371 978 tur
410 940 423 978 :
468 932 579 978 tum
605 939 637 978 e
663 923 950 987 Strabone,
985 924 1080 978 lib.
1120 939 1235 989 xvt,
1263 924 1449 982 leones
1481 925 1691 982 armis
1717 925 1868 997 geni-
1960 926 2116 981 unde
2157 922 2458 986 inoculare.
2495 926 2547 979 in
2582 925 2900 989 Columella,
2936 923 3037 979 lib.
3086 938 3164 988 χι,
3213 939 3333 993 cap.
3369 923 3423 990 2,
3470 934 3556 981 est

281 1016 481 1070 talibus
526 1028 647 1069 esse
698 1014 754 1068 in
804 1013 1189 1087 Troglodytica
1239 1015 1475 1079 Arabiae,
1509 1016 1600 1086 qui
1637 1015 1864 1089 μῦρμη-
1969 1015 2190 1070 oculum
2216 1015 2377 1071 unius
2408 1015 2620 1071 arboris
2650 1015 2803 1070 alteri
2838 1016 3117 1080 adhibere,
3155 1017 3273 1071 sive
3318 1017 3550 1086 aperire,

282 1124 377 1170 κες
417 1114 713 1171 vocantur;
757 1116 813 1162 at
850 1105 1093 1162 formicae
1126 1108 1451 1178 simpliciter
1487 1107 1733 1175 Eliano,
1765 1109 1860 1163 lib.
1970 1116 2031 1162 ut
2082 1109 2140 1162 in
2192 1107 2390 1163 Plinio.
2436 1109 2576 1163 Beda
2626 1110 2679 1162 tu
2715 1105 2911 1162 Jobum
2946 1128 2961 1162 :
2997 1108 3127 1171 Leo,
3160 1109 3382 1179 quando
3441 1110 3553 1182 agit

280 1211 417 1260 χιιι,
453 1210 572 1265 cap.
612 1194 705 1258 42,
739 1196 946 1251 aversis
976 1196 1301 1267 genitalibus
1337 1197 1392 1252 in
1433 1196 1744 1269 Babylonia,
1784 1198 1862 1254 uti

282 1288 375 1342 lib.
450 1302 551 1351 vu,
611 1301 732 1356 cap.
796 1287 884 1353 ιγ,
949 1287 1041 1342 ubi
1107 1287 1439 1344 Casaubono
1499 1304 1608 1342 non
1671 1301 1862 1344 assen-

285 1382 433 1444 titur,
494 1380 583 1435 cui
624 1395 729 1434 vox
776 1377 1130 1434 formicarum
1196 1389 1471 1451 suspecta.
1515 1381 1675 1451 Apud
1726 1384 1863 1438 Ara-

284 1475 380 1527 bas
408 1481 494 1529 est
519 1473 738 1527 leonum
761 1472 993 1543 species,
1028 1474 1120 1542 qui
1153 1474 1413 1528 dicuntur
1439 1474 1598 1546 σει
1644 1474 1860 1539 ltirmis,

284 1566 429 1620 unde.
454 1564 655 1619 factum
683 1564 926 1635 μύρμηξ.
955 1564 1095 1619 Sunt
1114 1576 1167 1620 et
1185 1564 1426 1621 formica:
1443 1565 1640 1621 Indicae
1666 1582 1859 1622 aurum

282 1657 600 1712 cﬂ‘odientes
630 1673 826 1713 canum
859 1659 1033 1714 instar
1067 1674 1163 1714 seu
1192 1658 1472 1729 luporum,
1507 1659 1650 1730 apud
1688 1660 1856 1715 Hero-

283 1748 496 1814 dotum,
544 1749 637 1803 lib.
685 1764 765 1813 tu,
821 1764 853 1803 e
903 1747 1170 1826 Nearcho,
1234 1748 1552 1817 Dalmaclto,
1588 1761 1641 1805 et
1681 1749 1857 1821 Mega-

1962 1202 2207 1271 -prtr.dam
2260 1202 2330 1258 de
2377 1202 2544 1258 rebus
2604 1201 2904 1271 majoribus
2957 1202 3008 1255 iu
3065 1203 3292 1269 sanctis,
3324 1198 3550 1259 formica

1968 1296 2189 1363 quando
2217 1295 2286 1348 de
2309 1293 2594 1359 minimis;
2639 1293 2744 1364 piis
2784 1293 3092 1357 formicam,
3126 1293 3306 1363 impiis
3342 1294 3550 1349 leonem

1967 1385 2167 1438 asserit
2230 1382 2694 1455 Olympiodorus;
2750 1396 2806 1440 at
2856 1382 3010 1440 Nilus
3065 1385 3119 1440 in
3197 1385 3420 1448 Catena,
3497 1398 3556 1442 ut

1966 1470 2429 1546 Thcophylactus,
2469 1478 2522 1530 in
2546 1475 2763 1537 Lucam,
2799 1478 2927 1545 quia
2961 1477 3187 1546 impetit
3219 1478 3270 1530 in
3297 1480 3551 1547 grariora

1967 1582 2068 1621 nos
2125 1567 2291 1639 632
2345 1585 2374 1623 a
2435 1569 2617 1637 parvis
2654 1570 2842 1632 initiis,
2872 1575 3018 1640 quod
3065 1584 3209 1642 patet
3255 1571 3307 1625 in
3354 1588 3548 1642 supra-

1967 1661 2170 1731 scripta
2212 1662 2442 1731 cpistola
2493 1660 2620 1724 265,
2684 1662 2777 1716 lib.
2840 1679 2896 1715 ut
2935 1663 3135 1726 Allutii,
3174 1678 3297 1731 qua:
3346 1662 3553 1719 directa

1967 1761 2047 1806 est
2068 1750 2220 1807 Jona:
2253 1753 2543 1816 lllOllaf‘iIO,
2574 1761 2628 1808 et
2668 1764 2988 1807 muneratur
3023 1753 3119 1808 l89
3140 1768 3316 1823 penes
3363 1754 3552 1810 Pessi-

285 1842 496 1906 stheue,
531 1856 638 1895 non
695 1841 921 1910 pedibus
971 1821 1207 1897 leoninis
1231 1883 1247 1909 ,
1290 1842 1367 1897 uti
1415 1843 1593 1898 visum
1651 1842 1863 1911 Solino,
1900 1821 1938 1874 η
1977 1860 2128 1907 num,
2164 1844 2481 1914 videturque
2509 1844 2823 1913 deprompta
2875 1862 2905 1896 ιι
2959 1861 3010 1901 c.
3038 1845 3108 1899 49
3152 1821 3448 1902 luctatus
3484 1845 3553 1900 de

284 1947 406 2003 cap.
448 1932 536 1999 50,
566 1932 621 1987 in
664 1931 963 2003 Etltiopia.
989 1931 1217 1989 Videndi
1250 1933 1448 1988 Strabo
1477 1934 1571 1989 lib.
1607 1951 1645 1989 ιι
1673 1945 1727 1991 et
1765 1952 1867 2003 xv;

282 2026 503 2080 Arrian.
528 2027 581 2079 in
618 2023 796 2079 Indic.
821 2024 960 2080 Plin.
989 2025 1026 2080 l.
1057 2041 1133 2093 ιι,
1161 2039 1281 2098 cap.
1317 2024 1416 2091 30;
1451 2024 1652 2081 Elian.
1688 2024 1782 2081 lib.
1813 2043 1870 2082 ιιι

290 2117 498 2174 Hister.
528 2133 648 2188 cap.
675 2118 745 2185 4;
777 2125 833 2171 et
854 2117 1128 2173 lleliodor.
1155 2118 1248 2173 lib.
1275 2135 1304 2172 ι
1337 2112 1546 2173 Hister.
1571 2117 1867 2188 £thiopic.

293 2206 416 2261 Istae
446 2206 667 2277 quidem
698 2206 895 2262 Indica:
920 2216 1049 2262 sunt
1079 2216 1285 2263 statura
1315 2208 1533 2275 canina,
1555 2207 1651 2264 sed
1680 2206 1872 2279 prtefe-

287 2306 417 2354 ruut
432 2300 668 2367 speciem
694 2298 1080 2353 formicarum:
1102 2284 1389 2364 Tltuauus,
1408 2298 1502 2355 lib.
1524 2314 1651 2354 ιιι*
1670 2300 1867 2355 Annal.

287 2390 354 2445 ad
388 2405 593 2443 annum
641 2389 801 2445 1559.
836 2388 981 2445 Inter
1018 2404 1244 2444 munera
1284 2388 1428 2461 regis
1462 2388 1763 2447 Persarum
1803 2393 1872 2448 ad

290 2481 645 2551 Solymanum
675 2495 838 2535 unam
866 2480 1037 2536 fuisse
1065 2488 1249 2536 narrat
1269 2477 1623 2552 ﬂusbequius
1654 2483 1816 2553 epist.
1838 2483 1871 2538 4

289 2574 367 2629 De
396 2574 656 2645 legatione
701 2571 910 2627 Turcis.
974 2571 1179 2628 Forsan
1242 2588 1273 2627 a
1324 2573 1539 2644 populis
1581 2571 1873 2646 Ethiopian

290 2666 655 2720 Marmacibus
678 2665 867 2721 leones
896 2662 1116 2719 fuerunt
1134 2664 1422 2730 nominati,
1450 2680 1685 2737 quorum
1708 2681 1873 2737 popu-

289 2759 467 2813 lorum
520 2757 770 2812 meminit
823 2755 1132 2828 Stephanus
1174 2755 1307 2827 Περὶ
1337 2756 1547 2810 πόλεων
1589 2772 1651 2811 ex
1695 2756 1857 2812 Heca-

293 2860 395 2906 t-.eo
425 2866 438 2902 :
475 2851 619 2905 sicut
643 2849 1006 2921 ἱππομύρμηξ
1028 2848 1168 2918 apud
1193 2848 1527 2916 Lucianum;
1556 2848 1652 2905 sed
1681 2865 1873 2906 cense-

292 2952 380 2999 tur
411 2943 616 2998 animal
651 2943 857 3008 ﬁctum,
889 2949 949 2997 ut
972 2940 1347 3008 hircoccrrus,
1380 2942 1748 3013 tragelapbus,
1784 2943 1869 2998 vel

289 3037 569 3103 chimaera,
602 3036 824 3106 sphinx,
859 3033 1042 3090 lamia.
1083 3031 1434 3105 Septuaginta
1461 3034 1783 3105 interpretes
1814 3033 1869 3090 in

292 3145 410 3200 cap.
445 3144 497 3183 tv
528 3128 630 3184 Job
656 3127 898 3194 laudato,
925 3133 1163 3193 vertunt,
1194 3122 1365 3181 Periit
1392 3125 1471 3180 leo
1505 3127 1894 3196 formicarius,

287 3222 426 3291 quod
485 3236 587 3274 non
648 3219 857 3275 haberet
919 3234 1118 3274 escam.
1173 3215 1411 3274 Sanctus
1449 3217 1744 3289 Gregorius
1798 3218 1870 3275 ibi

288 3312 386 3369 lib.
451 3330 501 3377 ν,
559 3328 680 3383 cap.
719 3313 807 3379 l5,
858 3327 1087 3382 parvum
1142 3325 1263 3367 esse
1308 3311 1509 3365 animal
1564 3326 1870 3383 myrmeco-

291 3408 506 3461 leonem
544 3413 751 3471 censet,
779 3403 1025 3459 formicis
1054 3401 1335 3468 infestum,
1358 3405 1503 3475 quod
1536 3418 1596 3459 se
1624 3405 1726 3460 sub
1752 3405 1873 3475 pul-

290 3513 415 3553 vere
435 3496 737 3563 abscondit,
758 3510 960 3566 easque
995 3495 1267 3551 frumenta
1293 3505 1570 3568 gestantes
1596 3497 1870 3567 interﬁcit,

291 3602 343 3649 et
368 3591 682 3646 interfectas
711 3590 985 3645 consumit
1016 3591 1173 3660 quasi
1204 3590 1290 3645 leo
1317 3590 1612 3655 devorans,
1635 3603 1691 3647 et
1718 3593 1872 3663 quasi

296 3685 519 3741 formica
543 3683 835 3739 devoratur
858 3682 927 3737 ab
950 3681 1073 3737 aliis
1099 3681 1325 3737 minutis
1354 3681 1746 3740 animantibus.
1775 3683 1875 3740 lsi-

295 3779 439 3832 doro~
470 3776 564 3831 lib.
601 3791 673 3831 sn
708 3774 919 3845 Origin.
957 3787 1079 3844 cap.
1123 3773 1210 3839 15,
1246 3771 1609 3841 Formicaleo,
1640 3780 1695 3830 et
1744 3774 1874 3829 Vin-

297 3869 475 3924 centio
504 3866 878 3921 Bellovacens.
911 3863 1006 3918 lib.
1047 3878 1135 3920 xvi
1162 3863 1483 3930 Dortriual.,
1512 3878 1632 3934 cap.
1667 3864 1789 3928 H7,
1822 3875 1877 3920 et

296 3962 348 4016 in
408 3960 695 4014 Petaviana
754 3956 1080 4021 bibliotheca
1139 3964 1310 4026 poetae
1377 3953 1645 4021 Barbaro,
1715 3972 1872 4011 num.

298 4051 477 4115 1544;
510 4049 599 4102 alii
659 4047 864 4102 dictum
912 4046 984 4101 ita
1024 4047 1340 4117 opinantur,
1394 4046 1519 4116 quia
1560 4046 1804 4102 nascitur
1847 4062 1878 4101 e

296 4144 527 4200 formica
563 4150 617 4196 et
649 4143 823 4207 leone,
844 4139 1173 4194 animalculo
1200 4152 1414 4209 nempe,
1450 4138 1537 4193 cui
1560 4149 1642 4193 est
1669 4139 1876 4209 species

298 4234 534 4292 .eonina.
581 4231 829 4286 Eustath.
878 4231 932 4286 in
972 4228 1332 4285 Hexaemeron
1380 4229 1464 4284 bis
1514 4237 1874 4293 memoratur,

298 4334 485 4384 sancto
516 4322 866 4395 Hieronymo,
910 4323 1025 4377 sive
1058 4321 1266 4376 auctori
1310 4320 1391 4388 (si
1428 4320 1554 4390 quis
1585 4321 1725 4375 alius
1756 4322 1876 4390 est)

296 4418 539 4489 epis'tolae
575 4416 640 4469 ad
676 4413 998 4469 Praesidium
1038 4413 1104 4467 de
1134 4426 1297 4468 cereo
1331 4411 1580 4467 Paschal.
1613 4408 1687 4466 De.
1729 4427 1876 4483 myr-

1972 1931 2273 1989 Monastica
2305 1935 2714 1995 exercitatione,
2752 1950 2872 2005 pag.
2918 1932 3012 1991 5‘6.
3066 1935 3244 1990 Edidit
3284 1935 3552 1993 Patricius

1972 2023 2169 2081 Junius
2218 2026 2477 2081 Catenam
2523 2026 2837 2081 Graecorum
2871 2028 3092 2082 Patrum
3124 2028 3177 2082 in
3206 2027 3404 2084 Jobqu
3437 2030 3553 2085 col-

1974 2119 2169 2174 lectam
2200 2133 2229 2173 a
2264 2116 2473 2183 Niceta,
2502 2133 2733 2189 eamque
2786 2119 3021 2174 reddidit
3056 2118 3287 2187 Latine;
3321 2118 3553 2177 Londiui

1966 2210 2151 2267 lucem
2181 2212 2394 2283 aspexit
2418 2211 2540 2277 illa;
2566 2211 2647 2266 ibi
2679 2228 2730 2280 p.
2765 2211 2886 2275 ιιι,
2925 2228 2953 2266 e
2977 2210 3101 2265 Nilo
3130 2212 3241 2266 luce
3268 2211 3554 2282 proferun-

1975 2313 2065 2360 tur
2097 2322 2111 2359 ι
2142 2304 2295 2375 Τάχα
2318 2303 2375 2358 δὲ
2414 2304 2565 2358 καὶὸ
2600 2303 2776 2374 μέγας
2819 2302 2940 2356 Ἰὼϐ
2956 2304 3087 2357 καθ’
3112 2304 3305 2358 ἑαυτὸν
3336 2305 3551 2374 φιλοσο-

1974 2394 2091 2466 φῶν
2122 2394 2363 2449 τοιοῦτόν
2401 2412 2521 2447 τινα
2559 2394 2886 2448 αὲνίττεται·
2918 2392 3172 2450 Forsitan
3205 2412 3320 2451 vero
3357 2405 3409 2451 at
3437 2413 3553 2451 ma-

1972 2505 2105 2559 gnus
2144 2486 2245 2543 Job
2289 2487 2358 2541 ad
2387 2486 2617 2557 seipsum
2648 2486 3020 2557 philosopharis
3046 2488 3410 2558 hujuscemodi
3448 2490 3553 2544 ali.

1973 2595 2124 2650 quem
2180 2577 2399 2633 obscure
2441 2579 2709 2649 designat,
2759 2586 2865 2632 etc.
2916 2577 3306 2650 Adiunguntur
3335 2590 3387 2633 et
3427 2580 3550 2644 ista,

1972 2684 2095 2737 qua:
2124 2670 2322 2724 desunt
2353 2669 2404 2723 in
2432 2671 2806 2738 mamiscripto
2833 2669 3129 2725 llataberino
3153 2668 3555 2741 Codicc,atque

1976 2762 2030 2816 in
2064 2762 2304 2816 editione
2342 2779 2493 2828 mea,
2525 2781 2574 2831 p.
2607 2765 2696 2818 57.
2729 2778 2850 2833 post
2896 2763 3215 2826 ὁπλίζουσαι
3268 2763 3411 2817 κατὰ
3454 2764 3554 2834 τῆς

1972 2855 2169 2925 ψυχῆς,
2205 2855 2298 2910 sed
2325 2856 2433 2910 illic
2461 2857 2742 2909 aluttuluut
2768 2856 2937 2909 ταῦτα
2965 2856 3019 2908 δὲ
3050 2857 3149 2926 οὐχ
3174 2856 3249 2921 ὡς
3275 2855 3369 2910 τοῦ
3413 2856 3555 2910 Ἐλί-

1974 2947 2083 3015 φαζ
2110 2946 2253 3001 οὕτω
2287 2949 2580 3019 νοήσαντος
2619 2950 2725 3003 thr.
2761 2949 3074 3015 νοήσαντες)
3134 2949 3552 3020 ἑθεωρήσαμε-ι,

1975 3040 2090 3095 ἀλλ’
2115 3040 2190 3103 ὡς
2223 3039 2536 3108 δυναμένων
2570 3043 2677 3093 τίων
2707 3042 2970 3111 ῥημάτων
3013 3042 3105 3094 καὶ
3138 3042 3277 3111 sapiu;
3323 3041 3554 3111 ἀλληγο-

1977 3130 2100 3201 ρίαν
2142 3127 2466 3199 τρέπεσθαι,
2507 3130 2636 3181 ὅταν
2687 3132 2719 3199 ή
2762 3129 2922 3198 χρεῖα
2952 3130 3180 3201 καλέσῃ·
3217 3133 3309 3185 καὶ
3352 3131 3461 3203 γὰρ
3501 3134 3552 3188 ὁὶ

1974 3221 2326 3292 παλαιότεροι
2370 3223 2439 3291 τῇ
2480 3220 2683 3290 θεωρίᾳ
2736 3224 3073 3289 ἐχρήσαντο,
3118 3223 3213 3276 καὶ
3261 3241 3555 3295 μυρμηκο·

1974 3312 2163 3367 λέοντα
2214 3313 2306 3366 τὸν
2353 3312 2599 3366 διάϐολον
2653 3315 2899 3381 ἐνόησαν,
2960 3312 3147 3385 ἐπειδὴ
3201 3315 3373 3384 μικρὰ
3430 3332 3555 3370 τινα

1977 3404 2612 3478 προ[σ]παρασκευάζων
2646 3406 3000 3476 ἁμαρτάνειν,
3033 3406 3127 3460 καὶ
3146 3406 3427 3478 λαθραίως
3452 3410 3555 3465 ὑπ-

1977 3497 2183 3566 εισιὼν,
2207 3498 2286 3561 εἰς
2312 3497 2525 3568 μεγάλα
2549 3497 2776 3567 τελευτᾷ
2805 3496 3000 3562 ἐθίζων
3019 3503 3405 3571 καταφρονεῖν,
3433 3516 3556 3572 qua

1978 3589 2050 3644 ita
2079 3588 2272 3643 Latina
2304 3597 2453 3643 reste
2485 3587 3014 3643 amicirecouteudi.
3043 3585 3166 3642 ista
3202 3604 3318 3644 vero
3354 3606 3455 3646 non
3495 3603 3559 3650 ut.

1979 3681 2201 3751 Elipltas
2257 3681 2519 3736 intellexit
2553 3682 2666 3742 (aut
2698 3682 2996 3735 secundum
3035 3682 3198 3736 aliam
3243 3684 3553 3750 lectionem,

1979 3773 2349 3845 intelligentes)
2372 3773 2715 3841 dispeximus,
2737 3788 2913 3826 verum
2938 3777 3224 3827 secundum
3254 3792 3411 3845 quam
3435 3790 3559 3846 pos-

1979 3876 2100 3919 sunt
2135 3864 2288 3919 verba
2316 3866 2369 3917 iu
2409 3863 2746 3931 allegoricum
2778 3880 2987 3915 sensum
3025 3867 3275 3929 converti,
3315 3871 3558 3937 quamle-

1979 3974 2178 4029 cuuque
2213 3974 2335 4011 usus
2388 3960 2651 4025 exegerit;
2684 3958 2873 4008 etenim
2926 3958 3248 4025 antiquiores
3302 3961 3384 4013 usi
3436 3974 3559 4015 sunt

1978 4050 2350 4120 speculatione,
2391 4064 2453 4099 ac
2498 4046 2987 4117 myrntrco-leouem
3034 4048 3302 4101 diabolum
3345 4052 3556 4107 intelle-

1978 4153 2166 4197 xerunt
2187 4160 2204 4204 ;
2226 4140 2481 4211 siquidem
2502 4146 2773 4208 postquam
2806 4140 3122 4206 disposuerit
3153 4140 3223 4193 ad
3237 4145 3557 4209 peccandum

1980 4236 2035 4286 iu
2065 4233 2266 4304 exiguis
2289 4231 2622 4301 quibusdam.
2649 4230 2786 4282 clum
2815 4246 2935 4283 mox
2957 4231 3262 4286 subintrans
3287 4233 3339 4286 iu
3365 4250 3559 4306 magna

1980 4324 2204 4380 devolvit
2233 4323 2587 4392 assuefacieus
2617 4321 2684 4372 ad
2713 4321 3164 4375 contemnendum.
3208 4320 3369 4377 Juxta
3410 4325 3560 4381 .Pro.

1981 4416 2129 4470 verb.
2160 4429 2278 4484 cap.
2312 4425 2467 4476 ινιιι,
2519 4429 2569 4465 v.
2629 4412 2682 4475 5,
2725 4409 2947 4479 Impius,
2984 4428 3100 4465 cum
3128 4414 3194 4466 in
3236 4415 3558 4485 profundum

297 4510 612 4565 mccoleone
658 4506 843 4560 Damir
885 4505 1057 4557 Arabs
1095 4505 1161 4559 de
1217 4503 1494 4557 formicar.
1538 4502 1820 4572 speciebus
1858 4519 1871 4553 :
1912 4510 1951 4564 ι)
1982 4509 2172 4562 venerit
2229 4516 2584 4576 pet-catmum,
2644 4507 2950 4559 contemnit.
3011 4504 3197 4575 itaque
3264 4506 3365 4561 ista
3426 4506 3558 4561 sub.

297 4606 427 4656 Ante
452 4600 570 4671 (ait)
616 4598 715 4661 leo,
752 4597 976 4667 formica
1017 4604 1177 4648 retro.
1217 4592 1340 4650 Ursi
1382 4593 1682 4649 formicarii
1723 4594 1873 4663 quod

295 4697 457 4750 edant
479 4692 735 4746 formicas
761 4689 900 4759 apud
929 4687 1091 4742 Indos
1111 4685 1576 4752 Occidentales,et
1602 4686 1744 4755 apud
1778 4698 1877 4738 uos

297 4793 699 4854 nuncupantur,
736 4781 976 4850 Scaliger
1007 4780 1060 4832 in
1086 4778 1393 4833 Cardauum
1423 4778 1706 4831 exercitat.
1736 4776 1874 4841 2H5;

297 4875 498 4931 Elian.
536 4875 624 4927 lib.
664 4890 737 4938 vt,
791 4887 911 4940 cap.
960 4871 1011 4924 5.
1053 4868 1134 4922 Ad
1183 4869 1429 4923 notitiam
1480 4867 1878 4939 myrmecoleo-

298 4984 425 5021 nunt
454 4969 734 5035 hucusque
758 4972 865 5018 tam
889 4978 953 5016 ex
976 4959 1348 5022 Aldrovando,
1368 4973 1531 5027 quam
1556 4973 1586 5014 e
1607 4956 1878 5015 Bocbarto

295 5066 547 5126 excerpta
608 5058 709 5110 ista
771 5054 905 5108 satis
960 5052 1090 5107 sint.
1139 5050 1221 5104 Ex
1284 5050 1386 5105 boc
1435 5057 1616 5103 tamen
1657 5047 1876 5109 addam,

297 5149 745 5223 Olympiodorum
781 5148 831 5199 in
855 5145 958 5200 Job
992 5141 1250 5199 arbitrari
1289 5156 1395 5196 non
1428 5156 1548 5196 esse
1577 5139 1629 5194 id
1673 5139 1878 5194 animal

297 5248 716 5314 (proptereaque
768 5237 1070 5291 Bocliartus
1118 5235 1259 5289 inter
1314 5232 1559 5287 fabulosa
1605 5229 1879 5285 recensuit

296 5334 574 5403 animalia)
604 5332 761 5403 juxta
799 5329 1106 5392 ltisloriatn,
1138 5328 1230 5381 sed
1267 5342 1297 5381 c
1334 5323 1737 5393 compositione
1776 5334 1875 5375 vo-

295 5444 420 5485 cum
453 5426 660 5496 eﬂlngi;
685 5435 736 5478 et
756 5422 1015 5491 EuIOgius
1035 5416 1461 5479 Alexandrinus,
1490 5414 1586 5473 lib.
1610 5430 1661 5469 tv
1686 5414 1741 5467 in
1767 5411 1879 5468 No-

295 5526 494 5577 votian.
536 5519 675 5589 apud
711 5517 959 5571 Pltotium
992 5515 1044 5569 in
1088 5512 1440 5573 Bibliotheca,
1473 5508 1748 5564 diabolum
1781 5521 1879 5562 ex-

297 5617 448 5685 ponit
474 5611 778 5682 allegorice,
810 5609 901 5679 qui
935 5609 1077 5677 rugit
1099 5603 1397 5661 adveniens
1424 5601 1499 5655 uti
1529 5601 1638 5665 leo,
1670 5599 1878 5670 pudore

298 5706 541 5763 suli'usus
570 5704 800 5759 discedit
831 5703 987 5770 quasi
1024 5698 1292 5761 formica,
1311 5695 1577 5764 peritque,
1608 5694 1663 5748 in
1698 5691 1876 5746 homi-

299 5800 462 5853 nibus
486 5813 591 5851 non
631 5794 913 5848 inveniens
952 5806 1160 5848 escam.
1196 5786 1434 5840 Sanctus
1457 5782 1874 5852 Aogustinusin

1970 4607 2198 4653 rnectere
2248 4596 2422 4649 visum
2475 4605 2601 4647 est:
2660 4605 2713 4646 tu
2746 4605 2992 4648 Catenam
3033 4595 3175 4649 illum
3204 4596 3462 4655 aconsule.
3509 4597 3555 4650 si

1985 4685 2352 4756 Polycltronii,
2409 4684 2501 4751 qui
2555 4686 2775 4737 nomine
2829 4684 3305 4754 myrmeeo-leouis
3357 4683 3555 4741 Joltunt

1982 4780 2339 4847 ipsuurputat
2364 4776 2629 4837 indicari,
2657 4776 3049 4844 expositionem
3074 4777 3265 4831 adhuc
3299 4778 3554 4849 requiris.

1981 4872 2050 4922 At
2082 4885 2148 4922 ne
2179 4867 2527 4938 quiduiutis.
2562 4867 2639 4920 Ad
2668 4883 2791 4936 cap.
2830 4867 2917 4931 '54,
2967 4867 3124 4939 cujus
3180 4867 3397 4923 initium
3451 4880 3554 4935 est.

1982 4956 2311 5020 Πλειστάκις
2354 4952 2585 5026 δεηθείς,
2633 4957 2683 5010 id
2726 4965 2808 5010 est
2858 4958 3050 5027 mpius
3105 4973 3296 5023 orans;
3325 4958 3560 5015 refertur

1981 5048 2211 5117 epistola
2237 5048 2365 5112 266,
2400 5048 2495 5103 lib.
2524 5062 2580 5102 Ill
2614 5046 2821 5110 Allatii,
2853 5062 2975 5116 quae
3012 5047 3265 5119 dirigitur
3293 5048 3555 5105 Adriano.

1981 5137 2062 5191 Ad
2094 5150 2213 5206 cap.
2257 5138 2344 5200 55,
2382 5136 2716 5197 inchoatum,
2747 5134 3062 5198 Καθεύδεις,
3096 5137 3147 5190 id
3179 5145 3284 5201 est,
3331 5137 3559 5206 dormis,

1982 5230 2208 5298 epistola
2241 5229 2364 5294 517,
2391 5228 2480 5282 lib.
2526 5243 2583 5282 ιιι
2627 5220 2785 5283 Allat.
2829 5229 3037 5296 absque
3071 5227 3449 5299 inscriptione.
3477 5232 3560 5285 Ad

1983 5338 2102 5391 cap.
2132 5320 2221 5386 56,
2249 5321 2393 5392 quod
2416 5320 2637 5391 incipit,
2669 5322 2744 5374 Οὐ
2797 5321 2957 5390 μόνον
3015 5325 3473 5393 γαστριμαργεῖν,
3506 5324 3558 5377 id

1982 5424 2084 5478 est,
2112 5430 2212 5466 non
2263 5413 2591 5482 solumgstla
2628 5411 2911 5479 indulgere,
2942 5412 3100 5481 epist.
3132 5413 3221 5477 46,
3248 5412 3339 5467 lib.
3372 5429 3427 5470 tu
3466 5416 3560 5466 Al-

1985 5504 2079 5556 lat.
2111 5504 2316 5557 directa
2364 5501 2583 5557 Gelasio
2629 5499 2917 5555 monacho.
2961 5498 3173 5555 Possiu.
3201 5500 3285 5555 26.
3318 5504 3394 5555 Ad
3433 5518 3554 5571 cap.

1983 5595 2072 5659 57,
2090 5595 2148 5648 ὐ
2175 5595 2387 5664 ἡνίοχος
2411 5592 2557 5657 νοῦς,
2588 5593 2641 5647 id
2676 5602 2775 5653 est,
2807 5607 2950 5646 utens
2974 5594 3179 5662 auriga,
3198 5594 3358 5660 epist.
3395 5592 3558 5646 Allat.

1983 5687 2109 5746 268.
2140 5687 2176 5739 Ι.
2209 5701 2289 5740 ιιι.
2328 5684 2407 5739 Ad
2436 5699 2557 5755 cap.
2606 5685 2693 5748 58,
2728 5683 2840 5736 Οὐκ
2880 5683 3025 5736 ἐστιν
3070 5682 3334 5753 ἁμαρτία,
3366 5682 3417 5737 id
3454 5692 3556 5743 est.

1982 5794 2087 5832 non
2121 5787 2209 5850 est
2250 5787 2547 5849 peccatum,
2587 5778 2745 5847 epist.
2779 5775 2870 5844 99,
2918 5776 2953 5829 ι,
2992 5791 3027 5829 ιι
3076 5775 3240 5829 Allat.
3278 5771 3561 5829 Cbaritoui
