3998 6116
493 253 630 318 135.)

1433 243 1580 301 10$.
1619 235 1884 297 MARl/E
1925 231 2285 294 SUARESII
2323 223 2825 289 DlSSERTATlO

3618 213 3754 276 1360

487 368 768 426 monacho
803 365 1081 434 inscripta.
1113 361 1323 414 Possm.
1349 358 1472 411 216.
1517 355 1593 408 Ad
1638 370 1756 423 cap.
1792 352 1882 416 59,
1917 352 2073 412 Ἴσως

2185 357 2293 400 tum
2329 354 2410 400 est
2445 362 2458 397 ε
2493 342 2705 403 Ἀὶλως
2727 338 2835 408 γὰρ
2858 338 2885 390 ὁ
2915 335 3197 406 τεχνίτης,
3249 334 3342 387 καὶ
3373 332 3548 393 ἄλλως
3588 331 3618 382 ὁ
3659 332 3754 382 ἀνα

491 463 744 530 arvos?“
787 456 932 508 Anne
982 453 1235 524 ignoras?
1283 451 1439 520 epist.
1474 449 1634 500 Allat.
1680 445 1804 507 5l8,
1839 443 1933 498 lib.
1979 457 2059 508 ιιι,

492 555 701 622 absque
727 548 900 602 titulo.
937 545 1016 600 Ad
1043 545 1110 599 40
1132 559 1249 613 cap.
1305 542 1430 594 Ἐὰν
1461 540 1641 612 γλίχῃ,
1669 537 1722 591 id
1757 545 1858 600 cst,
1895 535 1942 590 si
1981 535 2064 588 lu-

499 648 638 706 beat,
681 640 841 711 epist.
889 637 1055 692 Allat.
1087 635 1213 698 286,
1261 635 1351 687 lib.
1397 649 1477 696 ιιι,
1519 645 1712 686 carens
1749 625 2061 698 cpigraphe.

497 738 577 791 Ad
617 751 737 803 cap.
786 733 874 796 41,
899 730 1157 800 Μεγάλην
1195 730 1228 799 ἡ
1272 725 1570 798 προσευχὴ,
1600 724 1650 779 id
1683 731 1787 786 εει,
1817 735 2067 790 magnam

499 829 690 888 oratio,
745 825 903 894 epist.
954 822 1079 886 519,
1111 821 1206 875 lib.
1240 835 1300 873 ιιι
1327 817 1492 871 Allat.
1544 814 1622 868 ΑἸ
1671 829 1789 883 cap.
1832 812 1923 874 42,
1952 811 2067 879 Οὐχ

498 919 706 982 ἅπλῶς,
740 917 796 972 id
831 925 931 981 est,
962 930 1064 966 non
1116 910 1444 980 simpliciter,
1493 907 1652 976 epist.
1693 903 1818 966 520,
1868 901 1962 956 lib.
2011 914 2070 962 ιιι

500 1011 742 1081 ejusdem
765 1007 924 1061 Allat.
957 1005 1035 1058 Ad
1058 1018 1178 1072 cap.
1204 1002 1295 1066 45,
1319 999 1526 1070 Μέχρις
1561 997 1626 1051 ἂν
1655 995 1743 1059 σύ,
1772 995 1821 1049 id
1848 1005 1950 1056 est,
1977 993 2074 1044 do-

499 1119 593 1157 nec
623 1110 700 1162 tu,
726 1099 886 1169 epist.
917 1095 1042 1158 272,
1075 1093 1171 1148 lib.
1202 1092 1436 1161 ejusmet
1473 1088 1632 1141 Attat.
1657 1087 1858 1140 directa
1897 1082 2074 1138 Pauli—

507 1210 576 1250 uo
599 1193 917 1253 domestico,
951 1186 1165 1244 Possin.
1197 1184 1323 1239 204.
1350 1183 1428 1238 Ad
1463 1197 1579 1250 cap.
1613 1181 1700 1239 41,
1731 1177 1822 1248 Μὴ
1850 1176 2075 1231 ἀποναί-

508 1302 622 1346 νου,
659 1282 711 1337 id
743 1289 848 1343 est,
881 1295 942 1332 ne
974 1274 1292 1344 subterfuge,
1318 1271 1476 1341 epist.
1509 1270 1628 1324 sine
1645 1267 1802 1322 titulo
1824 1265 1950 1326 521,
1978 1263 2070 1316 lib.

498 1389 565 1428 -ιιι
596 1371 757 1426 Allat.
788 1367 869 1423 Ad
903 1382 1021 1436 cap.
1054 1365 1143 1427 49,
1176 1363 1386 1432 Ὥσπερ
1431 1363 1479 1413 οἱ
1528 1355 1988 1428 εἰσπορευόμενοι,
2022 1351 2074 1406 id

509 1471 613 1522 est,
641 1460 776 1513 sicut
826 1454 1191 1526 ingredientes,
1228 1451 1389 1522 epist.
1430 1448 1554 1510 522,
1587 1447 1680 1501 lib.
1714 1459 1776 1498 ιιι
1805 1443 1971 1498 Allat.
1995 1441 2075 1496 Ad

505 1568 624 1621 cap.
650 1550 740 1613 46,
772 1547 884 1602 Οὐκ
912 1545 1055 1598 1ἐστιν
1077 1541 1316 1610 εὔλογον,
1336 1540 1388 1595 id
1405 1548 1508 1605 est,
1526 1555 1628 1592 non
1647 1545 1724 1590 est
1747 1535 1941 1589 rationi
1962 1548 2080 1586 con-

505 1653 832 1699 sentaneum.
855 1636 1012 1708 epist.
1039 1635 1198 1689 Allat.
1223 1632 1347 1699 520,
1375 1631 1470 1685 lib.
1496 1646 1577 1684 ιιι.
1605 1627 1683 1682 Ad
1705 1643 1825 1698 cap.
1851 1626 1942 1689 47,
1965 1625 2078 1678 Ka-

2171 440 2508 508 επιστὴμων,
2541 451 2633 490 seu
2654 435 2876 503 ἄτεχνος
2897 471 2911 494 ,
2942 429 3114 500 κρίνει
3141 429 3209 481 τὰ
3229 431 3325 499 τῆς
3351 428 3570 496 τέχνηςο
3591 426 3747 477 Aliter

2175 534 2367 605 quippe
2404 530 2625 597 artifex,
2660 539 2709 578 et
2746 525 2908 578 aliter
2942 523 3044 575 tiro
3086 522 3218 574 artis
3257 521 3460 573 nescius
3490 516 3752 585 dijudicat

2178 641 2260 688 ea,
2302 638 2420 692 qua:
2459 621 2526 672 ad
2570 627 2738 671 artem
2765 625 3022 686 spectant.
3065 612 3312 681 Denique
3341 609 3583 664 occurrit
3620 607 3750 660 mihi

2173 713 2440 768 Allatiaua
2463 709 2567 763 246
2595 706 2845 778 cpistola,
2877 705 2970 757 lib.
3007 719 3066 766 ιι,
3096 702 3254 770 cujus
3287 700 3538 766 initium,
3564 697 3754 750 Πολλοὶ

2175 805 2283 858 τῶν
2327 806 2384 857 ὲν
2425 801 2668 871 θαλάσσῃ
2695 795 3135 870 χειμαζομένων,
3171 803 3302 861 ctc.,
3352 793 3404 846 id
3445 800 3559 855 εει,
3596 790 3752 843 Multi

2175 910 2378 960 eorum,
2418 892 2507 963 qui
2543 896 2848 958 tempestate
2876 886 3151 956 agitantur
3178 885 3232 937 in
3263 881 3486 953 pelago;
3523 897 3754 952 quaeque

2178 988 2245 1041 ad
2291 982 2591 1039 Zenobium
2638 980 2871 1050 legatum
2921 976 3218 1047 dirigitur:
3250 990 3314 1028 ea
3360 989 3490 1028 vero
3541 975 3754 1027 videtur

2178 1075 2451 1144 exscripta
2481 1088 2514 1128 ε
2533 1071 2710 1142 capite
2739 1070 2807 1123 64
2830 1067 3120 1122 Tractatus
3143 1066 3370 1130 laudati,
3396 1066 3486 1118 ubi
3520 1081 3638 1134 pag.
3685 1065 3752 1116 73

2184 1170 2296 1222 hate
2327 1165 2477 1221 luere
2509 1165 2733 1234 scripta,
2765 1163 2826 1215 Εἰ
2861 1161 2970 1232 γὰρ
2998 1162 3054 1213 ὲν
3081 1158 3325 1229 θαλάσσῃ
3357 1157 3611 1218 πλέοντίς
3641 1175 3752 1226 χει-

2185 1259 2501 1330 μαζὸμενοι,
2539 1256 2591 1310 id
2625 1263 2739 1320 est,
2783 1254 2840 1308 Si
2896 1268 3118 1322 namque
3158 1252 3212 1303 in
3254 1251 3393 1304 mari
3449 1250 3750 1318 naviganEes

2182 1350 2416 1421 procella
2444 1349 2664 1416 iactati,
2697 1356 2802 1402 etc.
2835 1345 2994 1400 Certe
3025 1353 3119 1398 aut
3146 1343 3345 1411 aliquis
3361 1357 3424 1396 es
3451 1342 3567 1395 istis
3597 1343 3750 1394 sctit:-

2177 1445 2268 1499 dis
2290 1483 2305 1508 ,
2337 1441 2421 1496 vel
2451 1439 2731 1511 Epistolis,
2762 1454 2885 1509 quae
2909 1435 3029 1491 Nilo
3055 1442 3251 1497 nostro
3277 1448 3375 1503 pro
3405 1431 3572 1486 variis
3596 1447 3752 1485 occa-

2185 1533 2433 1590 sionibus
2481 1531 2666 1587 subito
2697 1528 2904 1591 ctl‘usac,
2939 1528 3144 1597 impetu
3177 1533 3340 1594 atque
3367 1523 3546 1578 calore
3583 1521 3750 1575 (luse-

2188 1634 2336 1692 runt,
2371 1634 2426 1679 et
2452 1622 2773 1678 exciderunt
2802 1620 2867 1674 ad
2892 1619 3096 1681 varios,
3118 1616 3264 1671 Itlllla
3288 1625 3615 1685 temporum,
3641 1600 3752 1666 sive

513 1736 682 1802 μάτου
712 1704 955 1803 χρῄζεις,
973 1727 1238 1798 praevertit
1261 1734 1308 1778 te
1331 1721 1567 1784 morbus,
1585 1720 1745 1791 epist.
1771 1718 1933 1774 Allat.
1954 1717 2079 1782 524,

2187 1717 2514 1788 dignitatum
2551 1714 2731 1768 habita
2782 1711 3027 1776 ratione,
3063 1709 3192 1764 dum
3241 1709 3327 1763 vir
3371 1715 3597 1761 sanctus
3641 1704 3752 1758 zelo

506 1829 668 1901 633
707 1825 930 1882 ibidem.
963 1819 1044 1876 Ad
1073 1833 1194 1886 cap.
1230 1817 1321 1880 48,
1357 1816 1419 1868 Εἰ
1448 1815 1497 1866 ot
1528 1810 1744 1884 ἐχθροί,
1793 1810 1847 1865 id
1887 1817 2002 1874 est,
2033 1809 2078 1861 si

509 1900 715 1983 liostcs,
749 1917 910 1986 epist.
944 1927 1065 1983 quae
1095 1909 1350 1980 Aquilino
1385 1904 1701 1961 inscribitur
1731 1902 1873 1968 275,
1905 1900 1980 1955 lib
2017 1915 2078 1954 ιιι

510 2013 669 2064 Attat.
719 2016 774 2061 at
815 2004 1030 2060 Possiu.
1061 2001 1188 2056 200.
1219 1998 1300 2053 Ad
1341 2011 1459 2063 cap.
1496 1995 1585 2059 l9,
1638 1992 1773 2064 Πρὶν
1815 1993 1991 2045 ἐκεῖνο
2018 1989 2079 2044 τὸ

512 2099 802 2170 φρικῶδες,
836 2096 887 2150 id
924 2103 1037 2157 est,
1069 2098 1348 2159 antequam
1388 2083 1711 2140 tremendum
1745 2082 1901 2152 epist.
1949 2081 2074 2136 525.

511 2191 780 2247 Allatiana
814 2186 969 2241 inibi.
1000 2183 1081 2238 Ad
1115 2197 1233 2251 cap.
1265 2179 1355 2244 50,
1396 2177 1578 2247 Μηδὲν
1601 2175 1708 2228 τῶν
1741 2173 2078 2243 φαινομένων

513 2287 570 2336 ἐν
614 2282 691 2352 τῷ
726 2280 976 2351 παρόντι,
1027 2277 1078 2332 id
1131 2283 1231 2338 est,
1283 2273 1413 2326 nihil
1457 2269 1822 2341 apparentium
1854 2267 1908 2320 in
1940 2281 2078 2334 prte-

512 2374 671 2437 senti,
706 2372 864 2441 epist.
897 2367 1020 2434 526,
1052 2367 1258 2436 absque
1282 2360 1656 2432 inscriptione,
1691 2358 1784 2413 lib.
1822 2373 1883 2412 tu
1912 2357 2076 2410 Attat.

512 2465 604 2533 qui
639 2464 766 2532 legit
797 2463 853 2514 ὲν
895 2459 972 2531 τῷ
1001 2455 1330 2528 φαινομένῳ.
1381 2453 1462 2508 Ad
1497 2467 1620 2521 cap.
1675 2451 1764 2515 5i,
1813 2449 2079 2503 Οὐδέποτε

511 2557 592 2608 δεῖ
610 2554 820 2623 ἀργεῖν,
847 2551 897 2604 id
921 2558 1022 2614 εει,
1047 2561 1315 2617 nunquam
1337 2551 1537 2614 oportet
1561 2542 1740 2596 otiari.
1770 2539 1930 2610 epist.
1955 2536 2079 2602 164,

514 2651 608 2703 lib.
642 2663 702 2701 ιιι
735 2646 899 2700 Attat.
937 2645 1142 2699 directa
1178 2640 1339 2696 Petro
1371 2637 1658 2698 monacho,
1700 2634 1917 2691 Possin.
1954 2634 2076 2688 118.

515 2738 593 2792 Ad
627 2752 747 2805 cap.
779 2735 864 2797 32,
896 2734 1200 2804 Τόλμησον,
1234 2731 1285 2785 id
1317 2738 1422 2793 est,
1451 2728 1606 2792 aude,
1639 2726 1804 2780 Allat.
1843 2726 1961 2780 sine
2011 2725 2082 2777 tio

517 2830 627 2884 tulo
661 2827 820 2897 epist.
853 2827 978 2890 527,
1013 2825 1109 2880 lib.
1147 2837 1230 2878 ιιι.
1263 2821 1345 2878 Ad
1379 2829 1706 2881 extremum,
1737 2833 1858 2890 quae
1894 2818 1946 2870 in
1985 2833 2082 2872 co-

517 2922 636 2976 dice
670 2918 966 2974 Barbcrino
997 2917 1208 2974 locatur
1245 2921 1442 2986 quarto
1474 2911 1618 2975 loco,
1650 2911 1798 2983 Εὐχή
1819 2952 1834 2976 ,
1883 2911 1934 2966 id
1969 2918 2082 2976 est,

516 3013 709 3076 oratio,
743 3019 797 3066 et
840 3009 1121 3066 constituit
1158 3015 1324 3077 caput
1370 3005 1458 3061 55.
1494 3002 1626 3073 Ejus
1655 3001 1942 3062 exordium
1975 3010 2084 3070 est,

2187 1809 2552 1878 abriperetur,
2587 1814 2646 1859 ut
2673 1803 2727 1858 in
2757 1801 3017 1873 Epistolis
3046 1799 3113 1856 ad
3138 1798 3434 1855 Arcadium
3461 1797 3754 1866 imperato-

2187 1915 2300 1957 rem
2325 1899 2465 1954 datis
2492 1906 2602 1954 tam
2633 1909 2798 1967 penes
2827 1894 3083 1948 Allatium
3113 1892 3240 1956 205,
3268 1891 3362 1945 lib.
3383 1905 3447 1954 ιι,
3470 1899 3526 1944 ει
3551 1888 3648 1942 lib.
3675 1903 3751 1954 ιιι,

2185 1990 2346 2059 epist.
2378 1989 2506 2055 279,
2537 2002 2702 2059 quam
2731 1985 2874 2055 apud
2904 1983 3191 2038 Possiuum
3221 1979 3382 2050 epist.
3406 1978 3515 2034 252
3541 1987 3593 2033 ει
3617 1978 3751 2040 255ς

2186 2081 2319 2150 quin
2372 2080 2624 2136 Romano
2672 2075 2837 2148 634
2885 2075 3166 2144 episcopo,
3210 2073 3371 2126 Atlat.
3418 2071 3579 2141 epist.
3622 2069 3756 2132 155.

2188 2174 2226 2226 Ι.
2261 2188 2322 2238 ιι,
2361 2172 2414 2226 in
2449 2185 2555 2241 qua
2584 2167 2851 2224 Novatum
2885 2183 2915 2221 a
2948 2181 3006 2222 se
3047 2180 3156 2219 non
3185 2163 3352 2237 recipi
3382 2162 3600 2220 nuntiat
3631 2164 3754 2235 (nisi

2188 2263 2349 2319 fuerit
2382 2263 2433 2317 id
2464 2276 2660 2316 nomen
2685 2258 2804 2330 ejus
2835 2257 3161 2330 pruptium),
3192 2258 3392 2328 aliquis
3425 2258 3698 2328 (inquam)
3730 2271 3759 2311 e

2185 2352 2289 2407 Nili
2322 2349 2589 2407 studiosis
2615 2364 2680 2404 ex
2718 2346 2840 2404 istis
2875 2348 3131 2419 Epistolis
3172 2347 3494 2403 continuam
3523 2345 3675 2400 illam
3707 2345 3759 2398 in

2188 2443 2367 2514 capita
2400 2441 2504 2497 155
2528 2440 2842 2498 distinctam
2873 2439 3164 2511 compegit,
3197 2441 3424 2494 nomina
3452 2453 3669 2502 eorum,
3696 2437 3759 2491 ad

2189 2553 2330 2610 quos
2362 2536 2576 2593 l‘ueraut
2601 2547 2856 2604 exaraue,
2886 2536 3304 2608 praetermittens
3329 2552 3344 2590 :
3369 2545 3466 2591 aut
3489 2535 3758 2607 quispiam

2190 2631 2604 2688 exercitamenti
2634 2631 2809 2703 gratia
2857 2630 3153 2686 dissectam
3183 2629 3468 2699 epistolam
3513 2630 3661 2684 illam
3708 2629 3760 2682 in

2190 2724 2436 2781 diversas
2458 2725 2526 2780 ad
2553 2723 2800 2779 diversos
2827 2721 3126 2778 distribuit.
3152 2719 3311 2775 Volui
3333 2735 3463 2791 ergo
3488 2719 3760 2790 specimen

2191 2815 2410 2886 aliquod
2438 2814 2601 2885 hujus
2629 2814 2898 2880 misturae,
2938 2828 3034 2869 seu
3071 2811 3422 2868 dissectionis
3451 2810 3602 2876 dare,
3661 2825 3729 2881 gn
3749 2838 3763 2850 -

2193 2917 2448 2976 stumque
2485 2904 2726 2975 praebere
2753 2919 2888 2959 mea:
2928 2902 3273 2975 cogitationis
3306 2902 3520 2968 lectori,
3547 2901 3640 2972 qui
3666 2916 3762 2972 pro

2193 2995 2490 3052 acrimonia
2542 2995 2744 3066 ingenii
2799 2993 2885 3050 sui
2938 2992 3278 3049 discerneret
3327 2978 3585 3049 solértius
3635 2993 3758 3047 ista.

516 3069 745 3177 Βοηοόξ,
779 3101 965 3165 idest,
1002 3069 1241 3170 adjutor,
1264 3097 1494 3154 Allal'rus
1523 3069 1642 3154 eam
1674 3093 2087 3167 comprehendit
2115 3069 2158 3128 ο
2191 3086 2432 3145 lsidorus
2486 3087 2760 3144 Pelusiota
2817 3086 3124 3143 Theodosio
3181 3085 3502 3157 imperatori
3571 3085 3761 3139 scribit

519 3201 572 3252 in
632 3195 859 3264 epistola
901 3192 1042 3259 250,
1096 3208 1216 3263 quae
1265 3190 1386 3245 Nilo
1437 3189 1754 3260 presbytero
1804 3186 2084 3257 dirigitur,

519 3291 614 3348 lib.
643 3305 722 3343 ιιι.
757 3287 1039 3356 Simulque
1071 3283 1421 3340 consarcinat
1456 3283 1563 3337 duo
1585 3281 1770 3351 capita
1801 3279 1912 3344 illa,
1945 3278 2088 3334 sicut

517 3390 573 3435 ct
621 3376 892 3431 Possinus
942 3375 1101 3445 epist.
1153 3374 1219 3428 ad
1271 3372 1523 3428 eumdem
1573 3371 1754 3425 Nilum
1804 3369 2086 3440 presbyte-

517 3485 640 3525 rum
684 3465 805 3532 168,
839 3481 960 3536 qua:
995 3465 1204 3533 incipit,
1241 3463 1434 3527 Οὐδεὶς
1463 3461 1870 3532 ταπεινότερος,
1896 3475 2086 3531 quem-

515 3557 811 3616 admodum
844 3569 900 3615 et
933 3556 1206 3612 Allatiana
1227 3594 1243 3621 ,
1277 3555 1355 3610 uti
1388 3554 1779 3627 prtenotabam.
1826 3553 1947 3609 Non
1995 3553 2087 3609 de-

518 3659 681 3706 erunt
707 3659 980 3705 emunctae
1013 3648 1163 3703 naris
1190 3647 1464 3712 homines,
1499 3657 1551 3702 et
1584 3647 1786 3718 quibus
1815 3660 1981 3701 nasus
2003 3653 2088 3701 est

517 3740 923 3809 rhinocerotis,
969 3739 1062 3810 qui
1109 3739 1373 3794 damnent
1413 3752 1589 3793 meam
1637 3735 1994 3809 περιεργίαν,
2031 3744 2087 3790 ει

520 3832 830 3903 improbum
863 3831 1106 3887 laborem
1149 3836 1209 3883 ιιι
1246 3828 1492 3883 inutilem
1522 3835 1844 3883 aversentur
1873 3826 1924 3880 in
1955 3840 2087 3881 con-

518 3923 758 3979 ferendis
791 3921 910 3977 istis
938 3919 1227 3992 Epistolis;
1265 3927 1319 3974 et
1349 3918 1512 3988 hujus
1535 3915 1786 3988 Epistolrc
1813 3916 2086 3972 continuae

517 4012 916 4085 quinquaginta
979 4010 1156 4064 tribus
1211 4008 1518 4078 capitibus,
1599 4006 1840 4062 codicem
1895 4013 2084 4060 nactus

518 4101 698 4157 fuerat
729 4100 993 4157 Possinus
1035 4100 1090 4154 in
1124 4098 1454 4153 bibliotheca
1491 4095 1763 4161 Medicam,
1811 4095 2084 4166 Epistola—

519 4210 661 4261 rum,
716 4208 855 4264 quas
904 4191 1088 4248 emisit
1145 4191 1199 4245 in
1261 4191 1435 4245 lucem
1487 4203 1631 4244 anno
1693 4186 1852 4252 1657,
1910 4185 2079 4240 Paris.

474 4314 484 4327 ς
521 4284 696 4339 Alium
741 4282 1059 4354 ampliorem
1107 4280 1217 4335 Leo
1257 4279 1532 4343 Allatius,
1593 4293 1716 4336 cum
1775 4292 1940 4349 vagas
2001 4275 2076 4330 di-

2189 3181 2352 3251 cpist.
2385 3179 2476 3244 55,
2511 3179 2603 3233 lib.
2638 3193 2678 3240 I,
2717 3177 2782 3233 de
2819 3176 3172 3249 dispergendis
3214 3176 3420 3245 opibus,
3451 3177 3613 3246 deque
3641 3175 3760 3227 abs-

2191 3273 2451 3340 tinentia,
2510 3281 2560 3325 et
2610 3270 3052 3336 mansuetudine;
3100 3269 3261 3339 epist.
3313 3275 3572 3336 przeterea
3633 3263 3758 3327 511,

2190 3368 2255 3418 de
2305 3363 2530 3417 concilio
2562 3362 2860 3432 Epltesino,
2917 3363 3141 3432 insuper
3193 3358 3398 3430 Cyrillo
3444 3357 3760 3427 patriarcha:

2187 3453 2576 3516 Alexandrino,
2624 3469 2718 3508 seu
2752 3451 3028 3522 episcopo,
3058 3451 3152 3503 lib.
3182 3462 3234 3512 ι,
3270 3447 3430 3516 epist.
3460 3445 3585 3511 525,
3633 3445 3756 3510 521,

2188 3544 2315 3606 570.
2344 3543 2448 3599 497
2469 3560 2484 3598 :
2508 3552 2561 3598 et
2583 3543 2680 3598 lib.
2706 3558 2765 3606 ιι,
2787 3541 2948 3612 epist.
2976 3540 3111 3606 127;
3133 3547 3186 3594 ει
3211 3538 3304 3592 lib.
3335 3553 3416 3602 ιιι,
3446 3537 3611 3606 epist.
3634 3535 3751 3590 500.

2186 3636 2298 3692 Νεε
2343 3635 2584 3691 lsidorus
2627 3633 2852 3697 titulos,
2896 3641 2992 3687 aut
3035 3629 3383 3702 put-lationes
3431 3629 3759 3683 honorilicas

2188 3729 2296 3785 illis
2326 3728 2566 3784 exhibet.
2610 3725 2682 3780 Ea
2713 3733 2830 3782 erat
2863 3725 2954 3779 illo
2984 3723 3185 3779 sacculo
3215 3723 3424 3794 piorum
3461 3720 3759 3775 monacho-

2188 3834 2311 3874 rum
2344 3817 2699 3888 simplicitas,
2745 3829 2809 3870 ea
2865 3814 3220 3884 pontiﬁcum,
3270 3821 3324 3866 et
3369 3811 3756 3881 imperatorum

2191 3908 2514 3974 moderatio,
2540 3914 2594 3962 et
2623 3906 2843 3960 nomina
2873 3905 3014 3960 nuda
3036 3903 3284 3975 epistolis
3306 3903 3756 3975 praeponebantur

2188 4015 2341 4056 more
2371 4000 2638 4070 majorum
2667 4013 2732 4054 ex
2773 3997 3102 4070 Symmacho
3130 3997 3222 4052 lib.
3261 4013 3320 4062 ιι,
3353 3995 3514 4066 epist.
3545 3994 3633 4058 55,
3668 3993 3752 4048 ubi

2184 4090 2428 4147 Juretus.
2459 4090 2749 4161 Equidem,
2789 4089 2918 4145 dum
2954 4086 3205 4142 Romana
3236 4085 3544 4156 respublica
3599 4085 3754 4156 plena

2186 4184 2504 4255 integraque
2557 4183 2807 4238 libertate
2861 4181 3050 4237 fruens
3105 4177 3524 4244 etllorescebat,
3586 4177 3749 4248 ignoti

2189 4276 2408 4348 penitus
2437 4284 2594 4332 erant
2626 4275 2804 4340 tituli,
2858 4274 2954 4345 qui
3001 4289 3148 4329 nunc
3177 4271 3380 4344 passim
3424 4284 3755 4340 usurpantur

520 4390 868 4446 spersasque,
917 4371 1162 4437 collatis,
1206 4379 1327 4426 utut
1364 4369 1568 4440 potuit,
1618 4367 1885 4422 Romanis
1926 4367 2081 4422 volu-
2115 4406 2156 4460 ο
2187 4368 2241 4426 in
2272 4367 2642 4433 sermonibus,
2669 4376 2832 4437 atque
2857 4366 3076 4431 litteris,
3105 4365 3240 4420 adeo
3274 4372 3334 4419 ut
3358 4379 3502 4432 saepe
3538 4364 3754 4417 illorum

521 4468 781 4530 minibus,
826 4465 1028 4520 fascem
1061 4464 1115 4518 iu
1154 4478 1322 4518 unum
1350 4461 1633 4532 coegisset,
1671 4459 1860 4514 Romae
1885 4458 2084 4514 Barhc-

518 4559 654 4614 riuis
707 4556 851 4628 typis
913 4555 1205 4625 publicavit
1267 4568 1411 4609 anno
1482 4551 1639 4606 1668.
1704 4549 1808 4606 Sed
1854 4566 1975 4605 cum
2030 4552 2082 4602 in

520 4651 680 4722 epist.
730 4646 812 4717 60,
861 4647 955 4701 lib.
1001 4663 1064 4709 ιι,
1115 4643 1420 4710 Allatiana,
1458 4657 1579 4712 quae
1619 4639 1937 4696 inscribitur
1975 4637 2083 4693 Ha-

520 4742 712 4796 driano
762 4735 1070 4800 monacho,
1131 4734 1454 4806 reperissem
1502 4733 1670 4787 multa
1727 4730 2011 4801 desumpta
2056 4745 2085 4783 c

519 4833 696 4903 capite
749 4830 812 4884 1⁵1
863 4827 1153 4884 Tractatus
1207 4829 1273 4882 de
1322 4825 1624 4880 mouastica
1665 4823 2082 4882 exercitatione,

520 4920 820 4993 pra'scrtim
867 4932 897 4971 e
951 4917 1175 4988 periodo
1230 4915 1541 4985 incipiente,
1568 4913 1630 4966 Et
1673 4914 1780 4982 γὰρ
1813 4911 2087 4981 ἄνθρωποι

523 5011 810 5085 βάρϐαροι,
864 5019 992 5075 ειε.,
1047 5009 1250 5071 idest,
1310 5003 1368 5059 Si
1412 5006 1550 5058 enim
1589 5003 1820 5056 homines
1864 5000 2086 5052 Barbari

524 5111 690 5172 (sunt
726 5103 874 5157 enim
925 5103 1040 5157 haec
1072 5101 1246 5171 prima
1286 5097 1451 5150 verba
1489 5093 1680 5164 capitis
1711 5092 1956 5161 ejusdem
1991 5089 2086 5160 17)

524 5207 696 5262 usque
739 5193 808 5247 ad
858 5193 989 5256 iure,
1038 5191 1117 5253 τις
1156 5190 1366 5250 ἔπεισε,
1395 5188 1511 5256 quis
1559 5183 1864 5252 persuasit?
1899 5191 2083 5250 postea

523 5299 648 5337 eum
683 5281 1000 5338 incidissem
1033 5282 1087 5334 in
1119 5280 1281 5350 epist.
1319 5279 1388 5331 65
1411 5279 1487 5331 lib
1530 5291 1566 5330 ιι
1595 5273 1915 5328 Allatianam
1946 5287 2084 5337 quo-

521 5391 623 5446 quc
662 5374 924 5429 directam
968 5371 1257 5427 Theodoro
1295 5369 1564 5426 monacho
1619 5377 1671 5421 et
1716 5365 1853 5435 apud
1901 5363 2086 5417 Possi-

518 5483 648 5521 num
687 5464 814 5530 285,
853 5465 1167 5534 inscriptam
1201 5460 1509 5517 Theodosio
1543 5457 1810 5512 monacho
1833 5497 1847 5521 ,
1892 5454 2082 5524 agnovi

521 5572 640 5610 eam
669 5567 922 5613 constare
963 5564 1130 5610 totam
1161 5572 1225 5612 ex
1266 5552 1647 5630 partecapitis
1691 5549 1758 5602 42
1795 5547 2084 5602 Tractatus

523 5643 784 5702 illiusmet
817 5647 884 5701 de
910 5647 1211 5702 monastica
1249 5644 1659 5710 exercitatione,
1689 5642 1777 5696 ubi
1813 5641 1913 5695 hoc
1947 5639 2078 5693 clla-

2184 4459 2555 4516 coutroversia
2595 4459 2820 4513 maximi
2853 4457 3114 4512 momenti
3147 4455 3490 4525 negotiorum
3536 4467 3755 4507 cursum

2187 4551 2512 4622 prtepediat;
2570 4551 2788 4620 ignotus
2836 4565 2954 4604 mos
3000 4546 3302 4618 appellandi
3354 4561 3521 4598 unum
3566 4543 3756 4614 plurali

2187 4656 2419 4698 numero
2456 4658 2468 4694 :
2501 4641 2632 4710 quin
2657 4641 2788 4694 illud
2811 4641 3040 4695 eruditis
3055 4639 3223 4710 quaeri
3257 4646 3649 4699 consueverat,
3693 4650 3757 4687 an

2188 4733 2242 4787 in
2273 4732 2505 4803 singulis
2535 4745 2753 4800 quoque.
2784 4731 2963 4785 verbis
2998 4739 3180 4800 posset
3226 4731 3340 4782 lieri
3379 4729 3756 4790 solo‘cismus,

2189 4834 2245 4878 ut
2277 4824 2322 4879 si
2354 4839 2523 4878 unum
2558 4825 2683 4893 quis
2732 4823 2799 4877 ad
2846 4838 2905 4878 se
2933 4837 3134 4876 vocans
3165 4820 3405 4877 diceret.
3445 4818 3660 4884 Venite,
3709 4828 3761 4869 ut

2189 4915 2445 4970 observat
2476 4913 2864 4980 Quintilianus,
2917 4911 3012 4966 lib.
3056 4928 3100 4982 tl
3147 4912 3393 4967 Institut.
3432 4922 3640 4963 orator.
3693 4910 3761 4962 At

2189 5022 2333 5060 nunc
2373 5004 2627 5059 adulandi
2667 5003 2996 5059 lenocinium
3036 5017 3102 5056 eo
3149 5017 3323 5072 usque
3353 5002 3653 5071 processit.
3707 5010 3763 5050 ut

2187 5114 2370 5161 voces,
2399 5098 2598 5167 quibus
2627 5096 2920 5150 mentimur
2946 5093 3207 5159 dominis,
3249 5094 3377 5147 dum
3407 5091 3761 5162 singularita-

2191 5198 2295 5242 tem
2332 5189 2535 5242 bonore
2578 5186 2941 5241 multitudinis
2987 5185 3329 5244 decor-amns,
3367 5183 3617 5236 omittere
3642 5181 3761 5250 pia—

2187 5281 2368 5333 culum
2400 5278 2648 5342 ducatur,
2691 5287 2742 5331 et
2772 5276 2983 5331 crimini
3016 5285 3277 5338 vertatur,
3325 5274 3598 5342 daturque
3621 5270 3759 5324 actio

2187 5386 2246 5424 ea
2291 5368 2358 5423 de
2391 5384 2480 5435 re;
2525 5367 2602 5422 uti
2641 5365 2878 5423 Joannes
2936 5366 3358 5423 Sarisberiensis
3410 5364 3760 5433 conqueritur

2189 5462 2240 5514 in
2263 5459 2620 5531 I’olycratico,
2643 5459 2737 5514 lib.
2767 5476 2850 5524 ιιι,
2881 5474 3000 5528 cap.
3025 5458 3113 5526 10,
3135 5474 3230 5513 εειι
3266 5457 3336 5512 De
3362 5457 3515 5524 nugis
3541 5455 3755 5519 (ιιι-ἰαί,

2187 5560 2235 5604 et
2272 5566 2428 5620 poena
2461 5548 2726 5619 inﬂigitur
2763 5550 2869 5616 his,
2903 5552 2995 5620 qui
3025 5551 3374 5620 magistratus
3413 5564 3521 5602 non
3565 5562 3754 5618 prosc-

2185 5651 2426 5714 quuntur
2447 5639 2644 5696 debitis
2674 5641 2876 5709 titulis;
2903 5641 3043 5713 quod
3070 5652 3120 5697 et
3145 5637 3530 5708 observavitil.
3564 5637 3619 5691 Ρ.
3643 5635 3753 5691 Ca:-
