3998 6116
329 363 426 424 361

1462 421 1465 425 .
1510 361 1606 420 DE
1636 361 2015 422 OPERIBUS
2049 363 2108 420 S.
2160 362 2342 421 NlLl.

3408 363 3554 428 1362‘

294 494 384 532 sar
416 475 672 541 Bccillus,
699 472 932 530 Oratorii
963 474 1186 537 sodalis,
1217 473 1426 530 amicus
1458 489 1632 541 meus,
1657 484 1711 530 et
1733 489 1861 529 eru-
1892 480 1934 536 Α
1966 471 2152 542 lupum
2176 487 2272 542 pro
2306 479 2525 540 pastore
2557 470 2886 542 suscipiens,
2911 478 2965 526 et
2994 470 3268 527 daemonas
3293 473 3544 531 inimicos

291 568 456 630 ditus,
501 568 552 620 in
589 565 746 620 Notis
775 564 845 618 ad
886 565 1057 618 Vitam
1089 565 1262 618 sancti
1287 564 1405 620 Caii
1435 582 1610 634 papae.

359 658 544 712 Mirari
587 658 771 721 subit,
825 673 923 711 cur
961 671 1026 710 ex
1081 657 1307 726 cpistola
1351 656 1418 710 ad
1454 655 1861 722 Telemachum,

289 767 410 819 quae
446 765 551 804 una
587 758 703 811 est,
756 758 1181 816 ntnneraturque
1215 746 1322 800 159
1347 747 1489 816 apud
1539 746 1858 812 Possiuum,

291 841 520 896 Allatius
550 849 658 894 tres
689 846 912 905 statuat,
957 853 1150 906 nempe
1176 837 1311 902 255,
1343 837 1472 902 236,
1504 839 1628 902 257,
1655 837 1748 890 lib.
1781 854 1858 904 tu,

287 948 353 986 ex
388 948 492 986 una
541 930 860 984 Possiniana
908 929 978 984 ad
1024 927 1301 983 lulianum
1348 929 1676 984 monachum
1717 930 1858 995 261,

287 1025 424 1077 duas
475 1023 776 1076 Allatianas
827 1021 1196 1090 comperimus
1242 1021 1336 1075 lib.
1397 1036 1480 1086 ιιι,
1529 1019 1654 1086 229,
1713 1019 1859 1087 230,

287 1125 433 1170 certe
469 1113 564 1167 251
601 1113 781 1167 Allatii
814 1121 898 1166 est
929 1113 1136 1183 integra
1168 1113 1275 1167 262
1304 1112 1554 1176 Possini;
1590 1112 1731 1168 sicut
1753 1113 1861 1167 252

288 1208 447 1260 Allat.
497 1215 582 1260 est
627 1221 783 1274 pura,
827 1213 953 1273 puta
1002 1203 1322 1258 l’ossiuiana
1363 1203 1488 1256 265.
1522 1201 1718 1257 Verum
1756 1203 1861 1257 “264

289 1298 503 1352 l’ossini
558 1298 610 1350 in
646 1299 783 1352 duas
822 1296 1001 1350 Allalii
1038 1295 1144 1348 253
1165 1305 1220 1349 et
1245 1296 1351 1376 9.3.5
1373 1294 1547 1349 divisa
1572 1304 1732 1352 estet
1755 1295 1861 1350 235

287 1390 472 1444 Allatii
507 1389 684 1458 explet
727 1389 826 1442 165
871 1387 1123 1442 Possini?
1178 1385 1286 1442 Cur
1323 1401 1408 1450 ea,
1445 1402 1566 1456 quat
1599 1386 1678 1441 De
1707 1385 1858 1444 Naas

287 1475 594 1528 Ammonita
626 1472 888 1528 Israelitis
916 1474 1265 1528 commiuaute
1290 1490 1343 1528 se
1359 1475 1592 1543 ipsorum
1613 1475 1859 1530 dextrum

287 1568 500 1621 oculum
528 1567 862 1634 e/fossurum,
890 1581 1010 1635 cap.
1048 1566 1116 1620 15
1143 1564 1431 1621 Tractatus
1456 1565 1524 1622 de
1556 1568 1858 1625 monastica

287 1655 680 1710 exercitatione
722 1654 927 1721 retulit,
963 1655 1014 1708 in
1059 1654 1218 1724 epist.
1258 1654 1384 1721 198,
1421 1655 1514 1709 lib.
1547 1671 1608 1723 tt,
1648 1657 1712 1710 ad
1748 1653 1859 1711 Nu-

289 1747 530 1803 menium
559 1745 713 1800 Nilus
738 1746 931 1815 repetit
953 1745 1094 1815 apud
1116 1743 1396 1811 Allatium,
1420 1754 1476 1800 et
1502 1746 1646 1817 apud
1673 1745 1857 1803 Possi-

288 1857 419 1907 nan
452 1839 602 1895 504?
633 1838 774 1904 Quin
805 1838 910 1891 alia
939 1838 1094 1907 plura
1132 1854 1198 1893 ex
1225 1837 1507 1908 opusculis
1539 1838 1642 1893 Nili
1678 1848 1858 1896 trans-

289 1930 409 1984 fusa
453 1930 507 1983 in
558 1928 831 1998 Epistolas
871 1929 1240 1996 invenientur;
1287 1939 1382 1986 aut
1431 1931 1550 1986 vice
1588 1946 1744 1988 versa
1794 1947 1859 1987 ex

289 2021 548 2089 Epistolis
580 2020 798 2075 redacta
831 2020 884 2075 in
918 2019 1178 2090 capitula,
1199 2029 1253 2074 et
1273 2022 1594 2078 tractatibus
1616 2023 1862 2079 inserta?

288 2113 490 2168 Harum
521 2112 872 2178 divisionum,
902 2120 956 2167 et
979 2112 1383 2182 repetitionum,
1419 2124 1584 2184 atque
1609 2115 1862 2170 ταυτολο-

288 2205 414 2275 γίας
445 2220 641 2261 causas
679 2204 864 2258 rimari
898 2203 1092 2275 poterit
1120 2220 1309 2276 aequus
1339 2205 1530 2262 lector.

359 2294 520 2365 635
545 2293 762 2348 Interim
795 2294 1086 2350 Anastasio
1115 2295 1372 2365 episcopo
1399 2296 1607 2352 directa
1633 2299 1861 2367 epistola

287 2383 355 2438 de
396 2392 586 2438 sancto
634 2381 843 2437 Joanne
891 2383 1318 2454 Chrysosmmo,
1367 2385 1512 2440 edita
1563 2385 1752 2443 Latine
1807 2389 1860 2444 in

289 2474 622 2528 Bibliotheca
655 2473 879 2526 Patrum
913 2473 1169 2540 Coloniae,
1207 2485 1260 2530 et
1293 2477 1434 2546 apud
1465 2476 1684 2544 Zinum,
1717 2495 1746 2533 a
1777 2496 1860 2536 me

288 2564 391 2619 fuit
414 2563 799 2634 prtetermissa,
831 2563 958 2633 quia
989 2571 1167 2618 exstat
1196 2563 1380 2620 Grazce
1408 2575 1461 2621 et
1485 2566 1675 2622 Latine
1697 2583 1862 2637 penes

288 2655 568 2720 Allatium,
601 2655 697 2709 lib.
748 2672 842 2719 tu,
879 2657 1037 2725 epist.
1085 2655 1209 2723 295,
1257 2667 1311 2712 et
1351 2658 1491 2728 apttd
1535 2659 1859 2728 Possinum,

287 2747 446 2815 epist.
479 2745 604 2810 9.54,
645 2748 737 2816 qui
782 2750 1154 2817 presbyterum
1197 2758 1404 2802 tantum
1438 2749 1683 2804 nominat
1713 2755 1862 2808 Ana-

289 2838 516 2891 stasium
552 2837 738 2902 illum;
780 2838 1065 2907 epistolam
1098 2839 1261 2892 etiam
1298 2855 1405 2894 non
1453 2841 1860 2911 exprimendam

289 2930 430 3000 typis
460 2929 664 2995 curavi,
693 2929 834 3000 Πρὺς
863 2930 1160 3000 νεωτέρους
1184 2931 1471 3002 μοναχούς,
1512 2933 1578 2988 ad
1615 2933 1862 3004 jttniorcs

290 3020 614 3082 monachos,
657 3020 770 3074 sive
807 3019 873 3074 ad
911 3018 1186 3089 juniorem
1237 3023 1604 3089 monachum,
1641 3025 1709 3081 de
1754 3043 1860 3096 qua

288 3201 416 3269 quia
447 3200 654 3265 Grzece,
679 3201 820 3256 sicut
845 3212 897 3256 et
926 3201 1117 3258 Latine
1143 3202 1244 3258 fttit
1286 3219 1487 3260 excusa
1523 3221 1688 3276 penes
1717 3208 1864 3262 Alla-

290 3293 448 3355 tium,
479 3292 572 3346 lib.
603 3309 684 3357 ιιι,
723 3293 951 3363 epistola
995 3295 1134 3363 503;
1179 3303 1238 3350 at
1288 3294 1480 3354 Latine
1518 3297 1762 3356 Colonia:
1808 3299 1861 3354 in

291 3385 662 3452 suprascripta
709 3383 1034 3440 Bibliotheca
1064 3383 1294 3440 Patrum
1327 3395 1476 3443 tomo
1523 3388 1586 3457 V,
1614 3400 1755 3460 part.
1803 3408 1862 3460 ιι,

294 3489 416 3543 pag.
463 3471 606 3536 972;
651 3471 780 3540 quin
819 3480 874 3527 et
915 3474 1058 3542 apud
1094 3473 1288 3530 linum
1319 3477 1557 3535 Venetiis
1603 3480 1764 3546 1574,
1808 3482 1862 3536 in

293 3560 625 3618 Collectioue
655 3557 890 3629 Operum
920 3560 1050 3625 Nili,
1098 3562 1194 3618 lib.
1247 3580 1320 3627 tv,
1350 3565 1531 3620 Allatii
1578 3569 1639 3623 61
1681 3569 1865 3643 Olym-

292 3656 523 3726 piodoro
568 3653 826 3722 eparcho,
872 3662 926 3707 et
974 3654 1043 3707 62
1094 3653 1382 3712 lleliodoro
1409 3658 1726 3716 Silentiario
1777 3663 1861 3718 di~

293 3756 453 3801 rectae
483 3747 535 3800 in
569 3746 806 3800 secunda
851 3744 1066 3799 Nicmna
1097 3747 1325 3817 synodo,
1363 3749 1572 3805 actione
1610 3752 1676 3817 4,
1727 3771 1864 3822 quas

295 3839 658 3892 iudicaveram
695 3836 918 3906 prmlato
944 3837 1157 3900 Allatio,
1192 3853 1314 3892 cum
1367 3840 1497 3894 mihi
1531 3841 1698 3899 libros
1744 3844 1866 3916 Epi-

295 3930 577 3992 stolarum,
603 3943 738 3996 quos
773 3927 922 3996 prelo
949 3928 1316 3993 commiserat,
1350 3938 1698 4000 ostentasset,
1724 3934 1865 4005 jam-

294 4035 400 4088 que
457 4019 521 4070 ad
562 4017 766 4070 calcem
811 4016 1137 4084 perduxerat
1182 4033 1196 4069 :
1245 4018 1388 4072 unde
1431 4028 1708 4088 postremo
1748 4023 1866 4080 loco

295 4112 414 4165 illas
453 4111 653 4180 posuit,
690 4124 785 4162 nec
811 4117 988 4162 tamen
1027 4109 1196 4163 ullum
1229 4111 1358 4164 tnihi
1397 4113 1656 4180 persolvit
1691 4117 1865 4187 μήνυ-

293 4221 446 4272 τρον.
499 4201 553 4254 ltt
607 4201 935 4255 Bibliotheca
979 4201 1192 4256 tandem
1232 4200 1455 4256 Patrum
1503 4203 1746 4261 Colonia:
1795 4208 1869 4262 le-

295 4295 438 4364 gitur
479 4292 838 4360 fragmentum
884 4289 1012 4355 Nili,
1052 4292 1121 4346 de
1170 4293 1334 4348 nimis
1383 4293 1637 4349 diuturna
1679 4297 1866 4366 praefe-

295 4395 466 4438 ctura.
501 4382 577 4435 Eu
615 4383 743 4437 illttd
778 4401 790 4437 :
827 4402 845 4434 ι
875 4382 1119 4438 Tradunt
1156 4399 1338 4438 rerum
1392 4386 1724 4441 naturalium
1769 4389 1865 4445 ob-

1969 564 2252 619 adorans?
2283 561 2433 617 Vana
2481 562 2652 634 gloria
2697 570 2782 618 est
2830 564 3027 619 mentis
3063 565 3265 620 erroris
3307 565 3540 630 initium,

1967 669 2074 723 qua
2105 668 2260 708 mens
2289 653 2533 718 incitata,
2573 653 2625 708 id
2655 655 2798 724 quod
2828 654 3074 709 divinum
3105 666 3209 721 est,
3247 655 3436 712 formis
3488 667 3545 712 et

1967 745 2156 814 figuris
2183 743 2636 798 circumscribere
2665 752 2915 798 conatur.
2946 744 3026 798 Tu
3062 752 3241 799 autem
3293 763 3360 800 ne
3404 747 3566 802 hanc

1965 834 2186 905 quidem
2215 833 2459 890 fraudem
2494 836 2746 906 ignorare
2777 843 3026 906 oportet,
3083 839 3226 907 quod
3268 839 3544 894 ιιιυιιιοιιοε

1967 928 2178 996 seipsos
2225 929 2278 980 in
2309 939 2550 997 tempore
2585 927 2932 997 impertiunt,
2976 935 3030 982 et
3080 929 3126 982 si
3175 930 3322 983 visus
3373 930 3540 984 fueris

1964 1017 2226 1071 auxilium
2258 1027 2462 1087 petere,
2495 1027 2623 1073 sunt
2667 1017 2923 1086 deinceps
2961 1017 3011 1072 iu
3055 1019 3244 1088 figuris
3278 1021 3542 1091 angelicis

1963 1107 2167 1161 innoxii
2215 1109 2418 1177 primos
2457 1110 2809 1179 expellentes,
2841 1119 2897 1162 ut
2940 1110 3008 1164 ab
3039 1109 3171 1179 ipsis
3209 1113 3496 1183 decipiaris
3521 1155 3562 1180 ,,

1963 1208 2224 1267 tanquam
2279 1199 2381 1268 ipsi
2441 1201 2553 1256 sint
2599 1201 2774 1255 sancti
2826 1203 3038 1271 angeli,
3081 1203 3357 1273 daemones
3404 1221 3541 1261 non-

1963 1305 2241 1360 nunquam
2279 1291 2634 1361 cogitationes
2671 1305 3010 1364 suggerunt,
3062 1305 3118 1349 et
3146 1302 3199 1350 te
3232 1311 3422 1350 rursus
3453 1296 3563 1350 ιιι--

1960 1381 2129 1435 citant
2159 1381 2226 1436 ad
2272 1381 2352 1436 eis
2389 1383 2526 1438 male
2565 1385 2896 1453 precandum
2923 1385 3004 1439 vel
3042 1385 3124 1442 eis
3161 1386 3541 1442 contradicen-

1959 1469 2114 1533 dum,
2145 1479 2201 1525 et
2221 1485 2320 1526 sua
2352 1480 2544 1542 sponte
2573 1473 2792 1540 cedunt,
2844 1483 2902 1529 ut
2926 1473 3131 1532 fallaris
3151 1476 3468 1533 existimans
3488 1483 3548 1531 te-

1959 1561 2194 1632 eoepisse
2231 1563 2591 1633 cogitationes
2633 1567 2875 1635 vincere,
2905 1583 2967 1624 ac
3013 1577 3214 1625 terrere
3241 1569 3536 1624 daemonas.

1959 1647 2076 1705 Non
2099 1661 2308 1722 oportet
2330 1654 2637 1710 sacerdotes
2649 1655 2822 1724 juste,
2845 1657 2924 1710 vel
2957 1657 3436 1727 injustejudicare,
3455 1657 3540 1712 vel

1959 1759 2054 1798 eos
2070 1744 2409 1811 examinare,
2429 1746 2588 1802 sedet
2611 1747 2655 1802 si
2675 1749 2796 1818 quis
2821 1749 2872 1802 in
2901 1748 2980 1804 eis
3005 1749 3225 1815 labitur,
3257 1763 3286 1802 ιι
3313 1749 3422 1802 Deo
3450 1748 3538 1818 ju-

1961 1837 2254 1903 dicabitur,
2278 1848 2330 1892 et
2354 1851 2610 1908 arguetur
2628 1840 2680 1894 in
2701 1842 2824 1908 hoc,
2867 1841 2991 1896 etin
3014 1840 3198 1895 futuro
3219 1841 3438 1906 saeculo,
3456 1841 3540 1895 vel

1963 1943 1993 1982 a
2026 1928 2218 1998 majori
2250 1931 2548 1986 sacerdote.
2574 1929 2839 1987 Sacerdos
2868 1941 3098 1998 nonest,
3130 1932 3222 2000 qui
3242 1946 3339 2002 pro
3361 1945 3542 1987 sacer-

1962 2019 2095 2074 dotii
2122 2019 2382 2090 dignitate
2405 2036 2512 2077 non
2545 2022 2710 2078 vivit:
2733 2039 2838 2079 non
2863 2033 3075 2094 oportet
3099 2022 3295 2078 offendi
3322 2031 3562 2093 propter--

1963 2126 2143 2176 sacra,
2169 2127 2292 2183 quae
2329 2113 2673 2170 celebrantur
2702 2114 2772 2168 ab
2797 2114 3055 2187 improbo
3095 2114 3414 2179 sacerdote;
3446 2127 3558 2167 ca-r

1963 2203 2086 2258 dem
2123 2211 2305 2258 autem
2339 2212 2423 2259 est
2446 2205 2674 2270 oblatio,
2705 2205 2809 2261 etsi
2851 2204 3049 2260 habeat
3075 2206 3244 2259 vitam
3270 2204 3550 2274 impuram

1963 2294 2010 2350 is
2042 2295 2137 2364 qui
2179 2294 2357 2351 olTert.
2391 2295 2557 2367 636
2591 2296 2860 2351 Audiendi
2904 2304 3032 2350 sunt
3084 2295 3432 2358 sacerdotes,
3488 2303 3541 2348 et

1964 2386 2233 2450 doctores,
2264 2385 2392 2440 dum
2433 2387 2652 2454 docent,
2671 2402 2735 2440 ex
2760 2386 2957 2442 divinis
2987 2385 3196 2441 scilicet
3217 2383 3544 2454 Scripturis,

1967 2483 2024 2527 ut
2062 2474 2169 2529 Deo
2199 2475 2398 2544 placet,
2451 2481 2505 2528 ct
2546 2491 2652 2529 non
2702 2475 3002 2530 secundum
3036 2475 3288 2544 preprias
3325 2474 3568 2543 cupidi-.

1967 2575 2120 2631 tates,
2158 2567 2234 2621 uti
2260 2567 2526 2636 scriptum
2559 2575 2676 2632 est;
2711 2576 2896 2621 etnon
2921 2565 3173 2637 judicare
3221 2567 3392 2636 ipsos,
3435 2565 3570 2620 etsi"-

1965 2658 2161 2712 malam
2196 2659 2363 2715 vitam
2398 2659 2675 2715 habeant:
2707 2667 2762 2714 et
2788 2659 2846 2712 in
2882 2658 2988 2714 ﬁde
3019 2657 3309 2729 siquidem
3344 2657 3539 2712 laban-

1967 2755 2078 2812 tur,
2107 2755 2238 2803 tunc
2260 2763 2369 2802 non
2397 2754 2616 2819 oportet
2638 2748 2879 2814 credere,
2898 2745 2995 2803 sed
3015 2761 3111 2802 eos
3133 2746 3297 2801 etiam
3329 2745 3538 2816 fugere,

1966 2853 2031 2892 ac
2058 2837 2332 2907 judicare.
2369 2839 2513 2895 Deus
2539 2839 2757 2911 quidem
2786 2854 2894 2893 non
2935 2852 3127 2894 omnes
3153 2837 3404 2898 ordinat.
3445 2837 3542 2892 sed

1967 2945 2061 2999 per
2096 2945 2290 2988 omnes
2342 2942 2636 3009 operatur,
2699 2940 2759 2986 ut
2812 2931 3053 2988 salvetur
3099 2930 3353 3002 populus.
3401 2927 3539 2982 Dum

1911 3073 1934 3092 τ
1967 3031 2293 3077 assuescunt
2323 3024 2638 3079 sacerdotes
2670 3034 3043 3088 contemnere,
3096 3022 3266 3076 Deum
3320 3035 3542 3090 quoque

289 3109 541 3179 superius
589 3109 708 3179 egi;
759 3125 853 3165 seu
903 3109 1326 3180 institutionem,
1373 3129 1435 3170 ac
1488 3115 1860 3184 διδασκαλίαν,
1891 3143 1932 3201 c

1967 3114 2371 3182 contetnniunt,
2407 3125 2462 3170 et
2509 3116 2970 3185 quemadmodum
3021 3116 3078 3170 in
3121 3113 3367 3185 periculo
3412 3127 3539 3167 ver-

1967 3216 2140 3273 satur,
2172 3205 2259 3261 cui
2305 3205 2605 3261 secundum
2638 3206 2903 3261 mundum
2953 3221 3055 3262 nec
3099 3206 3407 3270 exercitus,
3441 3217 3541 3258 nec

1965 3298 2201 3369 dignitas
2233 3298 2380 3368 regia
2412 3299 2710 3354 commissa
2745 3308 2848 3362 est,
2883 3300 2928 3354 si
2963 3314 3025 3355 ea
3063 3308 3187 3373 agat
3213 3314 3336 3369 qua:
3360 3297 3424 3353 ad
3449 3311 3539 3351 re-

1964 3389 2110 3459 giam
2159 3388 2477 3458 dignitatem
2530 3391 2838 3460 pertinent;
2891 3390 2968 3445 ita
3005 3401 3056 3445 et
3103 3392 3216 3462 qui,
3247 3405 3367 3461 qua:
3413 3399 3541 3444 sunt

1967 3494 2190 3534 munera
2224 3479 2520 3535 sacerdotii
2566 3481 2898 3551 aggreditur,
2951 3482 3162 3536 etiamsi
3198 3483 3445 3536 videatur
3474 3481 3540 3534 iis

1965 3572 2124 3640 longe
2161 3572 2518 3640 sapientiora:
2548 3573 2622 3627 lta
2653 3571 2905 3644 Pelagius
2934 3573 3000 3628 ad
3026 3589 3226 3628 annum
3263 3589 3292 3628 a
3324 3572 3542 3628 Christo

1966 3671 2094 3713 nato
2292 3661 2676 3730 interpretatus
2721 3670 2807 3716 est
2838 3661 3084 3716 Grmcum
3131 3671 3410 3716 auctorem
3456 3661 3543 3714 in-

1965 3759 2199 3815 certum,
2237 3750 2649 3820 queminseruit
2683 3749 3019 3819 Rosweydus
3041 3752 3180 3805 libro
3207 3752 3400 3820 quinto
3435 3749 3538 3803 Vit.

1969 3839 2214 3894 Patrum.
2248 3839 2296 3893 Is
2336 3841 2514 3894 libello
2547 3839 2602 3900 2,
2639 3838 2667 3908 §
2709 3839 2792 3902 ll,
2825 3839 2941 3893 Ita‘e
2967 3839 3062 3894 ait.
3103 3859 3120 3889 ι
3169 3839 3314 3892 Dixit
3371 3840 3540 3893 abbas

1966 3927 2118 3982 Nilus
2150 3947 2163 3982 :
2205 3927 2630 3998 Imperforabilis
2661 3935 2836 3980 manet
2879 3944 2912 3980 a
2946 3928 3158 3997 sagittis
3190 3928 3418 3992 inimici,
3449 3930 3539 3995 qui

1965 4030 2113 4074 amat
2144 4023 2369 4090 quietem
2396 4037 2411 4086 ;
2446 4021 2535 4091 qui
2565 4028 2738 4072 autem
2764 4019 3012 4073 miscetur
3043 4018 3394 4083 multitudini,
3427 4034 3541 4071 cre-

1969 4114 2065 4168 bra
2103 4116 2322 4184 suscipit
2355 4114 2592 4170 vulnera.
2633 4133 2652 4166 ι
2691 4113 2823 4180 Quae
2857 4114 3031 4168 sancti
3079 4111 3182 4167 Nili
3239 4113 3539 4182 fragmenta

1969 4207 2090 4262 istis
2122 4220 2312 4276 sparsa
2345 4206 2396 4258 in
2433 4205 2735 4276 opusculis,
2767 4219 3026 4275 expressa
3057 4213 3236 4258 tamen
3265 4203 3542 4259 aliisven-

1969 4302 2071 4366 bis,
2092 4309 2146 4356 et
2170 4300 2261 4354 vel-
2275 4299 2504 4354 forsitan
2525 4313 2591 4354 ex
2622 4297 2765 4362 aliis,
2793 4311 2916 4367 quae
2941 4304 3034 4350 aut
3068 4305 3372 4364 temporum
3401 4295 3542 4364 inju-

1969 4392 2050 4445 ria
2083 4391 2499 4454 interciderunt;
2529 4388 2644 4443 sive
2675 4386 2896 4441 latitant
2924 4385 3135 4448 adhuc,
3164 4386 3542 4453 luctantttrque

295 4494 369 4531 soi
391 4486 600 4530 νςιιοιόε
624 4492 811 4545 gruem
839 4475 1057 4546 triginta
1079 4475 1193 4530 dies
1213 4477 1394 4530 avium
1422 4493 1614 4548 agmen
1641 4481 1858 4547 ducere,
1894 4480 1941 4540 D
1967 4499 2091 4538 cum
2125 4482 2316 4547 tineis,
2353 4489 2414 4536 et
2434 4479 2649 4540 blattis;
2681 4486 2738 4534 et-
2757 4483 3042 4548 emergent
3078 4475 3372 4544 aliquando
3419 4484 3539 4528 tau--

295 4567 488 4620 d'llltle
532 4567 687 4619 alteri
721 4565 840 4635 grui
887 4581 1085 4619 munus
1127 4566 1267 4619 idem
1301 4567 1513 4622 tradere
1545 4586 1558 4621 :
1594 4571 1687 4639 qui
1724 4587 1869 4626 nunc

295 4657 438 4726 ειη-εἱ
471 4668 562 4709 tuo
595 4664 787 4725 pru‘csl
818 4655 1160 4719 ambitiosus,
1183 4658 1590 4730 intperandique
1612 4661 1863 4730 cupidus,

295 4757 352 4799 ut
387 4764 450 4800 au
478 4747 566 4809 lio,
593 4746 804 4814 expleto
829 4745 895 4799 de
931 4760 1084 4800 more
1111 4745 1224 4814 jam
1264 4761 1408 4802 anno
1440 4729 1724 4804 ministerii
1752 4751 1863 4814 sui,

295 4856 400 4891 tton
435 4838 716 4907 permittit,
761 4849 817 4890 ιιι
846 4838 986 4892 alius
1027 4838 1247 4908 regendi
1293 4855 1514 4906 munus,
1567 4856 1898 4912 curamque,

296 4929 576 4996 susvipiat.
631 4929 693 4980 Et
735 4929 863 4996 quid
902 4928 1147 4982 dicemus
1187 4928 1252 4981 ad
1299 4929 1445 4983 hoc?
1498 4949 1516 4981 ι
1579 4930 1769 4986 Exstat
1815 4941 1870 4986 et

296 5023 434 5090 apud
495 5020 726 5083 Zinum,
783 5037 903 5089 pag.
952 5020 1081 5084 HO;
1133 5021 1224 5073 sed
1275 5020 1377 5074 hoc
1412 5019 1770 5090 fragmentum
1803 5025 1868 5078 dc

297 5113 630 5183 prmfcclttrm
650 5113 882 5175 vicibus,
908 5129 1003 5167 seu
1026 5114 1384 5166 canouarchm
1407 5129 1632 5169 munere
1663 5131 1865 5179 annuo,

295 5205 521 5274 cpistola
559 5215 640 5259 est
681 5203 891 5258 Possiui
930 5204 995 5257 ad
1036 5204 1409 5273 Aphthonium
1445 5203 1736 5260 diaconum
1766 5207 1870 5261 355

295 5309 347 5352 et
378 5298 475 5350 2t!
515 5298 610 5352 lib.
644 5313 702 5350 ιιι
735 5297 935 5362 Allatii,
979 5297 1072 5368 qtti
1123 5312 1247 5352 cum
1298 5297 1671 5367 inscripsisset
1718 5299 1866 5352 illam

296 5389 608 5458 Aplttltonio
639 5389 1050 5460 καθηγουμένῳ,
1112 5405 1208 5444 seu
1263 5391 1466 5455 abbati,
1521 5391 1661 5446 male
1701 5392 1863 5445 vertit

296 5483 746 5535 catechumenunt
798 5481 1034 5536 Latine:
1071 5481 1212 5536 sicut
1259 5483 1548 5552 utrobique
1602 5482 1872 5554 fragmen-

299 5581 409 5625 tum
443 5588 472 5625 e
516 5573 754 5642 quodam
808 5580 1040 5627 tractatu
1086 5575 1409 5642 parmnetico
1455 5572 1562 5642 (uti
1609 5583 1692 5627 est
1730 5573 1869 5626 veri-

298 5661 510 5728 simile)
574 5662 720 5715 hisce
784 5663 966 5716 verbis
1013 5680 1082 5716 :t
1138 5661 1393 5731 Nunquid
1453 5664 1728 5734 Angelos,
1790 5665 1868 5716 vel

299 5753 620 5814 Potestalcs,
658 5755 735 5807 vel
767 5755 1046 5808 Christum
1101 5754 1431 5810 sensibilitzrr
1469 5755 1651 5810 \i-lere
1695 5765 1864 5822 potes.

1970 4588 2133 4642 quam
2164 4588 2193 4627 e
2226 4571 2510 4641 naufragio
2559 4569 2780 4638 reliquae
2811 4567 3009 4621 tabulae
3057 4566 3200 4621 bono
3237 4580 3362 4618 cum
3408 4563 3538 4624 Deo,

1970 4665 2014 4717 si
2050 4662 2174 4732 quis
2201 4662 2436 4716 scrutari
2473 4661 2619 4726 velit,
2675 4675 2739 4714 ac
2771 4657 3133 4727 investigare,
3182 4672 3286 4709 non
3327 4653 3541 4723 ambigo

1969 4756 2100 4825 quin
2173 4754 2506 4823 comperiat,
2559 4762 2655 4806 aut
2723 4752 2913 4805 saltem
2961 4763 3205 4803 sensum.
3269 4745 3326 4800 Ιιι
3367 4747 3543 4815 capite

1973 4846 2218 4914 profecto
2255 4846 2323 4899 '53
2347 4886 2362 4910 ,
2414 4844 2482 4899 ad
2516 4843 2826 4912 Eulogium,
2862 4840 2929 4894 de
2964 4837 3246 4892 fraudibus
3282 4837 3540 4892 insidian-

1972 4937 2103 4990 tium
2146 4937 2372 4992 subdole
2415 4937 2759 5005 maligneque
2817 4936 3121 4986 daetnonum
3156 4931 3334 4998 aliqua
3368 4932 3541 5000 persi-

1970 5031 2115 5084 milia
2144 5039 2453 5084 occurrent.
2474 5028 2760 5080 llalthazar
2777 5023 3070 5079 Corderius
3095 5024 3370 5078 societatis
3388 5021 3537 5085 Jcsu,

1969 5131 2218 5177 catenam
2279 5121 2349 5175 65
2417 5119 2641 5172 Patrum
2695 5117 3006 5172 Graecorum
3057 5115 3111 5168 in
3191 5115 3538 5183 Evangelium

1970 5210 2142 5265 sancti
2173 5208 2332 5264 Luca:
2359 5215 2694 5271 contextam,
2733 5214 2788 5258 et
2828 5204 3090 5258 latinitate
3119 5203 3376 5257 donatam
3406 5204 3542 5257 emi-

1971 5303 2042 5355 sit
2081 5302 2134 5354 itt
2169 5301 2342 5354 lucem
2375 5318 2388 5353 :
2425 5299 2525 5352 ltos
2556 5297 2698 5350 inter
2719 5295 2822 5348 Nili
2855 5304 2984 5349 sunt
3011 5293 3310 5363 fragmenta
3334 5309 3452 5363 cap.
3483 5294 3539 5356 4,

1973 5411 2124 5448 num.
2171 5394 2275 5456 25,
2332 5392 2402 5445 De
2437 5390 2610 5444 Achab
2658 5399 2707 5443 et
2753 5387 2968 5452 Eliswo,
3009 5401 3129 5456 pag.
3164 5386 3290 5450 liii;
3323 5400 3444 5453 cap.
3485 5387 3540 5446 5,

1975 5501 2124 5538 nutu.
2165 5484 2230 5536 18
2265 5483 2336 5536 De
2362 5499 2495 5535 rana
2521 5480 2710 5551 gloria,
2742 5490 2790 5533 et
2817 5479 2986 5549 lepra,
3017 5494 3136 5547 pag.
3170 5476 3298 5542 l60;
3329 5492 3452 5546 cap.
3487 5476 3539 5538 Ἰ,

1975 5591 2122 5627 ιιιιιιι.
2178 5575 2261 5636 Η),
2315 5573 2387 5626 De
2426 5588 2542 5625 voce
2594 5571 2644 5623 in
2697 5570 2897 5634 Roma,
2969 5572 3132 5638 deque
3173 5569 3284 5636 ﬁlio
3331 5568 3536 5629 viduas,

1975 5681 2092 5732 pag.
2150 5664 2282 5729 209;
2318 5677 2436 5733 cap.
2485 5665 2546 5726 9,
2596 5679 2746 5716 nunt.
2786 5662 2883 5725 56,
2933 5660 3006 5714 De
3043 5663 3088 5714 vi
3125 5660 3537 5722 consuetudinis,

1977 5761 2134 5828 tiri/7t."
2166 5758 2393 5821 ingressu
2431 5754 2625 5824 templi,
2653 5768 2699 5810 ct
2727 5772 2986 5826 regressu,
3009 5771 3124 5825 pag.
3149 5753 3279 5817 236',
3309 5769 3427 5822 cap.
3453 5752 3541 5817 i8.
