3998 6116
490 276 631 339 L3?

1402 273 1548 332 JOS.
1590 273 1693 331 MA
1704 272 1855 331 RLE
1879 266 2250 335 'SUARESII
2288 266 2791 327 DISSERTATIO

3654 265 3758 331 fit)!

486 391 576 458 18,
612 405 803 445 rursus
831 388 904 442 De
935 405 1071 442 vana
1095 388 1287 459 gloria,
1329 402 1449 457 pag.
1482 387 1621 453 459;
1657 386 1733 440 De
1763 385 2059 449 Bethania,
2093 390 2135 447 Α
2169 381 2351 437 vitatis
2409 395 2517 436 non
2575 379 2712 435 adeo
2764 388 3047 443 accurata,
3101 387 3154 431 et
3203 380 3366 433 anxia
3393 418 3410 443 ,
3467 381 3758 453 verbisque

486 500 607 554 cap.
657 480 759 546 l9,
797 495 951 534 utrm.
992 477 1095 546 ΑΒ,
1146 494 1267 549 pag.
1299 476 1437 544 492;
1489 479 1724 548 denique
1767 476 1844 531 De
1884 492 2065 531 resur-

488 578 737 640 rectione,
775 589 894 644 cap.
922 571 1014 637 ‘20,
1052 588 1204 626 rrum.
1241 571 1347 634 92,
1383 588 1501 642 pag.
1536 570 1661 625 509.
1710 570 1929 625 Nicctas
1957 567 2063 625 He-

485 666 681 722 raclea:
706 662 1077 730 metropolites
1100 661 1152 714 in
1176 658 1373 714 Jobunr
1405 669 1653 713 catenam
1680 658 1871 720 texuit,
1900 671 2063 726 quam

486 756 685 811 Junius
732 755 1003 810 Patricius
1039 769 1071 808 e
1114 752 1446 808 bibliotheca
1492 750 1780 804 Bodleiana
1833 748 2065 801 Londini

490 848 714 919 protulit
740 849 879 919 typis
908 861 1053 902 anno
1092 846 1248 899 1637.
1279 844 1360 899 An
1397 843 1484 897 illc
1521 841 1710 904 David,
1741 839 1833 909 qui
1873 840 1936 893 ad
1969 853 2068 890 an-

489 956 619 994 num
659 939 764 995 858
796 938 1023 994 ﬂoruit?
1064 936 1495 1004 Manuscriptum
1551 931 1795 987 codicem
1855 930 2069 984 Thecla:

490 1031 719 1088 illustris
756 1029 972 1087 femina:
1007 1027 1279 1101 Egyptize
1320 1037 1374 1084 et
1403 1008 1625 1091 nobilis,
1652 1024 1798 1079 circa
1827 1034 2069 1092 tempora

487 1120 693 1181 Nicaeui
723 1123 963 1189 concilii,
993 1122 1073 1177 uti
1111 1120 1353 1190 jactabat
1383 1116 1929 1190 pseudo—patriarcha
1961 1114 2069 1187 Cy-

491 1216 649 1270 rillus
677 1212 1303 1283 Constantirropolitanze
1332 1209 1598 1263 incubans
1634 1207 1771 1274 sedi,
1815 1205 2068 1267 viventis,

491 1323 677 1363 secum
719 1306 809 1363 ille
835 1306 1167 1363 Alexandria
1199 1305 1512 1367 devexerat,
1547 1312 1601 1357 et
1632 1303 1698 1355 ad
1738 1316 1919 1371 regem
1957 1298 2070 1354 Ma-

491 1415 611 1470 gnae
644 1382 943 1457 Britanniae
967 1398 1212 1453 miserat.
1242 1396 1352 1469 Ego
1387 1409 1666 1450 censerem
1700 1392 1845 1447 illam
1878 1391 2068 1456 fuisse,

492 1492 557 1546 ad
591 1507 756 1562 quam
800 1490 991 1545 scribit
1032 1499 1255 1545 sanctus
1302 1487 1602 1558 Gregorius
1648 1484 2028 1542 Nazianzenus
2057 1523 2070 1547 ,

491 1582 753 1653 epistolas
782 1583 910 1649 200,
951 1580 1049 1635 20]
1090 1591 1144 1637 et
1176 1580 1304 1634 202.
1352 1580 1569 1635 Nicctas
1599 1580 1897 1651 (inquam)
1939 1578 2070 1632 inibi

492 1673 797 1744 desumpsit
818 1670 992 1727 eNilo
1025 1687 1146 1743 pag.
1173 1671 1241 1726 55
1268 1680 1321 1725 et
1354 1669 1443 1735 54,
1468 1685 1553 1734 ea,
1583 1685 1703 1740 qum
1727 1670 1792 1723 de
1821 1668 2070 1737 Joscpho,

2169 474 2454 531 adhaerens
2483 472 2692 536 citatio,
2734 479 2794 525 ut
2819 471 2949 526 olim
2979 469 3045 525 ad
3093 470 3528 526 illustrissimum
3575 474 3759 547 Λιιευο

2170 567 2375 622 stinum
2416 563 2733 620 Favoritom
2775 563 3107 619 scribebam:
3148 565 3323 617 virum
3352 567 3755 623 ambidextruru

2173 673 2354 729 prosa,
2378 672 2645 727 Versaque
2666 656 2937 710 oratione.
2973 654 3222 726 Suntque
3246 659 3561 729 μνημονικὰ
3587 660 3758 733 ἁμαρ-

2169 754 2410 823 τήματα,
2442 751 2603 823 quasi
2652 749 2788 803 ntevi
2810 791 2825 816 ,
2860 749 2953 818 qui
2987 749 3192 803 ltrmirra
3228 751 3483 806 videntur
3514 754 3760 822 quando-

2170 860 2305 914 que,
2342 854 2503 913 atque
2551 842 2844 905 delectant,
2878 842 2954 896 uti
2988 841 3183 897 Cicero
3216 843 3310 897 lib.
3352 860 3389 907 ι,
3445 844 3520 898 De
3564 857 3757 900 natura

2171 937 2384 990 deorum
2424 937 2703 1001 observat,
2756 950 2877 1005 cap.
2908 934 3014 1000 79,
3070 945 3329 1006 tanquam
3371 949 3693 993 ornamenta
3726 956 3757 994 e

2173 1028 2368 1093 Gellio,
2401 1043 2523 1098 cap.
2554 1030 2605 1094 l,
2636 1028 2731 1082 lib.
2765 1043 2863 1082 xtl.

2247 1118 2317 1172 Se
2346 1118 2573 1187 insuper
2623 1117 2913 1187 scripsisse
2961 1116 3161 1171 librum
3210 1118 3347 1185 Περὶ⁵
3390 1119 3754 1187 κατανύξεως,

2177 1210 2227 1264 id
2263 1220 2366 1273 est,
2411 1210 2485 1263 De
2524 1211 2947 1280 compunclione,
2985 1226 3078 1263 seu
3110 1213 3427 1266 contritione
3456 1211 3611 1269 Nilus
3644 1216 3758 1284 ipse

2175 1311 2406 1358 testatur
2434 1302 2488 1357 in
2516 1303 2742 1372 epistola
2774 1303 2857 1369 Η,
2888 1302 2983 1356 lib.
3033 1318 3091 1357 ιιι
3136 1303 3324 1368 Allat.,
3372 1304 3439 1358 ad
3471 1304 3758 1376 Polychro-

2177 1395 2328 1450 nium
2360 1395 2676 1458 diaconum,
2723 1395 2793 1450 ad
2822 1410 3082 1466 eumque,
3125 1397 3257 1465 quin
3296 1397 3362 1450 ad
3404 1412 3497 1451 cos
3541 1413 3758 1467 quoque

2175 1487 2271 1558 qui
2323 1502 2446 1543 cum
2494 1488 2617 1557 ipso
2665 1487 3060 1554 morabantur,
3109 1486 3378 1553 amr-mat,
3433 1490 3759 1559 illorurrrque

2178 1581 2431 1650 precibus
2465 1597 2586 1636 sese
2614 1584 2965 1637 commendat
2992 1600 3004 1635 :
3036 1579 3231 1635 rrullibi
3257 1594 3405 1651 vero
3442 1581 3608 1652 hujus
3639 1582 3758 1638 libri

2178 1673 2284 1728 alia
2319 1675 2523 1727 mentio
2554 1683 2750 1727 exstat.

491 1766 655 1836 deque
689 1765 977 1819 nudatione
1010 1763 1065 1817 in
1094 1778 1214 1833 cap.
1246 1762 1316 1817 42
1346 1764 1416 1816 ad
1452 1761 1702 1833 Magnam
1727 1760 1947 1815 brevius
1972 1777 2079 1814 (εκ-
2109 1754 2149 1810 Β
2252 1763 2440 1821 Sancti
2482 1766 2584 1821 Nili
2628 1764 3037 1820 commentaria
3081 1764 3135 1819 in
3180 1764 3470 1821 Canticum
3518 1768 3760 1822 cantico.

496 1864 678 1923 stant,
714 1856 857 1911 idem
886 1870 916 1909 e
948 1870 1069 1926 cap.
1101 1855 1192 1916 29.
1230 1854 1396 1909 etiam
1435 1852 1507 1907 De
1539 1854 1837 1907 monas:ica
1869 1854 2075 1906 exerci-

498 1946 692 1998 tatione
726 1955 1011 2000 mutuatus
1047 1956 1127 1997 est
1159 1960 1221 1997 ea
1258 1958 1378 2013 quae
1425 1945 1677 2011 legrrntur
1712 1958 1837 2014 pag.
1883 1943 1987 1997 588
2024 1952 2077 1997 et

494 2036 621 2102 590,
654 2036 721 2091 de
751 2035 998 2106 Lucifero
1028 2036 1277 2100 dratone,
1314 2034 1478 2108 deque
1503 2033 1793 2101 aspidibns,
1832 2052 1920 2088 seu
1958 2052 2074 2089 scn-

496 2132 603 2194 tis;
651 2139 705 2186 et
764 2146 793 2184 e
846 2144 965 2197 cap.
1029 2129 1119 2191 6‘2,
1167 2142 1289 2197 qua:
1336 2128 1400 2180 de
1439 2125 1590 2180 asino
1642 2126 1868 2180 silvestri

496 2239 618 2292 pag.
652 2206 787 2287 557',
821 2232 874 2275 at
909 2235 937 2274 e
977 2234 1097 2288 cap.
1135 2210 1225 2283 49,
1253 2234 1377 2288 qua:
1424 2220 1487 2271 de
1520 2219 1691 2287 scirpo
1719 2261 1733 2286 ,
1769 2228 1818 2271 et
1865 2219 2036 2273 carice
2060 2259 2074 2281 ,

495 2330 617 2384 pag.
657 2313 759 2368 144
784 2321 837 2365 et
866 2311 1002 2379 900;
1042 2312 1187 2365 sicut
1216 2319 1268 2365 ct
1302 2309 1365 2363 de
1401 2310 1596 2364 semine
1630 2308 1949 2379 Babylonico
1986 2327 2079 2363 ex—

496 2407 858 2470 terminanda,
889 2403 1045 2475 juxta
1093 2419 1144 2457 c.
1176 2420 1207 2459 ι
1231 2444 1246 2469 ,
1288 2418 1339 2456 v.
1375 2401 1440 2456 l6
1472 2401 1742 2465 Jeremire,
1777 2418 1899 2471 pag.
1924 2403 2028 2455 476
2062 2423 2072 2456 :

494 2500 637 2555 sicut
665 2509 712 2553 et
750 2498 814 2551 de
852 2496 1090 2563 brachio,
1125 2494 1291 2566 deque
1318 2509 1507 2547 manus
1538 2493 1720 2547 osculo
1750 2510 1780 2548 e
1816 2491 2075 2558 Levitico,

496 2592 588 2653 ubi
621 2592 776 2647 locus
805 2590 967 2654 paulo
1003 2589 1158 2645 aliter
1204 2587 1424 2660 legitur,
1468 2585 1650 2641 videre
1694 2588 1818 2641 licet
1860 2602 1980 2657 cap.
2018 2587 2079 2640 lt

495 2684 573 2736 De
606 2682 897 2739 monastica
945 2680 1359 2745 exercitatione,
1414 2688 1469 2734 et
1517 2678 1586 2733 65
1614 2688 1667 2733 et
1698 2679 1786 2743 66,
1832 2696 1953 2749 qum
2005 2679 2079 2737 De

496 2777 625 2833 duce
664 2785 711 2828 et
762 2775 1102 2842 imperatore,
1157 2788 1280 2845 pag.
1314 2770 1436 2825 585.
1490 2770 1818 2824 Anastasius
1867 2770 2077 2823 Sirraita

494 2870 788 2943 cpiscopus
841 2864 1217 2923 Autioelrcnus
1273 2861 1471 2917 ﬂorens
1528 2876 1675 2916 anno
1731 2860 1866 2928 544,
1919 2862 2077 2933 cujus

497 2972 664 3029 opera
709 2955 896 3013 Graece
934 2954 1235 3026 Latineque
1290 2952 1587 3010 Grctserus
1611 2952 1800 3008 edidit.
1842 2954 1893 3007 in
1922 2954 2079 3019 ρυω-

496 3051 777 3116 stionibus,
811 3047 979 3111 refert
1006 3064 1037 3103 e
1057 3046 1182 3103 Nilo
1213 3047 1484 3102 monacho
1511 3044 1576 3100 ad
1618 3042 1911 3118 Agatlrium
1960 3060 2076 3099 mo-

497 3145 759 3209 nachum,
791 3141 1052 3198 editionis
1083 3139 1538 3211 lngolstadierrsis
1567 3115 1690 3210 pag;
1724 3137 1815 3203 '25,
1853 3137 1928 3191 De
1959 3154 2081 3190 ora-
2109 3115 2153 3175 (ἶ

498 3237 636 3295 tione
672 3236 731 3292 in
782 3237 926 3293 omni
977 3235 1093 3289 loco
1141 3234 1445 3304 fundentia,
1500 3235 1675 3304 tleque
1708 3232 1988 3298 Cornelio,
2030 3242 2084 3287 et

500 3344 626 3400 pag.
658 3327 727 3383 55
756 3342 823 3383 ex
859 3326 1105 3398 ejusdem
1142 3325 1362 3395 scriptis
1401 3325 1467 3381 ad
1507 3322 1837 3393 Eucarpium
1886 3340 2081 3379 mona-

497 3423 664 3476 chum
700 3440 715 3476 :
752 3419 890 3474 nihil
944 3428 1122 3472 tamen
1175 3434 1204 3471 a
1247 3416 1372 3472 Nilo
1410 3418 1677 3487 scriptum
1735 3415 1877 3480 fuit,
1936 3418 2080 3486 quod

499 3512 695 3577 sciam,
732 3510 798 3564 ad
832 3509 1190 3578 Euearpium,
1234 3510 1346 3565 imo
1372 3524 1474 3565 nec
1507 3509 1738 3578 epistola
1767 3509 1985 3579 quidem
2016 3512 2080 3564 ad

497 3618 622 3658 cum
650 3601 760 3657 ulla
783 3601 910 3657 data
936 3599 1235 3667 invenitur,
1258 3600 1351 3659 sed
1378 3602 1447 3656 ad
1480 3599 1730 3657 Piouium
1764 3601 2079 3668 illustrium,

500 3698 572 3752 ita
602 3693 777 3750 Graeci
815 3691 1249 3765 pronuntiabant
1293 3693 1585 3758 illustrem,
1617 3692 1863 3766 germani
1894 3695 2079 3761 amici,

498 3802 550 3846 et
574 3789 878 3846 beatissimi
916 3787 1171 3859 Eucarpii
1200 3789 1374 3843 lilium
1404 3787 1493 3853 3|,
1526 3788 1621 3844 lib.
1653 3805 1712 3844 ιιι
1744 3788 1909 3845 Allat.

566 3882 750 3941 Facile
796 3884 962 3954 igitur
1015 3883 1302 3941 consentio
1357 3883 1629 3941 Gentiauo
1679 3882 1944 3949 llcrvcto,
1987 3886 2079 3955 qui

500 3975 736 4031 Maximo
770 3975 824 4030 in
851 3975 1103 4035 asceticis
1142 3991 1207 4031 ea
1239 3975 1477 4030 vindicat
1500 4015 1517 4041 ,
1568 3975 1622 4030 in
1663 3975 1864 4046 quibus
1903 3976 2083 4047 agitur

498 4071 567 4125 de
594 4070 892 4127 Salomone
914 4110 932 4133 ,
983 4068 1161 4138 deque
1202 4068 1351 4125 Giezi
1397 4078 1451 4122 et
1491 4065 1632 4123 Juda
1665 4084 1678 4121 :
1712 4066 2081 4137 subjiciuntur

498 4171 682 4215 autem
715 4160 829 4216 haec
855 4158 1078 4213 Maximi
1107 4159 1469 4214 asceticorum
1500 4157 1793 4227 excerptis,
1826 4172 1952 4212 cum
1995 4166 2078 4212 ta-

499 4267 622 4307 rneu
653 4260 811 4309 antea
859 4249 1014 4307 Nilus
1057 4251 1198 4307 inter
1228 4260 1480 4304 sanctum
1526 4247 1797 4305 Joannem
1842 4248 2078 4323 Chryso-

499 4355 762 4410 stomum,
791 4353 846 4398 et
867 4341 1232 4412 Nicephorum
1269 4351 1375 4411 patr
1390 4341 1632 4397 iareham
1684 4341 2077 4396 Constantino-

501 4438 797 4505 politanum
833 4437 1173 4498 collocetur,
1232 4450 1353 4503 pag.
1402 4433 1491 4488 95.
1552 4432 1763 4488 Rursus
1816 4448 1880 4489 ex
1934 4434 2073 4488 libro
2113 4459 2152 4515 υ

497 4527 605 4580 Nili
638 4528 704 4581 ad
734 4526 1053 4596 Agatlriurn,
1094 4528 1210 4581 sive
1252 4524 1615 4593 Agathonem,
1670 4524 1759 4578 ubi
1811 4523 2079 4581 liervetus

497 4618 627 4687 legit
657 4616 997 4678 Antiochum,
1037 4616 1109 4669 De
1139 4616 1310 4679 bonis,
1336 4631 1453 4686 quo:
1474 4616 1672 4670 (lantur
1698 4619 2072 4688 indigentibus.

500 4709 700 4764 Verum
728 4724 791 4763 ea
826 4710 1176 4763 inveniuntur
1206 4710 1260 4762 itr
1311 4726 1431 4779 Cap.
1458 4708 1512 4774 9.,
1544 4722 1678 4765 sect.
1727 4712 1787 4775 ti,
1837 4714 1902 4766 ad
1935 4716 2078 4785 Aga-

497 4800 698 4862 thium,
733 4801 850 4855 sive
881 4798 1208 4864 Peristeriae,
1247 4814 1370 4871 pag.
1409 4799 1549 4866 129,
1608 4801 1660 4854 irr
1696 4802 1932 4858 editione
1973 4806 2077 4860 ista
2126 4872 2131 4879 ι

497 4894 640 4961 typis
677 4889 993 4945 Barbcriuis
1021 4905 1224 4947 excusa
1261 4907 1524 4948 :rursum
1570 4903 1693 4962 post
1737 4892 2075 4950 Diadoclruru

476 4978 559 5037 ‘de
600 4984 918 5053 per/(ctione
947 4983 1183 5053 spiritali
1214 4998 1380 5054 penes
1420 4985 1774 5042 Anastasium
1823 4989 2074 5044 eumdem

496 5075 759 5132 nornrulla
800 5076 1157 5146 proferuntur
1185 5091 1217 5132 e
1256 5088 1451 5134 sancto
1499 5077 1620 5135 Nilo
1665 5079 1733 5136 ad
1783 5081 2074 5151 Agathium

496 5172 558 5223 de.
592 5172 777 5224 mortis
807 5170 1033 5224 terribili
1073 5171 1344 5242 mysterio,
1378 5172 1471 5226 ubi
1512 5182 1863 5242 comparatur
1893 5175 2074 5229 anima

495 5260 767 5315 excedens
795 5276 826 5315 e
854 5275 1088 5330 corpore
1115 5261 1216 5325 illi,
1246 5262 1340 5329 qui
1368 5276 1586 5316 arrraras
1609 5261 1778 5319 ebibit
1804 5262 2072 5330 potiones.

496 5348 698 5405 Verum
731 5353 934 5421 passim
964 5353 1177 5407 variant
1213 5352 1497 5413 lectiones,
1549 5362 1604 5405 et
1645 5353 1874 5423 phrases
1896 5394 1910 5416 ,
1961 5356 2075 5410 sive

496 5442 595 5509 illi,
620 5445 714 5514 qui
739 5444 1146 5508 exscribebant,
1175 5443 1358 5498 minus
1390 5451 1639 5511 poterant
1668 5445 1931 5499 memoria
1949 5462 2074 5500 corr-

496 5534 673 5602 sequi,
704 5534 1008 5612 eademque
1032 5535 1268 5589 retinere
1298 5549 1363 5588 ac
1399 5548 1619 5589 servare
1651 5534 1837 5599 verba,
1881 5527 2087 5591 intenti

498 5624 680 5677 sensui
715 5626 1020 5693 plusquam
1053 5626 1217 5694 stylo,
1252 5625 1366 5679 sive
1398 5624 1680 5679 codicibus
1707 5624 1952 5681 diversas
1979 5643 2071 5681 vo-

498 5723 589 5762 ccs
633 5712 1035 5769 continentibus
1069 5716 1399 5781 utebantur;
1434 5725 1485 5771 et
1517 5716 1677 5774 habet
1718 5717 1920 5790 aliquid
1951 5736 2068 5792 gra~

2179 1873 2325 1924 rum,
2382 1859 2509 1911 item
2559 1855 2806 1929 Gregorii
2850 1856 3082 1924 Nysseui
3112 1899 3125 1919 ,
3172 1865 3226 1911 rt
3275 1860 3449 1914 sancti
3497 1858 3756 1921 Maximi,

2178 1966 2273 2004 seu
2317 1948 2632 2021 'Eppqula,
2680 1949 2734 2003 izl
2762 1962 2865 2015 est,
2911 1949 3276 2017 interpretatio
3316 1951 3758 2021 paraphraslica,

2179 2058 2301 2096 eum
2340 2041 2500 2097 Pselli
2532 2042 2745 2113 Στίχοις
2793 2043 3089 2106 πολιτικοῖς
3139 2044 3509 2114 ἐξηγητικοῖς.
3534 2044 3762 2098 Exstant

2179 2136 2322 2189 edita
2364 2136 2593 2192 Parisiis
2636 2137 2822 2192 Grazrc
2880 2154 2944 2191 ac
2974 2137 3183 2203 Latine,
3212 2149 3343 2193 tom.
3376 2138 3415 2191 ll
3460 2136 3627 2210 638
3668 2136 3761 2191 Bi-

2181 2227 2450 2281 bliotheca
2515 2226 2741 2282 Patrum
2785 2228 3346 2295 Caeco-Latinorum,
3399 2246 3546 2285 anno
3590 2230 3758 2294 162i,

2180 2330 2333 2374 eruta
2372 2338 2401 2374 c
2442 2320 2730 2385 Vaticana,
2787 2321 3084 2378 Fr-arrcisco
3118 2319 3255 2377 Zino
3295 2324 3628 2392 ittlt‘l‘pt‘t‘lc;
3671 2325 3760 2378 sed

2183 2412 2476 2467 internosci
2543 2429 2649 2468 non
2709 2424 2886 2484 potest
2943 2413 3074 2485 quid
3128 2415 3395 2486 cujUsque
3446 2416 3516 2469 sit
3568 2416 3757 2469 borum

2184 2505 2344 2559 triuur
2390 2505 2632 2563 Patrum.
2667 2504 2807 2561 Sunt
2844 2516 3028 2562 autem
3062 2507 3263 2577 politici
3304 2506 3618 2561 Grrccorum
3647 2524 3759 2561 ver-

2182 2612 2296 2662 sus,
2340 2596 2432 2665 qui
2479 2596 2811 2667 syllabarum
2850 2586 3127 2662 numero,
3165 2614 3271 2651 non
3324 2608 3627 2668 temporum
3679 2614 3760 2651 ra-

2183 2690 2326 2742 tione
2352 2699 2623 2754 constant,
2640 2690 2769 2742 nihil
2788 2690 2957 2753 alrurl,
2974 2705 3137 2760 quam
3156 2692 3466 2763 rhythmos,
3483 2707 3514 2746 c
3532 2690 3760 2763 Joscpbo

2184 2780 2458 2848 Scaligero
2485 2780 2535 2833 irr
2565 2778 2766 2835 Euseb.
2798 2780 3045 2836 Chronic.
3076 2798 3198 2852 pag.
3237 2783 3289 2836 ἲ.
3317 2782 3559 2839 Joannes
3589 2785 3762 2839 Meur—

2182 2870 2295 2924 sius
2347 2869 2589 2940 Lugduni
2631 2869 2962 2926 Batavorum
3005 2873 3207 2941 publici
3246 2873 3390 2943 juzis
3434 2873 3563 2929 fecit
3603 2892 3761 2945 super

2185 2961 2314 3017 illud
2339 2961 2627 3017 Canticum
2659 2961 3102 3018 Commentarios
3133 2960 3259 3018 Eusr
3276 2964 3371 3031 bii,
3393 2962 3759 3038 Polyrlrronii,

2183 3064 2237 3110 et
2275 3053 2459 3122 Pselli,
2490 3071 2635 3111 anno
2681 3057 2840 3111 1617.
2892 3057 3194 3127 Procopius
3241 3059 3470 3119 (lamus
3520 3060 3759 3128 scphista

2183 3144 2558 3211 Christianus,
2609 3161 2772 3216 quem
2824 3148 3007 3217 arguit
3066 3149 3533 3205 eminentissimus
3603 3162 3763 3220 atque

2183 3237 2537 3295 doctissimus
2567 3239 2861 3301 cardinalis
2899 3239 3259 3297 Bellarnrinus
3294 3258 3437 3296 anno
3463 3240 3524 3296 C.
3572 3241 3635 3295 Ν.
3660 3243 3761 3297 560

2184 3331 2422 3401 vixisse;
2477 3341 2529 3386 at
2593 3332 2882 3405 impeium
2942 3332 3235 3391 Theodosii
3298 3336 3459 3404 primi
3517 3336 3761 3405 a'tigissc

2187 3423 2443 3493 Opinatur
2484 3420 2730 3479 Joannes
2752 3422 3059 3487 Curterius.
3087 3427 3181 3497 qui
3214 3425 3437 3482 Parisiis
3463 3441 3605 3481 anno
3629 3426 3762 3480 15.80

2183 3514 2303 3586 ejus
2346 3517 2401 3571 in
2445 3515 2641 3570 Isaiam
2674 3514 3117 3575 Commentarios
3157 3517 3350 3573 Latine
3397 3534 3583 3573 versos
3611 3519 3761 3573 evul-

2184 3608 2333 3678 gavit
2367 3625 2382 3661 :
2418 3605 2746 3677 Procopius,
2788 3607 3032 3678 inquam,
3064 3609 3223 3679 cujus
3264 3608 3318 3663 in
3369 3607 3757 3663 Οιιιιιι·ιι‹;1ιυιιι

2183 3700 2575 3756 Conrmcntarii
2631 3700 2825 3757 Latine
2891 3702 3065 3758 lucem
3133 3712 3467 3772 aspexerant
3530 3702 3755 3773 Tiguri,

2182 3794 2432 3851 Conrado
2449 3796 2712 3851 Clauscro
2734 3797 3049 3863 interprete,
3074 3811 3220 3850 anno
3248 3796 3419 3861 “555;
3452 3807 3505 3851 et
3526 3795 3712 3851 Jornrrr
3731 3813 3758 3851 s

2182 3884 2454 3940 Meursius
2498 3884 2747 3956 Lugduni
2803 3885 3128 3940 Batavorum
3191 3884 3409 3941 Scholia
3448 3887 3750 3942 Graeco-La-

2184 3976 2317 4042 tina,
2360 3992 2504 4032 anno
2544 3975 2702 4040 16⁸20,
2735 3975 3102 4045 promulgavit
3141 3974 3194 4029 in
3227 3975 3399 4030 libros
3429 3975 3659 4047 Regum,
3705 3986 3757 4031 ct
3844 3976 3849 3981 ”

2182 4066 2662 4139 Paralipomenon.
2717 4066 2950 4137 Scripsit
3001 4068 3166 4121 etiam
3211 4068 3301 4120 ille.
3356 4066 3653 4138 Procopius
3705 4072 3754 4123 in

2182 4160 2498 4229 Proverbia,
2539 4170 2593 4215 et
2629 4160 2880 4226 Cantica,
2921 4174 3096 4229 caque
3143 4161 3345 4230 scripta
3392 4162 3496 4217 sibi
3543 4172 3755 4216 ostensa

2187 4252 2428 4307 Verrctiis
2480 4252 2679 4306 asserit
2707 4251 3017 4307 Curterius.
3050 4249 3194 4318 Quin
3223 4250 3467 4307 Joannes
3491 4251 3755 4308 Bessorrus

2182 4359 2298 4399 soc.
2337 4340 2464 4396 Jesu
2521 4343 2575 4395 irr
2618 4339 2905 4396 Canticum
2954 4343 3296 4397 canticorum
3328 4345 3637 4412 composuit
3666 4359 3758 4398 r.o-

2184 4448 2278 4487 vas
2310 4431 2756 4497 Lucubrationes,
2786 4449 2905 4503 quin
2956 4433 3106 4503 prelo
3137 4430 3410 4488 Tolosano
3436 4452 3585 4490 anno
3622 4437 3757 4491 ltiti)

2183 4522 2539 4589 prodierunt;
2576 4530 2628 4576 ct
2656 4524 2707 4576 in
2746 4523 2830 4578 his
2865 4524 3048 4578 laudat
3076 4521 3283 4591 Nilum,
3316 4523 3604 4581 Philonem
3631 4529 3759 4582 (lar-

2175 4615 2453 4683 patlriurn,
2478 4614 2909 4680 'I'heodorctum,
2938 4625 2992 4670 et
3016 4614 3243 4687 Eclogas
3270 4614 3525 4687 Procopii
3547 4620 3602 4673 iu
3622 4617 3759 4675 Cau-

2182 4706 2309 4770 tica,
2349 4715 2402 4759 rt
2443 4704 2733 4760 Pr'm-crbia
2774 4725 2785 4760 :
2824 4706 2995 4761 fertur
3033 4718 3087 4763 et
3118 4708 3173 4762 in
3206 4722 3270 4763 ea
3306 4710 3597 4779 scripsisse
3640 4710 3759 4766 Ori-

2179 4812 2366 4866 genes.
2406 4798 2643 4852 Sanctus
2679 4798 2922 4853 Thomas
2949 4799 3242 4869 Arrgclicus
3282 4800 3375 4857 ille
3406 4802 3600 4857 doctor
3634 4806 3758 4857 dum

2179 4885 2455 4940 allectat-et
2493 4888 2726 4956 cmlum,
2760 4889 2825 4943 ad
2866 4889 3009 4959 quod
3053 4890 3338 4960 migravit,
3375 4890 3606 4947 Cantica
3638 4909 3761 4948 carr-

2182 4978 2414 5033 tieorurn
2470 4995 2749 5050 exponens
2792 4997 3042 5052 cygrranrs
3079 4981 3273 5037 eﬂ‘udit
3321 4998 3505 5049 voces,
3556 4997 3613 5040 et
3656 5002 3762 5040 crn-

2179 5086 2357 5142 pyrere
2388 5071 2635 5127 melodize
2669 5074 2983 5128 tirocinium
3026 5076 3231 5144 posuit,
3286 5090 3760 5146 superuarurrrque

2176 5161 2501 5216 deliciarqu
2531 5162 2921 5233 promulsidem
2951 5164 3129 5218 libans
3159 5163 3357 5219 defecit
3384 5165 3437 5219 in
3472 5167 3653 5222 terris.
3685 5166 3757 5221 Ita

2177 5251 2331 5308 Nilus
2358 5264 2546 5311 noster
2572 5254 2873 5315 meditatus
2908 5255 2963 5312 in
2996 5255 3323 5315 Psalterium
3355 5260 3573 5317 Davidis
3602 5278 3758 5317 enar-

2178 5346 2439 5409 rationes,
2481 5363 2604 5401 cum
2629 5347 2697 5403 ad
2729 5347 2963 5423 patriarrr
2997 5347 3280 5404 cmlestem
3324 5351 3625 5416 anhelarct,
3653 5353 3757 5406 ibi-

2176 5454 2283 5508 que
2304 5439 2418 5508 jam
2454 5441 2642 5494 animo
2671 5453 3108 5507 conversaretrrr,
3145 5443 3237 5497 lilii
3283 5443 3597 5500 Salomonis
3617 5447 3755 5499 Carr-

2176 5533 2343 5586 ticum
2371 5532 2764 5602 interpretatus
2799 5535 2933 5588 mihi
2967 5537 3207 5592 videtur.
3252 5536 3491 5595 Sunt-tus
3518 5537 3753 5591 Thomas

2177 5628 2229 5683 in
2261 5631 2594 5684 monasterio
2624 5629 3005 5699 Fossa-Nova;
3048 5634 3435 5691 Cistercieusis
3460 5635 3665 5689 ordinis
3686 5634 3748 5688 ad

2174 5724 2510 5780 Amasenum
2538 5724 2855 5795 Campaniae
2892 5726 3118 5782 ﬂuvium
3150 5730 3345 5783 morbo
3392 5730 3441 5782 ιι
3464 5738 3641 5784 tentus
3668 5743 3748 5780 τε·
