3998 6116
338 343 477 407 1’385

1567 340 1663 403 DE
1702 341 2080 402 OPERIBUS
2116 344 2174 402 S.
2215 343 2395 404 NlLI.

3453 351 3584 415 lCCG

330 457 571 512 cenulam
617 454 1016 525 expositionem
1066 453 1121 506 in
1180 453 1400 508 Cantica
1425 495 1438 518 ,
1464 464 1469 468 '
1498 470 1620 524 quae
1683 453 1911 523 incipit,
1943 455 1990 511 Α
2016 451 2246 522 prolata,
2274 453 2476 510 Nicette
2504 453 2711 511 scilicet
2739 455 3132 523 Heracleensis.
3160 459 3388 519 Michael
3417 462 3592 522 Gisle-

337 546 596 600 Salomon
634 563 667 600 a
706 546 812 601 Deo
844 547 1157 615 inspiratus,
1200 559 1324 601 cum
1362 546 1555 601 luisset
1596 557 1908 615 aggressus,

338 638 625 694 absolvere
667 653 777 693 non
818 639 1018 709 potuit,
1064 624 1242 693 morte
1292 636 1438 706 pium
1480 636 1914 705 interrumpente

341 738 597 785 conatum
640 739 966 800 praeventus,
1014 729 1426 800 exspiravitque
1462 728 1522 783 in
1560 728 1673 784 illis
1709 729 1910 793 verbis,

340 838 461 892 quae
490 825 741 894 leguntur
771 822 825 876 in
849 823 1027 893 capite
1059 823 1312 894 septimo,
1342 839 1393 876 v.
1428 823 1486 876 ll
1522 839 1536 874 :
1576 820 1724 887 Veni,
1756 821 1914 875 electe

340 917 436 983 mi,
473 917 806 987 egrediamur
847 917 911 969 in.
941 930 1126 986 agrum
1148 957 1163 978 .
1205 915 1313 969 sive
1350 915 1594 979 hortum;
1629 923 1688 969 ut
1726 922 1916 969 auctor

339 1017 424 1062 est
482 1006 668 1062 Sixtus
729 1006 1035 1069 Senensis,
1092 1007 1189 1062 lib.
1247 1022 1297 1060 ιν
1363 1004 1620 1061 Bibliottt.
1692 1014 1911 1077 sancto}.

340 1098 820 1154 Eminentissimus
860 1097 1155 1154 cardinalis
1202 1096 1530 1152 Franciscus
1585 1095 1916 1153 Barberinus

340 1190 553 1253 abbas,
595 1188 844 1258 tantique
898 1188 1077 1243 Patris
1126 1188 1326 1251 cultor,
1381 1203 1505 1242 cum
1557 1187 1762 1257 ubique
1804 1203 1918 1243 sua:

342 1279 556 1349 pictatis
601 1279 835 1347 insignia
873 1272 1087 1333 ex'serat
1122 1279 1472 1344 monimenta,
1513 1278 1640 1333 licet
1686 1294 1749 1333 ea
1802 1294 1920 1349 prc-

341 1378 485 1435 mat,
535 1377 588 1425 et
636 1370 853 1425 occulat
887 1370 1083 1436 anxie,
1137 1369 1482 1440 magniﬁcam
1540 1370 1715 1426 erexit
1764 1387 1917 1426 aram

342 1476 468 1515 cum
508 1469 689 1517 statua
733 1476 1043 1517 marmorea
1085 1462 1300 1532 egregie
1330 1461 1562 1532 sculpta,
1594 1472 1645 1517 et
1670 1456 1920 1518 cubiculo

347 1555 615 1607 adernate
642 1554 849 1607 addidit
882 1554 1318 1622 inscriptionem,
1351 1569 1516 1623 quam
1547 1568 1578 1608 e
1606 1554 1674 1609 Β.
1706 1552 1765 1611 Ρ.
1796 1552 1933 1609 Ριίοσ

341 1646 496 1715 ςυτίο
528 1645 847 1715 presbytero
874 1646 1315 1716 congregationis
1342 1646 1576 1701 Oraterii
1612 1654 1917 1715 promptam

346 1740 530 1792 insero
584 1737 637 1790 in
694 1735 813 1791 Vita
856 1737 1032 1791 sancti
1075 1736 1323 1802 Themm,
1380 1738 1475 1791 lib.
1524 1753 1618 1804 tv,
1670 1754 1790 1807 cap.
1840 1738 1918 1790 9.:

348 1828 576 1883 Sanctus
642 1827 868 1889 Thomas
926 1838 981 1881 ut
1036 1830 1303 1885 cantando
1342 1838 1667 1893 moreretur,
1714 1838 1763 1881 et
1808 1846 1919 1881 mo-

348 1921 533 1975 riendo
560 1929 825 1984 cantaret,
873 1928 1060 1990 rogatu
1109 1921 1488 1975 monachorum
1546 1918 1922 1976 Fossa-Nova:

347 2013 571 2068 Cantica
626 2013 954 2065 canticorum
999 2027 1297 2081 exponens,
1345 2012 1539 2082 majori
1589 2013 1788 2066 amoris
1849 2014 1923 2077 vi,

343 2118 499 2171 quam
531 2103 720 2165 morbi,
756 2102 811 2155 in
845 2101 1032 2156 caelum
1074 2104 1306 2172 rapitur.
1330 2101 1523 2156 Plures
1569 2110 1748 2156 autem
1790 2118 1923 2157 ceu-

346 2194 564 2262 scriptaa
599 2192 824 2247 fuerunt
857 2193 1024 2250 variis
1052 2194 1120 2249 ab
1154 2194 1412 2248 Ecclesia:
1437 2194 1758 2250 doctoribus
1782 2194 1926 2249 Can-

348 2282 582 2336 ticorum
640 2284 1054 2351 explanationes
1103 2283 1269 2354 639
1312 2283 1537 2338 Latina).
1592 2283 1772 2339 Prima
1828 2284 1927 2339 tri-

350 2373 540 2427 buitur
577 2374 925 2440 Cassiedore,
968 2389 999 2428 a
1028 2389 1160 2444 quo,
1190 2383 1243 2429 et
1273 2390 1303 2429 a
1335 2375 1475 2430 Beda
1502 2385 1923 2445 transsumptam

349 2462 442 2517 alii
464 2470 678 2532 putant,
710 2471 766 2518 et
801 2463 1081 2519 vindicant
1110 2450 1378 2535 Hayntoni
1404 2466 1669 2537 episcopo
1703 2466 1929 2522 lialber-

284 2624 292 2633 _
351 2555 603 2620 statcnsi,
659 2555 751 2625 qui
803 2555 1018 2610 Alcuini
1069 2556 1375 2626 discipulus
1423 2573 1569 2612 attno
1616 2557 1722 2614 850
1770 2558 1925 2613 vixit.

352 2647 466 2710 Ea,
508 2647 666 2716 cujus
719 2648 1005 2703 exordium
1041 2659 1145 2715 est,
1208 2648 1367 2703 Sonet
1426 2663 1526 2703 vos:
1566 2658 1680 2715 tua,
1731 2649 1930 2705 dicitur

351 2735 552 2805 IEgidii
573 2735 802 2790 Romani
827 2735 895 2791 de
914 2736 1205 2800 Columna,
1228 2736 1467 2792 doctoris
1486 2736 1930 2793 Fundamentalis

355 2826 631 2894 apprllati,
661 2842 799 2895 opus
835 2842 978 2892 esse,
1014 2828 1265 2896 quamvis
1293 2843 1323 2882 a
1362 2827 1685 2896 quibusdam
1710 2868 1727 2893 ,
1766 2837 1823 2883 et
1861 2830 1930 2883 ab

359 2918 475 2984 ipso
507 2916 662 2971 Sixto
687 2916 916 2973 Senensi
939 2918 1249 2973 aserihatnr
1279 2928 1470 2973 sancto
1501 2917 1753 2984 Themat,
1781 2918 1931 2975 ideo-

355 3025 461 3079 que
500 3010 927 3079 suprascriptum
983 3010 1144 3064 aliam
1193 3008 1599 3079 Expesitionem
1657 3020 1933 3081 nuncupet

355 3103 676 3158 secundam.
704 3101 919 3173 Mystici
964 3111 1019 3158 et
1048 3104 1331 3174 anagegici
1361 3103 1552 3159 Patres
1578 3104 1932 3174 quamplures

355 3192 410 3246 in
455 3193 597 3248 hanc
635 3207 856 3247 arenam
896 3191 1312 3258 descendentes,
1347 3192 1400 3245 in
1435 3193 1538 3247 ista
1576 3190 1804 3248 Cantica
1836 3190 1932 3246 de—

355 3282 643 3345 sudarunt,
681 3282 953 3353 praecipue
982 3288 1211 3337 sanctus
1244 3279 1558 3336 Bernardus
1599 3278 1932 3346 melliﬂuus,

356 3372 452 3440 qui
499 3370 793 3429 Sermones
841 3373 896 3427 in
940 3387 1008 3427 ea
1060 3373 1306 3438 dictavit,
1352 3381 1408 3429 et
1447 3374 1659 3446 habuit.
1701 3372 1936 3431 Sanctus

358 3461 655 3530 Gregorius
683 3460 752 3516 Μ.
781 3462 834 3514 in
866 3462 1087 3517 Cantica
1116 3464 1372 3533 scripsit:
1405 3465 1670 3533 Aponius,
1703 3463 1938 3534 Angelo-

362 3551 855 3616 mus,Ambrosius,
894 3550 1219 3620 Ansbertus,
1271 3553 1546 3610 Ilenorius
1583 3554 1936 3625 Augustodu-

365 3645 575 3705 ncnsis,
616 3644 910 3700 Ansclmus
942 3642 1341 3711 Laudunensis,
1380 3645 1654 3712 Rupertus
1686 3648 1937 3704 Tuitien-

362 3735 461 3800 sis,
493 3744 547 3790 ct
580 3734 852 3791 [{ebertus
880 3733 1099 3797 Holkot.
1125 3743 1290 3806 atque
1323 3736 1416 3790 alii
1448 3751 1589 3807 ques
1615 3752 1939 3794 emtmerare

363 3826 583 3897 longum
616 3836 784 3887 esset,
814 3827 1148 3881 recentiores
1187 3828 1511 3894 interpretes
1538 3841 1821 3884 sacrorum
1850 3827 1939 3883 Bi-

365 3917 622 3981 bliorum,
659 3917 952 3986 plerasque
1003 3915 1057 3969 in
1088 3930 1150 3969 ea
1200 3924 1597 3971 centexuerunt
1637 3916 1840 3983 Notas,
1888 3926 1943 3973 et

364 4007 846 4070 Commentarios,
913 4006 992 4061 uti
1055 4005 1273 4076 profani
1311 4013 1565 4064 auctores
1619 4011 1672 4064 in
1716 4022 1937 4081 poetas,

366 4098 746 4168 philosophos,
776 4105 1047 4163 oratores,
1082 4098 1342 4164 medicos,
1372 4099 1735 4170 legisperitos,
1763 4101 1937 4157 Scho-

367 4193 475 4257 lia,
530 4192 1032 4247 Commcntationes
1080 4192 1348 4262 ingentes,
1401 4190 1646 4259 Glossas,
1690 4194 1941 4265 Explica-

369 4286 546 4340 tioncs
576 4284 786 4354 amplas
837 4297 891 4339 et
930 4285 1099 4340 fusas.
1134 4285 1239 4351 Qui
1273 4294 1689 4350 successerunt,
1732 4302 1793 4342 ex
1837 4289 1942 4343 illis

368 4383 760 4446 excerpserunt
793 4375 1038 4441 Notulas,
1094 4392 1234 4447 quas
1278 4376 1515 4432 Catenas
1555 4380 1945 4448 nuncupabant

2017 544 2134 600 rius
2166 544 2397 601 clericus
2423 548 2688 616 regularis
2712 556 2887 605 tomos
2917 561 3026 606 tres
3054 551 3106 607 in
3137 551 3427 610 Jercmiam
3456 571 3605 611 con--

2017 636 2204 707 gessit,
2237 653 2468 693 excuses
2491 655 2710 709 quoque
2734 640 2984 711 Lugduni
3015 642 3173 697 16%.
3198 646 3258 699 In
3281 646 3365 703 bis
3389 646 3589 704 Catena

2015 728 2332 785 Graecorum
2363 728 2587 786 Patrum
2627 747 2692 787 ex
2728 733 2986 790 Vaticana
3033 733 3370 794 Bibliotheca
3410 738 3589 804 eruta,

2017 821 2175 877 etab
2233 821 2433 877 Allatie
2510 831 2673 893 atque
2723 823 3056 896 Caryephilo
3107 825 3300 883 Latine
3345 828 3591 892 reddita,

2018 928 2183 983 quam
2216 924 2373 969 antea
2407 916 2668 971 emiserat
2716 917 2770 971 in
2820 919 2994 973 lucem
3028 919 3095 972 A.
3135 920 3376 991 Agellius
3408 921 3597 978 Romae

2017 1008 2449 1074 Graece-Latine,
2502 1010 2606 1066 fuit
2652 1011 2857 1066 intexta
2908 1013 2996 1069 illa
3044 1029 3170 1069 cum
3219 1015 3343 1071 aliis
3380 1016 3607 1072 duabus.

2018 1101 2260 1156 Catenis.
2293 1101 2581 1159 Baltbazar
2610 1104 2906 1160 Cerdcrius
2949 1106 3344 1174 expositionem
3376 1108 3594 1177 viginti-

2020 1203 2257 1262 qnatuor
2294 1192 2517 1249 Patrum
2550 1194 2869 1251 Graecorum
2904 1198 2969 1251 in
2998 1197 3244 1252 Psalmos
3295 1199 3605 1269 publicavit.

2019 1283 2330 1355 Antucrpiae
2360 1301 2507 1343 anno
2553 1286 2721 1352 1645,
2782 1288 2946 1343 tomis
2990 1287 3165 1343 tribus
3192 1287 3445 1358 digerens
3472 1305 3611 1344 eam

2022 1379 2077 1431 in
2126 1378 2388 1433 Catenam
2425 1380 2841 1450 paraphrasim,
2887 1391 2941 1435 ct
2984 1380 3481 1448 Commentarium;
3526 1383 3613 1435 ab.

2021 1469 2213 1524 eodem
2247 1469 2520 1545 Symbelae
2548 1473 2779 1537 collatae,
2831 1473 2991 1529 tomis
3060 1474 3274 1530 duobus
3320 1474 3603 1541 visuntur,

2019 1574 2055 1623 e
2103 1556 2304 1630 quibus
2353 1562 2568 1632 prims
2617 1563 2671 1618 in
2717 1564 3028 1620 Mattbacum
3069 1564 3331 1621 Catenam
3372 1581 3593 1621 auream

2024 1655 2245 1710 exhibet
2276 1654 2590 1712 Graecorum
2630 1658 2852 1711 Patrum
2891 1657 3055 1713 unius
3093 1666 3149 1712 ct
3190 1656 3413 1729 viginti,
3459 1673 3613 1728 quos

2027 1743 2093 1798 R.
2126 1744 2183 1800 P.
2229 1744 2496 1805 Pessinus
2521 1745 2679 1819 Latio
2698 1747 2941 1811 donavit,
2979 1746 3296 1817 Tolesaaque
3320 1746 3598 1806 commisit

2026 1834 2176 1904 prelo
2206 1834 2262 1887 in
2289 1835 2555 1890 anibabns
2588 1836 2789 1905 linguis
2827 1851 2972 1890 anno
3019 1835 3178 1892 “$46.
3218 1836 3365 1892 Alter
3394 1844 3613 1902 tomus,

2024 1928 2078 1982 in
2111 1943 2218 1997 quo
2259 1927 2464 1982 Catena
2495 1928 2712 1998 triginta
2759 1926 3003 1995 Patrum,
3040 1942 3179 1998 quos
3225 1927 3365 1984 inter
3400 1937 3482 1984 est
3508 1926 3605 1981 Ni-

2025 2020 2130 2084 lus,
2170 2019 2328 2088 cujus
2355 2020 2547 2091 χρῆσις
2573 2061 2587 2085 ,
2622 2019 2735 2074 sive
2773 2020 3071 2075 auctoritas
3107 2018 3339 2076 refertur
3381 2035 3502 2091 cap.
3544 2022 3612 2084 9,.

2024 2126 2147 2181 pag.
2178 2110 2312 2177 5i9;
2372 2110 2449 2164 De
2502 2120 2758 2180 potestate
2807 2112 3166 2180 apostolorum
3217 2112 3616 2168 ambulantium.

2024 2217 2181 2271 super
2196 2211 2453 2270 serpentes
2479 2209 2531 2254 et
2563 2203 2862 2270 scorpiones
2896 2218 2913 2256 :
2951 2204 3295 2273 interpretem
3318 2213 3473 2259 nacta
3513 2204 3605 2259 illa

2029 2304 2113 2348 est
2136 2293 2311 2362 ipsum
2342 2290 2509 2363 6&0
2529 2290 2873 2357 Corderium,
2894 2292 2988 2362 qui
3032 2291 3231 2347 fatetur
3257 2292 3602 2348 cellectercm

2030 2383 2200 2439 fuisse
2255 2381 2500 2437 Nicetam
2544 2382 2865 2453 episcopum
2918 2382 3250 2438 Serrarum:
3293 2385 3613 2441 testimonia.

2031 2475 2255 2529 Patrum
2279 2489 2388 2528 non
2415 2473 2653 2529 citantur
2668 2472 2735 2527 ad
2760 2473 3009 2540 verbum,
3033 2472 3128 2529 sed
3155 2473 3414 2532 eollector
3435 2473 3606 2531 utitur

2030 2564 2385 2635 paraphrase,
2418 2574 2480 2620 ut
2512 2563 2770 2620 observat
2808 2579 2910 2635 pro
2939 2578 3037 2621 sua
3079 2564 3300 2621 solertia
3329 2564 3390 2620 P.
3422 2565 3621 2622 Possit

2032 2671 2158 2710 nus.
2210 2654 2470 2710 Catenam
2532 2664 2798 2720 attamen,
2855 2656 2935 2710 uti
2991 2664 3243 2727 torquem
3304 2657 3605 2726 pretiosum

2031 2747 2247 2802 testimo
2297 2760 2493 2800 aurum
2534 2755 2747 2813 contra,
2779 2760 2811 2801 e
2857 2746 3052 2818 viginti
3096 2760 3295 2802 novem
3353 2745 3621 2803 Patribus-

2032 2838 2347 2903 conﬂatam,
2386 2853 2452 2894 ac
2486 2837 2834 2916 potissimum
2868 2853 2902 2894 e
2947 2846 3139 2894 sancte
3181 2836 3396 2894 Joanne
3442 2837 3613 2909 Chrys

2033 2939 2300 2995 sostomo,
2345 2931 2399 2984 in
2450 2930 2640 2985 codice
2702 2931 2795 3000 qui
2848 2931 3373 2986 calameexaratus
3419 2940 3501 2986 est
3557 2934 3611 2986 in

2035 3023 2376 3087 membrana,
2410 3030 2803 3091 promptasque
2835 3020 2936 3076 fuit
2971 3036 3003 3077 θ
3034 3020 3369 3078 Bibliotheca
3411 3022 3616 3078 Barbe-

1958 3133 2002 3192 α
2038 3113 2178 3177 rina,
2201 3112 2388 3167 Graece
2402 3110 2592 3167 nitidis
2619 3111 2756 3167 satis
2770 3111 3201 3177 characteribus,
3219 3128 3260 3169 δι
3274 3114 3615 3169 reverendis~

2037 3206 2178 3263 sitne
2207 3204 2407 3260 abbate
2451 3203 2650 3260 Carolo
2692 3202 2949 3270 Merene,
2988 3203 3084 3274 qui
3126 3204 3423 3261 litterarias
3467 3220 3615 3259 meas

2037 3297 2253 3367 vigilias
2284 3306 2388 3367 epe
2434 3309 2537 3352 sua
2567 3302 2791 3351 strenua
2821 3294 3087 3353 benevole
3124 3294 3384 3361 sutl‘ulsit,
3419 3295 3617 3366 cuique

2032 3389 2235 3445 mittere
2274 3385 2506 3442 multum
2554 3378 2647 3442 me
2698 3385 2935 3457 ingenue
2979 3386 3280 3456 proﬁteor,
3338 3386 3636 3442 exhibitas,

2040 3479 2455 3554 perhumaniter
2491 3478 2583 3535 ille
2614 3478 2746 3533 mihi
2777 3477 2903 3545 fuit,
2933 3478 3394 3549 quemadmodum
3427 3487 3481 3533 et
3510 3479 3614 3532 alia

2038 3572 2274 3644 plurima
2301 3572 2435 3628 mihi
2461 3571 2532 3628 ab
2551 3572 2670 3643 ipse
2691 3571 2987 3627 liberaliter
3006 3584 3245 3642 agnosco
3274 3569 3446 3627 fuisse
3470 3580 3619 3626 com-

2034 3666 2339 3721 munlcata.
2389 3665 2627 3719 Titulum
2659 3664 2831 3719 codex
2876 3664 3021 3719 hanc
3068 3663 3294 3735 praefert.
3341 3664 3394 3718 in
3441 3663 3622 3718 fronte

2043 3760 2298 3815 inferiore
2348 3777 2361 3813 :
2421 3758 2744 3828 Ἑρμηνεῖαι
2797 3755 2907 3809 τῶν
2970 3757 3227 3828 πράξεων
3284 3758 3392 3811 τῶν
3448 3757 3620 3823 ἁγίων

2052 3852 2413 3916 atumem,
2447 3852 2542 3904 καὶ
2567 3849 2677 3902 τῶν
2711 3847 3032 3902 Καθολικῶν
3068 3849 3398 3902 Ἐπιστολῶν
3430 3849 3619 3902 Ἰακώ-

2042 3945 2139 4000 6w
2164 3945 2235 4012 α’,
2260 3945 2467 4015 Πέτρου
2477 3940 2525 3997 α’
2541 3942 2636 3997 καὶ
2650 3941 2714 4012 β’,
2731 3940 2978 3994 Ἰωάννου
3000 3947 3070 4005 α’,
3097 3938 3140 4008 β’
3150 3939 3244 3993 καὶ
3266 3945 3335 4007 γ’,
3354 3938 3543 4007 Ἰούδα,
3567 3940 3619 3994 id

2043 4047 2149 4101 est,
2164 4034 2643 4102 ‘Interpretationea
2667 4034 2893 4086 Actuum
2913 4042 3220 4085 sanctorum
3240 4030 3636 4099 apostolorum,

2041 4143 2091 4189 et
2115 4132 2505 4188 Catholicarum
2545 4128 2903 4198 Epistolarum
2939 4124 3130 4180 Jacobi
3158 4124 3196 4192 l,
3226 4123 3371 4178 Petri
3402 4127 3425 4179 Ι
3458 4135 3512 4180 et
3543 4124 3584 4180 Il
3605 4167 3619 4190 ,

2042 4226 2266 4282 Joannis
2308 4224 2355 4290 Ι,
2399 4221 2439 4277 ll
2473 4232 2527 4278 et
2564 4220 2652 4287 Ill,
2685 4218 2863 4275 ludat.
2896 4219 3032 4276 lnibi
3080 4217 3393 4273 referuntur
3430 4225 3623 4273 aucte-~

2045 4322 2234 4375 ritates
2274 4316 2448 4373 sancti
2485 4313 2727 4379 Maximi,
2759 4313 2852 4384 qui
2896 4328 3039 4366 anno
3080 4312 3185 4365 650
3229 4309 3447 4376 ﬂoruit,
3500 4310 3631 4365 lau-

2047 4410 2356 4478 danturquc
2382 4408 2529 4462 illius
2563 4407 2891 4479 Ἐρωτήσεις
2935 4401 3621 4474 καὶάποκρίσεις,ίηεοηοιι

368 4468 564 4568 auge."
598 4479 652 4568 ἷξε
678 4467 1176 4568 Li‘i"inp."§""f‘s’
1217 4477 1281 4568 ei,
1319 4467 1637 4568 Gloss???"
1679 4468 1845 4568 mw“
1865 4512 1878 4536 ’
1907 4485 1945 4568 ,θ
1979 4474 2020 4528 D
2046 4467 2281 4557 Joannis
2314 4467 2655 4561 Damasceni,
2675 4467 2770 4568 qui
2798 4510 2944 4550 anno
2969 4495 3069 4550 751
3102 4467 3303 4557 ﬂoruit,
3324 4493 3463 4549 liber
3485 4492 3622 4562 Περὶ

369 4561 571 4629 quibus
601 4560 829 4614 Strabus
855 4558 1161 4624 Fuldensis,
1192 4560 1286 4628 qui
1316 4575 1462 4615 anno
1481 4559 1588 4614 8w
1607 4561 1889 4614 caminum
1907 4561 1947 4615 it

371 4650 753 4718 Ordinariam;
811 4650 1104 4706 Anselmus
1150 4649 1528 4706 Laudunensis
1578 4667 1723 4705 anno
1785 4651 1941 4712 1077,

372 4741 771 4795 interlincarcm
798 4759 812 4806 ;
850 4749 963 4795 tum
998 4740 1255 4795 l\'icul.ins
1289 4739 1556 4811 Lys-anus,
1586 4749 1639 4793 et
1669 4739 1781 4795 alii.
1804 4740 1945 4794 Sau-

371 4845 492 4889 ctus
522 4833 683 4887 etiam
714 4832 955 4888 Thomas
986 4834 1225 4888 Auream
1257 4833 1515 4888 Catenam
1556 4832 1847 4885 cmmcxuit
1893 4832 1943 4884 in

375 4925 665 4994 Evangelia
711 4935 972 4994 quatuor;
1024 4927 1255 4979 Auream
1307 4942 1467 4988 vcrc,
1498 4941 1623 4994 qua:
1664 4923 1763 4977 fuit
1803 4938 1948 4976 anim

374 5018 511 5072 1657
541 5032 745 5072 excusa
778 5036 793 5071 :
832 5015 1225 5079 (Ecumcnius,
1264 5027 1317 5069 et
1348 5016 1772 5087 Olympiodorus
1799 5054 1811 5077 .
1855 5016 1944 5082 qui

373 5117 499 5178 post
534 5108 882 5161 millesimum
925 5120 1127 5159 annum
1164 5105 1369 5160 vixisse
1405 5120 1437 5160 a
1476 5104 1804 5174 quibusdam
1834 5106 1948 5158 exi-

374 5198 690 5262 stimantur,
732 5199 802 5253 ab
834 5197 956 5252 aliis
982 5197 1047 5249 ad
1085 5195 1189 5252 900
1216 5204 1271 5250 ct
1303 5195 1407 5250 800
1441 5197 1814 5258 retrahuntur,
1842 5194 1948 5251 Ca-

376 5300 626 5345 tcnarum
674 5303 927 5345 auctores
961 5289 1335 5360 perhibentur.
1387 5289 1648 5343 Catenam
1694 5288 1747 5340 in
1789 5285 1952 5341 Jobc

375 5383 565 5451 viginti
588 5391 823 5454 quatuor
847 5382 1048 5436 Graecis
1074 5380 1397 5437 doctoribus
1423 5378 1627 5433 Paulus
1651 5378 1953 5433 Cemitelus

377 5490 492 5531 sec.
529 5473 658 5529 Jesu
705 5489 735 5528 e
775 5471 965 5528 Graeco
1004 5488 1323 5527 conversam
1362 5471 1414 5524 in
1448 5470 1702 5526 Latinum
1748 5485 1955 5525 sermo-

377 5580 500 5620 nem
531 5561 785 5634 Lugduni
818 5561 1182 5631 promulgavit
1212 5577 1358 5615 anno
1399 5560 1570 5627 1586;
1611 5567 1665 5613 at
1696 5576 1790 5613 eos
1818 5561 1956 5614 inter

376 5658 632 5712 doctores
654 5655 836 5710 Nilum
863 5653 1130 5715 nominat,
1151 5661 1205 5706 et
1231 5652 1342 5706 b-ec
1369 5662 1471 5716 est,
1493 5667 1656 5722 quam
1687 5649 1851 5705 Patrit
1872 5651 1956 5705 ius

378 5748 573 5802 Junius
598 5746 826 5801 Lentlini
859 5755 1087 5815 utraque
1113 5744 1291 5814 lirgu?
1319 5741 1506 5803 edidit,
1539 5758 1567 5793 a
1595 5757 1676 5794 mc
1709 5740 1955 5807 superius

2047 4596 2145 4665 τῆς
2192 4591 2451 4654 ἐνδόσεως
2499 4592 2597 4662 τῆς
2637 4589 2880 4652 Haliartii;
2927 4586 3020 4641 καὶ
3056 4585 3268 4655 Καινῆς
3309 4582 3622 4654 Διαθήκηςς

2048 4687 2099 4741 id
2133 4694 2234 4750 cst,
2279 4684 2352 4737 De
2401 4684 2684 4737 traditione
2740 4680 2949 4735 Veteris’
2981 4688 3031 4733 et
3079 4676 3219 4731 Novi
3266 4676 3625 4741 Testumenti;

2050 4777 2284 4845 ideoque
2312 4791 2421 4828 non
2455 4776 2644 4840 miror,
2680 4774 2724 4829 si
2757 4772 2957 4842 saepius
2985 4787 3014 4821 υ
3050 4783 3147 4837 pro
3184 4767 3215 4838 β
3246 4774 3540 4837 usurpetur
3570 4768 3621 4819 in

2051 4868 2348 4937 scriptura,
2399 4865 2797 4920 neetericorum
2834 4863 3147 4914 tirarcorum
3182 4873 3281 4926 pro
3316 4871 3487 4912 more.
3515 4855 3621 4909 Sed

2049 4961 2141 5028 qui
2194 4960 2394 5013 factum
2446 4968 2564 5021 cst,
2623 4964 2680 5009 ttt
2732 4956 2860 5007 dum
2908 4953 3145 5007 iudicem
3191 4965 3417 5020 operum
3448 4948 3638 5003 sancti.

2049 5053 2155 5106 Nili
2194 5050 2461 5107 coniicere
2494 5058 2662 5106 teuto,
2697 5046 2928 5099 alierum
2965 5056 3127 5111 epera
3172 5037 3626 5096 commentarios-

2051 5162 2158 5218 quc
2205 5155 2313 5199 tam
2365 5141 2573 5211 prolixe
2629 5133 3023 5207 percenseam?
3063 5142 3118 5187 et
3160 5145 3296 5200 pene
3348 5128 3579 5183 Gesneri
3608 5166 3635 5187 .,

2054 5234 2303 5298 Simleri,
2340 5229 2587 5294 Draudii,
2622 5242 2716 5282 seu
2751 5225 2934 5295 potius
2959 5220 3629 5287 Possevini,aliorumque

2056 5322 2559 5394 bibliographermn
2611 5316 2837 5371 evadant
2874 5311 3124 5365 :cmulus.
3180 5305 3627 5361 Excusabitver-

2056 5421 2251 5475 bosum
2288 5430 2471 5471 senem
2529 5410 2798 5464 camiidns
2847 5407 3050 5467 lector,
3091 5416 3253 5472 quem
3293 5398 3624 5454 Catenarum

2056 5541 2230 5581 nexus
2286 5519 2584 5592 illigabant,
2662 5526 2936 5583 quemque
2994 5507 3229 5564 detinuit
3268 5499 3461 5576 ’ᾼσμα
3520 5500 3635 5593 τῶν

2058 5632 2338 5708 ᾀσμάτων,
2364 5628 2649 5684 Canticum
2689 5635 2881 5691 nempe
2920 5619 3303 5679 canticorum;
3329 5610 3518 5683 ﬂagrat
3549 5616 3630 5663 et-

2060 5742 2202 5795 enim
2283 5754 2344 5789 ac
2394 5729 2693 5795 languescit
2736 5727 2834 5782 istc
2884 5720 3154 5778 desiderio
3206 5713 3334 5772 illud
3382 5729 3505 5771 cum
3554 5718 3633 5766 tut

2097 5888 2103 5919 ἱ
