3998 6116
474 228 608 293 1367

1207 237 1352 298 ωδ.
1396 197 1660 300 ΜΑιιιΑι
1699 197 2022 303 ευΑιιιιδι

2127 247 2332 308 ,ΙΒΕΡι
2370 252 3008 317 CHRONOLOGICUS

3585 261 3717 325 ηδε

471 343 979 439 ςειιειὶεῌᾨηιιῆὺιιξ,
1024 348 1241 403 tandem
1281 349 1596 420 aliquando,
1632 365 1926 409 miserante
1983 366 2034 411 et
2065 379 2108 435 Α
2207 361 2426 420 Primus
2471 366 2914 436 chronologicus,
2967 369 3024 422 in
3076 383 3188 438 quo
3237 370 3410 439 patria
3441 409 3457 435 ,
3511 383 3568 426 et
3626 391 3714 430 res

467 437 631 492 dante
669 437 888 491 Christo
925 435 1192 505 Domino,
1247 440 1335 496 cui
1382 443 1474 495 uni
1538 442 1648 500 Deo
1699 461 1824 501 cum
1868 443 2028 502 Patre

467 543 534 587 ac
565 528 767 597 Spiritu
808 538 1000 584 sancto
1038 531 1111 586 sit
1141 531 1312 587 honor
1335 543 1389 588 et
1413 535 1586 604 gloria
1629 551 1868 608 semper,
1899 553 2032 593 eon-

466 616 705 672 einendi.

2137 461 2334 524 gestae,
2384 468 2448 508 ac
2485 455 2667 509 obitus
2707 457 2878 510 sancti
2920 454 3051 512 Nili.

2209 543 2516 611 Secundus,
2549 547 2969 618 lexicograpbus
3004 564 3202 604 vocum
3233 550 3533 603 variarum.

2209 633 2427 690 Tertius
2467 637 2800 706 exegcticus,
2847 647 2902 692 et
2932 638 3155 694 critieus
3194 639 3247 692 in
3298 640 3553 709 pleraque
3585 640 3704 697 loea

532 709 954 771 Subsequuntur
983 709 1110 765 libri
1149 721 1259 768 tres
1301 713 1724 771 Adnotatiouum
1774 718 1827 772 in
1859 717 2034 791 Opera
2138 723 2456 792 insigniora,
2489 737 2543 780 et
2571 727 2846 793 variarum
2880 726 3174 782 lectionum
3205 727 3304 797 tl).

464 801 638 857 sancti
670 800 774 855 Nili
815 800 1046 858 abbatis.

535 974 612 1044 (l)
652 973 1131 1055 Ex'trihusdibris
1172 978 1259 1031 hic
1295 978 1607 1034 memoratis
1650 996 1790 1035 unus
1856 989 2059 1035 tantum
2127 993 2404 1051 comparet
2430 1023 2443 1046 ,
2495 982 2652 1038 Liber
2698 983 3095 1055 chronologicus

3146 1005 3159 1039 :
3213 987 3544 1056 posteriores
3595 988 3702 1042 duo

465 1046 684 1100 desunt.
739 1045 890 1100 Eutr.
928 1046 1096 1100 l’na.

472 1274 3238 1316 ’ΜΝ-Ἢ

3252 1291 3437 1302 ﬂ..-
3448 1291 3622 1300 -οο--ςς
3632 1290 3680 1302 -ο

1373 1479 1729 1568 LIBER
1799 1478 2810 1573 CHRONOLOGICUS

935 1720 1114 1830 DE
1192 1717 1540 1833 Vl'l‘A
1645 1717 2164 1830 SANCTI
2249 1717 2541 1831 NILI
2624 1701 3225 1832 ABBATIS

2024 1978 2084 2019 SE
2093 1979 2122 2018 υ

1478 2143 1788 2214 ΡΑΤΒΙΑ,
1822 2142 1972 2203 RES
2027 2141 2316 2217 GESTAE,
2369 2142 2668 2206 OBlTUS.

2038 2272 2104 2284 ..-

517 2419 678 2491 651
711 2419 751 2474 Ε
782 2419 957 2475 ruinis
976 2419 1706 2492 Byzantii,quodaByzante
1727 2435 1850 2490 rege
1866 2420 2028 2488 Spar-
2063 2425 2102 2481 Β
2132 2418 2256 2474 Maii
2299 2435 2394 2474 seu
2430 2435 2460 2473 v
2524 2421 2649 2474 Idus
2703 2418 2871 2475 Maias
2916 2421 3162 2476 dedicata
3227 2420 3329 2474 fuit
3370 2436 3517 2475 anno
3563 2421 3695 2486 530;

454 2518 707 2565 tanorum
744 2510 1086 2566 nominatu
1129 2521 1183 2564 et
1213 2508 1514 2576 conditum,
1573 2509 1654 2564 vel
1693 2525 1724 2564 a
1758 2507 2028 2564 Pausania
2131 2510 2286 2580 isque
2314 2510 2431 2565 dies
2457 2520 2709 2565 censetur
2737 2509 2856 2580 ejus
2887 2511 3184 2575 natalitius,
3221 2520 3276 2565 et
3311 2511 3560 2565 feriatus.
3585 2511 3622 2564 l.
3659 2525 3694 2563 ιι

453 2609 848 2666 constructum,
875 2616 904 2655 a
927 2601 1126 2657 Severo
1145 2601 1412 2670 Augusto,
1438 2602 1566 2670 quia
1591 2599 1757 2670 Nigro
1784 2599 2028 2655 adhaese-

453 2703 558 2759 rat,
581 2693 842 2758 dirutum,
859 2707 889 2747 a
911 2691 1269 2748 Constantino
1289 2693 1537 2762 Augusto
1560 2693 1922 2748 instauratum
1941 2692 2029 2747 deo

454 2792 808 2855 ceratumque
857 2785 1081 2840 nomine
1133 2783 1657 2854 Constantinopolis,
1709 2783 2027 2840 melioribus

457 2876 566 2930 Deo
589 2877 824 2946 propitio
846 2877 1126 2948 auspiciis,
1148 2893 1312 2947 quam
1343 2876 1518 2931 Itonia
1547 2887 1719 2940 vetus,
1753 2886 1812 2931 ut
1835 2885 2028 2931 auctor

452 2977 533 3022 est
575 2965 918 3026 .lustinianus
963 2969 1000 3022 ι.
1045 2985 1059 3024 l
1109 2967 1172 3024 C.
1224 2969 1290 3023 de
1352 2979 1450 3023 vet.
1523 2968 1640 3037 jur.
1684 2965 2024 3034 enucleand.,

453 3059 481 3131 §
521 3058 1064 3128 Novimus,authent.
1099 3061 1163 3115 de
1195 3059 1391 3130 Nupt.,
1424 3060 1644 3115 Christo
1670 3059 1899 3123 scilicet,
1941 3067 2025 3117 at-

450 3169 557 3221 que
601 3153 927 3210 beatissima
981 3155 1188 3227 Virgini
1235 3156 1355 3227 ejus
1400 3157 1558 3212 Matri
1608 3157 2027 3227 consecrata(e

451 3245 648 3301 Zonar.
686 3255 816 3302 tom.
877 3261 934 3302 tu
973 3247 1246 3319 Χρονικ.),
1288 3250 1528 3305 surrexit
1572 3249 1630 3305 in
1677 3248 1911 3305 Thracia
1935 3249 2026 3305 illa

453 3333 599 3402 regia
630 3335 784 3403 urbs,
812 3343 867 3390 et
893 3335 1045 3391 orbis
1073 3335 1426 3401 dominatrix,
1453 3344 1614 3406 atque
1642 3352 1779 3391 nova
1815 3337 2022 3405 Roma;

451 3438 501 3477 c.
535 3422 1134 3494 Constantinopolitanw
1170 3424 1276 3488 29.,
1309 3425 1437 3480 dist.
1471 3426 1604 3480 urbs
1631 3428 2022 3494 sacratissima,

449 3521 506 3568 et
548 3511 974 3581 augustissima;
1009 3511 1044 3566 Ι.
1072 3528 1191 3565 cum
1221 3509 1582 3577 Narrare/tum,
1608 3513 1742 3568 Cod.
1765 3515 1830 3570 de
1857 3513 2026 3569 Navi-

451 3601 648 3666 calata,
678 3601 752 3656 lib
783 3617 843 3669 ιι,
866 3611 1127 3658 exornata
1155 3602 1397 3659 aediliciis
1424 3603 1797 3674 amplissimis,
1825 3615 1880 3660 et
1907 3621 2024 3661 mo-

453 3690 754 3760 numentis;
805 3691 1223 3763 amphitheatro,
1253 3701 1451 3764 portu,
1504 3694 1701 3760 muris,
1760 3695 2021 3762 basilicis,

451 3784 826 3846 bibliothecis.
884 3785 1116 3852 horreis,
1163 3795 1218 3842 et
1277 3786 1543 3854 ecclesiis,
1591 3788 2021 3860 aquaeductibus,

453 3877 768 3944 porticibus.
803 3878 1064 3945 thermis,
1113 3879 1341 3945 balneis,
1376 3881 1604 3950 aliisque
1642 3882 1901 3951 Operibus
1925 3897 2024 3951 pu-

451 3968 606 4024 blicis
653 3979 817 4040 atque
841 3971 1064 4039 privatis
1104 3971 1208 4026 luit
1251 3984 1357 4026 tant
1389 3990 1417 4025 a
1451 3972 1732 4029 conditore
1757 3972 2023 4029 Constan-

453 4058 588 4122 tino,
623 4073 784 4127 quam
840 4061 909 4113 ab
953 4059 1075 4115 aliis
1124 4061 1245 4130 ejus
1297 4061 1729 4126 successoribus,
1775 4062 2023 4132 plurimis

452 4151 679 4218 insuper
727 4149 927 4204 donata
962 4159 1017 4204 et
1053 4150 1220 4204 ditata
1272 4151 1589 4222 privilegiis.
1625 4150 1758 4205 Nam
1811 4153 2022 4222 imperii

452 4241 633 4298 sedem
669 4241 945 4296 transtulit
978 4241 1029 4296 in
1086 4257 1207 4295 eam
1248 4241 1664 4309 Constantinus,
1694 4251 1750 4297 ct
1781 4242 1928 4298 cives
1958 4259 2022 4297 ex

451 4333 673 4402 antiqua
742 4332 936 4400 Roma,
1000 4333 1402 4403 illustravitque
1461 4335 1636 4402 ipsam
1699 4344 1925 4393 senatu.
1972 4345 2026 4389 et

451 4423 798 4480 senatoribus
847 4424 971 4479 inde
1012 4425 1161 4480 illum
1212 4426 1522 4479 consecutis
1572 4426 1715 4480 aedes
1748 4427 2021 4494 excitavit,

451 4509 555 4566 sibi
591 4525 720 4565 vero
757 4509 1042 4579 palatium,
1075 4527 1107 4566 e
1155 4510 1419 4576 Libanio,
1474 4510 1801 4580 Sozomeno,
1845 4524 1899 4568 et
1928 4527 2025 4570 au-

449 4615 602 4660 ctore
645 4603 905 4684 Cbrpnjm
957 4604 1328 4672 Alexandrini,
1361 4621 1425 4662 ac
1481 4605 1718 4673 Zosimo,
1757 4608 1850 4663 lib.
1883 4624 1943 4674 ιι,
1972 4617 2028 4663 et

448 4695 519 4749 ad
573 4694 1026 4767 frequentandum
1087 4705 1335 4752 senatum
1396 4698 1588 4755 vicinis
1634 4715 1665 4754 e
1699 4699 2026 4757 dimcesibus

451 4797 732 4844 senatores
765 4790 1064 4860 compulit,
1110 4799 1165 4846 et
1205 4790 1397 4855 illexit,
1436 4792 1511 4846 uti
1557 4794 1752 4848 deinde
1787 4793 2024 4849 Valenti-

452 4880 671 4947 nianus,
724 4880 1092 4956 Tlthdpsius,
1137 4893 1192 4939 et
1217 4884 1518 4950 Arcadius,
1573 4901 1604 4940 e
1656 4885 2024 4957 Macedonica,

453 4972 490 5028 l.
527 4989 610 5039 tn,
639 4974 703 5031 C.
735 4973 1012 5042 Theodos.
1059 4977 1136 5033 De
1178 4979 1461 5034 senatorib.
1512 4977 1839 5049 Episcopum
1884 4979 2027 5035 Con-

2127 2600 2191 2654 C.
2243 2599 2444 2654 illomet
2505 2599 2576 2654 De
2619 2600 2789 2670 feriis.
2849 2599 3204 2656 Constantius
3252 2601 3315 2656 Α.
3356 2601 3696 2656 Constantini

2131 2689 2276 2744 Illius
2299 2691 2567 2756 instituit,
2603 2691 3040 2761 studueruntque
3072 2686 3457 2762 certatim,qui
3497 2693 3696 2746 reside-

2127 2781 2258 2836 bant
2286 2781 2394 2836 illie
2425 2783 2798 2852 imperatores,
2828 2797 2947 2838 eam
2982 2782 3169 2838 Roma
3196 2785 3363 2838 veteri
3383 2799 3691 2853 sxa-quare.

2126 2869 2280 2927 Nilus
2343 2873 2453 2929 illic
2506 2883 2665 2929 natus
2721 2885 2805 2929 est
2854 2877 2952 2946 (uti
3008 2873 3380 2943 Nicephorus,
3443 2875 3533 2929 lib.
3581 2889 3692 2938 ιιν,

2127 2963 2322 3032 cap.”
2356 2962 2743 3020 Ecclesiasticw
2763 2966 3003 3020 historia:
3031 2964 3231 3036 prodit)
3267 2965 3435 3018 nobili
3465 2980 3692 3034 genere;

2128 3071 2254 3109 nam
2289 3065 2509 3126 propter
2528 3056 2799 3126 egregiam
2838 3057 3175 3111 nobilitatem
3213 3059 3428 3129 generis
3455 3059 3520 3112 ad
3554 3074 3695 3127 pra:-

2128 3149 2390 3204 fecturam
2443 3157 2664 3204 evectus
2722 3150 2823 3205 fuit
2861 3151 3014 3205 urbis
3080 3151 3699 3221 Constantinopolitanze

2126 3239 2318 3308 patriae
2343 3253 2488 3305 suae;
2535 3238 2774 3309 potentia
2807 3254 3027 3310 quoque
3079 3254 3143 3294 ac
3183 3240 3380 3309 Opibus
3423 3240 3695 3304 allluehat,

2125 3340 2181 3386 et
2206 3331 2456 3387 fortassis
2483 3330 2602 3402 ejus
2626 3340 2878 3403 parentes
2905 3331 3122 3385 oriundi
3154 3342 3310 3387 erant
3339 3348 3404 3386 ex
3441 3330 3696 3402 Egypto,

2125 3421 2358 3494 indeque
2381 3423 2679 3494 migrarant
2707 3422 3254 3492 Constantinopolim,
3284 3433 3337 3478 et
3364 3421 3691 3477 senatoriam

2123 3513 2286 3586 642
2304 3514 2481 3585 adepti
2509 3515 2847 3585 dignitatem,
2879 3514 2950 3567 ibi
2982 3514 3182 3583 prolem
3209 3513 3372 3568 istam
3401 3520 3701 3582 genuerunt

2124 3623 2248 3679 quae
2273 3607 2375 3662 Nili
2397 3607 2615 3662 nomine
2642 3606 2762 3661 ideo
2789 3605 2889 3661 fuit
2931 3607 3207 3678 insignita.
3239 3603 3392 3661 Nilus
3419 3615 3562 3660 certe
3595 3620 3696 3658 no-

2126 3711 2257 3766 ster,
2293 3702 2366 3756 uti
2421 3709 2644 3755 sanctus
2697 3699 3029 3754 Athanasius
3071 3700 3123 3753 in
3161 3699 3456 3770 Ὠρολογξῳ
3481 3698 3702 3753 Gereo-

2125 3805 2285 3854 rum,
2345 3789 2524 3860 Νείλῳ
2587 3787 2906 3859 χρυσοῤῥόῳ
2967 3787 3269 3857 comparari
3339 3797 3561 3857 potest:
3599 3784 3704 3839 fuit

2123 3881 2343 3952 quidem
2376 3878 2529 3935 Nilus
2571 3880 2858 3934 ﬂuviorum
2901 3880 3053 3934 orbis
3086 3886 3354 3932 terrarum
3406 3877 3699 3931 maximus.

2125 3977 2171 4031 si
2196 3976 2469 4032 credimus
2495 3975 2557 4030 Α.
2591 3974 2786 4040 Gellio,
2823 3975 2861 4028 l.
2896 3991 2930 4029 ι
2963 3973 3121 4028 Nacr.
3171 3975 3334 4029 Aufr.
3361 3991 3411 4028 e.
3446 3975 3497 4038 7,
3533 3983 3584 4027 et
3614 3992 3704 4027 ee-

2126 4065 2481 4130 leberrimus,
2531 4079 2692 4135 quem
2737 4063 2913 4119 Graeci
2965 4064 3166 4119 dictum
3217 4077 3409 4134 putant
3454 4064 3561 4116 ἀπὸ
3603 4066 3704 4132 τῆς

2123 4157 2250 4220 νέας
2295 4155 2461 4220 ἰλύος,
2504 4156 2555 4210 id
2603 4165 2707 4219 est,
2740 4173 2771 4210 a
2816 4172 2948 4210 novo
2996 4156 3179 4222 limo;
3213 4172 3338 4210 nam
3380 4155 3550 4210 eﬂuse
3584 4165 3702 4208 sta-

2126 4266 2320 4321 gnans,
2369 4265 2434 4305 ac
2477 4249 2752 4304 inundans
2809 4250 3101 4320 quotannis
3148 4250 3338 4320 irrigat
3381 4247 3700 4317 Egyptum,

2123 4338 2352 4410 ejusque
2408 4355 2572 4409 super
2603 4348 2720 4393 sata
2765 4355 2964 4394 novum
3013 4340 3224 4395 inducit
3273 4340 3500 4403 limum;
3538 4351 3704 4408 utque

2127 4431 2279 4486 canit
2305 4430 2583 4502 Virgilius;
2615 4429 2650 4483 4
2676 4429 2916 4501 Georgio.

2262 4521 2330 4576 Et
2361 4523 2575 4577 viridem
2600 4519 2889 4592 Afgyptum
2915 4523 3064 4591 nigra
3096 4523 3343 4590 fecundat
3375 4539 3556 4577 arena.

2126 4614 2286 4671 Certe
2320 4615 2572 4668 ΝΕΙΛΟΣ
2595 4629 2686 4669 sex
2726 4614 2919 4668 litteris
2945 4622 3160 4669 constat
3182 4630 3197 4680 ;
3219 4611 3263 4666 N
3295 4613 3566 4684 signiﬁcat
3598 4630 3701 4668 nuo

2130 4722 2339 4761 merum
2358 4705 2911 4777 quinquagenarium;
2941 4704 3000 4770 E,
3024 4706 3274 4775 quintum
3298 4723 3312 4772 ;
3340 4706 3378 4770 Ι,
3401 4707 3698 4772 decimum;

2127 4795 2192 4862 Δ,
2242 4797 2607 4862 tricesimum;
2649 4795 2721 4862 0,
2751 4796 3245 4866 septuagesimum;
3298 4797 3358 4860 Σ,
3395 4799 3704 4851 ducentesi-

2129 4905 2311 4957 mum;
2359 4889 2764 4959 conficiuntque
2809 4889 2897 4943 illa
2928 4889 3198 4944 elementa
3236 4902 3521 4943 numerum
3577 4888 3702 4953 365,

2128 4989 2261 5049 quot
2305 4978 2562 5033 nimirum
2617 4977 2767 5032 luces
2808 4977 2968 5031 habet
3015 4989 3193 5030 annus
3236 4974 3542 5038 absolutus,
3580 4987 3629 5028 e.
3666 4989 3700 5027 ιι

453 5066 997 5138 stantinopolitanum
1023 5070 1392 5141 praerogativis
1429 5078 1648 5125 auctum
1677 5085 1838 5124 nemo
1868 5071 2026 5140 igno-
2057 5087 2102 5143 ι)
2129 5071 2378 5131 Genesis.
2406 5086 2459 5126 ν.
2487 5070 2573 5136 l3,
2601 5078 2655 5124 et
2683 5067 3067 5134 Ecclesiastici,
3100 5083 3151 5124 c.
3177 5083 3324 5134 xxrv,
3355 5083 3407 5122 v.
3430 5067 3500 5123 55
3527 5077 3583 5122 et
3611 5066 3700 5121 37.

452 5167 539 5215 rat
571 5160 610 5215 ι.
639 5177 762 5226 ιιν,
789 5163 850 5218 C.
884 5163 987 5220 eod
1031 5163 1104 5218 De
1139 5164 1392 5233 episcop.,
1425 5163 1568 5221 sicut
1600 5163 1720 5218 urbi
1773 5162 2030 5234 frequen-

454 5251 651 5317 tandae,
693 5251 924 5318 civibus,
969 5251 1064 5322 qui
1106 5251 1298 5307 domos
1329 5251 1590 5306 haberent
1637 5250 2028 5316 immunitates,

454 5357 1100 5414 annonaequeeoucesste
1123 5353 1268 5397 sunt.
1293 5342 1539 5412 Denique
1565 5340 1878 5412 pra:l‘eetutn
1907 5342 2026 5397 urbi

455 5453 600 5491 anno
629 5436 694 5491 C.
730 5436 794 5490 Νι
823 5436 926 5505 359
967 5436 1115 5506 (nam
1159 5438 1291 5492 urbs
1342 5435 1842 5507 Constantinopolis
1891 5451 2021 5491 con-

459 5528 594 5582 strui
626 5527 794 5597 cmpit
827 5527 916 5584 die
939 5527 1010 5583 26
1033 5526 1352 5583 Novembris
1391 5542 1538 5583 anno
1558 5528 1683 5585 328.
1719 5527 2028 5587 Cedrenus-

459 5629 564 5683 que
619 5616 670 5670 id
719 5617 934 5681 asserit,
990 5628 1041 5672 et
1077 5617 1326 5675 Julianus
1381 5620 1494 5693 ipse
1534 5620 1670 5692 Aug.
1723 5629 1775 5676 at
1822 5621 1908 5675 die
1965 5620 2022 5675 ll

2129 5162 2308 5218 Nilum
2341 5161 2490 5217 Geon
2521 5170 2896 5232 nuncupatum
2919 5169 3162 5227 censent,
3195 5175 3292 5216 seu
3314 5159 3501 5216 Gebon
3530 5160 3701 5214 sancti

2130 5254 2485 5325 Epiphanius,
2534 5252 2920 5326 Hieronymus,
2960 5253 3300 5318 Ambrosius,
3342 5251 3698 5323 Augustinus,

2135 5347 2532 5411 Theodoretus,
2563 5344 2888 5408 Eucherius,
2929 5344 3192 5406 Isidorus,
3232 5343 3474 5400 Joannes
3511 5341 3702 5396 Dama-

2135 5455 2350 5504 scenus,
2386 5438 2665 5506 Rabanus,
2699 5437 2992 5508 Bupertus,
3022 5447 3076 5491 et
3104 5437 3217 5501 alii,
3246 5450 3385 5508 quos
3432 5436 3620 5500 citant,
3648 5442 3699 5487 et

2131 5539 2434 5602 sequuntur
2478 5531 2972 5595 Conimbricenses,
3027 5539 3186 5586 tract.
3241 5531 3274 5584 9
3335 5530 3385 5584 in
3447 5527 3694 5591 Meteon,

2131 5638 2179 5678 ς.
2217 5623 2313 5689 t0;
2354 5621 2553 5680 Ribera
2580 5625 2632 5676 in
2668 5623 2848 5688 Amas,
2885 5640 2934 5679 c.
2965 5639 3040 5690 vr,
3073 5635 3220 5680 netu.
3255 5621 3361 5688 ﬂ;
3407 5618 3691 5682 cardinalis
