3998 6116
303 335 436 399 1369

1599 311 1695 376 DE
1733 311 1906 373 Vl'l‘A
1947 311 2008 372 S.
2047 309 2234 372 NlLl.

3427 290 3564 354 1370

303 443 614 500 lit-llurmin.
666 441 738 495 De
779 439 953 510 gratia
986 432 1142 503 primi
1195 431 1442 495 hominis,
1491 443 1609 497 cap.
1644 427 1880 495 l‘2,~pro«
1911 437 1956 490 Α
1984 423 2382 478 Garmathours
2463 425 2514 470 et
2572 408 2940 466 Thermutidis
2997 403 3362 478 synonymis).
3407 404 3564 470 Quod

302 542 366 592 l'e.
389 549 442 591 to
481 533 835 605 Septuaginta
882 531 934 582 in
969 542 1017 581 c.
1055 541 1115 588 ll,
1151 539 1202 577 v.
1234 524 1324 587 18,
1369 521 1619 577 Jeremim
1652 525 1875 572 vertunt

306 633 457 685 (icon
513 627 725 689 Nilum,
771 622 861 676 tibi
914 619 1130 688 vulgata
1161 615 1360 678 versio,
1401 613 1621 681 ﬂumen.
1669 609 1880 662 Etenim

305 721 492 775 Gchon
521 715 816 774 secundum
857 726 921 766 ex
951 717 1187 780 quatuor
1214 704 1534 759 ﬂuminibus
1571 716 1602 754 e
1633 699 1886 768 paradiso

311 810 557 866 terrestri
619 803 1072 876 promanantibns
1124 795 1388 852 Hebraice
1441 790 1704 848 scribitur
1746 782 1888 876 pro;

311 916 454 987 quod
490 912 766 983 Pagninus
791 924 857 962 ex
888 907 1262 962 eharacterum
1292 900 1680 955 Hebraicorum
1712 895 1764 948 vi
1792 909 1889 947 ex-

314 979 497 1072 primit
528 979 722 1054 Latine
760 993 996 1050 Giticlton
1019 1032 1036 1058 ,
1068 990 1298 1045 Genesis
1339 987 1459 1041 loco
1495 983 1756 1038 laudato:
1797 979 1892 1034 de-

315 1071 531 1149 ducitur
581 1098 765 1144 autem
835 1085 906 1140 ab
953 1082 1221 1139 Hebraica
1270 1078 1454 1134 radice
1512 1085 1606 1159 ΠΗ
1666 1071 1890 1143 gavach,

319 1198 464 1267 quod
517 1204 602 1250 est
634 1205 943 1260 erumpere,
976 1195 1030 1242 et
1062 1203 1186 1242 cum
1235 1185 1436 1254 impetu
1467 1192 1743 1235 emanare.
1791 1174 1895 1228 Alii

322 1289 595 1343 deducunt
827 1279 1089 1344 Gachuir,
1151 1275 1298 1348 quod
1377 1271 1648 1344 signiﬂcat
1713 1275 1895 1323 aetum

324 1391 592 1463 reptilium
625 1385 986 1460 gradientium
1033 1395 1200 1452 super
1256 1387 1470 1449 peetus,
1517 1391 1584 1431 ae
1623 1382 1894 1432 ventrem.

325 1462 494 1554 seque
542 1479 877 1535 trahentium
935 1475 990 1530 in
1048 1470 1459 1528 similitudinem
1511 1465 1680 1521 ﬂuvii.
1706 1462 1902 1531 .Quare

328 1565 572 1630 nonnulli
605 1572 1032 1640 interpretantur
1053 1565 1242 1621 Gehon
1269 1569 1468 1632 pectus,
1501 1573 1600 1614 seu
1620 1563 1899 1618 ventrem;

327 1665 500 1722 Graeci
553 1663 852 1732 scriptores
878 1658 1040 1726 γεῶν,
1068 1670 1181 1710 non
1222 1653 1369 1724 quod
1411 1649 1657 1705 alludant
1687 1646 1754 1700 ad
1778 1644 1902 1714 γῆν,

331 1773 428 1812 seu
474 1757 655 1825 γαῖαν,
703 1750 913 1807 scilicet
969 1757 1204 1808 terram,
1249 1741 1392 1812 quod
1443 1735 1617 1795 Graeci
1656 1741 1908 1806 poterant

330 1847 566 1920 opinari,
612 1851 836 1917 propter
864 1841 1079 1902 limum,
1125 1847 1183 1892 et
1236 1834 1304 1890 ad
1351 1845 1541 1888 vocem
1585 1825 1906 1882 Hebraicam

331 1937 775 2010 exprimendam,
824 1933 967 1989 sicut
995 1929 1160 1986 etiam
1198 1925 1330 1982 facit
1369 1923 1592 1978 Latinus
1616 1920 1910 1988 interpres,

340 2007 434 2104 qui
489 2045 596 2087 non
655 2027 780 2099 legit
841 2018 979 2112 ﬁat;
1033 2034 1156 2077 cum
1214 2015 1387 2074 vocali
1435 2013 1455 2068 ἰ
1511 2013 1708 2080 longa,
1763 2007 1913 2064 scili-

336 2147 420 2194 cet
489 2136 653 2192 chiric
718 2105 876 2204 gadol
937 2129 996 2184 in
1065 2124 1243 2198 prima
1313 2121 1537 2197 littera,
1603 2114 1699 2170 sed
1776 2105 1917 2200 pro;

339 2260 460 2298 cum
502 2239 675 2296 vocali
718 2247 871 2300 tsere,
918 2249 1016 2290 seu
1060 2248 1087 2287 e
1125 2231 1308 2300 longa,
1342 2227 1397 2281 in
1437 2238 1547 2294 quo
1575 2231 1682 2276 tam
1715 2215 1913 2276 Graeci,

342 2351 504 2407 quam
548 2331 727 2387 Latini
769 2328 1114 2394 distinguunt
1167 2322 1366 2376 ﬂumen
1409 2319 1516 2372 hoc
1559 2324 1813 2382 magnum
1851 2308 1918 2361 ab

341 2429 452 2483 alio
493 2425 715 2481 ﬂumine
743 2435 913 2493 parvo
937 2419 1094 2489 juxta
1134 2411 1460 2472 Jerusalem,
1491 2406 1636 2478 quod
1678 2407 1750 2458 ita
1786 2402 1913 2458 scri-

347 2521 494 2575 bitur
537 2532 568 2570 a
602 2511 876 2570 modernis
907 2505 1171 2562 Rabbiuis
1367 2497 1622 2556 Ghichon.
1653 2495 1740 2550 Fit
1769 2507 1922 2548 mett-

347 2625 421 2679 tio
465 2621 611 2676 illius
651 2619 689 2675 Ι.
729 2618 797 2672 lll
852 2614 1085 2683 Regum,
1135 2624 1187 2665 c.
1223 2625 1270 2672 ι,
1325 2623 1378 2660 v.
1422 2606 1526 2669 55,
1563 2602 1651 2655 ubi
1699 2597 1926 2653 Latinus

349 2716 621 2784 interpres
668 2707 902 2780 appellat
945 2703 1078 2758 illud
1127 2699 1321 2762 Gihan,
1372 2706 1425 2752 et
1464 2692 1640 2750 ϐιωρί
1674 2688 1925 2746 similiter

349 2804 538 2869 Γειὼν,
569 2801 663 2872 qui
695 2799 892 2853 ﬂuvius
917 2794 1026 2849 alio
1050 2791 1274 2846 nomine
1301 2796 1529 2872 vocatur
1560 2781 1744 2845 Siloe;
1777 2776 1922 2833 unde

351 2863 639 2951 Chaldaeus
686 2892 956 2959 interpres
1011 2885 1176 2940 habet
1515 2873 1767 2937 Sciloha;
1828 2883 1928 2924 cu—

352 3005 442 3071 jus
481 3008 661 3055 exstat
695 2973 899 3052 mentio
946 2993 1088 3065 apud
1122 2989 1410 3050 Joannem,
1445 2996 1496 3037 c.
1539 2995 1627 3043 ts,
1669 2994 1723 3032 v.
1754 2975 1810 3039 7,
1838 2971 1930 3026 ubi

356 3069 518 3148 etiam
585 3091 969 3158 interpretatur
1021 3083 1235 3138 missus.
1287 3073 1540 3131 Flumina
1589 3069 1735 3126 enim
1787 3077 1933 3132 sape

360 3186 561 3241 habent
591 3181 747 3252 plura
801 3178 1048 3240 nomina,
1078 3171 1242 3229 veluti
1292 3181 1444 3224 mare
1487 3162 1756 3223 Rubrum,
1785 3172 1857 3227 qu

363 3273 624 3329 llebraice
672 3269 865 3325 dicitur
904 3277 1006 3354 vro
1038 3273 1104 3348 ωε
1163 3261 1292 3316 lam
1349 3255 1518 3324 Suph,
1562 3252 1613 3307 id
1666 3257 1751 3305 est
1782 3260 1936 3302 mare

363 3378 571 3432 Curieis
621 3393 647 3428 a
709 3351 1060 3428 multitudine
1115 3367 1392 3427 carieum,
1441 3367 1497 3416 et
1549 3356 1733 3413 Graece
1779 3351 1938 3423 Ἐρυ-

366 3469 577 3538 Θραίον,
617 3463 992 3533 Erythrteum,
1053 3457 1136 3512 vel
1190 3476 1221 3509 a
1271 3468 1397 3523 rege
1444 3448 1709 3520 Erythra,
1751 3442 1834 3496 vel
1871 3439 1940 3493 ab

369 3529 551 3614 art-nis
582 3529 781 3608 rubris.
807 3553 873 3603 Et
907 3551 1008 3602 hoc
1053 3547 1232 3615 ipsum
1261 3543 1486 3605 Gehon,
1520 3538 1588 3592 de
1613 3551 1725 3606 quo
1763 3529 1942 3602 loqui-

372 3659 515 3710 mur,
548 3640 748 3695 ﬂumen
779 3633 1013 3706 paradisi
1045 3647 1073 3684 a
1105 3629 1314 3692 multis,
1361 3623 1815 3697 gravissimisque
1841 3633 1943 3672 au-

373 3736 612 3792 ctoribus
635 3729 797 3786 etiam
834 3726 987 3780 Nilus
1010 3722 1329 3792 appellatur,
1353 3718 1438 3773 vel
1467 3732 1497 3770 a
1529 3728 1657 3786 rege
1689 3711 1832 3776 Nilo,
1860 3709 1945 3764 vel

373 3826 518 3897 quod
549 3821 772 3878 assidue
801 3829 984 3872 secum
1011 3815 1188 3869 trahat
1219 3808 1384 3880 653
1417 3807 1548 3860 νέαν
1577 3803 1712 3869 ἰλὺν,
1754 3801 1809 3855 id
1841 3806 1945 3863 est,

379 3893 562 3973 norum
596 3916 801 3974 limum,
842 3907 920 3962 uti
955 3904 1214 3974 praefatus
1236 3917 1358 3956 sum
1389 3917 1403 3954 :
1438 3897 1534 3953 sed
1563 3896 1631 3952 de
1661 3896 1764 3949 hoc
1788 3893 1950 3946 modo

381 4022 488 4060 non
536 4005 777 4070 disputat
829 3995 890 4048 Β.
921 3996 982 4050 P.
1031 3990 1340 4048 Ludovicus
1383 3985 1686 4040 Maraccins
1742 3981 1952 4034 Lucen-

381 4098 457 4152 sis
499 4110 530 4150 e
571 4090 989 4160 congregatione
1033 4085 1356 4142 clericorum
1405 4076 1732 4149 regularium
1770 4069 1955 4127 Matris

385 4187 499 4251 Dei,
539 4200 568 4238 a
607 4199 716 4252 quo
750 4182 865 4239 haec
898 4178 1076 4242 hausi,
1107 4175 1190 4230 vir
1227 4169 1595 4241 complurium
1647 4165 1954 4234 linguarum

385 4251 766 4346 peritissimus,
802 4280 858 4326 et
886 4284 1010 4323 vere
1041 4266 1164 4337 pius
1223 4279 1287 4317 ac
1320 4259 1632 4330 religiosus.
1661 4256 1726 4308 Et
1749 4254 1816 4308 de
1841 4251 1960 4306 Nilo

385 4343 519 4423 satis
567 4375 839 4433 superque
886 4357 990 4412 Leo
1027 4353 1259 4409 Allatius
1293 4351 1346 4405 in
1382 4364 1480 4404 sua
1536 4343 1796 4412 Diatriba,
1838 4353 1962 4410 rege

387 4469 602 4524 nempe,
645 4468 676 4506 a
715 4466 825 4522 quo
859 4448 1037 4502 Nilum
1071 4444 1292 4498 ﬂuvium
1329 4439 1566 4494 traxisse
1599 4435 1714 4490 vult
1737 4444 1959 4493 nomen,
1997 4474 2037 4527 Β

388 4566 550 4622 quem
583 4549 880 4609 Oceanum,
925 4541 1197 4611 Aquilam,
1245 4536 1460 4599 Melam,
1501 4531 1815 4601 Egyptum,
1844 4523 1966 4578 Tri-

393 4615 598 4706 tonem,
628 4640 956 4706 tandemque
1004 4632 1184 4686 Nilum
1224 4643 1254 4683 e
1287 4626 1580 4682 Plutarcho
1623 4622 1678 4676 in
1723 4619 1862 4674 libro
1891 4615 1968 4668 De

393 4735 702 4807 ﬂuntinibus
728 4729 912 4793 tradit,
943 4724 1305 4796 appellatum;
1335 4727 1389 4773 et
1414 4733 1476 4772 ex
1506 4711 1778 4769 Eustatbii
1800 4709 1958 4764 Scho-

396 4801 484 4886 liis
519 4830 571 4882 itt
604 4822 844 4892 Dionysii
868 4820 982 4874 Afri
1014 4817 1368 4886 Περιήγησιν,
1390 4812 1482 4866 sed
1503 4807 1647 4878 quod
1676 4818 1800 4859 eum
1831 4801 1969 4856 Gar-

397 4916 683 4972 tuathones
717 4887 935 4978 [Egypti
970 4903 1170 4972 regina:
1201 4900 1399 4962 virum,
1433 4896 1549 4952 sive
1593 4892 1762 4946 lilium
1794 4887 1968 4950 aiunt,

397 5013 730 5063 :tSserettlcttl
782 5000 931 5052 illum
968 4995 1138 5050 fuisse
1177 4986 1548 5045 Thermutidis
1582 4985 1702 5039 ﬂlire
1729 4981 1972 5035 Pharao-

402 5095 486 5147 nis
515 5089 657 5158 regis
710 5083 930 5154 Egypti
969 5081 1179 5144 virum;
1225 5078 1305 5133 sic
1334 5073 1534 5130 etenim
1573 5077 1772 5125 vocant
1810 5067 1972 5120 tiliam

405 5182 545 5251 regis
564 5157 835 5246 Jrosephus
865 5176 917 5227 in
939 5163 1648 5240 Antiquitatibusludaic.et
1665 5160 1722 5216 S.
1744 5157 1977 5227 Epipha-

410 5247 529 5327 nius
559 5272 750 5326 haeres.
778 5267 864 5322 78.
903 5261 1349 5334 apudSaliauum
1379 5257 1434 5310 in
1469 5252 1718 5308 Anna/ib.
1751 5250 1820 5304 ab
1844 5247 1978 5302 orbe

398 5363 623 5421 condito
653 5362 720 5416 ad
767 5373 972 5414 annum
1008 5353 1199 5409 mundi
1249 5349 1410 5412 2464,
1443 5361 1498 5400 n.
1533 5345 1626 5408 l4;
1669 5355 1833 5412 quam
1863 5339 1976 5403 alii,

404 5471 603 5526 nempe
652 5451 919 5508 Eusebius
976 5449 1072 5502 lib.
1119 5463 1171 5501 ιχ
1225 5443 1302 5497 De
1342 5445 1628 5510 praeparat.
1657 5431 1972 5502 evaitgelica,

406 5523 550 5620 cap;
587 5548 641 5610 4,
702 5544 939 5605 Merrin,
999 5551 1053 5596 et
1103 5545 1294 5593 auctor
1337 5530 1578 5588 chronici
1628 5523 1980 5583 Alexandrini

417 5619 646 5695 Met'rhttt
706 5637 1018 5708 appellant;
1077 5639 1194 5686 erat
1221 5636 1402 5683 autem
1443 5622 1676 5687 sterilis,
1727 5619 1867 5674 sicut
1917 5619 1984 5671 le-

413 5736 554 5805 gitur
621 5731 837 5785 ihilcm.
903 5727 1123 5792 (Sumit
1184 5726 1322 5778 hanc
1385 5731 1558 5775 meam
1628 5713 1979 5771 assertionem

1984 529 2112 567 vero
2167 511 2386 582 quidam
2432 505 2675 561 scribant
2723 499 2941 564 Gchon,
2999 497 3165 565 aliqui
3227 495 3414 557 Cillan,
3475 496 3565 549 alii

1988 605 2241 662 (illiciton,
2290 597 2534 652 nonnulli
2579 596 2766 656 aliter;
2812 591 2936 644 inde
2966 587 3406 658 provenit,.quod
3437 586 3566 639 cha-

1990 706 2224 750 racteres
2273 689 2568 744 llebraicos
2627 700 2732 738 non
2792 696 2984 736 omnes
3048 679 3238 733 iisdem
3290 678 3572 730 characte-

1991 787 2142 840 ribus
2196 781 2405 836 Latinis
2450 777 2776 847 exprimant,
2823 781 2875 825 et
2916 769 3077 824 etiam
3127 766 3270 837 quod
3309 781 3416 819 non
3449 780 3571 818 om-

1992 891 2088 932 nes
2119 890 2241 930 cum
2273 872 2462 927 iisdem
2493 866 2708 938 punctis
2734 864 2937 932 legant,
2973 860 3023 914 id
3048 860 3193 928 quod
3222 859 3274 910 in
3301 856 3572 926 plerisque

1993 968 2112 1022 aliis
2150 962 2429 1018 llebraicis
2449 957 2785 1018 nominibus,
2819 967 2940 1020 qua:
2992 949 3199 1003 Latinis
3246 945 3571 1002 characteri-

1996 1057 2097 1109 lms
2131 1064 2389 1121 expressa
2438 1053 2586 1109 sunt,
2646 1042 2893 1096 videmus
2942 1037 3274 1105 contingere.
3309 1032 3417 1087 Nec
3467 1031 3574 1084 ullo

1999 1145 2160 1200 modo
2222 1141 2330 1197 dici
2384 1145 2561 1208 potest
2615 1133 2794 1188 Gelton
2841 1128 3104 1183 Hebraice
3159 1124 3344 1179 Nilum
3392 1123 3580 1176 (ἔντερα

1999 1235 2354 1298 reddendum,
2395 1246 2521 1286 cum
2559 1238 2687 1284 sunt
2745 1226 2859 1278 haec
2913 1222 3021 1275 duo
3079 1219 3301 1274 nomina
3351 1215 3581 1269 diversa:

2000 1327 2227 1384 omnino
2253 1320 2696 1394 signiﬁcationis,
2735 1317 2862 1372 licet
2900 1312 3239 1385 applicentur
3270 1304 3446 1360 eidem
3474 1302 3581 1357 ﬂu-

2003 1417 2156 1481 mini,
2187 1424 2248 1470 ut
2271 1393 2384 1484 jam
2415 1411 2620 1466 dictum
2666 1417 2786 1474 est;
2815 1407 2993 1461 ethoc
3041 1399 3238 1457 accidit
3265 1397 3320 1452 in
3364 1393 3579 1455 Albula,

2002 1516 2057 1563 et
2091 1504 2294 1569 Tiberi,
2319 1505 2373 1558 in
2407 1501 2666 1562 Eridano,
2688 1508 2744 1554 et
2767 1497 2935 1560 Pado,
2959 1503 3013 1550 et
3042 1489 3277 1548 caeteris.
3316 1489 3392 1542 lta
3419 1485 3582 1538 etiam

2006 1600 2254 1655 homines
2298 1610 2441 1665 saepe
2472 1598 2877 1662 nuncupantur,
2918 1585 3132 1642 duobus
3160 1578 3494 1639 nominibus,
3525 1581 3587 1627 ttt

2010 1690 2171 1746 Israel
2201 1697 2255 1744 et
2279 1685 2470 1748 Jacoh,
2501 1682 2691 1738 Simon
2732 1688 2788 1736 et
2822 1678 3040 1740 Petrus,
3075 1684 3128 1729 et
3174 1671 3388 1740 reliqui,
3417 1680 3472 1722 et
3501 1675 3585 1719 ta-

1939 1799 1980 1854 B
2011 1799 2133 1839 men
2164 1779 2379 1836 nonnisi
2420 1778 2604 1847 inepte
2634 1774 2941 1829 diceremus
2979 1782 3151 1822 unum
3177 1779 3376 1819 nomen
3415 1762 3583 1814 inter-

2012 1872 2210 1946 pretari
2258 1871 2511 1932 alterum,
2548 1867 2692 1922 sicut
2735 1862 2938 1932 Ioseph
2987 1869 3070 1914 cst
3121 1857 3390 1918 Crescens,
3423 1849 3590 1904 Judaa

2013 1943 2324 2034 Confessio,
2382 1960 2553 2016 Iacob
2600 1955 3023 2026 Supplantator;
3070 1961 3307 2020 quorum
3357 1943 3589 1998 alterum

2017 2031 2213 2106 nomen
2251 2058 2335 2105 est
2367 2044 2746 2116 interpretatio
2785 2043 3032 2097 alterius.
3082 2034 3332 2105 Abyssini
3368 2031 3590 2102 quidem

2017 2149 2212 2196 vocant
2236 2137 2415 2193 Nilum
2437 2135 2604 2190 hodie
2625 2132 2847 2203 Gujiou,
2879 2137 3013 2185 teste
3043 2125 3337 2182 Franciseo
3367 2121 3594 2176 Alvarez

2022 2234 2163 2288 llist.
2204 2228 2546 2297 A’i’thiopicte,
2579 2240 2700 2294 cap.
2733 2221 2870 2289 lii;
2905 2218 3046 2290 apud
3080 2213 3390 2272 Cornelium
3424 2227 3454 2264 a
3487 2210 3595 2263 La-

2023 2325 2144 2396 pide
2185 2322 2240 2376 in
2266 2336 2316 2376 c.
2352 2335 2387 2373 ll
2429 2317 2628 2372 Cenes.
2663 2314 2964 2376 laudatum,
3009 2309 3098 2363 ubi
3147 2303 3438 2375 respondet
3476 2300 3593 2370 plu-

2024 2390 2128 2471 res'
2158 2413 2351 2468 ﬂuvios
2383 2409 2534 2465 Geon
2583 2402 2855 2460 nominari
2883 2402 2976 2455 lib.
3009 2399 3076 2453 [ll
3113 2397 3245 2466 Reg.
3278 2409 3328 2449 c.
3359 2410 3399 2459 ι,
3430 2407 3480 2446 v.
3507 2390 3597 2449 35,

2024 2517 2077 2562 et
2117 2505 2473 2572 Paralipom.,
2505 2515 2676 2564 χχχιι,
2711 2510 2763 2548 v.
2796 2493 2898 2549 '50:
2941 2499 2995 2547 et
3047 2485 3346 2549 concludit,
3389 2480 3598 2552 Tigrim

2024 2609 2079 2654 et
2110 2597 2440 2668 Euphratem
2495 2593 2663 2657 coire,
2710 2602 2772 2643 ac
2809 2599 3002 2641 rursus
3051 2579 3242 2646 dividi,
3279 2585 3332 2632 et
3377 2576 3431 2630 in
3463 2573 3603 2627 duos

2028 2694 2103 2748 ita
2137 2690 2341 2746 divisos
2373 2685 2595 2741 nemina
2633 2681 2969 2743 submutare,
2995 2673 3329 2740 Phasimque
3353 2665 3604 2729 vocitari,

2030 2801 2123 2842 seu
2159 2779 2528 2850 Phasitigrim,
2565 2789 2733 2829 unum
2777 2765 3170 2828 circumeundo
3206 2773 3412 2818 terram
3439 2755 3608 2809 Heri—

2030 2875 2164 2941 lath,
2202 2881 2258 2929 et
2293 2872 2441 2926 hunc
2493 2881 2617 2922 esse
2667 2863 2913 2926 Phison;
2963 2859 3218 2919 alterum,
3265 2850 3605 2905 nominatum

2032 2936 2204 3030 Geon,
2245 2959 2503 3016 Arabiam
2534 2956 2830 3017 desertam,
2860 2950 3003 3004 circa
3037 2958 3204 3014 quam
3237 2950 3290 2994 et
3324 2936 3600 3003 [Ethiopia

2033 3063 2136 3118 est,
2196 3047 2599 3108 circumﬂuere,
2651 3041 2952 3108 ambosque
3000 3037 3055 3090 in
3117 3032 3297 3088 sinttm
3333 3026 3610 3081 Persicum

1863 3113 1932 3209 {id
1960 3132 2002 3187 ο
2036 3113 2236 3205 delabi,
2300 3146 2464 3207 atque
2496 3131 2562 3188 ad
2603 3131 2757 3186 illum
2801 3124 3188 3182 conﬂuentem,
3232 3119 3346 3172 sive
3377 3113 3612 3168 insulam

2038 3233 2286 3289 Teredon
2331 3227 2505 3283 fuisse
2559 3231 2875 3278 terrestrem
2925 3213 3235 3286 paradisum
3283 3223 3314 3262 e
3360 3203 3614 3266 Pererio,

2037 3324 2304 3385 Oleastro,
2334 3314 2645 3387 Eugubino,
2668 3308 2917 3372 Vatablo,
2948 3314 3002 3361 et
3032 3299 3290 3358 Janseuio
3345 3299 3400 3351 iu
3433 3311 3482 3350 c.
3515 3292 3619 3346 M3

2040 3416 2350 3475 Concordia'
2374 3409 2704 3481 evangelicae,
2729 3403 2970 3461 Gerardo
2999 3399 3324 3458 Mercatore,
3358 3409 3422 3448 ac
3448 3392 3623 3446 Abrao

2043 3513 2205 3566 hamo
2233 3505 2441 3562 Ortelio
2463 3501 2542 3556 De
2588 3497 2700 3552 Nili
2733 3494 2991 3564 fontibus,
3029 3501 3075 3546 et
3099 3489 3275 3543 causis
3310 3481 3623 3538 inundatio-

2045 3605 2158 3668 nis;
2200 3601 2428 3664 Seneca,
2477 3594 2576 3649 lib.
2620 3607 2672 3645 tv
2705 3588 2904 3644 Natur.
2951 3591 3138 3656 quaest.
3175 3581 3207 3633 tl
3262 3587 3316 3633 et
3343 3577 3413 3642 '2;
3451 3575 3613 3636 Plin.,

2047 3667 2145 3746 lib.
2185 3707 2236 3756 ν,
2268 3703 2388 3758 cap.
2433 3686 2465 3740 9
2516 3679 2887 3739 Natura/list.
2925 3684 2980 3731 et
3012 3674 3208 3726 librum
3247 3667 3449 3724 Gallice
3494 3678 3626 3718 con-

2049 3780 2268 3853 scripsit
2307 3757 2576 3833 aircbiater
2605 3767 3013 3827 eruditissimus
3047 3763 3109 3819 D.
3143 3759 3232 3816 de'
3252 3761 3299 3813 la
3331 3757 3622 3813 Chamhre.

2050 3839 2258 3928 Nomen
2302 3865 2404 3922 Nili
2453 3863 2590 3918 forte
2621 3858 2721 3913 fuit
2767 3852 3080 3924 impositum
3136 3848 3257 3902 Nilo
3301 3842 3500 3906 abbati,
3545 3839 3628 3893 vel

2053 3960 2254 4018 ominis
2279 3969 2445 4012 causa
2471 3949 2656 4024 644,
2703 3947 2830 4018 quia
2863 3941 3080 4012 eloquio
3124 3953 3224 3994 suo
3266 3936 3630 3990 inundatu'rus

2056 4062 2172 4107 erat
2197 4041 2374 4103 aulam
2400 4038 2831 4113 imperatoriam,
2853 4035 3076 4102 suisque
3102 4027 3324 4084 monitis
3349 4034 3403 4079 et
3429 4037 3631 4093 praece-

2060 4143 2185 4212 ptis,
2222 4143 2576 4209 posteaquam
2625 4128 2693 4182 ab
2735 4140 2800 4180 ea
2842 4121 3084 4184 recessit,
3114 4129 3167 4173 et
3206 4116 3274 4170 ad
3306 4123 3486 4168 castra
3517 4124 3630 4165 cce-

2062 4211 2207 4288 lestis
2231 4225 2395 4295 Regis
2421 4233 2607 4292 regum
2630 4213 2899 4278 transivit,
2925 4211 3096 4281 ipsius
3121 4220 3330 4268 servos,
3358 4211 3412 4256 et
3440 4213 3632 4254 mona-

2062 4325 2213 4388 chos,
2250 4292 2538 4386 ﬂdelesque
2579 4321 2791 4371 omnes,
2827 4314 2882 4360 et
2917 4301 3166 4372 speciosa
3198 4295 3399 4352 deserti
3442 4292 3636 4346 fecun-

2064 4418 2323 4478 daturus,
2382 4417 2437 4463 et
2491 4403 2952 4474 impinguaturus.
3013 4391 3206 4447 Omnia
3245 4390 3298 4442 in
3350 4388 3454 4440 hoc
3504 4380 3638 4435 orbe

2070 4519 2332 4562 terrarum
2367 4472 2648 4556 sublunari
2679 4491 2938 4548 volubilia
2967 4494 3096 4542 sunt
3135 4492 3297 4552 atque
3332 4472 3636 4536 mutabilia,

2069 4599 2211 4650 sicut
2248 4602 2301 4646 et
2332 4591 2457 4643 luna
2489 4586 2684 4650 variat,
2726 4590 2890 4651 atque
2923 4583 3184 4637 mtttatur,
3231 4568 3451 4624 nomina
3503 4577 3639 4632 pra:-

2071 4687 2260 4742 sertim
2287 4681 2596 4752 regionum,
2628 4685 2682 4731 et
2711 4673 3021 4732 ﬂuminum,
3053 4666 3198 4720 sicut
3228 4672 3281 4716 et
3312 4657 3412 4728 ipsi
3479 4655 3637 4712 situs,

2073 4789 2236 4847 atque
2260 4786 2455 4829 cursus
2490 4767 2722 4822 induunt
2750 4776 2920 4817 novas
2962 4758 3159 4812 facies:
3188 4749 3512 4822 quibusdam
3540 4743 3642 4796 ﬂu-

2076 4835 2312 4923 miitibus
2355 4863 2575 4917 nomina
2607 4857 2777 4912 indita
2813 4854 3034 4907 fuerunt
3072 4846 3141 4901 ab
3185 4839 3498 4897 hominibus
3548 4835 3646 4888 de-

2075 4962 2289 5026 mersis,
2313 4967 2406 5013 aut
2436 4957 2504 5012 ab
2551 4955 2657 5008 alio
2695 4965 2845 5012 casu,
2885 4955 2940 4999 ut
2978 4942 3272 4997 indicatum
3332 4934 3471 4987 fuit:
3547 4929 3647 4982 ho-

2077 5054 2251 5108 mines
2282 5050 2384 5121 ipsi
2419 5061 2635 5118 quoque
2664 5059 2695 5098 a
2743 5037 3056 5095 ﬂuminibus
3111 5048 3173 5088 ea
3208 5025 3437 5084 mutuati
3497 5028 3645 5084 sunt,

2081 5144 2381 5204 Potantius,
2422 5139 2745 5208 Euphrates,
2796 5129 3046 5201 Tygrius,
3087 5119 3425 5182 Rhodanius,
3460 5123 3513 5168 ct
3558 5109 3648 5164 Νίν-

2082 5237 2186 5292 lus.
2243 5233 2356 5304 Ego
2391 5245 2519 5286 vero
2553 5229 2604 5280 in
2637 5239 2754 5280 eam
2791 5222 2948 5276 facile
3007 5214 3327 5272 sententiam
3385 5207 3647 5267 adducor,

2081 5338 2137 5383 ut
2166 5341 2288 5381 eum
2329 5341 2359 5378 a
2405 5318 2720 5392 parentibus
2760 5309 3089 5368 Christianis
3147 5301 3484 5374 progenitum
3527 5310 3647 5348 cre-

2086 5427 2232 5488 dam,
2264 5423 2356 5494 qui
2390 5433 2586 5474 nomen
2620 5413 2748 5476 Nili,
2789 5406 3006 5480 quando
3041 5402 3212 5459 sacris
3274 5395 3490 5450 ablutus
3551 5388 3651 5442 fuit

2085 5479 2404 5586 aquis,.ﬂlio
2434 5522 2534 5564 suo
2589 5479 2875 5562 dederunt,
2937 5505 2998 5549 ut
3049 5487 3341 5557 Pansophii
3399 5479 3654 5550 martyris

2087 5577 2435 5666 Alexandrini
2467 5601 2568 5656 sub
2620 5591 2896 5665 Augustali
2939 5585 3170 5658 prmside
3226 5577 3395 5650 passi.
3449 5583 3648 5640 marty—

2089 5705 2258 5770 riiqne
2303 5701 2485 5752 laurea
2532 5688 2772 5747 coronati
2802 5687 2944 5754 (rum
2995 5678 3189 5734 Decius
3248 5673 3544 5737 itnpetator
3601 5663 3654 5714 in
