3998 6116
443 292 573 356 1371

1160 294 1307 354 JOS.
1348 289 1611 352 MARle
1651 285 2006 349 SUARESII
2045 284 2275 347 LIBER
2313 288 2942 357 CHRONOLOGICUS

3573 291 3715 356 1372

441 404 788 461 Christianos
821 404 1251 473 persecutionem
1287 403 1567 465 moiisset,
1596 411 1651 457 et
1693 416 1810 466 eos,
1846 414 2009 470 quam
2041 406 2084 454 A
2116 398 2216 450 rib.
2248 400 2444 469 public.
2485 405 2673 458 eodem
2712 404 2931 461 Codice.
2973 406 3322 461 Bibliotheca:
3344 421 3568 478 quoque
3602 424 3711 476 pu-

445 498 555 554 late
586 497 887 553 Romanum
916 497 1131 567 patebat
1175 495 1466 565 imperium
1518 495 1810 550 crudeliter
1871 494 2016 549 iuse-

446 589 730 659 ctaretur),
768 598 970 658 patrem
1003 586 1184 643 Nilum
1214 586 1596 658 proconsulem
1640 586 1839 641 imitari
1889 599 2018 656 pos-

448 690 549 746 set,
582 681 798 750 pietate.
831 694 896 735 ac
940 680 1158 744 virtute,
1191 680 1322 749 quin
1349 688 1403 734 et
1429 678 1595 733 lilium
1646 676 2018 746 Pansophium

449 788 612 840 opum
647 772 1023 841 despicientia,
1061 786 1392 841 secessuque
1430 772 1485 825 in
1546 770 1920 834 solitudinem,
1967 775 2024 822 et

453 864 651 917 invicta
689 866 994 919 constantia
1033 873 1385 932 exaequaret;
1416 863 1576 933 cujus
1604 870 1880 916 certamen
1904 861 2024 931 glo-

451 956 680 1018 riosum,
726 964 781 1009 et
832 956 1112 1010 \ietoriam
1140 957 1325 1010 Grzeca
1386 955 1585 1009 lienam
1641 954 2025 1009 concelebrant

452 1049 540 1102 die
591 1049 659 1101 l5
679 1047 946 1113 Januarii,
988 1060 1039 1102 et
1070 1063 1168 1101 vos
1206 1048 1292 1101 illa
1319 1048 1537 1101 insonat
1583 1046 1820 1101 ﬁdelium
1879 1048 2027 1099 auri-

454 1139 559 1193 bus
623 1148 884 1193 aeternum
944 1140 1294 1193 memoranda
1330 1155 1345 1193 :
1383 1137 1745 1207 Pansopliimn
1799 1136 2027 1205 amplius

455 1228 641 1281 credite
677 1229 1068 1297 (impostores),
1126 1229 1205 1282 sic
1250 1228 1389 1281 enim
1435 1228 1518 1280 illi
1570 1228 1750 1292 plures
1794 1226 2029 1293 plectctia

455 1316 717 1379 corollas,
753 1318 863 1370 imo
898 1318 1080 1387 potius
1117 1318 1431 1386 episcopum
1480 1315 1794 1386 Egyptiqu
1825 1316 2027 1381 Nilum,

457 1406 526 1459 de
555 1420 663 1474 quo
688 1402 973 1471 Eusebius,
1003 1407 1096 1461 lib.
1153 1423 1268 1469 \‘lll,
1319 1424 1441 1476 cap.
1513 1408 1604 1470 21,
1657 1408 1785 1475 agit,
1823 1410 2033 1477 quiquo

459 1497 601 1565 apud
624 1496 964 1552 Palaestinam
992 1499 1241 1553 incendio
1262 1507 1641 1555 coucrematus
1672 1498 1795 1564 fuit,
1825 1499 2034 1554 Diocle-

459 1590 610 1642 tiauo
661 1588 876 1645 furente
903 1590 1166 1646 adversus
1204 1606 1403 1646 nomen
1460 1592 1852 1656 Christianum,
1900 1592 2031 1647 dum

461 1681 748 1749 praefectus
785 1684 1083 1753 provinciae
1110 1686 1178 1740 de
1206 1686 1642 1742 Christianorum
1685 1689 2034 1744 successibus

460 1773 794 1829 felicissimis
818 1774 1211 1831 Diocletianum
1243 1779 1535 1834 certioretn
1587 1778 1825 1846 iecisset,
1873 1782 2034 1851 cujus

462 1864 737 1927 mandato,
771 1864 817 1919 is
860 1866 951 1934 qui
983 1868 1215 1921 metallis
1270 1869 1527 1922 ornandis
1584 1883 1804 1938 Operam
1846 1871 2032 1935 dabat,

462 1952 642 2006 Nilum
672 1970 799 2008 cum
827 1956 1002 2009 tribus
1031 1957 1174 2017 aliis,
1212 1956 1371 2013 Peleo
1415 1959 1627 2013 scilicet
1684 1959 1869 2015 itidem
1921 1964 2035 2032 cpi-

463 2058 631 2112 scopo
658 2041 935 2114 Egyptio,
969 2056 1024 2099 et
1049 2045 1163 2099 Elia
1191 2048 1528 2116 presbytero,
1558 2058 1720 2118 atque
1745 2051 2037 2105 studiosis-

463 2134 605 2187 simo
636 2135 1032 2200 Patermuthio,
1067 2152 1165 2191 aeu
1199 2137 1356 2194 Patre
1386 2138 1575 2205 Musio,
1631 2140 1696 2194 ad
1735 2142 1887 2195 illum
1941 2144 2031 2212 qui

462 2235 695 2294 praeerat
721 2228 1055 2283 exercitibus
1069 2231 1358 2302 ablegavit,
1378 2232 1515 2286 ‘aliis
1548 2234 1600 2285 iu
1629 2232 1886 2304 Cyprum,
1918 2235 2037 2289 aliis

465 2320 519 2370 in
570 2317 837 2379 Libanum
876 2321 1196 2390 deportatis.
1241 2324 1311 2377 At
1340 2325 1443 2378 iste
1470 2325 1579 2378 dux
1639 2327 1915 2396 copiarum
1944 2326 2037 2380 Ni-

466 2412 577 2465 lum
637 2428 757 2467 cum
820 2414 1122 2468 comitibus
1173 2415 1381 2469 addixit
1443 2416 1574 2487 igni,
1637 2432 1799 2487 quem
1856 2429 2035 2473 tamen

462 2504 678 2559 athletae
720 2503 945 2571 Christi,
1000 2522 1126 2559 cum
1171 2507 1347 2575 major
1375 2517 1519 2562 esset
1559 2509 1704 2563 intus
1734 2510 1835 2575 vis,
1868 2519 1921 2564 et
1951 2525 2038 2563 ar—

462 2595 563 2649 dor
617 2598 819 2651 aioris
855 2611 983 2668 erga
1044 2614 1229 2652 verum
1279 2598 1473 2663 Deum,
1525 2602 1789 2671 sanguine
1817 2618 1919 2656 suo
1948 2617 2040 2671 ge-

465 2702 660 2740 uerose
689 2689 1073 2744 occumbeules
1102 2692 1485 2745 castinxet‘unt
1511 2710 1525 2758 ;
1582 2703 1640 2746 ut
1673 2708 1703 2746 e
1733 2691 2039 2762 Nic-ephoro

466 2796 588 2861 ace
642 2781 947 2851 Menologio
1008 2782 1198 2840 Graeco
1253 2786 1455 2841 Canisii
1507 2787 1779 2857 colligitur
1833 2788 1899 2840 9.7
1953 2788 2041 2842 die

467 2874 765 2941 Septemb,
799 2883 899 2930 ete
927 2874 1224 2931 Florentiu.
1246 2877 1520 2949 Martyrol.
1544 2878 1771 2934 Luecnsi
1796 2880 1856 2934 19
1888 2878 1925 2933 S
1962 2890 2035 2949 pt.

468 2964 628 3020 Istius
654 2964 756 3022 Nili
788 2970 1043 3038 martyris
1071 2976 1124 3023 et
1146 2970 1316 3037 episc.
1354 2985 1554 3041 corpus
1570 2974 1914 3041 ruptis-scere
1933 2972 2039 3026 Ro-

2120 486 2275 541 blicm
2312 488 2646 557 visebantur,
2688 504 2740 548 et
2797 494 3220 562 bibliotliccarii;
3260 512 3293 551 e
3349 497 3558 567 quibus
3617 498 3707 552 illa

2122 578 2459 637 nobilissima
2489 582 2735 639 Basilisei
2758 587 2860 641 sub
2888 588 3117 658 imperio
3140 589 3519 659 conﬂagravit,
3548 591 3710 658 cujus

2123 671 2419 727 meminere
2451 671 2807 740 Tbemistius,
2852 687 2989 732 orat.
3023 678 3107 743 l3,
3148 677 3394 735 Zonaras
3490 690 3549 735 et
3603 680 3707 734 Ce-

2124 762 2348 820 drenus.
2397 762 2512 820 Sub
2540 765 2852 823 Theodosio
2882 768 2992 825 isto
3025 770 3250 839 juniore
3302 773 3444 840 Aug.
3514 787 3707 826 necn-

2125 867 2315 917 sentur
2340 859 2434 915 lib.
2472 876 2487 915 l
2553 861 2629 916 De
2657 862 2883 931 profess.
2922 864 3265 934 grammatici
3330 862 3505 918 Graeci
3531 862 3708 918 Hella-

2126 949 2272 1011 dius,
2323 960 2381 1006 et
2419 952 2690 1023 Syrianus
2732 972 2748 1020 ;
2809 955 3063 1021 Latinus,
3095 956 3475 1026 Theophilus;
3517 958 3705 1025 supini-

2128 1052 2225 1096 sta:
2264 1041 2526 1099 Martinus
2565 1052 2626 1098 et
2673 1043 2983 1112 Maximus;
3010 1045 3390 1114 iurisperitus,
3420 1044 3703 1099 Leontius.

2128 1130 2299 1186 Erant
2336 1130 2655 1203 antiquarii,
2696 1144 2752 1190 et
2781 1135 3039 1191 custodes
3065 1135 3413 1190 bibliothecae
3450 1137 3520 1189 ad
3555 1136 3706 1189 codi-

2129 1238 2220 1278 ces
2270 1225 2695 1293 componendus,
2752 1226 2838 1282 vel
2892 1242 2992 1296 pro
3046 1236 3319 1282 vetustate
3368 1225 3706 1296 reparandos

2131 1317 2232 1367 sub
2282 1314 2685 1384 Valentiniano,
2724 1316 2968 1385 Valente,
3036 1334 3100 1374 ac
3162 1318 3445 1382 Gratiano,
3480 1319 3519 1371 l.
3550 1334 3587 1372 ιι
3636 1318 3707 1371 De

2131 1405 2273 1459 stud.
2318 1404 2523 1458 liberal.
2547 1407 2668 1469 eod.
2713 1407 2885 1475 Cod.,
2949 1417 3186 1478 quatuor
3246 1408 3447 1473 Graeci,
3491 1418 3546 1462 et
3602 1420 3705 1463 tres

2135 1498 2333 1553 Latini.
2362 1497 2477 1552 Non
2534 1500 2707 1555 deluit
2760 1502 2927 1571 igitur
2978 1502 3200 1557 oceasio
3243 1500 3534 1555 erudiendi
3586 1501 3704 1566 Nili,

2136 1591 2476 1661 proiecitque
2514 1592 2650 1646 adeo
2699 1594 2752 1647 in
2801 1594 3136 1662 eloquentia,
3196 1593 3448 1665 iurisque
3494 1593 3707 1661 peritia,

2142 1692 2199 1739 ut
2246 1684 2506 1738 meruerit
2544 1685 2697 1740 urbis
2754 1683 3157 1754 prrel‘ecturam,
3212 1684 3708 1753 Constantinopolis

2138 1774 2407 1827 vdelicct.
2448 1773 2678 1829 Dederat
2735 1784 2815 1829 tot
2852 1777 3151 1845 sperimina
3195 1775 3306 1844 jam
3383 1776 3438 1828 in
3493 1778 3709 1844 pulvere

2135 1865 2485 1931 scholastice,
2516 1876 2569 1920 et
2601 1866 2990 1933 umbratilibus
3017 1867 3523 1933 exercitationibus,
3556 1875 3708 1934 atque

2135 1957 2619 2015 declamationibus
2687 1972 2795 2027 qua
2843 1959 3212 2027 perspicacite,
3278 1973 3385 2027 qua
3452 1956 3709 2010 facundia».

2137 2061 2269 2113 suae,
2308 2047 2439 2115 quin
2479 2047 2770 2115 a-quitatis,
2811 2057 2971 2118 atque
3000 2047 3381 2112 rectitudinis;
3452 2046 3708 2117 juvenili-

2136 2154 2241 2207 quc
2268 2138 2323 2191 in
2362 2148 2518 2192 aetate
2546 2134 2911 2213 maturitatem
2951 2154 3165 2193 morum
3206 2147 3412 2193 tantam
3483 2153 3710 2206 expres.

2138 2238 2302 2294 serat,
2347 2236 2404 2281 ut
2447 2226 2670 2282 ﬂoribus
2706 2230 3053 2298 praecessisse
3113 2227 3325 2283 fructus
3383 2229 3715 2281 mirarentur

2140 2320 2413 2374 universi:
2462 2319 2727 2388 probitas,
2759 2320 2972 2392 religio,
3006 2328 3194 2391 totque
3243 2321 3365 2373 aliae
3394 2319 3565 2372 animi
3604 2320 3714 2373 eai-

2140 2413 2261 2467 mize
2299 2413 2454 2467 dotes
2492 2412 2643 2466 illum
2673 2412 3037 2476 adornabant,
3073 2422 3131 2465 ut
3164 2412 3387 2482 praemia
3431 2410 3581 2464 ultro
3600 2410 3707 2478 jam

2139 2513 2513 2573 exposcerent.
2535 2501 2724 2573 Neque
2747 2516 2944 2572 passus
2973 2503 3270 2572 imperator
3298 2501 3574 2557 Arcadius
3598 2512 3715 2555 tan-

2141 2604 2254 2650 tum
2284 2597 2459 2650 virum
2490 2595 2698 2650 diutius
2724 2597 2920 2659 latere,
2952 2595 3005 2648 in
3058 2595 3232 2649 lucem
3291 2594 3499 2661 eduxit,
3539 2604 3594 2648 et
3651 2594 3714 2648 ad

2142 2688 2517 2758 praefecturam
2547 2687 2697 2741 urbis
2737 2699 2867 2740 tunc
2928 2687 3269 2756 regnatricis,
3318 2702 3442 2756 quae
3501 2688 3714 2741 culmen

2142 2789 2226 2835 est
2269 2780 2619 2847 dignitatum,
2660 2786 2993 2847 \‘oeatttrquc
3024 2778 3271 2848 βασιλεία
3302 2780 3646 2850 ἀπόρφυρος,
3666 2778 3714 2831 id

2142 2880 2247 2934 est,
2280 2870 2551 2937 imperium
2584 2871 2778 2939 absque
2806 2883 3064 2937 purpura,
3098 2869 3294 2923 merito
3309 2870 3601 2938 plaudente
3625 2884 3716 2939 po.

2144 2963 2296 3032 pulo,
2343 2969 2643 3031 senatuque
2663 2961 2939 3030 gaudente
2966 2960 3235 3029 provexit,
3274 2961 3407 3015 etin
3440 2960 3543 3015 bac
3586 2975 3716 3028 pra:-

472 3072 572 3110 nta:
610 3056 663 3110 in
698 3056 1082 3113 Sancto-Sixto
1107 3061 1193 3114 via
1243 3061 1416 3132 Appia
1468 3062 1533 3116 ad
1576 3063 1817 3117 intimam
1860 3062 2033 3118 Pisci-

2143 3056 2288 3111 celsa
2322 3054 2452 3109 base
2485 3053 2648 3107 veluti
2688 3053 2905 3121 signum
2931 3052 3231 3122 expolitum
3272 3051 3499 3118 aﬁ‘abre,
3548 3054 3718 3106 omni-

471 3163 596 3202 nam
629 3148 682 3202 in
726 3147 873 3205 Valle
906 3152 1209 3222 Oppositam
1245 3153 1496 3208 Thermis
1528 3155 1812 3229 {\ntonini,
1880 3157 2039 3211 docet

469 3240 751 3310 inscriptio
790 3242 930 3312 apud
964 3243 1347 3309 Martinellum,
1389 3261 1443 3315 p.
1473 3245 1578 3299 506
1619 3246 1800 3299 Romo:
1848 3263 2035 3313 sacra’,

468 3346 593 3385 cum
633 3332 753 3386 aliis
777 3333 1171 3402 compluribus.
1212 3334 1457 3390 Iuitiatus
1487 3350 1615 3403 ergo
1652 3334 1891 3402 Christo,
1932 3348 1985 3392 et
2009 3352 2038 3391 a

468 3424 789 3492 parentibus
826 3425 1089 3479 educatus
1121 3425 1442 3488 honoriﬁce,
1480 3440 1582 3479 nec
1637 3427 1820 3481 minus
1870 3429 2039 3483 mori-

471 3514 575 3569 bus
613 3529 774 3583 quam
810 3514 1003 3568 litteris
1037 3515 1297 3580 imbutus,
1344 3517 1544 3586 ingenii
1596 3519 1803 3573 cultum
1835 3524 2038 3591 cmpit:

473 3618 598 3657 nam
639 3602 1112 3672 Constantinopoli
1153 3604 1417 3661 ﬂorebant
1447 3607 1668 3678 optimae
1699 3621 1864 3676 artes,
1898 3613 2043 3683 vige-

471 3691 604 3744 bant
642 3690 844 3755 atudia,
879 3690 1334 3765 prolessoresque
1367 3696 1662 3752 clarissimi
1694 3715 1800 3755 non
1859 3717 2044 3771 gram-

475 3780 726 3834 maticam
771 3781 1034 3837 duntaxat
1095 3792 1150 3840 ct
1216 3785 1567 3854 rhetoricam,
1624 3789 1716 3844 scd
1780 3791 2044 3862 ingenuas

475 3889 671 3930 omnes
744 3875 1084 3947 disciplinas,
1152 3878 1501 3944 medicinam,
1552 3880 2041 3951 juris-prudentiam

471 3967 983 4039 philosophiamque
1036 3971 1298 4026 docebant
1332 3972 1386 4025 in
1419 3972 1702 4042 Capitolio.
1743 3971 1802 4028 L.
1845 3990 1926 4040 ιιι,
1972 3974 2045 4029 De

474 4060 662 4113 medic.
687 4070 734 4114 et
761 4061 1047 4131 professor.
1071 4062 1381 4137 Cod.6&.5
1409 4063 1616 4121 Tlteod.
1636 4075 1689 4121 et
1719 4067 1802 4122 tit.
1826 4066 1898 4121 De
1918 4082 2042 4138 pro-

470 4151 715 4224 fessorib.
750 4155 841 4224 qui
869 4157 923 4208 in
954 4155 1078 4211 urbe
1116 4156 1519 4228 Constantinop.
1557 4169 1611 4215 et
1641 4159 1722 4214 tit.
1752 4159 1827 4215 De
1854 4163 2044 4216 studiis

474 4241 778 4299 liberalibus
812 4246 951 4301 urbis
988 4245 1190 4313 Romw,
1230 4258 1279 4303 et
1336 4247 1737 4321 Conslantinop.
1769 4252 1845 4308 Ae
1906 4270 2045 4323 pra:-

470 4335 661 4399 sertim
687 4337 723 4391 l.
743 4355 802 4392 ιιι
829 4339 916 4393 ubi
942 4338 1282 4396 Theodosius
1316 4340 1334 4394 Ι
1360 4351 1413 4397 et
1444 4340 1849 4399 Valentinianus
1873 4347 2035 4400 Caess.

474 4424 531 4481 in
571 4426 841 4481 auditorio
879 4426 1126 4497 Capitolii
1163 4439 1407 4487 oratores
1445 4440 1557 4485 tres
1598 4448 1845 4498 numero,
1904 4450 2042 4503 quos

473 4515 734 4570 Romanae
758 4518 1077 4586 eloquentia:
1105 4519 1349 4574 doctrina
1380 4523 1745 4590 commendat,
1766 4533 2041 4593 statuunt;

474 4609 661 4665 decem
706 4624 832 4664 vero
860 4612 1266 4680 grammaticos.
1311 4612 1367 4667 lit
1407 4614 1492 4670 his
1516 4616 1701 4680 etiam,
1733 4619 1824 4688 qui
1858 4617 2047 4673 lacun-

472 4699 565 4754 dia
604 4700 906 4756 Grazcitatis
940 4703 1143 4771 pollere
1175 4714 1475 4760 noscuntur
1511 4708 1753 4779 quinque
1816 4726 2068 4779 numero.

474 4791 589 4852 sint
615 4793 901 4862 Sophisttc,
944 4803 997 4849 et
1031 4798 1372 4865 grammatici
1393 4814 1545 4868 aeque
1563 4801 1748 4857 decem
1778 4819 1793 4868 ;
1824 4813 1876 4858 et
1907 4818 2045 4872 quo-

476 4884 623 4945 niam
666 4901 772 4940 non
810 4887 895 4941 bis
939 4889 1148 4943 artibus
1181 4898 1390 4946 tantum
1441 4894 1863 4949 aduliscentiam
1930 4898 2047 4967 glo-

480 4975 684 5033 t'iosam
720 4986 907 5046 optant
936 4978 1166 5046 institui,
1200 4981 1577 5051 profundioris
1616 4999 1833 5054 quoque
1867 4986 2049 5040 scien-

478 5069 568 5123 tia:
622 5081 782 5141 atque
815 5072 1076 5127 doctrina:
1139 5076 1456 5130 memoratis
1506 5077 1782 5146 magistris
1838 5079 2049 5132 sociant

480 5170 755 5219 auctores.
827 5160 1005 5217 Unum
1074 5165 1237 5236 igitur
1291 5166 1510 5236 adjungi
1578 5169 1788 5223 caztcris
1837 5170 2046 5233 volunt,

480 5251 574 5321 qui
622 5252 976 5324 philosOpbia'.
1008 5271 1205 5310 arcana
1250 5258 1508 5325 rimetur;
1540 5259 1678 5313 duos
1708 5278 1927 5332 quoque
1956 5266 2050 5334 qui

479 5343 621 5412 juris
681 5360 745 5400 ac
774 5347 949 5417 legum
1022 5347 1285 5403 formulas
1337 5352 1592 5419 pandant.
1667 5352 1794 5406 Erat
1850 5355 2050 5426 quippe

483 5436 806 5505 Capitolium
842 5437 1331 5512 Constantinopoli,
1360 5441 1501 5495 sicut
1550 5441 1755 5507 Romae,
1798 5445 1849 5498 in
1880 5462 2052 5517 coque

488 5533 753 5602 porticus,
795 5533 846 5586 in
881 5532 1202 5601 porticibus,
1233 5533 1466 5598 exedrae,
1506 5542 1668 5603 atque
1713 5535 1937 5602 cellulae,
1989 5556 2051 5595 ac

492 5618 781 5682 auditoria,
821 5622 874 5673 in
909 5621 1108 5688 quibus
1145 5621 1490 5690 professores
1516 5624 1855 5691 iuventutem
1885 5628 2053 5684 lnior.

474 5690 731 5771 .Inabant,
775 5718 831 5761 ut
872 5727 933 5765 ex
978 5712 1059 5765 his
1093 5712 1299 5781 legibus
1332 5713 1517 5781 liquet,
1549 5724 1599 5769 et
1626 5716 1662 5772 l.
1685 5718 1780 5771 ult.
1815 5719 1886 5773 Dc
1926 5739 2044 5775 oue-

2141 3144 2352 3214 busquo
2398 3142 2688 3209 sculptura
2715 3142 2960 3197 numeris
3031 3141 3364 3205 absolutum,
3424 3156 3491 3197 ac
3542 3156 3719 3212 operte

2142 3237 2373 3306 pretium
2397 3226 2870 3304 praeclarissimum
2902 3232 3214 3297 collocavit,
3262 3241 3323 3289 ut
3359 3234 3434 3288 ibi
3495 3236 3714 3303 conspi-

2141 3342 2305 3383 cuum
2336 3328 2508 3396 magis
2541 3327 2715 3392 foret;
2764 3340 2890 3380 uani
2922 3324 3066 3396 ἁρχὴ
3106 3326 3274 3395 ἄνδρα
3336 3326 3631 3390 δείκνυσιν,
3661 3335 3719 3380 ιιι

2144 3416 2349 3485 vulgari
2395 3415 2564 3470 fertur
2589 3415 2803 3485 adagio,
2829 3416 2883 3473 id
2912 3425 3017 3477 est,
3057 3417 3402 3485 magistratus
3446 3418 3611 3469 virum
3637 3417 3719 3469 in-

2142 3508 2311 3563 dicat.
2346 3505 2655 3563 llonoratus
2681 3507 2891 3575 primus
2925 3506 3045 3561 urbi
3080 3506 3552 3576 Constantinopoli
3580 3524 3713 3575 prac-

2146 3598 2320 3654 l‘eetus
2344 3597 2448 3653 luit
2485 3613 2633 3653 attito
2666 3614 2699 3653 a
2745 3598 2808 3655 C.
2838 3595 2904 3653 Ν.
2939 3597 3065 3652 559.
3100 3597 3499 3655 Successorum
3571 3615 3638 3654 eo
3664 3599 3717 3652 in

2143 3706 2372 3747 munere
2402 3689 2727 3754 lndiculutu,
2775 3704 2872 3745 seu
2944 3689 3203 3745 Notitiam
3274 3691 3507 3759 praebuit
3562 3691 3718 3746 nobis

2145 3798 2323 3853 usque
2352 3784 2418 3837 ad
2455 3798 2659 3837 annum
2693 3781 2820 3845 435,
2849 3782 3173 3843 scholiistes
3226 3781 3365 3838 Cod.
3423 3783 3715 3846 'l‘heodos.,

2144 3893 2246 3932 nec
2271 3878 2411 3931 inter
2432 3891 2528 3932 eos
2556 3875 2795 3944 comperi
2818 3873 3021 3940 Nilum,
3048 3878 3188 3930 l'orte
3209 3875 3338 3945 quia
3382 3876 3535 3930 nulla
3551 3885 3720 3930 eastat

2148 3968 2547 4037 imperatorum
2564 3972 2629 4025 ad
2677 3971 2829 4026 illum
2857 3974 3061 4029 directa
3091 3975 3433 4039 constitutio,
3476 3976 3559 4028 vel
3596 3976 3719 4044 quia

2147 4057 2277 4114 latet
2301 4062 2405 4115 sub
2440 4062 2625 4131 aliquo
2655 4064 2763 4117 alio
2801 4065 3022 4119 nomine
3061 4083 3073 4118 :
3123 4076 3256 4119 tunc
3304 4066 3451 4121 enim
3483 4066 3724 4135 pluribus

2148 4153 2457 4207 nominibus
2475 4156 2758 4209 utebantur
2779 4154 3009 4210 Romani
3046 4168 3099 4211 et
3113 4157 3718 4227 Constantinopolitaui.

2142 4241 2311 4313 646
2363 4241 2589 4298 Nomina
2624 4246 2842 4315 quidem
2876 4245 3101 4300 luerunt
3137 4246 3205 4300 ad
3261 4247 3515 4302 homines
3532 4248 3721 4316 digno-

2149 4335 2398 4400 svendos,
2427 4345 2482 4389 et
2509 4338 2573 4393 ad
2609 4340 3075 4407 recognoscendos
3125 4339 3375 4408 singulos
3441 4340 3719 4409 imposita,

2144 4436 2199 4480 ct
2219 4439 2530 4497 comparata
2561 4430 2835 4484 communi
2868 4445 3155 4497 consensu,
3189 4431 3225 4485 l.
3257 4446 3288 4483 ι
3319 4430 3383 4485 C.
3429 4429 3719 4485 Justinian.

2144 4518 2220 4573 De
2247 4521 2401 4589 iugere
2444 4535 2702 4583 manium,
2720 4522 2852 4591 quin
2884 4522 3049 4576 etiam
3068 4523 3305 4576 nominis
3332 4538 3434 4577 vos
3457 4540 3486 4576 a
3510 4540 3724 4577 noscen-

2144 4610 2212 4664 do
2234 4611 2462 4665 deducta
2495 4621 2595 4665 est.
2630 4612 2838 4666 Nomen
2868 4614 3013 4667 enim
3046 4614 3249 4668 dictum
3283 4616 3441 4682 quasi
3470 4615 3750 4675 novisneo,

2144 4715 2176 4755 a
2211 4699 2376 4756 Sexto
2416 4702 2691 4771 Pompeio,
2725 4704 2847 4758 licet
2875 4705 2968 4771 alii
2990 4704 3236 4758 derivent
3273 4722 3302 4759 a
3333 4704 3524 4759 Graeco
3557 4707 3725 4775 ὃνομα

2147 4810 2243 4864 per
2272 4796 2615 4864 apbteresim.
2638 4795 3109 4862 Quemadmodum
3133 4813 3258 4852 vero
3274 4799 3550 4852 individua
3573 4814 3721 4867 quas-

2148 4900 2275 4955 que,
2311 4903 2407 4942 seu
2445 4903 2692 4957 personae
2718 4888 2994 4957 sigillatim
3028 4902 3061 4944 e
3112 4890 3353 4945 vultibus
3393 4890 3726 4959 dignoscan-

2152 4986 2260 5040 tur,
2291 4986 2343 5030 ct
2374 4977 2429 5030 in
2466 4976 2560 5030 illo
2590 4976 2913 5031 discrimine
2948 4975 3209 5030 faeierum
3243 4978 3586 5029 admirabilis
3644 4989 3721 5032 est

2149 5070 2496 5138 potissimum
2526 5083 2708 5123 rerum
2745 5068 2989 5123 omnium
3020 5066 3288 5123 Conditor
3316 5066 3481 5133 Deus,
3509 5068 3585 5121 ita
3613 5070 3713 5121 vui.

2153 5173 2262 5228 tus,
2286 5174 2336 5218 ct
2373 5179 2566 5218 nomen
2599 5166 3005 5232 aequiparantur
3038 5162 3093 5215 in
3129 5161 3233 5216 ista
3267 5162 3569 5228 varietate;
3601 5177 3722 5214 nam

2151 5263 2207 5310 et
2241 5258 2296 5310 in
2328 5254 2463 5311 Vitis
2501 5254 2720 5309 Patrum
2762 5254 2812 5307 id
2846 5257 3061 5323 legitur,
3095 5262 3150 5307 et
3181 5262 3339 5321 poeta
3389 5253 3570 5320 canit,
3629 5266 3725 5320 po-

2158 5355 2440 5413 steaquam
2495 5344 2751 5398 avulsum
2812 5341 2976 5397 fuerit
3003 5342 3248 5395 humeris
3281 5341 3487 5396 Priami
3541 5350 3723 5411 caput,

2150 5437 2389 5508 jaeuisse
2416 5449 2615 5505 corpus
2646 5434 2793 5487 illius
2818 5432 2938 5487 sine
2979 5432 3221 5485 nomine.
3282 5432 3373 5484 Ad‘
3424 5431 3723 5486 discrimen

2155 5530 2328 5599 magis
2366 5527 2665 5597 singulare,
2694 5524 2905 5579 Hebraei
2940 5533 2993 5578 et
3043 5523 3219 5577 Cra-ei
3253 5524 3478 5576 Patrum
3508 5525 3721 5578 nomina

2153 5621 2390 5695 propriis
2417 5618 2721 5673 addebant:
2758 5617 2946 5670 Simon
2977 5614 3156 5670 dictus
3186 5614 3440 5677 Barium,
3465 5614 3517 5668 id
3545 5623 3628 5670 est
3660 5614 3722 5669 ti-

2165 5714 2268 5767 lius
2312 5711 2480 5775 Joinr,
2518 5726 2610 5765 seu
2667 5709 2963 5771 Columbm,
3024 5706 3278 5762 Socrates
3352 5704 3719 5775 Sophronisci.
