3998 6116
214 1358 222 1369 ~
319 1331 560 1394 familias,
595 1329 712 1385 sive
739 1328 915 1399 gentis
950 1325 1076 1395 quis
1128 1319 1586 1390 distinguebatur,
1619 1327 1672 1369 et
1694 1314 1901 1369 discer-

303 304 437 367 1373
1575 292 1674 352 DE
1730 291 1900 351 \‘l'l‘lt
1942 290 2001 348 s.
2042 288 2226 348 NlLI.
2644 273 2656 275 “
3439 273 3571 341 1374

298 415 512 470 Pelides
556 410 819 479 Achilles,
877 408 1081 463 Atrida:
1109 405 1387 463 Menelaus
1417 415 1468 460 et
1500 407 1895 476 Agamemnon,
1930 410 1970 462 Α
2006 401 2180 461 riuus,
2235 395 2517 452 Abundins
2553 392 2920 449 Eleutherius.
2953 390 3257 447 Binominis
3283 388 3445 444 etiam
3473 388 3574 441 fuit

301 506 538 577 Tydides
570 502 878 563 Diomedes,
913 508 967 554 et
991 499 1097 553 alia
1124 497 1177 552 id
1212 512 1384 565 genus
1415 495 1638 551 nomina
1701 503 1884 565 patro-
1987 506 2055 544 an
2099 487 2410 544 trinominis
2452 528 2469 553 ,
2524 485 2756 540 Tascius
2783 482 3092 554 Cyprianus
3116 480 3407 549 episcopus
3445 476 3577 530 Car-

302 596 540 668 nyniica.
574 591 806 647 Romani
875 586 1304 658 prienominibns
1354 584 1728 653 adjunxerunt
1789 593 1889 634 no-
1989 580 2350 651 thaginensis,
2383 588 2436 632 et
2477 588 2703 646 martyr,
2758 583 2852 629 aut
2881 572 3037 629 Titus
3098 570 3297 625 Ascius
3350 567 3577 639 Cypria-

304 688 450 741 mina
487 685 752 755 gentium,
791 696 885 735 seu
924 677 1284 740 familiarum,
1328 688 1441 729 tum
1494 675 1658 727 etiam
1719 671 1888 725 variis
1990 690 2114 738 nus,
2141 673 2215 726 uti
2248 669 2468 724 Zoticns
2516 667 2762 723 Getnlins
2794 675 3011 737 martyr
3044 661 3412 725 Tiburtinus;
3450 673 3558 712 non

304 796 337 835 e
371 780 591 834 casibus
630 786 683 831 et
715 772 897 829 causis
947 769 1296 840 cognomina,
1330 767 1407 820 uti
1444 783 1559 820 nari
1577 775 1631 818 at
1677 764 1891 821 Plutar—
2003 766 2149 820 nulla
2201 772 2380 817 tamen
2433 760 2652 815 nomina
2705 770 2965 828 tanquam
3027 755 3246 810 familiae
3292 751 3580 808 usitatiora

308 871 667 939 chus,tom.l
719 869 833 924 Vir.
863 866 1066 920 illustr.
1099 864 1154 919 in
1179 860 1893 928 Coriolano,deindeagno-
1992 853 2620 917 crebrinsiterabantnr,
2675 859 2794 904 ute
2849 848 3024 903 Variis
3079 844 3388 901 Cassiodori
3438 853 3584 911 patet

309 969 489 1022 mina:
522 977 706 1020 verum
752 969 937 1030 postea
965 957 1190 1013 nomina
1224 956 1277 1010 in
1323 953 1649 1023 cognomina
1709 961 1891 1005 trans-
1996 949 2061 1003 ad
2093 960 2297 999 almum
2357 945 2418 1000 C.
2448 942 2513 997 N.
2557 957 2644 996 nc.
2710 956 2833 995 cum
2877 955 2937 995 se
2985 937 3421 1008 superfudisscnt
3476 934 3582 1000 in}-

311 1060 510 1118 ierunt,
566 1065 621 1110 et
669 1052 915 1109 vicissim
952 1047 1312 1120 praenomina.
1370 1046 1561 1100 Stante
1614 1041 1893 1112 republica
1956 1030 1959 1035 ’
1993 1034 2145 1105 perio
2177 1031 2423 1088 Romano
2441 1030 2801 1085 Barbararum
2828 1027 3068 1097 gentium
3092 1026 3366 1090 examina.
3394 1032 3586 1078 θιευε*

313 1148 742 1221 praemittebatur
778 1153 833 1200 et
861 1141 1249 1215 praeferebatur
1275 1150 1608 1208 praenomen,
1650 1150 1747 1190 seu
1775 1148 1896 1203 per-
1998 1127 2176 1194 deque
2269 1123 2452 1177 omnia
2519 1121 2986 1192 permiscuisscnt,
3059 1127 3114 1173 et
3186 1116 3583 1179 confudissent,

313 1257 484 1306 sonte,
520 1255 587 1294 ac
613 1235 881 1297 individui
921 1247 1145 1297 nomen,
1175 1244 1286 1299 quo
1340 1227 1411 1281 ab
1472 1226 1596 1280 aliis
1650 1223 1895 1295 ejusdem
1999 1219 2146 1275 nulla
2186 1224 2313 1271 sunt
2344 1214 2530 1268 relicta
2586 1212 2941 1266 nominalium
2998 1209 3371 1280 hujuscemodi
3420 1206 3587 1261 vesti—

2002 1311 2109 1380 gia.
2148 1307 2335 1362 Potuit
2378 1305 2544 1376 igitur
2586 1304 2689 1358 sub
2740 1303 2848 1357 alio
2892 1303 3074 1372 aliquo
3105 1302 3325 1356 nomine
3352 1298 3505 1353 Nilus
3531 1299 3586 1351 in

2007 1403 2112 1456 hoc
2135 1384 2380 1454 Indiculo
2435 1396 2821 1467 praefectorum
2883 1394 3036 1448 urbis
3088 1390 3590 1460 Constantinopoli—

2006 1505 2144 1549 tame
2167 1491 2446 1547 occultari.
2467 1488 2709 1543 Praefecti
2740 1486 2982 1557 profecto
3001 1499 3225 1538 munere
3253 1491 3361 1537 tam
3377 1482 3593 1551 egregie

323 1623 521 1662 nomen
554 1604 902 1676 gentilitium,
936 1599 1319 1656 autfainiliare
1357 1594 1719 1657 atterebatur,
1759 1589 1905 1659 quod
2008 1587 2226 1641 functus
2248 1593 2426 1649 e.~t,nt
2448 1578 2836 1651 exspectationi
2863 1575 3299 1647 Angusti‘fceerit
3314 1573 3464 1637 satis,
3491 1587 3591 1625 nec

325 1698 724 1753 contribulibus
761 1707 815 1751 et
851 1694 1148 1765 gentilibus
1178 1686 1904 1748 communicabatmyctnon
1945 1748 1983 1765 η
2009 1682 2155 1738 aliud
2188 1679 2319 1734 mihi
2356 1675 2687 1748 persuadent
2718 1674 3033 1744 quicunque
3065 1670 3132 1724 de
3163 1670 3256 1724 illo
3306 1668 3591 1722 scribunt:

330 1793 573 1861 reliquis,
607 1790 700 1860 qui
725 1805 755 1844 e
787 1788 994 1844 familia
1029 1802 1139 1839 non
1178 1790 1337 1839 erant
1368 1797 1382 1834 :
1422 1778 1618 1837 deinde
1640 1773 1911 1846 eoguomi-
1945 1748 1985 1802 Β
2016 1775 2195 1831 exitus
2249 1776 2396 1827 certe
2431 1779 2549 1824 acta
2583 1767 2873 1838 probavit;
2906 1780 3031 1819 nam
3065 1777 3190 1819 cum
3215 1775 3439 1816 uxorem
3490 1758 3595 1813 du-

319 1442 367 1477 ll!
390 1424 571 1487 batur,
644 1435 739 1477 seu
792 1417 1073 1488 proprium
1144 1427 1363 1479 nomen,
1418 1410 1562 1473 aliis,
1626 1405 1718 1476 qui
1792 1420 1900 1458 non

320 1522 475 1570 erant
519 1528 550 1568 e
604 1520 784 1583 gente,
816 1511 931 1564 sive
981 1506 1184 1562 familia
1210 1506 1374 1561 etiam
1417 1513 1750 1563 commune;
1787 1505 1901 1551 tum

328 1899 418 1944 na,
445 1893 500 1937 et
535 1882 822 1953 agnomina
848 1889 977 1936 sunt
1005 1877 1237 1941 adnexa,
1270 1874 1399 1944 quia
1424 1872 1479 1925 in
1508 1886 1613 1924 una
1639 1879 1797 1940 gente
1830 1864 1915 1919 di-

329 1995 347 2026 \
364 1978 441 2031 isa
474 1977 525 2028 in
544 1984 760 2043 stirpes,
781 1970 1001 2042 plurimi
1023 1968 1215 2023 eodem
1249 1979 1373 2020 cum
1404 1961 1737 2034 praenomine
1755 1968 1917 2026 atque

328 2066 550 2121 nomine
580 2062 1076 2132 eomperiebantur,
1100 2058 1232 2127 quin
1264 2063 1463 2109 etcum
1489 2052 1679 2105 eodem
1715 2063 1917 2118 cogno-

329 2160 497 2212 mine.
535 2154 811 2210 Videndns
849 2151 1161 2207 Victorinus
1191 2148 1246 2202 in
1286 2146 1460 2201 libros
1494 2140 1916 2197 Rbetoricorum

329 2248 632 2303 Ciceronis.
695 2245 994 2314 Republica
1021 2256 1234 2306 eversa,
1265 2248 1320 2294 et
1347 2238 1450 2292 sub
1472 2231 1915 2305 imperatoribus,

330 2340 723 2411 subjicicbatur
765 2352 961 2392 nomen
988 2333 1293 2404 proprium,
1327 2346 1420 2385 seu
1441 2341 1625 2383 verum
1654 2322 1917 2379 individui

334 2447 644 2503 praenomen
677 2428 1087 2499 appellativum,
1127 2425 1449 2492 dictumque
1508 2419 1753 2475 absolute
1819 2430 1920 2468 no-

335 2541 459 2580 men
488 2525 635 2593 (cum
665 2524 771 2576 alia
803 2519 1117 2589 promiscue
1167 2516 1408 2577 nomina,
1435 2509 1783 2582 cognomina,
1836 2505 1922 2561 vel

226 2608 235 2614 ’
335 2617 629 2686 agnomina
714 2613 1085 2670 vocitarentur
1140 2607 1307 2678 petita
1359 2600 1834 2659 iudiscriminatim
1890 2613 1922 2651 ιι

335 2710 669 2782 parentibus,
708 2709 790 2762 vel
819 2721 917 2778 pro
946 2703 1177 2760 arbitrio
1203 2699 1442 2767 aliunde)
1463 2692 1920 2754 illisnominibus,

340 2803 785 2875 cognominibus,
826 2810 883 2855 et
931 2796 1342 2868 agnominibus,
1405 2792 1571 2846 etiam
1611 2784 1922 2860 geminatis,

342 2906 403 2950 nt
434 2897 686 2950 observat
714 2890 1040 2947 Sirmondus
1066 2888 1142 2959 (in
1174 2884 1329 2939 Notis
1388 2883 1455 2938 ad
1494 2880 1769 2951 Epistolas
1832 2877 1925 2959 Si—

343 2989 519 3053 donii,
590 2996 782 3043 contra
835 2955 1101 3054 Angelum
1165 2979 1494 3033 Politianum
1545 2989 1578 3028 e
1633 2955 1922 3032 Suetonio,

347 3081 637 3136 Plutarcho
683 3079 738 3132 in
767 3076 830 3133 C.
884 3074 1060 3130 Mario
1115 3068 1469 3127 Posidonium
1510 3070 1794 3135 arguentc,
1845 3058 1927 3112 fa-
1958 3078 2002 3138 α

347 3176 469 3241 stis,
506 3168 966 3242 inscriptionibus
1016 3165 1280 3236 lapidum,
1306 3170 1361 3216 et
1388 3159 1679 3220 librorum,
1732 3169 1799 3210 ex
1836 3138 1935 3205 lsi.

348 3269 483 3323 doro
512 3267 605 3320 lib.
640 3280 751 3320 xvtt
817 3261 1031 3334 Origin.
1071 3269 1125 3314 et
1155 3274 1186 3313 e
1209 3253 1539 3313 Prmfatione
1588 3245 1806 3314 Avien.)
1847 3243 1935 3298 ubi

351 3361 467 3413 vult
506 3360 566 3415 C.
587 3359 812 3414 Sollium
843 3354 1125 3413 Sidonium
1160 3349 1523 3421 Apollinarem
1554 3340 1738 3398 vocari
1777 3337 1940 3408 Apol-

354 3452 606 3514 linarem,
650 3447 983 3503 Macr-obium
1039 3443 1321 3499 Aurelium
1363 3434 1726 3493 Theodosium
1760 3429 1942 3502 potius

355 3542 746 3605 Theodosium,
815 3539 1039 3594 Sextum
1116 3534 1337 3589 Rullum
1423 3530 1690 3585 Avienum
1759 3523 1943 3595 potius

358 3633 650 3692 Avicuum,
688 3629 942 3699 Magnum
1006 3626 1286 3681 Aurelium
1341 3620 1706 3690 Augustinum
1762 3615 1944 3685 potius

358 3725 746 3794 Augustinum,
805 3719 1057 3774 Anicium
1128 3714 1410 3769 Manilium
1471 3705 1946 3765 SeveriuumBoe-

361 3820 532 3873 thium
596 3817 781 3886 potius
839 3811 1154 3872 Boethium,
1212 3807 1428 3860 Petrum
1452 3801 1686 3857 Felicem
1720 3797 1946 3853 Marcel-

361 3912 535 3964 linum
568 3906 846 3961 Liberium
883 3904 1065 3973 petius
1087 3899 1389 3958 Liberium,
1421 3894 1515 3963 qui
1570 3890 1635 3947 V.
1669 3888 1731 3944 C.
1760 3886 1949 3957 praefe-

364 4010 486 4055 ctus
517 3996 768 4067 praztorio
795 3993 1118 4051 Galliarum,
1145 3998 1198 4043 et
1225 3984 1485 4057 patricius
1516 3998 1546 4036 a
1576 3978 1798 4036 librario
1826 3991 1949 4045 per-

367 4106 554 4162 peram
579 4087 842 4143 dividitur
868 4088 921 4138 in
954 4092 1212 4152 quatuor,
1271 4076 1437 4150 647
1491 4075 1544 4128 in
1597 4067 1951 4137 subscriptio-

370 4181 534 4234 nibns
577 4176 796 4233 concilii
830 4173 1054 4231 secundi
1078 4168 1405 4226 Arausicani
1451 4164 1518 4219 ad
1552 4174 1757 4217 annum
1825 4156 1950 4221 529,

374 4282 430 4328 ut
478 4272 645 4340 liquet
671 4285 702 4325 e
727 4267 850 4322 Vita
907 4264 1083 4321 sancti
1113 4260 1336 4316 Caesarii
1382 4251 1716 4312 Arelatensis
1745 4248 1956 4304 archic-

375 4365 602 4434 piscopi,
638 4378 692 4428 p.
723 4360 786 4414 Ἡ
842 4355 1160 4424 Chronolog.
1196 4348 1512 4412 Lirinensis,
1541 4344 1633 4399 ubi
1690 4349 1746 4396 et
1812 4352 1953 4393 uxor

1647 4448 1742 4488 seu
1776 4428 1949 4484 Vallia
1984 4427 2030 4484 Ι)
2058 4416 2313 4472 columna
2382 4403 2652 4465 Ecclesiae,
2718 4396 2923 4452 lumine
2984 4391 3227 4447 veritatis
3286 4384 3560 4441 exstincto
3592 4389 3647 4434 et

377 4457 495 4524 ejus
525 4452 775 4524 Agrmcia
799 4448 1138 4511 enuntiatur,
1167 4442 1390 4497 Flavius
1427 4435 1619 4499 Valila,

380 4520 615 4614 Quintus
649 4542 991 4598 Theodosius
1049 4538 1104 4591 in
1149 4536 1341 4589 Donat.
1403 4527 1677 4599 Tiburtin.
1728 4520 1956 4585 Charta,

381 4655 545 4712 quam
579 4636 799 4708 protuli,
846 4633 960 4704 jam
1001 4628 1129 4684 inde
1167 4628 1236 4682 ab
1268 4638 1414 4680 anno
1442 4622 1543 4676 471
1575 4624 1831 4673 exarata:
1862 4627 1963 4667 nec

382 4733 528 4788 enim
557 4737 723 4793 stata,
752 4735 806 4781 et
829 4733 1000 4786 certa,
1042 4730 1104 4774 ut
1145 4717 1298 4782 olim,
1325 4711 1563 4784 generis,
1617 4723 1685 4763 ac
1743 4703 1965 4760 familia:
2067 4695 2218 4757 dere,

387 4823 651 4881 vocabula
680 4830 810 4876 tunc
836 4818 893 4872 in
944 4829 1051 4869 usu
1094 4809 1265 4875 fuere,
1292 4820 1415 4876 quas
1484 4800 1750 4857 fratribus
1804 4797 1966 4850 etiam

386 4915 701 4974 communia
744 4912 943 4975 forent,
1003 4913 1057 4962 et
1084 4904 1151 4958 ad
1186 4909 1436 4971 posteros
1464 4893 1783 4954 transirent,
1833 4887 1969 4941 adeo

2014 1866 2204 1927 xisset,
2233 1858 2376 1914 haud
2427 1858 2592 1912 dubie
2632 1869 2945 1924 comparem
3001 1852 3222 1914 virtute,
3255 1865 3321 1905 ac
3378 1849 3595 1918 pietate,

2016 1964 2177 2023 atque
2208 1946 2678 2007 honestissimam,
2714 1953 2773 1997 ut
2805 1941 2909 1996 fert
2941 1940 3305 2008 lllenologium
3349 1937 3596 1991 Graecum

2016 2022 2103 2098 die
2158 2040 2225 2093 19.
2257 2035 2608 2096 Novembris,
2656 2033 2795 2085 duos
2832 2045 2898 2083 ex
2951 2044 3014 2083 ea
3078 2025 3319 2095 suscepit
3375 2022 3599 2084 liberos,

2019 2147 2250 2195 marem,
2280 2138 2337 2184 et
2373 2126 2654 2189 feminam,
2692 2132 2745 2178 et
2780 2122 2896 2191 ipse
2950 2119 3105 2173 Nilus
3169 2125 3354 2171 narrat
3420 2113 3606 2168 ﬂebili-

2020 2234 2101 2280 ter
2148 2225 2202 2277 in
2251 2221 2565 2290 Διηγήμασι
2607 2219 2685 2279 εἰς
2715 2214 2813 2285 τὴν
2845 2211 3126 2280 ἀναίρεσιν
3153 2206 3262 2260 τῶν
3294 2208 3351 2259 ὲν
3379 2204 3459 2274 τῷ
3488 2203 3606 2273 opst

2020 2316 2150 2386 Σινᾷ
2194 2310 2441 2384 μοναχῶν
2486 2309 2580 2362 καὶ
2628 2309 2708 2370 εἰς
2740 2305 2839 2376 τὴν
2898 2298 3280 2373 αξχμαλωσίαν
3314 2295 3605 2349 Θεοδούλου

2020 2407 2111 2461 τοῦ
2142 2404 2259 2459 υἱοῦ
2293 2401 2478 2465 αὐτοῦ,
2512 2401 2561 2454 ἱιΙ
2591 2408 2693 2464 est,
2728 2393 3164 2456 Nat-rationibus,
3185 2388 3374 2460 quibus
3413 2386 3607 2440 ca’dcm

2022 2496 2395 2553 monachorum
2422 2493 2614 2567 montis
2649 2488 2802 2553 Sina,
2835 2496 2890 2540 et
2955 2483 3311 2554 captivitatem
3366 2477 3467 2547 ﬁlii
3525 2475 3614 2528 sui

2023 2588 2291 2642 describit.
2330 2584 2464 2652 Ejus
2514 2597 2621 2634 non
2656 2592 2881 2648 possum
2918 2575 3053 2629 satis
3108 2571 3334 2626 laudare
3359 2575 3616 2622 constan-

2026 2680 2154 2734 tiam
2197 2677 2250 2731 in
2309 2673 2613 2735 “elatione,
2668 2683 2832 2739 quam
2901 2664 3050 2720 dedit
3090 2662 3248 2718 Nilus
3282 2655 3615 2731 (prmfectus

2025 2770 2168 2825 enim
2202 2767 2321 2821 urbi
2348 2765 2562 2818 videtur
2594 2775 2660 2816 eo
2690 2768 2956 2828 tempore,
3023 2753 3091 2809 ad
3147 2767 3354 2807 annum
3407 2748 3618 2805 scilicet

2024 2862 2085 2916 C.
2115 2859 2181 2914 N.
2213 2859 2341 2924 405,
2378 2862 2501 2926 post
2527 2850 2878 2913 Clearchum,
2916 2847 3011 2917 qui
3056 2844 3439 2926 magistratum
3463 2839 3617 2893 illum

2027 2958 2270 3021 gesserat
2290 2925 2547 3008 triennio,
2569 2939 2730 2995 annis
2753 2950 2947 3004 nempe
2973 2932 3097 2997 599,
3115 2930 3241 2996 401,
3265 2927 3392 2993 492,
3422 2925 3618 2992 fuisse,

2032 3016 2286 3113 quamvis
2320 3033 2601 3092 semestris
2627 3038 2838 3086 tantum
2904 3034 3052 3080 esset
3110 3020 3262 3079 urbis
3298 3016 3619 3090 praefectura

2041 3107 2261 3202 propter
2319 3122 2735 3197 amplitudinem
2792 3115 3098 3188 potestatis,
3149 3121 3204 3168 et
3251 3107 3620 3180 praestantiam

2040 3194 2341 3289 dignitatis,
2387 3194 2509 3284 quae
2534 3208 2762 3282 propius
2809 3203 3107 3261 accedebat
3142 3199 3208 3255 ad
3238 3197 3495 3253 verticem
3520 3194 3623 3248 im-

2042 3313 2199 3385 perii,
2217 3319 2273 3366 et
2288 3308 2363 3363 illi
2391 3300 2995 3362 videbaturimminere,
3018 3304 3186 3365 atque
3207 3288 3458 3361 suspecta
3479 3303 3621 3352 esse,

2043 3407 2090 3462 si
2123 3401 2431 3460 diuturnior
2456 3394 2640 3464 foret),
2660 3393 2813 3448 Nilus
2842 3391 3092 3459 inquam,
3124 3386 3220 3455 qui
3249 3394 3623 3440 successorem

2045 3510 2188 3551 anno
2217 3492 2325 3549 404
2379 3487 2571 3547 habuit
2603 3484 2878 3544 Studium,
2914 3496 3039 3535 cum
3091 3494 3189 3549 pro
3243 3490 3467 3531 munere
3526 3486 3629 3525 suo

2046 3594 2297 3643 senatum
2319 3577 2705 3640 consuluisset,
2743 3583 2815 3639 et,
2844 3572 2974 3642 quia
3010 3569 3132 3640 pius
3158 3577 3297 3632 erat,
3334 3564 3631 3631 imperator

2046 3674 2317 3731 Arcadius
2358 3670 2504 3725 illius
2534 3682 2593 3722 se
2636 3665 2888 3735 precibus
2922 3661 2989 3715 ad
3032 3660 3203 3714 Deum
3253 3653 3633 3713 commendas-

2049 3777 2151 3825 set.
2185 3761 2455 3819 Rescribit
2487 3757 2716 3828 epistola
2741 3754 2851 3808 233
2878 3750 3091 3806 Possini
3119 3751 3211 3804 lib.
3237 3766 3299 3813 ιι,
3339 3748 3499 3816 epist.
3526 3741 3636 3797 265
3722 3746 3725 3751 ‘

2049 3857 2255 3920 Allatii,
2281 3851 2558 3925 quomodo
2584 3849 2880 3917 imperator
2928 3838 3460 3907 Constantinopolim
3514 3850 3635 3888 cre-

2057 3946 2311 4006 berrimis
2369 3937 2792 3999 terrtemotibus,
2846 3940 2902 3986 et
2960 3929 3299 3985 immissione
3369 3921 3637 3991 frequenti

2050 4037 2581 4115 θωωιιιετοοτυω
2614 4027 2815 4099 ignium
2833 4025 3115 4077 liberatam
3141 4024 3363 4087 cuperet
3384 4030 3634 4077 cernere,

2053 4114 2177 4195 cum
2205 4126 2624 4190 innumerabilia
2659 4123 2791 4177 inibi
2830 4119 3029 4189 ﬂagitia
3066 4114 3365 4171 commissa
3428 4117 3642 4171 essent,

2054 4241 2108 4289 et
2148 4226 2423 4285 licentiam
2458 4220 2661 4275 ibidem
2693 4213 2920 4269 multam
2954 4209 3218 4278 iniquitas
3246 4219 3371 4259 eum
3420 4199 3646 4259 horrida

2057 4324 2305 4378 libertate
2334 4313 2626 4372 dominans
2659 4312 2959 4366 exerceret,
2997 4319 3014 4352 ι
3045 4297 3269 4368 depulsa
3309 4294 3361 4348 in
3393 4291 3649 4347 exsilium,

2064 4512 2191 4567 tuba
2256 4504 2487 4561 inhibita
2536 4497 2772 4558 Christi,
2847 4490 3058 4546 Joanne
3144 4477 3461 4537 beatissimo
3534 4473 3651 4540 epi-

2066 4561 2273 4670 scopo;
2309 4594 2438 4665 quid
2488 4606 2574 4645 me
2618 4585 2857 4642 hortaris
2917 4580 2992 4634 nti
3060 4577 3250 4644 digner
3300 4579 3487 4639 preces
3530 4561 3654 4615 fun-

2265 4663 2533 4744 titubantc
2561 4683 2697 4738 urbe
2720 4692 2832 4749 pra:
2857 4673 3038 4728 divina
3070 4663 3376 4725 iracundia,
3410 4667 3463 4712 et
3518 4667 3654 4723 quo-

2068 4754 2537 4853 tidieopperiente
2561 4778 2932 4843 tempestates,
2955 4777 3042 4817 me
3061 4761 3170 4828 jam
3197 4761 3417 4826 propter
3447 4754 3654 4805 metunt

2072 4880 2353 4952 fulgurito,
2390 4870 2834 4944 cogitationeque
2862 4873 2982 4914 mea
3005 4857 3325 4912 fluctuante,
3352 4852 3657 4938 atquecon-

2074 4987 2235 5029 cnssa
2291 4973 2511 5039 propter
2559 4967 2845 5016 excessum
2886 4949 3192 5004 facinorum
3226 4952 3348 5009 qua:
3396 4943 3658 5000 tempori-

3330 5036 3338 5039 μ
3417 5024 3439 5039 ρ
3589 5019 3612 5039 «ι
3639 5036 3651 5039 _

392 5022 451 5067 ut
481 5011 689 5064 nullum
737 5004 955 5059 tandem
1004 4996 1246 5058 familiae,
1324 4989 1533 5044 nullum
1576 4983 1752 5055 gentis
1805 4982 1968 5034 fixum

394 5115 592 5157 nomen
630 5096 813 5151 fuerit.
868 5095 926 5146 lu
959 5091 1169 5157 aliquot
1196 5080 1458 5139 Romanis
1479 5074 1833 5148 pontificibus
1862 5071 1973 5124 duo

395 5193 617 5249 nomina
650 5187 899 5256 reperio:
936 5182 1134 5237 Ctelius
1156 5178 1334 5231 dictus
1367 5167 1749 5242 Symmachus,
1777 5163 1975 5217 Caelius

396 5255 740 5344 llonnisdas,
773 5278 1002 5348 ejusque
1030 5273 1178 5327 ﬁlius
1206 5267 1403 5323 Caelius
1436 5259 1724 5322 Silverius,
1759 5255 1888 5326 quin
1924 5263 1978 5307 et

401 5379 602 5433 (simlius
633 5370 957 5428 Laurentius
992 5365 1270 5434 antipapa,
1298 5352 1628 5425 Calpurnius
1663 5349 1978 5408 Pontianus,

408 5471 678 5530 Domitius
702 5466 983 5526 Callistus,
1029 5453 1366 5514 Concordius
1417 5447 1597 5508 Soter,
1633 5442 1871 5498 Joannes
1936 5441 1980 5493 lt

406 5572 773 5637 cognomento
835 5553 1162 5615 Mercurius,
1247 5544 1486 5600 Joannes
1536 5538 1604 5593 ιιι
1662 5536 1983 5612 catellinus,

414 5624 667 5713 Bonosus
695 5650 1018 5708 Benedictus
1053 5644 1092 5709 l,
1126 5639 1386 5695 Rusticus
1415 5631 1676 5702 Agapitus
1708 5626 1751 5697 1,
1810 5624 1988 5679 Julius

417 5747 794 5822 Strphanusl,
826 5743 1026 5799 Fabius
1077 5732 1374 5791 Fabianus,
1434 5720 1718 5781 Ahundius
1780 5716 1989 5787 Zephy-

2076 5068 2177 5122 bns
2210 5019 2362 5116 liisEe
2396 5019 2546 5126 Iapud
2581 5045 2900 5120 Byzantium
2928 5041 3129 5108 injuste
3169 5036 3378 5102 patrata
3415 5019 3612 5078 fuere?
3638 5036 3658 5070 ι

2080 5119 2403 5213 Dubitabam
2431 5119 2726 5216 aliquando
2745 5151 2812 5192 ne
2834 5136 2941 5191 ista
2963 5126 3187 5201 epistola
3205 5123 3396 5177 fuisset
3419 5119 3664 5175 exarata,

2082 5258 2368 5320 postquam
2402 5239 2556 5294 Nilus
2581 5234 2772 5288 abiens
2800 5223 3122 5297 praefectura
3161 5211 3520 5270 monasticam
3551 5217 3668 5257 ams

3069 5312 3080 5320 ‘
3213 5307 3250 5320 Α
3298 5305 3308 5316 ¹
3332 5303 3346 5320 ί
3381 5315 3460 5320 in-
3488 5298 3638 5320 ι-Α-ΙΑ

2082 5298 2275 5412 plenis
2304 5342 2384 5389 est
2418 5331 2610 5392 vitam,
2633 5331 2856 5395 propter
2880 5332 2941 5371 ea
2970 5312 3156 5375 verba,
3181 5303 3349 5372 «Quid
3379 5315 3465 5355 me
3488 5298 3643 5398 horta

2086 5386 2161 5489 :is
2195 5430 2271 5484 uti
2305 5427 2491 5498 digner
2512 5430 2702 5491 preces
2726 5410 2952 5466 fundere
2978 5423 2994 5473 ;
3021 5422 3039 5456 ι
3073 5401 3165 5457 sed
3192 5412 3316 5452 eum
3350 5393 3584 5446 venisset
3616 5386 3670 5438 in

2097 5481 2592 5582 intentem,umun-tts
2627 5518 2750 5562 csse
2803 5493 3041 5571 prrel'ecti
3076 5491 3229 5546 urbis
3259 5481 3549 5541 consulere
3591 5490 3676 5528 se-

2092 5624 2305 5674 natum,
2351 5618 2405 5665 et
2432 5603 2535 5660 nisi
2574 5602 2710 5655 fusis
2745 5596 2854 5649 Deo
2909 5585 3162 5658 precibus
3227 5580 3405 5648 ipsum
3457 5565 3673 5664 θςιςτθηῆ

2096 5655 2305 5674 ..........,
2354 5655 2405 5665 ν-
2910 5655 2922 5658 -

2096 5705 2391 5776 quidquam
2430 5694 2570 5752 haud
2608 5693 2847 5750 solitum,
2909 5694 3015 5734 tam
3083 5675 3148 5728 de
3189 5684 3338 5726 more
3391 5655 3677 5723 (ηἰΙιοίὶολί
