3998 6116
298 812 299 815 “
395 837 461 874 an
489 838 537 876 .o
569 823 637 877 ab
668 821 814 877 Urbe
844 825 1059 879 condita
1098 824 1254 890 “69,
1284 825 1404 879 istis
1435 824 1713 879 versibus:

431 262 533 326 375
1128 267 1275 326 JOS.
1318 264 1578 323 MARLE
1616 254 1971 323 SUARESII
2006 260 2236 324 LIBER
2273 265 2903 327 CHRONOLOGICUS
3503 265 3642 326 1376

396 385 617 428 senatus
650 373 812 437 illius,
845 388 1006 442 quam
1064 374 1189 441 quia
1230 373 1515 442 religiosus
1554 381 1671 425 erat
1704 372 1837 440 ipse,
1871 388 1968 424 an-
1997 374 2043 430 Α
2072 388 2191 427 rum
2243 375 2404 431 rebus
2447 377 2730 443 permultis
2781 385 2986 438 sancte,
3029 390 3093 427 ac
3120 389 3219 444 pro
3244 374 3508 445 dignitate
3544 392 3641 445 ge-

395 464 684 532 diebatqne
714 480 835 518 vere
865 465 1005 531 pius,
1035 480 1154 517 eam
1184 482 1211 518 a
1244 463 1364 518 Nilo
1389 465 1748 532 conscriptam
1785 464 1963 517 adhuc
2065 466 2186 532 stis,
2210 465 2471 521 iuciditin
2503 467 2687 521 odium
2714 465 2971 521 Eutloxize
2999 464 3278 536 Augustae,
3302 463 3432 519 dum
3460 463 3641 520 Theo.

396 553 545 606 urbis
571 551 819 620 praefecto
848 552 1180 607 existimavi.
1232 553 1505 608 Persuasit
1544 553 1594 607 id
1623 553 1751 607 mihi
1811 553 1963 607 llutio
2065 558 2245 626 guosti
2305 557 2523 611 viduam
2573 567 2802 623 tutatus,
2853 556 3100 627 ingressu
3153 555 3413 611 Ecclesia:
3456 558 3641 624 prohi-

397 644 499 695 lius
546 642 801 697 Claudius
829 641 1187 697 Numatianus
1219 642 1426 706 Gallus,
1458 643 1549 697 lib.
1590 658 1604 695 ι
1661 640 1958 708 ltinerarii,
2063 647 2273 703 buisset
2330 647 2655 717 Augustam,
2710 656 2765 700 et
2817 661 2937 700 mox
2978 639 3199 699 tutelam
3261 645 3638 698 Alexandrinm

395 731 486 799 qui
521 732 805 801 pra-fectus
842 734 959 788 urbi
991 733 1195 797 Retine,
1232 734 1469 803 antiqua:
1515 734 1794 799 nimirum,
1860 733 1961 789 fuit
2062 739 2241 794 vidua:
2312 739 2619 808 suscipiens
2676 738 2945 792 adversus
3011 737 3258 791 eamdem
3313 735 3635 804 Augustam,

2064 830 2503 901 Theodoritoque
2556 830 2786 899 patricio
2829 828 2987 899 cujus
3022 828 3112 881 illa
3146 827 3342 897 opibus
3371 826 3633 894 inhiabat,

2062 923 2354 978 consulens
2396 930 2456 975 ut
2497 937 2595 977 sua
2642 921 2827 975 omnia
2892 919 3222 988 pauperibus
3269 917 3636 988 elargiretur;

2062 1030 2182 1085 qua:
2199 1013 2308 1069 Leo
2329 1016 2630 1084 imperator
2667 1014 2843 1069 fusius
2869 1014 2923 1068 in
2953 1009 3072 1067 Vita
3103 1010 3162 1065 S.
3190 1008 3417 1063 Joannis
3448 1023 3637 1076 prose-

2062 1106 2250 1175 quitur
2279 1106 2420 1176 apud
2445 1106 2774 1161 cardinalem
2802 1103 3099 1159 Bai-ouium
3125 1116 3140 1169 ;
3183 1117 3306 1156 cum
3337 1098 3633 1157 Severiano

2062 1209 2283 1265 quoque
2315 1193 2629 1259 Gabalcnsi,
2682 1207 2919 1262 cumque
2961 1192 3082 1262 ipso
3119 1201 3312 1246 sancto
3338 1190 3633 1260 Epiphanio

2064 1283 2263 1355 Cyprio
2292 1284 2619 1355 praesulibus
2647 1283 2941 1348 dissidens,
2979 1281 3426 1352 eonspirantibns
3464 1280 3632 1350 pluri-

622 953 722 989 non
754 936 1001 1008 displicui
1046 954 1279 1008 regerem
1323 955 1440 991 cum
1459 938 1589 1008 jura
1615 938 1850 1004 Quirini,

531 1004 593 1077 S_i
641 1007 778 1059 colui
817 1016 1047 1077 sanctos,
1079 1004 1420 1077 consuluique
1450 1004 1641 1060 Patres
1663 1048 1678 1071 ,

534 1074 678 1128 Nam
724 1078 863 1145 qncd
909 1076 1056 1129 nulla
1123 1093 1290 1129 meum
1333 1074 1705 1145 strinxerunt
1736 1077 1963 1131 crimina

574 1180 581 1185 -
736 1143 744 1145 ἡ
1690 1143 1710 1217 [
1739 1147 1959 1215 ferrum,

538 1212 659 1268 Non
679 1214 748 1269 sit
762 1213 1012 1283 prazfecti
1041 1215 1236 1285 gloria.
1280 1215 1371 1269 sed
1398 1215 1601 1285 populi.

390 1322 632 1379 Omnino
661 1339 790 1379 vero
818 1327 1161 1381 conﬁrmavit
1185 1342 1315 1383 cura
1348 1327 1680 1396 reliquorum
1709 1338 1957 1384 motuum

390 1413 485 1479 qui
523 1412 797 1468 subsecuti
842 1424 970 1469 sunt
1015 1415 1068 1470 in
1101 1430 1265 1470 causa
1305 1417 1480 1471 sancti
1508 1414 1738 1472 Joannis
1788 1417 1962 1488 Chry-

392 1505 620 1559 sostomi
685 1520 831 1559 anno
885 1506 1009 1571 404,
1064 1507 1390 1563 demandata
1464 1505 1660 1562 Studio
1711 1508 1964 1578 praefecto

392 1594 514 1647 urbi
563 1594 1197 1667 Constantinopolitanae,
1230 1597 1284 1651 in
1309 1598 1344 1651 Ι.
1372 1597 1439 1652 57
1468 1596 1529 1652 G.
1582 1596 1659 1653 De
1694 1599 1854 1667 episc.
1912 1609 1962 1653 et

391 1686 520 1741 cler.
550 1695 604 1741 et
631 1686 792 1757 legib.
826 1704 899 1753 tv,
941 1703 995 1752 ν,
1020 1703 1094 1751 Vl,
1124 1688 1203 1742 De
1240 1690 1342 1752 Itis,
1397 1690 1487 1760 qui
1517 1706 1671 1759 super
1715 1690 1964 1761 religione
1993 1700 2040 1759 Β

392 1779 731 1834 contendunt.
760 1779 981 1836 Studius
1016 1790 1162 1836 certe
1186 1782 1308 1847 iste,
1344 1782 1411 1837 ad
1444 1799 1606 1853 quent
1634 1792 1812 1839 exstat
1834 1801 1965 1838 san-

392 1875 465 1927 cti
500 1873 725 1930 Joannis
759 1877 1035 1946 Cbrysost.
1063 1875 1316 1945 'Epistola
1347 1878 1487 1933 inter
1523 1877 1827 1936 Savilianas
1872 1880 1963 1945 57,

394 1975 527 2017 tom.
557 1963 665 2029 Vll,
690 1980 741 2034 p.
777 1965 900 2028 197,
929 1965 1072 2019 inter
1100 1964 1498 2021 FrontOnianas
1541 1965 1663 2032 127,
1695 1982 1815 2038 pag.
1838 1966 1966 2036 921,

394 2052 649 2122 inscripta
694 2055 961 2125 Στουδείῳ
996 2055 1223 2125 ἐπάρχῳ
1251 2055 1353 2125 τῆς
1387 2055 1616 2120 πόλεως,
1669 2072 1776 2127 qua
1833 2074 1962 2113 eum

392 2145 709 2200 consolatur
731 2145 798 2201 de
820 2155 995 2202 morte
1036 2146 1245 2212 fratris,
1276 2147 1320 2203 is
1367 2158 1472 2212 est,
1523 2149 1591 2204 de
1620 2164 1732 2220 quo
1788 2148 1962 2204 Theo-

392 2236 562 2291 dorus
587 2237 864 2293 Itomanns
887 2239 1029 2304 apud
1054 2237 1358 2293 Palladium
1378 2239 1431 2292 in
1453 2239 1657 2310 Dialog.
1682 2240 1883 2296 Suidas
1911 2241 1963 2295 in

396 2342 447 2378 ν.
494 2326 761 2391 Στούδιος.
784 2328 898 2383 hate
920 2328 1084 2383 habet
1109 2326 1315 2391 Graece,
1342 2343 1464 2399 quae
1495 2327 1687 2382 Latina
1712 2329 1963 2384 exhibeo:

400 2436 417 2469 ι
449 2418 674 2472 Studius
711 2419 812 2474 fuit
837 2421 919 2474 vir
949 2429 1162 2489 potens,
1195 2428 1249 2475 et
1278 2422 1545 2476 exstruxit
1576 2420 1791 2476 celebre
1845 2437 1963 2476 mo.

394 2509 705 2591 nasterinnl
738 2509 1097 2575 Studitarum,
1139 2512 1283 2580 quod
1334 2511 1385 2565 in
1440 2511 1634 2582 primis
1685 2513 1969 2569 catholicae

394 2598 496 2653 fuit
528 2590 802 2665 EccleSia',
834 2600 1053 2656 demum
1082 2618 1210 2657 vero
1237 2602 1453 2657 transiit
1481 2603 1537 2657 in
1575 2606 1967 2660 monasterium

394 2692 585 2761 νομὴν,
615 2691 668 2745 id
699 2700 802 2755 est,
831 2693 1088 2761 pt‘mdam.
1127 2693 1217 2747 Ille
1246 2693 1362 2762 ipse
1398 2694 1652 2762 templum
1685 2694 1970 2750 aediﬁcavit

393 2778 560 2836 Ducis
586 2782 902 2850 angelorum
950 2782 1207 2849 Nacbliae,
1241 2783 1296 2838 in
1337 2798 1447 2855 quo
1476 2784 1724 2840 feruntur
1762 2786 1815 2840 bi
1848 2802 1970 2842 ver-

393 2888 490 2929 sus
519 2872 739 2934 heroici,
776 2889 913 2942 quos
941 2875 1011 2930 ita
1044 2877 1177 2931 verti
1202 2894 1216 2931 :

534 2986 709 3054 Quam
780 2986 882 3042 cito
937 2988 1290 3059 splendentem
1360 2993 1659 3046 construxit
1726 2991 1965 3134 [διιᾶάίιιο

719 3126 750 3134 _
899 3128 932 3134 η
1170 3130 1180 3134 _
1280 3129 1290 3134 _
1674 3132 1681 3134 _
1763 3079 1809 3118 ω
1848 3081 1962 3131 em,

1763 3079 1929 3118 auem
1947 3107 1962 3131 ,

710 3126 958 3184 Consulis
1005 3130 1205 3199 accepit
1246 3129 1443 3203 virgam
1479 3132 1712 3187 mercede
1726 3126 1964 3203 reperta;

394 3239 670 3295 Hactenus
702 3240 925 3296 Suidas.
955 3242 1251 3298 Consulem
1280 3244 1496 3299 invenio
1528 3244 1780 3303 Studium
1838 3263 1963 3303 cum

395 3328 554 3384 Aetio
580 3332 889 3386 missurum
918 3333 980 3388 C.
1025 3330 1092 3388 N.
1139 3333 1264 3398 456,
1307 3336 1410 3391 etsi
1446 3336 1539 3392 alii
1583 3337 1765 3408 legant
1812 3338 1965 3394 Asta-

396 3420 574 3471 rium:
608 3435 673 3473 ex
714 3419 816 3475 hoc
861 3421 1191 3478 monasterio
1233 3425 1430 3494 prodiit
1454 3426 1546 3481 diu
1599 3437 1723 3497 post
1785 3427 1964 3485 Theo-

394 3510 562 3563 dorus
591 3510 830 3565 Studites
859 3527 1006 3566 anno
1049 3512 1175 3580 820,
1218 3514 1314 3584 qui
1381 3518 1667 3576 confessor
1710 3526 1964 3593 egregius

390 3601 777 3668 catholicarque
810 3601 931 3656 fidei
964 3603 1109 3672 pugil
1141 3603 1379 3663 invictus
1402 3610 1635 3675 exstitit,
1654 3614 1959 3682 eodemque

384 3690 483 3742 die
529 3689 722 3744 natalis
763 3690 885 3760 ejus
918 3692 1248 3762 celebratur,
1278 3713 1388 3768 quo
1412 3697 1518 3753 Nili
1553 3701 1785 3767 abbatis,
1829 3702 1985 3759 duo-'

390 3778 606 3832 decima
630 3780 835 3836 scilicet
860 3780 1182 3843 Novembris
1199 3790 1252 3842 in
1275 3787 1655 3860 Martyrologio
1680 3789 1961 3861 Romano;

395 3880 453 3924 at
480 3872 533 3924 itt
565 3872 885 3945 Meuologio,
916 3877 975 3931 ll
1011 3877 1282 3935 Theodori
1328 3881 1577 3948 Studitae,
1609 3883 1695 3946 1‘3,
1721 3882 1824 3939 Nili
1871 3902 1964 3941 so-

392 3960 602 4016 lemnes
630 3963 983 4034 designantur
1032 3969 1174 4023 dlCS.‘
1200 3968 1534 4040 TlteOphilns
1562 3971 1964 4033 Alexandrinus

389 4052 558 4126 65,9
583 4057 1023 4128 archiepiscopus
1069 4060 1315 4117 infensus
1338 4071 1534 4118 sancto
1554 4062 1752 4120 Joanni
1785 4067 1964 4139 Gbry-

392 4158 638 4202 sostomo
667 4150 878 4206 accitus
908 4151 961 4204 in
1001 4151 1190 4206 urbem
1219 4162 1443 4208 venerat
1475 4164 1598 4224 post
1615 4156 1826 4212 obitum
1847 4157 1959 4214 Ne-

390 4239 546 4291 ctarii
577 4240 977 4311 archiepiscopi
1019 4242 1612 4314 Constantiuopolitaui
1652 4263 1799 4303 anno
1823 4250 1863 4305 C
1890 4249 1957 4305 N.

2061 1366 2166 1431 bus
2231 1374 2597 1447 ntagnatibns,
2646 1389 2787 1444 quos
2809 1372 3146 1429 concitarunt
3181 1372 3360 1427 vidum
3388 1372 3632 1441 quaedam

2062 1467 2427 1529 lascivientes,
2479 1481 2711 1538 quarum
2773 1466 3075 1521 delineasse
3110 1462 3386 1518 licentiam
3427 1461 3637 1517 videtur

2064 1557 2359 1628 Apostolus
2400 1558 2454 1612 in
2485 1555 2505 1610 l
2534 1556 2706 1627 Epist.
2782 1556 2853 1610 ad
2903 1555 3132 1618 Timoth,
3160 1546 3213 1610 c'.
3276 1570 3335 1621 ιι,
3391 1569 3638 1624 quasque

2065 1650 2554 1722 καταστρηνιώεας
2610 1650 2665 1704 iJ
2719 1657 2823 1714 est,
2876 1649 3234 1711 luxuriantes,
3286 1649 3403 1715 ipse
3445 1645 3632 1701 Joan-

2065 1758 2164 1799 nes
2213 1744 2332 1798 zelo
2357 1758 2622 1798 accensus
2654 1749 2932 1812 arguerat,
2983 1741 3241 1796 nimirum
3280 1739 3470 1794 Martia
3502 1741 3636 1792 Ρι-οι

2066 1838 2197 1892 moti
2232 1835 2466 1909 (fratris,
2498 1835 2611 1891 sive
2640 1833 2890 1889 fratrissa
2922 1831 3183 1887 Eudoviaa
3202 1833 3482 1901 Augustae,
3510 1819 3630 1900 qua:

2066 1930 2175 1984 lilia
2223 1938 2340 1985 erat
2389 1927 2626 1983 Promoti
2653 1926 2911 1990 senioris,
2949 1932 3008 1979 ιιι
3056 1924 3228 1989 reor),
3255 1922 3511 1979 Castiitia
3537 1922 3638 1977 Sa-

2069 2023 2273 2078 turnini
2328 2023 2418 2093 (an
2475 2021 2594 2092 ejus
2647 2020 2741 2091 qui
2773 2018 2967 2074 consul
2992 2017 3096 2072 fuit
3128 2032 3249 2072 cum
3289 2014 3633 2075 Merobaude,

2066 2128 2232 2178 anno,
2283 2112 2409 2176 585,
2452 2120 2506 2167 et
2557 2107 2624 2165 ad
2676 2125 2838 2181 quem
2889 2116 3111 2165 exstant
3166 2107 3425 2177 Epistolas
3463 2105 3637 2158 sanrti

2066 2203 2312 2275 Gregorii
2379 2200 2731 2269 Nazianzeni,
2800 2200 3002 2271 quibus
3071 2200 3173 2270 ipsi
3227 2197 3417 2253 tribuit
3464 2197 3639 2266 ἀρχῆς

2070 2296 2220 2366 ὕψος,
2255 2295 2607 2366 magistratus
2640 2293 3042 2359 celsitudinem,
3082 2292 3199 2346 sive
3233 2289 3637 2360 praefecturam,

2067 2386 2239 2440 sancti
2273 2384 2459 2440 Basilii
2514 2384 2641 2450 515,
2676 2384 2770 2455 qui
2813 2383 3068 2439 comitem
3100 2389 3260 2435 vocat
3291 2378 3545 2442 Orientis,
3586 2386 3638 2432 et

2070 2475 2281 2531 Libanii
2311 2490 2416 2546 qua
2458 2473 2687 2540 Latinae,
2715 2490 2823 2545 qua
2867 2473 3069 2529 Graeca:
3112 2472 3168 2527 in
3205 2471 3486 2526 Vaticanis
3531 2470 3635 2525 Be-

2068 2566 2278 2639 giisque
2318 2565 2645 2637 codicibus),
2676 2574 2731 2621 et
2780 2564 3108 2636 Eugrapbia,
3154 2565 3311 2634 cujus
3347 2564 3403 2618 in
3428 2561 3639 2618 aedibus

2068 2658 2447 2714 diversabatur
2500 2656 2856 2726 Theophilus,
2908 2655 3203 2711 vindictam
3253 2654 3640 2710 anhelantibus

2067 2749 2287 2806 Asianis
2332 2747 2630 2820 episcopis,
2665 2763 2806 2818 quos
2849 2757 3172 2803 coercuerat
3223 2746 3277 2802 in
3312 2746 3515 2803 Asiana
3540 2760 3635 2817 sy-

2070 2840 2233 2900 nodo.
2287 2842 2469 2898 Rediit
2508 2842 2674 2911 igitur
2720 2838 3078 2911 Theophilus,
3126 2840 3200 2895 ab
3224 2854 3401 2912 eoque
3427 2840 3637 2911 cogitur

2070 2933 2495 2989 conciliabulum
2528 2932 2596 2988 ad
2626 2932 2898 3000 Quercum
2920 2931 3266 3005 (suburbium
3288 2933 3339 2988 id
3370 2941 3454 2987 est
3478 2932 3635 2988 Chal-

1993 3024 2038 3082 C
2068 3026 2293 3082 cedonis
2333 3035 2485 3081 trans
2510 3039 2681 3092 mare,
2724 3038 3138 3096 cognomenque
3180 3024 3461 3079 sortitura
3500 3022 3635 3078 Ruf-

2068 3117 2199 3189 fino)
2228 3117 2348 3174 dies
2366 3116 2570 3173 dicitur
2591 3125 2785 3171 sancto
2802 3114 3023 3181 Joanni,
3049 3116 3143 3184 qui
3160 3115 3635 3179 noluitinteresse,

2068 3222 2352 3282 suspectos
2374 3210 2500 3273 sibi,
2530 3219 2585 3265 et
2614 3208 2870 3265 inimicos
2920 3223 3185 3263 recusans
3227 3207 3535 3278 episcopos,
3581 3219 3635 3261 et

2067 3305 2425 3377 iniustissime
2454 3304 2747 3360 damnatur
2773 3302 2994 3366 absens,
3016 3308 3175 3370 atque
3209 3298 3505 3354 inauditus.
3527 3297 3633 3350 lle-

2067 3398 2272 3455 latioue
2317 3398 2442 3453 data
2496 3395 2735 3451 Arcadio
2789 3394 3130 3465 imperatori,
3183 3391 3633 3462 cumimpclleret

2065 3491 2310 3562 Augusta
2365 3489 2634 3555 Eudoxio,
2678 3489 2834 3559 jussu
2860 3485 3082 3541 Arcadii
3112 3484 3345 3540 antistes
3368 3484 3629 3538 innocen—

2068 3586 2313 3640 tissimus
2349 3599 2379 3639 e
2406 3584 2533 3640 sede
2557 3598 2658 3639 sua
2686 3582 3031 3645 deturbatur,
3062 3588 3117 3637 et
3161 3576 3628 3645 Constantinopoli

2066 3674 2351 3743 depellitur
2372 3689 2516 3729 anno
2543 3674 2671 3736 405,
2706 3673 2796 3729 sed
2829 3672 2898 3727 ob
2926 3677 3321 3735 terrasmotum,
3358 3682 3467 3738 quo
3503 3681 3633 3721 con-

2066 3782 2223 3822 cussa
2281 3766 2415 3821 urbs
2470 3765 2556 3821 illa
2619 3763 2910 3820 confestim
2975 3762 3219 3825 tremuit,
3248 3768 3460 3814 terrore
3488 3758 3630 3821 aula,

2068 3855 2328 3926 plebsque
2381 3865 2651 3910 commota
2680 3854 2802 3919 fuit,
2843 3854 2999 3923 isque
3024 3861 3312 3908 revocatur
3341 3866 3371 3904 e
3400 3852 3631 3904 Pre‘euo

2069 3948 2173 4022 (est
2226 3949 2332 4004 hoc
2383 3948 2602 4018 quidem
2655 3948 2960 4017 emporium
3001 3946 3164 4000 etiam
3193 3954 3345 3999 trans
3380 3958 3526 3996 mare
3558 3941 3634 3996 si-

2068 4053 2180 4096 tum
2200 4057 2231 4096 e
2258 4041 2481 4110 regione
2506 4038 2880 4108 Nicomedia),
2901 4038 3133 4109 legerem
3150 4047 3345 4092 tantum
3373 4034 3633 4097 l’ramrm,

2066 4133 2209 4203 quod
2246 4141 2329 4187 est
2358 4131 2621 4202 Bithyniae
2655 4131 2914 4200 oppidum
2936 4130 3266 4199 episcopale,
3296 4127 3630 4196 thermisque

2068 4219 2400 4290 prt‘celebre,
2436 4221 2502 4275 de
2533 4235 2642 4290 quo
2664 4220 2745 4291 egi
2778 4220 2872 4274 lib.
2904 4236 2921 4274 ι
2957 4218 3242 4283 Prwnest.,
3281 4234 3332 4274 c.
3355 4219 3424 4285 3;
3461 4226 3513 4272 et
3536 4217 3630 4271 lib.

388 4327 515 4393 397,
547 4344 641 4383 seu
670 4330 927 4393 Caesarie,
949 4338 1005 4384 et
1030 4331 1210 4386 Attico
1231 4345 1402 4398 coss.,
1426 4333 1617 4401 quinto
1642 4334 1761 4390 Kal.
1797 4334 1961 4392 Octo-

2070 4332 2128 4384 ιι,
2152 4332 2203 4372 c.
2232 4318 2286 4372 9.
2322 4315 2488 4388 650
2519 4314 2630 4370 Nec
2658 4315 2750 4370 diu
2786 4324 2907 4382 post
2933 4330 3080 4370 anno
3114 4314 3242 4380 404,
3262 4329 3388 4369 cum
3419 4315 3472 4368 in
3500 4328 3633 4366 con-

368 4419 526 4499 ybris,
562 4420 626 4474 ad
657 4422 900 4487 comitia,
936 4421 1070 4476 ctad
1095 4422 1402 4491 eligendum
1433 4438 1827 4492 successorem,
1865 4429 1963 4483 ba-

391 4513 612 4581 bitoque
636 4512 891 4573 concilio,
917 4512 1097 4566 visum
1131 4520 1214 4567 est
1235 4528 1517 4570 accersere
1546 4512 1812 4574 Joannem
1845 4523 1957 4575 An-

390 4603 724 4666 tioeltennm,
748 4602 825 4656 uti
849 4600 1103 4656 Nectario
1139 4604 1550 4674 subrogaretur.
1590 4606 1689 4664 Hic
1721 4607 1960 4668 Joannes

389 4692 694 4760 piissimus,
753 4707 819 4745 ac
870 4691 1381 4761 eloquentissimus,
1408 4705 1463 4750 et
1511 4699 1581 4752 ab
1608 4697 1950 4758 Atttiocbeno

389 4782 591 4852 populo
619 4783 984 4852 prmdilectus,
1014 4799 1161 4838 anno
1186 4785 1310 4851 398,
1337 4794 1491 4855 porta
1522 4787 1765 4845 Romana
1796 4803 1961 4849 vasta:

389 4873 536 4929 illius
566 4875 806 4930 civitatis
838 4889 1114 4946 egressus,
1154 4885 1410 4945 tanquam
1458 4879 1559 4933 iret
1590 4880 1655 4934 ad
1699 4884 1958 4954 martyria

387 4982 513 5022 cum
562 4971 762 5023 comite
790 4966 1029 5023 Orientis
1075 4968 1377 5024 Antiochia:
1410 4971 1697 5028 residentis
1743 4973 1960 5030 Asterie

387 5060 736 5130 (scholiastcs
769 5059 990 5114 Codicis
1022 5059 1385 5116 Theodosiani
1413 5072 1599 5117 narrat
1631 5065 1697 5118 ad
1732 5065 1768 5118 ι.
1808 5080 1954 5122 xxxv

387 5146 466 5200 De
504 5146 765 5216 operibus.
820 5147 1017 5217 public.
1052 5163 1084 5202 e
1126 5147 1451 5214 Sozomeno,
1511 5151 1607 5205 lib.
1651 5167 1769 5217 vnn,
1815 5169 1865 5209 c.
1899 5155 1954 5218 ‘2,

384 5240 529 5295 Hist.
570 5239 753 5293 eccles.
793 5239 1052 5305 Palladio,
1093 5250 1147 5295 ct
1188 5240 1421 5312 Gecrgio
1453 5242 1507 5295 itt
1561 5241 1663 5296 Vit.
1702 5244 1759 5298 S.
1792 5243 1951 5300 Joan.

383 5329 892 5400 Cbrys.),‘repente
934 5330 1280 5398 imperatoris
1321 5331 1540 5385 Arcadii
1587 5331 1745 5401 jussu
1780 5335 1848 5387 ab
1883 5352 1948 5389 eo

382 5419 638 5489 dirigitur
700 5419 1247 5487 Constantinopolim,
1298 5428 1353 5473 et
1406 5419 1476 5473 ibi
1533 5419 1603 5474 26
1644 5418 1949 5484 Februarii,

386 5510 638 5573 quamvis
684 5511 852 5563 invito
898 5507 1201 5579 Thcophilo
1256 5508 1646 5575 Alexanlrino,
1680 5512 1949 5581 archiepi-

388 5607 589 5662 scopus
651 5596 1289 5668 Constantinopolitanus
1343 5601 1443 5655 rite
1490 5603 1796 5658 ordinatur.
1848 5603 1950 5659 Ve-

2064 4410 2223 4464 cione
2270 4418 2495 4463 sanctus
2533 4408 2731 4477 praesul
2774 4406 3023 4463 invectus
3059 4406 3258 4463 fuisset
3296 4406 3506 4477 publice
3538 4405 3633 4457 ad-

2064 4514 2257 4554 versus
2282 4498 2584 4554 Eudoxiam
2628 4497 2700 4553 ob
2738 4506 2972 4552 statuam
3024 4509 3337 4569 argenteam
3360 4497 3461 4567 ipsi
3495 4495 3634 4566 posi-

2066 4599 2196 4656 tam,
2217 4600 2564 4661 ercctamque
2591 4604 2753 4659 super
2773 4590 3028 4644 columna
3055 4575 3435 4660 porphyretica
3468 4601 3632 4657 prope

2064 4683 2236 4753 ipsam
2267 4682 2552 4737 ecclesiam
2591 4696 2713 4737 cum
2742 4682 2908 4747 ludis,
2942 4682 3384 4750 bistrionumque
3422 4688 3633 4748 specta-

2063 4773 2222 4839 culis,
2250 4783 2304 4828 et
2347 4774 2560 4827 cultura
2612 4772 2899 4826 hominum
2959 4772 3280 4839 dignitatem
3336 4771 3631 4824 excedente

2062 4866 2130 4920 ab
2158 4879 2304 4920 anno
2326 4865 2453 4931 405,
2494 4873 2632 4920 teste
2690 4862 3006 4919 Marcellino
3036 4863 3089 4917 in
3125 4861 3419 4927 Chronico,
3451 4869 3505 4914 et
3528 4858 3628 4915 So-

2061 4967 2229 5023 crate,
2280 4957 2375 5011 lib.
2414 4972 2489 5021 vt,
2521 4971 2573 5010 c.
2612 4955 2696 5022 l6,
2735 4965 2789 5010 et
2816 4953 3145 5015 Sozomeno.
3183 4953 3277 5007 lib.
3304 4968 3419 5017 vni,
3452 4965 3507 5006 c.
3532 4950 3624 5014 20,

2059 5059 2113 5104 et
2144 5050 2176 5101 Ι.
2217 5048 2363 5102 unic.
2407 5047 2470 5102 C.
2508 5045 2783 5101 Tlteodos.
2820 5047 2894 5100 De
2922 5045 3245 5115 imaginibus
3290 5044 3534 5111 imperat.
3561 5056 3625 5097 ac

2060 5143 2093 5197 Ι.
2130 5158 2178 5197 tv
2212 5140 2287 5195 De
2319 5141 2399 5194 his
2431 5140 2522 5211 qui
2553 5156 2710 5209 super
2744 5139 2892 5208 relig.
2942 5137 3186 5191 contend.
3217 5137 3255 5191 l.
3290 5152 3377 5191 XLI
3399 5145 3449 5190 et
3501 5150 3624 5188 xuv

2063 5231 2136 5284 De
2173 5231 2366 5299 operib.
2423 5229 2617 5298 public.
2678 5227 2768 5281 ubi
2810 5226 3154 5289 scholiastes,
3186 5235 3241 5279 et
3295 5225 3349 5278 in
3379 5225 3626 5279 Clu-ono-

2058 5323 2195 5394 logia
2254 5338 2307 5392 p.
2365 5323 2487 5377 M7.
2535 5323 2663 5375 Erat
2688 5328 2868 5374 autem
2896 5317 3327 5389 propensissimo
3362 5317 3416 5370 in
3446 5316 3625 5370 Eudo-

2060 5419 2200 5470 siam
2250 5416 2430 5472 studio
2489 5415 2774 5475 Arcadius,
2816 5428 2982 5484 quam
3019 5420 3073 5467 et
3100 5400 3247 5465 anno
3279 5409 3387 5464 400
3414 5409 3623 5480 procla-

2057 5510 2191 5564 mari
2224 5510 2510 5564 mandarat
2538 5512 2840 5580 Angustam
2886 5523 2917 5561 e
2943 5502 3617 5566 ChronicoAlexandrino,

2056 5613 2106 5656 et
2130 5620 2157 5659 a
2184 5619 2286 5674 qua
2306 5603 2662 5672 Sclysnbriam
2688 5604 2988 5672 nuncupari
3010 5601 3322 5671 permiserat
3349 5597 3618 5654 Eudoxio-
