3998 6116
366 285 492 348 1:177

1663 284 1761 343 DE
1804 279 1981 342 VITA
2018 278 2077 338 S.
2119 282 2301 342 NlLI.

3475 287 3612 353 i373

361 400 548 469 polim,
592 399 655 463 iu
695 416 814 455 eam
878 414 1044 471 porro
1095 408 1319 452 sanctus
1346 397 1813 468 archiepiscopus,
1845 392 1941 465 qui
1975 395 2014 448 A
2046 410 2097 449 e.
2134 396 2218 462 19,
2249 396 2341 449 lib.
2375 411 2424 448 vt
2453 413 2467 450 :
2492 410 2587 450 seu
2621 395 2974 465 Septembris,
3006 404 3064 450 ut
3089 396 3243 450 aiunt
3268 396 3383 462 alii,
3416 415 3613 469 nempe

357 490 648 545 Circenses
672 490 831 546 ludos
884 490 1022 545 adeo
1086 489 1478 554 insectabatur,
1522 489 1928 545 cthistrionum

356 581 688 651 spectacula,
750 596 871 651 qua:
915 579 1234 635 nutriebant
1281 579 1572 650 spurcitias
1617 579 1925 646 libidinum,

360 681 416 726 et
437 670 759 727 idololatriae
784 670 1043 740 reliquias
1061 673 1475 736 conservabant,
1508 669 1723 738 penitus
1747 669 1929 724 delere

356 764 653 834 satagebat.
679 763 835 817 Certe
857 762 1021 826 malo,
1045 771 1208 832 atque
1228 761 1555 816 detrimento
1574 760 1924 832 Reipublicm,

356 854 662 924 datunoque
691 868 754 907 ac
787 852 1030 923 periculo
1077 853 1423 924 regnantium
1481 852 1924 923 principum,ja-

358 950 620 1013 etut-aque
640 943 969 1005 honestatis.
990 953 1045 999 et
1075 959 1291 999 morum
1310 943 1619 1014 corruptela
1650 943 1742 998 diu
1765 942 1925 998 dvin-

356 1050 482 1104 ccps
495 1034 800 1104 perstitere,
820 1032 1195 1106 factionesque
1211 1033 1589 1097 Prasiuorum,
1610 1045 1664 1088 et
1697 1032 1927 1088 Veneto-

355 1143 475 1180 rum
537 1125 692 1182 fuere
733 1127 948 1183 semina
976 1128 1328 1193 seditionum,
1355 1135 1414 1181 ut
1441 1142 1505 1181 ex
1535 1126 1840 1181 Annalibus
1870 1127 1929 1180 li-

353 1228 504 1291 quet,
536 1229 700 1290 atque
740 1220 1097 1291 perduellium
1142 1226 1437 1290 praetextas
1482 1235 1546 1272 ex
1584 1219 1690 1274 illis
1721 1219 1926 1274 colori-

354 1290 456 1364 bus
515 1290 786 1380 desumpti
835 1323 996 1375 sunt;
1034 1309 1176 1365 unde
1211 1309 1556 1365 convincitur
1582 1310 1923 1364 mendacium

357 1394 520 1459 illius,
539 1397 630 1466 qui
649 1396 890 1467 jactabat
910 1399 1164 1469 expedire
1186 1398 1432 1469 Augusto
1456 1409 1515 1453 ut
1545 1400 1779 1471 populus
1816 1399 1924 1454 illis

355 1484 734 1542 distineretur.
781 1487 833 1541 lu
877 1504 996 1544 eam
1029 1488 1298 1560 (inquam)
1333 1488 1786 1559 vigilantissimus
1824 1505 1923 1559 pa-

354 1584 471 1631 stor
517 1577 847 1648 divinusque
865 1594 1042 1651 praeco
1059 1580 1347 1649 detonuit;
1370 1581 1556 1652 itaque
1581 1593 1769 1636 notum
1792 1582 1921 1653 quid

354 1666 527 1736 possit
556 1666 744 1725 furens
774 1669 1118 1740 etimpcrans
1152 1670 1392 1727 femina:
1427 1672 1794 1728 conciliabula
1815 1673 1922 1728 alio

353 1756 423 1811 ab
469 1754 672 1812 Aeaeio
717 1757 977 1829 episeopo
1017 1758 1291 1816 Berrbmae
1347 1760 1401 1815 in
1440 1759 1775 1827 Macedonia,
1811 1761 1926 1817 An-

351 1848 536 1903 tiocho
569 1847 942 1917 Ptolemaidis,
1001 1851 1298 1906 Severiano
1343 1852 1697 1916 Gabalorum,
1747 1862 1801 1908 et
1823 1855 1928 1927 Cy-

352 1939 473 1994 rino
533 1938 912 2005 Chalcedonis,
940 1952 993 1998 et
1035 1943 1383 1998 multitudine
1438 1945 1673 1999 aliorum
1714 1948 1928 2016 episco-

348 2046 567 2101 porum,
598 2032 846 2099 collecto,
883 2033 1063 2105 inquo
1091 2035 1433 2090 licetabscns
1448 2035 1804 2107 Theophilus,
1840 2039 1926 2093 ni-

351 2124 649 2179 hilominus
677 2125 1080 2195 dominabatur,
1101 2128 1295 2183 iterum
1323 2129 1564 2186 Joannes
1593 2132 1925 2187 condemna-

350 2219 459 2266 tur.
501 2209 648 2266 luter
680 2215 1049 2270 accusationis
1083 2231 1212 2271 vero
1258 2219 1438 2289 capita
1484 2218 1740 2291 Origenis
1771 2237 1918 2277 erro-

352 2314 440 2353 res
487 2298 688 2357 fovisse
739 2302 1178 2372 insimulabatur,
1213 2322 1375 2377 quam
1416 2309 1747 2366 calumniam
1789 2315 1924 2370 satis

352 2390 571 2447 diluunt
625 2403 879 2451 auctores
922 2397 1108 2464 sacri;
1168 2414 1267 2455 nec
1305 2401 1449 2456 enim
1497 2404 1796 2460 monachos
1829 2406 1923 2476 qui

350 2495 508 2540 erant
537 2483 881 2557 Origenistze,
906 2488 1012 2543 alia
1036 2489 1104 2546 de
1137 2504 1299 2547 causa
1330 2493 1744 2564 perhumaniter
1767 2511 1925 2553 exce-

350 2576 449 2646 pit,
483 2592 647 2646 quam
680 2588 736 2632 ut
775 2574 844 2632 ad
867 2578 1165 2636 Ecclesiam
1204 2583 1532 2639 catholicam
1573 2587 1829 2657 pellectos
1858 2604 1921 2644 ea

351 2668 662 2735 clementia,
696 2671 1017 2743 lenitosque,
1066 2688 1129 2729 ac
1174 2676 1584 2734 mansuefactos
1617 2681 1918 2736 reduceret.

353 2760 442 2814 Sic
480 2771 704 2816 sanctus
735 2762 969 2834 Cyrillus
1003 2763 1255 2837 Origenis
1302 2770 1510 2825 assccla
1538 2769 1675 2827 falso
1694 2773 1917 2831 dicitur.

353 2849 444 2906 Sic
478 2864 703 2908 sanctus
742 2854 1109 2927 Hieronymus
1132 2875 1159 2912 a
1205 2858 1447 2915 Palladio
1478 2873 1704 2918 vocatur
1734 2864 1924 2937 Orige-

352 2941 519 3005 nista,
549 2944 676 3013 quia
707 2944 909 3002 liberos
946 2948 1083 3020 napi
1105 2949 1291 3020 ἀρχῶν
1330 2949 1580 3024 Origenis
1618 2959 1919 3022 transtulit,

2033 487 2181 541 card.
2248 486 2516 542 Barouius
2562 486 2613 541 in
2650 485 2965 551 Annalibus,
3008 486 3261 557 migravit
3318 490 3373 543 in
3410 492 3609 544 coelum

2033 577 2283 648 gloriosm
2305 577 2669 633 confessionis
2698 593 2812 633 suae
2851 578 3133 647 prmmium
3168 590 3507 649 recepturus,
3549 591 3604 635 et

2031 668 2119 725 die
2137 669 2205 723 27
2222 667 2448 724 Januar.
2471 669 2673 723 relatus
2695 670 2745 722 in
2764 668 3173 724 Kalendarium.
3196 669 3389 726 Festus
3411 670 3614 726 Trans-

2030 759 2247 815 lationis
2282 760 2804 830 Constantinopolim
2836 761 2952 814 dies
2980 760 3305 823 celebratur,
3356 777 3478 815 eum
3525 780 3613 817 sa-

2029 864 2185 904 crum
2242 849 2362 916 ejus
2423 864 2624 918 corpus
2669 848 2937 903 redditum
2986 849 3086 904 fuit
3144 866 3258 905 sua:
3292 852 3608 920 cathcdra‘;

2029 939 2174 994 unde
2222 936 2451 993 Romam
2495 939 2832 1007 deportatum
2871 939 2922 993 in
2973 941 3204 996 Basilica
3248 940 3607 997 Sanei-f‘c-tri

2028 1031 2263 1102 quiescit
2292 1032 2360 1086 ab
2395 1047 2540 1086 anno
2576 1030 2704 1097 860,
2742 1033 3131 1105 e'Chronolog.
3160 1034 3301 1089 Cod.
3334 1033 3604 1091 The-odos.

2034 1140 2087 1194 p.
2124 1123 2247 1179 l51.

2100 1247 2338 1301 Primam
2368 1246 2557 1318 itaque
2586 1246 2691 1304 Nili
2717 1249 2998 1318 epistolam
3025 1259 3302 1306 exaratam
3334 1268 3532 1309 censeo
3551 1256 3604 1308 in

2028 1340 2118 1394 illa
2146 1340 2320 1410 prima
2350 1343 2522 1397 sancti
2562 1341 2792 1399 Joannis
2826 1343 3203 1414 Chrysostomi
3255 1348 3604 1417 relegatione,

2026 1441 2191 1502 atque
2227 1433 2293 1487 ad
2323 1433 2619 1489 Arcadium
2674 1434 2813 1506 Aug.
2878 1434 3047 1492 fuisse
3091 1438 3340 1503 missam,
3373 1453 3610 1508 emnque

2026 1525 2117 1579 illa
2142 1533 2346 1581 tactum
2380 1539 2433 1583 et
2460 1542 2778 1596 persuasum
2800 1543 2867 1583 eo
2892 1527 3109 1586 facilius
3137 1546 3423 1588 revocasse
3450 1533 3610 1586 inno-

2025 1618 2401 1673 centissimum
2435 1619 2632 1674 virum.
2662 1619 2796 1675 Nam
2826 1635 2950 1675 cum
2978 1621 3193 1676 saeviret
3233 1622 3287 1676 in
3311 1621 3609 1678 dies‘acer—

1957 1722 1999 1779 Β
2029 1707 2152 1762 hius
2177 1709 2229 1762 in
2246 1719 2494 1764 sanctum
2511 1708 2774 1775 Joannem
2802 1712 2876 1767 ab
2899 1712 3018 1782 ejus
3043 1712 3375 1771 adversariis
3394 1714 3606 1768 inﬂam-

2030 1806 2173 1853 mata
2209 1797 2476 1865 Eudoxia,
2520 1816 2621 1856 nec
2670 1801 2947 1856 efﬁcacior
2993 1809 3081 1858 est
3123 1803 3232 1857 ulla
3264 1805 3405 1872 pica,
3438 1819 3604 1872 quam

2028 1890 2347 1960 pulvinaris,
2400 1903 2460 1946 ut
2505 1890 2743 1949 Joannes
2797 1893 3219 1949 Sarisberiensis
3272 1898 3464 1951 edocet
3505 1898 3601 1954 lib.

2028 1975 2106 2031 De
2129 1980 2283 2049 nugis
2315 1979 2533 2043 curial.,
2557 1989 2743 2051 totque
2767 1981 2969 2053 ﬂagitia
2989 1985 3192 2052 passim
3217 1993 3603 2054 patrarentur;

2026 2070 2202 2134 Nilus.
2231 2073 2977 2144 quiabieratemagistratu,
3021 2084 3136 2141 aut,
3187 2087 3244 2132 ut
3291 2080 3485 2149 loquar
3513 2097 3607 2136 ve-

2027 2160 2165 2226 rius,
2207 2162 2484 2218 ahdicarat
2532 2178 2592 2221 se
2645 2164 2789 2219 ultro
2831 2164 3177 2234 praefectura,
3214 2183 3447 2225 cernens
3479 2171 3606 2226 huic

2026 2253 2293 2308 scelerum
2320 2254 2545 2310 torrenti
2577 2254 2801 2310 minime
2838 2256 2905 2309 iri
2937 2256 3153 2315 obviam
3192 2274 3370 2329 posse,
3394 2263 3603 2318 veritus

2025 2360 2095 2398 ne
2148 2344 2293 2401 sicut
2341 2345 2479 2401 alter
2509 2344 2611 2401 Lot
2662 2347 3033 2403 involveretur
3059 2350 3179 2404 diro
3203 2350 3366 2419 ignis,
3396 2352 3602 2419 iraeque

2024 2436 2267 2494 cmlestis
2320 2438 2545 2504 diluvio,
2577 2438 2686 2508 jam
2744 2438 2971 2494 inferior
3027 2442 3196 2509 gradu
3237 2457 3351 2512 quo
3396 2443 3601 2499 iuaula

2023 2527 2380 2598 promicabat,
2414 2542 2478 2584 ex
2506 2543 2568 2584 ea
2608 2544 2668 2585 se
2696 2531 2855 2601 plane
2885 2531 3137 2598 dimovit,
3164 2533 3390 2603 valeque
3411 2535 3609 2591 dicens

2022 2621 2238 2691 pompis
2289 2621 2499 2684 saeculi,
2543 2622 2901 2677 monasticam
2959 2624 3244 2692 amplexus
3282 2634 3368 2680 est
3410 2626 3601 2691 vitam,

2025 2711 2479 2785 Theodulumque
2506 2714 2675 2769 filium
2706 2731 2894 2771 secum
2916 2716 3162 2770 attraxit.

2098 2848 2169 2903 Ex
2200 2863 2311 2920 quo
2353 2857 2574 2903 sanctus
2598 2845 2838 2902 Joannes
2880 2848 3301 2919 (ihrysostomus
3326 2850 3600 2905 Constan-

2025 2938 2309 3008 tin0polin't
2358 2938 2588 3008 appulit,
2637 2953 2745 3007 quo
2789 2947 3047 3007 tanquam
3091 2938 3287 2993 fluvius
3310 2942 3600 2996 exundans

351 3034 453 3089 etsi
513 3037 849 3106 purgaverit,
892 3048 951 3093 ιιι
985 3039 1344 3115 nosweydus,
1373 3061 1496 3115 pag,
1522 3045 1629 3102 “6
1668 3045 1774 3101 γει,
1803 3048 1917 3103 pa-
1947 3058 1994 3117 ρ
2022 3030 2369 3101 eloquentiae,
2399 3028 2769 3087 doctrina'aue
2791 3044 2902 3083 suae
2931 3027 3146 3083 flrrcntis
3186 3030 3478 3087 uberrimis
3505 3048 3602 3087 ore

350 3137 514 3195 inim,
552 3130 804 3185 observat
825 3148 840 3199 ;
864 3149 987 3188 cum
1013 3141 1192 3190 tamen
1221 3134 1289 3189 ab
1317 3134 1570 3208 Origenis
1598 3139 1777 3207 pravis
1802 3140 1923 3209 opi-

349 3220 606 3280 nionibus
661 3223 851 3291 procul
895 3224 1128 3290 abesset,
1183 3235 1238 3281 et
1293 3226 1414 3282 ideo
1450 3224 1666 3283 Rumno
1696 3225 1923 3299 Aquile-

349 3314 520 3384 giensi
551 3316 688 3372 foret
715 3315 982 3385 infensus,
1015 3317 1090 3372 uti
1113 3320 1363 3388 superius
1385 3318 1772 3377 demonstravi.
1796 3319 1921 3377 Ori-

351 3407 574 3475 geuistze
616 3407 859 3475 profecto
903 3409 1003 3463 viri
1031 3407 1272 3482 plerique
1304 3411 1477 3469 sancti
1520 3412 1910 3483 censebantur,

352 3495 497 3566 quod
526 3496 773 3551 evenisse
797 3506 949 3567 putat
980 3499 1095 3568 ipse
1120 3501 1472 3574 flosweydus,
1493 3506 1793 3578 prolegom.
1828 3506 1916 3574 15,

351 3605 415 3643 ex
479 3589 604 3642 odio
654 3589 1359 3660 Anthropomorpbitarum,
1431 3594 1741 3668 fateturque
1777 3614 1916 3654 non-

352 3680 531 3734 nullos
553 3680 807 3750 abreptos
839 3689 994 3743 aestu,
1027 3681 1229 3750 lapsos,
1263 3684 1356 3738 sed
1391 3685 1685 3755 resipuisse
1714 3698 1918 3758 postea,

352 3771 730 3843 meruisseque
767 3771 1129 3827 sanctimonia
1164 3772 1302 3837 vitae,
1357 3774 1747 3849 religionisque
1770 3780 1919 3848 puri-

354 3874 482 3930 tate,
516 3874 574 3918 ut
602 3863 653 3918 in
685 3863 878 3920 Festos
911 3878 1121 3930 sacros,
1150 3880 1246 3920 seu
1274 3862 1540 3936 Diptyeha
1561 3867 1918 3926 referrentur.

353 3954 564 4012 Rursus
618 3966 843 4012 sanctus
880 3954 1115 4011 Joannes
1152 3956 1219 4012 ab
1257 3955 1496 4015 Arcadio
1526 3960 1798 4033 Augusto,
1827 3963 1921 4035 qui

352 4047 611 4103 Endoxiae
664 4063 776 4103 sum
810 4064 1027 4120 semper
1074 4050 1248 4121 magis
1291 4060 1410 4107 erat
1435 4054 1727 4121 obnoxius,
1751 4071 1816 4111 ac
1839 4057 1924 4112 ni-

355 4142 459 4195 tuis
526 4141 771 4205 uxorius,
805 4142 1017 4213 cogitur
1069 4143 1345 4210 exsulare,
1389 4144 1777 4219 Cucusumque
1821 4163 1921 4221 0p-

352 4228 536 4299 pidum
591 4227 860 4284 Armenia:
912 4230 1249 4300 perducitur,
1303 4240 1361 4286 ut
1395 4231 1520 4289 fuse
1561 4235 1741 4304 prodit
1763 4235 1922 4290 sebo-

355 4321 543 4374 hostes
588 4320 722 4374 Cod.
746 4318 1018 4377 Theodos.
1049 4321 1113 4376 ad
1144 4320 1180 4375 Ι.
1207 4337 1354 4376 xxvu
1380 4321 1455 4377 De
1476 4324 1702 4394 episcop.
1718 4335 1772 4380 et
1788 4325 1843 4381 ll.
1869 4341 1922 4380 tv

2020 3125 2116 3179 illo
2169 3138 2269 3179 suo
2304 3138 2469 3178 aureo
2508 3122 2771 3194 profusis,
2811 3123 3075 3177 celebrem
3108 3123 3251 3178 illam
3278 3124 3596 3191 Ecclesium,

2021 3216 2179 3288 cujus
2215 3217 2369 3271 clavo
2409 3215 2586 3271 fuerat
2637 3215 2914 3279 admotus,
2949 3215 3221 3286 irrigaret,
3243 3228 3597 3286 proventum-

2023 3325 2132 3381 que
2191 3309 2472 3379 cepiosum
2530 3305 2832 3363 fecundatze
2882 3322 2997 3363 sum
3052 3322 3267 3376 sponsa:
3301 3325 3595 3365 numerosa

2020 3401 2174 3475 prole
2206 3400 2491 3462 virtutum.
2516 3413 2859 3470 messemque
2890 3399 3106 3471 pietatis
3130 3398 3453 3454 latissimam
3477 3416 3598 3471 pro-

2021 3501 2259 3554 curaret.
2285 3493 2542 3549 omnibus
2583 3492 2865 3547 clrar'rtatis
2902 3492 3159 3560 operibus
3180 3491 3482 3547 indefessus
3510 3493 3597 3546 in-

2020 3582 2229 3647 cubuit,
2265 3596 2369 3635 uon
2398 3589 2606 3636 tantum
2623 3580 2840 3653 Scythis
2871 3579 3223 3642 Nomadibus.
3249 3584 3342 3652 qui
3382 3599 3411 3635 e
3438 3581 3599 3653 ltolga

2021 3672 2186 3727 fluvio
2210 3672 2643 3744 prOgressi,mox
2687 3671 2821 3741 parti
2866 3669 3114 3727 Thraciae
3138 3671 3596 3744 Macedoniurquc,

2020 3781 2085 3821 ac
2108 3765 2323 3837 Illyrico
2350 3762 2622 3835 superfusi
2650 3761 3007 3833 Bulgarorum
3043 3779 3238 3818 nomen
3277 3775 3594 3835 usurpatum

2022 3859 2127 3915 sub
2149 3867 2336 3914 saneto
2366 3856 2775 3927 Gregoriopapa
2804 3856 3595 3927 regionibusillisindidcrunt,

2023 3946 2333 4001 Christiana
2371 3945 2474 4000 fide
2521 3943 2867 4011 imbuendis;
2917 3945 3093 3999 sedet
3137 3943 3358 4001 Gotthis
3397 3947 3465 4001 ad
3497 3949 3597 4003 Ec-

2024 4037 2202 4092 clesiae
2237 4036 2519 4091 catholica:
2566 4036 2832 4105 gremium
2875 4036 3193 4093 revocandis
3229 4053 3449 4108 operam
3496 4041 3599 4093 iu:-

2023 4129 2242 4200 pendit;
2283 4127 2583 4199 praesertim
2624 4143 2754 4181 vero
2791 4127 2938 4182 vitiis
2981 4128 3178 4183 bellum
3231 4130 3499 4196 indicens,
3529 4147 3595 4186 ea

2025 4234 2126 4275 suo
2155 4233 2221 4273 ex
2270 4218 2398 4272 ovili
2429 4218 2700 4287 depellere
2738 4234 2802 4273 ac
2847 4217 3035 4288 fugare
3077 4220 3326 4288 studuit;
3363 4222 3598 4292 ideoque

2024 4313 2213 4384 probis
2267 4312 2501 4375 civibus,
2560 4326 2625 4367 ac
2672 4311 2990 4381 proceribus
3037 4313 3358 4369 orthodoxis
3406 4324 3600 4384 gratus

352 4422 405 4466 et
434 4429 485 4475 v,
512 4427 575 4466 ac
607 4429 681 4479 vr,
717 4411 791 4467 De
823 4413 903 4468 his
933 4414 1024 4485 qui
1053 4430 1210 4484 super
1239 4414 1387 4486 relig.
1413 4393 1659 4471 contend.
1684 4415 1806 4472 Mox
1838 4417 1921 4472 in-

2025 4413 2080 4460 et
2126 4415 2381 4474 acceptus
2442 4403 2496 4458 in
2528 4403 2720 4475 primis
2750 4404 2960 4461 evasit:
2990 4414 3049 4460 ut
3083 4413 3265 4461 autem
3292 4404 3596 4461 Theodori-

355 4513 537 4558 trusus
575 4505 651 4558 illi
691 4505 955 4561 sufficitur
999 4506 1052 4560 in
1094 4508 1590 4579 archiepiscopatu,
1637 4509 1917 4573 Arsacius.

352 4612 513 4665 quem
553 4597 717 4668 λῆρον
745 4606 1044 4668 nuncupat,
1075 4606 1128 4653 et
1156 4599 1314 4670 651
1347 4600 1655 4657 adulterum
1697 4611 1919 4659 sanctus

351 4687 588 4743 Joannes
650 4686 1076 4761 Chrysostomus
1112 4690 1246 4760 ipse,
1298 4701 1460 4762 atque
1502 4694 1828 4749 collocatum
1862 4695 1918 4748 in

353 4780 549 4833 thr-eno
608 4780 798 4833 set-ibit
831 4796 859 4833 a
896 4780 1194 4834 Βασίλισσα
1235 4796 1288 4849 p.
1322 4781 1429 4835 870
1456 4783 1708 4853 Epistol.,
1744 4800 1920 4854 quan-

355 4870 555 4924 tumvis
599 4880 822 4925 sanctus
853 4868 1093 4924 Joannes
1141 4884 1489 4941 provocasset
1520 4874 1711 4929 iterum
1736 4876 1804 4929 ad
1831 4874 1918 4930 ln-

351 4962 660 5016 nocentium
715 4960 1019 5015 Romanum
1068 4963 1398 5031 pontificem,
1428 4978 1463 5019 a
1487 4980 1596 5033 quo
1635 4968 1920 5023 restitutus

350 5062 402 5106 et
447 5053 642 5108 deinde.
686 5050 788 5107 fuit
824 5053 879 5107 in
919 5052 1206 5123 Diptycha,
1247 5054 1516 5123 perculsis
1572 5058 1920 5112 anathemate

350 5145 456 5208 his,
484 5145 589 5214 qui
630 5161 755 5199 eum
792 5155 1063 5200 extorrem
1099 5146 1357 5213 fecerant,
1394 5164 1604 5219 suaque
1628 5150 1757 5205 sede
1787 5166 1919 5220 spo-

353 5237 584 5301 liarant;
634 5235 909 5305 profectus
959 5245 1042 5293 est
1097 5235 1255 5293 fortis
1292 5239 1497 5294 athleta
1540 5241 1593 5294 in
1637 5241 1916 5303 exsilium,

352 5343 586 5397 czzmque
620 5327 837 5382 interim
876 5327 1485 5399 Constantinopolitana
1534 5329 1920 5401 conflagrasset

350 5420 605 5484 ecclesia,
649 5419 798 5473 varie
829 5418 1198 5475 discruciatus
1235 5434 1359 5475 cum
1391 5420 1585 5475 amicis
1611 5421 1752 5478 suis.
1783 5435 1921 5488 quo-

353 5524 470 5561 rum
507 5508 748 5577 plerique
774 5505 1045 5563 Joannitze
1080 5507 1448 5578 cognominati
1470 5508 1820 5578 exspirarunt
1864 5508 1919 5562 in

348 5600 684 5666 carceribus,
719 5601 806 5656 ubi
831 5599 1128 5655 Comauam
1167 5598 1327 5653 Ponti
1360 5599 1614 5668 oppidum
1643 5599 1921 5669 pervenis-

347 5701 452 5756 set,
480 5701 727 5747 mortuus
746 5706 891 5747 anno
915 5691 1039 5755 407,
1064 5691 1148 5746 die
1172 5692 1237 5745 Η
1258 5688 1603 5758 Novembris,
1633 5706 1663 5746 e
1693 5687 1916 5745 Socrate

2022 4506 2138 4552 tttm
2179 4496 2467 4566 patricium
2529 4497 2799 4562 omittam,
2852 4496 3010 4565 cujus
3048 4499 3297 4567 superius
3341 4498 3592 4564 memini,

2021 4586 2179 4642 Nilus
2229 4587 2414 4653 etiam,
2448 4597 2501 4640 et
2548 4587 2853 4643 Pelusiotes
2901 4586 3166 4648 Isidorus.
3207 4602 3272 4642 ac
3310 4586 3593 4657 Eulogius,

2021 4681 2088 4735 de
2121 4695 2228 4751 quo
2258 4681 2420 4735 etiam
2458 4680 2562 4750 egi,
2609 4679 2905 4736 Cassianus
2947 4680 3066 4749 ejus
3113 4680 3394 4740 diaconus,
3428 4690 3594 4750 atque

2021 4772 2318 4836 Palladius,
2346 4780 2398 4826 et
2444 4772 2560 4838 alii,
2589 4788 2818 4841 quorum
2865 4771 3084 4824 nomina
3116 4771 3161 4824 si
3192 4786 3585 4839 percenserern.

2022 4863 2283 4932 prolixior
2340 4863 2530 4925 forem,
2575 4864 2764 4918 sectati
2824 4872 2952 4917 sunt
2993 4863 3113 4932 ejus
3161 4863 3389 4923 monita.
3432 4865 3590 4933 eique:

2023 4954 2253 5009 firmiter
2285 4954 2447 5025 652
2476 4955 2855 5017 adhaeserunt;
2885 4963 2941 5006 ut
2968 4964 3279 5023 pz‘artercam
3312 4955 3588 5008 diaeouis-

2024 5061 2137 5112 sas,
2182 5055 2238 5101 et
2293 5056 2572 5101 matronas
2607 5045 2966 5109 clarissimas,
3010 5044 3325 5113 Olgmpiada
3354 5046 3586 5106 scilicet,

2022 5139 2360 5205 Pentadiam,
2389 5139 2764 5197 Sabinianam,
2801 5134 3167 5204 Antproelam,
3206 5152 3299 5189 seu
3332 5137 3590 5188 domnam

2022 5232 2299 5294 Proclam,
2354 5230 2610 5294 Probum,
2664 5229 2959 5293 Julianam,
3008 5227 3374 5292 Theodoram,
3431 5225 3592 5281 Silvi-

2024 5338 2171 5390 nam,
2229 5323 2371 5377 sicut
2416 5321 2675 5386 Italicam,
2719 5319 3050 5385 Enthaliam,
3088 5318 3450 5390 Asyncritarn,
3493 5319 3590 5372 Se-

2021 5431 2226 5483 veram,
2257 5416 2614 5479 Chalcidiam,
2647 5413 2969 5476 Carteriam,
3000 5412 3339 5478 Bassiauam,
3378 5412 3591 5466 Severi-

2023 5522 2170 5572 nam,
2194 5506 2459 5568 Aeoliam,
2485 5517 2539 5560 et
2565 5506 2803 5577 reliquas
2833 5520 3048 5561 summo
3077 5505 3198 5560 loco
3219 5512 3398 5568 natas,
3424 5514 3589 5572 atque

2021 5596 2347 5652 lectissimas
2409 5596 2661 5662 feminas,
2713 5598 2777 5652 ad
2837 5611 3067 5666 quarum
3100 5596 3387 5666 plerasque
3417 5595 3591 5666 ipsius

2022 5696 2235 5745 exstant
2263 5686 2531 5760 Epistolas.
