3998 6116
385 294 519 359 1379

1120 294 1267 356 JOS-
1307 292 1571 354 MARIJE
1606 290 1960 353 SUARESII
2000 288 2230 350 LIBER
2260 286 2889 349 CHRONOLOGICUS

3497 283 3639 350 1380

451 410 607 467 Nilus
662 410 953 484 (inquam)
1013 410 1197 465 divino
1251 411 1520 465 excitatus
1586 407 1846 464 instinctu
1890 410 1954 463 ad
1992 418 2029 471 Α
2062 405 2376 460 monasticae
2407 404 2529 457 vita:
2569 417 2808 457 amorem
2843 400 3148 472 inspiravit.
3185 398 3259 453 Ea
3287 412 3416 454 vero
3446 409 3633 455 secuta

382 516 633 561 sanctum
678 502 942 558 Joannem
982 519 1041 557 se
1090 505 1345 567 contulit,
1381 503 1445 556 ad
1484 517 1718 570 eumque
1759 502 1959 571 saapins

386 597 685 660 ventitavit,
713 603 972 663 certoque
990 608 1214 665 possum
1247 594 1523 663 conjicere
1545 594 1955 648 conversionem

386 687 555 756 ipsius
592 702 623 741 e
660 687 1065 756 congressibus,
1122 699 1284 756 atque
1325 685 1612 754 colloquiis
1655 684 1957 738 admirandi

388 781 653 846 praesulis,
703 789 865 848 atque
918 778 1185 841 homiliis,
1247 793 1341 831 seu
1403 776 1608 846 λόγοις.
1669 778 1959 847 quipencs

384 870 567 923 Nilum
614 883 771 925 erant
806 872 1111 941 perscripti,
1141 882 1202 926 ut
1249 887 1315 926 ex
1349 872 1576 941 epistola
1616 874 1681 925 ad
1706 871 1960 926 Zeuodo-

387 982 504 1018 I'llltt
547 969 812 1020 dccanum
846 967 971 1030 9.95,
1003 968 1096 1021 lib.
1155 983 1216 1031 tt,
1238 968 1429 1037 liquet,
1465 981 1644 1021 ortum
1674 969 1957 1030 habuisse,

386 1061 550 1129 inque
600 1059 874 1128 proposito
917 1059 1201 1113 deserendi
1266 1063 1528 1114 saeculum
1576 1058 1682 1114 Nili
1714 1060 1959 1114 animutn

386 1152 734 1205 oblirmatum
766 1149 957 1203 fuisse.
983 1149 1213 1204 Amabat
1241 1153 1441 1206 ctenim
1466 1166 1574 1205 non
1594 1154 1776 1207 minus
1798 1169 1962 1222 quam

387 1243 719 1310 suscipiebat
778 1242 1080 1295 monachos
1127 1241 1575 1312 religiosissimus
1618 1242 1869 1310 antistes,
1912 1254 1965 1296 et

387 1333 649 1388 adversus
678 1348 867 1388 eorum
912 1334 1308 1388 obtrectatores
1340 1336 1525 1390 emisit
1556 1335 1608 1389 in
1646 1335 1824 1390 lucem
1852 1343 1964 1390 tres

389 1425 593 1489 libros;
620 1439 851 1491 cumque
878 1424 1110 1490 primum
1141 1424 1193 1477 in
1229 1423 1353 1479 foro
1382 1435 1632 1481 versatus
1659 1434 1823 1491 esset,
1852 1441 1960 1478 ma-

388 1531 491 1585 gna
547 1530 670 1569 cum
719 1513 878 1568 laude
918 1516 1278 1570 monasticam
1310 1525 1364 1571 et
1412 1518 1527 1587 ipse
1571 1517 1766 1571 deinde
1800 1518 1962 1571 vitam

388 1606 651 1667 exercuit,
702 1615 863 1675 atque
910 1609 978 1661 ab
1021 1623 1209 1662 eremo
1252 1609 1318 1661 ad
1358 1610 1559 1663 clerum
1588 1618 1812 1663 vocatos
1843 1623 1966 1677 pre-

388 1696 574 1765 sbyter
622 1697 994 1751 Antiochenus
1060 1699 1344 1752 ordinatus
1402 1698 1522 1753 fuit.
1572 1698 1677 1752 Nili
1733 1700 1963 1753 mutatio

2061 496 2483 550 saluberrimum
2565 493 2750 546 mariti
2824 492 3113 547 consilium
3177 498 3233 545 et
3298 491 3630 560 exemplum,

2061 586 2416 655 quantumvis
2474 598 2659 637 amore
2707 582 2977 653 eortjngali
3037 581 3239 652 percita
3285 581 3631 647 reniteretur,

2062 690 2120 731 ut
2178 678 2291 747 ipse
2334 676 2492 730 Nilus
2551 684 2757 740 narrat,
2791 690 2915 745 pag.
2964 672 3051 740 15,
3083 674 3331 742 amplexa
3358 672 3521 726 tiliam
3543 689 3636 728 se-

2062 785 2187 823 cum
2245 766 2401 823 facile
2447 768 2728 837 pcrtraxit,
2762 766 3062 836 partitique
3092 765 3364 834 geminam
3393 765 3631 847 sobolem

2063 862 2146 913 vir
2200 869 2254 914 et
2288 875 2426 914 nxnr
2448 859 2824 913 discesserunt
2870 856 3365 926 Constantinopoli,
3395 866 3448 910 et
3475 872 3638 928 gene-

2065 967 2188 1006 rosa
2224 962 2495 1015 matrona,
2522 959 2704 1005 tenera
2744 965 2867 1005 cum
2892 950 3234 1019 virguncula,
3268 950 3634 1018 commigrans

2062 1054 2094 1091 e
2124 1039 2328 1092 laribus
2362 1043 2413 1090 in
2468 1035 2683 1108 Aigypti
2747 1039 3076 1093 menasteria
3124 1053 3183 1092 se
3236 1037 3467 1102 abdidit,
3509 1054 3631 1092 cum

2063 1128 2185 1184 Nilo
2241 1128 2632 1199 Theoduloque
2677 1129 2795 1183 vale
2824 1130 3055 1185 dixisset
3103 1131 3428 1184 abeuntibus
3450 1131 3515 1185 ad
3547 1130 3629 1184 Si-

2065 1222 2319 1274 uaiticam
2363 1223 2658 1290 regionem,
2691 1218 2767 1275 uti
2819 1220 3035 1274 tandem
3077 1222 3315 1290 comperi
3354 1223 3493 1290 apud
3527 1221 3632 1274 Me-

2066 1313 2338 1381 nologimn
2390 1310 2726 1376 Grmcorum,
2770 1310 2837 1363 12
2870 1308 3212 1376 Novembris,
3271 1326 3448 1380 neque
3498 1308 3632 1363 ditii-

2065 1404 2166 1458 cile
2203 1403 2304 1456 fuit
2342 1403 2498 1456 matri
2533 1404 2692 1456 tiliam
2744 1417 2928 1457 secum
2976 1403 3265 1466 abducere,
3314 1403 3481 1472 inque
3522 1418 3634 1472 par-

2068 1496 2375 1555 thcnnnem,
2413 1508 2506 1548 seu
2535 1494 2820 1564 collegium
2851 1501 3189 1548 sacratarum
3221 1492 3330 1547 Deo
3359 1493 3623 1562 virginum

2067 1586 2365 1648 recludere,
2399 1585 2709 1651 ingenerata
2739 1600 2930 1655 nempe
2954 1586 3056 1655 ipsi
3089 1584 3260 1639 fuerat
3293 1585 3629 1641 castimoniae

2067 1681 2352 1750 distiplina
2385 1680 2464 1734 vel
2497 1680 2566 1733 ab
2604 1679 2970 1744 incunabulis,
3039 1680 3371 1750 insitumque
3424 1681 3634 1734 deside—

391 1784 489 1840 fuit
545 1786 756 1842 Escelsi
818 1788 1054 1843 dexterae
1094 1805 1230 1858 opus
1290 1791 1682 1845 obstetricante
1718 1790 1962 1857 Joanne;

2073 1775 2231 1837 rium,
2277 1782 2336 1826 ut
2376 1772 2637 1827 illibatam
2683 1773 2749 1825 ad
2783 1771 3064 1825 Christum
3105 1772 3467 1841 virginitatem
3524 1768 3636 1826 sin-

391 1878 473 1930 vir
522 1877 906 1946 'prtefectorius
950 1889 1145 1948 sponte
1200 1895 1324 1949 Spes
1373 1897 1501 1935 suas
1562 1885 1829 1936 omncsin
1861 1881 1967 1935 Deo

390 1966 667 2020 collocans
695 1968 844 2019 cauit
883 1982 1001 2021 sese
1027 1967 1259 2023 fortuna:
1306 1970 1462 2024 bonis
1484 1972 1762 2038 omnibus,
1800 1980 1959 2026 terre-

390 2071 584 2110 narum
631 2071 813 2110 rerum
864 2057 1148 2113 affectibus
1200 2060 1413 2114 remisit
1473 2062 1746 2125 nuntium,
1801 2076 1971 2129 seque

393 2155 565 2200 totum
597 2148 904 2203 divinarum
933 2150 1379 2219 contemplationi
1419 2150 1697 2219 addicens,
1733 2153 1973 2222 prmnul-

392 2238 563 2291 sidem
624 2239 677 2292 in
711 2240 872 2294 terris
904 2239 1146 2295 delibare
1188 2256 1251 2295 ac
1275 2250 1610 2312 praegustare
1663 2243 1831 2312 cmpit
1859 2257 1973 2297 coe-

395 2330 546 2384 testis
580 2330 890 2386 beatitatis:
947 2331 1083 2386 adeo
1130 2332 1348 2402 quidem
1380 2334 1653 2403 castigati,
1698 2343 1747 2389 et
1783 2348 1974 2389 emcn-

393 2421 505 2472 dati
532 2421 743 2475 fuerant
775 2420 920 2474 illius
948 2434 1151 2486 mores,
1181 2421 1310 2475 dum
1335 2422 1713 2492 ageretadhuc
1732 2422 1785 2475 in
1810 2437 1974 2476 mun-

393 2512 485 2577 do,
535 2514 688 2580 quin,
727 2520 787 2567 ut
832 2513 1090 2577 arbitror,
1127 2520 1182 2567 et
1234 2514 1506 2583 conjugis,
1546 2529 1672 2567 nam
1698 2514 1855 2583 juxta
1885 2513 1976 2569 Je-

395 2616 514 2654 snm
547 2600 923 2655 SirachEecli.
954 2617 1104 2667 xxvi,
1135 2602 1189 2665 3,
1229 2617 1356 2671 pars
1384 2602 1547 2668 bona,
1576 2603 1770 2657 mulier
1805 2604 1970 2670 bona,

397 2689 451 2741 iu
519 2699 674 2757 parte
753 2689 1065 2742 timentium
1146 2688 1315 2743 Deum
1385 2690 1606 2744 dabitur
1664 2690 1782 2745 viro
1834 2692 1976 2747 bono

394 2795 494 2850 pro
537 2780 696 2834 factis
727 2779 904 2835 bonis.

463 2870 697 2926 Cautum
762 2870 940 2928 fuerat
1004 2873 1394 2944 imperatorum
1455 2875 1973 2946 Constitutionibus,

400 2982 467 3020 ne
489 2966 612 3034 quis
641 2966 692 3018 in
727 2981 824 3019 sua
856 2965 1027 3034 patria
1061 2965 1382 3036 magistratu
1424 2966 1756 3037 fungeretur,
1805 2969 1978 3041 Syne-

394 3058 480 3112 sio
525 3066 680 3123 teste,
733 3070 797 3110 ac
846 3055 1069 3110 Petavio
1123 3057 1177 3109 in
1208 3054 1360 3111 Notis
1396 3072 1448 3127 p.
1491 3057 1577 3121 79,
1605 3058 1639 3111 ι.
1672 3060 1770 3114 ult.
1796 3058 1857 3114 C.
1881 3058 1978 3114 Ju-

394 3149 687 3214 stinianeo,
725 3146 797 3200 De
826 3149 980 3203 crint.
1017 3147 1258 3219 sacrileg.
1286 3165 1407 3217 qua:
1443 3149 1758 3205 inscribitur
1777 3152 1823 3205 A
1845 3152 1970 3204 AA.

391 3238 676 3305 Gratiano,
734 3239 1133 3307 Valentiniano,
1187 3251 1240 3294 et
1276 3239 1606 3309 Theodosio,
1639 3259 1703 3297 ex
1735 3245 1770 3297 I.
1807 3260 1874 3297 xv
1904 3243 1976 3297 De

394 3332 489 3401 o/f.
525 3342 652 3384 rect.
715 3333 974 3402 provinc.,
1001 3347 1122 3401 quae
1177 3332 1433 3386 tribuitur
1472 3332 1768 3388 Anastasio
1802 3335 1968 3405 Aug.,

404 3423 457 3475 id
509 3425 887 3487 confirmatur,
926 3424 1028 3476 nisi
1085 3423 1274 3476 titulus
1300 3423 1480 3491 potius
1513 3422 1626 3488 ipse
1654 3424 1744 3477 sit.
1784 3422 1857 3478 Ea
1895 3433 1975 3479 ta-

390 3530 523 3569 men
568 3513 672 3567 fuit
717 3515 1001 3579 modestia,
1041 3529 1102 3567 ca
1154 3514 1418 3583 probitas,
1459 3525 1622 3585 atque
1652 3518 1970 3585 prudentia,

390 3621 461 3660 ea
488 3604 848 3666 continentia,
877 3614 932 3657 et
979 3604 1345 3659 mansuetudo
1382 3605 1505 3673 Nili,
1549 3622 1610 3661 ea
1632 3608 1776 3676 juris
1806 3609 1977 3664 scion-

389 3696 855 3760 >tia,etronstans,
875 3709 936 3746 ac
956 3702 1212 3763 perpetua
1234 3694 1586 3764 voluntasjus
1605 3711 1762 3750 suum
1778 3698 1976 3765 cuique

389 3786 693 3852 tribuendi,
721 3796 777 3840 ut
815 3789 863 3840 ei
904 3785 1127 3840 Themis
1157 3785 1269 3841 sive
1304 3784 1521 3841 Justitia
1571 3797 1826 3857 tanquam
1854 3787 1971 3843 Jovi

391 3877 665 3948 πάρεδρος
691 3876 930 3935 assidere
962 3876 1254 3941 videretur,
1288 3885 1395 3931 tam
1447 3878 1624 3942 fortis,
1666 3895 1730 3933 ac
1770 3879 1975 3948 integer

386 3971 516 4022 sine
548 3969 662 4036 ipse
688 3965 863 4032 Nilus,
891 3979 999 4021 tam
1029 3968 1249 4023 sceleris
1280 3984 1471 4038 purus,
1507 3976 1617 4022 tam
1649 3969 1896 4039 placidis,
1922 3980 1976 4025 et

382 4060 711 4130 'compositis
752 4060 993 4115 moribus
1023 4073 1338 4130 pchpCClus
1376 4062 1628 4117 omnibus
1668 4072 1783 4116 erat
1807 4104 1821 4127 ,
1864 4073 1971 4116 tam

384 4165 626 4206 mersus
650 4150 716 4204 ab
742 4150 893 4204 omni
933 4152 1287 4219 corruptione
1316 4152 1583 4220 sordium,
1613 4168 1677 4208 ac
1718 4154 1788 4208 ab
1821 4154 1971 4207 omni

382 4243 734 4309 tselluctione,
780 4251 943 4312 atque
971 4243 1225 4297 illecebra
1278 4243 1689 4309 blanditiarum,
1725 4245 1794 4298 ab
1824 4245 1973 4299 ontni

384 4336 669 4389 aninarum
700 4344 903 4389 terrore
936 4334 1071 4387 adeo
1097 4348 1324 4387 securus
1352 4345 1405 4388 et
1435 4333 1888 4403 inexpugnabilis,
1915 4343 1976 4387 ut

2069 1880 2191 1919 cera
2236 1867 2521 1934 perferret.
2575 1866 2743 1919 Erant
2793 1874 2922 1919 tunc
2982 1864 3207 1932 virginei
3271 1874 3445 1920 enatus
3497 1865 3636 1919 inter

2069 1955 2284 2027 Egypti
2317 1956 2632 2023 balsameta,
2666 1963 2726 2010 ut
2766 1956 3103 2021 idololatriae,
3142 1958 3637 2028 dmmoniorumqne

2069 2047 2283 2116 viperas
2312 2028 2758 2112 contererentfet
2789 2062 2979 2101 eorum
3009 2048 3339 2101 odorabatur
3358 2046 3497 2102 Deus
3514 2065 3641 2104 sua-

2073 2137 2430 2204 veolentiam;
2462 2138 2515 2191 in
2547 2138 2836 2195 cunabulis
2863 2139 3138 2193 nascentis
3181 2139 3442 2195 Ecclesiae
3470 2156 3630 2196 sexus

2073 2228 2162 2283 ille
2216 2229 2483 2284 infirmior
2548 2232 2881 2301 pratcipuam
2920 2230 3228 2286 firmitatem
3268 2232 3638 2302 proﬁtebatur,

2074 2318 2317 2374 Vestales
2371 2335 2521 2386 vero,
2551 2336 2675 2390 qua:
2708 2330 3031 2391 perpetuum
3074 2322 3365 2376 servabant
3395 2334 3450 2377 et
3492 2324 3641 2377 inex-

2075 2410 2351 2483 stinctum
2387 2412 2613 2480 pudoris
2657 2412 2836 2483 ignem
2872 2412 3189 2467 Christiano
3222 2414 3327 2467 ritu
3351 2414 3540 2469 dicatae
3568 2414 3645 2468 di-

2076 2500 2202 2555 vino
2257 2503 2449 2569 cultui,
2482 2513 2541 2559 ut
2579 2504 2770 2560 scribit
2797 2505 3141 2565 Ammianus.
3185 2522 3310 2576 pag.
3356 2507 3474 2571 160,
3505 2508 3648 2564 velut

2075 2595 2378 2649 Amazones
2424 2611 2596 2651 sacrae
2641 2598 3022 2652 vocitabantur
3075 2600 3335 2654 Ascetriaa
3376 2610 3428 2653 ct
3462 2599 3647 2654 Mona-

2077 2688 2242 2755 strire,
2287 2688 2612 2759 illarumque
2634 2690 2746 2759 jam
2781 2706 2945 2760 supra
2977 2687 3354 2746 meminimus.
3388 2691 3433 2747 Ο
3484 2709 3645 2763 quam

2077 2785 2310 2846 gratum,
2373 2795 2535 2847 quam
2597 2779 2918 2847 iucundum,
2964 2796 3127 2851 quam
3183 2792 3463 2851 acceptum
3519 2782 3644 2848 Deo,

2080 2869 2463 2938 cmlitibusque
2488 2869 2589 2924 fuit
2617 2872 2990 2940 spectaculum
3029 2881 3137 2928 tam
3162 2873 3393 2939 illustre,
3426 2886 3532 2929 tam
3558 2875 3650 2928 mi-

2080 2963 2332 3026 randum,
2371 2972 2587 3034 tamque
2626 2965 3059 3035 memorandum,
3105 2967 3230 3038 piis,
3276 2977 3439 3039 atque
3470 2970 3647 3037 probis

2004 3093 2046 3151 Ο
2078 3053 2283 3111 Christi
2310 3058 2614 3112 cultoribus
2645 3059 2696 3112 iu
2733 3067 2876 3114 terra
2906 3061 2998 3131 qui
3039 3068 3154 3116 tum
3179 3061 3648 3132 dcgebantortho-

2078 3146 2225 3207 doxi,
2263 3148 2459 3203 intueri
2509 3147 2689 3203 Nilum
2744 3163 3036 3207 exeuntem
3084 3153 3151 3208 de
3189 3157 3512 3225 cognatione
3552 3170 3643 3210 sua

2079 3234 2182 3287 li.le
2230 3234 2662 3303 Abrahamitica,
2716 3255 2823 3293 non
2880 3240 3193 3298 offerentem
3232 3251 3445 3297 tantum
3480 3245 3642 3298 filium

2078 3326 2419 3381 Theodotum
2449 3344 2572 3383 cum
2609 3331 2809 3399 gaudio
2849 3333 3201 3403 allubentcm,
3242 3345 3295 3390 et
3336 3337 3642 3406 prtepotenti

2075 3417 2294 3472 Nmnini
2329 3421 2466 3475 miro
2493 3422 2775 3494 utriusque
2807 3439 3079 3482 consensu
3125 3441 3502 3484 consecratam
3531 3431 3648 3485 uui-

2076 3526 2193 3564 cam
2239 3511 2386 3564 illam
2417 3512 2695 3568 victimam
2735 3531 2749 3581 ;
2782 3531 2972 3571 verum
3012 3527 3059 3573 et
3103 3520 3298 3574 anima:
3324 3536 3455 3586 suae,
3487 3532 3544 3577 ut
3577 3523 3647 3576 ita

2076 3603 2278 3668 dicam,
2312 3604 2620 3673 dimidium,
2660 3608 2952 3681 conjugem
2986 3612 3194 3668 scilicet
3219 3613 3642 3683 ἀίιοεῑίδείιιιειηι,

2074 3704 2130 3749 et
2171 3712 2239 3748 ex
2276 3710 2337 3749 ea
2386 3706 2692 3767 susceptam
2729 3700 2918 3766 filiam,
2963 3719 3071 3757 non
3100 3705 3245 3759 velut
3277 3705 3643 3776 Agamemnon

2076 3788 2431 3860 Iphigeniam,
2474 3792 2588 3858 sed,
2622 3803 2679 3847 ut
2708 3795 2787 3848 ait
2829 3792 3141 3867 Nilusipse,
3177 3792 3298 3869 pag.
3325 3800 3524 3863 iet,in
3562 3803 3646 3853 At-

2074 3882 2179 3951 ηγή
2190 3899 2340 3951 ματι,
2371 3883 2540 3937 instar
2569 3884 2791 3939 alterius
2803 3884 2994 3956 Iephte
3013 3889 3380 3945 immolantem
3398 3892 3607 3948 Christo
3625 3893 3640 3947 ι

2076 3972 2359 4039 Quodnam
2403 3974 2521 4030 ista:
2553 3979 2941 4033 monasterium
2982 3979 3239 4049 adierint,
3268 3983 3463 4038 nullibi
3508 3999 3646 4038 com-

2077 4064 2211 4134 peri.
2270 4065 2442 4119 Erant
2494 4066 2809 4138 inEgypto
2866 4071 3269 4141 quamplurima
3319 4072 3642 4129 feminarum

2079 4153 2189 4208 Deo
2257 4169 2476 4226 quoque
2527 4156 2843 4212 devotarum
2904 4161 3259 4227 monasteria,
3302 4163 3645 4231 miratusque

2078 4262 2199 4301 sum
2230 4247 2432 4316 saepius
2471 4249 2641 4302 altum
2668 4246 2775 4304 Nili
2809 4257 2876 4305 de
2913 4267 3103 4317 uxore,
3144 4268 3266 4323 quae
3295 4255 3546 4308 sororilli
3572 4253 3647 4308 fa-

2076 4347 2161 4417 cta
2180 4346 2282 4403 cst,
2310 4339 2387 4393 uti
2423 4339 2565 4393 dicta
2590 4336 2725 4394 Sara
2766 4338 2867 4395 fuit
2895 4342 2964 4397 ab
2983 4343 3173 4398 eodem
3190 4345 3519 4407 Abrahamo,
3560 4347 3646 4400 de-

383 4430 612 4482 :Solutus
656 4425 819 4481 fuerit
864 4426 972 4480 illis
1005 4424 1239 4495 legibus,
1280 4440 1510 4494 quarum
1543 4424 1788 4478 habenda
1825 4426 1969 4480 nulla
2008 4446 2047 4500 ί)
2075 4446 2180 4500 que
2220 4432 2325 4486 ﬁlia
2353 4433 2628 4488 communi
2661 4434 2936 4512 silentium
2964 4437 3016 4491 in
3049 4437 3138 4492 illa
3172 4439 3452 4508 regionum
3481 4439 3646 4494 inter-

382 4530 482 4575 est
528 4522 664 4574 ratio
708 4518 1071 4589 principibus,
1121 4519 1334 4587 quoties
1354 4516 1502 4586 justa
1551 4517 1737 4572 subest
1763 4533 1969 4585 causa;

382 4630 498 4668 inec
538 4613 681 4666 cnim
736 4610 1029 4666 verendum
1065 4619 1181 4663 erat
1230 4626 1298 4663 ne
1326 4612 1443 4665 suis
1470 4610 1795 4679 indulgeret,
1823 4611 1973 4665 fave-

384 4714 610 4774 trctque,
645 4719 745 4758 nec
794 4718 861 4757 ne
894 4701 1162 4767 acerbior,
1212 4701 1514 4772 Steviorque
1558 4702 1818 4758 adversus
1843 4716 1973 4758 suos

394 4796 612 4851 invidos
678 4794 1055 4863 inimicosque
1108 4792 1410 4864 grassaudo
1465 4794 1517 4846 in
1570 4809 1667 4849 eos
1735 4796 2022 4863 expleret.

377 4891 574 4945 ~odium
602 4904 787 4953 suum,
815 4896 978 4956 atque
1009 4886 1303 4940 vindictam
1330 4895 1632 4947 exerceret,
1659 4887 1804 4939 velut
1837 4888 1961 4940 aitet

384 4981 610 5055 TMoyses
657 4980 942 5036 hominum
1003 4980 1352 5042 mitissimus,
1396 4988 1448 5034 et
1499 4977 1971 5033 tttoderatissitnus

386 5076 629 5129 ‘rxslitit.

460 5167 519 5222 ls
555 5175 842 5235 utramque
874 5164 1102 5235 prolem,
1135 5178 1301 5234 quam
1336 5178 1403 5218 ex
1429 5178 1595 5217 uxore
1628 5171 1970 5232 susceperat,

387 5257 872 5328 masculum653
886 5257 1092 5311 scilicet
1110 5268 1273 5327 atque
1298 5254 1577 5320 feminam,
1599 5254 1859 5308 educarat
1888 5253 1973 5306 in-

397 5357 675 5415 nocenter,
707 5359 757 5403 et
783 5347 1201 5403 sanctimoniam
1235 5346 1548 5412 edocuerat,
1577 5346 1648 5400 ita
1675 5354 1734 5399 ut
1761 5344 1851 5399 illa
1879 5361 1973 5400 su-

398 5441 539 5494 xerit
576 5456 684 5494 una
711 5456 835 5495 cum
870 5439 1008 5493 lacte
1034 5440 1344 5494 rudimenta
1392 5439 1662 5493 virtutum
1702 5438 1971 5494 Christia-

398 5544 614 5590 narum,
661 5539 716 5584 et
752 5529 1050 5584 adoleverit
1097 5530 1277 5584 indole
1313 5530 1570 5601 praecelsa
1615 5545 1973 5586 succrescens

399 5616 464 5669 ad
517 5618 758 5672 coelestia
798 5621 1023 5687 prmmia
1076 5621 1434 5690 capessenda.
1482 5619 1718 5692 Conjugi
1769 5622 1969 5692 quippe

397 5718 513 5757 sua:
543 5702 696 5759 Nilus
726 5708 1093 5774 pudicissima:
1136 5721 1298 5780 atque
1350 5712 1704 5782 pientissinnr
1737 5712 1968 5767 similem

2074 4524 2354 4593 capedine.
2374 4525 2455 4578 Au
2476 4523 2704 4582 fortasse
2728 4528 2986 4596 prudens,
3008 4530 3150 4600 quod
3167 4530 3449 4585 innuitfol.
3469 4533 3648 4593 17,5:-

2075 4616 2243 4686 ήγησ.
2276 4616 2330 4683 6,
2370 4616 2462 4670 Dei
2496 4633 2685 4674 servus
2714 4620 3022 4688 verebatur;
3055 4621 3210 4692 juxta
3257 4622 3393 4676 il'lud
3422 4621 3650 4678 infelicis

2074 4714 2266 4773 poene,

2146 4794 2332 4875 Quintis
2351 4814 2500 4875 {inter
2517 4816 2758 4875 magnus,
2786 4801 2875 4854 sed
2896 4815 3077 4875 aperto
3100 4803 3155 4855 in
3189 4804 3410 4875 conjuge
3444 4804 3647 4869 maior;

2154 4864 2308 4920 Hanc
2351 4867 2521 4922 Venus
2550 4864 2622 4922 αἱ
2644 4871 2805 4933 vivat,
2840 4864 3060 4925 i'cn'tilat
3079 4875 3191 4940 ipsa
3217 4864 3408 4942 Iacent.

2075 4955 2141 5011 Et
2171 4959 2387 5027 nuperi,
2423 4960 2516 5028 qui
2540 4970 2591 5014 ct
2621 4960 2889 5016 infelicior
2924 4963 3045 5029 fuit,

2258 5062 2516 5128 quantum
2551 5052 2762 5121 placido
2789 5055 3007 5128 mitique
3032 5057 3086 5109 in
3117 5069 3322 5128 pectore
3340 5068 3521 5128 regnat

2148 5118 2258 5194 ιιια
2288 5120 2480 5194 venus,
2502 5118 2661 5190 quam
2687 5126 2844 5191 ﬁnxit
2865 5118 3092 5194 Hymen,
3108 5118 3195 5179 seu
3210 5118 3468 5183 Condii'or
3482 5128 3640 5191 orbis,

2143 5192 2313 5264 [itane
2333 5192 2573 5264 homines
2595 5207 2776 5264 sancte
2796 5192 3025 5264 genituri
3051 5195 3259 5262 [redieris
3291 5197 3513 5251 auctor!

2143 5207 2212 5242 At
2252 5207 2313 5242 ne
2340 5207 2573 5246 nomines
2595 5207 2776 5248 sancte
2796 5207 3024 5264 genituri
3051 5207 3259 5262 [macris
3291 5208 3473 5251 auctor
3491 5207 3512 5249 .'

2323 5259 2497 5326 Hunc,
2510 5280 2608 5331 quo
2620 5262 2875 5330 disposuit
2891 5265 3169 5319 volventem
3186 5269 3358 5321 sidera
3375 5268 3644 5332 mundum,

2146 5332 2363 5405 Quoque
2394 5332 2647 5405 elementa
2670 5333 2822 5405 ligat,
2852 5335 3100 5388 thalamis
3143 5336 3366 5405 inspirat
3388 5353 3640 5398 amorem,

2146 5398 2249 5471 Seu
2279 5404 2429 5471 nosci
2455 5402 2657 5471 fugiens
2688 5398 2892 5471 penitus
2923 5407 2998 5457 eis
3029 5406 3190 5459 insita
3217 5398 3402 5469 rebus;

2146 5468 2358 5545 Qualis
2379 5468 2495 5545 qum
2518 5468 2729 5545 chalybi
2764 5485 2987 5542 cognata
3008 5478 3244 5542 polentia
3275 5468 3533 5545 gemmam

2151 5540 2414 5593 Conciliat
2452 5539 2622 5595 Getici
2648 5539 2974 5611 spectantem
3003 5539 3208 5598 eertiris
3235 5539 3399 5616 ig'nes.

2080 5628 2141 5681 Et
2181 5644 2345 5698 supra
2374 5631 2439 5684 de
2480 5630 2733 5688 Pachone
2764 5634 2913 5702 plura
2945 5641 3213 5706 congessi.
3243 5637 3323 5691 Au
3359 5639 3484 5707 quia
3511 5639 3645 5691 forte

2076 5732 2288 5775 matura
2332 5733 2557 5793 utraque
2585 5727 2723 5779 cm'o
2760 5727 2885 5779 illuc
2919 5743 3201 5797 properata
3239 5741 3409 5784 morte
3436 5730 3645 5797 laureo-
