3998 6116
289 310 412 377 1381

1603 303 1700 363 DE
1742 299 1912 363 VlTA
1947 300 2006 357 S.
2041 300 2228 361 NILI.

285 428 366 482 las
396 426 682 483 centesimi
713 425 1087 494 trieesimique
1128 422 1340 477 fructus
1365 427 1707 490 pcrceptnra,
1747 416 1861 470 haec
1891 424 1931 473 Α
1964 413 2274 469 Timanthis
2300 422 2471 468 artem
2502 413 2726 483 veloque
2741 412 2942 468 silentii
2969 412 3545 482 tegere,quemadmo-

287 533 384 588 pro
443 518 776 589 virginitate,
829 532 927 588 pro
985 516 1246 570 viduitate
1319 526 1415 568 seu
1471 509 1730 566 caelibatu
1771 509 1862 563 illa

285 611 441 664 ocius
497 609 776 665 evolavit?
803 608 860 662 In
891 605 1167 662 Thebaide
1209 603 1450 659 maxima
1495 610 1617 658 erat
1662 601 1718 655 in
1747 602 1867 670 opi-

287 701 472 766 nione,
520 700 773 772 famaque
827 697 1139 769 percelebre
1204 693 1597 750 monasterium
1645 700 1865 772 centym

287 800 522 860 quatuor
551 756 1078 851 sanctimonialium,
1114 786 1171 840 in
1201 785 1349 855 quod
1378 793 1567 838 saneta
1616 756 1865 853 Eupdra-

291 880 371 935 sia
420 887 756 947 secesserat;
800 877 1067 948 Panopoli
1127 875 1276 931 aliud
1320 873 1866 944 quadringentarum,

293 987 415 1041 quae
444 973 617 1026 sancti
656 971 936 1025 Pachomii
980 969 1224 1041 regulam
1256 967 1611 1022 observantes
1637 965 1870 1020 seorsim

294 1065 546 1117 vivebant
591 1060 697 1116 Nili
755 1060 996 1116 ﬂuminis
1074 1060 1429 1115 circumdata:
1479 1057 1652 1119 rivis,
1682 1064 1740 1110 ttt
1773 1070 1872 1110 au-

295 1164 472 1209 ctores
496 1164 625 1208 sunt
644 1152 785 1208 Vita:
822 1162 1026 1208 sancta:
1050 1151 1370 1222 Enphrasiae
1398 1149 1652 1219 scriptor,
1677 1158 1730 1202 et
1759 1147 1872 1201 ναι.

298 1248 470 1301 ladius
505 1248 556 1300 in
589 1244 879 1300 Lausiaca.
911 1245 965 1299 ln
990 1244 1229 1298 Antinoo
1270 1242 1490 1297 civitate
1530 1241 1735 1296 Talidze
1765 1255 1858 1293 no-

299 1338 442 1392 mine
467 1338 679 1406 insigne
709 1335 1105 1392 monasterium
1147 1333 1550 1390 recensetidem
1580 1331 1873 1397 Palladius,

298 1444 347 1483 e.
394 1427 491 1480 1⁸57
524 1434 580 1479 et
614 1425 734 1490 158,
766 1425 925 1495 cujus
949 1423 1269 1478 monasterii
1304 1422 1442 1477 aulae
1459 1438 1526 1476 ne
1554 1422 1721 1476 clavis
1752 1420 1875 1491 quis

298 1519 419 1573 dem
462 1524 599 1581 erat,
645 1516 787 1570 sicut
841 1516 894 1569 in
930 1516 1055 1571 aliis
1089 1514 1341 1569 undecim
1383 1513 1753 1576 monasteriis,
1782 1513 1876 1567 sed

301 1615 434 1683 ipsa:
461 1612 529 1664 ab
559 1610 678 1678 ejus
711 1623 897 1663 amore
930 1607 1337 1669 detinebantur,
1373 1604 1507 1659 adeo
1546 1605 1716 1673 ipsam
1753 1603 1877 1656 dili-

301 1704 521 1769 gebant.
557 1699 797 1755 Fuerunt
831 1708 885 1754 et
918 1697 1298 1752 Alexandrinae
1341 1695 1622 1750 monachae
1654 1694 1875 1749 Samia-

303 1792 474 1857 ιλιι-ξω,
500 1793 565 1847 ad
589 1805 724 1861 quas
755 1790 946 1846 scribit
973 1789 1040 1845 de
1065 1788 1351 1843 mulierum
1375 1786 1620 1841 victoriis
1637 1784 1879 1841 Isidorus

303 1878 629 1946 Pelusiotes,
660 1881 757 1936 lib.
797 1897 813 1936 ι
850 1879 1037 1950 epist.,
1098 1894 1150 1948 p.
1187 1877 1278 1932 87.
1339 1877 1709 1941 Alexandria,
1760 1891 1882 1947 quae

307 1971 620 2026 barathrum
672 1956 970 2026 vocabatur
1006 1967 1215 2031 mundi,
1261 1966 1336 2021 uti
1368 1968 1534 2021 refert
1561 1966 1882 2022 Eustathius

307 2067 357 2114 in
419 2059 659 2130 Dionysii
715 2058 789 2113 De
818 2058 923 2111 situ
952 2058 1092 2110 orbis
1130 2056 1490 2126 Περιήγησιν,
1532 2065 1589 2111 ιιι
1617 2066 1734 2111 erat
1767 2072 1883 2110 em-

308 2150 521 2219 porium
547 2150 962 2204 celeberrimum
989 2148 1222 2217 Africae;
1258 2147 1557 2215 erant_vici
1593 2148 1757 2210 varii,
1789 2150 1884 2219 qui

308 2240 458 2293 labra
487 2237 960 2307 nuncupabantur,
991 2236 1096 2293 illis
1119 2246 1385 2307 praeerant
1404 2236 1726 2308 presbyteri,
1756 2237 1886 2292 sub-

308 2328 405 2382 diti
470 2342 667 2381 omnes
714 2327 808 2380 uni
858 2327 1294 2395 archiepiscopo,
1323 2324 1637 2393 cujusmodi
1670 2323 1771 2379 luit
1801 2323 1887 2377 vi-

310 2433 410 2472 cus
465 2415 704 2484 Bancali,
756 2416 810 2470 in
842 2432 949 2486 quo
978 2427 1096 2470 erat
1156 2415 1412 2479 ecclesia,
1465 2414 1554 2469 cui
1600 2414 1760 2469 Arius
1783 2413 1887 2468 fuit

314 2506 618 2578 praefectus,
643 2519 832 2563 sancto
854 2505 1151 2577 Epiphanio
1170 2514 1387 2560 auctore
1402 2506 1455 2558 in
1475 2504 1664 2560 heres.
1684 2505 1887 2576 ’Λρειο-

314 2600 557 2671 μανιτῶν
607 2600 696 2665 69,
752 2615 807 2670 p.
842 2600 967 2665 511,
1012 2608 1067 2653 et
1105 2598 1220 2653 alii.
1246 2597 1301 2652 ln
1330 2598 1515 2667 aliquo
1548 2610 1738 2651 eorum
1769 2613 1885 2651 mo-

312 2693 607 2747 nasterium
628 2690 1073 2746 Sandalariarum
1095 2688 1611 2744 istarum'exstitisse
1638 2703 1742 2742 non
1768 2704 1886 2741 am-

310 2782 456 2851 bigo,
481 2782 595 2836 sive
616 2780 1131 2842 Sandaliariarinm,
1156 2794 1277 2848 quae
1299 2793 1327 2832 a
1350 2778 1632 2843 sandaliis,
1664 2794 1757 2832 seu
1801 2794 1888 2833 so-

314 2872 413 2926 leis
470 2888 535 2926 eo
567 2873 785 2927 nomine
831 2879 959 2927 sunt
987 2870 1293 2941 appellatae,
1325 2869 1468 2938 quod
1494 2884 1683 2923 carum
1727 2869 1889 2939 pedes

315 2963 420 3016 hoc
451 2963 803 3016 calceamenti
848 2977 1046 3032 genere
1081 2959 1254 3014 induti
1292 2958 1496 3022 forent,
1533 2969 1754 3015 sanctas
1782 2962 1890 3014 An-

1967 504 2096 558 dum
2124 503 2427 572 pictorille,
2460 504 2621 572 cujus
2654 502 2705 556 in
2749 503 2948 557 tabulis
2985 503 3104 571 plus
3144 501 3544 571 intelligebatur

1968 609 2127 664 quant
2158 594 2502 664 pingebatur,
2540 609 2664 648 cum
2687 593 3026 647 exhibuisset
3060 591 3392 662 Iphigeniam
3423 608 3546 648 ora-

1970 695 2148 741 torum
2183 685 2437 740 laudibus
2469 685 2794 740 celebratam
2822 692 3054 738 stantem
3088 683 3156 737 ad
3188 697 3313 737 aras
3344 684 3548 751 peritu-

1971 791 2109 841 ram,
2170 785 2227 831 et
2277 784 2505 829 mmstos
2556 774 2826 844 pinxisset
2883 787 3097 837 omnes,
3153 773 3425 842 prmeipne
3454 788 3547 849 paj

1975 880 2185 931 truum,
2233 875 2287 922 et
2311 866 2550 922 tristitia:
2590 880 2809 919 omnem
2841 865 3138 933 imaginem
3168 865 3547 934 consumpsis-

1972 968 2074 1021 set,
2102 958 2278 1029 patris
2330 957 2503 1027 ipsius
2530 957 2738 1010 vultum
2793 956 3009 1019 velavit,
3047 971 3209 1020 quem
3249 956 3408 1024 digne
3440 972 3548 1009 no.1

1973 1056 2185 1120 poterat
2227 1049 2546 1105 ostendere:
2578 1062 2700 1117 quae
2728 1055 2856 1101 sunt
2887 1045 3049 1099 verba
3071 1042 3234 1098 Plinii
3257 1045 3546 1109 ‘lib..\xxv,

1976 1153 2024 1192 e.
2062 1137 2144 1191 l0.

2044 1231 2199 1287 Nilus
2257 1233 2371 1303 ipse
2436 1239 2616 1285 motus
2646 1230 2767 1285 illos
2801 1228 3131 1292 animorum,
3164 1234 3219 1281 et
3254 1226 3553 1296 certamina

1978 1332 2146 1388 tanta,
2179 1339 2304 1378 cum
2346 1342 2375 1378 a
2408 1339 2468 1377 se
2521 1323 2640 1392 ipso
2680 1320 2911 1390 discerpi
2941 1320 3235 1383 videretur,
3274 1319 3343 1372 ah
3368 1333 3464 1371 sua
3496 1334 3555 1372 se

1977 1417 2208 1486 conjuge
2252 1431 2536 1486 separatis,
2595 1415 2650 1467 in
2700 1428 2864 1483 quam
2909 1412 3185 1466 coaluerat
3210 1411 3429 1465 vinculo
3458 1425 3552 1463 nu—

1980 1510 2240 1578 ptiar-um,
2274 1515 2577 1576 sanctoque
2603 1504 2826 1568 findere,
2855 1519 2918 1558 ac
2949 1503 3228 1557 individua
3265 1502 3386 1556 vitae
3409 1516 3554 1554 con-

1979 1597 2266 1653 suetudine
2314 1611 2615 1659 connexus,
2674 1609 2781 1647 non
2825 1593 3112 1647 adumbrat
3150 1592 3332 1659 modo,
3366 1604 3554 1645 verum

1981 1690 2034 1743 in
2079 1691 2389 1745 narratione
2414 1690 2652 1746 secunda
2676 1689 2741 1743 ad
2769 1689 2948 1742 vivum
2977 1685 3235 1756 exprimit
3265 1699 3294 1738 a
3328 1698 3453 1753 pag.
3489 1681 3556 1735 13

1982 1780 2049 1834 ad
2096 1781 2182 1835 17.
2236 1780 2412 1852 Auget
2457 1781 2821 1851 suspicionem
2884 1779 3093 1838 mortis,
3148 1790 3310 1845 qttam
3354 1774 3558 1827 obiisse

1984 1882 2090 1927 tam
2151 1887 2399 1934 uxorem,
2455 1888 2616 1942 quam
2680 1871 2846 1926 ﬁliam
2882 1869 3137 1939 conjieio,
3177 1866 3322 1937 quod
3354 1864 3410 1918 in
3445 1862 3554 1917 illis

1983 1964 2209 2033 prolixis
2242 1963 2647 2018 narrationibus
2693 1963 2762 2017 de
2802 1960 3067 2016 Theoduli
3095 1959 3186 2013 lilii
3219 1957 3389 2012 variis
3410 1954 3553 2011 casi-

1983 2053 2105 2118 bns,
2162 2061 2216 2107 et
2271 2052 2603 2123 captivitate,
2637 2053 2968 2121 tandemque
3023 2048 3417 2118 redemptione,
3452 2062 3555 2099 ne-

1985 2158 2261 2213 quaquam
2321 2143 2512 2197 matris
2561 2141 2792 2210 filiaeque
2839 2140 3169 2204 meminerit,
3238 2153 3338 2192 nec
3377 2135 3441 2190 ad
3466 2150 3559 2188 cas

1977 2234 2238 2305 deinceps
2262 2235 2423 2288 ullam
2466 2234 2674 2289 dederit
2711 2233 3019 2303 epistolam,
3062 2247 3187 2287 cum
3218 2230 3284 2284 ad
3320 2227 3563 2283 Theodo-

1983 2325 2118 2379 siam
2149 2326 2488 2396 μονάζουσαν
2525 2325 2613 2395 (de
2632 2341 2739 2395 qua
2783 2324 3037 2395 superius
3061 2322 3167 2393 egi,
3205 2336 3258 2392 p.
3290 2320 3415 2385 60l,
3437 2333 3557 2374 eam

1986 2416 2368 2485 reprehensam
2386 2417 2625 2472 referens
2645 2432 2673 2469 a
2689 2428 2879 2470 sancto
2895 2416 3034 2479 viro,
3050 2414 3192 2484 quod
3211 2422 3399 2467 contra
3418 2424 3563 2464 man‘

1984 2509 2166 2563 datum
2204 2509 2378 2564 sancti
2409 2509 2644 2579 apostoli
2676 2509 2825 2563 Pauli
2853 2509 3000 2563 viros
3038 2509 3255 2562 doceret
3284 2505 3339 2559 in
3371 2503 3560 2558 Eccle-

1985 2599 2155 2664 sia,e.
2178 2615 2288 2661 xiv,
2307 2615 2448 2663 vers.
2491 2600 2580 2664 51,
2620 2599 2780 2668 epist.
2810 2596 2916 2653 lad
2945 2596 3421 2667 Cor.)scripserit:
3446 2591 3564 2646 Κᾶν

1989 2692 2246 2762 μυριάκις
2276 2692 2442 2762 λέγῃς
2477 2692 2573 2763 (ait
2617 2690 2792 2761 Nilus)
2821 2693 2921 2761 τῆς
2953 2687 3344 2760 θηλυδριώδους
3396 2684 3566 2751 ἕξεως

1991 2783 2206 2853 μακρὰν
2252 2783 2496 2853 ἀπέχειν,
2545 2784 2640 2836 καὶ
2669 2781 2779 2836 τῶν
2812 2780 3031 2854 ,ἀνδρῶν
3086 2781 3352 2848 ὑπάρχειν
3403 2794 3561 2829 aeau-

1986 2872 2084 2942 τὴν
2116 2873 2474 2945 στερροτέραν
2500 2873 2640 2924 κατὰ
2673 2872 2765 2925 τὸν
2786 2871 2881 2924 τοῦ
2919 2867 3252 2939 παρθενικθῦ
3283 2866 3566 2939 φρονήμα-

1989 2978 2076 3023 τος
2104 2961 2399 3031 ἑδρασμὸν·
2428 2961 2679 3025 Quamvis
2705 2960 2897 3012 millies
2921 2958 3119 3011 dixeris
3144 2967 3190 3009 te
3210 2958 3361 3025 longe
3387 2954 3565 3008 abesse

313 3054 566 3122 gustinus
615 3054 668 3106 in
713 3052 919 3123 Regula
966 3052 1383 3117 monacbarum,
1416 3052 1575 3121 epist.
1610 3051 1733 3114 108,
1769 3051 1887 3120 jns-
1919 3087 1960 3144 ϐ
1995 3068 2025 3103 ιι
2061 3051 2284 3119 femineo
2329 3051 2533 3111 habitu,
2566 3059 2613 3104 et
2648 3051 2871 3118 teipsam
2893 3046 3190 3101 hominibus
3213 3046 3567 3111 stabiliorem,

314 3152 458 3197 serat
479 3140 867 3196 :«Vestimenta
887 3157 1011 3195 vero
1033 3151 1087 3194 et
1113 3141 1499 3203 ealceamenta,
1520 3140 1738 3209 quando
1767 3140 1886 3194 fite-—

313 3232 424 3285 rint
454 3231 711 3301 indigenti
748 3231 1073 3295 necessaria,
1099 3247 1201 3284 non
1223 3230 1494 3296 dilTeiant,
1524 3229 1626 3284 sub
1655 3245 1889 3299 quarum

313 3322 557 3376 custodia
590 3333 738 3388 sunt,
771 3339 892 3393 qua:
913 3333 1244 3394 poscuntur;
1277 3342 1294 3375 ι
1318 3334 1369 3378 et
1394 3330 1617 3379 sanctus
1646 3322 1889 3377 Athana-

315 3412 431 3466 sius
469 3414 521 3468 iu
574 3415 796 3485 llegulis
848 3416 914 3471 de
941 3418 1252 3487 virginitate
1300 3420 1590 3483 servanda,
1631 3417 1697 3472 ad
1728 3418 1890 3490 virgi-

316 3519 439 3558 nem
500 3505 641 3559 inter
672 3506 776 3560 alia
821 3509 1144 3575 praescribit.
1176 3528 1194 3560 ι
1241 3509 1376 3562 Cum
1414 3511 1630 3565 steteris
1683 3512 1734 3564 in
1768 3524 1889 3566 ora-

319 3594 486 3658 tione,
511 3594 673 3678 pedes
697 3597 1079 3651 calceamentis
1109 3599 1377 3652 obductos
1401 3598 1597 3653 habeto
1621 3615 1666 3662 ς)
1691 3619 1741 3667 p.
1759 3599 1885 3663 401,

317 3686 432 3742 sive
467 3687 520 3739 in
559 3685 714 3755 εὐχῇ.
766 3683 1012 3740 Bivarius
1051 3687 1118 3740 de
1154 3686 1478 3741 monachatn
1521 3686 1764 3741 scribens
1793 3703 1889 3755 pro

317 3776 565 3832 Nitrimis
613 3777 1126 3832 sanctimonialihus
1196 3777 1431 3847 Regulus
1475 3778 1597 3832 illas
1643 3779 1890 3834 conditas

318 3886 346 3922 a
375 3865 563 3923 sancto
596 3867 918 3931 Athanasio,
963 3866 1181 3931 asserit,
1216 3876 1266 3922 et
1312 3866 1568 3936 explicat,
1602 3876 1660 3921 ut
1690 3866 1745 3920 in
1776 3877 1891 3921 sta-

319 3960 556 4015 tionibus
612 3961 741 4015 dum
796 3958 1228 4019 communicant,
1277 3974 1354 4013 eae
1396 3958 1631 4014 obtectis
1661 3957 1890 4029 pedibus

320 4051 426 4103 sint
453 4061 670 4119 propter
704 4049 1083 4104 reverentiam.
1117 4049 1209 4103 Vel
1261 4048 1612 4104 Sandaliarire
1647 4051 1763 4103 ista:
1794 4065 1890 4103 no-

322 4142 535 4195 minatae
593 4141 662 4195 ab
704 4142 889 4211 aliquo
953 4142 1071 4198 vico
1125 4140 1490 4207 Alexandria),
1529 4142 1618 4196 ubi
1647 4141 1889 4196 Szittdulia

323 4233 638 4301 prostabant
688 4234 921 4299 venalia,
977 4234 1286 4304 cujnsmodi
1340 4243 1459 4290 erat
1515 4233 1702 4290 Romae
1728 4234 1883 4290 vicus

324 4320 733 4377 Sandaliarius:
765 4339 814 4376 c.
846 4324 1086 4379 Nardino
1118 4326 1171 4378 in
1220 4323 1394 4378 Roma
1424 4325 1666 4395 antiqua,
1703 4341 1757 4395 p.
1787 4324 1889 4377 HO

1983 3144 2145 3212 juxta
2169 3143 2385 3213 virginei
2415 3158 2596 3196 sensus
2638 3142 2970 3210 ﬁrmitatem,
3000 3140 3116 3194 lib..
3157 3154 3191 3192 ιι
3215 3137 3385 3208 Epist.
3416 3138 3564 3191 Alla-

1993 3233 2136 3288 tiana
2171 3233 2288 3288 116.
2313 3232 2466 3289 Unde
2514 3233 2798 3304 virginem
2832 3247 2949 3289 eam
3005 3231 3171 3287 fuisse
3216 3238 3450 3285 constat.
3475 3228 3563 3281 ln-

1990 3326 2276 3381 nocentins
2327 3326 2545 3395 quidem
2605 3325 2818 3389 tertius,
2868 3324 2960 3379 lib.
3003 3324 3231 3393 t,cpist.
3282 3322 3569 3380 187.Bnr-

1989 3419 2138 3487 gensi
2162 3425 2216 3471 et
2238 3416 2520 3471 Palentino
2550 3417 2823 3487 episcopis
2841 3425 2895 3471 et
2930 3415 3110 3470 abbati
3132 3415 3198 3469 de
3221 3412 3566 3468 Morimundo

1987 3504 2368 3561 Cisterciensis
2425 3506 2634 3560 ordinis
2682 3505 2953 3569 rescribit,
2990 3521 3056 3557 ne
3081 3504 3370 3558 abbatissa:
3398 3503 3568 3558 bene-

1988 3599 2171 3653 dicant
2223 3596 2511 3662 moniales,
2557 3614 2734 3666 neque
2775 3597 3150 3652 confessiones
3186 3596 3434 3659 audiant,
3468 3610 3567 3647 nec

1990 3689 2285 3759 praedicent
2314 3688 2705 3758 Evangelium;
2739 3704 2865 3743 nam
2900 3689 3025 3742 licet
3049 3689 3363 3744 beatissima
3408 3687 3568 3755 \‘irgo

1988 3782 2201 3853 dignior
2256 3790 2311 3837 et
2357 3781 2708 3837 exeellentior
2750 3780 2928 3835 fuerat
2968 3781 3231 3851 apostolis
3272 3780 3570 3840 universis,

1989 3890 2096 3929 non
2128 3885 2306 3929 tamen
2335 3873 2433 3940 illi,
2458 3874 2551 3929 sed
2576 3873 2692 3927 istis
2719 3871 2979 3927 Dominus
3011 3872 3189 3926 claves
3208 3871 3358 3939 regni
3393 3872 3568 3926 coelo—

1989 3981 2108 4020 rum
2135 3964 2410 4021 commisit
2433 3963 2583 4018 :l'nse
2600 3971 2823 4018 sanctus
2862 3961 3200 4031 Epiphanius
3222 3962 3317 4017 lib.
3346 3979 3425 4027 ιιι,
3447 3974 3575 4018 κατ’

1987 4058 2172 4127 Αἱρες.
2204 4056 2256 4117 6,
2291 4055 2552 4111 Adversus
2569 4052 2978 4125 Collyridinnos,
2999 4053 3190 4108 hmres.
3223 4053 3312 4113 59.
3348 4071 3449 4110 seu
3478 4054 3571 4109 79‘-

1989 4148 2258 4203 llobertus
2314 4147 2531 4216 quidem
2583 4147 2650 4199 de
2679 4143 3044 4212 Arbrissellis,
3087 4142 3394 4215 Theologus
3416 4144 3576 4200 Paria

1989 4239 2210 4302 siensis,
2276 4248 2466 4293 auctor
2532 4238 2635 4291 fuit
2700 4236 2926 4306 insignis
2992 4237 3313 4313 monasterii
3382 4235 3579 4291 Fontis

1990 4330 2228 4396 Ebraldi,
2285 4331 2370 4385 cui
2417 4329 2658 4399 prteferit
2699 4329 3054 4392 abbatissam,
3108 4344 3229 4397 ιιιιειιι
3282 4330 3337 4382 in
3377 4344 3579 4384 omnes

326 4426 375 4467 et
404 4413 521 4478 141,
553 4430 616 4469 ex
654 4416 1029 4486 inscriptione,
1064 4433 1127 4471 ac
1158 4416 1350 4473 Gellio.
1374 4418 1482 4474 Aut
1525 4418 1889 4482 fueruntillae,
1924 4431 1968 4486 ι)
2002 4432 2113 4476 ιιιιιι
2136 4424 2300 4482 viros.
2325 4433 2435 4476 tum
2461 4421 2694 4475 feminas
2717 4436 2994 4476 summum
3015 4422 3105 4489 jus
3130 4420 3420 4485 obtineret,
3444 4423 3571 4475 bra.»

330 4507 394 4560 ad
448 4521 583 4576 quas
615 4509 840 4577 epistola
900 4512 1070 4565 sancti
1109 4511 1354 4584 Gregorii
1410 4510 1896 4567 Nazianzenidiri-

330 4599 574 4670 gebalur,
637 4600 917 4670 inscripta,
970 4602 1353 4675 Εὐλαῦεστὰτῃ
1388 4604 1484 4657 καὶ
1535 4602 1623 4656 διὰ
1677 4603 1897 4655 πάντων

331 4692 714 4763 κεκοσμημένη
741 4694 798 4746 ὲν
829 4694 1047 4764 Χριστῷ
1079 4695 1399 4766 ἀδελφότητι
1427 4699 1494 4767 τῇ
1530 4696 1672 4749 κατὰ
1699 4696 1899 4749 Σαννα-

324 4782 513 4836 ϐαδίαν
546 4783 640 4836 τοῦ
674 4785 946 4856 μακαρίου
1001 4786 1304 4839 Λευκαδίου
1344 4788 1401 4839 ἐν
1460 4787 1761 4857 μονάζουσι
1803 4786 1898 4840 καὶ

323 4874 611 4945 παρθένοις
661 4876 1015 4946 ὴγιασμένος.
1074 4876 1337 4946 (Latinus
1383 4879 1651 4947 interpres
1703 4879 1896 4933 Billius

320 4965 515 5034 pietate
535 4981 598 5018 ac
620 4966 864 5020 doctrina
892 4967 1118 5038 insignis
1137 4967 1525 5022 Sannabadaar
1540 4968 1736 5037 ell‘ert).
1765 4967 1897 5023 Utut

321 5059 415 5119 sit,
443 5059 631 5112 vellem
656 5067 716 5113 ut
749 5060 814 5114 ad
862 5060 1243 5131 bypotyposim
1288 5061 1561 5131 pathicam
1595 5077 1897 5132 exsequen-

319 5148 466 5212 dam,
518 5150 1056 5221 exprimendamque,
1097 5168 1160 5207 ac
1195 5153 1565 5222 subjieicndos
1609 5154 1782 5208 oculis
1811 5154 1895 5207 af-

320 5237 556 5292 fectuum
583 5240 746 5310 655
774 5242 825 5294 in
858 5241 951 5295 illo
978 5242 1224 5297 discessu
1257 5242 1590 5311 multiplices
1643 5242 1893 5305 ell'ectes.

318 5329 422 5381 Nili
479 5331 613 5384 mihi
659 5331 740 5384 vel
794 5329 1024 5387 Joannis
1068 5332 1446 5405 Chrysostomi
1478 5331 1734 5388 facundia
1765 5349 1894 5403 sup-

317 5429 545 5488 peteret,
581 5436 644 5474 ac
693 5421 1023 5487 eloquentia,
1073 5437 1197 5477 cum
1238 5423 1627 5477 divellerentur
1672 5423 1891 5491 quidem

318 5509 546 5564 maritus
585 5521 638 5564 et
679 5513 881 5583 conjux
925 5529 1092 5569 carne
1141 5523 1302 5584 atque
1355 5504 1623 5582 corpore,
1657 5514 1888 5583 conjun-

318 5610 577 5669 gerentur
617 5610 795 5655 tamen
822 5603 1026 5657 arctius
1083 5605 1269 5658 animo
1301 5611 1355 5658 et
1388 5604 1673 5659 cbaritate.
1706 5601 1891 5659 Satius

317 5701 424 5753 est,
461 5692 680 5752 qnaiido
719 5694 824 5749 illis
879 5694 1175 5750 destiiutns
1222 5711 1342 5750 sum
1389 5694 1631 5761 dotibus,
1686 5694 1889 5750 imitari

2001 4515 2223 4569 tissime
2266 4515 2500 4584 Virginis
2532 4513 2621 4567 Dei
2660 4512 2952 4570 Gcnitricis
2992 4513 3240 4582 exemplo
3270 4513 3572 4568 secundum

2001 4607 2159 4659 verba
2191 4605 2414 4670 Christi,
2450 4603 2584 4658 Ecce
2615 4603 2794 4658 Filius
2825 4615 2968 4667 tuus,
3011 4620 3126 4659 ecce
3159 4604 3334 4658 Mater
3366 4614 3475 4667 tua,
3503 4605 3574 4657 alt

2002 4711 2205 4750 annum
2239 4693 2301 4748 C.
2338 4693 2402 4749 Ν.
2446 4694 2603 4761 1117,
2659 4695 2737 4750 uti
2798 4695 3043 4750 referunt
3074 4695 3362 4749 cardinalis
3406 4693 3579 4746 Baro-

2014 4786 2160 4846 nius,
2186 4801 2249 4839 ex
2280 4800 2457 4854 coque
2499 4786 2845 4856 Spondanns,
2878 4787 2932 4841 in
2963 4786 3185 4841 dimcesi
3219 4786 3467 4840 Pictavii.
3498 4785 3572 4837 li.-

1998 4877 2088 4930 illa
2139 4876 2330 4930 Petrus
2386 4878 2786 4940 Cluniacensis,
2829 4877 2922 4931 lib.
2949 4892 3034 4941 ιιι,
3059 4876 3218 4944 epist.
3259 4875 3350 4938 27,
3385 4886 3437 4929 ct
3470 4877 3570 4929 Pe-

1999 4977 2118 5023 trus
2157 4969 2443 5031 Cellensis,
2474 4969 2569 5022 lib.
2603 4983 2664 5032 It,
2709 4969 2872 5037 epist.
2922 4968 3011 5034 10,
3043 4969 3114 5022 ad
3143 4967 3452 5022 Matkildcm
3488 4984 3570 5020 rr-

1995 5060 2282 5114 nerabilem
2340 5060 2686 5123 abbatissam,
2719 5064 2896 5129 deque
2949 5060 3045 5114 illo
3087 5059 3249 5127 epist.
3297 5076 3355 5119 ιι,
3402 5058 3485 5118 12,
3518 5067 3571 5111 et

1996 5152 2090 5206 lib.
2124 5168 2183 5217 ιι,
2219 5153 2380 5222 epist.
2414 5169 2494 5207 ιιι.
2543 5152 2741 5206 Sancta
2773 5166 2991 5222 quoque
3045 5148 3302 5206 Tln-resia
3344 5152 3565 5203 Patrum

1996 5248 2306 5299 nostrorum
2358 5252 2515 5297 aetate
2571 5244 2900 5297 severiorem
2948 5253 3192 5296 veterum
3252 5241 3570 5295 Cainielita-

1995 5350 2115 5388 rtttn
2148 5333 2434 5404 Regulam,
2467 5336 2573 5388 Deo
2632 5333 2865 5395 alliante,
2907 5342 2961 5386 et
2987 5331 3083 5385 Pio
3115 5330 3180 5385 IV
3212 5333 3567 5401 approbante.

1994 5426 2227 5495 primum
2249 5426 2587 5489 mulieribus,
2611 5425 2777 5495 656
2800 5424 2994 5478 deinde
3026 5424 3156 5477 viris
3178 5423 3569 5478 observandam

1962 5570 1971 5577 ,
1992 5517 2291 5587 proposuit.

2064 5608 2291 5662 Exstant
2322 5616 2376 5662 et
2402 5607 2641 5675 epistola:
2677 5607 2780 5661 Nili
2805 5606 2870 5662 ad
2892 5607 3237 5662 Anastasiam
3278 5605 3568 5677 virginem,

1996 5700 2100 5753 555
2132 5698 2372 5767 Possini,
2427 5698 2520 5751 lib.
2563 5714 2622 5764 ll,
2661 5701 2823 5770 epist.
2862 5698 2965 5753 ll8
2993 5698 3195 5765 Allatii,
3227 5697 3282 5753 in
3312 5713 3419 5769 qua
3449 5712 3567 5751 eam

3406 297 3544 364 13282
3639 354 3646 359 .
