3998 6116
1831 151 1860 158 ιν
1873 147 1932 156 νοο-

447 291 581 352 Γὶὸὂ

1179 282 1327 342 105.
1371 279 1632 341 MARLE
1667 273 2024 337 SUARESII
2067 271 2295 332 LIBER
2336 269 2968 330 CIIRONOLOGICUS

3579 256 3718 332 1383‘

443 402 783 458 commendat
814 402 881 454 ob
914 398 1148 466 vigilias,
1180 405 1288 449 etc.
1331 395 1462 448 item
1506 395 1569 448 ad
1600 392 1869 446 Juli‘nnam
1902 391 2013 443 vir-
2053 395 2098 450 Α
2127 387 2481 442 tit-missionis
2500 387 2678 456 specie
2700 396 2968 440 tumentes
2997 385 3339 455 superbiunt,
3372 384 3714 457 'captantque

443 498 645 565 ginem,
671 495 762 547 lib.
789 508 827 555 t,
865 489 1023 558 epist.
1056 488 1152 542 165
1178 499 1229 541 et
1261 487 1377 549 ld-i,
1418 487 1707 541 dilaudans
1742 487 1913 555 ipsam
1950 483 2020 536 ob

439 587 705 655 jejunium
733 601 747 649 ;
808 582 1035 648 insuper
1088 579 1155 632 ad
1187 578 1494 642 Photiuam,
1532 587 1585 632 et
1615 577 1739 631 Dor.
1778 577 2016 645 sive(ut

448 678 681 746 opinor)
735 674 799 728 ad
840 672 1191 737 Dorotheam,
1224 671 1318 725 lib.
1349 687 1408 734 rt,
1455 670 1611 740 epist.
1645 669 1734 731 5|,
1762 668 1852 721 ubi
1884 666 2020 736 ἀλη-

443 768 552 830 θῶς
612 767 718 836 γὰρ
779 763 1022 834 (inquit)
1070 761 1415 831 σκηνώματά
1439 778 1498 813 τε
1535 760 1633 813 καὶ
1662 758 2024 828 Θυσιαστήρια

444 862 538 914 zzi.
561 860 713 921 ναὸς,
748 860 840 910 καὶ
891 857 1152 927 κειμήλια
1195 854 1328 907 Θεοῦ
1355 853 1443 906 διὰ
1469 854 1566 922 τῆς
1602 851 1898 923 παρθενίας
1929 867 2026 903 πε-

445 955 647 1020 φήνατε
675 967 687 978 ·
727 950 778 1003 id
802 958 905 1010 est,
937 964 1054 1002 vere
1085 961 1308 1015 namque
1336 942 1697 1002 tabernacula.
1735 950 1783 995 et
1803 941 2021 1005 altaria,

443 1055 489 1095 et
520 1042 788 1110 templum,
826 1049 873 1091 ct
896 1039 1129 1106 pretiosa
1171 1053 1388 1089 munera
1419 1033 1510 1087 Dei
1549 1049 1639 1102 per
1670 1033 2023 1102 rirginitatent

447 1135 798 1204 ulmoruistis.
873 1130 1084 1183 lit-lente
1127 1129 1322 1182 illustri
1373 1127 1532 1195 epist.
1590 1123 1712 1189 170,
1741 1124 1834 1177 lib.
1871 1137 1907 1175 II
1939 1123 2028 1174 ΛΙ-

449 1225 583 1282 latii.
624 1234 701 1276 cst
754 1222 1036 1289 inscripta,
1089 1235 1196 1289 qua
1235 1219 1443 1271 solatur
1475 1231 1620 1278 eam,
1651 1224 1904 1284 vetatque
1934 1215 2022 1268 lu-

444 1329 575 1384 gere
629 1329 776 1366 more
815 1311 1096 1380 gentilium
1137 1309 1304 1362 tilium
1344 1307 1587 1371 unicum,
1635 1312 1690 1359 ct
1733 1304 2022 1375 optimum,

445 1405 540 1475 qui
600 1402 988 1465 obdormierat,
1038 1398 1350 1455 Niearetum
1391 1415 1506 1465 ;au
1567 1399 1738 1453 tilium
1785 1396 2025 1452 Nicareti

448 1495 726 1561 scriniari,
767 1496 832 1549 ad
871 1509 1034 1564 quem
1065 1501 1319 1548 exararat
1343 1492 1499 1562 epist.
1528 1491 1625 1546 l5!
1660 1491 1756 1545 lib.
1801 1488 2029 1545 ut?Nee

445 1587 591 1642 enim
620 1587 684 1640 ad
716 1585 1026 1640 Nicaretum
1053 1593 1299 1654 spectare
1326 1597 1547 1650 censeo,
1574 1597 1734 1653 quem
1769 1583 2027 1636 admonet

445 1676 605 1744 epist.
645 1674 892 1737 284,1“).
928 1689 986 1727 ιι.
1034 1671 1305 1728 Praeterea
1373 1669 1531 1726 Nilus
1600 1669 1800 1724 Juliam
1857 1672 2030 1724 comi-

450 1768 639 1822 tissam
698 1767 952 1822 convenit
1017 1779 1113 1835 per
1147 1765 1306 1834 epist.
1355 1765 1486 1829 2l5,
1520 1764 1615 1817 lib.
1649 1779 1708 1827 ιι,
1738 1763 2028 1832 obiurgans

448 1871 568 1909 eam
596 1856 739 1924 quod
777 1855 1003 1908 nimium
1044 1854 1291 1908 studeret
1338 1853 1587 1922 corporis
1625 1851 1898 1907 venustati
1930 1867 2028 1904 cu-

449 1948 666 2012 randaz;
704 1963 770 2000 an
829 1947 975 2000 illam
1012 1945 1342 2006 Gazeusem,
1384 1945 1450 1997 de
1472 1959 1576 2014 qua
1604 1943 1901 1997 cardiualis
1927 1942 2028 1996 Ba-

451 2039 640 2094 ronius
693 2039 764 2093 ad
796 2053 1001 2091 annum
1047 2036 1111 2091 C.
1147 2035 1212 2090 N.
1243 2036 1370 2098 403,
1395 2034 1488 2089 fol.
1526 2034 1672 2090 £79?
1703 2035 1768 2088 ad
1800 2035 2026 2104 Stepha-

449 2132 630 2186 niticm
695 2131 1055 2194 comitissam,
1101 2130 1136 2182 Ι.
1190 2145 1266 2194 ιι,
1310 2129 1469 2198 epist.
1529 2127 1656 2190 2l8,
1710 2126 1872 2194 cujus
1928 2126 2030 2180 fide

445 2225 778 2280 servandum
800 2223 1058 2276 maritum
1079 2221 1310 2276 aflirmat
1337 2238 1350 2286 ;
1383 2220 1602 2273 viduam
1626 2219 1842 2273 demum
1869 2217 2031 2273 Dios-
2076 2248 2078 2251 -

450 2315 681 2375 coriam.
723 2314 808 2368 cui
858 2312 1026 2366 Deum
1077 2312 1472 2367 subventurum
1526 2310 1779 2379 praesagit
1815 2309 1911 2363 lib.
1966 2324 2025 2370 ll,

446 2408 608 2475 epist.
647 2405 772 2460 266.
822 2402 1054 2458 Nomina
1109 2417 1239 2457 vero
1296 2412 1403 2457 tam
1440 2402 1628 2456 uxoris
1675 2399 1805 2468 Nili,
1863 2416 2028 2472 quam

457 2498 580 2550 tilia:
613 2496 782 2550 relata
821 2495 1096 2550 oblivione
1122 2493 1174 2547 in
1217 2493 1398 2560 terris,
1441 2494 1495 2548 in
1527 2492 1841 2548 ctelestibus
1869 2492 2030 2546 tabu-

448 2587 517 2641 lis
573 2585 740 2640 fuisse
791 2587 990 2655 scripta
1042 2584 1389 2638 crediderim.
1423 2584 1596 2638 Tanta
1630 2583 1734 2638 fuit
1765 2584 1876 2639 Nili
1908 2600 2028 2638 mo-

447 2676 649 2740 destia,
705 2683 964 2743 tantaque
1029 2672 1330 2736 humilitas,
1375 2672 1585 2728 alienus
1608 2674 1825 2740 penitus
1851 2682 2028 2728 erata

451 2768 608 2822 famae
640 2766 893 2836 aucupio,
915 2779 1222 2835 empyream
1245 2763 1518 2820 ambiebat
1540 2765 2025 2831 immortalitatem,

447 2861 565 2929 ipse
621 2872 745 2914 cum
805 2872 995 2920 uxore,
1054 2856 1370 2927 liberisque,
1426 2864 1480 2910 et
1532 2856 1786 2927 religiosa
1826 2855 2030 2912 familia

451 2951 617 3022 probe
645 2959 911 3006 norateos
942 2949 1034 3019 qui
1068 2964 1260 3003 vanam
1312 2957 1580 3019 spernunt
1614 2949 1869 3019 gloriam,
1901 2949 2028 3003 ade-

453 3051 641 3112 pturos
668 3041 1071 3106 veram,omnia
1104 3049 1452 3095 monumenta
1484 3041 1797 3096 mortalium
1837 3041 2025 3096 sublu-
2055 3059 2099 3120 ο
2133 3041 2242 3096 lido
2303 3056 2468 3108 saxo,

449 3134 569 3188 nari
603 3133 836 3188 excitata
892 3133 944 3186 in
979 3133 1196 3202 regione
1235 3139 1342 3185 tam
1396 3133 1643 3186 celeriter
1693 3132 1929 3194 absumi,
1963 3147 2026 3186 ac

446 3227 648 3300 perire,
677 3234 908 3280 mortem
947 3224 1097 3280 saxis
1141 3224 1379 3289 evenire,
1421 3224 1876 3294 nominibusque:
1911 3223 2024 3278 for-

451 3318 617 3373 lassis
659 3319 840 3381 etiam,
863 3316 1122 3387 epistolas
1173 3316 1238 3369 ad
1273 3330 1367 3370 eas
1394 3315 1563 3381 dedit,
1597 3315 1688 3370 sed
1733 3315 2024 3370 intercide-

452 3419 579 3463 runt
615 3409 735 3473 illae,
779 3416 837 3461 ut
867 3418 996 3462 sunt
1025 3405 1159 3458 varii
1218 3419 1398 3458 rerum
1433 3421 1612 3460 casus.
1650 3405 1900 3475 Deposita
1927 3405 2029 3476 igi-

451 3508 540 3552 tur
583 3498 696 3566 jam
724 3497 1004 3567 dignitate,
1051 3507 1474 3562 successoreque
1524 3504 1767 3565 accepto,
1799 3495 2028 3550 etbonis

449 3592 701 3652 furinum,
755 3589 956 3659 quibus
988 3587 1260 3649 attinebat,
1293 3586 1346 3640 iu
1394 3589 1708 3643 alimoniam
1757 3606 2028 3662 usumque

451 3697 749 3751 pauperum
798 3680 949 3749 targe
1005 3678 1334 3742 distributis,
1361 3681 1515 3749 juxta
1541 3682 1826 3736 consilium
1858 3697 2028 3736 evan-

449 3770 687 3839 gelicum
721 3786 735 3835 ;
775 3769 980 3839 peregit
1017 3770 1165 3839 pium
1187 3767 1425 3838 felixque
1465 3785 1589 3823 eum
1615 3770 2029 3826 thoriconsorte

449 3859 741 3913 divortium
781 3859 954 3923 Nilus,
995 3869 1048 3914 et
1093 3868 1328 3930 quatuor
1365 3860 1438 3914 illi
1468 3861 1820 3918 beatitudinis
1850 3862 2029 3918 candi-

449 3951 584 4016 dati,
639 3949 840 4021 egressi
898 3961 1026 4005 sunt
1078 3965 1108 4005 e
1140 3951 1322 4017 domo,
1344 3959 1395 4006 et
1447 3951 1793 4021 cognatione,
1823 3952 2021 4008 unani-

451 4042 614 4098 miter
639 4041 1036 4112 conspirantes.
1072 4041 1184 4098 Sub
1210 4057 1410 4096 annum
1434 4041 1560 4108 405,
1619 4044 1779 4113 pulso
1827 4059 2027 4116 nempe

450 4135 509 4188 in
543 4135 796 4189 exsilium
823 4133 1214 4205 Cbrysostomo
1245 4132 1455 4188 Joanne
1477 4143 1714 4203 pastore,
1745 4133 1861 4189 istae
1897 4151 2026 4191 oves

453 4225 824 4280 voluntarium
879 4226 1164 4291 subierunt
1217 4224 1498 4279 exsiliunt.
1530 4223 1777 4295 Arripuit
1807 4226 1908 4280 iter
1933 4225 2028 4279 Ni-

452 4319 538 4372 lus
566 4317 632 4371 ad
666 4326 901 4370 montem
945 4314 1093 4370 Sinai
1127 4330 1251 4370 cum
1297 4312 1600 4382 Theodulo,
1647 4315 1808 4369 ambo
1837 4331 2030 4370 mona-

2127 482 2344 533 inanctn
2382 479 2756 532 adoratiouem
2790 492 2930 530 novo
2961 493 3160 548 genere
3202 476 3443 533 ambitus
3477 495 3542 532 ex
3599 480 3706 533 mi-

2124 569 2285 633 seria,
2320 584 2386 623 ex
2441 569 2649 633 illuvie,
2697 568 2931 638 fictaque
3005 568 3172 620 animi
3218 567 3579 637 despicientia
3634 581 3710 624 tc-

2124 673 2311 731 gentes
2341 662 2525 716 cinere
2558 661 2876 714 monasticae
2918 662 3104 724 vestis,
3164 670 3218 714 et
3267 662 3364 714 vili
3437 662 3707 717 schemate

2128 753 2260 806 illud
2306 751 2620 806 cenodoxia:
2654 752 2961 805 incendium
2996 767 3104 820 quo
3135 753 3499 806 cxardescuut
3533 753 3700 815 intus,

2125 859 2301 913 neque
2332 843 2742 909 periclitabatur
2772 843 2824 895 in
2881 843 3237 912 applausibus
3279 845 3397 912 ejus
3431 844 3705 907 sanctitas,

2126 953 2226 992 nec
2256 945 2372 991 erat
2415 937 2712 992 timendum
2738 953 2802 990 ne
2832 937 3018 991 laudes
3075 954 3194 1007 qua:
3225 939 3323 1007 ipsi
3362 938 3705 992 ascribebau-

2129 1041 2235 1095 tur,
2269 1038 2706 1098 corrumperent,
2739 1044 2802 1082 ac
2841 1028 3208 1093 decoquereut
3261 1031 3543 1094 \itlutum,
3587 1032 3713 1100 qui-

2127 1121 2228 1176 bus
2253 1132 2478 1178 ornatus
2503 1132 2641 1185 erat,
2687 1120 2846 1175 ﬂores
2889 1131 2942 1176 et
2994 1121 3224 1186 fructus,
3276 1125 3432 1192 quasi
3498 1140 3702 1195 gemma

2127 1225 2499 1285 erumpentes,
2561 1223 2903 1283 mentemque
2977 1216 3247 1284 voluptate
3334 1215 3704 1271 abblandieute

2132 1305 2409 1377 perfusam
2448 1308 2737 1377 plusquam
2771 1322 2867 1376 par
2901 1317 3069 1370 esset,
3131 1317 3186 1361 ut
3245 1307 3403 1376 lapsu
3465 1309 3703 1378 graviore

2131 1407 2332 1462 rueret,
2363 1399 2724 1464 extolli-rent:
2769 1414 2835 1452 eo
2869 1399 3102 1452 citatiori
3174 1402 3367 1467 gradu.
3427 1416 3485 1455 se
3539 1403 3704 1456 oculis

2129 1505 2318 1544 eorum
2354 1490 2732 1553 subtrahebat,
2771 1501 2822 1544 ct
2852 1505 3014 1544 aures
3046 1491 3368 1547 obstruebat
3405 1491 3577 1556 Nilus,
3612 1510 3703 1546 ne-

2130 1599 2236 1652 que
2274 1592 2651 1652 cognatorum,
2687 1592 2781 1636 aut
2807 1584 3121 1649 cltarorum,
3163 1585 3246 1638 vel
3289 1601 3573 1640 servorum
3633 1587 3703 1639 la-

2131 1673 2332 1743 crymis
2364 1672 2630 1726 tantillum
2665 1672 3100 1740 permovebatur,
3139 1673 3301 1727 siccis
3358 1673 3472 1743 ipse
3531 1676 3701 1728 oculis

2130 1764 2196 1817 ad
2235 1763 2490 1817 vexillum
2549 1763 2732 1817 crucis
2779 1763 3124 1828 convolabat,
3197 1773 3346 1818 tanto
3405 1765 3707 1820 solitudinis

2131 1869 2319 1910 amore
2359 1855 2622 1922 flagrabat
2665 1855 2802 1909 aulae
2819 1862 3082 1923 pertaesus
3114 1856 3422 1924 lubricum;
3456 1857 3707 1912 insonue-

2135 1956 2214 1999 rat
2247 1946 2321 1999 illi
2344 1945 2740 2016 apopbtbegma
2783 1946 2913 2000 illttd
2955 1947 3139 2000 tritum
3177 1964 3191 2000 :
3224 1945 3392 2001 Exeat
3447 1949 3575 2000 aula
3619 1949 3705 2017 qui

2130 2038 2260 2090 rotet
2310 2054 2417 2093 esse
2455 2039 2620 2107 pius;
2653 2049 2816 2107 utque
2855 2037 2991 2092 alter
3032 2038 3344 2094 succinuit:
3403 2040 3706 2110 Quicunque

2130 2130 2199 2181 ad
2225 2139 2372 2182 astra
2406 2131 2572 2184 tendit
2609 2141 2658 2185 et
2690 2132 2837 2201 sequi
2863 2133 3008 2200 cupit
3051 2133 3262 2186 virtutis
3287 2133 3444 2186 decus
3471 2151 3704 2197 aureum,

2132 2220 2392 2291 relinquat
2415 2222 2594 2276 aulam
2623 2232 2672 2277 et
2697 2229 2978 2278 wstuant‘es
3005 2241 3294 2294 purpuras.

2203 2312 2356 2368 Mons
2387 2314 2563 2378 Sinai,
2595 2331 2690 2370 seu
2721 2315 2852 2370 Sina
2880 2324 2963 2370 est
2991 2318 3042 2369 in
3078 2317 3301 2384 Arabia,
3327 2328 3515 2371 sancto
3544 2315 3713 2370 Paulo

2131 2404 2378 2472 apostolo
2411 2413 2634 2460 auctore
2661 2421 2712 2461 c.
2747 2422 2821 2474 Iv,
2852 2406 2945 2472 95,
2981 2408 3048 2461 ad
3079 2406 3316 2473 Galatas,
3371 2423 3566 2476 nempe
3615 2408 3712 2462 Γε-

2133 2507 2283 2562 trtea,
2322 2496 2413 2550 ubi
2456 2496 2659 2567 μέλανα
2692 2498 2793 2570 ὅρη
2829 2499 3078 2554 locantur
3101 2517 3128 2552 a
3163 2499 3477 2566 Ptolemaeo,
3505 2501 3599 2553 lib.
3654 2517 3706 2566 v,

2131 2601 2178 2640 e.
2216 2586 2302 2650 l7,
2333 2584 2623 2657 Geograph.
2657 2604 2688 2642 e
2728 2599 2918 2643 sancto
2948 2587 3302 2659 Hieronymo.
3337 2587 3579 2643 Sittazum
3621 2604 3712 2643 vo.

2129 2686 2218 2733 cat
2239 2677 2486 2734 Justinus
2515 2695 2546 2735 e
2575 2679 2775 2751 Trogo.
2805 2678 3037 2750 Insignis
3067 2690 3148 2735 est
3177 2679 3266 2735 Dei
3295 2681 3553 2749 alloquiis
3580 2695 3703 2734 cum

2129 2768 2334 2841 Moyse,
2382 2779 2436 2824 et.
2494 2769 2613 2839 lege
2641 2770 2836 2824 tradita
2891 2773 3092 2842 populo
3121 2771 3438 2835 Israelitico,
3474 2771 3711 2841 locisque

2130 2862 2327 2928 sacris,
2357 2876 2480 2930 quae
2510 2861 2718 2916 circum
2749 2861 3036 2929 florebant,
3114 2877 3145 2918 e
3202 2861 3470 2926 Bcllonio,
3521 2863 3616 2918 lib.
3673 2880 3709 2918 ιι

2135 2951 2442 3018 Observat.,
2475 2969 2525 3008 c.
2580 2952 2669 3008 62.
2704 2953 2926 3008 Duobus
2954 2954 3193 3022 assurgit
3223 2955 3598 3008 cacuminibus
3621 2969 3708 3008 so-

2550 3051 2604 3097 et
2659 3044 2934 3097 variorum
3009 3044 3292 3108 colorum,
3361 3043 3710 3114 granulisque

2133 3135 2374 3190 diversas
2393 3135 2592 3206 ﬁguras
2618 3133 2974 3191 referentibus
2994 3135 3249 3192 distincto
3270 3154 3285 3203 ;
3303 3139 3567 3192 excelsior
3588 3153 3709 3207 pars

2136 3225 2287 3282 Sinai
2317 3243 2539 3292 nomen,
2574 3226 2888 3296 depressior
2923 3225 3064 3282 Oreb
3105 3228 3523 3297 appellationem
3588 3243 3705 3282 sor—

2136 3318 2286 3372 titur.
2326 3316 2384 3371 ln
2416 3314 2557 3370 Oreb
2586 3314 2791 3386 Moysis
2813 3357 2828 3381 ,
2859 3317 2951 3386 qui
2999 3317 3169 3388 legem
3198 3318 3270 3372 ibi
3311 3333 3342 3372 a
3368 3317 3477 3373 Deo
3505 3318 3709 3387 accepit

2134 3409 2214 3471 εἰς
2239 3406 2501 3476 διαταγὰς
2543 3407 2816 3475 ἀγγέλων,
2843 3408 2896 3462 id
2931 3417 3040 3474 est,
3089 3409 3152 3463 ad
3184 3409 3554 3479 dispositiones
3606 3427 3705 3462 an-

2134 3499 2388 3566 gelorum,
2421 3496 2534 3551 sive
2567 3497 2964 3566 disponentibus
3025 3497 3246 3567 angelis,
3297 3497 3417 3552 Act.
3472 3515 3564 3561 vn,
3617 3499 3704 3561 53,

2135 3587 2399 3656 impressa
2428 3585 2628 3654 eﬂigies
2660 3587 2994 3641 adamussim
3015 3588 3194 3642 adhuc
3224 3589 3701 3643 marmoriexsmt.

2135 3677 2192 3732 In
2229 3678 2378 3731 Sinai
2404 3693 2605 3747 corpus
2634 3689 2834 3732 sanctae
2883 3677 3214 3744 Catbat'inaa,
3259 3694 3421 3748 quam
3454 3675 3706 3733 Eeatha-

2134 3771 2330 3838 rinam,
2365 3770 2521 3841 quasi
2576 3768 2737 3839 ἁγίαν
2797 3768 3114 3840 Καθαρῐναν
3183 3770 3384 3826 dictam
3449 3773 3701 3834 arbitror,

2133 3861 2240 3918 fuit
2265 3863 2333 3918 ab
2365 3861 2574 3931 angelis
2603 3862 2974 3931 deportatum,
3003 3862 3149 3932 quod
3198 3872 3385 3932 postea
3450 3862 3700 3917 monachi

2135 3956 2531 4012 transtulerunt
2580 3952 2636 4007 in
2670 3953 2835 4007 imam
2874 3952 3114 4008 radicem
3141 3952 3302 4019 Oreb,
3339 3962 3398 4008 ut
3431 3955 3502 4008 ab
3531 3953 3700 4008 hosti-

2133 4047 2239 4102 bus
2266 4055 2441 4101 tutum
2478 4055 2886 4110 conservarent,
2922 4060 3048 4099 arce
3076 4055 3412 4109 constructa,
3453 4062 3482 4100 e
3508 4043 3708 4100 Proco~

2135 4139 2226 4211 pio
2257 4139 2320 4193 de
2349 4136 2653 4193 Iustiniani
2679 4136 2745 4192 A.
2778 4134 3070 4206 Ediﬁcit‘s,
3104 4135 3394 4194 Combefis.
3431 4153 3484 4206 p.
3515 4137 3580 4192 5i
3607 4131 3706 4189 De-

2137 4229 2551 4285 monstrationis
2580 4228 3088 4298 Constantinopolis
3118 4229 3187 4284 ab
3234 4229 3478 4292 incerto;
3523 4238 3704 4300 typum

2137 4323 2428 4392 utriusque
2459 4320 2661 4377 montis
2693 4321 2966 4391 pollicitus
3019 4321 3194 4375 fuerat
3226 4316 3335 4375 Leo
3364 4321 3595 4375 Allatius
3655 4320 3706 4373 iu

445 4409 664 4463 chicum
693 4417 894 4462 statum
938 4406 1248 4472 sublimem,
1275 4417 1440 4476 atque
1463 4406 1771 4475 angelicum
1808 4408 1874 4461 ad
1900 4423 2024 4473 ιιι-ο·
2060 4414 2104 4470 D
2133 4411 2286 4468 Notis
2321 4411 2388 4467 ad
2417 4412 2689 4467 Eustathii
2721 4413 3044 4467 Antiocheni
3071 4415 3411 4483 patriarchae,
3462 4414 3556 4483 qui
3611 4414 3708 4467 sub

447 4512 572 4553 tata
598 4496 973 4567 expurganda,
995 4496 1336 4566 virtutesque
1357 4496 1634 4565 augendas
1654 4497 2021 4566 aptissimum,

447 4601 504 4644 et
530 4591 598 4644 ad
634 4587 970 4642 iracundiam
1023 4588 1114 4641 Dei
1163 4589 1506 4657 placandam,
1551 4589 1872 4660 veniamque
1897 4607 2024 4660 pro-

454 4679 764 4733 merendam
821 4685 1178 4744 assectantes,
1235 4679 1363 4732 dum
1402 4689 1555 4748 parte
1578 4679 1682 4733 alia
1716 4681 1936 4750 eonjux,
1971 4692 2024 4734 et

452 4776 560 4827 filia
610 4773 1053 4829 Sanctimoniales
1101 4771 1434 4842 professum
1490 4773 1909 4842 proficiscuntur
1955 4774 2021 4827 ad

453 4867 553 4919 l\ili
582 4865 781 4919 ﬂuenta
798 4876 851 4918 et
869 4864 1084 4936 Egypti
1107 4865 1471 4930 monasteria;
1493 4880 1669 4934 neque
1695 4866 1871 4934 potuit
1891 4865 2025 4918 ami-

447 4972 636 5011 corum
690 4957 888 5025 pietate
943 4956 1262 5022 illustrium,
1319 4956 1599 5025 iidelisqne
1651 4958 1833 5025 populi
1867 4957 2021 5008 turba

449 5050 721 5116 stupentis
759 5050 824 5103 ad
845 5049 1214 5118 spectaculum
1238 5058 1345 5101 tam
1371 5048 1625 5116 gloriosae
1650 5047 2025 5102 CODVCI‘SiOitiS

445 5154 506 5193 Se
561 5141 864 5204 continere,
923 5141 1053 5209 quin
1088 5155 1250 5194 voces
1302 5140 1502 5194 laetitiae
1529 5148 1694 5193 testes
1733 5146 1785 5191 et
1821 5139 2024 5191 doloris

446 5230 755 5284 ell'uuderct
799 5247 896 5285 ore
926 5233 1107 5300 pleno,
1137 5232 1335 5300 quibus
1368 5241 1478 5284 tam
1516 5231 1678 5298 digna
1722 5230 1874 5298 paria
1909 5245 2027 5297 pro-

447 5335 828 5396 sequerentur,
884 5326 957 5379 ita
1016 5335 1075 5378 ut
1120 5326 1300 5378 omnia
1350 5324 1850 5392 Constantinopolis
1877 5337 2029 5377 com-

449 5418 558 5486 pita
591 5418 872 5482 encomiis,
929 5432 992 5471 ac
1019 5417 1275 5486 querelis,
1325 5419 1436 5470 imo
1480 5425 1534 5470 et
1565 5416 1661 5470 via:
1711 5415 1872 5484 regia:
1907 5431 2030 5486 per-

447 5517 725 5560 seuatcnt.
817 5507 873 5560 In
955 5506 1144 5576 primis
1232 5505 1574 5577 gloriatiouis
1654 5506 2026 5561 immoderatte

448 5594 644 5646 vitium
751 5611 966 5664 semper
1043 5609 1263 5659 exosus,
1329 5602 1462 5649 tunc
1552 5595 1896 5662 potissimum
1974 5595 2025 5648 id

447 5682 609 5750 657
632 5680 865 5750 fugiebat
896 5683 1068 5750 Nilus,
1101 5701 1196 5738 nec
1235 5702 1296 5738 ex
1328 5685 1434 5739 illis
1463 5695 1578 5739 erat
1605 5685 1696 5754 qui
1724 5685 1826 5741 sub
1855 5685 2025 5740 animi

2126 4503 2449 4558 Constantio
2481 4504 2542 4557 A.
2591 4504 2745 4567 vixit,
2807 4513 2860 4558 et
2923 4505 3130 4575 synodo
3178 4500 3411 4561 Nicaeum
3467 4506 3710 4560 interfuit

2128 4597 2286 4666 (teste
2328 4594 2572 4660 Socrate,
2602 4595 2696 4648 lib.
2735 4609 2773 4660 ι,
2802 4611 2851 4650 c.
2884 4595 2949 4649 i3
2973 4594 3120 4650 Hist.
3154 4595 3383 4666 Eccles).
3413 4595 3711 4652 ilexacme~

2127 4702 2248 4751 ron,
2281 4701 2334 4756 p.
2369 4685 2512 4752 512;
2544 4685 2636 4740 sed
2673 4700 2780 4740 non
2814 4688 2960 4741 stetit
2987 4687 3292 4756 promissis,
3327 4704 3502 4758 neque
3548 4705 3708 4758 posse

2130 4789 2315 4849 typum
2353 4780 2505 4832 illum
2532 4797 2559 4831 ει
2595 4779 2897 4848 pictoribus
2928 4779 3189 4834 deliueari
3247 4778 3438 4835 Petrus
3480 4798 3508 4834 a
3564 4779 3707 4834 \‘atle

2128 4874 2181 4926 in
2218 4870 2411 4926 Itiuer.
2448 4870 2657 4926 Turric.
2690 4889 2742 4943 p.
2768 4871 2897 4936 250,
2924 4873 3177 4928 editionis
3208 4873 3458 4929 secunda:
3489 4873 3705 4938 fatetur,

2128 4963 2218 5016 ubi
2261 4976 2319 5016 se
2341 4963 2606 5017 lustrasse
2645 4974 2883 5019 montem
2933 4974 3227 5035 utrumque
3273 4975 3478 5030 narrat,
3531 4976 3586 5020 et
3622 4966 3704 5020 di-

2127 5055 2353 5121 ligenter
2375 5053 2632 5107 describit
2659 5072 2672 5120 ;
2704 5053 3022 5110 Eustathius
3060 5067 3240 5110 autem
3271 5072 3386 5120 eos.
3451 5058 3545 5126 qui
3593 5071 3705 5109 :rvo

2128 5160 2230 5200 suo
2273 5145 2696 5212 proﬁciscuntur
2725 5145 2790 5198 ad
2837 5145 2928 5199 il‘la
2980 5146 3096 5200 loca
3129 5146 3292 5216 χάριν
3328 5147 3593 5216 ἱστορίας.
3652 5147 3700 5199 id

2127 5243 2228 5298 est,
2248 5233 2503 5297 discendi,
2539 5235 2617 5288 vel
2651 5235 2850 5288 sciendi
2873 5238 3070 5305 gratia,
3103 5236 3308 5293 formas
3347 5238 3702 5292 tentoriorum

2127 5327 2354 5381 infinitae
2385 5327 2754 5382 multitudinis
2785 5343 2814 5382 a
2864 5330 3061 5398 seipsis
3099 5339 3424 5400 conspectas
3490 5347 3703 5386 asseve-

2127 5433 2251 5471 rare
2283 5417 2451 5471 tradit
2481 5434 2534 5488 p.
2564 5416 2652 5473 90.
2689 5419 2920 5475 Sedente
2950 5431 3140 5475 sancto
3189 5423 3458 5493 Gregorio
3516 5423 3703 5494 Magno

2129 5504 2448 5562 Rusticiana
2485 5508 2708 5576 patricia
2742 5511 2976 5576 perrexit
3003 5511 3068 5563 ad
3123 5522 3356 5565 montem
3396 5512 3549 5576 Sina,
3613 5514 3697 5566 lib.

2130 5613 2214 5663 ιιι,
2249 5611 2298 5652 c.
2339 5597 2408 5650 44
2446 5598 2676 5668 Registr.
2719 5596 2856 5652 Hinc
2884 5603 3103 5670 prodiit,
3149 5612 3201 5655 et
3228 5617 3531 5672 cognomen
3598 5613 3702 5655 tta-

2131 5688 2207 5741 xit
2239 5689 2561 5746 AnaStasius
2590 5690 2820 5757 Sinaita,
2872 5693 2963 5761 qui
3022 5693 3467 5764 archiepiscopus
3516 5692 3700 5746 Antio-
