3998 6116
223 275 368 344 ’1335

1571 269 1864 331 DEVITA
1902 269 1961 328 S.
1988 269 2152 331 NILI

3365 263 3503 333 i386

228 397 461 460 chenus,
486 391 705 463 scripsit
744 389 970 461 Ὀδηγδν
996 388 1264 445 adversus
1293 387 1618 460 Acepltalos,
1654 398 1710 445 et
1753 390 1817 445 ad
1848 395 1892 451 Α
1924 388 2016 458 qui
2065 388 2198 444 abiit
2260 388 2314 442 in
2378 385 2637 442 Arabiam
2698 400 2746 442 ρ.
2806 402 2822 441 ι
2878 387 2947 442 ad
3003 387 3246 454 Galatas,
3283 397 3342 444 ut
3409 391 3508 444 do.

227 505 317 544 an.
349 487 454 543 εει
479 487 650 560 658
678 487 829 541 vixit.
862 483 1102 540 Joannes
1131 482 1408 540 Climacus
1465 482 1535 538 50
1590 485 1812 556 gradus,

228 582 428 652 quibus
453 594 742 634 ascensum
773 577 929 634 docet
958 575 1025 631 ad
1053 575 1464 646 perfectionem,
1492 577 1564 631 ibi
1589 592 1816 646 compo-

231 675 341 730 snit
369 673 436 727 ad
460 687 665 728 annum
688 671 813 735 540,
839 686 869 725 e
897 669 1132 734 Radero,
1150 684 1247 724 seu
1279 667 1583 734 e‘Baronio,
1615 681 1669 724 et
1697 669 1818 724 ltel-

230 766 464 822 larmino
480 765 996 830 cardinalibus;eum
1013 771 1254 818 montem
1275 761 1553 817 incoluere
1570 771 1682 816 tum
1704 777 1820 832 per-

232 861 387 914 multi
402 858 676 923 monachi,
691 866 742 912 et
761 872 945 926 supra,
959 865 1010 910 et
1027 853 1529 912 subtus.Theonam
1543 854 1818 925 comperio

234 951 326 1008 Dei
343 952 692 1007 miseratione
706 948 1080 1020 presbyterum
1099 956 1154 1002 et
1168 946 1622 1013 ambasciatorem
1641 945 1815 1001 sancti

231 1046 435 1100 montis
462 1043 635 1109 Sinai,
671 1052 726 1097 et
769 1040 938 1097 eremi
965 1040 1196 1104 Raithae,
1231 1054 1330 1096 seu
1359 1037 1584 1105 Raithu,
1611 1049 1666 1094 et
1690 1054 1819 1093 san-

233 1149 332 1196 ctae
360 1136 603 1194 ecclesias
650 1133 888 1198 Pharan,
923 1135 1016 1203 qui
1051 1132 1258 1188 faciens
1287 1147 1619 1198 sermonem,
1647 1139 1701 1186 et
1722 1147 1819 1201 pro

233 1231 490 1287 omnibus
524 1227 812 1284 monachis
855 1225 1250 1281 exsistentibus
1284 1223 1340 1278 in
1381 1223 1658 1295 praedictis
1684 1223 1821 1279 soli-

233 1324 390 1378 tariis
438 1322 595 1386 locis,
645 1316 1000 1390 supplicavit.
1056 1325 1111 1372 et
1136 1315 1466 1387 subscripsit
1492 1315 1674 1371 libello
1701 1329 1822 1369 mo-

233 1414 538 1468 nachorum
582 1410 848 1465 Secundae
900 1407 1092 1478 Syriae,
1127 1421 1288 1477 quem
1341 1405 1585 1460 oblatum
1649 1403 1823 1460 Justi-

235 1508 399 1560 niano
426 1503 743 1573 imperatori
779 1501 1012 1571 legimus
1045 1499 1310 1556 insertum
1370 1498 1572 1556 actioni
1628 1499 1823 1568 prima:

236 1597 430 1667 synodi
472 1596 699 1666 quintze,
732 1609 787 1664 p.
821 1594 928 1662 M;
978 1602 1034 1648 et
1066 1592 1224 1647 alteri
1256 1591 1442 1646 libello
1475 1592 1542 1646 ad
1567 1589 1818 1645 Mennam

235 1686 735 1756 Constantinopolis
758 1685 1150 1754 patriarcham,
1171 1691 1426 1754 porrecto
1453 1681 1673 1749 ibidem,
1693 1697 1817 1754 pag.

1918 489 2070 536 ceret
2101 478 2250 550 quod
2306 494 2337 533 a
2384 478 2495 535 Deo
2555 480 2852 535 revelatum
2910 478 3014 550 ipsi
3045 479 3246 545 fuerat,
3297 497 3329 537 e
3379 498 3511 538 san-

1917 580 2006 627 cto
2077 555 2432 643 Hieronymo,
2484 581 2656 640 utque
2715 570 2988 627 Barbaros
3070 571 3274 628 Arabas
3350 589 3512 630 exco-

1919 665 2055 719 leret
2136 664 2202 719 ad
2288 662 2607 734 religionem
2679 663 3048 719 Christianam
3106 666 3512 735 suscipiendam

1915 755 2088 828 659
2139 771 2180 809 ei
2224 764 2415 811 sancto
2452 754 2662 809 Joanne
2717 755 3135 825 Chrysosmmo,
3199 758 3293 829 qui
3361 771 3518 816 notat

1918 848 1992 902 ibi
2018 847 2193 903 sancti
2235 845 2392 900 Pauli
2419 846 2738 902 modestiam
2789 855 2840 902 et
2876 845 3188 916 fervorem;
3227 859 3382 920 pater
3428 849 3519 908 hic

1920 940 2175 1010 ﬁliusque
2210 954 2324 994 suae
2357 953 2576 1009 quoque
2613 939 2991 994 conversionis
3012 941 3290 1011 exemplo,
3329 958 3519 999 mona-

1919 1032 2054 1088 chos
2093 1033 2238 1100 illos,
2271 1047 2507 1102 quorum
2542 1032 2850 1086 institutum
2887 1041 3013 1088 sunt
3047 1033 3279 1104 amplexi
3309 1036 3517 1092 excita-

1920 1135 2043 1181 rent
2069 1127 2242 1197 magis
2284 1141 2349 1180 ac
2399 1127 2576 1197 magis
2625 1128 2692 1182 ad
2737 1127 3016 1197 pietatem,
3063 1129 3229 1200 inque
3275 1145 3402 1186 vera
3465 1142 3520 1189 et

1919 1218 2234 1275 Christiana
2290 1219 2656 1290 philosophia,
2693 1229 2752 1275 ut
2790 1221 2844 1274 in
2877 1219 3082 1291 Opusc.
3122 1222 3320 1291 primo,
3364 1222 3518 1280 Nilus

1921 1314 2038 1384 ipse
2067 1312 2281 1383 prohat,
2311 1313 2478 1382 inque
2507 1313 2723 1368 Narrat.
2753 1328 2808 1383 p.
2837 1313 2893 1381 2,
2925 1313 2976 1367 in
3005 1313 3122 1384 lege
3150 1313 3364 1370 Domini
3399 1331 3521 1372 sese

1921 1421 2044 1462 eum
2071 1407 2183 1461 ﬁlio
2211 1417 2549 1472 exercerent,
2573 1423 2736 1477 quam
2770 1406 2911 1463 Deus
2940 1407 2992 1461 in
3025 1419 3209 1464 monte
3243 1409 3396 1464 Sinai
3425 1411 3521 1465 de-

1920 1500 2000 1555 dit
2039 1499 2231 1573 Moysi.
2268 1497 2408 1556 Inibi
2441 1501 2605 1555 etiam
2642 1513 2845 1556 saucue
2877 1499 3191 1557 Catharime
3221 1518 3424 1573 corpus
3452 1503 3521 1558 ab

1921 1593 2130 1665 angelis
2157 1593 2392 1648 delatum
2426 1592 2745 1648 mirabiliter
2769 1593 3129 1664 conquiescit,
3157 1611 3278 1666 quae
3302 1597 3524 1652 caeleste

1923 1685 2192 1755 sapientia
2214 1685 2404 1752 ditata,
2435 1687 2791 1756 philosophos
2815 1683 3107 1758 IEgyptios
3128 1687 3278 1752 vicit,
3308 1699 3362 1743 et
3391 1702 3525 1744 con-

239 1781 325 1834 iti.
360 1778 403 1832 E
443 1778 675 1832 summis
709 1776 1059 1846 pontificibus
1097 1773 1444 1829 Innocentius
1475 1773 1675 1828 Sextus
1703 1774 1820 1842 epi-
1853 1767 1894 1823 Β
1925 1777 2076 1844 vicit,
2105 1787 2160 1833 ei
2194 1779 2261 1832 de
2309 1778 2734 1834 immanissimis
2773 1780 2940 1834 etiam
2992 1781 3282 1836 tormentis
3325 1781 3526 1836 ιι-ῑυηι.

237 1887 487 1942 scopum,
530 1884 676 1925 nunc
705 1869 1205 1938 archiepiscopum,
1243 1877 1300 1923 et
1361 1866 1562 1922 fratres
1620 1865 1822 1922 Montis

239 1964 387 2019 Sinai
421 1964 525 2020 sub
553 1962 886 2034 protectione
915 1961 1059 2016 beati
1112 1961 1279 2039 Petri.
1311 1975 1369 2014 et
1418 1967 1624 2022 sancta:
1677 1958 1825 2014 sedis

238 2059 552 2129 apostolica:
584 2057 784 2126 recepit
835 2070 981 2110 anno
1012 2055 1360 2125 pontilicatus
1410 2060 1624 2114 octavo,
1683 2065 1825 2122 qua-

242 2163 394 2205 terno
436 2160 631 2219 quarto
676 2149 744 2204 de
808 2148 1058 2203 Indultis.
1105 2145 1296 2201 Sancti
1341 2143 1589 2214 Gregorii
1647 2142 1826 2214 Magni

240 2243 480 2297 charitas
511 2257 638 2311 erga
675 2255 965 2311 pauperes,
1026 2249 1082 2293 et
1118 2239 1444 2293 inexhausta
1501 2235 1824 2300 liberalitas,

242 2337 326 2390 vel
358 2336 488 2389 hinc
521 2334 744 2397 eﬁ‘ulsit,
795 2332 940 2402 quod
994 2331 1288 2386 muniﬁcus
1319 2328 1563 2400 pontifex
1599 2342 1697 2398 pro
1724 2327 1830 2382 Ge-

244 2429 614 2493 rontocoznio,
648 2427 699 2480 id
729 2437 835 2491 est,
865 2422 1071 2480 Senum
1105 2424 1388 2479 domicilio
1446 2419 1650 2476 montis
1697 2416 1828 2474 Sina

244 2520 613 2576 InisitJoanni
646 2497 1051 2574 abbatis-lamas
1085 2533 1196 2583 xvi,
1236 2531 1624 2580 racanas.xsx,
1662 2513 1832 2569 lectos

246 2631 337 2679 xv,
416 2613 650 2682 pretium
711 2626 925 2681 quoque
987 2611 1053 2666 de
1107 2609 1353 2664 emendis
1423 2608 1688 2672 culcitris,
1746 2607 1834 2662 vel

245 2706 407 2760 naula
458 2703 629 2768 dedit,
660 2702 825 2772 epist.
877 2701 963 2768 16,
1006 2701 1096 2755 lib.
1132 2716 1207 2756 xu
1259 2701 1523 2770 Regest.;
1566 2710 1620 2755 et
1658 2700 1835 2755 Palla-

245 2800 338 2854 dio
390 2797 729 2868 presbytero,
763 2795 832 2850 de
861 2787 1047 2850 monte
1079 2793 1232 2848 Sinai
1278 2793 1574 2859 cucullam,
1605 2803 1658 2848 et
1691 2795 1806 2848 tuni

246 2905 368 2945 cam
393 2891 459 2943 de
489 2888 869 2944 benedictione
899 2888 1077 2942 sancti
1112 2885 1257 2941 Petri
1291 2887 1383 2939 lib.
1401 2901 1516 2950 vin,
1547 2886 1705 2955 epist.
1733 2887 1822 2950 45,

249 2979 418 3034 ludic.
459 2980 540 3033 t5.
595 2975 793 3032 Narrat
829 2977 1066 3032 Joannes
1098 2977 1364 3032 diaconus
1393 2976 1460 3031 de
1505 2976 1678 3046 ipsius
1710 2974 1831 3029 Vzta

249 3075 347 3129 lib.
385 3089 446 3136 tt,
486 3089 536 3127 c.
596 3071 685 3134 52,
753 3086 878 3126 eum
941 3080 1048 3124 tam
1102 3068 1516 3139 Hierosolymis,
1563 3084 1726 3138 quam
1780 3067 1832 3121 in

251 3173 435 3219 monte
471 3164 621 3219 Sinai
657 3163 879 3219 famulis
913 3163 1003 3217 Dei
1068 3162 1371 3232 quotidiani
1414 3160 1612 3222 vietus,
1659 3169 1713 3213 et
1742 3176 1832 3214 ve-

249 3256 490 3313 stimenti
545 3272 760 3326 coptam
820 3256 1088 3310 annaliter
1118 3256 1436 3310 mittendam
1464 3269 1835 3323 procurasse;

253 3351 347 3404 sed
393 3353 460 3404 de
489 3350 641 3404 lamis
687 3359 741 3404 et
787 3351 1004 3404 racanis
1065 3349 1245 3404 fusius
1291 3348 1378 3418 egi
1408 3346 1733 3416 jamdudum
1781 3347 1835 3402 in

255 3442 648 3497 Dissertatione
683 3457 802 3516 mea
833 3443 900 3496 de
929 3457 1096 3496 aurea
1138 3457 1287 3496 rosa.
1772 3503 1775 3507 _

327 3533 575 3600 Expediti
615 3547 747 3602 ergo
796 3533 1072 3586 laciniosae
1121 3535 1244 3588 vitae
1303 3535 1730 3601 impedimentis,
1780 3542 1840 3588 tu.

256 3617 501 3686 loquitur
548 3615 919 3670 Tertullianus
956 3614 1049 3668 lib.
1094 3630 1144 3668 tv
1181 3615 1450 3668 Adversus
1491 3615 1838 3682 Marrionem,

262 3711 312 3764 id
341 3721 423 3765 est
506 3709 752 3771 undosae,
808 3708 1049 3764 sinuosae
1100 3716 1154 3761 et
1196 3709 1840 3778 prmruptagcujusmodi

260 3810 379 3855 erat
409 3801 518 3862 illa.
552 3816 674 3871 qua!
721 3801 775 3854 in
816 3799 938 3854 aula
963 3797 1148 3854 (ἔνδιοι
1191 3809 1320 3853 tunc
1351 3801 1652 3868 agebatur,
1687 3798 1844 3856 Nilus

262 3904 316 3948 ιιι
361 3892 676 3949 Theodulus
711 3906 1073 3964 perrexerunt
1105 3892 1170 3946 ad
1229 3902 1468 3946 montem
1525 3891 1698 3956 Sinai,
1753 3893 1845 3962 qui

263 3985 589 4053 t‘OltjuntflUS
616 3995 698 4039 est
738 3985 808 4048 ei,
873 3998 994 4052 qua:
1061 3997 1206 4036 nunc
1264 3992 1348 4036 est
1394 3978 1695 4038 Jerusalem
1746 3982 1846 4053 (ita

264 4079 456 4133 scribit
492 4077 792 4146 Apostolus
824 4075 1046 4140 Paulus,
1083 4090 1134 4130 c.
1165 4090 1218 4128 ιν
1271 4075 1333 4128 ad
1367 4073 1607 4146 GalataS)
1635 4074 1845 4138 Graece,

267 4173 561 4240 συστοιχεί,
593 4169 840 4222 τουτέστι
870 4165 1190 4235 γειτνιάζει,
1220 4166 1476 4233 ἅπτεται,
1502 4167 1848 4238 propinquus

262 4273 346 4318 est
407 4271 462 4316 et
519 4276 767 4316 annexus
817 4279 831 4314 :
888 4261 970 4315 sic
1029 4259 1264 4330 explicat
1334 4267 1560 4314 sanctus
1605 4257 1848 4314 Joannes

264 4358 711 4425 Chrysostomus,
745 4353 826 4408 vel
884 4352 1281 4416 conterminus,
1331 4352 1588 4416 conﬁnis,
1631 4353 1849 4408 deserto

1924 1870 2132 1940 pilavit.
2209 1867 2472 1926 Oraverat
2535 1871 2706 1926 Deum
2765 1872 2955 1942 virgo,
3017 1859 3142 1928 cum
3212 1872 3369 1929 miles
3427 1875 3526 1928 de-

1925 1961 2156 2018 collandi
2221 1961 2418 2018 artifex
2484 1962 2762 2030 πάναγνον
2829 1960 3076 2035 κεφαλὴν
3144 1973 3527 2035 amputaturus

1925 2063 2094 2119 esset,
2124 2069 2191 2110 ne
2225 2069 2426 2126 corpus
2459 2054 2580 2127 ejus
2618 2062 2957 2126 spectaretur
2986 2066 3109 2126 post
3136 2068 3391 2123 mortem,
3430 2073 3526 2113 seu

1928 2145 2250 2213 nudaretur,
2301 2157 2357 2204 et
2410 2146 2778 2218 exponeretur
2828 2148 3068 2204 ludibrio
3113 2150 3432 2221 gentilium,
3474 2160 3530 2207 et

1929 2236 2092 2291 simul
2121 2253 2184 2292 ac
2217 2238 2392 2306 miles,
2435 2240 2579 2310 quod
2616 2237 2834 2310 jussum
2878 2239 3076 2307 fuerat,
3108 2249 3400 2297 exsecutus
3423 2254 3525 2302 est.

1931 2344 2039 2382 non
2078 2329 2254 2384 solum
2287 2330 2594 2400 purissimis
2631 2331 2781 2386 venis
2809 2345 2908 2400 pro
2949 2331 3218 2402 sanguine
3250 2333 3334 2388 lac
3372 2332 3530 2389 efﬂu-

1932 2414 2032 2486 xit,
2075 2421 2167 2477 sed
2204 2438 2403 2493 corpus
2461 2423 2582 2494 ejus
2627 2422 2687 2490 ἐξ
2739 2421 2910 2498 αὐτῆς
2954 2425 3054 2498 τῆς
3097 2422 3248 2497 ὥρας
3288 2425 3394 2492 ἕως
3435 2427 3530 2483 νῦν

1931 2514 2200 2585 διέμεινεν
2231 2514 2464 2571 ἀθέατον
2490 2515 2715 2572 ἅπασιν.
2752 2518 3012 2587 Ἄγγελοι
3047 2518 3159 2589 γὰρ
3191 2519 3529 2591 ἀποτμηθείο

1935 2624 2033 2678 aq;
2051 2607 2220 2679 αὐτῆς
2247 2607 2429 2662 νεύσει
2447 2609 2773 2664 κατάπαντα
2797 2610 2931 2664 Θεοῦ
2963 2611 3038 2675 ὡς
3055 2611 3192 2682 πρὸς
3222 2611 3282 2664 τὸ
3313 2612 3441 2684 ὅρος
3469 2615 3533 2666 τὸ

1929 2700 2090 2754 Σιναῒ
2122 2699 2284 2754 τοῦτο
2315 2699 2781 2772 μετακομίζοντες
2806 2697 3092 2773 ὤφθησαν,
3159 2712 3219 2758 ut
3248 2703 3444 2773 legitur
3477 2705 3530 2758 in

1935 2793 2124 2848 codice
2152 2809 2252 2848 ms.
2286 2793 2631 2850 bibliotheca:
2660 2787 3057 2860 Vallicellante,
3090 2810 3215 2866 pag.
3249 2789 3340 2862 ‘76,
3374 2812 3529 2853 num.

1936 2885 2024 2948 54,
2053 2884 2102 2937 id
2137 2894 2238 2948 est,
2280 2884 2486 2938 Exinde
2515 2886 2583 2938 ad
2627 2885 2722 2939 hoc
2764 2902 2926 2957 usque
2953 2889 3201 2956 temporis
3241 2891 3533 2955 permansit

1936 2976 2203 3030 invisibile
2225 2977 2486 3041 omnibus,
2522 2976 2695 3047 angeli
2723 2994 2968 3047 namque,
2995 2978 3085 3032 ubi
3105 2981 3276 3048 capite
3304 2982 3531 3035 multata

1939 3068 2062 3136 fuit,
2088 3077 2218 3120 nutu
2250 3068 2460 3120 omnino
2491 3067 2586 3122 Dei
2614 3067 2684 3120 ad
2721 3077 2947 3122 montem
2979 3067 3130 3123 Sinai
3163 3060 3532 3140 transportan-

1943 3172 2037 3227 tes,
2079 3162 2173 3216 risi
2204 3171 2348 3215 sunt.
2404 3159 2515 3214 Nec
2581 3161 2797 3231 ambigo
2847 3159 3016 3216 fuisse
3064 3163 3321 3218 custodes
3389 3164 3534 3229 illitis

1942 3255 2141 3323 probos
2169 3254 2550 3320 auaelioretas,
2578 3253 2672 3324 qui
2695 3253 3036 3310 domicilium
3071 3255 3143 3310 ibi
3180 3256 3441 3326 ﬁxerant;
3467 3275 3532 3314 ex

1941 3362 2051 3416 quo
2071 3349 2216 3401 enim
2248 3345 2560 3402 Christiana
2587 3347 2778 3418 religio
2800 3349 2984 3418 erepit,
3011 3350 3085 3420 pii
3109 3349 3296 3405 ﬁdeles
3313 3351 3535 3422 quidam

1942 3439 2184 3506 fuerunt,
2222 3441 2278 3492 ἐν
2327 3439 2586 3510 ἐρημίαις
2638 3439 3007 3510 πλανώμενοι,
3061 3442 3156 3496 καὶ
3202 3443 3396 3514 ὄρεσι,
3442 3445 3538 3498 καὶ

1944 3530 2255 3601 σπηλαίοις,
2278 3529 2373 3584 καὶ
2398 3533 2518 3594 ταῖς
2541 3531 2703 3591 ὀπαῖς
2725 3531 2826 3602 τῆς
2849 3532 2976 3602 γῆς,
3003 3542 3062 3589 ιιι
3090 3534 3282 3590 scribit
3313 3545 3537 3591 sanctus

1944 3622 2148 3679 Paulus
2182 3623 2250 3678 ad
2277 3622 2438 3679 llebr.
2471 3638 2592 3693 cap.
2623 3639 2702 3687 xl,
2739 3622 2829 3690 58,
2857 3625 3028 3681 idest.
3059 3623 3124 3679 In
3156 3625 3537 3682 solitudinibus

1946 3724 2203 3779 errantes,
2225 3724 2273 3769 et
2307 3713 2592 3778 utentibus,
2623 3725 2671 3769 et
2701 3715 2985 3783 speluncis,
3014 3725 3063 3770 et
3082 3721 3321 3772 cavernis
3349 3728 3536 3785 terrm,
3629 3723 3638 3731 “

1948 3813 2008 3858 ιιι
2034 3805 2290 3859 adnotavi
2323 3805 2593 3871 superius.
2629 3801 2788 3858 Certe
2835 3804 3138 3873 imperante
3164 3805 3538 3875 Diocletiano,

1948 3906 2000 3950 et
2031 3895 2192 3951 Petro
2222 3895 2642 3949 Alexandrinam
2678 3894 2972 3949 Ecclesium
3001 3905 3242 3964 regente,
3267 3897 3540 3969 ἀνῃρέθη-

1953 4005 2050 4042 σαν
2078 3987 2442 4059 ἡσυχάζονίεες
2465 3989 2521 4040 ὲν
2547 3986 2625 4055 τῷ
2653 3985 2770 4058 ὄρει
2801 3985 2934 4057 Σινᾷ
2981 3984 3048 4055 (Ε
3079 3985 3284 4042 Memno
3316 3987 3538 4044 Grmcoo

1952 4095 2072 4135 rum
2110 4081 2176 4134 M
2200 4079 2472 4150 Januarii)
2517 4079 2640 4134 caesi
2673 4088 2802 4132 sunt
2833 4078 3064 4132 solitarii
3107 4078 3272 4132 vitam
3317 4088 3540 4150 agentes

1954 4171 2301 4241 tranquillam
2326 4171 2377 4223 in
2405 4180 2588 4224 monte
2630 4168 2780 4222 Sinai
2814 4183 2845 4222 a
2870 4167 3146 4224 Barbaris.
3173 4167 3422 4240 Cumque
3446 4170 3533 4224 Ni-

1953 4261 2036 4316 lus
2072 4269 2125 4316 et
2158 4259 2470 4315 Theodulus
2494 4269 2731 4314 montem
2770 4259 2922 4314 illum
2951 4261 3317 4316 venerandum
3349 4277 3540 4317 ascen-

1953 4354 2165 4418 derent,
2213 4351 2449 4407 arbitror
2493 4350 2793 4405 monachos
2860 4349 2993 4419 ipsis
3029 4349 3224 4407 obvios
3260 4353 3540 4421 excepisse

266 4463 481 4516 nempe,
521 4448 572 4500 in
605 4462 715 4515 quo
743 4455 825 4501 est
868 4462 1030 4502 mons
1069 4447 1176 4511 ille,
1220 4447 1528 4516 propinqua
1551 4457 1636 4500 est
1677 4445 1842 4500 Jeru-
1875 4459 1921 4515 ι)
1952 4445 2210 4502 benevole
2244 4445 2456 4510 ambos,
2497 4453 2552 4499 et
2581 4444 2632 4498 in
2677 4444 3019 4500 consortium
3051 4459 3268 4499 sacrum
3305 4445 3540 4501 libenter

267 4541 457 4604 salem,
489 4538 771 4607 interjacet
811 4552 1046 4606 namque
1092 4537 1346 4600 Idumam,
1402 4552 1523 4606 quat
1555 4546 1666 4590 tota
1694 4551 1848 4590 mon-

271 4643 387 4684 tosa
437 4638 541 4694 est,
587 4640 641 4683 et
679 4633 938 4684 continua
994 4628 1108 4683 fere
1182 4628 1446 4682 montium
1501 4630 1644 4683 serie
1698 4627 1849 4682 Sinai

269 4721 618 4793 conjungitur
662 4721 991 4785 Jerusalem,
1029 4736 1059 4775 e
1115 4719 1452 4783 Borcliardo,
1490 4721 1851 4777 Adrichomio

270 4822 324 4867 et
353 4813 616 4883 Zieglero,
647 4829 742 4882 per
776 4821 1032 4867 montana
1072 4827 1292 4882 quoque
1321 4811 1521 4866 Judaeze
1555 4828 1729 4882 usque
1783 4813 1852 4868 ad

275 4914 508 4968 montes,
560 4906 653 4974 qui
687 4913 816 4960 sunt
842 4905 895 4958 in
942 4905 1175 4960 circuitu
1201 4903 1522 4970 Jerusalem,
1555 4905 1713 4972 juxta
1757 4921 1854 4960 va-

275 5008 381 5052 tem
440 4997 665 5066 regium,
714 4997 852 5066 psal.
881 5009 1039 5051 cxxtv
1076 5013 1090 5062 ;
1129 4997 1206 5050 vel
1238 5005 1380 5052 recta
1439 4998 1857 5053 continuatione

276 5091 488 5144 itineris
554 5089 917 5143 Israelitarum
983 5105 1077 5158 per
1133 5087 1307 5155 Sinai,
1380 5089 1526 5158 quod
1582 5099 1858 5158 anteaper

278 5180 460 5233 varios
537 5178 834 5234 anfractus.
886 5180 1140 5247 viarum,
1191 5194 1246 5236 et
1309 5182 1661 5236 mansionum
1733 5182 1859 5256 lia-

279 5279 558 5335 nuerunt;
602 5288 725 5341 quae
781 5273 1048 5326 sententia
1100 5282 1184 5327 est
1235 5274 1409 5328 sancti
1436 5272 1662 5328 Thema:
1685 5273 1860 5342 Aqui-

279 5367 456 5428 natis;
501 5371 593 5416 aut
635 5364 1010 5432 similitudine,
1076 5365 1191 5420 sive
1254 5369 1598 5436 cognatione,
1650 5379 1858 5434 quem-

279 5454 571 5508 admodum
628 5457 854 5525 cxponit
931 5473 962 5512 e
1031 5456 1439 5528 Theophylacto
1514 5467 1568 5512 et
1631 5455 1860 5511 Vatablo

281 5546 572 5602 Cornelius
635 5562 664 5600 a
731 5547 950 5618 Lapide.
1025 5549 1274 5617 Cumque
1331 5549 1408 5603 ibi
1479 5547 1860 5618 pervenissent

278 5641 333 5693 in
414 5635 512 5689 illo
577 5637 840 5705 prtecelso
915 5640 1156 5694 culmine
1244 5639 1574 5703 constituti,
1664 5639 1860 5694 vesti-

281 5724 384 5794 giis
453 5724 784 5781 inhaerentes
843 5729 1020 5784 sancti
1099 5729 1274 5796 Pauli,
1343 5741 1397 5787 ct
1456 5747 1582 5788 eum
1636 5731 1854 5798 imitati,

492 5926 497 5931 _
573 5845 844 5910 PATROL.
881 5846 997 5908 GR.
1025 5848 1313 5910 LXXIX.

1957 4534 2289 4592 aseivisse.0
2307 4535 2400 4606 qui
2425 4535 2742 4605 complexus
2762 4533 2836 4588 l0
2853 4545 3059 4604 quanta
3074 4535 3272 4606 gaudia
3290 4534 3536 4591 fueruntl

1957 4629 2016 4683 ln
2043 4629 2445 4699 Opusculorum
2465 4627 2668 4695 Indice,
2690 4629 3052 4685 Observabam
3080 4628 3263 4684 varios
3293 4628 3538 4694 ordines,

1957 4733 2054 4773 seu
2093 4717 2294 4790 gradus
2321 4721 2736 4787 monachorum,
2773 4721 3007 4791 primum
3035 4737 3048 4773 :
3093 4719 3460 4790 Ἑγκρατέων,
3489 4721 3540 4775 id

1957 4817 2066 4876 est,
2097 4811 2191 4880 qui
2221 4810 2617 4866 continentiam
2634 4822 2936 4876 servantes,
2973 4812 3055 4866 vel
3099 4812 3538 4884 Ἐγκρατευομὲ-

1958 4903 2148 4966 vwv,id
2161 4912 2265 4970 cst,
2285 4912 2646 4974 temperantes
2660 4911 2836 4957 erant.
2849 4899 3020 4956 Variis
3033 4911 3213 4958 autem
3230 4903 3545 4958 nominibus

1961 4996 2396 5068 appellabantur,
2439 4995 2741 5051 secundum
2778 4994 2924 5049 varia
2973 4995 3251 5049 exercitia.
3309 4993 3543 5062 Quidam

1961 5089 2266 5154 emnohitte,
2301 5103 2395 5143 seu
2422 5088 2705 5159 synodita-,
2737 5077 2852 5140 alii
2875 5086 3240 5153 anachoretae,
3268 5089 3508 5144 eremitte
3529 5127 3543 5152 ,

1962 5182 2158 5252 stylitte
2183 5219 2199 5245 ,
2232 5181 2284 5235 id
2323 5190 2427 5246 est,
2487 5179 2856 5242 celumnarii,
2913 5181 3166 5245 κιονῖται,
3211 5179 3539 5246 ἐγκλειστοι,

1962 5274 2183 5341 reclusi,
2251 5273 2687 5345 κουϐουκλήσιοι,
2738 5271 3009 5339 solitarii,
3075 5273 3378 5338 vacantivi,
3413 5275 3544 5328 Θεο-

1963 5363 2160 5430 φιλεῖς,
2211 5379 2322 5434 quo
2366 5363 2584 5416 nomine
2633 5360 2938 5416 Christiani
2968 5362 3204 5432 primum
3245 5364 3544 5419 universim

1963 5457 2322 5523 vocabantur,
2353 5467 2465 5510 tum
2499 5454 2751 5509 monachi
2783 5454 3086 5523 speciatim,
3135 5456 3332 5510 Ἰκέται
3381 5472 3549 5511 oran-

1966 5561 2066 5611 tes.
2105 5548 2467 5620 Θεραπευταί,
2515 5547 2568 5601 id
2623 5556 2728 5612 est,
2775 5546 3007 5612 famuli,
3038 5558 3202 5618 atque
3241 5550 3380 5604 servi
3418 5550 3549 5616 Dei,

1965 5644 2253 5711 Λαυρῖται,
2309 5641 2358 5693 id
2391 5649 2493 5704 est,
2525 5638 2783 5692 cellarum
2817 5637 3031 5702 incolae,
3058 5639 3249 5706 nonni,
3285 5641 3546 5710 religiosi.

1965 5733 2446 5804 pltilOSOphantes,
2494 5739 2690 5800 printer
2731 5745 3032 5800 gyrovagos
3093 5740 3148 5786 et
3186 5732 3548 5802 circellioues,

3240 5842 3316 5905 44
