3998 6116
437 5761 465 5806 δ

497 225 656 291 ⁷1387

1231 227 1378 288 JOS.
1420 225 1683 287 MARLE
1719 225 2078 287 SUARESII
2118 227 2352 291 LIBER
2399 233 3034 303 CHRONOLOGICUS

3670 249 3798 319 1388

517 341 609 412 qui
634 338 817 410 potius
859 353 1086 395 errones
1114 345 1308 405 erant;
1364 339 1638 394 secundus
1661 338 1796 393 ordo
1819 347 1934 392 erat
1960 353 2108 393 asce-
2137 344 2185 400 Α
2216 339 2404 399 laudes
2440 347 2656 416 quidem
2691 348 2938 407 ﬂorentia
2978 355 3219 409 excitant
3254 355 3490 426 ingenia,
3539 370 3593 415 et
3624 363 3788 421 virtus

515 446 693 490 tarum
726 448 834 487 non
883 430 1181 501 generatim
1218 440 1556 500 sumptorum
1578 473 1593 497 ,
1629 430 1724 486 sed
1762 430 2000 502 preprie,
2034 445 2099 486 ac

518 524 794 594 pressim,
863 521 955 592 qui
1021 521 1091 576 ad
1177 530 1368 576 nulum
1429 521 1684 578 abbatum
1754 529 1808 576 et
1863 520 2102 591 ἡγουμέο

515 633 620 669 νων
643 613 892 685 jejuniis,
953 613 1298 670 orationibus
1345 623 1398 668 et
1427 612 1868 668 meditationibus
1897 627 2100 667 vacan-

514 715 594 760 tes
627 704 1038 770 exercebantur,
1078 711 1133 757 et
1160 701 1456 758 Sarabaitte
1479 702 1639 757 etiam
1671 701 2104 762 denominaban-

513 805 640 862 tur;
696 795 890 852 tertius
948 792 1326 863 μοναζόντων,
1387 792 1480 862 qui
1531 791 1755 861 propius
1787 791 1954 862 660
2010 806 2102 846 ac-

511 886 777 940 cedebant
807 885 872 940 ad
899 883 1311 947 monachatum,
1335 891 1388 936 et
1415 891 1622 937 vestem
1647 880 1946 935 induebant
1969 881 2101 936 reli-

512 979 720 1048 giosam
742 995 756 1044 ;
780 985 1009 1047 quartus
1052 975 1468 1039 monachorum,
1504 973 1596 1044 qui
1622 973 1926 1029 monastico
1961 973 2100 1027 ami-

511 1069 797 1126 ciebantur
826 1068 1035 1134 habitu,
1065 1076 1118 1122 et
1157 1065 1598 1128 attondebantur,
1623 1079 1799 1134 neque
1812 1065 2100 1120 continen-

514 1161 645 1216 tiam
700 1169 952 1225 tantum,
1008 1157 1102 1212 sed
1161 1165 1581 1228 paupertatem,
1647 1162 1701 1209 et
1725 1155 2094 1209 obedientiam

513 1251 891 1309 custodiebant
938 1249 1293 1304 adamussim.
1349 1249 1408 1302 lu
1466 1247 1697 1317 singulis
1745 1255 1927 1300 autem
1974 1245 2097 1300 istis

511 1345 770 1420 gradibus
821 1351 968 1397 certa
1021 1349 1328 1410 temporum
1378 1339 1681 1409 praestituta
1725 1347 1885 1392 erant
1925 1337 2096 1392 inter-

509 1435 670 1498 valla,
696 1439 755 1486 ut
786 1428 1168 1494 animadverti,
1195 1443 1249 1498 p.
1277 1427 1401 1482 601.
1441 1426 1514 1482 Ea
1543 1442 1672 1482 vero
1705 1427 2098 1482 contraheban-

511 1539 598 1580 tnr
623 1523 935 1588 interdum;
999 1535 1125 1575 nam
1167 1517 1432 1574 Joannem
1485 1517 1786 1572 Climacum
1826 1516 1895 1571 ab
1930 1533 2094 1583 opere

508 1620 712 1673 dictum
768 1614 1068 1677 Scalarem,
1097 1622 1152 1668 et
1207 1627 1236 1666 a
1279 1626 1506 1666 munere
1565 1610 1978 1675 scholasticum,
2034 1613 2088 1665 in

510 1705 838 1760 monachum
864 1704 1032 1759 fuisse
1050 1713 1346 1774 receptum,
1373 1710 1426 1756 et
1452 1710 1749 1765 attonsum,
1777 1701 2088 1772 amictuque
2121 1676 2164 1732 Β

510 1796 815 1852 monastieo
873 1795 1130 1848 donatum
1173 1791 1413 1862 comperi
1467 1791 1585 1862 ejus
1626 1792 1680 1846 in
1731 1789 1876 1855 Vita,
1928 1806 2092 1860 quam

515 1887 701 1942 Daniel
763 1885 1025 1940 Raithuni
1083 1884 1323 1940 cmnobii
1381 1883 1688 1938 monachus
1742 1883 2093 1953 conscripsit,

510 1988 746 2049 quatuor
771 1991 947 2031 annos
986 1991 1109 2029 cum
1134 1974 1409 2046 posuisset
1435 1973 1489 2027 in
1518 1973 1793 2039 tirocinio,
1827 1983 1882 2029 et
1920 1973 2092 2028 lsido-

511 2086 631 2124 rum
677 2068 1102 2123 Alexandrinum
1149 2081 1272 2122 cum
1305 2075 1512 2136 septem
1544 2065 1815 2134 exegisset
1859 2065 1912 2120 in
1963 2065 2093 2124 Bai-

510 2161 682 2214 thuno
715 2157 988 2214 emnobio.
1023 2153 1202 2210 Nilum
1239 2169 1335 2226 ego
1365 2162 1419 2210 et
1463 2153 1806 2208 Theodulum
1847 2171 1953 2210 non
2001 2155 2096 2210 ob-

509 2266 761 2306 servasse
809 2249 1078 2321 graduum
1153 2247 1381 2301 istorum
1436 2247 1751 2302 discrimina
1813 2247 2092 2318 suspicor,

509 2343 881 2397 continentem
914 2339 1112 2410 quippe
1149 2336 1339 2404 fuisse,
1367 2351 1494 2392 cum
1521 2346 1702 2407 ageret
1738 2337 1916 2393 adhuc
1946 2337 2096 2392 Con-

511 2430 864 2500 stantinopoli
912 2444 975 2483 ex
1021 2440 1292 2483 consensu
1321 2426 1570 2496 conjugis
1609 2425 1790 2480 Nilum
1814 2467 1829 2491 ,
1865 2427 2008 2482 sicut
2043 2437 2095 2480 et

510 2523 850 2578 Theodotum
893 2520 1240 2575 continentiae
1268 2517 1590 2572 innutritum
1615 2517 1920 2573 adolevisse
1945 2517 2094 2572 arbi-

509 2627 642 2679 tror,
663 2613 1066 2680 asceticamque
1082 2612 1246 2664 vitam
1270 2618 1563 2680 utrumque
1579 2609 1909 2680 professum,
1934 2613 2095 2682 μονά.

508 2707 699 2770 ζοντας
728 2704 894 2774 igitur
920 2704 1055 2755 istos
1087 2710 1326 2754 montem
1361 2700 1428 2754 ad
1467 2700 1642 2764 Sinai,
1675 2701 1823 2756 velut
1861 2703 1927 2757 ad
1966 2718 2093 2772 por-

511 2808 624 2849 tum
657 2792 854 2862 quietis
887 2789 1161 2858 appulisse
1193 2787 1327 2842 mihi
1373 2803 1700 2858 persuasum
1736 2797 1840 2855 est,
1874 2804 1940 2845 eo
1974 2793 2092 2863 ipso

508 2903 649 2940 anno
683 2883 786 2938 405
810 2882 873 2937 C.
921 2879 1009 2946 N.,
1034 2895 1063 2935 e
1097 2879 1557 2936 sollicitudinibus
1589 2881 1821 2936 terrenis
1865 2881 1920 2939 in
1960 2883 2092 2938 soli-

509 2983 742 3046 tudines,
775 2989 827 3033 ct
848 2993 878 3032 e
925 2976 1076 3032 sellis
1111 2973 1466 3047 przefectoriis
1497 2976 1550 3030 in
1586 2976 1752 3031 cellas
1785 2978 2092 3034 eremiticas

511 3071 793 3144 migrando
824 3087 840 3124 :
870 3082 990 3124 cum
1015 3067 1106 3121 alii
1138 3065 1527 3138 Byzantii'sese
1556 3065 1607 3120 in
1637 3081 1842 3121 oceano
1875 3066 2092 3124 delicia-

508 3181 627 3220 rum
689 3171 743 3216 et
775 3161 1111 3230 voluptatum
1144 3158 1432 3226 volutant;
1453 3157 1529 3211 illi
1562 3158 1877 3213 coelestibus
1920 3163 2090 3215 medi-

508 3253 809 3310 tationibus
843 3251 969 3306 elati
1005 3250 1229 3304 volitant
1264 3248 1330 3302 ad
1382 3247 1729 3319 paradisum;
1785 3248 1912 3304 dum
1953 3251 2091 3306 alios

511 3346 698 3402 molles
721 3343 847 3400 lecti
887 3342 1234 3396 lascivientcs
1268 3339 1618 3430 lobvolvunt,
1649 3339 1770 3393 illos
1805 3354 2087 3395 sacrorum

511 3442 769 3497 librorum
793 3437 952 3491 lectio
977 3433 1279 3497 detinebat,
1307 3446 1406 3486 nec
1427 3431 1494 3486 ad
1513 3430 1846 3501 episcopales
1864 3430 2088 3485 thronos

513 3531 635 3584 iide
671 3544 728 3583 se
762 3528 876 3598 rapi
909 3527 1277 3596 patiebantur,
1311 3523 1402 3578 sed
1462 3522 1654 3577 rastris
1684 3530 1738 3577 et
1765 3523 1995 3598 sarculis
2033 3524 2087 3576 in

507 3619 820 3676 excolendis
853 3617 1082 3672 hortulis
1115 3623 1316 3670 terram
1347 3627 1632 3668 arenosam
1669 3595 2006 3677 eil'odicntcﬂs,
2036 3621 2089 3669 et

512 3720 689 3767 rostra
727 3708 1089 3778 despicientes
1111 3704 1354 3760 victricis
1375 3703 1574 3773 linguae
1602 3701 1874 3772 opulentis
1903 3717 2088 3771 perso-

511 3801 691 3857 nantia
720 3797 1071 3864 dictionibus,
1095 3803 1348 3866 astraque
1377 3791 2085 3862 aspicientes,Conditorem

509 3903 698 3943 eorum
726 3885 1078 3942 dilaudahant
1111 3880 1454 3952 psalmodiis,
1505 3880 1725 3951 hymnis
1783 3887 1837 3935 et
1881 3880 2087 3933 oratio-

511 3982 704 4042 nibus,
739 3979 806 4033 de
842 3976 1042 4047 quibus
1076 3983 1186 4028 tam
1224 3973 1411 4027 utilem
1444 3980 1734 4025 tractatum
1777 3972 2089 4042 composuit

511 4069 684 4124 Nilus.
707 4064 815 4122 Nec
835 4066 978 4120 enim
1000 4062 1286 4127 vilitatem,
1303 4070 1353 4115 et
1370 4059 1736 4130 asperitatem,
1757 4073 1822 4114 ac
1848 4059 2086 4124 illuviem

513 4159 763 4224 vestium,
797 4155 1094 4211 nuditatem
1135 4154 1350 4223 pedum,
1387 4168 1491 4222 qua
1523 4151 1918 4205 aemulabantur
1944 4152 2089 4222 Any-

515 4251 745 4321 poditas,
788 4249 838 4303 id
865 4255 968 4314 est,
995 4245 1349 4300 Excalceatos
1379 4242 1854 4314 Constantinopoli
1886 4243 2088 4313 degen-

517 4354 594 4396 tes
618 4342 670 4394 in
703 4337 1038 4394 monasterio
1060 4334 1242 4390 Sancti
1267 4333 1560 4397 Thalassii,
1589 4333 1746 4402 cujus
1769 4333 2083 4389 archiman-
2119 4367 2161 4422 ο

512 4433 681 4487 drites
734 4430 1014 4501 presbyter
1081 4426 1348 4497 Diogenes
1397 4425 1728 4494 subscripsit
1779 4424 1960 4480 libello
2019 4426 2087 4480 ad

511 4525 772 4579 Joannem
806 4520 1189 4591 patriarcham,
1224 4525 1330 4572 act.
1363 4532 1380 4571 ι
1411 4515 1609 4571 concil.
1638 4531 1690 4581 v,
1723 4533 1772 4586 p.
1813 4517 1905 4580 νο,
1934 4518 2088 4572 obla-

513 4628 600 4682 to;
639 4613 870 4684 vigilias,
926 4610 1127 4680 quibus
1175 4609 1581 4663 Acoemetenses
1619 4607 2090 4679 Constantinopoli

511 4701 1078 4776 quoquediversantes
1095 4697 1517 4767 exsuperabant,
1538 4697 1785 4768 eloquar,
1808 4698 2003 4761 luctus,
2024 4698 2093 4750 la-

513 4811 746 4867 crymas,
763 4792 1016 4864 suspiria,
1033 4792 1301 4861 planctus,
1317 4799 1370 4844 et
1386 4789 1614 4859 ﬂagella.
1633 4787 2094 4860 quibusdnwma't-

512 4892 663 4953 ζεται
692 4884 850 4956 σῶμα
882 4885 976 4937 καὶ
997 4881 1446 4962 δᾳυλαγωγεῖται,
1471 4881 1548 4934 uti
1579 4878 1780 4934 Paulus
1817 4881 1835 4932 Ι
1860 4878 1982 4933 Cor.
2015 4893 2090 4942 ix,

511 4981 601 5046 27,
637 4979 687 5035 id
715 4987 815 5045 est,
847 4976 1065 5032 lividum
1088 4977 1148 5044 ﬁt
1179 4991 1370 5044 corpus
1400 4983 1447 5026 et
1477 4975 1528 5027 in
1560 4975 1862 5027 servitutem
1895 4972 2093 5041 redigi-

515 5087 620 5138 tur,
663 5072 1050 5140 ειιειηιωθιιιιὶδ,
1075 5075 1246 5135 idest,
1297 5068 1583 5124 decubitus
1631 5067 1804 5129 humi,
1851 5064 2092 5135 genuﬂe-

516 5167 744 5232 xiones;
781 5163 1142 5234 γονυκλίσεις,
1192 5159 1500 5232 μετανοίας,
1542 5174 1637 5213 seu
1674 5157 2092 5226 prostrationes,

515 5272 580 5313 ac
602 5256 838 5327 denique
883 5257 1120 5321 silentia,
1174 5263 1228 5309 et
1269 5251 1499 5322 jejunia,
1549 5248 1931 5317 xerophagias,
1979 5249 2095 5302 sive

515 5349 700 5404 aridas
775 5363 932 5402 escas
988 5357 1151 5416 atque
1210 5345 1462 5399 siccatas.
1541 5340 1771 5406 Quando
1834 5340 1948 5408 ipse
2001 5338 2095 5391 Ni-

518 5441 603 5495 lus
639 5441 846 5502 tacuit,
885 5453 986 5509 ego
1045 5451 1266 5506 quoque
1310 5432 1617 5505 praztcribo.
1675 5429 1950 5500 Ἀνεμώνη
1995 5429 2094 5484 ﬂos

517 5537 604 5584 est
633 5529 724 5599 qui
767 5539 925 5583 vento
969 5527 1226 5596 aperitur,
1260 5524 1402 5592 apud
1428 5521 1834 5586 Dioscoridem;
1868 5520 2091 5590 symbo-

521 5617 633 5670 lum
659 5630 787 5670 esse
808 5616 1063 5679 vanitatis
1115 5613 1384 5665 Lucianus
1423 5624 1546 5663 eum
1578 5608 1764 5662 ﬂorem
1806 5608 2040 5659 affirmat
2071 5622 2089 5658 :

2209 443 2425 499 laudata
2461 447 2678 509 crescit,
2712 447 2990 517 gloriaque
3021 447 3176 503 habet
3215 447 3550 506 immensum
3583 455 3790 521 calcar,

2208 545 2267 589 ut
2292 537 2382 590 ille
2411 537 2631 602 cecinit,
2661 553 2761 592 nec
2785 538 2893 591 ulla
2919 548 2999 592 est
3032 545 3182 592 tanta
3206 539 3516 607 humilitas,
3543 560 3666 612 quas
3693 562 3791 600 non

2205 638 2463 700 tangatur
2514 630 2700 699 gloriae
2756 630 3065 694 dulcedine,
3111 631 3267 700 juxta
3315 629 3596 688 Valerium
3655 636 3789 691 Max.

2205 719 2303 773 lib.
2362 734 2484 784 vm,
2554 734 2677 787 cap.
2733 719 2821 774 14.
2865 717 3255 776 Themistoclis
3304 722 3534 778 auribus
3584 725 3788 779 nullum

2202 833 2454 875 acroama
2503 815 2761 870 libentius
2804 813 3197 878 excipiebatur,
3243 829 3405 884 quam
3466 817 3628 882 illud,
3693 833 3791 886 quo

2203 909 2350 963 illius
2388 906 2799 962 celebrabantur
2839 903 3054 973 egregia
3099 901 3366 958 facinora.
3396 903 3643 961 Joannes
3685 907 3790 976 ipse

2200 997 2342 1052 XXII
2377 1011 2512 1067 papa
2531 995 2718 1050 fassus
2746 1004 2831 1050 est
2865 1009 2927 1048 se
2951 993 3253 1059 blanditiis,
3277 995 3436 1066 661
3469 1011 3612 1064 quas
3643 1012 3791 1050 aver-

2201 1091 2445 1153 sabatur,
2485 1087 2843 1144 nihilominus
2876 1084 3200 1149 demulceri,
3233 1093 3287 1139 et
3321 1086 3596 1140 interdum
3638 1088 3785 1156 capi;

2199 1187 2398 1256 saepius
2428 1183 2532 1238 illa:
2565 1180 2794 1250 repulsa:
2827 1177 3040 1234 tandem
3070 1191 3138 1230 ex
3164 1176 3368 1231 Seneca
3399 1177 3578 1231 solent
3607 1177 3789 1230 admit-

2200 1283 2260 1337 ti.
2307 1271 2740 1346 Ἐξανεμοῦσθαι
2789 1280 2970 1324 tamen
3001 1268 3260 1324 dicuntur
3309 1278 3544 1338 segetes,
3579 1271 3784 1323 eventi-

2198 1372 2298 1427 lari
2342 1368 2587 1431 scilicet,
2621 1378 2685 1420 ac
2713 1360 3014 1427 essufllari,
3047 1359 3296 1414 damone
3321 1359 3546 1413 inﬂante
3574 1376 3588 1413 :
3623 1361 3785 1414 nimio

2195 1462 2398 1520 etenim
2430 1467 2712 1514 ventorum
2748 1453 2882 1508 ﬂatu
2903 1460 3260 1514 evacuantur,
3294 1458 3348 1505 et
3373 1451 3782 1517 exinaniuntur,

2197 1554 2471 1627 praecipue
2515 1549 2646 1604 dum
2693 1551 3092 1607 maturescunt,
3129 1542 3273 1613 apud
3309 1541 3780 1611 Theophrastum;

2195 1650 2271 1702 ita
2299 1645 2465 1703 nimia
2489 1639 2760 1713 praconia
2791 1637 3053 1692 clariores
3081 1636 3298 1690 animos
3321 1633 3555 1699 nudant,
3581 1643 3635 1688 et
3669 1649 3784 1703 spo-

2195 1739 2330 1793 liant
2381 1735 2641 1789 virtutum
2695 1729 2983 1784 fructibus.
3035 1726 3301 1796 Vergunt,
3345 1733 3398 1779 et
3446 1729 3782 1796 prapendent

2195 1830 2468 1902 pleniores
2498 1824 2679 1881 arista:
2715 1823 2781 1878 ad
2811 1823 3063 1884 humum,
3090 1819 3164 1873 ita
3194 1819 3287 1888 qui
3325 1817 3528 1872 virtute
3545 1827 3676 1873 sunt
3705 1818 3781 1870 in-

2195 1923 2402 1992 signes,
2447 1916 2766 1973 humiliores
2807 1913 3075 1978 evadunt;
3111 1910 3308 1964 hirudo
3337 1910 3544 1980 quippe
3588 1907 3782 1962 Joanni

2194 2014 2438 2069 Climaco
2459 2017 2544 2065 est
2562 2022 2705 2082 vana
2737 2005 2927 2076 gloria,
2965 2013 3019 2058 et
3047 2019 3078 2058 a
3115 2002 3322 2058 Graecis
3359 2001 3500 2055 inter
3533 2001 3779 2069 capitalia

2197 2107 2326 2160 vitia
2387 2109 2728 2166 recenselur,
2781 2107 2841 2154 ut
2889 2097 3004 2168 jam
3057 2094 3317 2166 praefatus
3362 2109 3509 2156 sum,
3563 2101 3620 2147 et
3669 2094 3782 2162 ipse

2195 2206 2419 2256 sanctus
2471 2194 2646 2259 Nilus,
2692 2207 2747 2262 p.
2788 2189 2891 2256 36,
2933 2195 3136 2242 narrat.
3191 2187 3248 2251 3,
3301 2185 3370 2240 ab
3396 2200 3462 2239 ea
3502 2185 3780 2254 corrumpi

2193 2302 2340 2347 recte
2372 2289 2539 2353 facta,
2570 2298 2868 2352 veramque
2912 2279 3140 2351 gloriam
3178 2277 3300 2335 fuse
3329 2277 3522 2331 tradit.
3550 2277 3776 2346 PrOprio

2195 2381 2498 2456 praesertim
2537 2376 2804 2436 sordescit
2840 2374 2961 2428 laus
2997 2373 3048 2426 in
3081 2385 3211 2436 ore;
3241 2369 3387 2443 unde
3430 2377 3662 2424 sanctus
3687 2369 3780 2438 Cy-

2195 2478 2422 2548 prianus
2460 2473 2526 2527 ad
2559 2472 2828 2527 Donatum
2860 2465 3054 2520 scribit
3110 2463 3359 2517 odiosam
3395 2475 3519 2516 esse
3557 2461 3613 2514 in
3663 2476 3781 2530 pro-

2195 2571 2343 2643 prias
2374 2566 2561 2622 laudes
2584 2562 2971 2635 jactationem;
2998 2566 3051 2612 et
3079 2556 3292 2611 Plinius
3321 2553 3534 2625 junior,
3579 2552 3676 2606 lib.
3719 2566 3777 2615 ιι,

2195 2663 2355 2732 epist.
2387 2660 2440 2724 9,
2472 2656 2620 2728 quod
2651 2653 3000 2724 magnificum
3027 2648 3296 2704 referente
3331 2648 3439 2702 alio
3470 2645 3632 2711 foret,
3665 2645 3780 2715 ipso

2195 2753 2288 2823 qui
2323 2751 2490 2822 gessit
2521 2746 2810 2809 referente,
2841 2756 3164 2810 vanescere;
3195 2747 3455 2808 recteque
3492 2737 3776 2800 Salomon,

2195 2862 2244 2901 c.
2269 2859 2403 2907 ιλιι,
2423 2858 2472 2895 v.
2491 2840 2526 2894 2
2544 2836 2961 2893 Proverbiorum
2980 2834 3258 2896 admonet,
3275 2830 3706 2899 Ἐγκωμιαζέτω
3721 2845 3776 2880 σε

2193 2942 2222 2992 ὁ
2240 2938 2429 2999 πέλας,
2453 2937 2546 2988 καὶ
2572 2934 2646 3003 μὴ
2672 2931 2730 2984 τὸ
2759 2929 2848 2982 σὺν
2868 2925 3356 2997 «summam;
3390 2925 3486 2977 καὶ
3505 2922 3582 2993 μὴ
3615 2925 3683 2975 τὰ
3712 2922 3777 2975 σὰ

2197 3028 2370 3101 χείλη,
2422 3027 2475 3080 id
2525 3033 2627 3088 est,
2667 3021 2868 3074 Laude:
2922 3028 2974 3071 te
3017 3017 3242 3079 alienus,
3281 3029 3469 3069 etnon
3513 3030 3572 3068 os
3607 3023 3771 3076 tuna,

2199 3131 2503 3180 extraneas,
2548 3124 2596 3169 ct
2633 3129 2734 3183 non
2775 3111 2920 3164 labia
2962 3120 3073 3163 tua.
3107 3105 3342 3162 Sanctus
3371 3119 3501 3160 vero
3526 3104 3774 3160 Clemens

2198 3211 2479 3264 Romanus
2502 3204 2675 3273 Epist.
2703 3202 2771 3254 ad
2793 3199 3056 3261 Corinth.,
3089 3213 3143 3267 p.
3165 3197 3253 3261 39,
3278 3196 3348 3250 49
3373 3205 3426 3250 et
3452 3196 3540 3259 50,
3576 3196 3773 3248 Ταπει-

2198 3301 2410 3372 νόφρων
2447 3297 2523 3368 μὴ
2549 3293 2728 3364 ἑαυτῷ
2755 3291 3122 3364 μαρτυρείτω,
3145 3288 3258 3342 ἀλλ’
3275 3287 3455 3357 ἐαυτῷ
3482 3286 3771 3356 ὑφ’ὲτέριιυ

2201 3385 2603 3460 μαρτυρείσθω·
2638 3385 2688 3440 id
2732 3391 2835 3448 est,
2863 3382 2970 3448 Qui
2993 3391 3159 3434 mente
3181 3379 3436 3448 prwditus
3458 3387 3532 3430 est
3559 3377 3767 3438 huntili,

2197 3497 2297 3534 non
2351 3479 2415 3534 de
2459 3476 2628 3545 seipse
2680 3475 3035 3528 testimonium
3083 3471 3242 3538 ferat,
3283 3468 3374 3521 sed
3407 3469 3500 3522 abs
3530 3469 3638 3520 alio
3671 3468 3772 3520 sibi

2196 3572 2317 3627 velit
2348 3571 2450 3640 ipsi
2482 3567 2839 3622 testimonium
2859 3563 3102 3633 prwberi.
3127 3559 3281 3616 Nilus
3312 3561 3517 3630 itaque,
3543 3576 3663 3630 qum
3689 3560 3771 3628 pie

2196 3662 2521 3719 macerando
2585 3673 2824 3725 carnem,
2877 3669 2930 3713 et
2987 3659 3291 3711 exercendo
3349 3669 3408 3708 se
3477 3669 3586 3708 una
3649 3669 3767 3707 cum

2195 3751 2478 3808 Theodulo
2500 3753 2553 3806 in
2577 3750 2779 3804 montis
2802 3748 2951 3803 Sinai
2971 3745 3336 3809 monasteriis,
3367 3745 3530 3814 inque
3552 3742 3766 3796 Patrum

2195 3845 2495 3916 synaxibus
2553 3841 2967 3913 (colligebantur
3025 3840 3171 3892 enim
3222 3836 3524 3892 Dominicis
3553 3835 3768 3890 -d:ebus

2198 3953 2364 3992 unum
2397 3938 2447 3990 in
2474 3947 2698 3999 emtum,
2723 3934 3032 4004 pariterque
3059 3931 3373 4002 congregati
3401 3931 3676 3995 monachi,
3711 3947 3770 3984 ac

2198 4027 2556 4097 μονάζοντες,
2599 4023 3082 4081 communicabant
3129 4021 3306 4076 sacris
3345 4021 3653 4090 mysteriis,
3699 4021 3766 4072 nti

2196 4131 2384 4177 narrat
2417 4122 2667 4191 διηγήσει
2705 4120 2861 4174 tertia
2888 4118 3061 4183 Nilus,
3092 4133 3148 4188 p.
3190 4116 3289 4182 38;
3316 4129 3492 4184 neque
3515 4115 3771 4170 difﬁtetur

2195 4214 2401 4269 delirus
2445 4211 2534 4270 ille
2580 4213 2840 4283 Apos‘tata
2877 4209 3140 4281 Spalatin.
3196 4218 3330 4264 tom.
3379 4207 3418 4274 l,
3458 4224 3513 4278 p.
3550 4208 3655 4262 378
3699 4208 3770 4260 De

2197 4307 2377 4376 repub.
2406 4305 2726 4374 ecclesiast.)
2748 4313 3050 4375 peregerat,
3087 4302 3198 4359 Deo
3228 4303 3332 4358 soli
3371 4313 3499 4356 nota
3527 4317 3654 4356 esse
3679 4317 3769 4356 cn-

2191 4399 2364 4468 pieus,
2411 4397 2780 4453 taciturnitate
2823 4396 3040 4466 premit.
3080 4396 3214 4451 Cum
3273 4409 3403 4450 vero
3441 4396 3678 4450 maritus
3721 4405 3769 4447 et

2193 4507 2329 4548 uxor
2371 4492 2480 4546 sint
2508 4491 2617 4545 duo
2652 4489 2706 4543 in
2739 4503 2906 4542 carne
2934 4476 3074 4552 una,
3102 4498 3156 4542 et
3205 4496 3357 4556 pater
3399 4502 3466 4541 ac
3499 4487 3594 4540 lilii
3631 4501 3766 4548 una,

2190 4582 2490 4649 eademque
2519 4593 2750 4649 persona
2775 4587 3066 4631 censeatur
3090 4590 3155 4630 ex
3187 4575 3441 4640 artificio,
3469 4574 3745 4644 actigmen

2192 4685 2246 4730 to
2281 4675 2423 4744 juris
2463 4674 2625 4727 etiam
2676 4671 2850 4726 civilis
2877 4709 2891 4733 ,
2937 4669 3067 4738 quin
3119 4677 3173 4722 et
3209 4679 3524 4722 commento
3565 4677 3772 4720 natura

2196 4765 2571 4838 preheusantis
2621 4762 3079 4817 immortalitatem
3125 4762 3504 4829 procreatione
3542 4759 3770 4818 similis,

2203 4860 2238 4914 l.
2276 4858 2424 4912 final.
2460 4856 2523 4912 C.
2573 4854 2651 4908 De
2681 4855 3016 4919 impuber.et
3042 4852 3112 4906 al.
3145 4851 3444 4911 subslitut.,
3476 4850 3504 4920 §
3554 4850 3620 4902 Ei
3664 4865 3774 4902 rm

2199 4951 2430 5004 inuitat.
2470 4948 2532 5001 de
2551 4944 3016 5015 iuutii.stipulat.,
3047 4943 3074 5014 §
3102 4942 3203 4998 Sed
3227 4944 3310 4998 sui
3331 4941 3548 5005 ibidem,
3582 4941 3647 4994 de
3674 4941 3776 4993 Ita:-

2200 5045 2310 5095 τεά.
2343 5040 2530 5111 quatit,
2563 5038 2843 5108 patrisque
2875 5052 2976 5090 vox
3007 5078 3022 5103 ,
3062 5036 3133 5090 sit
3173 5049 3274 5088 vox
3310 5033 3428 5093 lilii,
3461 5033 3556 5101 qui
3599 5041 3775 5102 pater-

2200 5150 2395 5189 norum
2440 5133 2712 5187 viscerum
2759 5131 2938 5200 portio
2992 5137 3098 5194 est,
3136 5143 3200 5181 ex
3249 5126 3565 5190 Aristotele,
3604 5126 3696 5178 lih.
3746 5139 3774 5173 ν

2192 5226 2390 5293 Ε(Ιιίσ.,
2417 5235 2469 5280 et
2492 5227 2545 5278 in
2572 5239 2682 5294 quo
2704 5232 2956 5293 parentes
2977 5220 3325 5284 reviviscunt,
3345 5227 3400 5272 et
3422 5218 3763 5286 quemadmo-

2191 5323 2321 5376 dum
2356 5321 2531 5390 magis
2556 5319 2918 5380 obiectantur,
2941 5316 3010 5371 ita
3029 5315 3151 5385 plus
3183 5322 3511 5382 torquentur
3542 5313 3595 5366 in
3624 5313 3770 5382 ipso;

2193 5415 2432 5470 ﬁliorum
2467 5422 2612 5468 certe
2646 5411 2904 5481 dignitas,
2944 5411 3083 5472 laus,
3120 5416 3282 5476 atque
3319 5405 3496 5476 gloria
3536 5417 3761 5459 commu-

2197 5509 2284 5564 nis
2333 5519 2416 5562 est
2448 5507 2608 5577 patri.
2653 5504 2752 5559 .Uti
2800 5503 3146 5558 Justinianus
3196 5499 3365 5554 refert
3423 5497 3767 5561 Authentiris,

2201 5601 2489 5657 Constitut.
2521 5616 2638 5670 qua:
2670 5597 3008 5669 dignitatib.,
3051 5595 3078 5666 §
3113 5592 3462 5661 Generaliter,
3501 5593 3594 5649 ubi
3618 5591 3769 5665 gloss.
