3998 6116
330 250 466 316 1389

1573 214 1575 217 ’
1635 250 1732 311 DE
1771 242 1948 312 VITA
1979 252 2040 312 s.
2084 252 2251 315 NILI

3445 254 3587 324 i390

312 377 369 423 ct
398 366 467 422 ad
510 363 551 421 l.
585 361 688 422 Sed
717 362 995 428 Julianus,
1037 358 1065 435 δ
1095 360 1246 428 Quod
1282 363 1487 418 dicitur
1525 362 1594 420 υ.
1629 363 1699 420 ad
1736 363 1797 422 S.
1832 365 1895 420 C.
1928 372 1974 428 Α
2004 363 2242 437 Spiritus
2284 368 2458 424 sancti
2509 366 2674 434 dona,
2706 367 3040 426 vanitatibus
3065 369 3286 433 attritis,
3334 385 3401 427 ac
3442 373 3591 427 velut

314 450 687 512 Macedonian.
742 454 885 511 Hinc
903 469 1074 525 arguo
1098 452 1281 509 Nilum
1310 468 1420 510 nec
1458 452 1526 511 de
1563 456 1726 511 rebus
1754 470 1785 510 a
1813 470 1894 521 se,

314 550 534 627 tilioque
574 546 855 604 Theodulo
883 542 1012 600 inibi
1037 530 1231 601 sa‘ncté
1256 547 1444 617 gestis,
1466 562 1644 617 neque
1667 548 1735 602 de
1762 562 1897 603 con-

306 638 474 712 jugis,
514 641 745 711 liliaque
780 636 1059 710 praelatis
1087 645 1141 693 et
1194 638 1466 708 religiosis
1491 639 1703 697 actibus
1734 632 1895 712 quid-

310 746 473 803 quam
529 732 829 787 litterarum
903 729 1276 785 monumentis
1332 728 1706 800 consignasse,
1756 728 1895 785 adeo

313 823 559 879 modeste
573 822 639 879 de
653 836 733 893 se,
763 821 987 891 suisque
1004 819 1298 886 sentiebat,
1318 819 1452 901 adeo
1466 826 1653 877 exacte
1665 815 1893 876 humili-

310 927 479 972 tatem
510 912 752 980 colebat;
781 911 971 968 mirari
1007 908 1281 969 satis-non
1316 916 1560 983 possum,
1593 912 1743 984 quod
1772 910 1893 983 ipse

311 1017 486 1063 totum
534 1003 664 1061 illud
693 1014 930 1075 tempus,
960 1016 1071 1075 quo
1106 1000 1162 1058 in
1192 1014 1377 1060 monte
1407 1003 1558 1059 Sinai
1585 1002 1892 1063 diversatus

307 1110 409 1164 est,
428 1108 553 1154 ante
572 1094 936 1153 Barbarorum
962 1095 1350 1164 incursionem,
1365 1112 1507 1166 quae,
1527 1100 1888 1167 ut,computu,

309 1184 508 1246 accidit
548 1205 580 1245 a
617 1186 679 1246 C.
724 1187 793 1244 Ν.
826 1186 955 1256 ΗΟ,
997 1188 1192 1259 sicque
1235 1186 1696 1269 quinquennium,
1742 1189 1889 1259 quod

309 1282 513 1355 peregit
542 1284 597 1337 in
626 1276 948 1338 Narratione
973 1280 1235 1343 secunda,
1263 1275 1425 1352 662
1444 1293 1572 1350 pag.
1593 1272 1680 1343 l7,
1704 1273 1889 1335 verbis

309 1374 431 1431 istis
467 1364 769 1430 describit:
794 1370 946 1446 Αὕτη
980 1373 1060 1446 μὴ
1076 1367 1177 1444 τῆς
1209 1368 1443 1443 ἡσυχίας
1469 1369 1676 1439 ταύτης
1701 1368 1888 1438 ὲποξη-

308 1479 404 1516 σεν
451 1462 711 1536 ἄραστὴν,
762 1461 1030 1535 καὶπρὸς
1070 1460 1170 1534 τὴν
1208 1456 1553 1541 ποθουμένην
1605 1458 1888 1531 ὡδήγησεν

307 1550 561 1625 ἐρημίαν,
591 1552 685 1604 καὶ
710 1551 874 1621 μέχρι
900 1549 1097 1605 πολλοῦ
1131 1548 1544 1623 παρεσκεύασεν
1575 1546 1886 1603 διαιτᾶσθαι

306 1642 481 1712 ἡδέως
513 1641 753 1712 γαλήνης
784 1638 1126 1695 ἀπολαύοντα
1156 1639 1381 1709 πολλῆς,
1404 1638 1502 1693 και
1524 1636 1692 1708 οὐρίῳ
1721 1632 1886 1690 πνεῦ-

310 1750 442 1802 ματι
468 1731 606 1802 πρὸς
643 1732 736 1784 τὸν
775 1732 977 1785 σκοπὸν
1006 1731 1368 1803 εὐθυνόμενον
1424 1724 1552 1794 ἕως.
1587 1732 1694 1785 etc.
1737 1726 1885 1783 Talis

307 1824 548 1892 (potioris
575 1839 756 1893 nempe
773 1823 895 1877 boni
925 1822 1210 1893 cupiditas)
1242 1840 1325 1878 me
1359 1820 1551 1893 quietis
1579 1821 1740 1876 istius
1763 1820 1889 1892 fecit

287 1920 615 1979 ‘antatorem,
667 1923 718 1967 et
760 1916 829 1969 ad
863 1914 1223 1971 desideratam
1257 1914 1479 1970 deduxit
1521 1913 1887 1981 solitudinem,

303 2008 630 2077 multumque
676 2025 770 2080 per
817 2019 1017 2079 tempus
1059 2006 1232 2076 e/Iecit
1290 2002 1592 2065 inhabitdre
1637 2006 1884 2068 libenter,

302 2098 472 2152 multa
512 2088 773 2168 fruentem
828 2096 1265 2170 tranquillitate,
1307 2098 1636 2169 secundoque
1688 2097 1885 2166 spiritu

302 2189 559 2245 directum
593 2191 662 2245 ad
703 2208 938 2261 scopum,
980 2190 1184 2246 donec:
1221 2186 1309 2245 ubi
1345 2189 1579 2245 multum
1621 2204 1716 2261 per
1747 2198 1887 2244 tem-

306 2297 409 2351 pus
460 2281 701 2354 intelligo
749 2283 1014 2353 integram
1057 2274 1429 2353 Olympiadem
1472 2278 1887 2352 q'uoqimpleret

302 2371 677 2444 praescriptum
727 2370 1056 2442 μονάζουσι,
1106 2389 1200 2430 seu
1258 2372 1548 2444 νεωτέροις
1599 2374 1885 2429 monachis

302 2460 671 2517 intervallum.
710 2459 913 2516 Interea
944 2476 1074 2515 vero
1119 2468 1344 2516 Sanetus
1368 2455 1608 2514 Joannes
1646 2454 1884 2529 Chryso-

301 2563 516 2607 stomus
548 2552 600 2606 in
646 2551 840 2607 exsilio
891 2551 1144 2606 Cumante
1182 2540 1489 2605 decesserat
1533 2552 1676 2603 anno
1721 2548 1781 2604 C.
1815 2538 1881 2603 Ν.

299 2642 429 2709 407,
462 2644 604 2699 sicut
631 2643 914 2698 admonui.
947 2642 1164 2697 Obiera‘t
1190 2649 1245 2697 et
1268 2636 1736 2712 Constantinopoli
1762 2638 1881 2696 Ka-

300 2735 447 2790 lend.
465 2733 638 2796 Maiis,
660 2719 913 2806 quamvis
931 2734 1209 2790 ascribunt
1232 2751 1247 2788 ι
1271 2731 1501 2788 Kalend.
1520 2726 1879 2803 Septembris,

300 2826 393 2894 qui
425 2824 809 2896 Theophanem
839 2832 1164 2897 sequuntur,
1193 2838 1339 2878 anno
1354 2823 1715 2894 subsequenti
1750 2820 1879 2890 408,

298 2920 568 2974 Arcadius
604 2918 879 2990 Augustus
917 2918 1141 2984 viduus,
1177 2933 1209 2974 e
1243 2912 1444 2974 Codice
1469 2914 1876 2982 Theodosianu,

299 3020 355 3065 et
404 3020 742 3067 successerat
780 3009 1124 3065 TheodOsius
1176 3010 1228 3065 in
1259 3006 1358 3064 Eoi
1400 3007 1877 3063 administratione

301 3102 537 3172 imperii.
571 3099 815 3158 Eudoxia
842 3116 972 3157 vero
1002 3102 1245 3172 Augusta
1272 3101 1566 3171 putabatur
1597 3112 1741 3154 anno
1769 3095 1876 3152 illi

298 3193 582 3247 demortua
606 3233 620 3256 ,
651 3192 744 3247 sed
786 3192 854 3247 ad
875 3192 1001 3266 409,
1029 3192 1250 3248 biennio
1278 3199 1403 3263 post
1445 3190 1622 3248 sancti
1650 3187 1879 3244 Joannis

299 3284 532 3355 obitum,
551 3300 581 3339 e
608 3294 715 3340 vita
745 3286 1008 3357 migrasse
1040 3284 1367 3356 Spondanus
1392 3283 1594 3339 evincit
1622 3280 1689 3338 ad
1723 3280 1876 3337 illum

300 3389 502 3428 annum
533 3376 638 3429 404
659 3416 674 3439 ,
707 3391 858 3431 num.
901 3377 966 3431 l6
987 3418 1002 3443 ,
1039 3384 1093 3431 et
1122 3378 1193 3432 ad
1227 3390 1431 3432 annum
1454 3375 1581 3445 407,
1621 3388 1776 3429 num.
1821 3370 1874 3429 7.

302 3465 506 3536 Opinor
535 3475 715 3520 autem
747 3477 855 3521 tam
905 3483 934 3521 a
964 3467 1119 3531 Nilo,
1144 3480 1307 3538 quam
1338 3480 1366 3522 ο
1396 3464 1676 3523 Tlteodulo
1705 3458 1877 3523 fuisse

304 3567 575 3611 servatum
612 3557 882 3626 jejunium
930 3558 1199 3628 apprime.
1234 3558 1397 3614 Certe
1438 3558 1569 3614 illud
1615 3558 1873 3623 detineat,

301 3664 353 3718 p.
382 3651 470 3711 55,
496 3665 546 3704 c.
575 3648 641 3703 H
663 3659 715 3703 et
739 3662 862 3720 pag.
888 3649 951 3704 lli
974 3657 1190 3705 tractat.
1216 3650 1293 3705 De
1323 3660 1548 3705 monast.
1572 3651 1873 3714 exercitat.,

301 3752 653 3813 posteaquam
693 3743 1113 3799 insectatusest
1155 3743 1437 3799 catillones
1481 3743 1745 3799 delicatos
1779 3757 1875 3797 ex—

297 3838 627 3907 quisitorum
678 3836 951 3902 ciborum,
988 3842 1044 3891 et
1089 3834 1562 3890 condimentorum
1609 3833 1872 3896 asseclas,

297 3931 436 3999 gulae
476 3945 543 3985 ac
593 3929 986 3999 gastrimargias
1026 3927 1244 3997 penitus
1280 3926 1563 3989 addictos.
1603 3936 1711 3979 tam
1751 3938 1875 3995 gra-

299 4022 472 4089 phire,
491 4021 647 4089 .quod
691 4019 1075 4075 custodiebant
1113 4019 1370 4075 monachi
1403 4034 1499 4090 per
1526 4019 1751 4077 cellulas
1780 4019 1876 4074 ibi-

297 4120 443 4180 dem,
477 4125 536 4167 ut
561 4113 664 4168 sub
692 4112 884 4168 oculus
909 4121 1097 4182 ponat.
1120 4110 1338 4182 Jejunio
1374 4112 1621 4182 profecto
1649 4126 1874 4168 revoca-

296 4220 386 4262 tur
423 4209 585 4263 homo
634 4207 703 4260 ad
745 4206 1080 4276 paradisum,
1108 4220 1172 4261 ex
1213 4219 1322 4275 quo
1353 4213 1574 4274 propter
1600 4205 1873 4276 intempe-

300 4297 527 4349 rantiam
582 4293 685 4348 fuit
733 4294 961 4364 ejectus.
1002 4292 1279 4364 Jejunium
1326 4301 1411 4348 est
1464 4292 1590 4348 vitae
1636 4293 1873 4349 caelestis

2000 459 2212 524 erasis,
2256 468 2311 514 et
2347 459 2603 517 sordibus
2626 461 3000 518 emundatam.
3028 460 3184 529 Quod
3216 463 3260 517 si
3280 463 3466 519 omnis
3493 466 3590 537 qui

2000 550 2282 606 contendit
2323 552 2378 606 in
2411 556 2582 626 agone
2603 552 2672 609 ab
2715 553 2973 610 omnibus
3005 568 3064 610 se
3101 553 3357 621 abstinet,
3386 565 3448 610 ut
3472 571 3592 611 cor-

1998 636 2314 713 ruptibilein
2351 645 2583 716 accipiat
2626 660 2888 701 coronam
2911 686 2926 713 ,
2966 655 3021 702 et
3061 648 3237 703 currit
3270 647 3326 702 in
3362 648 3586 714 stadio;

1994 732 2289 805 Apostolus
2330 735 2406 791 ita
2449 735 2640 793 sci-ibit
2682 737 2709 791 'l
2753 735 2882 794 Cor.
2915 753 2991 804 ιι,
3041 739 3133 806 25,
3167 747 3377 811 quanto
3414 739 3591 805 magis

1993 824 2195 885 debent
2210 817 2465 885 monachi
2488 844 2708 900 operam
2729 826 2861 887 dare
2883 824 3251 899 abstinentiae,
3267 831 3590 904 jejunioque

1992 926 2193 991 corpus
2234 920 2492 993 allligere,
2524 920 2750 979 domare
2781 931 2941 993 atque
2971 934 3276 989 macerare,
3307 920 3366 980 ut
3386 918 3599 980 donen—

1988 1014 2082 1066 tur
2122 1006 2126 1010 Α
2168 1012 2484 1085 incorrupto
2578 1024 2634 1070 et
2739 1014 3183 1072 immarcescibili
3250 1014 3582 1071 diademate.

1987 1096 2133 1160 inter
2176 1102 2403 1175 spiritus
2452 1114 2579 1161 octo
2630 1104 2884 1173 malitiae,
2937 1105 3053 1162 sive
3098 1116 3322 1176 peccata
3371 1107 3585 1178 capita—

1989 1186 2063 1248 lia
2120 1193 2329 1265 primas
2370 1194 2525 1252 ducit
2576 1194 2701 1269 gula
2757 1196 2971 1269 jejunio
3033 1196 3291 1262 adversa,
3349 1207 3411 1254 ut
3468 1200 3585 1268 ipse

1986 1282 2143 1343 Nilus
2170 1286 2403 1345 collocat
2426 1288 2480 1344 in
2498 1292 2733 1346 tractatu
2763 1288 2830 1347 de
2854 1289 2963 1347 illis
2992 1305 3116 1354 suo,
3140 1297 3196 1346 et
3224 1290 3585 1361 quemadmo-

1988 1374 2117 1431 dum
2190 1381 2275 1434 est
2338 1394 2403 1436 ea
2470 1381 2674 1436 ostium
2729 1381 2965 1438 aliorum
3039 1381 3377 1448 criminum,
3415 1380 3581 1453 663

1989 1466 2061 1522 ita
2087 1467 2356 1539 jejunium
2415 1470 2582 1542 janua
2615 1482 2700 1530 est
2757 1473 2989 1530 aliarum
3051 1473 3363 1539 virtutum;
3406 1472 3576 1539 Elias,

1986 1554 2223 1629 Moyses,
2283 1569 2337 1618 et
2399 1563 2649 1620 ChriStus
2707 1562 2976 1623 Dominus
3018 1560 3021 1565 ’
3037 1565 3252 1637 jejunio
3316 1564 3377 1621 se
3439 1578 3576 1633 pra:-

1988 1649 2352 1707 munierunt:
2400 1653 2634 1724 primus,
2670 1670 2796 1711 cum
2860 1652 2927 1711 ad
2993 1654 3162 1713 Deum
3214 1653 3461 1726 confugit
3516 1652 3575 1708 in

1992 1747 2226 1794 montem
2272 1738 2390 1806 Dei,
2433 1740 2549 1798 sive
2579 1742 2748 1810 Oreb,
2779 1744 3028 1800 meminit
3085 1740 3323 1801 Joannes
3368 1743 3575 1798 Clima-

1988 1841 2089 1884 cus
2128 1828 2299 1900 gradu
2331 1824 2386 1899 7,
2420 1848 2473 1902 p.
2511 1833 2654 1889 l58:
2694 1832 2882 1890 Siddin
2932 1835 3039 1892 loci
3113 1834 3572 1890 anachoretarum

1928 1977 1933 1983 ,
1989 1920 2145 1976 ardui
2174 1929 2229 1978 et
2253 1922 2540 1988 inaccessi,
2586 1925 2681 1996 qui
2713 1924 2951 1983 distabat
2981 1927 3324 1998 septuaginta
3374 1924 3575 1979 millia-

1988 2012 2144 2068 ribus
2174 2029 2202 2068 a
2239 2023 2446 2081 castro,
2477 2015 2530 2070 in
2587 2031 2749 2087 quem
2794 2019 2972 2073 tecum
3002 2024 3306 2073 secesserat
3336 2016 3575 2087 Stepha-

1989 2118 2093 2159 nus
2129 2108 2160 2159 a
2191 2105 2328 2160 ct-lla
2358 2120 2455 2160 sua
2503 2107 2748 2177 migrans
2806 2106 2875 2161 ad
2923 2107 3161 2162 radicem
3223 2107 3446 2171 montis,
3503 2104 3571 2159 ad

1987 2212 2149 2267 quem
2186 2192 2331 2253 Elias
2360 2198 2622 2269 propheta
2656 2196 2823 2254 Deum
2857 2200 3087 2262 viderat,
3118 2207 3232 2253 tum
3282 2197 3347 2252 ad
3378 2198 3569 2251 cellam

1986 2301 2141 2345 suam
2171 2298 2423 2344 reversus
2458 2294 2563 2359 est,
2600 2289 2669 2345 de
2697 2276 2837 2353 Elia,
2869 2297 2921 2344 et
2950 2289 3231 2369 spelunca,
3264 2287 3317 2342 in
3342 2303 3450 2357 qua
3478 2286 3569 2341 ille

1986 2379 2187 2437 delusit
2224 2380 2485 2451 fugiendo
2514 2378 2749 2449 Jesabel,
2790 2368 2861 2435 Ill
2893 2378 3026 2451 Reg.
3066 2388 3180 2444 xvi,
3202 2381 3257 2437 9.
3313 2378 3509 2434 Petrus
3534 2393 3564 2432 a

1990 2470 2160 2534 Valle,
2220 2479 2354 2526 tom.
2390 2468 2433 2537 Ι,
2486 2469 2580 2525 fol.
2618 2468 2708 2525 80.
2760 2462 3046 2526 Secundus
3112 2480 3434 2539 progressus
3494 2464 3565 2520 ad

1987 2558 2139 2617 Sinai
2169 2572 2453 2628 cacanien,
2493 2558 2668 2616 Exod.
2712 2568 2897 2627 χχχιιι,
2924 2560 2981 2623 2,
3024 2572 3252 2615 saxeum
3282 2558 3561 2623 volumen,

1987 2653 2202 2722 rupices
2248 2652 2475 2723 paginas
2524 2651 2798 2722 Dccalogi,
2855 2661 2916 2708 ut
2960 2651 3204 2722 loquitur
3272 2650 3565 2707 Salvianus

1982 2744 2078 2799 lib.
2117 2745 2189 2799 De
2215 2745 2591 2817 gubernatione
2658 2736 2772 2811 Dei,
2842 2752 2894 2817 p.
2924 2742 3016 2809 2‘2,
3077 2744 3286 2814 accepit
3343 2750 3378 2800 a
3430 2742 3562 2800 Deo.

1982 2832 2231 2893 Christus
2264 2845 2445 2892 autem
2483 2835 2681 2891 vindex
2716 2838 2772 2891 et
2802 2842 3042 2892 assertor
3070 2836 3285 2908 generis
3336 2835 3563 2891 humani

1975 2928 2232 3000 jejunans
2261 2928 2317 2983 in
2345 2929 2563 2983 deserta
2593 2927 2887 2984 solitudine
2912 2942 3035 2982 eum
3069 2927 3270 2982 Satana
3301 2941 3558 2998 congres-

1982 3034 2080 3074 sus
2116 3019 2294 3088 ipsum
2321 3017 2542 3083 devicit,
2595 3025 2650 3071 et
2678 3024 2973 3073 exarmans
3000 3016 3310 3083 debellavit,
3361 3017 3561 3073 edixit-

1981 3118 2086 3181 que
2134 3104 2418 3178 discipulis
2444 3108 2561 3164 suis
2586 3108 2978 3164 daemoniorutn
3011 3123 3185 3179 genus
3219 3116 3453 3175 mutum,
3506 3120 3563 3166 et

1979 3201 2211 3256 allidcns
2237 3216 2344 3257 non
2363 3198 2486 3272 ejici
2522 3200 2627 3255 nisi
2660 3200 2714 3255 in
2737 3199 2951 3277 jejunio
3002 3207 3057 3255 et
3093 3200 3361 3266 oratione,
3388 3194 3557 3258 Marc.

1978 3292 2178 3357 1x,28.
2234 3288 2472 3349 Joannes
2546 3288 2857 3362 patriarcha
2915 3289 3559 3362 Constantinopolitanus

1974 3374 2295 3453 popularem
2335 3396 2526 3436 auram
2560 3382 2788 3451 captans
2820 3395 2965 3434 anno
2988 3380 3115 3445 583,
3171 3389 3225 3436 et
3288 3381 3560 3452 iejnnato—

1978 3477 2074 3536 ris,
2102 3476 2215 3531 sive
2244 3471 2539 3546 νηστευτοῦ
2564 3473 2667 3530 sibi
2703 3484 3010 3545 cognomen
3050 3475 3347 3544 asciscens,
3380 3492 3557 3547 usque

1977 3573 2044 3629 ad
2081 3572 2185 3629 597
2208 3587 2410 3625 annum
2455 3571 2506 3623 id
2535 3579 2751 3641 gestare
2785 3569 3244 3640 perhonoriﬁcum
3273 3570 3556 3625 existima-

1976 3667 2072 3732 vit,
2105 3675 2159 3720 et
2188 3662 2281 3720 illo
2310 3679 2369 3720 se
2405 3662 2523 3719 suis
2564 3662 2812 3733 plebibus
2837 3662 2955 3732 plus
3023 3678 3182 3731 aequo
3237 3661 3552 3718 venditavit.

1985 3756 2090 3811 Sed
2123 3757 2191 3811 de
2217 3754 2425 3825 jejunio
2464 3753 2553 3824 qui
2580 3752 2750 3809 coluit
2800 3753 2850 3807 id
2884 3763 2992 3807 tam
3036 3754 3254 3814 eximie,
3297 3769 3360 3808 ac
3387 3754 3435 3808 ei
3463 3754 3556 3808 de-

1977 3848 2123 3901 ditus
2165 3845 2236 3900 ita
2262 3844 2385 3909 fuit,
2437 3854 2497 3899 ut
2543 3843 2762 3913 quoties
2810 3842 2967 3897 cibus
3039 3842 3339 3897 sumendus
3383 3850 3550 3906 esset,

1979 3937 2140 3992 toties
2167 3944 2496 3990 tormentum
2531 3932 2718 3988 subire
2751 3932 3064 3999 videretur,
3135 3940 3360 3986 sanctus
3420 3931 3554 3986 Ber-

1978 4026 2181 4081 nartius
2211 4024 2390 4081 l‘nsius
2426 4025 2537 4094 agit
2567 4024 2620 4079 in
2644 4038 2711 4079 eo
2743 4022 3000 4077 nimirum
3034 4022 3548 4079 exercitatissimis.

1978 4118 2120 4173 Sunt
2186 4117 2332 4172 enim
2385 4117 2702 4186 eloquentes
2753 4115 3095 4185 potissimum
3166 4104 3418 4169 homines
3495 4113 3550 4169 in

1975 4223 2040 4263 eo
2094 4207 2241 4278 quod
2293 4207 2496 4271 sciunt,
2552 4220 2806 4259 sermone
2860 4205 2930 4258 30
2993 4202 3062 4258 ad
3100 4203 3326 4258 Cantica
3377 4203 3552 4258 canti-

1975 4308 2118 4355 rum.
2159 4297 2374 4369 lejnnio
2412 4299 2594 4367 itaque
2646 4306 2777 4353 sunt
2819 4300 2900 4351 usi
2945 4296 3098 4353 Nilus
3150 4305 3202 4351 et
3235 4294 3551 4351 Theodotus

294 4387 516 4440 utrium.
545 4383 623 4439 Eo
653 4385 671 4455 (
702 4394 759 4440 ut
787 4394 870 4441 est
915 4386 1070 4440 testis
1105 4393 1328 4441 sanctus
1353 4384 1614 4456 Basilius)
1645 4387 1867 4457 propul-
1903 4393 1944 4448 ι)
1976 4408 2075 4463 pro
2141 4391 2318 4446 miritis
2371 4390 2637 4461 cujusque
2697 4389 2909 4444 ratione
2962 4404 3026 4445 ac
3074 4389 3257 4455 modo,
3312 4388 3548 4443 aemulati

295 4488 490 4532 santur
521 4477 843 4531 tentationes
866 4475 1093 4541 diaboli,
1124 4476 1324 4531 Christi
1351 4477 1551 4533 milites
1586 4487 1871 4533 armantur

294 4571 360 4624 ad
388 4570 662 4639 pietatem,
693 4570 873 4640 opifex
911 4579 995 4624 est
1025 4568 1156 4623 illud
1188 4572 1562 4640 temperantia:
1611 4580 1666 4628 et
1688 4572 1867 4628 conti-

295 4662 509 4715 nentiae.
544 4661 701 4715 Certe
735 4671 957 4716 sanctus
997 4661 1088 4715 hic
1138 4661 1329 4716 doctor
1378 4668 1515 4721 adeo
1539 4666 1868 4722 abstinentia

292 4753 567 4819 exc-cliuli,
598 4762 654 4806 ut
697 4753 887 4822 spiritu
930 4760 1141 4806 tantum
1180 4754 1367 4808 vivens
1388 4794 1404 4819 ,
1437 4766 1629 4826 praiter
1658 4774 1782 4813 ossa
1815 4767 1870 4813 et

294 4846 505 4915 pellem.
536 4845 678 4898 nulla
704 4854 958 4914 printer-ca
988 4845 1232 4914 corporis
1262 4855 1412 4913 parte
1434 4857 1684 4904 constare
1720 4850 1869 4906 vide—

294 4948 459 4991 retur.
526 4936 885 4991 Przctcrmitto
931 4952 1052 5007 quae
1095 4939 1338 5008 congerit
1388 4938 1867 5010 eloquentissimus

296 5029 383 5082 illc
407 5028 633 5083 antistes
659 5028 711 5082 in
735 5028 854 5097 ejus
882 5026 1432 5093 commendationem,
1451 5030 1509 5081 ὲν
1535 5029 1711 5099 λόγοις
1740 5031 1868 5103 περὶ

290 5120 390 5190 τῆς
423 5120 675 5191 νηστείας
705 5160 718 5184 ,
759 5120 809 5174 id
841 5122 1023 5184 est,in
1057 5120 1382 5174 sermonibus
1417 5121 1478 5174 de
1500 5123 1739 5190 jejunio,
1771 5122 1865 5192 qui

289 5212 652 5266 conferendus
677 5219 758 5266 est
785 5227 908 5266 cum
934 5208 1288 5279 Tertulliano,
1308 5228 1430 5283 pag.
1455 5212 1577 5277 l90,
1610 5213 1691 5271 Ad
1725 5232 1867 5268 mar-

292 5317 474 5377 tyres;
527 5314 719 5359 sancto
773 5304 1106 5376 llieronytno
1155 5306 1207 5359 in
1255 5304 1540 5375 Epistolis,
1579 5305 1631 5361 in
1673 5306 1866 5379 primis

289 5415 413 5452 eum
459 5405 649 5452 sancto
687 5395 979 5452 Ambrosio
1003 5440 1016 5463 ,
1055 5397 1148 5467 qui
1189 5413 1312 5452 eunt
1364 5397 1630 5466 imitatur,
1664 5400 1759 5454 lib.
1793 5399 1868 5455 De

290 5491 416 5546 Elia
453 5500 501 5543 et
535 5488 763 5560 jejunio.
814 5487 958 5544 inter
998 5489 1417 5544 exercitationes
1469 5492 1864 5546 monachorum

289 5583 589 5655 principem
637 5581 766 5635 illud
794 5580 1005 5636 obtinet
1031 5581 1232 5647 lacum,
1265 5591 1612 5651 mentemque
1643 5582 1865 5637 lumini-

289 5678 390 5733 hus
420 5673 794 5745 spiritualibus
822 5673 1057 5731 illustrat
1077 5672 1141 5731 ac
1163 5684 1428 5746 praeparat
1461 5678 1524 5732 ad
1550 5676 1865 5746 excipienda

1974 4492 2224 4539 sanctum
2253 4484 2414 4537 etiam
2465 4483 2708 4547 Petrum,
2761 4481 2849 4536 cui
2884 4496 2991 4536 non
3038 4483 3172 4537 satis
3199 4480 3301 4537 fuit
3363 4495 3550 4537 amare

1972 4576 2122 4639 ﬂere,
2155 4586 2453 4645 potumque
2476 4591 2636 4629 suum
2669 4573 2924 4645 lacrymis
2970 4574 3296 4641 admiscere,
3358 4588 3546 4627 verum

1971 4677 2025 4722 et
2065 4670 2266 4723 amaris
2306 4667 2506 4736 lupinis
2549 4683 2769 4738 quoque
2817 4683 2876 4722 sc
2945 4681 3167 4737 pascere
3216 4665 3404 4727 voluit,
3468 4664 3546 4721 uti

1971 4759 2120 4814 canit
2167 4759 2461 4830 Gregorius
2508 4757 2887 4813 Nazianzenus
2946 4755 3173 4811 lambis.
3232 4773 3401 4811 carm.
3456 4754 3544 4813 18.

1971 4851 2109 4917 Quid
2143 4850 2363 4906 Petrum
2401 4850 2559 4921 cujus
2583 4849 2741 4905 cibus
2785 4856 2943 4904 erant
2970 4847 3140 4917 lupini
3184 4847 3345 4903 unico
3401 4862 3545 4910 asse,

1972 4946 2074 5000 hoc
2101 4954 2185 4999 est
2207 4945 2393 4999 decem
2431 4943 2616 5008 minis,
2653 4943 2768 4997 sive
2823 4940 3000 4996 unciis
3051 4939 3218 5009 empti
3275 4955 3339 4995 et
3400 4938 3544 4995 Billii

1969 5037 2243 5101 versione,
2288 5052 2340 5107 p.
2386 5035 2546 5100 1580,
2578 5036 2672 5105 qui
2725 5042 2878 5103 putat
2923 5048 3046 5088 eum
3113 5047 3178 5087 ex
3233 5033 3546 5104 apocrypha

1968 5129 2203 5200 quodam
2221 5129 2472 5184 lmnsissc
2491 5128 2647 5187 libro,
2669 5142 2721 5197 p.
2743 5124 2898 5179 1587.
2921 5123 3025 5177 Sed
3059 5122 3352 5190 Gregorius
3382 5124 3545 5179 refert

1969 5221 2024 5276 in
2067 5222 2313 5277 oratione
2336 5236 2553 5291 quoque
2590 5219 2662 5272 De
2715 5234 2893 5270 altiore
2929 5216 3284 5286 paupertatis,
3319 5225 3451 5269 tom.
3502 5215 3541 5282 l,

1968 5328 2093 5384 pag.
2128 5314 2251 5369 457.
2295 5313 2527 5389 Sanctus
2545 5311 2706 5364 etiam
2743 5308 3026 5361 Mattlueus
3055 5308 3266 5363 semina
3313 5317 3369 5362 et
3395 5324 3544 5363 sum—

1970 5422 2057 5460 ma
2090 5407 2299 5461 olerum
2336 5404 2553 5472 fastigia
2589 5400 2927 5460 comedebat,
2984 5401 3060 5453 uti
3109 5410 3332 5456 sanctus
3375 5396 3542 5453 Joan-

1970 5512 2066 5552 nes
2108 5495 2371 5568 Baptista,
2403 5508 2498 5547 seu
2548 5493 2806 5546 arborum
2844 5490 3072 5544 vertices
3124 5483 3545 5555 etllorescentcs,

1970 5597 2065 5644 aut
2122 5589 2358 5653 locustas
2388 5585 2570 5640 etmel
2628 5592 2841 5653 agreste
2899 5583 3281 5649 manducabat,
3322 5589 3548 5637 auctore

1970 5677 2249 5733 Clemente
2276 5674 2668 5740 Alexandrino,
2700 5674 2791 5727 lib.
2821 5689 2856 5727 ιι
2917 5671 3227 5743 Pwdagog.,
3253 5688 3314 5743 p.
3338 5671 3551 5731 61.οδ-
