3998 6116
472 221 638 290 -Ἰ391

1242 224 1388 286 JOS.
1431 224 1692 285 MARl/E
1736 225 2091 289 SUARESII
2131 228 2361 290 LIBER
2394 228 3022 293 CHRONOLOGICUS

3630 233 3767 302 1392

504 345 702 386 eumen
732 330 985 386 arborum
1011 330 1412 401 explementum
1442 349 1564 389 esse
1589 337 1814 400 ventris,
1841 337 2072 401 Seneca,
2100 346 2147 402 Α
2178 338 2273 405 lia,
2324 340 2440 397 sive
2474 343 2712 412 mapalia
2755 340 3120 398 Numidarum
3148 341 3435 410 Afrorum,
3460 342 3532 400 de
3559 347 3762 416 quibus

504 423 664 492 epist.
694 421 748 481 5.
777 429 927 475 notat
948 430 1003 476 et
1030 437 1128 492 pro
1159 422 1396 490 ἀκρίδων
1417 439 1572 491 voce,
1615 424 1667 479 id
1698 435 1802 492 est,
1842 425 2075 480 locusta-

505 530 645 577 rum,
688 512 832 585 ἄκρα
872 512 1049 583 δρυῶν
1086 513 1175 568 alii
1212 516 1394 583 legunt
1425 531 1520 571 seu
1558 532 1823 587 gemmas,
1875 517 2077 573 llo'scu-

503 603 606 668 los,
655 611 710 657 et
732 613 977 658 extrema
1026 604 1368 660 novellarum
1421 607 1706 674 arborum,
1751 590 1899 678 apud
1949 624 2077 666 san-

502 707 647 750 ctum
669 692 981 751 Matthaeunt
1005 711 1053 752 c.
1098 711 1180 762 nt,
1210 712 1270 765 qv.
1300 698 1354 754 4.
1389 697 1680 770 Nicephor.
1726 699 1821 755 lib.
1853 715 1906 766 v,
1934 714 1983 755 c.
2009 701 2077 755 14

502 789 838 855 Historiam;
868 788 1058 860 Cujac.
1087 789 1169 845 'ad
1204 791 1241 845 l.
1274 792 1382 859 Qui
1411 809 1659 847 venenum
1684 793 1811 860 236,
1840 792 1867 864 §
1911 792 2078 849 Glan-

500 882 583 935 dis
618 881 687 935 D.
721 882 783 935 de
814 879 953 935 verb.
982 881 1256 952 signi/50.;
1283 880 1524 939 Isidorus
1577 882 1874 953 Pelusiota,
1914 887 2074 955 epist.

502 972 537 1027 5
578 981 633 1027 et
688 971 826 1038 552;
857 968 1126 1027 Baronius
1170 973 1463 1030 cardinalis
1498 975 1565 1030 ad
1600 990 1727 1030 ann.
1773 975 1834 1032 C.
1864 975 1930 1031 N.
1984 979 2090 1043 3t,

448 1066 453 1071 '
499 1064 592 1120 ubi
626 1063 903 1134 Spondan.
944 1079 1098 1119 num.
1128 1064 1183 1133 6;
1220 1063 1577 1139 Kimedonius
1618 1067 1762 1136 apud
1791 1066 2077 1141 Theophy-

476 1156 701 1212 'lactum
746 1156 1099 1211 Simocattam
1142 1157 1559 1223 scholasticam,
1605 1159 1765 1230 epist.
1814 1160 1901 1226 11,
1954 1174 2077 1214 ver-

499 1251 565 1305 tit
614 1249 842 1322 ἀκρίδας
911 1250 1049 1304 male
1102 1249 1355 1314 cicadas;
1412 1250 1676 1306 Ebionitae
1729 1252 1784 1307 in
1844 1250 2078 1324 Evange-

499 1343 574 1397 lio
623 1330 860 1395 Matthaéi
927 1341 1179 1410 legebant
1222 1341 1503 1411 ἐγκρίδας,
1557 1342 1610 1397 id
1669 1351 1771 1410 est,
1821 1343 2072 1414 ἐπίχυτα,

476 1450 595 1491 seu
623 1433 849 1505 mellita,
884 1432 967 1487 vel
1000 1431 1103 1486 mel
1128 1431 1411 1503 sylvestre;
1446 1442 1671 1490 sanctus
1712 1435 2074 1506 Epiphanius,

499 1526 693 1581 lateres.
762 1522 852 1590 30,
896 1538 952 1593 p.
1013 1520 1138 1589 1⁸58,
1189 1523 1257 1579 de
1310 1524 1503 1596 ἄκροις
1555 1524 1773 1596 δρυῶνς
1823 1524 2073 1594 Crusius,

496 1618 593 1673 lib.
624 1636 643 1674 ι
678 1616 939 1674 Germano
981 1615 1222 1683 ercite,
1260 1625 1399 1671 orat.
1416 1616 1493 1671 De
1515 1616 1641 1688 (ing.
1681 1615 1875 1685 Gram,
1905 1634 1961 1688 p.
1984 1618 2070 1686 11,

2180 428 2473 484 Sallustius
2492 430 2570 486 De
2595 431 2718 486 bell.
2752 429 3033 501 Jugurth.,
3054 447 3109 502 p.
3133 430 3224 497 95,
3255 447 3380 502 qua:
3400 446 3500 502 pro
3528 435 3761 504 tuguriis

2176 521 2355 581 erant,
2386 516 2544 586 quasi
2566 517 2801 573 vnavium
2830 519 3128 584 carinae,'et
3162 534 3228 575 ex
3261 520 3435 575 alveis
3457 535 3647 576 earum
3680 521 3759 576 in-

2177 605 2353 661 versis
2399 606 2743 678 plerumque.
2766 608 2990 665 Servius
3016 609 3071 664 in
3103 608 3321 681 Virgil.,
3350 610 3574 675 lsidor.,
3622 610 3759 667 Vos-

2178 697 2293 753 sius
2328 696 2381 751 in
2410 695 2710 770 Etymolog.
2742 697 2880 754 Hinc
2911 700 3111 756 lemma
3159 702 3459 757 cardinalis
3492 702 3554 758 S.
3578 702 3646 758 Β.
3695 702 3752 757 Ε.

2173 785 2712 856 jurisconsultissimi
2778 786 3069 858 Seraphini
3113 787 3363 853 Olivarii,
3427 790 3525 860 qui
3586 800 3753 845 ratem

2176 875 2446 932 inversam
2462 893 2570 948 qua
2591 892 2650 933 se
2674 887 2878 949 tegeret
2902 879 3293 949 assumpsit,et
3313 879 3749 939 hemistichium:

2188 965 2410 1022 γραῖαι-αι
2426 968 2520 1024 illa
2533 970 2704 1039 prius.
2723 968 2803 1023 Ex
2831 968 2919 1026 his
2948 970 3182 1041 tuguriis
3206 985 3510 1041 cognomen
3542 980 3753 1027 traxere

2176 1055 2455 1128 Calybitte,
2486 1073 2626 1129 quos
2663 1058 2808 1115 inter
2835 1059 3228 1115 celeberrimus
3248 1069 3335 1116 est
3361 1060 3549 1117 Romae
3583 1059 3750 1116 Joan-

2174 1163 2297 1213 nes,
2349 1150 2440 1220 qui
2502 1150 2607 1207 sibi
2647 1150 2894 1222 καλύϐην
2923 1151 3032 1205 ἀπὸ
3064 1151 3158 1205 τοῦ
3197 1151 3517 1220 καλύπτειν,
3554 1153 3610 1208 id
3646 1162 3746 1218 est,

2176 1256 2206 1296 ι
2255 1241 2541 1309 latitando,
2602 1257 2699 1299 seu
2753 1244 3151 1315 gurgustiolum
3204 1245 3260 1299 in
3314 1244 3570 1321 Tiberina
3616 1259 3750 1300 eon-

2177 1334 2380 1389 SIruxit
2443 1334 2645 1402 insula,
2712 1334 2805 1389 ubi
2854 1344 2967 1389 tam
3017 1335 3112 1390 diu
3168 1334 3384 1409 delituit
3453 1336 3546 1392 ille
3608 1334 3747 1391 filius

2176 1423 2424 1495 Eutropii
2457 1433 2512 1480 et
2534 1423 2854 1495 Theodorae,
2895 1426 3127 1483 divitum
3158 1428 3363 1483 civium
3431 1428 3745 1484 Constanti-

2176 1516 2723 1586 nopolitanorum,ab
2758 1520 2953 1575 abbate
2980 1530 3346 1576 acoemetense
3372 1521 3748 1592 proﬁciscente

2177 1605 2606 1681 Hierosolymas,
2643 1610 2712 1665 ad
2739 1610 2992 1680 pietatem
3020 1613 3299 1669 excitatus
3344 1623 3399 1668 et
3420 1611 3743 1676 conversus,

706 1725 738 1765 θ
804 1708 1127 1765 Pantalione
1170 1723 1237 1764 ac
1296 1707 1560 1778 Gregorio
1592 1683 1670 1763 vin
1732 1683 2068 1765 Matth-am“;
2102 1683 2148 1741 Β
2176 1697 2351 1755 donec
2389 1701 2607 1756 tandem
2649 1716 2682 1756 a
2710 1710 2885 1758 matre
2916 1702 3020 1758 fuit
3064 1704 3283 1775 agnitus
3310 1703 3515 1761 indicio
3543 1703 3745 1758 codicis

498 1800 865 1859 SedCrusius
911 1801 1220 1866 haereticus,
1273 1809 1325 1857 et
1378 1800 1727 1872 Evangeliqu
1773 1802 1905 1858 illud
1959 1800 2070 1859 He-

495 1892 764 1959 braicum,
815 1903 870 1948 et
911 1907 942 1946 a
985 1888 1257 1946 Nazaraeis
1315 1888 1702 1958 adulteratum,
1763 1891 1841 1946 uti
1885 1900 2071 1947 monet

485 1994 721 2041 sanctus
749 1984 1085 2055 Epiphanius
1115 1982 1211 2039 ibi.
1257 1981 1355 2039 Est
1389 1983 1820 2040 autemiocnsta
1871 1985 2069 2042 insecti

480 2090 668 2146 genus
691 2074 807 2130 alas
837 2074 1043 2131 habens
1072 2074 1317 2130 infirmas
1370 2074 1440 2130 ad
1491 2074 1805 2130 volantium.
1862 2073 2083 2159 Verum‘

394 2193 400 2199 ι
494 2167 550 2221 in
590 2166 978 2223 solitudinibus
1010 2165 1212 2221 montis
1238 2164 1390 2221 Sinai
1416 2167 1671 2222 monachi
1724 2167 1834 2221 τῶν
1896 2168 2065 2240 ἀκρο-

491 2257 669 2331 δρύων
696 2259 764 2312 τὰ
796 2259 1064 2332 χρήσιμα,
1089 2259 1184 2313 καὶ
1211 2258 1489 2330 διαμένειν
1528 2259 1833 2331 δυνάμενα,
1864 2263 1932 2332 τῇ
1954 2278 2067 2315 τοι-

491 2351 634 2426 αύτῃ
656 2351 1017 2422 φυλάττοντες
1060 2351 1225 2423 χρείᾳ
1272 2350 1516 2416 ἀνύουσι,
1548 2352 1753 2408 siccant
1808 2353 2065 2409 monachi

490 2458 687 2514 nempe
718 2444 856 2515 πρὸς
914 2444 1123 2516 τροφὴν
1186 2442 1528 2516 χειμερινήν,
1585 2444 1639 2499 id
1694 2454 1798 2513 est,
1839 2447 1906 2502 ad
1960 2447 2064 2501 ali-

494 2544 735 2602 mentum
777 2535 1065 2591 hibernum
1103 2535 1392 2592 baccarum
1424 2537 1794 2608 sylvestrium,
1820 2552 1916 2594 seu
1967 2555 2066 2595 ex-

494 2624 828 2678 tremitatum
855 2625 1109 2679 arborum
1147 2640 1263 2691 eas,
1303 2640 1425 2697 qua:
1453 2627 1578 2682 usui
1630 2636 1778 2693 sunt,
1836 2637 1891 2684 et
1939 2644 2065 2700 per-

491 2714 691 2768 durare
728 2724 978 2783 possunt,
1008 2726 1310 2781 servantes,
1346 2725 1404 2770 ut
1453 2716 1563 2772 illis
1609 2719 1875 2785 victitent,
1929 2728 2063 2777 teste

492 2800 636 2870 Nilo,
673 2801 889 2858 Narrat.
920 2819 995 2870 ιν,
1037 2820 1091 2874 p.
1122 2804 1213 2872 46,
1264 2812 1321 2861 et
1363 2806 1585 2861 barbari
1631 2807 1838 2864 Arabes
1901 2824 2063 2881 coge-

494 2896 623 2949 bant
674 2895 972 2950 monachos
1021 2884 1237 2951 easdem
1291 2896 1395 2953 sibi
1444 2897 1688 2967 deferre;
1753 2899 1875 2956 illos
1924 2903 2064 2957 inter

491 2986 712 3058 quidam
757 2986 921 3056 jussit
953 3002 1181 3057 puerum
1211 2987 1619 3045 ministrantem
1666 2990 1891 3048 senibus
1941 3008 2062 3047 mo-

490 3077 682 3132 nachis
716 3080 1044 3146 συναγαγεῖν
1074 3076 1366 3150 αὑτῷίτινὰ
1393 3078 1501 3133 τῶν
1526 3079 1863 3151 ἐκχυθέντων
1895 3083 2061 3152 ἀκρο·

488 3167 879 3239 δρύων,ρ.48,
917 3168 1167 3239 colligere
1225 3169 1329 3224 sibi
1398 3169 1646 3241 quaedam
1718 3171 1870 3227 humi
1941 3172 2061 3228 fusa

492 3257 727 3331 fastigia,
757 3276 851 3315 seu
896 3259 1241 3316 summitates
1267 3259 1545 3327 arborum,
1610 3270 1725 3315 tum
1767 3261 2060 3317 crudeliter

485 3367 610 3404 eum
659 3351 973 3419 trucidavit.
1026 3348 1500 3409 Verlsimillimum
1552 3360 1733 3405 autem
1786 3362 1873 3408 est
1946 3353 2061 3407 inc-

485 3442 656 3504 diam,
704 3448 758 3494 et
807 3439 1212 3509 abstinentiam,
1272 3457 1437 3514 quam
1479 3459 1509 3499 a
1561 3445 1845 3502 monachis
1906 3462 2060 3502 usur-

488 3541 669 3600 patam
700 3530 942 3602 depingit
977 3533 1091 3604 ipse
1126 3534 1406 3591 detestans
1464 3538 1842 3604 voracitatem,
1875 3548 1931 3594 et
1959 3539 2054 3595 de-

486 3624 641 3679 licias
686 3623 1012 3694 epulonum,
1055 3625 1314 3697 opiparos
1365 3642 1683 3683 mensarum
1763 3629 2058 3686 lautiorum

485 3723 804 3783 apparatus,
839 3724 892 3768 et
931 3714 1204 3786 liquorum
1249 3718 1536 3774 misturam
1592 3720 1754 3774 simul
1805 3730 2056 3776 contem-

482 3814 818 3876 peratorum,
851 3822 916 3863 ac
944 3808 997 3861 in
1024 3807 1279 3877 odorum,
1321 3810 1589 3876 colorum,
1632 3820 1688 3866 et
1726 3811 2050 3881 qualitatum

481 3896 818 3954 dillerentias
847 3898 912 3955 ad
946 3899 1393 3956 inﬂammandam
1426 3900 1729 3968 libidinem,
1748 3899 1930 3957 Nilum
1959 3903 2057 3958 ob-

480 4006 727 4047 servasse
763 4006 886 4047 cum
927 3991 1226 4057 Theodulo,
1250 4008 1305 4063 p.
1346 3992 1410 4049 51
1462 4002 1516 4049 et
1546 3993 1654 4062 54;
1694 3993 1827 4063 quin
1880 4002 1936 4050 et
1985 3996 2053 4050 ad

481 4086 649 4147 vitam
710 4087 1123 4142 sustentandam
1176 4087 1361 4142 crudis
1422 4086 1683 4151 oleribus,
1739 4088 1835 4142 καὶ
1890 4090 2054 4159 ἀκρο-

476 4176 679 4247 δρύοις,
731 4193 829 4235 seu
873 4177 1145 4247 capitibus
1187 4187 1496 4234 tenerarum
1542 4178 1793 4249 stirpium
1853 4180 2048 4235 famem

477 4270 746 4325 obsonare
785 4269 1018 4323 aliorum
1048 4268 1318 4339 exemplo,
1353 4278 1408 4324 et
1446 4269 1592 4324 sitim
1617 4284 1756 4339 aqua
1795 4270 2052 4340 perennis

476 4376 626 4416 venae
652 4361 988 4430 restinguere
1018 4360 1258 4415 solitum.

546 4451 776 4508 Eremus
832 4453 1074 4523 quidem,
1130 4453 1242 4507 imo
1290 4451 1458 4507 eremi
1518 4451 1800 4520 permultae
1852 4452 2047 4508 subtus

475 4544 623 4599 Sinai
662 4552 717 4598 et
758 4540 902 4598 Oreb
930 4542 1311 4613 pandebantur
1362 4542 1537 4611 plana:
1568 4550 1733 4612 atque
1778 4542 2045 4598 latissime

471 4628 701 4698 diffusae,
733 4647 853 4704 quae
899 4632 1113 4688 diversa
1161 4634 1382 4689 nomina
1429 4634 1796 4690 sortiebantur
1828 4650 1858 4689 a
1908 4635 2045 4690 vici-

472 4727 559 4782 nis
594 4725 756 4779 etiam
785 4725 1019 4796 oppidis,
1074 4734 1131 4781 et
1163 4726 1466 4792 montibus,
1504 4727 1579 4781 uti
1607 4726 1885 4782 desertum
1920 4726 2040 4792 Zin,

469 4817 697 4889 quodet
739 4817 933 4885 Cades,
987 4816 1262 4874 desertum
1320 4817 1556 4884 l’baran,
1608 4819 1768 4889 cujus
1808 4829 1935 4875 sunt
1990 4829 2046 4875 et

470 4907 819 4978 campestria,
885 4908 1162 4964 desertum
1232 4907 1388 4979 Zipli,
1421 4908 1583 4977 Jllllﬂ,
1632 4909 1904 4978 Iamnam,
1942 4911 2040 4966 ,ιιι-

466 5001 597 5055 dare
642 4998 976 5063 Bethlebem,
1006 4999 1268 5073 Engaddi,
1296 5012 1403 5058 etc.
1438 5002 1548 5058 Illis
1576 5004 1629 5059 in
1658 5003 2045 5061 solitudinibus

469 5093 624 5163 pauci
659 5093 762 5149 loci
816 5093 1119 5164 remotique
1150 5092 1526 5164 deﬁgebantur
1578 5095 1647 5148 ab
1681 5093 1765 5149 his
1803 5094 1894 5163 qni
1930 5111 2043 5150 Ino-

468 5182 732 5236 nastieam
785 5182 1054 5253 degebant
1102 5183 1293 5249 vitam,
1343 5184 1533 5253 procul
1572 5183 1641 5238 ab
1689 5186 1938 5250 urbibus,
1987 5194 2044 5240 et

467 5272 668 5329 civium
714 5265 1080 5339 multitudine,
1143 5290 1212 5330 ne
1244 5278 1499 5346 contagio
1546 5277 1780 5345 quodam
1830 5278 2041 5348 polluc-

466 5375 655 5421 rentur
682 5366 937 5421 vitiorum
980 5368 1121 5422 inter
1149 5383 1246 5424 eos
1274 5368 1733 5435 excrescentium,
1785 5371 1858 5424 ibi
1913 5372 2039 5440 qui-

464 5456 589 5513 dam
630 5457 794 5514 fixere
814 5458 919 5515 sibi
957 5460 1195 5531 tuguria,
1236 5459 1485 5531 μετὸχια,
1515 5461 1703 5524 cellas,
1730 5471 1826 5517 aut
1859 5479 2039 5532 παρα.-

461 5546 681 5620 λαύρια,
731 5551 845 5606 sive
889 5542 1095 5614 lauras,
1143 5552 1210 5605 de
1261 5552 1461 5620 quibus
1498 5550 1771 5607 Combetis
1818 5552 1872 5607 in
1920 5551 2039 5607 Vita

465 5636 640 5690 sancti
697 5636 983 5706 Hyacinthi
1030 5640 1368 5704 Amastrcn.,
1401 5655 1452 5709 p.
1492 5641 1613 5707 150,
1664 5642 1822 5710 quasi
1857 5658 2038 5712 maga-

2175 1788 2475 1861 Evangelii,
2510 1799 2565 1849 et
2591 1793 2659 1849 ad
2687 1792 2887 1849 emtum
2919 1794 3172 1866 migravit
3204 1794 3295 1850 die
3346 1794 3414 1849 15
3468 1792 3742 1857 Januarii,

2175 1895 2285 1951 qua
2319 1881 2519 1938 colitur
2545 1883 2667 1952 ejus
2724 1885 2990 1939 memoria
3046 1884 3203 1956 juxta
3261 1883 3405 1938 idem
3467 1883 3741 1955 Martyrol.

2176 1973 2506 2041 Romanum,
2580 1975 2673 2030 ubi
2736 1975 3027 2031 cardinalis
3070 1973 3398 2031 Baroniuse
3439 1974 3603 2047 665
3656 1974 3741 2028 Li-

2173 2078 2433 2134 pomano,
2507 2062 2691 2131 Surio,
2774 2073 2830 2120 et
2883 2062 3190 2136 Nicephoro
3253 2064 3507 2134 Callisto;
3561 2065 3743 2123 floruit

2173 2156 2319 2211 circa
2372 2170 2576 2212 annum
2630 2155 2694 2213 (Ξ.
2728 2153 2797 2211 Ν.
2854 2157 2980 2224 457,
3020 2172 3116 2213 seu
3147 2156 3273 2224 461,
3307 2174 3340 2215 e
3370 2158 3619 2215 Cedreno
3643 2160 3743 2215 sub

2171 2248 2447 2306 Marciano
2500 2249 2852 2321 imperatore.
2895 2249 3028 2321 quin
3067 2257 3123 2305 et
3164 2250 3269 2306 sub
3301 2246 3502 2320 Leone,
3537 2252 3744 2307 dictus-

2171 2357 2279 2413 que
2323 2340 2424 2397 fuit
2460 2348 2515 2395 e't
2561 2349 2786 2413 propter
2836 2339 3005 2396 Deum
3052 2356 3279 2412 pauper.
3307 2339 3473 2397 Card.
3512 2342 3741 2396 Sirletus

2170 2434 2290 2506 ejus
2322 2432 2504 2490 Vitam
2553 2448 2586 2490 e
2617 2432 2805 2515 Graeca
2860 2433 3114 2489 Latinam
3164 2433 3402 2491 reddidit
3444 2448 3514 2489 ex
3553 2449 3742 2489 manu-

2171 2528 2375 2600 scripto
2419 2528 2735 2584 monasterii
2767 2526 3197 2599 Cryptaeferratze
3218 2566 3236 2594 ,
3290 2527 3452 2596 cujus
3486 2536 3678 2582 auctor
3708 2541 3739 2580 a

2170 2620 2449 2679 Galesinio
2488 2620 2833 2677 existimatur
2876 2618 3099 2675 Simeon
3126 2616 3453 2688 Logotheta,
3495 2634 3592 2673 seu
3628 2617 3736 2672 lle-

2172 2715 2509 2785 taphrastes;
2540 2712 2816 2784 antiquior
2843 2720 3098 2768 censetur
3119 2726 3153 2766 a
3200 2708 3486 2776 Bollando,
3512 2710 3637 2780 quia
3680 2723 3737 2764 se

2169 2807 2392 2865 Joannis
2448 2808 2782 2879 temporibus
2831 2807 3032 2862 vixisse
3088 2806 3307 2873 asserit,
3346 2818 3378 2858 a
3426 2818 3538 2874 quo
3574 2802 3736 2857 Meta-

2168 2900 2417 2970 phrastes
2445 2897 3047 2969 exscripseritslncipit
3083 2895 3194 2951 Viri
3217 2895 3357 2966 justi
3393 2895 3536 2950 Vita.
3566 2893 3731 2948 Vitam

2168 2993 2330 3048 aliam
2369 3006 2402 3046 e
2440 2989 2698 3046 Vaticano
2747 2988 3043 3059 exemplari
3092 2987 3284 3042 Latine
3317 3002 3533 3042 versam
3575 2985 3733 3039 edidit

2165 3084 2271 3140 alia
2328 3084 2628 3153 puriorem,
2688 3090 2748 3136 ut
2779 3088 2955 3151 putat,
3006 3079 3376 3151 Rosweydus;
3417 3079 3537 3150 ejus
3574 3092 3729 3133 exor-

2162 3176 2314 3231 dium
2347 3182 2447 3238 est,
2483 3172 2585 3227 Res
2613 3180 2688 3227 est
2708 3187 2835 3226 sane
2864 3172 3160 3242 tyrannica.
3188 3170 3504 3239 Comperies
3528 3180 3730 3226 utram-

2162 3281 2270 3337 que
2323 3265 2466 3337 apud
2506 3262 3179 3335 Bo‘llandum._Cbiﬂletius
3217 3263 3272 3318 in
3307 3261 3522 3319 Bisunt.
3558 3264 3726 3335 antiq.

2161 3359 2227 3414 ad
2281 3372 2485 3412 annum
2519 3355 2668 3413 C.N.
2701 3356 2859 3422 1521,
2891 3356 2979 3411 die
3007 3355 3071 3409 17
3113 3356 3339 3426 Aprilis.
3379 3355 3547 3412 refert
3569 3357 3727 3412 deca-

2160 3464 2292 3506 num
2349 3446 2606 3504 Ecclesiae
2657 3446 2955 3502 Bisuntina:
3007 3446 3238 3503 missum
3292 3443 3465 3502 fuisse
3495 3445 3559 3500 ad
3591 3447 3726 3501 duos

2158 3541 2376 3598 Graecos
2419 3539 2727 3609 episc0pos,
2756 3536 3114 3602 Avenionem,
3156 3546 3216 3618 ut
3246 3537 3724 3607 interpretarentur

2156 3632 2565 3702 inscriptionem
2632 3630 2876 3686 Graecam
2938 3628 3129 3693 thecas,
3192 3628 3287 3684 ubi
3336 3638 3501 3699 caput
3553 3628 3721 3684 sancti

2153 3724 2381 3781 Joannis
2419 3722 2678 3794 Calybita:
2715 3720 3023 3778 Bisuntium
3051 3721 3400 3792 deportatum
3431 3720 3609 3776 fuerat
3638 3721 3720 3775 in-

2156 3816 2366 3872 clusum
2397 3833 2411 3870 :
2448 3800 2694 3886 ejusdem
2727 3811 2865 3870 Vita:
2894 3810 3288 3883 Compendium
3324 3822 3407 3868 est
3433 3813 3487 3867 in
3520 3811 3717 3867 Memno

2153 3928 2260 3969 ms.
2302 3911 2440 3966 Bibl.
2500 3910 2602 3964 BB.
2642 3926 2696 3982 p.
2729 3908 2855 3973 158,
2903 3918 3028 3978 post
3068 3905 3171 3961 Nili
3206 3908 3286 3972 εἰς
3315 3907 3415 3975 τὴν
3445 3905 3717 3975 ἀναίρεσιν

2150 4003 2418 4075 διήγημα,
2476 4017 2532 4073 p.
2563 4000 2650 4057 99.
2705 3999 2809 4054 Alii
2861 3999 3112 4053 monachi
3166 4006 3443 4067 utcunque
3472 3996 3717 4051 vivebant

2151 4096 2254 4152 sub
2299 4094 2495 4150 nativis
2518 4101 2820 4157 Aantrorum
2854 4091 3030 4157 tectis,
3062 4090 3221 4161 pauci
3258 4089 3587 4145 frumentum
3616 4104 3714 4143 no-

2148 4194 2293 4251 rant,
2355 4200 2611 4241 nummus
2645 4183 2878 4239 Caesaris
2911 4182 3263 4253 ignorabatur
3304 4178 3593 4252 (Synesius
3620 4193 3714 4232 no-

2151 4295 2273 4335 men
2312 4279 2557 4348 ignotum
2607 4275 2773 4332 tradit
2800 4276 3223 4345 imperatorum,
3250 4287 3351 4328 nec
3380 4272 3492 4328 ullo
3518 4279 3631 4327 erat
3662 4270 3712 4324 in

2080 4371 2124 4426 D
2157 4373 2313 4439 usu);
2348 4371 2496 4425 olera
2532 4379 2585 4424 et
2627 4369 2808 4426 baccae
2836 4380 3173 4422 summarum
3221 4363 3474 4434 stirpium
3530 4374 3713 4418 mutuo

2151 4459 2526 4522 tradebantur,
2568 4456 2711 4509 inter
2760 4469 2854 4510 eos
2903 4469 3061 4509 rarus
3098 4452 3277 4523 panis,
3313 4453 3459 4506 nulla
3491 4452 3599 4507 illic
3628 4454 3713 4506 in-

2150 4546 2314 4613 vidia,
2365 4544 2511 4598 nulla
2565 4543 2809 4597 ambitio.
2847 4541 3128 4598 Desertum
3159 4541 3324 4596 etiam
3356 4540 3576 4597 Thecue
3606 4556 3710 4596 non

2150 4636 2306 4704 longe
2351 4634 2419 4688 ab
2471 4631 2705 4687 llerndio
2738 4633 2878 4697 vico,
2914 4646 3013 4686 seu
3039 4632 3286 4695 castello,
3318 4647 3494 4701 neque
3527 4632 3715 4703 procul

2148 4727 2216 4781 ab
2255 4725 2663 4796 Hierosolymis,
2714 4727 2786 4777 ita
2830 4734 3206 4793 nuncupatum
3237 4738 3267 4776 a
3300 4721 3519 4779 Thecue
3565 4723 3710 4787 vico,

2146 4819 2259 4871 sive
2302 4817 2436 4871 urbe
2477 4825 2748 4880 montosa,
2798 4814 2957 4884 cujus
2996 4828 3125 4883 ager
3168 4810 3320 4866 ferax
3361 4822 3448 4868 est
3474 4813 3711 4868 olearum

2145 4926 2311 4981 prone
2332 4910 2589 4964 Arabiam
2611 4926 2624 4962 :
2647 4908 2883 4963 solitudo
2900 4915 3003 4974 est,
3036 4921 3157 4975 qum
3179 4921 3209 4959 a
3236 4905 3549 4959 Bcthlehem
3577 4903 3711 4959 Juda

2145 5000 2473 5072 separaturti
2499 5016 2593 5056 seu
2619 5000 2649 5052 7
2673 4999 2945 5063 milliario,
2967 5008 3021 5053 et
3037 4998 3104 5053 ah
3124 4997 3513 5069 Hierosolymis
3537 5012 3708 5060 nono;

2142 5111 2207 5150 ex
2247 5093 2483 5163 Joseplto
2527 5089 2667 5147 Belli
2698 5091 2935 5158 Iudaici,
2968 5091 3065 5145 lib.
3097 5105 3193 5157 vn,
3226 5107 3275 5147 c.
3305 5090 3396 5155 25,
3438 5098 3493 5143 et
3529 5090 3708 5158 Antiq.

2141 5186 2360 5243 Iudaic.
2380 5187 2475 5241 lib.
2510 5201 2589 5250 tx,
2610 5200 2659 5241 c.
2698 5186 2746 5239 1.
2776 5185 2944 5239 Amos
2976 5183 3240 5254 propheta
3266 5183 3319 5237 in
3352 5182 3545 5237 diebus
3571 5179 3711 5237 Ozia:
3810 5196 3823 5209 ε

2143 5277 2285 5347 regis
2334 5274 2494 5343 Juda,
2529 5285 2582 5331 et
2617 5272 2904 5330 Jeroboam
2943 5273 3037 5328 lilii
3068 5273 3195 5329 Joas
3226 5273 3366 5344 regis
3394 5273 3561 5328 Israel
3589 5279 3710 5325 ante

2141 5366 2281 5422 duos
2318 5382 2494 5422 annos
2517 5373 2879 5428 terrmmotus,
2906 5381 3017 5430 αι,
3050 5377 3103 5419 et
3132 5382 3181 5420 c.
3219 5378 3314 5429 vit,
3351 5381 3401 5419 v.
3438 5364 3528 5428 14,
3562 5362 3708 5416 ιιῙιειο

2142 5459 2195 5512 in
2216 5457 2519 5526 pastoribus
2542 5458 2605 5511 de
2621 5453 2838 5510 Thecue
2860 5453 3025 5509 fuisse
3040 5461 3304 5508 armenta:
3319 5452 3431 5505 ium
3455 5450 3704 5504 vellican-

2141 5559 2245 5604 tcm
2267 5565 2361 5620 syc
2384 5547 2914 5611 nnoros,etclectum
2936 5565 2963 5599 a
2989 5545 3217 5600 Domino
3243 5560 3367 5601 cum
3388 5550 3702 5613 sequeretur

2142 5657 2354 5710 gregem
2384 5658 2400 5707 ;
2434 5639 2650 5694 Thecue
2684 5654 2897 5709 quicque
2931 5637 3030 5693 luit
3058 5640 3233 5708 patria
3272 5637 3532 5693 llahacuc
3584 5647 3701 5707 pro.
