3998 6116
367 381 502 447 1393

1668 389 1766 449 DE
1802 389 1973 451 VITA
2006 387 2064 447 S.
2108 387 2271 447 NiLI
2312 444 2319 451 .

3486 372 3621 433 1394

367 492 565 566 phetae,
616 498 671 549 et
715 491 963 549 mulieris
1018 493 1280 565 sapientis
1315 493 1651 577 Thecuitidis
1685 496 1809 553 inde
1846 512 1945 568 ap-
1978 502 2020 556 A
2116 496 2271 552 Nilus
2301 495 2521 567 quidem
2541 507 2685 550 anno
2702 492 2907 549 Christi
2934 488 3059 556 410,
3111 501 3222 559 quo
3250 484 3493 542 incursio
3518 483 3621 577 sa-

367 587 597 657 pellattc,
648 602 772 656 quae
818 586 1055 657 placavit
1100 586 1358 643 Davidem
1394 590 1591 645 iratum
1629 591 1739 646 lilio
1768 592 1942 648 Absa-

367 677 503 744 Ioni,
541 678 634 748 qui
660 677 878 733 fratrem
907 694 1068 733 suum
1112 680 1344 735 Ammon
1375 681 1668 749 occiderat,
1704 683 1767 740 ll.
1806 684 1940 759 Reg.

364 782 477 834 xlv,
520 768 612 823 ubi
661 767 948 824 Cornelius
971 784 1001 824 a
1030 768 1254 841 Lapide,
1291 771 1508 829 Rullino
1539 775 1746 846 Tapba,
1786 772 1942 833 Jose-

366 854 494 925 pho,
526 858 621 912 lib.
655 874 749 914 vru
789 859 974 931 Antiq.
1007 860 1177 927 Θέκος
1204 862 1259 918 in
1295 861 1420 920 Vita
1452 880 1548 920 sua
1577 865 1782 933 Θέκυα,
1813 868 1942 924 olim

365 948 620 1005 Thecuah
641 951 883 1009 Pererio.
1626 942 1633 947 ’

432 1037 513 1095 Eo
537 1040 591 1096 in
621 1034 836 1098 desei-to
860 1044 1342 1101 commorahantur
1370 1048 1644 1116 monachi,
1670 1051 1762 1120 qui
1787 1065 1816 1105 a
1846 1048 1946 1106 Sa-

364 1133 583 1188 racenis
636 1135 896 1190 trucidati
952 1134 1208 1205 fuerunt;
1258 1141 1717 1209 quemadmodum
1760 1153 1947 1198 narrat

362 1223 681 1293 Cassianus,
712 1227 807 1282 lib.
841 1243 895 1282 tv
926 1228 1001 1283 De
1031 1230 1140 1283 vita
1177 1229 1427 1298 Patrum,
1458 1232 1685 1287 relatum
1718 1248 1749 1290 e
1778 1234 1947 1289 colla-

365 1316 512 1371 tione
569 1327 723 1373 sexta
775 1319 842 1375 de
898 1335 1029 1375 nece
1084 1317 1306 1376 Patrum
1358 1338 1455 1379 seu
1500 1334 1842 1390 sanctorum,
1877 1342 1942 1381 ex

282 1398 288 1403 ’
364 1406 654 1465 Theodoro
701 1411 918 1479 abbate,
963 1412 1163 1481 deque_
1194 1414 1282 1483 pia
1336 1400 1741 1471 concertatione
1782 1431 1946 1486 super

363 1511 683 1557 sanctorum
721 1492 969 1574 reliquiis
1023 1505 1096 1559 ibi
1131 1505 1261 1576 agit.
1295 1505 1361 1563 Et
1412 1508 1558 1563 hunc
1597 1508 1794 1563 librum
1826 1524 1946 1581 esse

364 1593 620 1664 suspicor
668 1594 939 1652 Theodori
994 1598 1236 1669 episcopi
1265 1598 1519 1656 Massilia:
1548 1601 1613 1656 de
1634 1603 1945 1657 certamini-

364 1686 467 1741 bus
522 1678 847 1758 martyrum,
876 1703 1038 1758 quem
1089 1698 1307 1745 exstare
1341 1690 1395 1745 in
1428 1691 1813 1748 vetustissimis
1839 1690 1946 1749 Ee-

363 1778 543 1833 clesiae
582 1777 921 1846 Bergomatis
965 1783 1339 1857 monumentis
1369 1789 1600 1839 testatur
1635 1782 1945 1841 Galesinins

364 1869 418 1922 in
448 1869 888 1927 adnotationibus
913 1872 981 1927 ad
1028 1862 1379 1943 Martyrolog.
1411 1888 1464 1927 tv
1484 1872 1624 1929 Non.
1657 1874 1941 1953 Januarii;

364 1957 715 2014 Theodorum
759 1962 979 2031 quidem
1035 1965 1354 2036 episcopum
1405 1967 1660 2024 Massiliae
1687 1984 1717 2023 a
1753 1971 1947 2039 quinto

363 2048 430 2102 al
470 2063 683 2107 sextum
735 2068 909 2123 usque
954 2056 1218 2111 saeculum
1255 2072 1287 2112 a
1316 2055 1461 2127 Rufo
1505 2057 1945 2131 historiographo

362 2141 739 2199 eruditissimo
770 2144 826 2198 in
858 2143 1108 2201 Historia
1145 2146 1445 2204 Massiliam.
1476 2164 1599 2221 pag.
1631 2149 1757 2217 521,
1790 2152 1943 2207 inve-

360 2229 455 2286 nio
485 2249 500 2298 ;
537 2232 629 2287 sed
662 2242 715 2287 et
744 2235 992 2304 meminit
1015 2232 1253 2309 episcopi
1277 2238 1638 2298 Massiliensis
1669 2240 1944 2299 Theodori

365 2323 566 2392 saepius
591 2323 891 2392 Gregorius
914 2327 1253 2387 Turonensis
1277 2333 1444 2405 666
1461 2334 1653 2393 eodem
1673 2344 1941 2408 tempore,

361 2412 457 2468 lib.
473 2430 548 2482 vt,
564 2431 615 2469 c.
632 2415 667 2473 2
685 2419 830 2472 Ilist.
852 2417 1078 2488 Frana,
1103 2431 1157 2478 et
1177 2424 1403 2492 passim,
1417 2424 1560 2480 unde
1580 2427 1942 2498 antiquiorem

361 2505 529 2562 istum
562 2507 909 2566 Theodorum
943 2514 1140 2582 opinor
1170 2516 1486 2589 episcopum
1522 2517 1939 2587 Massiliensem,

362 2610 416 2655 ct
444 2617 510 2655 ex
566 2601 765 2658 abbate
794 2619 1074 2659 censerem
1110 2606 1178 2662 ad
1211 2606 1587 2679 episcopatum
1622 2609 1793 2668 fuisse
1811 2629 1942 2683 pro-

358 2699 601 2759 vectum,
652 2694 767 2749 sive
817 2704 1061 2766 raptum,
1116 2698 1193 2753 uti
1237 2707 1368 2755 tunc
1398 2704 1570 2761 moris
1598 2714 1735 2772 erat,
1775 2706 1938 2763 etiam

358 2786 612 2859 invitum,
663 2789 893 2864 ideoque
931 2795 1104 2865 magis
1154 2796 1407 2868 dignum,
1447 2815 1570 2855 cum
1606 2800 1832 2859 forsitan
1873 2804 1942 2859 ad

360 2879 494 2935 illud
527 2883 829 2951 emporimn
856 2884 1159 2942 Galliarum
1194 2888 1400 2947 Graacis
1457 2892 1758 2948 habitatum
1793 2895 1942 2951 colo-

359 2972 446 3029 nis
483 2983 537 3029 et
569 2975 780 3046 legibus
832 2979 1544 3052 gubernatumappulisset,
1596 3000 1662 3039 ex
1709 2984 1943 3057 IEgypto

357 3079 483 3119 cum
508 3065 773 3122 Cassiano
810 3070 985 3125 sancti
1011 3070 1247 3128 Joannis
1274 3072 1653 3147 Cbrysostomi
1684 3078 1938 3146 diacono,

354 3153 454 3225 qui
488 3156 840 3213 consuluerat
869 3161 1034 3215 istum
1066 3159 1436 3231 Theodorum,
1482 3174 1537 3220 et
1567 3167 1817 3222 nominat
1852 3170 1937 3223 vi-
1965 3185 2011 3244 ρ

358 3261 481 3299 rum
507 3246 836 3317 singularem
875 3250 928 3305 iu
958 3253 1378 3309 conversatione
1413 3257 1636 3324 actuali,
1663 3256 1940 3313 allirmans

357 3339 612 3394 euuulem
644 3341 919 3399 habitasse
950 3345 1003 3399 in
1030 3345 1212 3412 Collis,
1236 3349 1329 3418 qui
1360 3348 1517 3405 locus
1543 3352 1684 3406 inter
1711 3352 1939 3407 Nitriam

359 3437 416 3482 et
466 3428 746 3501 Scythiam
799 3436 939 3490 situs
986 3452 1016 3489 a
1072 3442 1406 3495 monasterio
1457 3440 1646 3498 Nitriae
1698 3445 1951 3515 quinque

361 3520 606 3577 millibus
632 3523 864 3590 distans,
896 3528 1171 3598 octoginta
1199 3532 1429 3585 millium
1464 3534 1761 3591 solitudine
1808 3538 1942 3593 diri-

361 3611 532 3666 mitur
572 3615 642 3669 ab
670 3606 855 3671 eremo
884 3617 1136 3690 Scythiae,
1166 3620 1221 3674 in
1254 3637 1362 3691 qua
1390 3622 1686 3682 Cassianus
1715 3629 1941 3699 agebat;

360 3712 416 3757 ct
444 3705 584 3773 apud
636 3702 929 3762 Henricum
980 3707 1263 3765 Canisium
1298 3712 1393 3767 lib.
1426 3728 1459 3767 v
1517 3716 1700 3786 Antiq.
1726 3717 1940 3775 lection.

360 3796 417 3849 in
471 3796 610 3851 (list.
667 3796 985 3869 Peregrinus
1036 3814 1522 3871 commemoratur,
1559 3807 1627 3863 de
1650 3824 1759 3878 qua
1783 3827 1942 3881 supe-

361 3889 479 3943 rius
533 3900 716 3945 actum
778 3902 881 3957 est,
934 3908 1055 3963 pag,
1114 3895 1238 3961 (il5,
1272 3899 1363 3951 ubi
1414 3898 1481 3953 de
1528 3897 1720 3962 Nitria.
1768 3903 1946 3974 deque

361 3980 525 4046 Oase,
582 3983 649 4039 de
676 4000 807 4053 aqua
841 3995 898 4039 et
928 3985 1252 4045 Theodorus
1279 3988 1477 4045 Lector
1499 3990 1555 4046 in
1581 3992 1943 4052 Collectaneis

362 4073 479 4128 haec
528 4074 691 4131 habet
724 4094 736 4130 :
771 4078 1032 4149 Σηπεδὸνι
1087 4080 1181 4144 τὸν
1215 4081 1377 4154 σῶμα
1416 4083 1687 4157 διέφθειρε
1738 4088 1946 4142 Νεστό-

363 4182 499 4236 ριος,
549 4168 642 4221 καὶ
696 4169 1025 4242 ἀνακληθεὶς
1074 4173 1184 4227 ἀπὸ
1224 4173 1463 4240 Ὀἀσεως
1522 4179 1686 4249 (male
1751 4180 1947 4251 legitur

375 4259 759 4329 Ἐασέως),ὲφ’
790 4254 834 4331 ᾧ
862 4267 1192 4337 μεταστῆναι
1226 4269 1304 4330 εἰς
1334 4268 1418 4321 ἒτε
1430 4285 1520 4340 ρον
1546 4271 1731 4335 τόπον,
1757 4272 1834 4344 τῷ
1850 4273 1947 4328 θα-

362 4350 508 4418 νάτῳ
563 4352 830 4421 προέλαϐε
864 4355 964 4426 τὴν
1005 4357 1328 4428 ἀνάκλησιν
1395 4361 1449 4415 id
1483 4375 1603 4418 est:
1659 4363 1944 4421 Nestorius

362 4443 640 4509 putredine
684 4445 909 4514 infectus
939 4451 1096 4516 periit
1127 4450 1182 4503 in
1215 4468 1451 4522 corpore,
1487 4464 1537 4507 et
1568 4469 1844 4512 revocatus
1874 4459 1940 4512 ab

2048 602 2369 643 racenorum
2403 584 2506 644 sUb
2539 586 2847 642 Theodosio
2876 582 3104 638 Juniore
3133 579 3383 652 contigit,
3413 591 3538 633 cum
3566 576 3621 630 in

2029 665 2179 734 'Sina
2237 680 2476 751 degeret,
2525 678 2638 750 jam
2686 674 2850 734 senex
2886 683 3029 740 erat,
3064 681 3124 729 ut
3159 673 3273 742 ipse
3310 678 3517 726 narrat.
3554 667 3587 723 6
3608 708 3625 728 .

2047 788 2170 844 pag.
2224 772 2314 836 92,
2366 771 2508 844 apud
2561 770 2848 826 Possinum
2902 767 3102 823 fatetur
3130 781 3193 821 ex
3231 763 3463 818 aliorum
3497 776 3626 816 seu-

2046 866 2232 932 lentia,
2287 865 2379 921 ubi
2441 864 2631 920 scribit
2666 882 2681 918 :
2713 858 2821 915 Ἦν
2867 860 2924 915 δὲ
2957 858 3112 929 κάγὼ
3151 856 3316 928 βάδην
3362 853 3629 925 ἑπόμενος

2046 959 2156 1022 τοῖς
2185 956 2619 1029 προστείχουσιν,
2647 954 2723 1018 ὡς
2756 954 2853 1025 μὲν
2887 952 3018 1016 ἴσως
3046 952 3269 1022 φήσειεν
3307 947 3466 1010 ἄλλος
3494 944 3626 998 ἄδι)-

2045 1050 2234 1122 ναμίᾳ,
2267 1049 2393 1112 τοὺς
2438 1048 2639 1118 μᾶλλον
2686 1045 2969 1117 ἰσχύοντας
2997 1045 3058 1097 οὐ
3110 1041 3326 1112 φθάνων
3366 1035 3629 1105 ἀσθενείᾳ

2045 1140 2140 1195 τοῦ
2182 1143 2392 1213 γήρως,
2446 1138 2499 1194 id
2537 1147 2641 1207 est,
2696 1137 2806 1209 Ego
2851 1152 2969 1190 vero
3013 1134 3267 1205 sequebar
3311 1129 3626 1202 pedetentim

2045 1241 2447 1304 prtzcurrentes,
2479 1240 2535 1286 ut
2558 1231 2769 1302 quidem
2796 1230 3023 1299 fortasse
3070 1228 3262 1281 diceret
3306 1225 3470 1291 alius,
3514 1237 3625 1293 prre

2049 1324 2362 1390 impotentia
2412 1339 2515 1377 non
2559 1321 2734 1376 ualens
2784 1321 2995 1390 assequi
3035 1334 3144 1384 eos,
3200 1318 3291 1388 qui
3336 1313 3628 1380 maioribus

2044 1424 2198 1469 erant
2240 1396 2453 1485 praediti
2491 1413 2709 1479 viribus,
2757 1412 2819 1467 ob
2855 1408 3134 1466 senectutis
3166 1406 3584 1463 imbecillitatem
3606 1419 3627 1458 :

2046 1506 2507 1577 quemadmodum
2561 1513 2616 1560 et
2658 1502 2929 1581 subducto
2969 1502 3183 1558 calculo
3214 1514 3337 1554 mox
3370 1510 3626 1564 compro-

2047 1600 2189 1669 babo
2227 1598 2379 1654 illum
2413 1598 2605 1653 atl’eeta
2651 1606 2765 1651 tum
2800 1604 2958 1651 aetate
3016 1594 3206 1649 fuisse.
3238 1590 3375 1646 Nam
3405 1601 3528 1643 cum
3560 1586 3626 1640 ad

2045 1691 2382 1763 praefecturae
2409 1704 2609 1744 munus
2639 1697 2862 1745 evectus
2906 1686 3030 1753 fuit,
3069 1694 3129 1741 ut
3176 1682 3493 1741 astruebam
3527 1695 3619 1735 su-

2045 1800 2165 1854 pra,
2202 1782 2304 1839 sub
2342 1797 2487 1838 anno
2531 1778 2677 1837 ΟΝ.
2717 1781 2842 1848 40⁸5,
2892 1779 2992 1836 etsi
3019 1779 3167 1849 leges
3218 1774 3465 1836 annales.
3510 1772 3626 1828 sive

2047 1875 2308 1938 annarite,
2333 1874 2534 1944 quibus
2551 1875 2863 1944 pra'scripta
2876 1879 2994 1928 erat
3012 1880 3165 1933 atlas,
3182 1884 3289 1940 qua
3316 1873 3627 1938 peterentur

2048 1967 2308 2031 honores,
2369 1962 2448 2019 u‘ti
2495 1963 2641 2020 canit
2666 1963 2758 2019 ille
2795 1972 2903 2018 tam
2937 1962 3102 2028 Julia,
3145 1975 3309 2032 quam
3344 1955 3625 2025 Pompeia,

2046 2068 2099 2113 et
2133 2058 2277 2123 alite,
2313 2059 2380 2113 de
2409 2057 2607 2128 quibus
2638 2056 2691 2112 in
2721 2056 2759 2112 1.
2791 2055 2925 2113 Cum
2957 2056 3068 2127 lege
3095 2053 3163 2109 ι).
3200 2052 3264 2107 de
3296 2051 3489 2106 arbitr.
3513 2056 3566 2103 et
3587 2048 3625 2102 l.

2048 2150 2280 2218 Quidam
2309 2151 2636 2219 consulebat,
2676 2151 2747 2206 57
2780 2149 2849 2205 D.
2892 2150 2957 2205 de
2984 2167 3039 2204 re
3061 2148 3323 2220 judicat.,
3356 2144 3451 2201 ubi
3485 2141 3629 2197 Dua-

2046 2259 2235 2307 renus,
2265 2258 2374 2298 non
2405 2242 2839 2308 observabantur
2869 2240 3233 2305 adamussim,
3263 2238 3484 2306 illisque
3515 2233 3625 2289 sol-

2044 2336 2245 2393 vebant
2266 2336 2645 2406 imperatores,
2664 2344 2719 2390 ut
2744 2342 2900 2389 erant
2924 2345 3318 2402 nonnunquam
3347 2326 3625 2390 dissoluti,

2045 2428 2385 2496 candidatos,
2414 2427 2497 2483 vel
2518 2414 2682 2482 etiam
2704 2415 2859 2498 probi
2885 2434 2939 2481 et
2963 2425 3118 2496 justi,
3150 2437 3278 2477 cum
3307 2420 3484 2477 virtus
3516 2434 3625 2472 non

2042 2521 2206 2592 667
2226 2519 2573 2591 exspectabat
2589 2534 2784 2597 annos,
2804 2518 2898 2573 sed
2915 2517 3155 2573 anteibat
3177 2513 3267 2587 (de
3283 2512 3493 2585 legibus
3517 2510 3626 2566 illis

2045 2612 2179 2668 satis
2201 2612 2283 2680 egi
2314 2611 2432 2667 fuse
2461 2612 2514 2665 in
2539 2610 2856 2666 Diattihade
2884 2608 3086 2666 S.lt.E.
3111 2605 3473 2663 cardinalium
3491 2613 3593 2658 aeta

2046 2702 2143 2775 te),
2163 2714 2400 2759 attamen
2419 2720 2514 2777 eas
2530 2718 2653 2758 cum
2674 2703 2900 2771 Rosiuo,
2924 2703 3139 2768 lih._vu,
3162 2716 3283 2771 cap.
3306 2700 3340 2756 9
3362 2698 3624 2768 Antiquit.

2046 2799 2275 2854 Roman.
2323 2814 2446 2869 pag.
2506 2796 2632 2864 697,
2668 2796 2901 2851 arbitror
2961 2811 3165 2851 annum
3202 2794 3398 2871 saltem
3431 2790 3503 2847 42
3533 2805 3630 2867 ex-

2051 2888 2234 2958 egisse
2271 2886 2324 2942 in
2366 2886 2691 2957 praefectura
2718 2887 2891 2954 urbis,
2919 2888 3063 2941 sicut
3087 2895 3140 2941 et
3169 2887 3222 2940 in
3248 2885 3520 2941 senatoria
3549 2883 3631 2939 di-

2045 2977 2251 3050 gnitate
2278 2992 2293 3044 ;
2327 2979 2420 3032 sed
2444 2977 2616 3048 liquet
2638 2993 2704 3032 ex
2724 2975 3000 3046 epitaphio
3023 2974 3367 3047 Pantagathi,
3388 2974 3480 3044 qui
3504 2990 3632 3029 cett-

2046 3069 2173 3123 cilio
2200 3069 2535 3124 Arausicano
2565 3068 2806 3124 secundo
2834 3067 3265 3137 subscripserat,
3297 3081 3442 3120 anno
3473 3065 3535 3119 C.
3560 3063 3624 3118 N.

2046 3158 2180 3227 5‘29;
2216 3169 2394 3216 exstat
2426 3159 2556 3215 illud
2582 3159 2814 3215 incisum
2844 3161 3104 3216 marmori
3130 3159 3394 3227 Vasioni;
3430 3157 3630 3213 ultimi-

2045 3267 2149 3322 que
2181 3251 2290 3307 duo
2317 3252 2409 3307 isti
2457 3252 2711 3324 leguntur
2739 3268 2967 3309 versus:

2115 3389 2353 3443 Abstulit
2376 3389 2516 3442 [tunc
2548 3388 2698 3443 rebus
2726 3388 2932 3442 decimo
2971 3404 3114 3441 mors
3140 3374 3321 3441 inuida
3361 3386 3555 3450 lustro,

2117 3458 2364 3528 Namque
2390 3461 2653 3515 senatoris
2683 3460 2858 3529 posuit
2892 3468 3007 3529 post
3041 3458 3252 3529 cingula
3278 3459 3460 3513 vitam.

2044 3590 2248 3660 Nempe
2282 3605 2408 3645 cum
2441 3605 2470 3643 a
2498 3589 2722 3647 senibus
2751 3605 2951 3644 nomen
2983 3591 3113 3644 mite
3152 3596 3376 3645 senatus
3412 3589 3629 3654 habent,

2046 3679 2188 3734 inter
2221 3679 2703 3750 quadragesimum
2768 3688 2822 3734 et
2868 3678 3383 3750 quinquagesimum
3424 3693 3628 3732 annttm

2046 3783 2267 3826 senecta
2311 3771 2523 3826 videtur
2559 3770 2821 3839 incipere.
2854 3770 3010 3824 Plato
3045 3786 3240 3825 novem
3286 3770 3468 3840 posuit
3502 3781 3633 3825 alta-

2047 3871 2129 3919 tes
2165 3863 2440 3931 hominis;
2469 3870 2666 3933 quarto
2692 3876 2837 3916 anno
2857 3861 3168 3930 infantiam,
3203 3864 3479 3918 ablactato
3511 3872 3634 3934 post

2045 3956 2365 4021 triennium,

2121 4068 2293 4124 Mater
2315 4068 2410 4123 alit
2441 4084 2658 4139 puerum
2684 4066 2899 4120 trimum
2926 4067 3183 4138 trimoque
3206 4069 3484 4132 minorem,

2261 4138 2521 4208 Majorem
2549 4154 2667 4191 vero
2697 4152 2914 4207 pascere
2943 4138 3110 4204 patris
3147 4138 3269 4192 erit.

2049 4277 2088 4333 1.
2128 4275 2188 4331 II
2216 4274 2465 4329 Macltab.
2500 4273 2665 4344 gloss.
2691 4274 2748 4328 in
2781 4289 2911 4329 mea:
2940 4274 3133 4330 litteris
3164 4275 3219 4330 Ξ.
3249 4274 3501 4345 Gregorii
3533 4275 3627 4341 IX,

2047 4378 2203 4426 extra
2246 4368 2319 4424 De
2342 4385 2575 4423 convers.
2599 4368 2754 4437 inﬁd.
2780 4367 3008 4423 ascribit
3040 4368 3269 4423 decenni
3307 4367 3623 4437 pueritiam,

2047 4465 2233 4518 decem
2285 4470 2339 4515 et
2392 4470 2516 4515 octo
2576 4474 2751 4515 annos
2808 4470 2958 4525 nato,
3004 4452 3398 4517 adolescentuli
3430 4475 3630 4524 aevum,

368 4532 525 4599 Ouse,
583 4550 701 4588 cum
733 4538 1111 4608 transferretur
1161 4542 1328 4597 alium
1353 4546 1407 4599 in
1439 4546 1631 4616 locum,
1665 4553 1940 4605 antevertit
1974 4537 2020 4593 ί)
2049 4554 2473 4609 adolescentiam
2514 4554 2694 4623 agenti
2741 4554 2813 4610 25
2837 4570 3033 4620 annos,
3076 4553 3293 4611 ﬂorenti
3320 4554 3408 4621 56,
3461 4555 3633 4609 crudo

362 4630 530 4676 morte
559 4638 876 4694 regressum,
923 4644 1012 4682 seu
1054 4634 1456 4692 revocationem.
1492 4636 1596 4693 Ista
1627 4651 1754 4695 sunt
1782 4643 1945 4696 verba

362 4716 634 4784 CaSsiani,
694 4722 894 4791 quibus
947 4726 1184 4782 dclineat
1238 4727 1612 4788 Thecuiticam
1651 4750 1944 4791 eremum:

367 4810 620 4865 «Tbccue
647 4813 922 4868 desertum
957 4815 1009 4870 in
1040 4816 1344 4875 Palu-stium
1361 4824 1608 4891 partibus
1628 4827 1786 4896 juxta
1809 4828 1952 4883 The-

363 4916 464 4954 cue
498 4904 678 4955 vicum
719 4902 806 4974 (an
840 4916 1109 4960 uturatam
1144 4908 1439 4978 civitatem,
1474 4930 1638 4983 quam
1676 4919 1950 4972 exstruxit

362 4990 611 5047 Roboam
660 5010 776 5057 rex,
813 4995 858 5049 ll
910 4997 1087 5053 Paral.
1137 5016 1212 5064 χι,
1254 5001 1307 5067 6,
1345 5008 1512 5060 Amos
1544 5009 1822 5078 prophetae
1850 5026 1949 5080 pa-

364 5082 550 5149 triam)
610 5084 852 5139 solitudo
906 5089 1218 5143 vastissima
1273 5101 1355 5147 est
1380 5109 1554 5164 usque
1580 5097 1648 5151 ad
1688 5098 1945 5155 Arabiam

362 5181 415 5226 et
463 5189 613 5228 mare
664 5174 964 5243 Mortuum,
1007 5196 1118 5257 quo
1155 5180 1397 5252 ingressa
1428 5186 1691 5241 deﬁciunt
1746 5190 1949 5246 ﬂuenta

361 5261 616 5319 Jordanis
663 5277 718 5321 et
748 5268 888 5323 alvei
918 5271 1006 5325 siti
1059 5272 1266 5327 faciunt
1303 5277 1487 5341 ίιηθιιι,
1508 5266 1576 5331 et
1599 5279 1815 5335 cineres
1846 5279 1949 5335 So-

363 5357 675 5426 domorum,
708 5362 1048 5431 amplissima
1108 5367 1432 5423 extensione
1461 5381 1733 5436 porrecta.
1773 5371 1947 5442 Hujus

363 5449 677 5505 solitudinis
717 5455 923 5508 mentio
970 5456 1029 5509 lit
1080 5455 1121 5509 Il
1171 5456 1351 5513 l’aral.
1397 5475 1490 5523 xx,
1543 5461 1637 5527 20,
1671 5469 1726 5516 et
1758 5461 1799 5516 ll
1828 5464 1944 5518 Ma-

364 5542 529 5597 cltab.
581 5559 656 5609 ιλ,
690 5545 779 5599 55.
816 5546 872 5600 1η
916 5548 1014 5602 hac
1049 5565 1282 5605 summae
1325 5551 1451 5606 vitae
1501 5567 1565 5608 ac
1631 5556 1945 5612 sanctitatis

367 5636 468 5691 viri
500 5640 756 5692 monachi
782 5639 1094 5696 diutissime
1125 5653 1535 5699 commorautes
1567 5656 1790 5714 repente
1819 5658 1948 5704 sunt

366 5744 394 5781 a
426 5731 867 5787 discurrentibus
910 5734 1307 5790 Saracenorum
1338 5738 1662 5792 latrunculis
1693 5741 1947 5795 interem-

369 5838 467 5891 με,
521 5845 531 5873 ξ
577 5837 673 5880 vit".

714 5828 814 5880 33ml
849 5828 1072 5881 inferius
1108 5830 1171 5883 de
1203 5832 1279 5884 {:‘~
1315 5848 1464 5883 39$th
1504 5834 1765 5891 putribus.

2050 4644 2167 4700 seni
2206 4644 2296 4710 55,
2348 4644 2467 4698 seni
2519 4646 2802 4715 sexaginta
2854 4645 3130 4716 quinque;
3169 4646 3459 4722 decrepito_
3484 4645 3634 4715 quod

2052 4744 2302 4805 superest
2332 4735 2475 4802 vitae,
2517 4744 2571 4789 et
2601 4735 2702 4790 ista
2730 4734 2895 4791 refert
2923 4736 3070 4792 Elius
3096 4737 3375 4791 Cretensis
3418 4737 3472 4790 in
3507 4752 3635 4791 ora-

2012 4826 2017 4827 ⁷
2055 4827 2203 4880 tione
2225 4826 2436 4882 decima
2469 4841 2612 4881 nona
2637 4828 2883 4898 Gregorii
2906 4826 3258 4894 Nazianzeni,
3290 4843 3344 4898 p.
3382 4829 3504 4893 159,
3539 4830 3632 4900 qui

2052 4917 2198 4971 addit
2223 4933 2235 4968 :
2275 4935 2294 4968 ι
2315 4916 2581 4983 Quoniam
2608 4918 2771 4988 igitur
2798 4919 3217 4988 quadragesimo
3246 4932 3443 4992 quarto
3486 4938 3634 4978 anno

2049 5011 2384 5080 perlicimur,
2443 5020 2497 5066 et
2550 5020 2737 5081 postea
2784 5013 3018 5068 deﬁcere
3099 5014 3395 5084 incipimus
3436 5016 3633 5071 merito

2050 5102 2216 5173 igitur
2247 5112 2462 5173 tempus
2492 5104 2636 5157 istud
2671 5105 2922 5158 humanae
2951 5116 3159 5161 naturae
3180 5107 3345 5162 vitam
3364 5123 3483 5164 esse
3498 5109 3632 5164 deli-

2047 5194 2239 5250 nivitn
2267 5195 2502 5252 Sanctus
2528 5198 2888 5267 Augustinus,
2913 5199 3073 5269 epist.
3093 5201 3216 5266 110,
3248 5202 3362 5258 hare
3392 5218 3451 5259 se
3479 5204 3633 5259 loe‘u-

2050 5297 2164 5343 tum
2199 5305 2323 5346 esse
2365 5290 2548 5353 refert,
2582 5307 2676 5347 sex
2710 5301 2899 5348 aetates
2935 5294 3174 5351 hominis
3230 5299 3627 5354 enumerando.

2054 5401 2072 5433 ι
2105 5380 2588 5463 Verumtamenin
2640 5383 2869 5439 infantia
2898 5399 3153 5456 speratur
3202 5390 3458 5459 pueritia,
3491 5399 3546 5447 et
3576 5385 3629 5447 in

2049 5473 2281 5545 pueritia
2325 5485 2576 5543 speratur
2626 5477 3012 5545 adolescentia,
3057 5490 3109 5534 et
3152 5485 3204 5535 in
3262 5483 3628 5540 adolescentia

2050 5564 2589 5635 speraturjuventus,
2617 5569 2753 5622 etin
2781 5568 3062 5638 juventute
3095 5583 3346 5640 speratur
3366 5578 3624 5645 gravitas,

2053 5663 2107 5709 ct
2133 5656 2187 5709 in
2212 5655 2479 5725 gravitate
2504 5665 2755 5725 speratur
2784 5670 3058 5726 senectus,
3100 5672 3204 5716 etc.
3242 5664 3506 5721 Senectus
3526 5682 3627 5720 au-

2053 5757 2160 5801 tem
2191 5746 2353 5800 aliam
2383 5754 2615 5813 aetatem,
2648 5765 2810 5819 quam
2856 5764 3053 5819 speret,
3091 5769 3197 5806 non
3236 5755 3411 5819 habet,
3455 5778 3473 5811 ι
3517 5767 3620 5810 etc.

2056 5840 2151 5893 ibi
2185 5840 2461 5901 ξριηνὲῗῖιῐῖτ
2496 5844 2713 5897 ιιι·ιωλὶίί(;
2746 5855 3016 5899 tat-rnatum
3054 5848 3139 5899 int
3167 5849 3296 5913 ἰίἕςῖπξι
3358 5862 3405 5901 pr,

3464 5864 3622 5903 Sinti,“
