3998 6116
461 287 601 352 1395

1220 283 1366 344 JOS.
1407 282 1672 342 MARUE
1709 275 2066 342 SUARESII
2101 275 2332 336 LIBER
2369 271 2999 338 CHRONOLOGICUS

3579 260 3715 324 1596

459 400 626 462 etutis
663 397 948 461 vocabulo,
985 394 1234 461 senium;
1264 409 1391 450 nam
1431 395 1526 469 qui
1577 394 1759 466 gravis
1812 391 2041 456 Latinis,
2071 394 2117 449 Α
2146 405 2380 461 namque
2399 389 2650 460 utAgaso
2677 385 2916 441 narravit
2934 383 3056 438 Nilo
3073 374 3714 469 haudproculabElusa,

458 491 664 548 Graecis
706 487 1017 559 πρεσϐύτης
1065 493 1324 552 vocatur;
1377 485 1474 556 qui
1511 499 1640 541 vero
1693 499 1882 548 senex,
1946 498 2041 538 seu

460 585 726 646 seminex,
747 578 996 651 γηραιός,
1029 587 1087 633 ιιι
1113 578 1270 633 docet
1297 577 1436 632 idem
1467 585 1690 632 sanctus
1719 575 1776 629 in
1806 573 2041 628 Enarra-

459 678 607 729 tione
648 672 842 742 psalmi
888 671 1294 741 septuagesimi,
1335 685 1390 741 p.
1419 668 1545 734 2'16,
1581 667 1695 723 sive
1734 666 1892 738 quasi
1935 666 2040 737 γῆν

456 766 622 838 ὁρῶν,
655 765 739 820 vel
770 766 850 830 εἰς
877 764 986 835 γῆν.
1015 764 1175 836 ῥέων,
1209 773 1406 818 terram
1431 763 1713 834 aspiciens,
1741 771 1900 832 atque
1920 777 2041 818 cer-

457 874 603 914 nuus
629 899 644 924 ,
684 865 777 912 aut
803 857 858 910 in
895 865 1090 910 terram
1118 856 1308 924 ﬂuens.

528 949 718 1020 itaque
751 949 1039 1018 plusquam
1096 945 1592 1018 quadragenariom
1624 943 1805 1000 Nilum
1837 944 2031 1014 praefe-

462 1054 632 1100 ctura?
691 1055 916 1096 munere
969 1038 1219 1094 functum
1252 1039 1511 1102 arbitror,
1541 1039 1655 1094 sive
1681 1036 2040 1111 quadraginta

458 1139 596 1189 duos
626 1147 801 1188 annos
839 1131 1104 1200 attigisse,
1133 1146 1257 1187 cum
1293 1131 1362 1186 ad
1415 1131 1736 1187 vicesimum
1786 1130 2036 1198 quintum

459 1243 634 1297 usque
663 1241 868 1280 annum
909 1239 1128 1296 Operam
1163 1223 1403 1279 dedisset
1439 1221 1756 1277 liberalibus
1783 1220 2042 1290 ’discipli-

460 1321 568 1383 nis,
600 1329 658 1375 et
696 1319 838 1388 juris
889 1319 1150 1384 scientiae,
1181 1317 1552 1373 adolescentes
1599 1315 1858 1370 nimirum
1919 1315 2039 1369 ideo

459 1415 870 1474 excusabantur
899 1413 968 1467 ab
997 1410 1316 1477 honoribus,
1348 1425 1522 1478 usque
1565 1409 1633 1464 ad
1665 1408 1816 1462 illum
1865 1407 2040 1463 aetatis

459 1521 689 1571 annum,
718 1505 752 1560 I.
790 1521 830 1570 ι,
852 1503 914 1558 C.
933 1503 1037 1569 Qui
1054 1511 1209 1558 (etate
1233 1517 1288 1555 se
1317 1509 1594 1557 excusant.
1619 1500 1713 1554 lib.
1733 1516 1788 1552 ι.
1817 1497 1878 1554 C.
1911 1495 2038 1554 Jus-

461 1597 703 1652 tiniantei
739 1595 1002 1665 ἐγκύκλια
1024 1593 1361 1650 vocabantur
1386 1591 1683 1649 circulares
1717 1591 2036 1661 disciplinae,

461 1687 839 1758 grammatica,
854 1685 1146 1750 rhetorica,
1161 1684 1463 1744 dialectica.
1484 1693 1598 1738 tum
1619 1681 2035 1736 mathematicae.

461 1777 583 1851 Ipse
613 1777 791 1840 Nilus,
821 1769 982 1847 epist.
1012 1776 1099 1843 45,
1134 1775 1169 1830 l.
1191 1792 1268 1830 Ix.
1303 1775 1486 1830 Allatii
1519 1774 1586 1828 ad
1616 1772 2042 1844 Domninumju-

464 1871 696 1935 niorem,
711 1869 799 1924 ubi
819 1868 958 1922 male
976 1868 1112 1938 μετὰ
1127 1866 1273 1939 [τὴν]
1286 1867 1393 1919 τῶν
1419 1865 1722 1934 ἐγκυκλίων
1743 1865 2041 1931 παίδευσιν,

463 1965 560 2026 καὶ
579 1962 675 2033 τὴν
700 1961 807 2014 τῶν
838 1959 1310 2030 φιλοσοφουμένων
1354 1957 1680 2028 ὲκμάθησιν,
1717 1958 1768 2013 id
1797 1951 1899 2024 est,
1921 1955 2045 2010 Post

464 2070 674 2110 emensa
706 2053 888 2106 studia
921 2050 1271 2105 circulariunt.
1308 2049 1736 2118 disciplinarum,
1791 2059 1839 2103 et
1870 2043 2045 2103 rerum

463 2145 949 2216 philosOphicarum
998 2143 1322 2208 doctrinam,
1384 2142 1612 2197 vertitur
1663 2139 2069 2210 encycliorum.‘

465 2238 524 2292 In
557 2235 679 2291 Vita
709 2233 885 2290 sancti
916 2231 1146 2290 Joannis
1189 2232 1416 2299 Climaci
1451 2232 1737 2302 disciplina
1772 2231 2046 2303 encycliea

466 2340 806 2384 memoratur
845 2334 903 2381 et
958 2325 1159 2383 dicitur
1207 2325 1332 2395 quis
1379 2324 1566 2380 orbem
1631 2323 2044 2394 disciplinarum

467 2419 772 2491 perﬁcere,
861 2433 925 2474 ac
980 2415 1502 2486 ὲγκυκλοπαιδείανο
1570 2424 1760 2487 postea
1822 2415 2046 2469 trivium

467 2520 524 2567 et
556 2509 900 2582 quadrivium
950 2508 1382 2579 appellabantur.
1427 2505 1607 2560 Nilum
1654 2507 1775 2561 dein
1823 2521 2045 2560 uxorem

469 2600 696 2656 duxisse
721 2613 922 2654 censeo
946 2613 1092 2652 anno
1117 2598 1394 2660 aetatisw',
1416 2597 1674 2667 colligens
1698 2597 1901 2652 scilicet
1927 2596 2046 2665 plus

469 2691 654 2746 minus
671 2691 847 2760 ipsum
871 2689 1038 2758 668
1059 2687 1236 2742 Nilum
1259 2687 1312 2740 in
1339 2687 1511 2740 lucem
1528 2687 1789 2754 prodiisse
1804 2685 2040 2740 an.C.N.

468 2782 595 2838 560.
629 2782 880 2850 Suscepit
903 2789 1082 2835 autem
1114 2779 1282 2833 lilium
1308 2779 1361 2832 in
1389 2777 1585 2847 primis
1608 2793 1638 2832 e
1667 2779 1893 2847 conjuge
1923 2793 2045 2840 sua,

469 2871 795 2943 gravissima
845 2879 899 2926 et
939 2869 1328 2925 honestissima
1385 2877 1654 2935 matrona,
1698 2876 1810 2922 tum
1857 2868 2042 2923 tiliam.

2157 481 2214 536 Ὀ
2252 483 2382 545 παῖς
2422 480 2636 552 εἴρηται
2668 478 2766 548 μὲν
2804 477 2974 531 τελεῖν
3005 476 3062 529 ὲν
3084 471 3164 544 τῷ
3188 468 3450 542 ἱερατικῷ
3477 467 3717 537 τάγματι

2141 572 2239 637 τὰς
2255 571 2474 643 πρώτας
2491 571 2626 633 τέως
2643 564 2990 642 [ὑπηρεσίας]
3007 565 3115 618 τῶν
3139 563 3404 632 νεοχόρων
3420 559 3565 630 (lego
3583 575 3715 614 νεω-

2140 663 2320 734 κὸρων
2349 661 2797 732 πεπιστευμένος,
2835 658 2888 714 id
2929 661 3012 712 est
3037 669 3231 722 nempe
3259 651 3562 708 Theodulus
3599 660 3716 703 tuus

2139 753 2284 822 ﬁlius
2307 753 2503 807 dicitur
2529 750 2739 823 quidem
2765 748 3073 804 ministrare
3103 746 3158 800 in
3189 743 3372 798 ordine
3400 756 3574 806 sacro,
3600 756 3713 792 cum

2138 845 2242 914 ipsi
2303 843 2508 898 credita
2565 843 2674 897 sint
2722 842 2897 912 prima
2955 838 3139 893 munia
3208 835 3466 891 custodia:
3518 831 3714 902 templi.

2139 933 2417 1002 Νεωκόροι
2444 933 2586 1003 apud
2621 930 2870 986 ethnicos
2918 927 3126 990 redimi,
3183 922 3576 986 autaditimi,
3626 923 3715 991 qui

2138 1024 2333 1079 aedium
2387 1009 2671 1078 sacrarum
2705 1034 2892 1076 curam
2925 1016 3205 1088 gerebant,
3252 1013 3518 1068 verrendo
3575 1012 3714 1076 illas,

2138 1114 2521 1186 expurgando,
2571 1121 2627 1169 et
2675 1110 3024 1168 emundando
3052 1123 3118 1163 ac
3181 1105 3536 1170 exornando;
3596 1119 3716 1157 nam

2138 1208 2322 1278 κορεῖν
2371 1219 2479 1260 ιιοιι
2504 1213 2714 1260 tantum
2761 1200 3034 1272 signiﬁcat
3077 1212 3310 1260 verrere,
3346 1209 3411 1250 ac
3459 1195 3720 1248 mundare

2141 1299 2346 1366 scopis,
2380 1296 2521 1367 apud
2553 1294 2802 1362 Suidam,
2835 1290 3078 1348 Matthaei
3105 1304 3206 1355 xu,
3236 1287 3398 1343 Luca
3425 1302 3512 1349 xv,
3548 1285 3644 1340 sed
3667 1295 3720 1340 et

2140 1388 2444 1453 καλλύνειν,
2473 1387 2526 1442 id
2549 1395 2628 1441 est
2662 1399 2948 1455 exornare;
2983 1382 3095 1436 hoc
3134 1378 3357 1436 nomine
3384 1377 3719 1432 vocabantur

2139 1495 2168 1534 a
2207 1477 2453 1551 profanis
2479 1477 2556 1541 hi,
2607 1474 2809 1546 quibus
2842 1472 3154 1528 commissae
3183 1477 3340 1525 erant
3367 1467 3511 1523 aedes
3557 1466 3717 1521 etiam

2141 1588 2311 1628 sacrae
2335 1571 2404 1626 ab
2431 1570 2520 1624 his
2549 1567 2766 1633 habitae,
2796 1562 3190 1630 custodiendae;
3223 1570 3415 1616 auctor
3445 1568 3529 1614 est
3564 1558 3720 1613 scho-

2141 1664 2330 1719 liastes
2360 1659 2768 1731 Aristophanis.
2803 1655 3126 1712 Theocritus
3146 1651 3446 1725 νεωκορίαν
3476 1649 3722 1704 nominat

2146 1769 2348 1809 munus
2381 1753 2560 1822 ipsum
2595 1747 2804 1812 aeditui,
2836 1753 2932 1801 aut
2964 1743 3211 1805 aeditimi,
3243 1743 3310 1798 de
3353 1757 3465 1812 quo
3497 1739 3720 1795 Servius

2145 1842 2201 1896 in
2232 1839 2420 1910 Virgil.
2453 1837 2490 1892 Γ.
2518 1837 2644 1902 748,
2673 1836 2747 1889 illi
2777 1832 3038 1903 πυλωροὶ,
3070 1840 3123 1886 et
3147 1828 3520 1898 νεωφύλακες.
3548 1827 3602 1881 id
3640 1835 3721 1882 est

2147 1931 2355 1987 ostiarii
2379 1969 2394 1989 ,
2427 1927 2738 1998 templorum
2769 1921 3010 1977 custodes
3033 1937 3048 1988 ;
3075 1923 3147 1975 ita
3175 1928 3406 1974 testatur
3425 1917 3490 1973 Α.
3517 1917 3720 1973 Gellius

2145 2022 2239 2078 lib.
2269 2037 2346 2077 xu
2404 2019 2563 2085 Noct.
2601 2018 2825 2072 Atticor.
2863 2029 2912 2068 c.
2947 2011 3045 2078 14;
3083 2021 3136 2067 et
3163 2010 3426 2083 Θυρωροί,
3460 2009 3512 2064 id
3535 2017 3616 2065 est
3637 2009 3719 2078 ja-

2147 2115 2354 2169 nitores
2381 2112 2447 2166 ad
2475 2107 2798 2179 aperiendas
2847 2121 2903 2161 et
2928 2103 3259 2160 claudendas
3281 2102 3512 2172 januas,
3543 2110 3723 2170 porta-

2147 2206 2214 2262 rii
2238 2204 2595 2276 appellantur,
2625 2198 2695 2254 IV
2731 2198 2864 2269 Reg.
2896 2213 2994 2262 vn,
3027 2193 3130 2250 et-l
3156 2192 3341 2248 Paral.
3371 2209 3450 2259 ιι,
3485 2209 3574 2247 xvr
3623 2192 3720 2257 Ως

2145 2297 2276 2353 dicti
2321 2295 2563 2360 fuerunt,
2601 2301 2658 2348 et
2703 2290 2992 2362 πρόπυλοι,
3043 2287 3272 2344 deorum
3324 2287 3589 2352 cultores,
3635 2285 3721 2354 qni

2153 2385 2453 2442 tuebantur
2495 2383 2639 2438 aedes
2671 2395 2878 2446 sacras,
2914 2379 3172 2434 Turnebo
3200 2392 3250 2432 c.
3279 2376 3372 2439 2i,
3421 2376 3519 2430 lib.
3553 2392 3592 2441 ι,
3621 2371 3725 2430 Ad-

2148 2493 2378 2542 versar.,
2403 2473 2680 2545 Sophocli,
2728 2481 2789 2549 et.
2803 2469 3152 2540 Aristophani
3184 2468 3240 2522 in
3269 2467 3564 2536 Νεφέλαις,
3595 2474 3648 2520 et
3674 2465 3724 2518 in

2149 2567 2390 2638 Πλούτῳ,
2424 2580 2487 2620 ac
2524 2563 2818 2627 Herodoto,
2863 2560 3042 2626 servi,
3077 2558 3264 2613 famuli
3311 2557 3515 2628 templa
3545 2564 3724 2636 costo-

2148 2659 2378 2720 dientes,
2396 2655 2758 2718 imojancillae,
2778 2650 3225 2724 quaepraecedunt
3247 2649 3408 2704 heras
3431 2666 3448 2716 ;
3472 2632 3724 2701 nummus

2151 2758 2332 2804 exstat
2361 2747 2620 2803 Gordiani
2651 2747 2716 2800 A.
2749 2746 2803 2807 '5,
2837 2745 2925 2800 ubi
2952 2743 3151 2814 legitur
3183 2740 3488 2813 Σαρδιαὶων
3528 2737 3725 2791 νεωιὰυ

2151 2858 2260 2914 ρων
2289 2840 2430 2909 apud
2462 2837 2761 2909 Seguinum
2789 2852 2842 2906 p.
2869 2834 2961 2899 23,
2985 2835 3178 2890 Select.
3200 2835 3424 2898 κωπίω,
3449 2831 3502 2886 id
3518 2841 3604 2885 est
3629 2829 3724 2883 ad-

473 2921 662 3017 Iillonor
683 2959 1018 3032 praefectura?
1043 2968 1314 3015 maturam
1340 2967 1553 3014 aetatem
1583 2921 1917 3028 requirebat,
1947 2975 2048 3015 nec
2141 2935 2501 3032 ju‘O’E'EL‘E
2523 2931 2620 3032 ille
2647 2929 2782 3032 vui"
2816 2937 2870 3032 ef
2901 2941 3067 3032 βξηθῗ
3093 2925 3389 3032 θίξῆθηθπξο
3423 2921 3725 3032 illus‘risii‘

472 3063 800 3126 prznmatura
831 3069 1028 3109 venere
1061 3053 1408 3124 iuventutem,
1437 3054 1686 3108 enervari
1738 3053 2049 3123 reipublicae
2075 3071 2116 3128 ο

471 3148 752 3201 intererat.
799 3144 1134 3200 Ellluxerant
1170 3154 1376 3211 autem,
1407 3161 1528 3199 cum
1561 3146 1764 3216 ingruit
1795 3147 1882 3200 illa
1929 3163 2052 3215 pro-

472 3237 607 3292 cella
658 3236 992 3292 incursionis
1053 3236 1300 3290 Arabicae
1329 3234 1430 3288 sub
1493 3233 1800 3290 Theodosio
1853 3238 2049 3290 minori

471 3330 740 3400 Augusto,
778 3331 906 3384 anni
965 3345 993 3382 a
1041 3329 1260 3390 Christo
1293 3337 1419 3384 nato
1475 3327 1609 3394 M0;
1651 3345 1776 3383 nam
1833 3329 2052 3398 quando

471 3419 626 3477 Nilus
663 3437 772 3476 una
796 3437 920 3475 cum
958 3421 1067 3474 lilio
1097 3419 1618 3490 Theodulo,quietis
1655 3431 1932 3492 appetens,
1964 3421 2052 3476 Sim

473 3528 654 3566 narum
692 3521 930 3565 montem
976 3511 1128 3575 adiit,
1174 3526 1351 3567 annus
1380 3528 1410 3566 a
1435 3512 1654 3569 Christo
1704 3525 1832 3570 nato
1869 3513 2050 3568 elabe-

475 3604 636 3658 hatur
659 3601 795 3664 405,
831 3600 1268 3671 quinquennium
1303 3617 1498 3672 nempe
1546 3618 1721 3670 usque
1751 3602 1818 3656 ad
1846 3617 2049 3657 annum

473 3693 579 3749 MO
610 3693 860 3756 transiit;
887 3694 1206 3753 numerabat
1233 3710 1362 3750 vero
1396 3705 1526 3750 tunc
1565 3695 1718 3750 Nilus
1737 3697 1913 3752 aetatis
1939 3711 2053 3752 suae

473 3800 649 3841 annos
683 3785 1078 3855 quinquaginta
1114 3787 1232 3855 plus
1272 3787 1476 3841 minus.
1509 3786 1824 3841 Theodulus
1870 3797 2050 3842 autem

476 3875 832 3946 primigenius
865 3892 973 3932 non
1025 3877 1198 3933 solum
1239 3881 1396 3932 annis
1435 3887 1553 3932 erat
1585 3893 1692 3931 non
1751 3878 1908 3932 facile
1947 3879 2050 3932 nti-

477 3982 578 4020 nor
614 3967 946 4036 quindecim,
982 3979 1042 4022 ut
1070 3977 1226 4038 putat
1267 3969 1331 4022 lt.
1382 3967 1440 4020 P.
1483 3967 1745 4022 Pessinus
1790 3969 1842 4020 in
1895 3966 2049 4022 Notis

475 4057 543 4112 ad
572 4056 946 4124 Narrationes,
984 4077 1107 4132 pag.
1140 4059 1240 4115 167
1262 4101 1276 4123 .
1309 4075 1415 4130 quo
1445 4071 1688 4129 tempore
1722 4059 1823 4114 fuit
1864 4076 1892 4114 a
1921 4059 2052 4114 Bar-

476 4149 626 4204 haris
656 4161 871 4220 captus,
903 4166 1092 4206 verum
1119 4152 1358 4207 adultam
1386 4151 1576 4221 agebat
1605 4161 1814 4206 aetatem
1845 4152 2053 4208 exactis

475 4240 858 4297 adolescentiae
885 4243 1048 4298 anulis
1087 4243 1174 4308 i8,
1214 4253 1269 4298 et
1294 4244 1438 4312 quod
1467 4243 1728 4309 excurrit,
1757 4259 1951 4314 nempe
1984 4245 2051 4300 ad

475 4331 628 4387 illius
654 4331 862 4386 exitum
889 4332 1238 4402 properabat,
1291 4333 1750 4401 quemadmodum
1781 4332 1937 4388 Nilus
1965 4334 2054 4388 in-

474 4425 704 4492 ehearat
732 4426 1267 4495 quinquagesimum.
1299 4423 1558 4480 Horatius
1581 4425 1825 4494 profecto
1854 4425 2054 4481 dulcis-

477 4517 650 4572 simus
681 4527 838 4588 poeta
871 4517 1158 4586 pungebat,
1187 4516 1456 4586 integrum
1481 4531 1541 4571 se
1575 4517 1796 4572 laudare
1818 4517 2053 4573 formam

477 4605 824 4671 muliebrem,
854 4620 987 4659 cave
1011 4604 1266 4674 inquiens
1293 4605 1564 4674 suspicari

759 4737 938 4808 Cujus
967 4730 1206 4791 octauum
1239 4737 1518 4804 trepidavit
1547 4748 1679 4794 tetas

903 4807 1163 4864 Claudere
1197 4808 1455 4871 lustrum;

480 4960 632 5000 armo.
655 4943 856 5014 quippe
875 4942 1292 5013 quadragesimo
1317 4952 1654 4998 constantem
1675 4953 1913 5008 aetatem,
1943 4943 2056 4996 sive

482 5050 700 5112 gravem
729 5035 1038 5097 decurrere,
1057 5034 1404 5104 juvetiueqtte
1438 5035 1603 5088 robur
1635 5050 1852 5103 vergere
1887 5033 2057 5102 signi,-

483 5127 669 5187 ticans.
693 5126 772 5185 Ad
797 5126 1056 5202 oppidum
1081 5125 1276 5181 Sucam
1301 5125 1519 5196 quidem
1543 5125 2058 5192 cunt-pervenissent

484 5212 839 5281 liarbaquui
864 5224 1079 5283 captum
1108 5212 1448 5268 Theodulum
1484 5229 1677 5266 venum
1695 5211 2055 5281 exponebant,

485 5305 639 5374 isque
703 5302 1017 5373 redemptus
1073 5303 1212 5358 foret
1271 5295 1565 5375 aQuodam
1602 5304 1824 5357 tuiscrto
1887 5303 2059 5372 ipsius

484 5393 782 5458 mactandi,
815 5404 867 5448 et
902 5393 1276 5464 lacrymantis,
1311 5410 1612 5461 rursus;ue
1645 5394 1972 5458 divenditus,
2004 5397 2054 5448 in

487 5499 680 5534 manus
717 5484 910 5536 iterum
967 5486 1198 5540 ementis
1232 5485 1468 5554 episcopi
1502 5484 1680 5539 Elus:e
1734 5485 2055 5539 transiisset.

489 5570 585 5622 llic
619 5573 863 5636 antistes,
896 5584 1109 5642 captus,
1143 5577 1398 5643 pra-clara
1427 5577 1544 5644 ejus
1577 5577 1774 5637 indole,
1794 5591 1855 5629 ac
1891 5577 2058 5644 picta-

492 5671 594 5713 tezu
650 5663 1194 5727 expcrtugadhihuit
1246 5681 1368 5719 eum
1425 5666 1680 5722 Ecclesia:
1727 5669 2053 5734 ministrum,

2151 3023 2811 3097 musGGQFalconerius
2842 3022 2896 3075 in
2927 3017 3080 3075 Notis
3101 3017 3169 3072 ad
3200 3016 3581 3086 inscriptiones
3596 3013 3724 3068 Ath-

2153 3116 2364 3179 leticas,
2401 3131 2453 3184 p.
2492 3114 2581 3178 47,
2615 3112 2792 3182 arguit
2813 3105 3217 3178 Afgium,quod
3245 3105 3382 3159 νέων
3399 3104 3723 3176 προστασξαν

2152 3205 2372 3260 verterit
2403 3201 2728 3271 templorum
2767 3196 3164 3268 praefecturam,
3215 3211 3312 3250 seu
3353 3195 3720 3265 praesulatum,

2153 3313 2250 3366 pro
2277 3295 2433 3356 νέων,
2477 3293 2530 3346 id
2578 3299 2684 3356 est,
2723 3289 2984 3360 juvenum
3024 3286 3354 3357 principatu,
3392 3285 3538 3355 quod
3567 3273 3727 3338 recte

2154 3388 2326 3456 liquet
2345 3400 2376 3438 e
2397 3399 2620 3438 nummo
2641 3379 2828 3436 Severi
2846 3380 2910 3435 Α.
2931 3393 3096 3450 quem
3123 3392 3246 3432 mox
3269 3373 3499 3446 profert,
3529 3373 3618 3428 ubi
3646 3373 3720 3428 le-

2154 3478 2297 3547 gitur
2331 3473 2709 3543 Περγαμηνῶν
2743 3471 3026 3541 νεωκόρων
3066 3466 3366 3536 ἐπιστάτης
3392 3480 3442 3534 p.
3480 3463 3549 3518 48
3587 3472 3636 3516 et
3669 3477 3718 3530 p.

2153 3569 2242 3634 57,
2280 3583 2332 3637 p.
2390 3567 2492 3620 £05
2534 3575 2588 3620 et
2615 3579 2669 3634 p.
2718 3563 2840 3629 HI,
2874 3561 2966 3617 ubi
3015 3560 3202 3614 laudat
3243 3556 3450 3611 Alberti
3501 3551 3720 3608 Rubenii

2155 3659 2452 3714 Diatribam
2479 3659 2545 3713 de
2591 3656 2721 3712 Urb.
2754 3653 3033 3717 Neocoris,
3087 3649 3289 3704 Julium
3320 3647 3622 3701 Firmicum
3651 3642 3721 3695 De

2154 3771 2330 3808 errore
2374 3752 2566 3821 profan
2636 3749 2787 3818 relig.
2818 3757 2872 3802 ct
2919 3746 3183 3803 Actorum
3228 3740 3462 3812 apostol.
3512 3754 3564 3793 c.
3617 3753 3720 3800 xu,

2161 3844 2343 3912 ibique
2376 3839 2862 3911 Theophylactum,
2905 3837 2997 3906 qui
3031 3833 3299 3902 νεωκόρον
3345 3831 3722 3898 interpretatur

2159 3934 2480 4005 ἱερόδουλον.
2505 3931 2606 3984 Adi
2639 3940 2693 3985 et
2717 3927 3107 4000 Spanhcmium
3133 3925 3339 3980 cursim
3365 3938 3462 3976 eos
3493 3933 3724 3974 comme-

2156 4034 2482 4088 morantem,
2516 4023 2708 4092 p.507,
2743 4021 2814 4075 De
2845 4021 3098 4074 numism.

2226 4116 2334 4170 Est'
2375 4117 2430 4167 in
2470 4113 2706 4170 Ecclesia
2754 4110 3070 4166 ostiariatus
3095 4109 3230 4174 ordo
3280 4104 3423 4174 apud
3491 4103 3725 4165 Latinos,

2154 4207 2318 4275 cuius.
2341 4204 2396 4258 in
2426 4202 2663 4258 formula
2692 4217 2746 4270 p.
2787 4199 2848 4254 ιϐ
2874 4197 3210 4254 Pontiliralis
3244 4194 3504 4260 Romani,
3538 4204 3727 4247 munus

2154 4296 2498 4366 designatur,
2526 4291 2804 4362 aperiendi
2851 4288 3227 4343 materialibus
3269 4285 3516 4341 clavibus
3560 4284 3728 4338 eccle-

2089 4417 2131 4470 D
2161 4389 2298 4444 siam
2329 4397 2384 4443 et
2413 4387 2640 4446 ostiario
2686 4383 2976 4439 traduntur
3017 4381 3218 4445 claves,
3256 4394 3399 4448 quas
3427 4378 3567 4431 indit
3600 4377 3728 4430 seris

2160 4489 2464 4550 portarum,
2497 4491 2701 4547 easque
2731 4490 2858 4533 mox
2892 4475 3114 4529 obserat
3156 4481 3210 4528 et
3242 4481 3482 4535 reserat;
3512 4477 3728 4523 sanctus

2155 4572 2484 4630 Laurentius
2539 4570 2721 4634 levita,
2748 4584 2844 4623 seu
2867 4568 3128 4622 diaconus
3156 4563 3359 4635 gratias
3384 4562 3582 4632 agebat
3607 4559 3730 4622 Deo,

2157 4666 2285 4734 quia
2315 4665 2515 4734 januas
2548 4662 2670 4731 ejus
2711 4660 2918 4730 ingredi
2965 4666 3272 4722 meruerat;
3325 4655 3470 4724 apud
3519 4653 3730 4706 (ir-meos

2155 4759 2318 4811 etiam
2349 4757 2617 4810 exclamat
2638 4753 2902 4808 diaconus
2924 4750 3322 4822 ούρας,ούρας,
3341 4749 3393 4802 id
3417 4754 3523 4810 est,
3557 4755 3732 4814 portas

2155 4862 2360 4914 portas,
2383 4845 2655 4902 obseratis
2690 4843 2832 4904 illas,
2857 4856 2926 4896 ne
2947 4841 3071 4909 quis
3105 4838 3336 4893 infidelis
3361 4840 3638 4900 introeat;
3672 4834 3733 4886 ιι.

2155 4938 2218 4993 Ρ.
2249 4937 2410 4990 Goar.
2453 4934 2570 4988 0rd.
2613 4933 2787 4988 sancti
2822 4930 3087 4992 Dominici
3139 4930 3192 4982 in
3234 4926 3535 4995 Euchelog.
3575 4925 3735 4981 variis

2159 5034 2482 5093 lectionibus
2506 5033 2752 5093 adnotat,
2776 5045 2827 5099 p.
2855 5029 2985 5089 248.
3033 5027 3443 5094 arbitraturque
3493 5023 3732 5078 Graecam

2160 5123 2460 5182 Ecclesiam
2497 5121 2754 5175 habuisse
2783 5116 3065 5178 utoflicia,
3100 5114 3470 5174 ostiariatum,
3526 5111 3734 5165 exorci-

2160 5226 2384 5279 statum,
2410 5222 2464 5268 et
2487 5213 2875 5283 acolythatum,
2905 5208 3246 5276 indicat-ique
3271 5222 3302 5258 a
3333 5213 3529 5258 sancto
3549 5203 3734 5269 Diony-

2159 5309 2242 5362 sio
2265 5306 2610 5374 Areopagita,
2640 5320 2688 5358 c.
2715 5304 2748 5356 5
2778 5300 3058 5356 llierarch.
3097 5297 3308 5359 eccles.,
3337 5305 3537 5354 sancto
3590 5294 3734 5362 lgna-

2162 5400 2236 5452 tio
2272 5401 2332 5454 in.
2358 5398 2591 5466 Epistula
2619 5397 2685 5449 ad
2719 5394 3076 5451 Antiochen.;
3111 5401 3164 5445 et
3212 5399 3404 5443 saneto
3436 5384 3736 5455 Epiphanio

2161 5494 2218 5544 ἐν
2244 5492 2492 5558 συντόμῳ
2520 5487 2708 5554 ἁληθεῖ
2736 5487 2879 5554 λόγῳ
2908 5502 2958 5554 p.
2989 5483 3112 5545 465,
3147 5483 3235 5536 ubi
3267 5488 3426 5534 vocat
3459 5477 3733 5546 θυρωροὺς

2161 5593 2212 5638 et
2243 5583 2429 5636 Patres
2444 5579 2660 5634 concilii
2691 5576 3002 5639 Laudiceni,
3021 5593 3070 5630 e.
3097 5575 3180 5636 Μ,
3197 5588 3336 5628 sess.
3361 5571 3448 5635 l5,
3465 5579 3731 5627 cantores,

2165 5691 2259 5730 seu
2291 5673 2604 5735 κακονικοὺς
2636 5669 2864 5738 dahae,
2901 5684 2962 5724 ac
2996 5669 3063 5722 ab
3104 5665 3337 5722 Eusebio
3366 5666 3532 5721 etiam
3561 5663 3653 5717 lib.
3687 5677 3735 5715 vi
